  <div class='ocr_page' id='page_1' title='image "/cluster/home/n/w/nwhite01/storage/ocr_20150623/42/nnc1.0046978682/214.png"; bbox 0 0 4134 6386; ppageno 0'>
   <div class='ocr_carea' id='block_1_1' title="bbox 379 320 484 376">
    <p class='ocr_par' dir='ltr' id='par_1_1' title="bbox 379 320 484 376">
     <span class='ocr_line' id='line_1_1' title="bbox 379 320 484 376; baseline -0.029 0"><span class='ocrx_word' id='word_1_1' title='bbox 379 320 484 376; x_wconf 76' lang='lat'><strong>577</strong></span> 
     </span>
    </p>
   </div>
   <div class='ocr_carea' id='block_1_2' title="bbox 1029 314 1955 377">
    <p class='ocr_par' dir='ltr' id='par_1_2' title="bbox 1029 318 1941 377">
     <span class='ocr_line' id='line_1_2' title="bbox 1029 318 1941 377; baseline 0 -1"><span class='ocrx_word' id='word_1_2' title='bbox 1029 318 1396 377; x_wconf 79' lang='lat' dir='ltr'><strong>ADVERSUS</strong></span> <span class='ocrx_word' id='word_1_3' title='bbox 1436 319 1779 376; x_wconf 62' lang='lat' dir='ltr'><strong>llrEﬂESES</strong></span> <span class='ocrx_word' id='word_1_4' title='bbox 1816 319 1941 377; x_wconf 87' lang='lat' dir='ltr'><strong>LIB.</strong></span> 
     </span>
    </p>
   </div>
   <div class='ocr_carea' id='block_1_3' title="bbox 2057 314 3033 377">
    <p class='ocr_par' dir='ltr' id='par_1_3' title="bbox 2057 314 3033 376">
     <span class='ocr_line' id='line_1_3' title="bbox 2057 314 3033 376; baseline -0.008 0"><span class='ocrx_word' id='word_1_5' title='bbox 2057 321 2080 376; x_wconf 85' lang='grc'>’.</span> <span class='ocrx_word' id='word_1_6' title='bbox 2141 320 2304 376; x_wconf 77' lang='lat' dir='ltr'><strong>TOM.</strong></span> <span class='ocrx_word' id='word_1_7' title='bbox 2346 318 2385 374; x_wconf 88' lang='lat' dir='ltr'><strong>i.</strong></span> <span class='ocrx_word' id='word_1_8' title='bbox 2425 351 2494 360; x_wconf 89' lang='lat'><strong>—</strong></span> <span class='ocrx_word' id='word_1_9' title='bbox 2533 318 2805 374; x_wconf 62' lang='lat' dir='ltr'><strong>HASRES.</strong></span> <span class='ocrx_word' id='word_1_10' title='bbox 2848 314 3033 371; x_wconf 71' lang='lat' dir='ltr'><strong>LXXI.</strong></span> 
     </span>
    </p>
   </div>
   <div class='ocr_carea' id='block_1_4' title="bbox 3528 306 3638 365">
    <p class='ocr_par' dir='ltr' id='par_1_4' title="bbox 3528 306 3638 365">
     <span class='ocr_line' id='line_1_4' title="bbox 3528 306 3638 365; baseline -0.009 -1"><span class='ocrx_word' id='word_1_11' title='bbox 3528 306 3638 365; x_wconf 80' lang='lat'><strong>578</strong></span> 
     </span>
    </p>
   </div>
   <div class='ocr_carea' id='block_1_5' title="bbox 377 431 1955 513">
    <p class='ocr_par' dir='ltr' id='par_1_5' title="bbox 377 438 1955 513">
     <span class='ocr_line' id='line_1_5' title="bbox 377 438 1955 513; baseline 0.001 -19"><span class='ocrx_word' id='word_1_12' title='bbox 377 438 473 509; x_wconf 77' lang='grc' dir='ltr'>τρι</span> <span class='ocrx_word' id='word_1_13' title='bbox 487 455 501 468; x_wconf 74' lang='grc'><strong>⁸</strong></span> <span class='ocrx_word' id='word_1_14' title='bbox 528 456 547 489; x_wconf 78' lang='grc' dir='ltr'><strong>ι</strong></span> <span class='ocrx_word' id='word_1_15' title='bbox 581 440 610 493; x_wconf 89' lang='lat'><strong>6</strong></span> <span class='ocrx_word' id='word_1_16' title='bbox 632 439 899 503; x_wconf 72' lang='grc' dir='ltr'>Φωτεινὸς</span> <span class='ocrx_word' id='word_1_17' title='bbox 927 439 1027 511; x_wconf 79' lang='grc' dir='ltr'>μὲν</span> <span class='ocrx_word' id='word_1_18' title='bbox 1054 441 1146 494; x_wconf 81' lang='grc' dir='ltr'>τὸν</span> <span class='ocrx_word' id='word_1_19' title='bbox 1186 441 1344 509; x_wconf 86' lang='grc' dir='ltr'>λόγον</span> <span class='ocrx_word' id='word_1_20' title='bbox 1370 441 1606 510; x_wconf 75' lang='grc' dir='ltr'>ἐδέχετο,</span> <span class='ocrx_word' id='word_1_21' title='bbox 1632 441 1701 495; x_wconf 74' lang='grc' dir='ltr'>τὰ</span> <span class='ocrx_word' id='word_1_22' title='bbox 1742 442 1842 513; x_wconf 80' lang='grc' dir='ltr'>μὲν</span> <span class='ocrx_word' id='word_1_23' title='bbox 1878 445 1955 509; x_wconf 81' lang='grc' dir='ltr'><strong>είς</strong></span> 
     </span>
    </p>
   </div>
   <div class='ocr_carea' id='block_1_6' title="bbox 2057 431 3638 513">
    <p class='ocr_par' dir='ltr' id='par_1_6' title="bbox 2060 431 3638 504">
     <span class='ocr_line' id='line_1_6' title="bbox 2060 431 3638 504; baseline -0.006 -7"><span class='ocrx_word' id='word_1_24' title='bbox 2060 457 2185 497; x_wconf 89' lang='lat' dir='ltr'><strong>cum</strong></span> <span class='ocrx_word' id='word_1_25' title='bbox 2219 441 2376 497; x_wconf 86' lang='lat' dir='ltr'><strong>Patre</strong></span> <span class='ocrx_word' id='word_1_26' title='bbox 2405 441 2593 504; x_wconf 88' lang='lat' dir='ltr'><strong>fuisse,</strong></span> <span class='ocrx_word' id='word_1_27' title='bbox 2624 459 2639 492; x_wconf 89' lang='grc'>›</span> <span class='ocrx_word' id='word_1_28' title='bbox 2677 437 2944 495; x_wconf 78' lang='lat' dir='ltr'><strong>Photinus</strong></span> <span class='ocrx_word' id='word_1_29' title='bbox 2994 433 3236 489; x_wconf 84' lang='lat' dir='ltr'><strong>adhibita</strong></span> <span class='ocrx_word' id='word_1_30' title='bbox 3287 431 3638 489; x_wconf 74' lang='lat' dir='ltr'><strong>distinctione</strong></span> 
     </span>
    </p>
   </div>
   <div class='ocr_carea' id='block_1_7' title="bbox 378 529 1962 602">
    <p class='ocr_par' dir='ltr' id='par_1_7' title="bbox 378 529 1962 602">
     <span class='ocr_line' id='line_1_7' title="bbox 378 529 1962 602; baseline 0.003 -18"><span class='ocrx_word' id='word_1_31' title='bbox 378 529 617 602; x_wconf 81' lang='grc' dir='ltr'>Χριστὸν</span> <span class='ocrx_word' id='word_1_32' title='bbox 644 535 745 600; x_wconf 78' lang='grc' dir='ltr'>τὴν</span> <span class='ocrx_word' id='word_1_33' title='bbox 768 531 1034 601; x_wconf 79' lang='grc' dir='ltr'><strong>διαίρεσιν</strong></span> <span class='ocrx_word' id='word_1_34' title='bbox 1073 532 1431 602; x_wconf 77' lang='grc' dir='ltr'><strong>προσάπτων,</strong></span> <span class='ocrx_word' id='word_1_35' title='bbox 1457 533 1527 587; x_wconf 77' lang='grc' dir='ltr'><strong>τά</strong></span> <span class='ocrx_word' id='word_1_36' title='bbox 1556 532 1614 586; x_wconf 85' lang='grc' dir='ltr'><strong>δὲ</strong></span> <span class='ocrx_word' id='word_1_37' title='bbox 1645 535 1725 594; x_wconf 81' lang='grc' dir='ltr'><strong>είς</strong></span> <span class='ocrx_word' id='word_1_38' title='bbox 1753 532 1845 587; x_wconf 82' lang='grc' dir='ltr'>τὸν</span> <span class='ocrx_word' id='word_1_39' title='bbox 1866 533 1962 589; x_wconf 84' lang='grc' dir='ltr'>Λό-</span> 
     </span>
    </p>
   </div>
   <div class='ocr_carea' id='block_1_8' title="bbox 380 622 1962 694">
    <p class='ocr_par' dir='ltr' id='par_1_8' title="bbox 380 622 1962 694">
     <span class='ocr_line' id='line_1_8' title="bbox 380 622 1962 694; baseline -0.001 -19"><span class='ocrx_word' id='word_1_40' title='bbox 380 637 478 689; x_wconf 85' lang='grc' dir='ltr'><strong>γον</strong></span> <span class='ocrx_word' id='word_1_41' title='bbox 522 622 784 676; x_wconf 82' lang='grc' dir='ltr'><strong>ἀνωτάτω</strong></span> <span class='ocrx_word' id='word_1_42' title='bbox 824 623 1257 693; x_wconf 86' lang='grc' dir='ltr'>ἀναλογούμενα.</span> <span class='ocrx_word' id='word_1_43' title='bbox 1296 622 1368 676; x_wconf 86' lang='grc' dir='ltr'><strong>Τὸ</strong></span> <span class='ocrx_word' id='word_1_44' title='bbox 1418 622 1524 694; x_wconf 82' lang='grc' dir='ltr'>γὰρ</span> <span class='ocrx_word' id='word_1_45' title='bbox 1550 664 1565 688; x_wconf 91' lang='grc'><strong>,</strong></span> <span class='ocrx_word' id='word_1_46' title='bbox 1608 622 1962 691; x_wconf 71' lang='grc' dir='ltr'><strong>Ποιήσωμεν</strong></span> 
     </span>
    </p>
   </div>
   <div class='ocr_carea' id='block_1_9' title="bbox 381 708 1962 781">
    <p class='ocr_par' dir='ltr' id='par_1_9' title="bbox 381 708 1962 781">
     <span class='ocr_line' id='line_1_9' title="bbox 381 708 1962 781; baseline 0.001 -17"><span class='ocrx_word' id='word_1_47' title='bbox 381 708 698 779; x_wconf 74' lang='grc' dir='ltr'>ἄνθρωπον</span> <span class='ocrx_word' id='word_1_48' title='bbox 731 712 857 765; x_wconf 77' lang='grc' dir='ltr'>κατ’</span> <span class='ocrx_word' id='word_1_49' title='bbox 887 713 1093 766; x_wconf 75' lang='grc' dir='ltr'>είκόνα</span> <span class='ocrx_word' id='word_1_50' title='bbox 1124 714 1418 781; x_wconf 74' lang='grc' dir='ltr'><strong>ἡμετέραν</strong></span> <span class='ocrx_word' id='word_1_51' title='bbox 1458 712 1559 768; x_wconf 77' lang='grc' dir='ltr'>καὶ</span> <span class='ocrx_word' id='word_1_52' title='bbox 1587 712 1717 767; x_wconf 82' lang='grc' dir='ltr'>καθ’</span> <span class='ocrx_word' id='word_1_53' title='bbox 1752 711 1962 781; x_wconf 78' lang='grc' dir='ltr'>ὁμοίω-</span> 
     </span>
    </p>
   </div>
   <div class='ocr_carea' id='block_1_10' title="bbox 381 801 1961 873">
    <p class='ocr_par' dir='ltr' id='par_1_10' title="bbox 381 801 1961 873">
     <span class='ocr_line' id='line_1_10' title="bbox 381 801 1961 873; baseline -0.001 -18"><span class='ocrx_word' id='word_1_54' title='bbox 381 816 508 866; x_wconf 75' lang='grc' dir='ltr'>σιν,</span> <span class='ocrx_word' id='word_1_55' title='bbox 554 802 635 871; x_wconf 85' lang='grc' dir='ltr'><strong>τῷ</strong></span> <span class='ocrx_word' id='word_1_56' title='bbox 676 802 837 872; x_wconf 85' lang='grc' dir='ltr'><strong>Λόγῳ</strong></span> <span class='ocrx_word' id='word_1_57' title='bbox 872 802 1091 866; x_wconf 76' lang='grc' dir='ltr'>ἑαυτοῦ,</span> <span class='ocrx_word' id='word_1_58' title='bbox 1145 803 1333 873; x_wconf 76' lang='grc' dir='ltr'>φησὶν,</span> <span class='ocrx_word' id='word_1_59' title='bbox 1365 805 1394 856; x_wconf 97' lang='lat'><strong>6</strong></span> <span class='ocrx_word' id='word_1_60' title='bbox 1423 802 1614 873; x_wconf 78' lang='grc' dir='ltr'>Πατὴρ</span> <span class='ocrx_word' id='word_1_61' title='bbox 1643 801 1855 873; x_wconf 75' lang='grc' dir='ltr'>εἴρηκε.</span> <span class='ocrx_word' id='word_1_62' title='bbox 1895 801 1961 855; x_wconf 86' lang='grc' dir='ltr'>Τί</span> 
     </span>
    </p>
   </div>
   <div class='ocr_carea' id='block_1_11' title="bbox 382 887 1961 965">
    <p class='ocr_par' dir='ltr' id='par_1_11' title="bbox 382 887 1961 965">
     <span class='ocr_line' id='line_1_11' title="bbox 382 887 1961 965; baseline 0.001 -20"><span class='ocrx_word' id='word_1_63' title='bbox 382 887 515 956; x_wconf 82' lang='grc' dir='ltr'>οὗν;</span> <span class='ocrx_word' id='word_1_64' title='bbox 543 894 572 944; x_wconf 91' lang='lat'><strong>6</strong></span> <span class='ocrx_word' id='word_1_65' title='bbox 595 894 766 961; x_wconf 82' lang='grc' dir='ltr'>Λόγος</span> <span class='ocrx_word' id='word_1_66' title='bbox 812 896 870 947; x_wconf 76' lang='grc' dir='ltr'>ἐν</span> <span class='ocrx_word' id='word_1_67' title='bbox 912 893 990 964; x_wconf 84' lang='grc' dir='ltr'>τῷ</span> <span class='ocrx_word' id='word_1_68' title='bbox 1036 894 1243 965; x_wconf 74' lang='grc' dir='ltr'>Πατρὶ,</span> <span class='ocrx_word' id='word_1_69' title='bbox 1273 896 1458 965; x_wconf 79' lang='grc' dir='ltr'>φησὶν,</span> <span class='ocrx_word' id='word_1_70' title='bbox 1485 890 1585 965; x_wconf 82' lang='grc' dir='ltr'>ἦν,</span> <span class='ocrx_word' id='word_1_71' title='bbox 1623 894 1737 947; x_wconf 86' lang='grc' dir='ltr'>ἀλλ’</span> <span class='ocrx_word' id='word_1_72' title='bbox 1765 894 1867 947; x_wconf 80' lang='grc' dir='ltr'>οὐκ</span> <span class='ocrx_word' id='word_1_73' title='bbox 1892 888 1961 965; x_wconf 80' lang='grc' dir='ltr'>ἦν</span> 
     </span>
    </p>
   </div>
   <div class='ocr_carea' id='block_1_12' title="bbox 385 983 1963 1057">
    <p class='ocr_par' dir='ltr' id='par_1_12' title="bbox 385 983 1963 1057">
     <span class='ocr_line' id='line_1_12' title="bbox 385 983 1963 1057; baseline 0 -20"><span class='ocrx_word' id='word_1_74' title='bbox 385 983 533 1047; x_wconf 85' lang='grc' dir='ltr'>Υίός.</span> <span class='ocrx_word' id='word_1_75' title='bbox 563 986 692 1047; x_wconf 78' lang='grc' dir='ltr'>Καὶ,</span> <span class='ocrx_word' id='word_1_76' title='bbox 723 984 964 1053; x_wconf 81' lang='grc' dir='ltr'>Ἔϐρεξε</span> <span class='ocrx_word' id='word_1_77' title='bbox 988 986 1205 1057; x_wconf 81' lang='grc' dir='ltr'>Κύριος</span> <span class='ocrx_word' id='word_1_78' title='bbox 1234 987 1396 1054; x_wconf 73' lang='grc' dir='ltr'>παρὰ</span> <span class='ocrx_word' id='word_1_79' title='bbox 1421 986 1664 1054; x_wconf 84' lang='grc' dir='ltr'><strong>Κυρίου,</strong></span> <span class='ocrx_word' id='word_1_80' title='bbox 1695 987 1753 1039; x_wconf 76' lang='grc' dir='ltr'>ὲν</span> <span class='ocrx_word' id='word_1_81' title='bbox 1785 985 1963 1056; x_wconf 55' lang='grc' dir='ltr'><strong>Πατρν⁸</strong></span> 
     </span>
    </p>
   </div>
   <div class='ocr_carea' id='block_1_13' title="bbox 382 1069 1963 1145">
    <p class='ocr_par' dir='ltr' id='par_1_13' title="bbox 382 1069 1963 1145">
     <span class='ocr_line' id='line_1_13' title="bbox 382 1069 1963 1145; baseline 0.001 -18"><span class='ocrx_word' id='word_1_82' title='bbox 382 1070 463 1127; x_wconf 78' lang='grc' dir='ltr'><strong>ὢν</strong></span> <span class='ocrx_word' id='word_1_83' title='bbox 493 1075 522 1128; x_wconf 89' lang='lat'><strong>6</strong></span> <span class='ocrx_word' id='word_1_84' title='bbox 548 1075 740 1143; x_wconf 87' lang='grc' dir='ltr'>Λόγος.</span> <span class='ocrx_word' id='word_1_85' title='bbox 768 1075 878 1129; x_wconf 77' lang='grc' dir='ltr'><strong>Καὶ</strong></span> <span class='ocrx_word' id='word_1_86' title='bbox 896 1114 912 1139; x_wconf 91' lang='grc'><strong>,</strong></span> <span class='ocrx_word' id='word_1_87' title='bbox 946 1069 1150 1138; x_wconf 77' lang='grc' dir='ltr'>Εἶδον,</span> <span class='ocrx_word' id='word_1_88' title='bbox 1181 1074 1315 1145; x_wconf 79' lang='grc' dir='ltr'>φησὶ</span> <span class='ocrx_word' id='word_1_89' title='bbox 1339 1114 1355 1139; x_wconf 90' lang='grc'><strong>,</strong></span> <span class='ocrx_word' id='word_1_90' title='bbox 1382 1075 1818 1145; x_wconf 76' lang='grc' dir='ltr'><strong>κατερχόμενον</strong></span> <span class='ocrx_word' id='word_1_91' title='bbox 1858 1075 1963 1128; x_wconf 78' lang='grc' dir='ltr'><strong>ἑπ-</strong></span> 
     </span>
    </p>
   </div>
   <div class='ocr_carea' id='block_1_14' title="bbox 384 1165 1959 1238">
    <p class='ocr_par' dir='ltr' id='par_1_14' title="bbox 384 1165 1959 1238">
     <span class='ocr_line' id='line_1_14' title="bbox 384 1165 1959 1238; baseline -0.001 -18"><span class='ocrx_word' id='word_1_92' title='bbox 384 1165 507 1220; x_wconf 67' lang='lat' dir='ltr'><strong>timo</strong></span> <span class='ocrx_word' id='word_1_93' title='bbox 550 1166 671 1220; x_wconf 83' lang='grc' dir='ltr'>τῶν</span> <span class='ocrx_word' id='word_1_94' title='bbox 714 1166 1007 1238; x_wconf 69' lang='grc' dir='ltr'>νεφελῶν,</span> <span class='ocrx_word' id='word_1_95' title='bbox 1050 1167 1132 1234; x_wconf 76' lang='grc' dir='ltr'>ὡς</span> <span class='ocrx_word' id='word_1_96' title='bbox 1189 1166 1326 1221; x_wconf 76' lang='grc' dir='ltr'><strong>Υὶόν</strong></span> <span class='ocrx_word' id='word_1_97' title='bbox 1365 1165 1679 1234; x_wconf 78' lang='grc' dir='ltr'>ἀνθρώπου</span> <span class='ocrx_word' id='word_1_98' title='bbox 1701 1182 1716 1198; x_wconf 77' lang='grc'><strong><em>⁸</em></strong></span> <span class='ocrx_word' id='word_1_99' title='bbox 1767 1165 1926 1220; x_wconf 83' lang='grc' dir='ltr'>τοῦτο</span> <span class='ocrx_word' id='word_1_100' title='bbox 1944 1206 1959 1229; x_wconf 92' lang='grc'><strong>,</strong></span> 
     </span>
    </p>
   </div>
   <div class='ocr_carea' id='block_1_15' title="bbox 276 1255 1960 1328">
    <p class='ocr_par' dir='ltr' id='par_1_15' title="bbox 276 1255 1960 1328">
     <span class='ocr_line' id='line_1_15' title="bbox 276 1255 1960 1328; baseline -0.001 -19"><span class='ocrx_word' id='word_1_101' title='bbox 276 1316 281 1323; x_wconf 32' lang='grc' dir='ltr'><em>ρ</em></span> <span class='ocrx_word' id='word_1_102' title='bbox 385 1256 555 1327; x_wconf 80' lang='grc' dir='ltr'>φησὶ,</span> <span class='ocrx_word' id='word_1_103' title='bbox 587 1256 1141 1328; x_wconf 76' lang='grc' dir='ltr'>προκαταγγελτικῶς</span> <span class='ocrx_word' id='word_1_104' title='bbox 1171 1257 1378 1325; x_wconf 82' lang='grc' dir='ltr'>ἔλεγεν,</span> <span class='ocrx_word' id='word_1_105' title='bbox 1430 1257 1530 1327; x_wconf 82' lang='grc' dir='ltr'>οὐχ</span> <span class='ocrx_word' id='word_1_106' title='bbox 1574 1256 1652 1320; x_wconf 85' lang='grc' dir='ltr'><strong>ὡς</strong></span> <span class='ocrx_word' id='word_1_107' title='bbox 1694 1255 1790 1313; x_wconf 78' lang='grc' dir='ltr'><strong>τοῦ</strong></span> <span class='ocrx_word' id='word_1_108' title='bbox 1829 1255 1960 1309; x_wconf 82' lang='grc' dir='ltr'>Υίοῦ</span> 
     </span>
    </p>
   </div>
   <div class='ocr_carea' id='block_1_16' title="bbox 306 1653 361 1761">
    <p class='ocr_par' dir='ltr' id='par_1_16' title="bbox 306 1653 361 1761">
     <span class='ocr_line' id='line_1_16' title="bbox 306 1653 361 1761; baseline 0 0"><span class='ocrx_word' id='word_1_109' title='bbox 306 1653 361 1761; x_wconf 64' lang='grc' dir='ltr'><strong>ς</strong></span> 
     </span>
    </p>
   </div>
   <div class='ocr_carea' id='block_1_17' title="bbox 384 1346 1963 1419">
    <p class='ocr_par' dir='ltr' id='par_1_17' title="bbox 384 1346 1963 1419">
     <span class='ocr_line' id='line_1_17' title="bbox 384 1346 1963 1419; baseline -0.001 -17"><span class='ocrx_word' id='word_1_110' title='bbox 384 1348 745 1419; x_wconf 81' lang='grc' dir='ltr'>ὑπάρχοντος,</span> <span class='ocrx_word' id='word_1_111' title='bbox 773 1348 909 1405; x_wconf 86' lang='grc' dir='ltr'><strong>ἀλλά</strong></span> <span class='ocrx_word' id='word_1_112' title='bbox 932 1348 997 1419; x_wconf 84' lang='grc' dir='ltr'><strong>δὴ</strong></span> <span class='ocrx_word' id='word_1_113' title='bbox 1027 1348 1055 1402; x_wconf 82' lang='lat'><strong>6</strong></span> <span class='ocrx_word' id='word_1_114' title='bbox 1082 1347 1306 1419; x_wconf 79' lang='grc' dir='ltr'>ἔμελλεν</span> <span class='ocrx_word' id='word_1_115' title='bbox 1337 1347 1465 1413; x_wconf 81' lang='grc' dir='ltr'><strong>Υἱὸς</strong></span> <span class='ocrx_word' id='word_1_116' title='bbox 1510 1346 1793 1407; x_wconf 81' lang='grc' dir='ltr'>καλεῖσθαι</span> <span class='ocrx_word' id='word_1_117' title='bbox 1826 1347 1963 1419; x_wconf 75' lang='grc' dir='ltr'>μετὰ</span> 
     </span>
    </p>
   </div>
   <div class='ocr_carea' id='block_1_18' title="bbox 382 1439 1963 1515">
    <p class='ocr_par' dir='ltr' id='par_1_18' title="bbox 382 1439 1963 1515">
     <span class='ocr_line' id='line_1_18' title="bbox 382 1439 1963 1515; baseline -0.001 -22"><span class='ocrx_word' id='word_1_118' title='bbox 382 1441 483 1512; x_wconf 78' lang='grc' dir='ltr'>τὴν</span> <span class='ocrx_word' id='word_1_119' title='bbox 506 1441 722 1512; x_wconf 83' lang='grc' dir='ltr'>Μαρίαν</span> <span class='ocrx_word' id='word_1_120' title='bbox 739 1483 752 1501; x_wconf 84' lang='grc'><strong>.</strong></span> <span class='ocrx_word' id='word_1_121' title='bbox 780 1440 876 1495; x_wconf 72' lang='grc' dir='ltr'>καὶ</span> <span class='ocrx_word' id='word_1_122' title='bbox 902 1441 1024 1495; x_wconf 78' lang='grc' dir='ltr'>ἀντὶ</span> <span class='ocrx_word' id='word_1_123' title='bbox 1050 1440 1150 1511; x_wconf 84' lang='grc' dir='ltr'>τῆς</span> <span class='ocrx_word' id='word_1_124' title='bbox 1190 1441 1391 1512; x_wconf 73' lang='grc' dir='ltr'>σαρκὸς</span> <span class='ocrx_word' id='word_1_125' title='bbox 1422 1440 1651 1503; x_wconf 83' lang='grc' dir='ltr'><strong>ἀνιέναι,</strong></span> <span class='ocrx_word' id='word_1_126' title='bbox 1683 1439 1963 1515; x_wconf 77' lang='grc' dir='ltr'>γεννηθεὶς</span> 
     </span>
    </p>
   </div>
   <div class='ocr_carea' id='block_1_19' title="bbox 382 1529 1958 1601">
    <p class='ocr_par' dir='ltr' id='par_1_19' title="bbox 382 1529 1958 1601">
     <span class='ocr_line' id='line_1_19' title="bbox 382 1529 1958 1601; baseline 0 -19"><span class='ocrx_word' id='word_1_127' title='bbox 382 1530 414 1582; x_wconf 90' lang='lat'><strong>6</strong></span> <span class='ocrx_word' id='word_1_128' title='bbox 455 1529 688 1599; x_wconf 83' lang='grc' dir='ltr'>Χριστὸς</span> <span class='ocrx_word' id='word_1_129' title='bbox 732 1532 798 1583; x_wconf 82' lang='grc' dir='ltr'>ὲκ</span> <span class='ocrx_word' id='word_1_130' title='bbox 842 1529 1157 1601; x_wconf 84' lang='grc' dir='ltr'>Πνεύματος</span> <span class='ocrx_word' id='word_1_131' title='bbox 1200 1531 1364 1599; x_wconf 81' lang='grc' dir='ltr'><strong>ἁγίου</strong></span> <span class='ocrx_word' id='word_1_132' title='bbox 1407 1530 1499 1585; x_wconf 79' lang='grc' dir='ltr'>καὶ</span> <span class='ocrx_word' id='word_1_133' title='bbox 1544 1529 1653 1583; x_wconf 84' lang='grc' dir='ltr'>ἀπὸ</span> <span class='ocrx_word' id='word_1_134' title='bbox 1699 1529 1915 1601; x_wconf 72' lang='grc' dir='ltr'>Μαρίας</span> <span class='ocrx_word' id='word_1_135' title='bbox 1944 1569 1958 1590; x_wconf 85' lang='grc'><strong>.</strong></span> 
     </span>
    </p>
   </div>
   <div class='ocr_carea' id='block_1_20' title="bbox 384 1620 1963 1693">
    <p class='ocr_par' dir='ltr' id='par_1_20' title="bbox 384 1620 1963 1693">
     <span class='ocr_line' id='line_1_20' title="bbox 384 1620 1963 1693; baseline 0.001 -21"><span class='ocrx_word' id='word_1_136' title='bbox 384 1621 835 1691; x_wconf 84' lang='grc' dir='ltr'>προχρηστικῶς,</span> <span class='ocrx_word' id='word_1_137' title='bbox 875 1620 1038 1692; x_wconf 74' lang='grc' dir='ltr'>φησὶ,</span> <span class='ocrx_word' id='word_1_138' title='bbox 1067 1620 1137 1674; x_wconf 81' lang='grc' dir='ltr'><strong>τά</strong></span> <span class='ocrx_word' id='word_1_139' title='bbox 1179 1621 1361 1677; x_wconf 89' lang='grc' dir='ltr'>πάντα</span> <span class='ocrx_word' id='word_1_140' title='bbox 1394 1620 1726 1693; x_wconf 87' lang='grc' dir='ltr'>ἀναφέρεται</span> <span class='ocrx_word' id='word_1_141' title='bbox 1755 1621 1838 1683; x_wconf 81' lang='grc' dir='ltr'><strong>είς</strong></span> <span class='ocrx_word' id='word_1_142' title='bbox 1866 1621 1963 1673; x_wconf 83' lang='grc' dir='ltr'><strong>αὐ-</strong></span> 
     </span>
    </p>
   </div>
   <div class='ocr_carea' id='block_1_21' title="bbox 2062 522 3634 601">
    <p class='ocr_par' dir='ltr' id='par_1_21' title="bbox 2062 522 3634 601">
     <span class='ocr_line' id='line_1_21' title="bbox 2062 522 3634 601; baseline -0.008 -16"><span class='ocrx_word' id='word_1_143' title='bbox 2062 531 2137 587; x_wconf 86' lang='lat' dir='ltr'><strong>ita</strong></span> <span class='ocrx_word' id='word_1_144' title='bbox 2161 534 2306 601; x_wconf 86' lang='lat' dir='ltr'><strong>quod</strong></span> <span class='ocrx_word' id='word_1_145' title='bbox 2333 531 2617 584; x_wconf 82' lang='lat' dir='ltr'><strong>dicebatur</strong></span> <span class='ocrx_word' id='word_1_146' title='bbox 2638 528 2922 599; x_wconf 82' lang='lat' dir='ltr'><strong>probabat,</strong></span> <span class='ocrx_word' id='word_1_147' title='bbox 2945 526 3137 594; x_wconf 82' lang='lat' dir='ltr'><strong>partim</strong></span> <span class='ocrx_word' id='word_1_148' title='bbox 3165 530 3224 578; x_wconf 89' lang='lat' dir='ltr'><strong>ut</strong></span> <span class='ocrx_word' id='word_1_149' title='bbox 3251 522 3316 576; x_wconf 89' lang='lat' dir='ltr'><strong>ad</strong></span> <span class='ocrx_word' id='word_1_150' title='bbox 3339 522 3634 585; x_wconf 88' lang='lat' dir='ltr'><strong>Christum,</strong></span> 
     </span>
    </p>
   </div>
   <div class='ocr_carea' id='block_1_22' title="bbox 2060 613 3637 692">
    <p class='ocr_par' dir='ltr' id='par_1_22' title="bbox 2060 613 3637 692">
     <span class='ocr_line' id='line_1_22' title="bbox 2060 613 3637 692; baseline -0.007 -16"><span class='ocrx_word' id='word_1_151' title='bbox 2060 625 2257 692; x_wconf 79' lang='lat' dir='ltr'><strong>partim</strong></span> <span class='ocrx_word' id='word_1_152' title='bbox 2293 623 2359 676; x_wconf 87' lang='lat' dir='ltr'><strong>ad</strong></span> <span class='ocrx_word' id='word_1_153' title='bbox 2395 621 2633 677; x_wconf 86' lang='lat' dir='ltr'><strong>Verbum</strong></span> <span class='ocrx_word' id='word_1_154' title='bbox 2664 619 2856 675; x_wconf 89' lang='lat' dir='ltr'><strong>referri</strong></span> <span class='ocrx_word' id='word_1_155' title='bbox 2881 619 3177 688; x_wconf 86' lang='lat' dir='ltr'><strong>judicaret.</strong></span> <span class='ocrx_word' id='word_1_156' title='bbox 3230 613 3365 667; x_wconf 89' lang='lat' dir='ltr'><strong>Nam</strong></span> <span class='ocrx_word' id='word_1_157' title='bbox 3405 614 3489 668; x_wconf 89' lang='lat' dir='ltr'><strong>his</strong></span> <span class='ocrx_word' id='word_1_158' title='bbox 3516 628 3637 667; x_wconf 79' lang='lat' dir='ltr'><strong>ver-</strong></span> 
     </span>
    </p>
   </div>
   <div class='ocr_carea' id='block_1_23' title="bbox 2062 706 3637 777">
    <p class='ocr_par' dir='ltr' id='par_1_23' title="bbox 2062 706 3637 777">
     <span class='ocr_line' id='line_1_23' title="bbox 2062 706 3637 777; baseline -0.008 -11"><span class='ocrx_word' id='word_1_159' title='bbox 2062 712 2175 768; x_wconf 87' lang='lat' dir='ltr'><strong>bis:</strong></span> <span class='ocrx_word' id='word_1_160' title='bbox 2225 709 2518 765; x_wconf 75' lang='lat' dir='ltr'><strong>Faciamus</strong></span> <span class='ocrx_word' id='word_1_161' title='bbox 2563 710 2825 765; x_wconf 80' lang='lat' dir='ltr'><strong>hominem</strong></span> <span class='ocrx_word' id='word_1_162' title='bbox 2872 707 2941 761; x_wconf 86' lang='lat' dir='ltr'><strong>ad</strong></span> <span class='ocrx_word' id='word_1_163' title='bbox 2989 706 3269 777; x_wconf 77' lang='lat' dir='ltr'><strong>imaginem</strong></span> <span class='ocrx_word' id='word_1_164' title='bbox 3315 714 3551 759; x_wconf 81' lang='lat' dir='ltr'><strong>nostram</strong></span> <span class='ocrx_word' id='word_1_165' title='bbox 3587 711 3637 756; x_wconf 79' lang='lat' dir='ltr'><strong>et</strong></span> 
     </span>
    </p>
   </div>
   <div class='ocr_carea' id='block_1_24' title="bbox 2061 795 3635 871">
    <p class='ocr_par' dir='ltr' id='par_1_24' title="bbox 2061 795 3635 871">
     <span class='ocr_line' id='line_1_24' title="bbox 2061 795 3635 871; baseline -0.003 -15"><span class='ocrx_word' id='word_1_166' title='bbox 2061 803 2130 856; x_wconf 88' lang='lat' dir='ltr'><strong>ad</strong></span> <span class='ocrx_word' id='word_1_167' title='bbox 2164 803 2562 857; x_wconf 76' lang='lat' dir='ltr'><strong>similitudinem</strong></span> <span class='ocrx_word' id='word_1_168' title='bbox 2583 805 2624 871; x_wconf 79' lang='grc' dir='ltr'>ι,</span> <span class='ocrx_word' id='word_1_169' title='bbox 2667 799 2902 856; x_wconf 83' lang='lat' dir='ltr'><strong>Verbum</strong></span> <span class='ocrx_word' id='word_1_170' title='bbox 2945 813 3104 853; x_wconf 77' lang='lat' dir='ltr'><strong>suum</strong></span> <span class='ocrx_word' id='word_1_171' title='bbox 3135 795 3295 850; x_wconf 84' lang='lat' dir='ltr'><strong>Pater</strong></span> <span class='ocrx_word' id='word_1_172' title='bbox 3323 795 3635 865; x_wconf 89' lang='lat' dir='ltr'><strong>alloquitur.</strong></span> 
     </span>
    </p>
   </div>
   <div class='ocr_carea' id='block_1_25' title="bbox 2061 885 3639 963">
    <p class='ocr_par' dir='ltr' id='par_1_25' title="bbox 2061 885 3639 963">
     <span class='ocr_line' id='line_1_25' title="bbox 2061 885 3639 963; baseline -0.004 -15"><span class='ocrx_word' id='word_1_173' title='bbox 2061 892 2203 959; x_wconf 84' lang='lat' dir='ltr'><strong>Quid</strong></span> <span class='ocrx_word' id='word_1_174' title='bbox 2244 893 2448 963; x_wconf 77' lang='lat' dir='ltr'><strong>igitur?</strong></span> <span class='ocrx_word' id='word_1_175' title='bbox 2495 890 2648 955; x_wconf 83' lang='lat' dir='ltr'><strong>Erat,</strong></span> <span class='ocrx_word' id='word_1_176' title='bbox 2693 890 2894 961; x_wconf 83' lang='lat' dir='ltr'><strong>inquit,</strong></span> <span class='ocrx_word' id='word_1_177' title='bbox 2938 889 2993 943; x_wconf 92' lang='lat' dir='ltr'><strong>in</strong></span> <span class='ocrx_word' id='word_1_178' title='bbox 3035 886 3198 943; x_wconf 85' lang='lat' dir='ltr'><strong>Patre</strong></span> <span class='ocrx_word' id='word_1_179' title='bbox 3220 885 3491 955; x_wconf 78' lang='lat' dir='ltr'><strong>Verbum;</strong></span> <span class='ocrx_word' id='word_1_180' title='bbox 3543 888 3639 942; x_wconf 86' lang='lat' dir='ltr'><strong>sed</strong></span> 
     </span>
    </p>
   </div>
   <div class='ocr_carea' id='block_1_26' title="bbox 2062 977 3637 1043">
    <p class='ocr_par' dir='ltr' id='par_1_26' title="bbox 2062 977 3637 1043">
     <span class='ocr_line' id='line_1_26' title="bbox 2062 977 3637 1043; baseline -0.004 -6"><span class='ocrx_word' id='word_1_181' title='bbox 2062 983 2303 1039; x_wconf 91' lang='lat' dir='ltr'><strong>nondum</strong></span> <span class='ocrx_word' id='word_1_182' title='bbox 2321 994 2437 1038; x_wconf 90' lang='lat' dir='ltr'><strong>erat</strong></span> <span class='ocrx_word' id='word_1_183' title='bbox 2452 981 2644 1038; x_wconf 87' lang='lat' dir='ltr'><strong>Filius.</strong></span> <span class='ocrx_word' id='word_1_184' title='bbox 2667 982 2805 1039; x_wconf 82' lang='lat' dir='ltr'><strong>Item</strong></span> <span class='ocrx_word' id='word_1_185' title='bbox 2821 1000 2835 1035; x_wconf 90' lang='lat'><strong>:</strong></span> <span class='ocrx_word' id='word_1_186' title='bbox 2852 979 3002 1037; x_wconf 85' lang='lat' dir='ltr'><strong>Pluit</strong></span> <span class='ocrx_word' id='word_1_187' title='bbox 3018 978 3277 1035; x_wconf 76' lang='lat' dir='ltr'><strong>Dominus</strong></span> <span class='ocrx_word' id='word_1_188' title='bbox 3299 996 3332 1033; x_wconf 90' lang='lat' dir='ltr'><strong>a</strong></span> <span class='ocrx_word' id='word_1_189' title='bbox 3352 977 3577 1032; x_wconf 88' lang='lat' dir='ltr'><strong>Domino</strong></span> <span class='ocrx_word' id='word_1_190' title='bbox 3595 982 3637 1043; x_wconf 70' lang='lat'><strong>*,</strong></span> 
     </span>
    </p>
   </div>
   <div class='ocr_carea' id='block_1_27' title="bbox 2062 1071 3641 1146">
    <p class='ocr_par' dir='ltr' id='par_1_27' title="bbox 2062 1071 3641 1146">
     <span class='ocr_line' id='line_1_27' title="bbox 2062 1071 3641 1146; baseline -0.003 -17"><span class='ocrx_word' id='word_1_191' title='bbox 2062 1077 2205 1146; x_wconf 89' lang='lat' dir='ltr'><strong>quod</strong></span> <span class='ocrx_word' id='word_1_192' title='bbox 2240 1077 2294 1131; x_wconf 93' lang='lat' dir='ltr'><strong>in</strong></span> <span class='ocrx_word' id='word_1_193' title='bbox 2316 1074 2476 1130; x_wconf 89' lang='lat' dir='ltr'><strong>Patre</strong></span> <span class='ocrx_word' id='word_1_194' title='bbox 2508 1073 2744 1130; x_wconf 87' lang='lat' dir='ltr'><strong>Verbum</strong></span> <span class='ocrx_word' id='word_1_195' title='bbox 2777 1081 2956 1139; x_wconf 87' lang='lat' dir='ltr'><strong>esset;</strong></span> <span class='ocrx_word' id='word_1_196' title='bbox 3005 1080 3088 1130; x_wconf 86' lang='lat' dir='ltr'><strong>et:</strong></span> <span class='ocrx_word' id='word_1_197' title='bbox 3136 1071 3278 1132; x_wconf 81' lang='lat' dir='ltr'><strong>Vidi.</strong></span> <span class='ocrx_word' id='word_1_198' title='bbox 3312 1072 3511 1141; x_wconf 87' lang='lat' dir='ltr'><strong>inquit,</strong></span> <span class='ocrx_word' id='word_1_199' title='bbox 3546 1071 3641 1125; x_wconf 87' lang='lat' dir='ltr'><strong>de-</strong></span> 
     </span>
    </p>
   </div>
   <div class='ocr_carea' id='block_1_28' title="bbox 2062 1162 3638 1237">
    <p class='ocr_par' dir='ltr' id='par_1_28' title="bbox 2062 1162 3638 1237">
     <span class='ocr_line' id='line_1_28' title="bbox 2062 1162 3638 1237; baseline -0.003 -14"><span class='ocrx_word' id='word_1_200' title='bbox 2062 1166 2390 1225; x_wconf 79' lang='lat' dir='ltr'><strong>scendentem</strong></span> <span class='ocrx_word' id='word_1_201' title='bbox 2428 1183 2589 1237; x_wconf 76' lang='lat' dir='ltr'><strong>supra</strong></span> <span class='ocrx_word' id='word_1_202' title='bbox 2647 1165 2829 1229; x_wconf 77' lang='lat' dir='ltr'><strong>nubes,</strong></span> <span class='ocrx_word' id='word_1_203' title='bbox 2887 1164 3041 1234; x_wconf 82' lang='lat' dir='ltr'><strong>quasi</strong></span> <span class='ocrx_word' id='word_1_204' title='bbox 3089 1162 3287 1219; x_wconf 83' lang='lat' dir='ltr'><strong>Filium</strong></span> <span class='ocrx_word' id='word_1_205' title='bbox 3324 1163 3638 1218; x_wconf 73' lang='lat' dir='ltr'><strong>hominis’:</strong></span> 
     </span>
    </p>
   </div>
   <div class='ocr_carea' id='block_1_29' title="bbox 2061 1255 3642 1330">
    <p class='ocr_par' dir='ltr' id='par_1_29' title="bbox 2061 1255 3642 1330">
     <span class='ocr_line' id='line_1_29' title="bbox 2061 1255 3642 1330; baseline -0.004 -14"><span class='ocrx_word' id='word_1_206' title='bbox 2061 1261 2208 1330; x_wconf 88' lang='lat' dir='ltr'><strong>quod</strong></span> <span class='ocrx_word' id='word_1_207' title='bbox 2237 1260 2385 1316; x_wconf 85' lang='lat' dir='ltr'><strong>velut</strong></span> <span class='ocrx_word' id='word_1_208' title='bbox 2412 1268 2540 1317; x_wconf 88' lang='lat' dir='ltr'><strong>ante</strong></span> <span class='ocrx_word' id='word_1_209' title='bbox 2572 1257 2907 1319; x_wconf 87' lang='lat' dir='ltr'><strong>denuntians</strong></span> <span class='ocrx_word' id='word_1_210' title='bbox 2936 1256 3101 1322; x_wconf 82' lang='lat' dir='ltr'><strong>dixit;</strong></span> <span class='ocrx_word' id='word_1_211' title='bbox 3142 1270 3253 1312; x_wconf 90' lang='lat' dir='ltr'><strong>non</strong></span> <span class='ocrx_word' id='word_1_212' title='bbox 3288 1255 3431 1325; x_wconf 91' lang='lat' dir='ltr'><strong>quod</strong></span> <span class='ocrx_word' id='word_1_213' title='bbox 3461 1255 3642 1310; x_wconf 91' lang='lat' dir='ltr'><strong>adhuc</strong></span> 
     </span>
    </p>
   </div>
   <div class='ocr_carea' id='block_1_30' title="bbox 2062 1347 3642 1420">
    <p class='ocr_par' dir='ltr' id='par_1_30' title="bbox 2062 1347 3642 1420">
     <span class='ocr_line' id='line_1_30' title="bbox 2062 1347 3642 1420; baseline -0.003 -11"><span class='ocrx_word' id='word_1_214' title='bbox 2062 1350 2234 1409; x_wconf 79' lang='lat' dir='ltr'><strong>Filius</strong></span> <span class='ocrx_word' id='word_1_215' title='bbox 2264 1351 2577 1414; x_wconf 82' lang='lat' dir='ltr'><strong>exsisteret,</strong></span> <span class='ocrx_word' id='word_1_216' title='bbox 2611 1349 2705 1408; x_wconf 89' lang='lat' dir='ltr'><strong>sed</strong></span> <span class='ocrx_word' id='word_1_217' title='bbox 2738 1351 2916 1420; x_wconf 87' lang='lat' dir='ltr'><strong>ipsum</strong></span> <span class='ocrx_word' id='word_1_218' title='bbox 2945 1349 3143 1410; x_wconf 92' lang='lat' dir='ltr'><strong>solum,</strong></span> <span class='ocrx_word' id='word_1_219' title='bbox 3169 1348 3258 1404; x_wconf 92' lang='lat' dir='ltr'><strong>cui</strong></span> <span class='ocrx_word' id='word_1_220' title='bbox 3291 1347 3415 1405; x_wconf 91' lang='lat' dir='ltr'><strong>Filii</strong></span> <span class='ocrx_word' id='word_1_221' title='bbox 3442 1363 3642 1404; x_wconf 86' lang='lat' dir='ltr'><strong>nomen</strong></span> 
     </span>
    </p>
   </div>
   <div class='ocr_carea' id='block_1_31' title="bbox 2061 1440 3641 1515">
    <p class='ocr_par' dir='ltr' id='par_1_31' title="bbox 2061 1440 3641 1515">
     <span class='ocr_line' id='line_1_31' title="bbox 2061 1440 3641 1515; baseline -0.003 -16"><span class='ocrx_word' id='word_1_222' title='bbox 2061 1451 2180 1501; x_wconf 89' lang='lat' dir='ltr'><strong>erat</strong></span> <span class='ocrx_word' id='word_1_223' title='bbox 2208 1444 2501 1515; x_wconf 87' lang='lat' dir='ltr'><strong>aliquando</strong></span> <span class='ocrx_word' id='word_1_224' title='bbox 2533 1442 2908 1509; x_wconf 87' lang='lat' dir='ltr'><strong>tribuendum,</strong></span> <span class='ocrx_word' id='word_1_225' title='bbox 2947 1447 3072 1511; x_wconf 91' lang='lat' dir='ltr'><strong>post</strong></span> <span class='ocrx_word' id='word_1_226' title='bbox 3109 1441 3333 1496; x_wconf 86' lang='lat' dir='ltr'><strong>Mariam</strong></span> <span class='ocrx_word' id='word_1_227' title='bbox 3366 1440 3641 1507; x_wconf 82' lang='lat' dir='ltr'><strong>videlicet,</strong></span> 
     </span>
    </p>
   </div>
   <div class='ocr_carea' id='block_1_32' title="bbox 2063 1532 3643 1608">
    <p class='ocr_par' dir='ltr' id='par_1_32' title="bbox 2063 1532 3643 1608">
     <span class='ocr_line' id='line_1_32' title="bbox 2063 1532 3643 1608; baseline -0.003 -17"><span class='ocrx_word' id='word_1_228' title='bbox 2063 1535 2316 1608; x_wconf 87' lang='lat' dir='ltr'><strong>quodque</strong></span> <span class='ocrx_word' id='word_1_229' title='bbox 2344 1553 2411 1593; x_wconf 84' lang='lat' dir='ltr'><strong>ex</strong></span> <span class='ocrx_word' id='word_1_230' title='bbox 2444 1551 2610 1593; x_wconf 90' lang='lat' dir='ltr'><strong>carne</strong></span> <span class='ocrx_word' id='word_1_231' title='bbox 2638 1534 2980 1606; x_wconf 87' lang='lat' dir='ltr'><strong>proditurum</strong></span> <span class='ocrx_word' id='word_1_232' title='bbox 3016 1544 3156 1599; x_wconf 87' lang='lat' dir='ltr'><strong>erat,</strong></span> <span class='ocrx_word' id='word_1_233' title='bbox 3195 1533 3447 1591; x_wconf 86' lang='lat' dir='ltr'><strong>Christus</strong></span> <span class='ocrx_word' id='word_1_234' title='bbox 3478 1532 3643 1588; x_wconf 90' lang='lat' dir='ltr'><strong>nimi-</strong></span> 
     </span>
    </p>
   </div>
   <div class='ocr_carea' id='block_1_33' title="bbox 2063 1624 3642 1698">
    <p class='ocr_par' dir='ltr' id='par_1_33' title="bbox 2063 1624 3642 1698">
     <span class='ocr_line' id='line_1_33' title="bbox 2063 1624 3642 1698; baseline 0 -17"><span class='ocrx_word' id='word_1_235' title='bbox 2063 1642 2184 1683; x_wconf 87' lang='lat' dir='ltr'><strong>rum</strong></span> <span class='ocrx_word' id='word_1_236' title='bbox 2213 1627 2284 1683; x_wconf 88' lang='lat' dir='ltr'><strong>de</strong></span> <span class='ocrx_word' id='word_1_237' title='bbox 2315 1625 2523 1698; x_wconf 89' lang='lat' dir='ltr'><strong>Spiritu</strong></span> <span class='ocrx_word' id='word_1_238' title='bbox 2561 1634 2752 1682; x_wconf 88' lang='lat' dir='ltr'><strong>sancto</strong></span> <span class='ocrx_word' id='word_1_239' title='bbox 2782 1624 3058 1697; x_wconf 88' lang='lat' dir='ltr'><strong>Mariaque</strong></span> <span class='ocrx_word' id='word_1_240' title='bbox 3085 1625 3337 1697; x_wconf 77' lang='lat' dir='ltr'><strong>genitus:</strong></span> <span class='ocrx_word' id='word_1_241' title='bbox 3391 1626 3447 1680; x_wconf 88' lang='lat' dir='ltr'><strong>in</strong></span> <span class='ocrx_word' id='word_1_242' title='bbox 3481 1641 3642 1696; x_wconf 89' lang='lat' dir='ltr'><strong>quem</strong></span> 
     </span>
    </p>
   </div>
   <div class='ocr_carea' id='block_1_34' title="bbox 382 1707 1955 1791">
    <p class='ocr_par' dir='ltr' id='par_1_34' title="bbox 382 1707 1955 1784">
     <span class='ocr_line' id='line_1_34' title="bbox 382 1707 1955 1784; baseline -0.002 -19"><span class='ocrx_word' id='word_1_243' title='bbox 382 1710 475 1765; x_wconf 81' lang='grc' dir='ltr'>τὸν</span> <span class='ocrx_word' id='word_1_244' title='bbox 505 1712 779 1782; x_wconf 66' lang='grc' dir='ltr'>ἀωρχῆς.</span> <span class='ocrx_word' id='word_1_245' title='bbox 807 1710 974 1765; x_wconf 76' lang='grc' dir='ltr'>Οὔπω</span> <span class='ocrx_word' id='word_1_246' title='bbox 1004 1712 1059 1766; x_wconf 80' lang='grc' dir='ltr'><strong>δὲ</strong></span> <span class='ocrx_word' id='word_1_247' title='bbox 1081 1707 1172 1784; x_wconf 78' lang='grc' dir='ltr'>ἦν,</span> <span class='ocrx_word' id='word_1_248' title='bbox 1206 1711 1379 1780; x_wconf 82' lang='grc' dir='ltr'>Λόγος</span> <span class='ocrx_word' id='word_1_249' title='bbox 1412 1711 1469 1765; x_wconf 77' lang='grc' dir='ltr'><strong>δὲ</strong></span> <span class='ocrx_word' id='word_1_250' title='bbox 1499 1707 1585 1783; x_wconf 82' lang='grc' dir='ltr'><strong>ἧν.</strong></span> <span class='ocrx_word' id='word_1_251' title='bbox 1616 1710 1869 1781; x_wconf 87' lang='grc' dir='ltr'>καθάπερ</span> <span class='ocrx_word' id='word_1_252' title='bbox 1905 1711 1955 1763; x_wconf 80' lang='grc' dir='ltr'>ἐν</span> 
     </span>
    </p>
   </div>
   <div class='ocr_carea' id='block_1_35' title="bbox 2057 1707 3647 1791">
    <p class='ocr_par' dir='ltr' id='par_1_35' title="bbox 2064 1718 3647 1791">
     <span class='ocr_line' id='line_1_35' title="bbox 2064 1718 3647 1791; baseline -0.003 -16"><span class='ocrx_word' id='word_1_253' title='bbox 2064 1718 2145 1775; x_wconf 89' lang='lat' dir='ltr'><strong>sic</strong></span> <span class='ocrx_word' id='word_1_254' title='bbox 2185 1725 2442 1791; x_wconf 89' lang='lat' dir='ltr'><strong>tanquam</strong></span> <span class='ocrx_word' id='word_1_255' title='bbox 2489 1719 2878 1790; x_wconf 86' lang='lat' dir='ltr'><strong>anticipatione</strong></span> <span class='ocrx_word' id='word_1_256' title='bbox 2920 1718 3154 1789; x_wconf 89' lang='lat' dir='ltr'><strong>quadam</strong></span> <span class='ocrx_word' id='word_1_257' title='bbox 3207 1718 3460 1774; x_wconf 88' lang='lat' dir='ltr'><strong>universa</strong></span> <span class='ocrx_word' id='word_1_258' title='bbox 3510 1735 3647 1774; x_wconf 79' lang='lat' dir='ltr'><strong>con-</strong></span> 
     </span>
    </p>
   </div>
   <div class='ocr_carea' id='block_1_36' title="bbox 383 1783 1955 1882">
    <p class='ocr_par' dir='ltr' id='par_1_36' title="bbox 383 1783 1954 1875">
     <span class='ocr_line' id='line_1_36' title="bbox 383 1783 1954 1875; baseline -0.002 -20"><span class='ocrx_word' id='word_1_259' title='bbox 383 1804 509 1873; x_wconf 77' lang='grc' dir='ltr'>ἐμοὶ</span> <span class='ocrx_word' id='word_1_260' title='bbox 541 1804 779 1872; x_wconf 83' lang='grc' dir='ltr'>όΛόγος.</span> <span class='ocrx_word' id='word_1_261' title='bbox 809 1804 945 1875; x_wconf 83' lang='grc' dir='ltr'>Ἤδη</span> <span class='ocrx_word' id='word_1_262' title='bbox 976 1803 1033 1856; x_wconf 83' lang='grc' dir='ltr'><strong>δὲ</strong></span> <span class='ocrx_word' id='word_1_263' title='bbox 1063 1783 1236 1869; x_wconf 77' lang='grc' dir='ltr'>εἶπον,</span> <span class='ocrx_word' id='word_1_264' title='bbox 1268 1803 1351 1857; x_wconf 83' lang='grc' dir='ltr'>ὅτι</span> <span class='ocrx_word' id='word_1_265' title='bbox 1382 1802 1490 1857; x_wconf 84' lang='grc' dir='ltr'>ἀπὸ</span> <span class='ocrx_word' id='word_1_266' title='bbox 1518 1802 1715 1875; x_wconf 82' lang='grc' dir='ltr'><strong>μέρους</strong></span> <span class='ocrx_word' id='word_1_267' title='bbox 1744 1800 1954 1854; x_wconf 86' lang='grc' dir='ltr'><strong>Παύλου</strong></span> 
     </span>
    </p>
   </div>
   <div class='ocr_carea' id='block_1_37' title="bbox 2057 1783 3640 1882">
    <p class='ocr_par' dir='ltr' id='par_1_37' title="bbox 2062 1783 3640 1882">
     <span class='ocr_line' id='line_1_37' title="bbox 2062 1783 3640 1882; baseline 0.001 -19"><span class='ocrx_word' id='word_1_268' title='bbox 2062 1783 2336 1869; x_wconf 74' lang='lat' dir='ltr'><strong>feruntur.</strong></span> <span class='ocrx_word' id='word_1_269' title='bbox 2406 1783 2729 1882; x_wconf 75' lang='lat' dir='ltr'><strong>Quanquam</strong></span> <span class='ocrx_word' id='word_1_270' title='bbox 2764 1811 3006 1866; x_wconf 87' lang='lat' dir='ltr'><strong>nondum</strong></span> <span class='ocrx_word' id='word_1_271' title='bbox 3041 1810 3157 1881; x_wconf 90' lang='lat' dir='ltr'><strong>ipse</strong></span> <span class='ocrx_word' id='word_1_272' title='bbox 3187 1813 3640 1880; x_wconf 81' lang='lat' dir='ltr'><strong>quemadmodum</strong></span> 
     </span>
    </p>
   </div>
   <div class='ocr_carea' id='block_1_38' title="bbox 381 1892 1959 1967">
    <p class='ocr_par' dir='ltr' id='par_1_38' title="bbox 381 1892 1959 1967">
     <span class='ocr_line' id='line_1_38' title="bbox 381 1892 1959 1967; baseline -0.001 -18"><span class='ocrx_word' id='word_1_273' title='bbox 381 1892 479 1949; x_wconf 78' lang='grc' dir='ltr'><strong>τοῦ</strong></span> <span class='ocrx_word' id='word_1_274' title='bbox 511 1895 872 1967; x_wconf 85' lang='grc' dir='ltr'>Σαμοσατέως</span> <span class='ocrx_word' id='word_1_275' title='bbox 912 1896 1052 1966; x_wconf 74' lang='grc' dir='ltr'>ἔχων</span> <span class='ocrx_word' id='word_1_276' title='bbox 1088 1893 1158 1951; x_wconf 84' lang='grc' dir='ltr'><strong>τὰ</strong></span> <span class='ocrx_word' id='word_1_277' title='bbox 1194 1896 1355 1966; x_wconf 84' lang='grc' dir='ltr'>ὅμοια</span> <span class='ocrx_word' id='word_1_278' title='bbox 1378 1895 1479 1965; x_wconf 81' lang='grc' dir='ltr'>τῆς</span> <span class='ocrx_word' id='word_1_279' title='bbox 1509 1894 1719 1957; x_wconf 74' lang='grc' dir='ltr'>ἐννοίας</span> <span class='ocrx_word' id='word_1_280' title='bbox 1738 1910 1751 1923; x_wconf 68' lang='grc'><strong><em>⁵</em></strong></span> <span class='ocrx_word' id='word_1_281' title='bbox 1795 1893 1959 1963; x_wconf 74' lang='grc' dir='ltr'>ἕτερα</span> 
     </span>
    </p>
   </div>
   <div class='ocr_carea' id='block_1_39' title="bbox 382 1982 1707 2057">
    <p class='ocr_par' dir='ltr' id='par_1_39' title="bbox 382 1982 1707 2057">
     <span class='ocr_line' id='line_1_39' title="bbox 382 1982 1707 2057; baseline -0.001 -18"><span class='ocrx_word' id='word_1_282' title='bbox 382 1984 442 2039; x_wconf 68' lang='grc' dir='ltr'><strong>δὲ</strong></span> <span class='ocrx_word' id='word_1_283' title='bbox 469 1985 550 2040; x_wconf 76' lang='grc' dir='ltr'>ἔτι</span> <span class='ocrx_word' id='word_1_284' title='bbox 586 1988 715 2057; x_wconf 87' lang='grc' dir='ltr'>παρ’</span> <span class='ocrx_word' id='word_1_285' title='bbox 744 1987 953 2042; x_wconf 76' lang='grc' dir='ltr'>ἐκεῖνον</span> <span class='ocrx_word' id='word_1_286' title='bbox 984 1982 1379 2057; x_wconf 77' lang='grc' dir='ltr'>ὑπερϐεϐηκὼς</span> <span class='ocrx_word' id='word_1_287' title='bbox 1411 1986 1478 2056; x_wconf 76' lang='grc' dir='ltr'><strong>τῇ</strong></span> <span class='ocrx_word' id='word_1_288' title='bbox 1506 1983 1707 2055; x_wconf 81' lang='grc' dir='ltr'>ἐννοίᾳ.</span> 
     </span>
    </p>
   </div>
   <div class='ocr_carea' id='block_1_40' title="bbox 451 2263 1957 2345">
    <p class='ocr_par' dir='ltr' id='par_1_40' title="bbox 451 2263 1957 2345">
     <span class='ocr_line' id='line_1_40' title="bbox 451 2263 1957 2345; baseline 0.004 -22"><span class='ocrx_word' id='word_1_289' title='bbox 451 2270 527 2324; x_wconf 83' lang='grc' dir='ltr'><strong>Γ¹.</strong></span> <span class='ocrx_word' id='word_1_290' title='bbox 566 2270 678 2324; x_wconf 74' lang='grc' dir='ltr'><strong>Καὶ</strong></span> <span class='ocrx_word' id='word_1_291' title='bbox 720 2269 884 2334; x_wconf 75' lang='grc' dir='ltr'>αὐτὸς</span> <span class='ocrx_word' id='word_1_292' title='bbox 922 2269 981 2324; x_wconf 80' lang='grc' dir='ltr'><strong>δὲ</strong></span> <span class='ocrx_word' id='word_1_293' title='bbox 1018 2263 1172 2335; x_wconf 69' lang='grc' dir='ltr'>οὗτος</span> <span class='ocrx_word' id='word_1_294' title='bbox 1201 2272 1648 2344; x_wconf 82' lang='grc' dir='ltr'>ἀνατραπήσεται</span> <span class='ocrx_word' id='word_1_295' title='bbox 1681 2273 1760 2338; x_wconf 83' lang='grc' dir='ltr'><strong>είς</strong></span> <span class='ocrx_word' id='word_1_296' title='bbox 1789 2273 1957 2345; x_wconf 74' lang='grc' dir='ltr'>ἐσχά-</span> 
     </span>
    </p>
   </div>
   <div class='ocr_carea' id='block_1_41' title="bbox 380 2361 1958 2439">
    <p class='ocr_par' dir='ltr' id='par_1_41' title="bbox 380 2361 1958 2439">
     <span class='ocr_line' id='line_1_41' title="bbox 380 2361 1958 2439; baseline 0.006 -27"><span class='ocrx_word' id='word_1_297' title='bbox 380 2368 495 2432; x_wconf 73' lang='grc' dir='ltr'>την·</span> <span class='ocrx_word' id='word_1_298' title='bbox 512 2361 684 2417; x_wconf 75' lang='grc' dir='ltr'>ἐλθὼν</span> <span class='ocrx_word' id='word_1_299' title='bbox 710 2362 1080 2435; x_wconf 79' lang='grc' dir='ltr'>ἀρνησιθεῖαν,</span> <span class='ocrx_word' id='word_1_300' title='bbox 1109 2364 1203 2418; x_wconf 81' lang='grc' dir='ltr'>καὶ</span> <span class='ocrx_word' id='word_1_301' title='bbox 1225 2365 1511 2437; x_wconf 77' lang='grc' dir='ltr'>ἀλλοτρίαν</span> <span class='ocrx_word' id='word_1_302' title='bbox 1535 2365 1790 2422; x_wconf 83' lang='grc' dir='ltr'>ὑπόνοιαν</span> <span class='ocrx_word' id='word_1_303' title='bbox 1812 2366 1958 2439; x_wconf 80' lang='grc' dir='ltr'>ζωῆς</span> 
     </span>
    </p>
   </div>
   <div class='ocr_carea' id='block_1_42' title="bbox 382 2455 1956 2528">
    <p class='ocr_par' dir='ltr' id='par_1_42' title="bbox 382 2455 1956 2528">
     <span class='ocr_line' id='line_1_42' title="bbox 382 2455 1956 2528; baseline 0.003 -20"><span class='ocrx_word' id='word_1_304' title='bbox 382 2455 602 2509; x_wconf 76' lang='grc' dir='ltr'>αἰωνίου</span> <span class='ocrx_word' id='word_1_305' title='bbox 626 2458 686 2510; x_wconf 83' lang='grc' dir='ltr'>ὲν</span> <span class='ocrx_word' id='word_1_306' title='bbox 711 2455 931 2511; x_wconf 75' lang='grc' dir='ltr'>ἅπασιν.</span> <span class='ocrx_word' id='word_1_307' title='bbox 957 2457 1021 2510; x_wconf 88' lang='grc' dir='ltr'><strong>Εἰ</strong></span> <span class='ocrx_word' id='word_1_308' title='bbox 1041 2456 1151 2527; x_wconf 83' lang='grc' dir='ltr'><strong>γὰρ</strong></span> <span class='ocrx_word' id='word_1_309' title='bbox 1170 2456 1483 2528; x_wconf 84' lang='grc' dir='ltr'>πρόσφατος</span> <span class='ocrx_word' id='word_1_310' title='bbox 1502 2459 1532 2513; x_wconf 97' lang='lat'><strong>6</strong></span> <span class='ocrx_word' id='word_1_311' title='bbox 1554 2457 1680 2523; x_wconf 78' lang='grc' dir='ltr'><strong>Υἱὸς</strong></span> <span class='ocrx_word' id='word_1_312' title='bbox 1702 2458 1798 2513; x_wconf 81' lang='grc' dir='ltr'><strong>τοῦ</strong></span> <span class='ocrx_word' id='word_1_313' title='bbox 1821 2459 1956 2513; x_wconf 82' lang='grc' dir='ltr'><strong>Θεοῦ</strong></span> 
     </span>
    </p>
   </div>
   <div class='ocr_carea' id='block_1_43' title="bbox 383 2546 1958 2623">
    <p class='ocr_par' dir='ltr' id='par_1_43' title="bbox 383 2546 1958 2623">
     <span class='ocr_line' id='line_1_43' title="bbox 383 2546 1958 2623; baseline 0.001 -22"><span class='ocrx_word' id='word_1_314' title='bbox 383 2547 527 2601; x_wconf 72' lang='grc' dir='ltr'>κατὰ</span> <span class='ocrx_word' id='word_1_315' title='bbox 549 2546 651 2619; x_wconf 79' lang='grc' dir='ltr'>τὴν</span> <span class='ocrx_word' id='word_1_316' title='bbox 680 2547 913 2617; x_wconf 86' lang='grc' dir='ltr'>θεότητα</span> <span class='ocrx_word' id='word_1_317' title='bbox 931 2590 947 2615; x_wconf 90' lang='grc'><strong>,</strong></span> <span class='ocrx_word' id='word_1_318' title='bbox 976 2549 1085 2619; x_wconf 78' lang='grc' dir='ltr'>ἄρα</span> <span class='ocrx_word' id='word_1_319' title='bbox 1108 2550 1138 2602; x_wconf 94' lang='lat'><strong>6</strong></span> <span class='ocrx_word' id='word_1_320' title='bbox 1165 2548 1329 2601; x_wconf 78' lang='grc' dir='ltr'>Δαϐὶδ</span> <span class='ocrx_word' id='word_1_321' title='bbox 1362 2548 1653 2622; x_wconf 86' lang='grc' dir='ltr'>πρωτεύει,</span> <span class='ocrx_word' id='word_1_322' title='bbox 1681 2550 1880 2623; x_wconf 83' lang='grc' dir='ltr'>μᾶλλον</span> <span class='ocrx_word' id='word_1_323' title='bbox 1900 2551 1958 2604; x_wconf 74' lang='grc' dir='ltr'><strong>δὲ</strong></span> 
     </span>
    </p>
   </div>
   <div class='ocr_carea' id='block_1_44' title="bbox 382 2639 1954 2714">
    <p class='ocr_par' dir='ltr' id='par_1_44' title="bbox 382 2639 1954 2714">
     <span class='ocr_line' id='line_1_44' title="bbox 382 2639 1954 2714; baseline 0.004 -23"><span class='ocrx_word' id='word_1_324' title='bbox 382 2641 477 2692; x_wconf 69' lang='grc' dir='ltr'>καὶ</span> <span class='ocrx_word' id='word_1_325' title='bbox 511 2640 568 2693; x_wconf 79' lang='grc' dir='ltr'>ὲν</span> <span class='ocrx_word' id='word_1_326' title='bbox 610 2639 954 2711; x_wconf 67' lang='grc' dir='ltr'>προκριτὼις</span> <span class='ocrx_word' id='word_1_327' title='bbox 983 2641 1222 2714; x_wconf 77' lang='grc' dir='ltr'>ὑπάρχει</span> <span class='ocrx_word' id='word_1_328' title='bbox 1254 2641 1349 2697; x_wconf 81' lang='grc' dir='ltr'>τοῦ</span> <span class='ocrx_word' id='word_1_329' title='bbox 1378 2642 1540 2696; x_wconf 73' lang='grc' dir='ltr'>αὑτὸν</span> <span class='ocrx_word' id='word_1_330' title='bbox 1573 2643 1954 2714; x_wconf 83' lang='grc' dir='ltr'>πεποιηκότος.</span> 
     </span>
    </p>
   </div>
   <div class='ocr_carea' id='block_1_45' title="bbox 380 2729 1958 2806">
    <p class='ocr_par' dir='ltr' id='par_1_45' title="bbox 380 2729 1958 2806">
     <span class='ocr_line' id='line_1_45' title="bbox 380 2729 1958 2806; baseline 0.003 -23"><span class='ocrx_word' id='word_1_331' title='bbox 380 2729 537 2783; x_wconf 80' lang='grc' dir='ltr'>υῦτω</span> <span class='ocrx_word' id='word_1_332' title='bbox 564 2731 673 2800; x_wconf 83' lang='grc' dir='ltr'><strong>γὰρ</strong></span> <span class='ocrx_word' id='word_1_333' title='bbox 705 2731 801 2784; x_wconf 79' lang='grc' dir='ltr'>καὶ</span> <span class='ocrx_word' id='word_1_334' title='bbox 823 2731 986 2795; x_wconf 83' lang='grc' dir='ltr'>αὐτὸς</span> <span class='ocrx_word' id='word_1_335' title='bbox 1012 2730 1284 2799; x_wconf 82' lang='grc' dir='ltr'>διενοεῖτο,</span> <span class='ocrx_word' id='word_1_336' title='bbox 1327 2733 1528 2805; x_wconf 82' lang='grc' dir='ltr'>μᾶλλον</span> <span class='ocrx_word' id='word_1_337' title='bbox 1557 2734 1652 2788; x_wconf 71' lang='grc' dir='ltr'>καὶ</span> <span class='ocrx_word' id='word_1_338' title='bbox 1675 2734 1958 2806; x_wconf 79' lang='grc' dir='ltr'>παρελθὼν</span> 
     </span>
    </p>
   </div>
   <div class='ocr_carea' id='block_1_46' title="bbox 378 2819 1958 2897">
    <p class='ocr_par' dir='ltr' id='par_1_46' title="bbox 378 2819 1958 2897">
     <span class='ocr_line' id='line_1_46' title="bbox 378 2819 1958 2897; baseline 0.003 -23"><span class='ocrx_word' id='word_1_339' title='bbox 378 2820 481 2892; x_wconf 77' lang='grc' dir='ltr'>τὴν</span> <span class='ocrx_word' id='word_1_340' title='bbox 520 2819 671 2876; x_wconf 85' lang='grc' dir='ltr'>θείαν</span> <span class='ocrx_word' id='word_1_341' title='bbox 719 2822 965 2894; x_wconf 79' lang='grc' dir='ltr'>Γραφὴν,</span> <span class='ocrx_word' id='word_1_342' title='bbox 1004 2823 1150 2878; x_wconf 84' lang='grc' dir='ltr'><strong>κατά</strong></span> <span class='ocrx_word' id='word_1_343' title='bbox 1177 2825 1278 2897; x_wconf 81' lang='grc' dir='ltr'>τὴν</span> <span class='ocrx_word' id='word_1_344' title='bbox 1329 2824 1495 2878; x_wconf 83' lang='grc' dir='ltr'>αὑτοῦ</span> <span class='ocrx_word' id='word_1_345' title='bbox 1532 2824 1958 2897; x_wconf 79' lang='grc' dir='ltr'>πεπλανημένην</span> 
     </span>
    </p>
   </div>
   <div class='ocr_carea' id='block_1_47' title="bbox 380 2913 1959 2989">
    <p class='ocr_par' dir='ltr' id='par_1_47' title="bbox 380 2913 1959 2989">
     <span class='ocr_line' id='line_1_47' title="bbox 380 2913 1959 2989; baseline 0.001 -19"><span class='ocrx_word' id='word_1_346' title='bbox 380 2913 591 2970; x_wconf 70' lang='grc' dir='ltr'>ἔννοιαν</span> <span class='ocrx_word' id='word_1_347' title='bbox 624 2914 869 2982; x_wconf 81' lang='grc' dir='ltr'>φάσκων,</span> <span class='ocrx_word' id='word_1_348' title='bbox 909 2917 993 2970; x_wconf 86' lang='grc' dir='ltr'>ὅτι</span> <span class='ocrx_word' id='word_1_349' title='bbox 1037 2918 1131 2971; x_wconf 80' lang='grc' dir='ltr'>καὶ</span> <span class='ocrx_word' id='word_1_350' title='bbox 1169 2918 1198 2971; x_wconf 89' lang='grc' dir='ltr'>ὀ</span> <span class='ocrx_word' id='word_1_351' title='bbox 1233 2917 1554 2981; x_wconf 84' lang='grc' dir='ltr'>’Λπόστολος</span> <span class='ocrx_word' id='word_1_352' title='bbox 1595 2916 1817 2989; x_wconf 72' lang='grc' dir='ltr'>εἴρηκεν</span> <span class='ocrx_word' id='word_1_353' title='bbox 1837 2935 1850 2949; x_wconf 75' lang='grc'><em>’</em></span> <span class='ocrx_word' id='word_1_354' title='bbox 1895 2920 1959 2972; x_wconf 90' lang='lat'><strong>&#39;0</strong></span> 
     </span>
    </p>
   </div>
   <div class='ocr_carea' id='block_1_48' title="bbox 378 3003 1960 3080">
    <p class='ocr_par' dir='ltr' id='par_1_48' title="bbox 378 3003 1960 3080">
     <span class='ocr_line' id='line_1_48' title="bbox 378 3003 1960 3080; baseline 0.004 -22"><span class='ocrx_word' id='word_1_355' title='bbox 378 3003 614 3074; x_wconf 74' lang='grc' dir='ltr'>πρῶτος</span> <span class='ocrx_word' id='word_1_356' title='bbox 645 3006 952 3075; x_wconf 76' lang='grc' dir='ltr'>ἄνθρωπος</span> <span class='ocrx_word' id='word_1_357' title='bbox 985 3008 1055 3062; x_wconf 85' lang='grc' dir='ltr'>ἐκ</span> <span class='ocrx_word' id='word_1_358' title='bbox 1081 3007 1197 3078; x_wconf 73' lang='grc' dir='ltr'>γῆς</span> <span class='ocrx_word' id='word_1_359' title='bbox 1227 3008 1462 3078; x_wconf 76' lang='grc' dir='ltr'>χοϊκός.</span> <span class='ocrx_word' id='word_1_360' title='bbox 1493 3009 1592 3063; x_wconf 76' lang='grc' dir='ltr'>καὶ</span> <span class='ocrx_word' id='word_1_361' title='bbox 1625 3012 1658 3064; x_wconf 85' lang='grc' dir='ltr'><strong>ό</strong></span> <span class='ocrx_word' id='word_1_362' title='bbox 1682 3008 1960 3080; x_wconf 83' lang='grc' dir='ltr'>δεύτερος</span> 
     </span>
    </p>
   </div>
   <div class='ocr_carea' id='block_1_49' title="bbox 380 3097 2030 3191">
    <p class='ocr_par' dir='ltr' id='par_1_49' title="bbox 380 3097 2030 3191">
     <span class='ocr_line' id='line_1_49' title="bbox 380 3097 2030 3191; baseline 0.001 -40"><span class='ocrx_word' id='word_1_363' title='bbox 380 3097 484 3151; x_wconf 72' lang='grc' dir='ltr'><strong>ἀπ’</strong></span> <span class='ocrx_word' id='word_1_364' title='bbox 514 3097 793 3166; x_wconf 80' lang='grc' dir='ltr'>οὐρανοῦ.</span> <span class='ocrx_word' id='word_1_365' title='bbox 824 3097 1002 3191; x_wconf 78' lang='grc' dir='ltr'>Εὐθὺς</span> <span class='ocrx_word' id='word_1_366' title='bbox 1034 3099 1091 3152; x_wconf 84' lang='grc' dir='ltr'><strong>δὲ</strong></span> <span class='ocrx_word' id='word_1_367' title='bbox 1118 3099 1434 3191; x_wconf 82' lang='grc' dir='ltr'>ἀντιπίπτει</span> <span class='ocrx_word' id='word_1_368' title='bbox 1456 3099 1605 3171; x_wconf 84' lang='grc' dir='ltr'>αὐτῷ</span> <span class='ocrx_word' id='word_1_369' title='bbox 1623 3101 1653 3153; x_wconf 90' lang='lat'><strong>6</strong></span> <span class='ocrx_word' id='word_1_370' title='bbox 1682 3100 1838 3169; x_wconf 82' lang='grc' dir='ltr'>λόγος</span> <span class='ocrx_word' id='word_1_371' title='bbox 1860 3102 1958 3171; x_wconf 78' lang='grc' dir='ltr'>τῆς</span> <span class='ocrx_word' id='word_1_372' title='bbox 1988 3134 2030 3191; x_wconf 75' lang='lat' dir='ltr'><strong><em>C</em></strong></span> 
     </span>
    </p>
   </div>
   <div class='ocr_carea' id='block_1_50' title="bbox 378 3188 1958 3264">
    <p class='ocr_par' dir='ltr' id='par_1_50' title="bbox 378 3188 1958 3264">
     <span class='ocr_line' id='line_1_50' title="bbox 378 3188 1958 3264; baseline 0.003 -22"><span class='ocrx_word' id='word_1_373' title='bbox 378 3188 656 3261; x_wconf 80' lang='grc' dir='ltr'>ἀληθείας,</span> <span class='ocrx_word' id='word_1_374' title='bbox 700 3191 797 3243; x_wconf 79' lang='grc' dir='ltr'>καὶ</span> <span class='ocrx_word' id='word_1_375' title='bbox 830 3190 1041 3262; x_wconf 80' lang='grc' dir='ltr'>ἐλέγχει</span> <span class='ocrx_word' id='word_1_376' title='bbox 1087 3190 1252 3245; x_wconf 80' lang='grc' dir='ltr'>αὑτοῦ</span> <span class='ocrx_word' id='word_1_377' title='bbox 1289 3192 1389 3263; x_wconf 81' lang='grc' dir='ltr'>τὴν</span> <span class='ocrx_word' id='word_1_378' title='bbox 1428 3193 1815 3264; x_wconf 78' lang='grc' dir='ltr'>ὲσκοτωμένην</span> <span class='ocrx_word' id='word_1_379' title='bbox 1843 3191 1958 3246; x_wconf 86' lang='grc' dir='ltr'>διά-</span> 
     </span>
    </p>
   </div>
   <div class='ocr_carea' id='block_1_51' title="bbox 377 3280 1958 3357">
    <p class='ocr_par' dir='ltr' id='par_1_51' title="bbox 377 3280 1958 3357">
     <span class='ocr_line' id='line_1_51' title="bbox 377 3280 1958 3357; baseline 0.003 -24"><span class='ocrx_word' id='word_1_380' title='bbox 377 3297 553 3334; x_wconf 85' lang='grc' dir='ltr'>νοιαν.</span> <span class='ocrx_word' id='word_1_381' title='bbox 584 3280 903 3354; x_wconf 77' lang='grc' dir='ltr'>Ἄνθρωπον</span> <span class='ocrx_word' id='word_1_382' title='bbox 951 3283 1061 3355; x_wconf 88' lang='grc' dir='ltr'>γὰρ</span> <span class='ocrx_word' id='word_1_383' title='bbox 1102 3284 1198 3338; x_wconf 74' lang='grc' dir='ltr'>καὶ</span> <span class='ocrx_word' id='word_1_384' title='bbox 1243 3282 1529 3355; x_wconf 76' lang='grc' dir='ltr'>ἄνθρωπον</span> <span class='ocrx_word' id='word_1_385' title='bbox 1594 3284 1698 3357; x_wconf 74' lang='grc' dir='ltr'>ἔφη</span> <span class='ocrx_word' id='word_1_386' title='bbox 1738 3287 1767 3339; x_wconf 90' lang='lat'><strong>6</strong></span> <span class='ocrx_word' id='word_1_387' title='bbox 1803 3284 1958 3353; x_wconf 75' lang='grc' dir='ltr'>ἅγιος</span> 
     </span>
    </p>
   </div>
   <div class='ocr_carea' id='block_1_52' title="bbox 392 3372 1958 3448">
    <p class='ocr_par' dir='ltr' id='par_1_52' title="bbox 392 3372 1958 3448">
     <span class='ocr_line' id='line_1_52' title="bbox 392 3372 1958 3448; baseline 0.003 -22"><span class='ocrx_word' id='word_1_388' title='bbox 392 3372 715 3438; x_wconf 84' lang='grc' dir='ltr'>’Λπόστολος</span> <span class='ocrx_word' id='word_1_389' title='bbox 734 3391 749 3407; x_wconf 78' lang='grc' dir='ltr'><strong><em>ο</em></strong></span> <span class='ocrx_word' id='word_1_390' title='bbox 776 3374 870 3428; x_wconf 62' lang='grc' dir='ltr'><strong>καὶ⁸</strong></span> <span class='ocrx_word' id='word_1_391' title='bbox 894 3374 986 3427; x_wconf 81' lang='grc' dir='ltr'>τὸν</span> <span class='ocrx_word' id='word_1_392' title='bbox 1008 3375 1106 3446; x_wconf 82' lang='grc' dir='ltr'>μὲν</span> <span class='ocrx_word' id='word_1_393' title='bbox 1131 3375 1348 3446; x_wconf 83' lang='grc' dir='ltr'>πρῶτον</span> <span class='ocrx_word' id='word_1_394' title='bbox 1370 3375 1656 3448; x_wconf 83' lang='grc' dir='ltr'>ἄνθρωπον</span> <span class='ocrx_word' id='word_1_395' title='bbox 1678 3376 1769 3430; x_wconf 82' lang='grc' dir='ltr'>τὸν</span> <span class='ocrx_word' id='word_1_396' title='bbox 1787 3377 1910 3431; x_wconf 84' lang='grc' dir='ltr'><strong>’Λδά</strong></span> <span class='ocrx_word' id='word_1_397' title='bbox 1918 3395 1958 3448; x_wconf 88' lang='grc' dir='ltr'><strong>μ</strong></span> 
     </span>
    </p>
   </div>
   <div class='ocr_carea' id='block_1_53' title="bbox 379 3460 1953 3539">
    <p class='ocr_par' dir='ltr' id='par_1_53' title="bbox 379 3460 1953 3539">
     <span class='ocr_line' id='line_1_53' title="bbox 379 3460 1953 3539; baseline 0.004 -22"><span class='ocrx_word' id='word_1_398' title='bbox 379 3464 446 3517; x_wconf 81' lang='grc' dir='ltr'>ὲκ</span> <span class='ocrx_word' id='word_1_399' title='bbox 476 3462 582 3532; x_wconf 75' lang='grc' dir='ltr'>γῆς</span> <span class='ocrx_word' id='word_1_400' title='bbox 625 3460 767 3518; x_wconf 82' lang='grc' dir='ltr'>εἶναι</span> <span class='ocrx_word' id='word_1_401' title='bbox 813 3465 1018 3533; x_wconf 74' lang='grc' dir='ltr'>χοῖκὸν,</span> <span class='ocrx_word' id='word_1_402' title='bbox 1065 3464 1158 3519; x_wconf 81' lang='grc' dir='ltr'>τὸν</span> <span class='ocrx_word' id='word_1_403' title='bbox 1185 3465 1525 3538; x_wconf 65' lang='grc' dir='ltr'>δὲ’δεύτερον</span> <span class='ocrx_word' id='word_1_404' title='bbox 1568 3468 1663 3521; x_wconf 88' lang='grc' dir='ltr'>ἀπ’</span> <span class='ocrx_word' id='word_1_405' title='bbox 1699 3468 1953 3539; x_wconf 79' lang='grc' dir='ltr'>οὐρανοῦ.</span> 
     </span>
    </p>
   </div>
   <div class='ocr_carea' id='block_1_54' title="bbox 378 3553 1956 3631">
    <p class='ocr_par' dir='ltr' id='par_1_54' title="bbox 378 3553 1956 3631">
     <span class='ocr_line' id='line_1_54' title="bbox 378 3553 1956 3631; baseline 0.004 -25"><span class='ocrx_word' id='word_1_406' title='bbox 378 3553 576 3607; x_wconf 80' lang='grc' dir='ltr'>Καίτοι</span> <span class='ocrx_word' id='word_1_407' title='bbox 601 3570 668 3623; x_wconf 86' lang='grc' dir='ltr'><strong>γε</strong></span> <span class='ocrx_word' id='word_1_408' title='bbox 696 3554 979 3626; x_wconf 83' lang='grc' dir='ltr'>ἄνθρωπον</span> <span class='ocrx_word' id='word_1_409' title='bbox 1003 3556 1199 3624; x_wconf 85' lang='grc' dir='ltr'>λέγων,</span> <span class='ocrx_word' id='word_1_410' title='bbox 1222 3558 1323 3612; x_wconf 85' lang='grc' dir='ltr'>οὐκ</span> <span class='ocrx_word' id='word_1_411' title='bbox 1345 3557 1404 3624; x_wconf 78' lang='grc' dir='ltr'><strong>ἐξ</strong></span> <span class='ocrx_word' id='word_1_412' title='bbox 1423 3558 1650 3630; x_wconf 83' lang='grc' dir='ltr'>οὐρανοῦ</span> <span class='ocrx_word' id='word_1_413' title='bbox 1678 3559 1736 3612; x_wconf 81' lang='grc' dir='ltr'><strong>δὲ</strong></span> <span class='ocrx_word' id='word_1_414' title='bbox 1761 3561 1794 3631; x_wconf 78' lang='grc' dir='ltr'><strong>ἡ</strong></span> <span class='ocrx_word' id='word_1_415' title='bbox 1819 3559 1956 3631; x_wconf 82' lang='grc' dir='ltr'>σὰρξ</span> 
     </span>
    </p>
   </div>
   <div class='ocr_carea' id='block_1_55' title="bbox 382 3645 1955 3718">
    <p class='ocr_par' dir='ltr' id='par_1_55' title="bbox 382 3645 1955 3718">
     <span class='ocr_line' id='line_1_55' title="bbox 382 3645 1955 3718; baseline 0.004 -21"><span class='ocrx_word' id='word_1_416' title='bbox 382 3645 779 3717; x_wconf 75' lang='grc' dir='ltr'>καταϐέϐηκεν,</span> <span class='ocrx_word' id='word_1_417' title='bbox 815 3647 930 3700; x_wconf 86' lang='grc' dir='ltr'>ἀλλ’</span> <span class='ocrx_word' id='word_1_418' title='bbox 958 3646 1305 3718; x_wconf 70' lang='grc' dir='ltr'>ὡμολόγηται</span> <span class='ocrx_word' id='word_1_419' title='bbox 1346 3649 1441 3701; x_wconf 76' lang='grc' dir='ltr'>καὶ</span> <span class='ocrx_word' id='word_1_420' title='bbox 1478 3649 1587 3703; x_wconf 83' lang='grc' dir='ltr'>ἀπὸ</span> <span class='ocrx_word' id='word_1_421' title='bbox 1616 3650 1809 3703; x_wconf 82' lang='grc' dir='ltr'>τούτου</span> <span class='ocrx_word' id='word_1_422' title='bbox 1847 3650 1955 3703; x_wconf 81' lang='grc' dir='ltr'>ἀπὸ</span> 
     </span>
    </p>
   </div>
   <div class='ocr_carea' id='block_1_56' title="bbox 378 3731 1955 3811">
    <p class='ocr_par' dir='ltr' id='par_1_56' title="bbox 378 3731 1955 3811">
     <span class='ocr_line' id='line_1_56' title="bbox 378 3731 1955 3811; baseline 0.003 -24"><span class='ocrx_word' id='word_1_423' title='bbox 378 3734 597 3806; x_wconf 70' lang='grc' dir='ltr'>Μαρίας</span> <span class='ocrx_word' id='word_1_424' title='bbox 622 3731 776 3793; x_wconf 79' lang='grc' dir='ltr'>οὖσα.</span> <span class='ocrx_word' id='word_1_425' title='bbox 809 3734 927 3791; x_wconf 85' lang='grc' dir='ltr'><strong>Ἀπ’</strong></span> <span class='ocrx_word' id='word_1_426' title='bbox 956 3736 1186 3808; x_wconf 83' lang='grc' dir='ltr'>οὐρανοῦ</span> <span class='ocrx_word' id='word_1_427' title='bbox 1213 3737 1273 3790; x_wconf 86' lang='grc' dir='ltr'><strong>δὲ</strong></span> <span class='ocrx_word' id='word_1_428' title='bbox 1290 3739 1748 3811; x_wconf 83' lang='grc' dir='ltr'>καταχρηστικῶς</span> <span class='ocrx_word' id='word_1_429' title='bbox 1779 3740 1841 3792; x_wconf 83' lang='grc' dir='ltr'>οὐ</span> <span class='ocrx_word' id='word_1_430' title='bbox 1869 3739 1955 3793; x_wconf 87' lang='grc' dir='ltr'>λέ-</span> 
     </span>
    </p>
   </div>
   <div class='ocr_carea' id='block_1_57' title="bbox 377 3826 1953 3902">
    <p class='ocr_par' dir='ltr' id='par_1_57' title="bbox 377 3826 1953 3902">
     <span class='ocr_line' id='line_1_57' title="bbox 377 3826 1953 3902; baseline 0.005 -24"><span class='ocrx_word' id='word_1_431' title='bbox 377 3841 467 3894; x_wconf 85' lang='grc' dir='ltr'><strong>γει</strong></span> <span class='ocrx_word' id='word_1_432' title='bbox 497 3826 698 3897; x_wconf 84' lang='grc' dir='ltr'>σάρκα,</span> <span class='ocrx_word' id='word_1_433' title='bbox 726 3827 860 3882; x_wconf 81' lang='grc' dir='ltr'><strong>ἀλλά</strong></span> <span class='ocrx_word' id='word_1_434' title='bbox 894 3827 986 3882; x_wconf 76' lang='grc' dir='ltr'>τὸν</span> <span class='ocrx_word' id='word_1_435' title='bbox 1016 3828 1271 3902; x_wconf 83' lang='grc' dir='ltr'>δεύτερον</span> <span class='ocrx_word' id='word_1_436' title='bbox 1305 3829 1611 3901; x_wconf 76' lang='grc' dir='ltr'>ἄνθρωπον,</span> <span class='ocrx_word' id='word_1_437' title='bbox 1640 3830 1787 3896; x_wconf 78' lang='grc' dir='ltr'>ἐξότε</span> <span class='ocrx_word' id='word_1_438' title='bbox 1812 3830 1953 3886; x_wconf 82' lang='grc' dir='ltr'>ἀνω-</span> 
     </span>
    </p>
   </div>
   <div class='ocr_carea' id='block_1_58' title="bbox 378 3913 1954 3992">
    <p class='ocr_par' dir='ltr' id='par_1_58' title="bbox 378 3913 1954 3992">
     <span class='ocr_line' id='line_1_58' title="bbox 378 3913 1954 3992; baseline 0.003 -21"><span class='ocrx_word' id='word_1_439' title='bbox 378 3916 471 3971; x_wconf 89' lang='grc' dir='ltr'><strong>θεν</strong></span> <span class='ocrx_word' id='word_1_440' title='bbox 506 3913 670 3990; x_wconf 76' lang='grc' dir='ltr'>ἦλθεν</span> <span class='ocrx_word' id='word_1_441' title='bbox 714 3921 743 3973; x_wconf 91' lang='lat'><strong>6</strong></span> <span class='ocrx_word' id='word_1_442' title='bbox 787 3920 979 3989; x_wconf 85' lang='grc' dir='ltr'>Λόγος,</span> <span class='ocrx_word' id='word_1_443' title='bbox 1011 3919 1111 3974; x_wconf 77' lang='grc' dir='ltr'><strong>καί</strong></span> <span class='ocrx_word' id='word_1_444' title='bbox 1139 3920 1493 3990; x_wconf 79' lang='grc' dir='ltr'>ἐσκήνωσεν</span> <span class='ocrx_word' id='word_1_445' title='bbox 1519 3922 1589 3979; x_wconf 71' lang='grc' dir='ltr'>ἐν</span> <span class='ocrx_word' id='word_1_446' title='bbox 1619 3921 1782 3992; x_wconf 73' lang='grc' dir='ltr'>ἡμῖν,</span> <span class='ocrx_word' id='word_1_447' title='bbox 1811 3922 1954 3976; x_wconf 83' lang='grc' dir='ltr'>κατὰ</span> 
     </span>
    </p>
   </div>
   <div class='ocr_carea' id='block_1_59' title="bbox 376 4007 1953 4085">
    <p class='ocr_par' dir='ltr' id='par_1_59' title="bbox 376 4007 1953 4085">
     <span class='ocr_line' id='line_1_59' title="bbox 376 4007 1953 4085; baseline 0.002 -22"><span class='ocrx_word' id='word_1_448' title='bbox 376 4009 440 4063; x_wconf 81' lang='grc' dir='ltr'>τὸ</span> <span class='ocrx_word' id='word_1_449' title='bbox 467 4012 870 4081; x_wconf 79' lang='grc' dir='ltr'>γεγραμμένον.</span> <span class='ocrx_word' id='word_1_450' title='bbox 901 4012 965 4064; x_wconf 76' lang='lat' dir='ltr'><strong>Et</strong></span> <span class='ocrx_word' id='word_1_451' title='bbox 992 4007 1083 4066; x_wconf 80' lang='grc' dir='ltr'>οὖν</span> <span class='ocrx_word' id='word_1_452' title='bbox 1116 4012 1472 4084; x_wconf 83' lang='grc' dir='ltr'>προϋπῆρχεν</span> <span class='ocrx_word' id='word_1_453' title='bbox 1521 4015 1550 4066; x_wconf 91' lang='lat'><strong>6</strong></span> <span class='ocrx_word' id='word_1_454' title='bbox 1591 4013 1816 4085; x_wconf 83' lang='grc' dir='ltr'>Κύριος,</span> <span class='ocrx_word' id='word_1_455' title='bbox 1857 4013 1953 4066; x_wconf 82' lang='grc' dir='ltr'>καὶ</span> 
     </span>
    </p>
   </div>
   <div class='ocr_carea' id='block_1_60' title="bbox 376 4099 1951 4171">
    <p class='ocr_par' dir='ltr' id='par_1_60' title="bbox 376 4099 1951 4171">
     <span class='ocr_line' id='line_1_60' title="bbox 376 4099 1951 4171; baseline 0.003 -19"><span class='ocrx_word' id='word_1_456' title='bbox 376 4101 664 4171; x_wconf 84' lang='grc' dir='ltr'>πάρεστιν,</span> <span class='ocrx_word' id='word_1_457' title='bbox 688 4102 787 4168; x_wconf 83' lang='grc' dir='ltr'>Ὃς</span> <span class='ocrx_word' id='word_1_458' title='bbox 810 4100 1025 4170; x_wconf 67' lang='grc' dir='ltr'>ἐφεῦρε</span> <span class='ocrx_word' id='word_1_459' title='bbox 1053 4101 1261 4156; x_wconf 84' lang='grc' dir='ltr'>πᾶσαν</span> <span class='ocrx_word' id='word_1_460' title='bbox 1283 4099 1430 4158; x_wconf 80' lang='grc' dir='ltr'><strong>ὁδὸν</strong></span> <span class='ocrx_word' id='word_1_461' title='bbox 1457 4103 1785 4169; x_wconf 84' lang='grc' dir='ltr'>συνέσεως,</span> <span class='ocrx_word' id='word_1_462' title='bbox 1811 4099 1951 4157; x_wconf 77' lang='grc' dir='ltr'>εἶναι</span> 
     </span>
    </p>
   </div>
   <div class='ocr_carea' id='block_1_61' title="bbox 375 4192 1951 4267">
    <p class='ocr_par' dir='ltr' id='par_1_61' title="bbox 375 4192 1951 4267">
     <span class='ocr_line' id='line_1_61' title="bbox 375 4192 1951 4267; baseline 0.002 -21"><span class='ocrx_word' id='word_1_463' title='bbox 375 4192 435 4246; x_wconf 75' lang='grc' dir='ltr'><strong>δὲ</strong></span> <span class='ocrx_word' id='word_1_464' title='bbox 463 4193 645 4259; x_wconf 82' lang='grc' dir='ltr'>αὐτὸν,</span> <span class='ocrx_word' id='word_1_465' title='bbox 676 4193 752 4258; x_wconf 85' lang='grc' dir='ltr'>ὡς</span> <span class='ocrx_word' id='word_1_466' title='bbox 778 4195 880 4247; x_wconf 78' lang='grc' dir='ltr'>οὐκ</span> <span class='ocrx_word' id='word_1_467' title='bbox 909 4192 1239 4263; x_wconf 79' lang='grc' dir='ltr'>ἀμφιϐάλλει</span> <span class='ocrx_word' id='word_1_468' title='bbox 1273 4195 1307 4265; x_wconf 79' lang='grc' dir='ltr'>ἡ</span> <span class='ocrx_word' id='word_1_469' title='bbox 1333 4192 1452 4249; x_wconf 86' lang='grc' dir='ltr'>θεία</span> <span class='ocrx_word' id='word_1_470' title='bbox 1480 4195 1689 4265; x_wconf 83' lang='grc' dir='ltr'>Γραφή.</span> <span class='ocrx_word' id='word_1_471' title='bbox 1723 4195 1804 4248; x_wconf 89' lang='grc' dir='ltr'><strong>Τά</strong></span> <span class='ocrx_word' id='word_1_472' title='bbox 1840 4195 1951 4267; x_wconf 80' lang='grc' dir='ltr'><strong>γὰρ</strong></span> 
     </span>
    </p>
   </div>
   <div class='ocr_carea' id='block_1_62' title="bbox 378 4283 1950 4359">
    <p class='ocr_par' dir='ltr' id='par_1_62' title="bbox 378 4283 1950 4359">
     <span class='ocr_line' id='line_1_62' title="bbox 378 4283 1950 4359; baseline 0.003 -22"><span class='ocrx_word' id='word_1_473' title='bbox 378 4284 521 4354; x_wconf 84' lang='grc' dir='ltr'><strong>μετά</strong></span> <span class='ocrx_word' id='word_1_474' title='bbox 554 4283 729 4339; x_wconf 80' lang='grc' dir='ltr'>ταῦτα</span> <span class='ocrx_word' id='word_1_475' title='bbox 785 4286 1040 4356; x_wconf 86' lang='grc' dir='ltr'>σημαίνει</span> <span class='ocrx_word' id='word_1_476' title='bbox 1080 4288 1319 4358; x_wconf 86' lang='grc' dir='ltr'>προόντα</span> <span class='ocrx_word' id='word_1_477' title='bbox 1338 4326 1354 4350; x_wconf 94' lang='grc'><strong>,</strong></span> <span class='ocrx_word' id='word_1_478' title='bbox 1402 4286 1498 4338; x_wconf 76' lang='grc' dir='ltr'><strong>καὶ</strong></span> <span class='ocrx_word' id='word_1_479' title='bbox 1547 4286 1609 4339; x_wconf 84' lang='grc' dir='ltr'>τὸ</span> <span class='ocrx_word' id='word_1_480' title='bbox 1657 4287 1950 4359; x_wconf 81' lang='grc' dir='ltr'>εὑρηκέναι</span> 
     </span>
    </p>
   </div>
   <div class='ocr_carea' id='block_1_63' title="bbox 376 4373 1949 4450">
    <p class='ocr_par' dir='ltr' id='par_1_63' title="bbox 376 4373 1949 4450">
     <span class='ocr_line' id='line_1_63' title="bbox 376 4373 1949 4450; baseline 0.001 -21"><span class='ocrx_word' id='word_1_481' title='bbox 376 4377 558 4430; x_wconf 80' lang='grc' dir='ltr'>πᾶσαν</span> <span class='ocrx_word' id='word_1_482' title='bbox 602 4375 720 4430; x_wconf 85' lang='grc' dir='ltr'>όδὸν</span> <span class='ocrx_word' id='word_1_483' title='bbox 768 4379 1073 4442; x_wconf 78' lang='grc' dir='ltr'>συνέσεως·</span> <span class='ocrx_word' id='word_1_484' title='bbox 1123 4373 1244 4432; x_wconf 85' lang='grc' dir='ltr'>εἶτα</span> <span class='ocrx_word' id='word_1_485' title='bbox 1294 4377 1387 4431; x_wconf 75' lang='grc' dir='ltr'><strong>ἐπὶ</strong></span> <span class='ocrx_word' id='word_1_486' title='bbox 1444 4375 1550 4446; x_wconf 84' lang='grc' dir='ltr'>γῆς</span> <span class='ocrx_word' id='word_1_487' title='bbox 1604 4376 1801 4450; x_wconf 77' lang='grc' dir='ltr'>ὤφθη,</span> <span class='ocrx_word' id='word_1_488' title='bbox 1851 4378 1949 4447; x_wconf 78' lang='grc' dir='ltr'>τὴν</span> 
     </span>
    </p>
   </div>
   <div class='ocr_carea' id='block_1_64' title="bbox 2059 1900 3644 1972">
    <p class='ocr_par' dir='ltr' id='par_1_64' title="bbox 2059 1900 3644 1972">
     <span class='ocr_line' id='line_1_64' title="bbox 2059 1900 3644 1972; baseline -0.001 -15"><span class='ocrx_word' id='word_1_489' title='bbox 2059 1909 2114 1956; x_wconf 87' lang='lat' dir='ltr'><strong>et</strong></span> <span class='ocrx_word' id='word_1_490' title='bbox 2133 1900 2367 1957; x_wconf 89' lang='lat' dir='ltr'><strong>Verbum</strong></span> <span class='ocrx_word' id='word_1_491' title='bbox 2408 1901 2564 1967; x_wconf 92' lang='lat' dir='ltr'><strong>illud,</strong></span> <span class='ocrx_word' id='word_1_492' title='bbox 2608 1900 2753 1971; x_wconf 91' lang='lat' dir='ltr'><strong>quod</strong></span> <span class='ocrx_word' id='word_1_493' title='bbox 2785 1902 2841 1957; x_wconf 87' lang='lat' dir='ltr'><strong>in</strong></span> <span class='ocrx_word' id='word_1_494' title='bbox 2884 1917 2970 1957; x_wconf 90' lang='lat' dir='ltr'><strong>me</strong></span> <span class='ocrx_word' id='word_1_495' title='bbox 2995 1911 3098 1957; x_wconf 86' lang='lat' dir='ltr'><strong>est.</strong></span> <span class='ocrx_word' id='word_1_496' title='bbox 3140 1901 3253 1956; x_wconf 83' lang='lat' dir='ltr'><strong>Hoc</strong></span> <span class='ocrx_word' id='word_1_497' title='bbox 3275 1910 3455 1956; x_wconf 90' lang='lat' dir='ltr'><strong>autem</strong></span> <span class='ocrx_word' id='word_1_498' title='bbox 3483 1903 3644 1972; x_wconf 88' lang='lat' dir='ltr'><strong>paulo</strong></span> 
     </span>
    </p>
   </div>
   <div class='ocr_carea' id='block_1_65' title="bbox 2059 1990 3643 2057">
    <p class='ocr_par' dir='ltr' id='par_1_65' title="bbox 2059 1990 3643 2057">
     <span class='ocr_line' id='line_1_65' title="bbox 2059 1990 3643 2057; baseline 0.001 -10"><span class='ocrx_word' id='word_1_499' title='bbox 2059 2002 2186 2053; x_wconf 88' lang='lat' dir='ltr'><strong>ante</strong></span> <span class='ocrx_word' id='word_1_500' title='bbox 2210 1992 2548 2057; x_wconf 89' lang='lat' dir='ltr'><strong>monuimus.</strong></span> <span class='ocrx_word' id='word_1_501' title='bbox 2594 1990 2888 2048; x_wconf 90' lang='lat' dir='ltr'><strong>Pbotinum</strong></span> <span class='ocrx_word' id='word_1_502' title='bbox 2916 2009 2979 2048; x_wconf 79' lang='lat' dir='ltr'><strong>ex</strong></span> <span class='ocrx_word' id='word_1_503' title='bbox 3005 1991 3157 2047; x_wconf 87' lang='lat' dir='ltr'><strong>Pauli</strong></span> <span class='ocrx_word' id='word_1_504' title='bbox 3192 1992 3531 2050; x_wconf 89' lang='lat' dir='ltr'><strong>Samosateni</strong></span> <span class='ocrx_word' id='word_1_505' title='bbox 3558 1995 3643 2048; x_wconf 91' lang='lat' dir='ltr'><strong>fa-</strong></span> 
     </span>
    </p>
   </div>
   <div class='ocr_carea' id='block_1_66' title="bbox 2059 2083 3643 2154">
    <p class='ocr_par' dir='ltr' id='par_1_66' title="bbox 2059 2083 3643 2154">
     <span class='ocr_line' id='line_1_66' title="bbox 2059 2083 3643 2154; baseline -0.001 -14"><span class='ocrx_word' id='word_1_506' title='bbox 2059 2086 2241 2145; x_wconf 87' lang='lat' dir='ltr'><strong>ctione</strong></span> <span class='ocrx_word' id='word_1_507' title='bbox 2276 2100 2421 2151; x_wconf 87' lang='lat' dir='ltr'><strong>esse,</strong></span> <span class='ocrx_word' id='word_1_508' title='bbox 2452 2083 2751 2154; x_wconf 87' lang='lat' dir='ltr'><strong>eademque</strong></span> <span class='ocrx_word' id='word_1_509' title='bbox 2784 2099 2909 2139; x_wconf 91' lang='lat' dir='ltr'><strong>cum</strong></span> <span class='ocrx_word' id='word_1_510' title='bbox 2963 2084 3058 2139; x_wconf 90' lang='lat' dir='ltr'><strong>illo</strong></span> <span class='ocrx_word' id='word_1_511' title='bbox 3086 2084 3396 2149; x_wconf 82' lang='lat' dir='ltr'><strong>defendere,</strong></span> <span class='ocrx_word' id='word_1_512' title='bbox 3429 2087 3643 2141; x_wconf 84' lang='lat' dir='ltr'><strong>tametsi</strong></span> 
     </span>
    </p>
   </div>
   <div class='ocr_carea' id='block_1_67' title="bbox 2060 2175 3640 2247">
    <p class='ocr_par' dir='ltr' id='par_1_67' title="bbox 2060 2175 3640 2247">
     <span class='ocr_line' id='line_1_67' title="bbox 2060 2175 3640 2247; baseline -0.002 -16"><span class='ocrx_word' id='word_1_513' title='bbox 2060 2177 2213 2235; x_wconf 86' lang='lat' dir='ltr'><strong>illum</strong></span> <span class='ocrx_word' id='word_1_514' title='bbox 2245 2177 2423 2247; x_wconf 90' lang='lat' dir='ltr'><strong>ipsum</strong></span> <span class='ocrx_word' id='word_1_515' title='bbox 2455 2175 2613 2231; x_wconf 86' lang='lat' dir='ltr'><strong>novis</strong></span> <span class='ocrx_word' id='word_1_516' title='bbox 2642 2175 2924 2233; x_wconf 84' lang='lat' dir='ltr'><strong>erroribus</strong></span> <span class='ocrx_word' id='word_1_517' title='bbox 2956 2176 3296 2246; x_wconf 89' lang='lat' dir='ltr'><strong>inventisque</strong></span> <span class='ocrx_word' id='word_1_518' title='bbox 3338 2175 3640 2247; x_wconf 85' lang='lat' dir='ltr'><strong>superavit.</strong></span> 
     </span>
    </p>
   </div>
   <div class='ocr_carea' id='block_1_68' title="bbox 2130 2266 3641 2338">
    <p class='ocr_par' dir='ltr' id='par_1_68' title="bbox 2130 2266 3641 2338">
     <span class='ocr_line' id='line_1_68' title="bbox 2130 2266 3641 2338; baseline -0.001 -15"><span class='ocrx_word' id='word_1_519' title='bbox 2130 2267 2218 2323; x_wconf 89' lang='lat' dir='ltr'><strong>lll.</strong></span> <span class='ocrx_word' id='word_1_520' title='bbox 2245 2267 2450 2325; x_wconf 88' lang='lat' dir='ltr'><strong>Verum</strong></span> <span class='ocrx_word' id='word_1_521' title='bbox 2493 2267 2850 2324; x_wconf 86' lang='lat' dir='ltr'><strong>nihilominus</strong></span> <span class='ocrx_word' id='word_1_522' title='bbox 2887 2275 2942 2321; x_wconf 91' lang='lat' dir='ltr'><strong>et</strong></span> <span class='ocrx_word' id='word_1_523' title='bbox 2987 2267 3103 2337; x_wconf 90' lang='lat' dir='ltr'><strong>ipse</strong></span> <span class='ocrx_word' id='word_1_524' title='bbox 3130 2266 3429 2331; x_wconf 82' lang='lat' dir='ltr'><strong>refelletur,</strong></span> <span class='ocrx_word' id='word_1_525' title='bbox 3463 2268 3554 2338; x_wconf 92' lang='lat' dir='ltr'><strong>qui</strong></span> <span class='ocrx_word' id='word_1_526' title='bbox 3586 2268 3641 2322; x_wconf 76' lang='lat' dir='ltr'><strong>in</strong></span> 
     </span>
    </p>
   </div>
   <div class='ocr_carea' id='block_1_69' title="bbox 2059 2355 3644 2435">
    <p class='ocr_par' dir='ltr' id='par_1_69' title="bbox 2059 2355 3644 2435">
     <span class='ocr_line' id='line_1_69' title="bbox 2059 2355 3644 2435; baseline -0.001 -20"><span class='ocrx_word' id='word_1_527' title='bbox 2059 2368 2356 2415; x_wconf 62' lang='lat' dir='ltr'><strong>extremam</strong></span> <span class='ocrx_word' id='word_1_528' title='bbox 2400 2357 2727 2428; x_wconf 83' lang='lat' dir='ltr'><strong>impietatem</strong></span> <span class='ocrx_word' id='word_1_529' title='bbox 2746 2371 2819 2435; x_wconf 84' lang='lat' dir='ltr'><strong>ac</strong></span> <span class='ocrx_word' id='word_1_530' title='bbox 2844 2357 3015 2411; x_wconf 85' lang='lat' dir='ltr'><strong>divini</strong></span> <span class='ocrx_word' id='word_1_531' title='bbox 3045 2355 3297 2415; x_wconf 89' lang='lat' dir='ltr'><strong>Numinis</strong></span> <span class='ocrx_word' id='word_1_532' title='bbox 3326 2358 3644 2431; x_wconf 78' lang='lat' dir='ltr'><strong>abnegatio-</strong></span> 
     </span>
    </p>
   </div>
   <div class='ocr_carea' id='block_1_70' title="bbox 2060 2449 3645 2521">
    <p class='ocr_par' dir='ltr' id='par_1_70' title="bbox 2060 2449 3645 2521">
     <span class='ocr_line' id='line_1_70' title="bbox 2060 2449 3645 2521; baseline -0.001 -16"><span class='ocrx_word' id='word_1_533' title='bbox 2060 2465 2183 2508; x_wconf 88' lang='lat' dir='ltr'><strong>nem</strong></span> <span class='ocrx_word' id='word_1_534' title='bbox 2233 2449 2544 2521; x_wconf 89' lang='lat' dir='ltr'><strong>prolapsus,</strong></span> <span class='ocrx_word' id='word_1_535' title='bbox 2586 2458 2640 2504; x_wconf 91' lang='lat' dir='ltr'><strong>et</strong></span> <span class='ocrx_word' id='word_1_536' title='bbox 2684 2449 2861 2503; x_wconf 86' lang='lat' dir='ltr'><strong>aliena</strong></span> <span class='ocrx_word' id='word_1_537' title='bbox 2899 2463 2931 2502; x_wconf 92' lang='lat' dir='ltr'><strong>a</strong></span> <span class='ocrx_word' id='word_1_538' title='bbox 2970 2450 3298 2520; x_wconf 82' lang='lat' dir='ltr'><strong>sempiterna</strong></span> <span class='ocrx_word' id='word_1_539' title='bbox 3340 2450 3445 2504; x_wconf 76' lang='lat' dir='ltr'><strong>vita</strong></span> <span class='ocrx_word' id='word_1_540' title='bbox 3493 2467 3645 2506; x_wconf 85' lang='lat' dir='ltr'><strong>com-</strong></span> 
     </span>
    </p>
   </div>
   <div class='ocr_carea' id='block_1_71' title="bbox 2059 2544 3643 2620">
    <p class='ocr_par' dir='ltr' id='par_1_71' title="bbox 2059 2544 3643 2620">
     <span class='ocr_line' id='line_1_71' title="bbox 2059 2544 3643 2620; baseline 0.006 -26"><span class='ocrx_word' id='word_1_541' title='bbox 2059 2550 2239 2597; x_wconf 90' lang='lat' dir='ltr'><strong>menta</strong></span> <span class='ocrx_word' id='word_1_542' title='bbox 2266 2552 2489 2601; x_wconf 89' lang='lat' dir='ltr'><strong>secutus</strong></span> <span class='ocrx_word' id='word_1_543' title='bbox 2516 2553 2619 2601; x_wconf 90' lang='lat' dir='ltr'><strong>est.</strong></span> <span class='ocrx_word' id='word_1_544' title='bbox 2651 2544 2788 2603; x_wconf 87' lang='lat' dir='ltr'><strong>Nam</strong></span> <span class='ocrx_word' id='word_1_545' title='bbox 2822 2547 2868 2602; x_wconf 87' lang='lat' dir='ltr'><strong>si</strong></span> <span class='ocrx_word' id='word_1_546' title='bbox 2901 2562 3091 2604; x_wconf 86' lang='lat' dir='ltr'><strong>recens</strong></span> <span class='ocrx_word' id='word_1_547' title='bbox 3120 2549 3255 2603; x_wconf 88' lang='lat' dir='ltr'><strong>adeo</strong></span> <span class='ocrx_word' id='word_1_548' title='bbox 3284 2557 3385 2610; x_wconf 90' lang='lat' dir='ltr'><strong>cst,</strong></span> <span class='ocrx_word' id='word_1_549' title='bbox 3410 2549 3552 2620; x_wconf 91' lang='lat' dir='ltr'><strong>quod</strong></span> <span class='ocrx_word' id='word_1_550' title='bbox 3573 2548 3643 2604; x_wconf 91' lang='lat' dir='ltr'><strong>ad</strong></span> 
     </span>
    </p>
   </div>
   <div class='ocr_carea' id='block_1_72' title="bbox 2058 2635 3643 2713">
    <p class='ocr_par' dir='ltr' id='par_1_72' title="bbox 2058 2635 3643 2713">
     <span class='ocr_line' id='line_1_72' title="bbox 2058 2635 3643 2713; baseline 0.004 -24"><span class='ocrx_word' id='word_1_551' title='bbox 2058 2635 2398 2691; x_wconf 83' lang='lat' dir='ltr'><strong>divinitatem</strong></span> <span class='ocrx_word' id='word_1_552' title='bbox 2429 2637 2643 2702; x_wconf 90' lang='lat' dir='ltr'><strong>attinet,</strong></span> <span class='ocrx_word' id='word_1_553' title='bbox 2675 2636 2769 2693; x_wconf 88' lang='lat' dir='ltr'><strong>Dei</strong></span> <span class='ocrx_word' id='word_1_554' title='bbox 2810 2636 2999 2703; x_wconf 85' lang='lat' dir='ltr'><strong>Filius,</strong></span> <span class='ocrx_word' id='word_1_555' title='bbox 3025 2655 3366 2713; x_wconf 88' lang='lat' dir='ltr'><strong>consequens</strong></span> <span class='ocrx_word' id='word_1_556' title='bbox 3394 2651 3499 2704; x_wconf 90' lang='lat' dir='ltr'><strong>est,</strong></span> <span class='ocrx_word' id='word_1_557' title='bbox 3532 2656 3643 2695; x_wconf 89' lang='lat' dir='ltr'><strong>non</strong></span> 
     </span>
    </p>
   </div>
   <div class='ocr_carea' id='block_1_73' title="bbox 2063 2726 3640 2799">
    <p class='ocr_par' dir='ltr' id='par_1_73' title="bbox 2063 2726 3640 2799">
     <span class='ocr_line' id='line_1_73' title="bbox 2063 2726 3640 2799; baseline 0.004 -18"><span class='ocrx_word' id='word_1_558' title='bbox 2063 2728 2224 2783; x_wconf 92' lang='lat' dir='ltr'><strong>modo</strong></span> <span class='ocrx_word' id='word_1_559' title='bbox 2255 2726 2514 2786; x_wconf 88' lang='lat' dir='ltr'><strong>Davidem</strong></span> <span class='ocrx_word' id='word_1_560' title='bbox 2548 2731 2642 2784; x_wconf 92' lang='lat' dir='ltr'><strong>illo</strong></span> <span class='ocrx_word' id='word_1_561' title='bbox 2684 2732 3010 2787; x_wconf 85' lang='lat' dir='ltr'><strong>anteriorem</strong></span> <span class='ocrx_word' id='word_1_562' title='bbox 3037 2748 3179 2799; x_wconf 90' lang='lat' dir='ltr'><strong>esse,</strong></span> <span class='ocrx_word' id='word_1_563' title='bbox 3223 2733 3318 2789; x_wconf 89' lang='lat' dir='ltr'><strong>sed</strong></span> <span class='ocrx_word' id='word_1_564' title='bbox 3368 2744 3421 2788; x_wconf 87' lang='lat' dir='ltr'><strong>et</strong></span> <span class='ocrx_word' id='word_1_565' title='bbox 3464 2734 3640 2788; x_wconf 90' lang='lat' dir='ltr'><strong>eidem</strong></span> 
     </span>
    </p>
   </div>
   <div class='ocr_carea' id='block_1_74' title="bbox 2061 2818 3639 2896">
    <p class='ocr_par' dir='ltr' id='par_1_74' title="bbox 2061 2818 3639 2896">
     <span class='ocr_line' id='line_1_74' title="bbox 2061 2818 3639 2896; baseline 0.004 -24"><span class='ocrx_word' id='word_1_566' title='bbox 2061 2818 2331 2875; x_wconf 85' lang='lat' dir='ltr'><strong>conditori</strong></span> <span class='ocrx_word' id='word_1_567' title='bbox 2385 2835 2487 2876; x_wconf 90' lang='lat' dir='ltr'><strong>suo</strong></span> <span class='ocrx_word' id='word_1_568' title='bbox 2535 2822 2956 2896; x_wconf 70' lang='lat' dir='ltr'><strong>praeferendum.</strong></span> <span class='ocrx_word' id='word_1_569' title='bbox 3029 2825 3205 2894; x_wconf 85' lang='lat' dir='ltr'><strong>Atque</strong></span> <span class='ocrx_word' id='word_1_570' title='bbox 3251 2825 3367 2880; x_wconf 58' lang='lat' dir='ltr'><strong>haec</strong></span> <span class='ocrx_word' id='word_1_571' title='bbox 3418 2825 3639 2896; x_wconf 89' lang='lat' dir='ltr'><strong>quidem</strong></span> 
     </span>
    </p>
   </div>
   <div class='ocr_carea' id='block_1_75' title="bbox 2062 2907 3640 2983">
    <p class='ocr_par' dir='ltr' id='par_1_75' title="bbox 2062 2907 3640 2983">
     <span class='ocr_line' id='line_1_75' title="bbox 2062 2907 3640 2983; baseline 0.003 -21"><span class='ocrx_word' id='word_1_572' title='bbox 2062 2907 2296 2965; x_wconf 73' lang='lat' dir='ltr'><strong>hmretici</strong></span> <span class='ocrx_word' id='word_1_573' title='bbox 2327 2910 2471 2967; x_wconf 91' lang='lat' dir='ltr'><strong>illius</strong></span> <span class='ocrx_word' id='word_1_574' title='bbox 2498 2911 2684 2983; x_wconf 78' lang='lat' dir='ltr'><strong>Opinio</strong></span> <span class='ocrx_word' id='word_1_575' title='bbox 2713 2910 2963 2982; x_wconf 89' lang='lat' dir='ltr'><strong>fuit,qui,</strong></span> <span class='ocrx_word' id='word_1_576' title='bbox 2995 2927 3276 2967; x_wconf 89' lang='lat' dir='ltr'><strong>sacrarum</strong></span> <span class='ocrx_word' id='word_1_577' title='bbox 3308 2911 3640 2968; x_wconf 84' lang='lat' dir='ltr'><strong>Litterarum</strong></span> 
     </span>
    </p>
   </div>
   <div class='ocr_carea' id='block_1_76' title="bbox 2060 3001 3638 3076">
    <p class='ocr_par' dir='ltr' id='par_1_76' title="bbox 2060 3001 3638 3076">
     <span class='ocr_line' id='line_1_76' title="bbox 2060 3001 3638 3076; baseline 0.002 -21"><span class='ocrx_word' id='word_1_578' title='bbox 2060 3001 2377 3056; x_wconf 86' lang='lat' dir='ltr'><strong>auctoritate</strong></span> <span class='ocrx_word' id='word_1_579' title='bbox 2425 3012 2754 3074; x_wconf 88' lang='lat' dir='ltr'><strong>contempta,</strong></span> <span class='ocrx_word' id='word_1_580' title='bbox 2804 3005 2926 3074; x_wconf 86' lang='lat' dir='ltr'><strong>ejus</strong></span> <span class='ocrx_word' id='word_1_581' title='bbox 2982 3004 3296 3061; x_wconf 89' lang='lat' dir='ltr'><strong>testimonio</strong></span> <span class='ocrx_word' id='word_1_582' title='bbox 3353 3020 3638 3076; x_wconf 82' lang='lat' dir='ltr'><strong>perperam</strong></span> 
     </span>
    </p>
   </div>
   <div class='ocr_carea' id='block_1_77' title="bbox 2062 3092 3642 3169">
    <p class='ocr_par' dir='ltr' id='par_1_77' title="bbox 2062 3092 3642 3169">
     <span class='ocr_line' id='line_1_77' title="bbox 2062 3092 3642 3169; baseline 0.003 -23"><span class='ocrx_word' id='word_1_583' title='bbox 2062 3092 2338 3149; x_wconf 89' lang='lat' dir='ltr'><strong>intellecto</strong></span> <span class='ocrx_word' id='word_1_584' title='bbox 2367 3094 2448 3149; x_wconf 89' lang='lat' dir='ltr'><strong>sic</strong></span> <span class='ocrx_word' id='word_1_585' title='bbox 2478 3096 2726 3150; x_wconf 88' lang='lat' dir='ltr'><strong>abutitur</strong></span> <span class='ocrx_word' id='word_1_586' title='bbox 2748 3115 2762 3150; x_wconf 87' lang='lat'><strong>:</strong></span> <span class='ocrx_word' id='word_1_587' title='bbox 2783 3097 3098 3167; x_wconf 81' lang='lat' dir='ltr'><strong>Apostolus,</strong></span> <span class='ocrx_word' id='word_1_588' title='bbox 3134 3096 3330 3168; x_wconf 90' lang='lat' dir='ltr'><strong>inquit,</strong></span> <span class='ocrx_word' id='word_1_589' title='bbox 3358 3098 3431 3152; x_wconf 89' lang='lat' dir='ltr'><strong>ita</strong></span> <span class='ocrx_word' id='word_1_590' title='bbox 3465 3099 3642 3169; x_wconf 82' lang='lat' dir='ltr'><strong>loqui-</strong></span> 
     </span>
    </p>
   </div>
   <div class='ocr_carea' id='block_1_78' title="bbox 2061 3181 3643 3254">
    <p class='ocr_par' dir='ltr' id='par_1_78' title="bbox 2061 3181 3643 3254">
     <span class='ocr_line' id='line_1_78' title="bbox 2061 3181 3643 3254; baseline 0.006 -20"><span class='ocrx_word' id='word_1_591' title='bbox 2061 3189 2186 3236; x_wconf 86' lang='lat' dir='ltr'><strong>tur:</strong></span> <span class='ocrx_word' id='word_1_592' title='bbox 2250 3181 2468 3237; x_wconf 79' lang='lat' dir='ltr'><strong>Primus</strong></span> <span class='ocrx_word' id='word_1_593' title='bbox 2506 3184 2660 3239; x_wconf 83' lang='lat' dir='ltr'><strong>homo</strong></span> <span class='ocrx_word' id='word_1_594' title='bbox 2698 3184 2761 3240; x_wconf 85' lang='lat' dir='ltr'><strong>de</strong></span> <span class='ocrx_word' id='word_1_595' title='bbox 2801 3195 2945 3240; x_wconf 86' lang='lat' dir='ltr'><strong>terra</strong></span> <span class='ocrx_word' id='word_1_596' title='bbox 2985 3196 3242 3254; x_wconf 73' lang='lat' dir='ltr'><strong>terrenus,</strong></span> <span class='ocrx_word' id='word_1_597' title='bbox 3283 3187 3541 3243; x_wconf 75' lang='lat' dir='ltr'><strong>secundus</strong></span> <span class='ocrx_word' id='word_1_598' title='bbox 3576 3188 3643 3243; x_wconf 87' lang='lat' dir='ltr'><strong>de</strong></span> 
     </span>
    </p>
   </div>
   <div class='ocr_carea' id='block_1_79' title="bbox 2059 3273 3638 3351">
    <p class='ocr_par' dir='ltr' id='par_1_79' title="bbox 2059 3273 3638 3351">
     <span class='ocr_line' id='line_1_79' title="bbox 2059 3273 3638 3351; baseline 0.004 -24"><span class='ocrx_word' id='word_1_599' title='bbox 2059 3274 2186 3331; x_wconf 69' lang='lat' dir='ltr'><strong>coelo</strong></span> <span class='ocrx_word' id='word_1_600' title='bbox 2209 3273 2250 3327; x_wconf 70' lang='grc'>⁸.</span> <span class='ocrx_word' id='word_1_601' title='bbox 2293 3275 2457 3346; x_wconf 85' lang='lat' dir='ltr'><strong>Atqui</strong></span> <span class='ocrx_word' id='word_1_602' title='bbox 2493 3277 2677 3333; x_wconf 89' lang='lat' dir='ltr'><strong>statim</strong></span> <span class='ocrx_word' id='word_1_603' title='bbox 2715 3278 2793 3335; x_wconf 89' lang='lat' dir='ltr'><strong>illi</strong></span> <span class='ocrx_word' id='word_1_604' title='bbox 2826 3279 3070 3335; x_wconf 87' lang='lat' dir='ltr'><strong>veritatis</strong></span> <span class='ocrx_word' id='word_1_605' title='bbox 3109 3279 3412 3351; x_wconf 81' lang='lat' dir='ltr'><strong>refragatur</strong></span> <span class='ocrx_word' id='word_1_606' title='bbox 3439 3280 3638 3343; x_wconf 84' lang='lat' dir='ltr'><strong>oratio,</strong></span> 
     </span>
    </p>
   </div>
   <div class='ocr_carea' id='block_1_80' title="bbox 2059 3367 3639 3442">
    <p class='ocr_par' dir='ltr' id='par_1_80' title="bbox 2059 3367 3639 3442">
     <span class='ocr_line' id='line_1_80' title="bbox 2059 3367 3639 3442; baseline 0.006 -25"><span class='ocrx_word' id='word_1_607' title='bbox 2059 3381 2122 3419; x_wconf 88' lang='lat' dir='ltr'><strong>ac</strong></span> <span class='ocrx_word' id='word_1_608' title='bbox 2152 3367 2548 3422; x_wconf 85' lang='lat' dir='ltr'><strong>tenebricosam</strong></span> <span class='ocrx_word' id='word_1_609' title='bbox 2590 3368 2737 3425; x_wconf 92' lang='lat' dir='ltr'><strong>illius</strong></span> <span class='ocrx_word' id='word_1_610' title='bbox 2760 3380 2995 3425; x_wconf 88' lang='lat' dir='ltr'><strong>mentem</strong></span> <span class='ocrx_word' id='word_1_611' title='bbox 3021 3371 3315 3442; x_wconf 82' lang='lat' dir='ltr'><strong>redarguit.</strong></span> <span class='ocrx_word' id='word_1_612' title='bbox 3349 3372 3639 3442; x_wconf 85' lang='lat' dir='ltr'><strong>Apostolus</strong></span> 
     </span>
    </p>
   </div>
   <div class='ocr_carea' id='block_1_81' title="bbox 2061 3458 3635 3534">
    <p class='ocr_par' dir='ltr' id='par_1_81' title="bbox 2061 3458 3635 3534">
     <span class='ocr_line' id='line_1_81' title="bbox 2061 3458 3635 3534; baseline 0.003 -21"><span class='ocrx_word' id='word_1_613' title='bbox 2061 3458 2207 3513; x_wconf 88' lang='lat' dir='ltr'><strong>enim</strong></span> <span class='ocrx_word' id='word_1_614' title='bbox 2262 3459 2499 3528; x_wconf 89' lang='lat' dir='ltr'><strong>duplicis</strong></span> <span class='ocrx_word' id='word_1_615' title='bbox 2549 3460 2790 3516; x_wconf 85' lang='lat' dir='ltr'><strong>hominis</strong></span> <span class='ocrx_word' id='word_1_616' title='bbox 2836 3465 3170 3523; x_wconf 86' lang='lat' dir='ltr'><strong>mentionem</strong></span> <span class='ocrx_word' id='word_1_617' title='bbox 3216 3468 3346 3534; x_wconf 82' lang='lat' dir='ltr'><strong>agit,</strong></span> <span class='ocrx_word' id='word_1_618' title='bbox 3403 3479 3635 3534; x_wconf 88' lang='lat' dir='ltr'><strong>quorum</strong></span> 
     </span>
    </p>
   </div>
   <div class='ocr_carea' id='block_1_82' title="bbox 2059 3549 3643 3621">
    <p class='ocr_par' dir='ltr' id='par_1_82' title="bbox 2059 3549 3643 3621">
     <span class='ocr_line' id='line_1_82' title="bbox 2059 3549 3643 3621; baseline 0.003 -21"><span class='ocrx_word' id='word_1_619' title='bbox 2059 3549 2290 3618; x_wconf 89' lang='lat' dir='ltr'><strong>priorem</strong></span> <span class='ocrx_word' id='word_1_620' title='bbox 2323 3549 2483 3621; x_wconf 76' lang='lat'><strong>831</strong></span> <span class='ocrx_word' id='word_1_621' title='bbox 2515 3550 2784 3607; x_wconf 83' lang='lat' dir='ltr'><strong>Adamum</strong></span> <span class='ocrx_word' id='word_1_622' title='bbox 2817 3568 2848 3609; x_wconf 90' lang='lat' dir='ltr'><strong>e</strong></span> <span class='ocrx_word' id='word_1_623' title='bbox 2875 3563 3021 3607; x_wconf 84' lang='lat' dir='ltr'><strong>terra</strong></span> <span class='ocrx_word' id='word_1_624' title='bbox 3052 3561 3370 3620; x_wconf 86' lang='lat' dir='ltr'><strong>terrenum;</strong></span> <span class='ocrx_word' id='word_1_625' title='bbox 3403 3554 3643 3607; x_wconf 84' lang='lat' dir='ltr'><strong>alterum</strong></span> 
     </span>
    </p>
   </div>
   <div class='ocr_carea' id='block_1_83' title="bbox 2057 3624 3646 3715">
    <p class='ocr_par' dir='ltr' id='par_1_83' title="bbox 2057 3624 3646 3715">
     <span class='ocr_line' id='line_1_83' title="bbox 2057 3624 3646 3715; baseline 0.002 -20"><span class='ocrx_word' id='word_1_626' title='bbox 2057 3656 2087 3695; x_wconf 89' lang='lat' dir='ltr'><strong>e</strong></span> <span class='ocrx_word' id='word_1_627' title='bbox 2117 3641 2257 3695; x_wconf 69' lang='lat' dir='ltr'><strong>cmlo</strong></span> <span class='ocrx_word' id='word_1_628' title='bbox 2286 3640 2581 3698; x_wconf 85' lang='lat' dir='ltr'><strong>deductum</strong></span> <span class='ocrx_word' id='word_1_629' title='bbox 2606 3624 2855 3700; x_wconf 75' lang='lat' dir='ltr'><strong>aﬂirmat.</strong></span> <span class='ocrx_word' id='word_1_630' title='bbox 2884 3644 2961 3699; x_wconf 86' lang='lat' dir='ltr'><strong>Ac</strong></span> <span class='ocrx_word' id='word_1_631' title='bbox 2989 3646 3116 3701; x_wconf 88' lang='lat' dir='ltr'><strong>licet</strong></span> <span class='ocrx_word' id='word_1_632' title='bbox 3147 3646 3419 3700; x_wconf 84' lang='lat' dir='ltr'><strong>hominem</strong></span> <span class='ocrx_word' id='word_1_633' title='bbox 3455 3646 3646 3715; x_wconf 55' lang='lat' dir='ltr'><strong>appel-</strong></span> 
     </span>
    </p>
   </div>
   <div class='ocr_carea' id='block_1_84' title="bbox 2057 3733 3644 3806">
    <p class='ocr_par' dir='ltr' id='par_1_84' title="bbox 2057 3733 3644 3806">
     <span class='ocr_line' id='line_1_84' title="bbox 2057 3733 3644 3806; baseline 0.003 -20"><span class='ocrx_word' id='word_1_634' title='bbox 2057 3733 2152 3797; x_wconf 91' lang='lat' dir='ltr'><strong>let,</strong></span> <span class='ocrx_word' id='word_1_635' title='bbox 2184 3748 2292 3789; x_wconf 90' lang='lat' dir='ltr'><strong>non</strong></span> <span class='ocrx_word' id='word_1_636' title='bbox 2330 3741 2512 3790; x_wconf 87' lang='lat' dir='ltr'><strong>tamen</strong></span> <span class='ocrx_word' id='word_1_637' title='bbox 2538 3750 2569 3791; x_wconf 93' lang='lat' dir='ltr'><strong>e</strong></span> <span class='ocrx_word' id='word_1_638' title='bbox 2597 3737 2741 3792; x_wconf 70' lang='lat' dir='ltr'><strong>coelo</strong></span> <span class='ocrx_word' id='word_1_639' title='bbox 2768 3751 2900 3791; x_wconf 89' lang='lat' dir='ltr'><strong>caro</strong></span> <span class='ocrx_word' id='word_1_640' title='bbox 2933 3737 3048 3806; x_wconf 88' lang='lat' dir='ltr'><strong>ipsa</strong></span> <span class='ocrx_word' id='word_1_641' title='bbox 3081 3737 3386 3803; x_wconf 88' lang='lat' dir='ltr'><strong>descendit,</strong></span> <span class='ocrx_word' id='word_1_642' title='bbox 3427 3737 3522 3794; x_wconf 90' lang='lat' dir='ltr'><strong>sed</strong></span> <span class='ocrx_word' id='word_1_643' title='bbox 3555 3738 3644 3792; x_wconf 74' lang='lat' dir='ltr'><strong>vei</strong></span> 
     </span>
    </p>
   </div>
   <div class='ocr_carea' id='block_1_85' title="bbox 2055 3823 3649 3900">
    <p class='ocr_par' dir='ltr' id='par_1_85' title="bbox 2055 3823 3649 3900">
     <span class='ocr_line' id='line_1_85' title="bbox 2055 3823 3649 3900; baseline 0.004 -22"><span class='ocrx_word' id='word_1_644' title='bbox 2055 3823 2261 3881; x_wconf 86' lang='lat' dir='ltr'><strong>fatente</strong></span> <span class='ocrx_word' id='word_1_645' title='bbox 2286 3826 2428 3896; x_wconf 87' lang='lat' dir='ltr'><strong>ipso,</strong></span> <span class='ocrx_word' id='word_1_646' title='bbox 2477 3827 2707 3885; x_wconf 85' lang='lat' dir='ltr'><strong>eMaria</strong></span> <span class='ocrx_word' id='word_1_647' title='bbox 2759 3838 3017 3900; x_wconf 84' lang='lat' dir='ltr'><strong>suscepta</strong></span> <span class='ocrx_word' id='word_1_648' title='bbox 3059 3839 3165 3886; x_wconf 90' lang='lat' dir='ltr'><strong>est.</strong></span> <span class='ocrx_word' id='word_1_649' title='bbox 3214 3830 3288 3886; x_wconf 83' lang='lat' dir='ltr'><strong>De</strong></span> <span class='ocrx_word' id='word_1_650' title='bbox 3336 3832 3478 3887; x_wconf 81' lang='lat' dir='ltr'><strong>ccelo</strong></span> <span class='ocrx_word' id='word_1_651' title='bbox 3510 3848 3649 3886; x_wconf 84' lang='lat' dir='ltr'><strong>vero-</strong></span> 
     </span>
    </p>
   </div>
   <div class='ocr_carea' id='block_1_86' title="bbox 2057 3917 3639 3993">
    <p class='ocr_par' dir='ltr' id='par_1_86' title="bbox 2057 3917 3639 3993">
     <span class='ocr_line' id='line_1_86' title="bbox 2057 3917 3639 3993; baseline 0.002 -21"><span class='ocrx_word' id='word_1_652' title='bbox 2057 3931 2167 3973; x_wconf 87' lang='lat' dir='ltr'><strong>non</strong></span> <span class='ocrx_word' id='word_1_653' title='bbox 2212 3917 2388 3974; x_wconf 87' lang='lat' dir='ltr'><strong>abusu</strong></span> <span class='ocrx_word' id='word_1_654' title='bbox 2424 3918 2661 3993; x_wconf 88' lang='lat' dir='ltr'><strong>quodam</strong></span> <span class='ocrx_word' id='word_1_655' title='bbox 2707 3921 2980 3977; x_wconf 87' lang='lat' dir='ltr'><strong>sermonis</strong></span> <span class='ocrx_word' id='word_1_656' title='bbox 3013 3937 3230 3977; x_wconf 87' lang='lat' dir='ltr'><strong>carnem</strong></span> <span class='ocrx_word' id='word_1_657' title='bbox 3269 3927 3344 3976; x_wconf 90' lang='lat' dir='ltr'><strong>ait</strong></span> <span class='ocrx_word' id='word_1_658' title='bbox 3379 3938 3500 3977; x_wconf 87' lang='lat' dir='ltr'><strong>esse</strong></span> <span class='ocrx_word' id='word_1_659' title='bbox 3542 3921 3639 3975; x_wconf 86' lang='lat' dir='ltr'><strong>de-</strong></span> 
     </span>
    </p>
   </div>
   <div class='ocr_carea' id='block_1_87' title="bbox 2058 4009 3647 4083">
    <p class='ocr_par' dir='ltr' id='par_1_87' title="bbox 2058 4009 3647 4083">
     <span class='ocr_line' id='line_1_87' title="bbox 2058 4009 3647 4083; baseline 0.004 -21"><span class='ocrx_word' id='word_1_660' title='bbox 2058 4009 2286 4079; x_wconf 90' lang='lat' dir='ltr'><strong>lapsam,</strong></span> <span class='ocrx_word' id='word_1_661' title='bbox 2321 4011 2417 4066; x_wconf 87' lang='lat' dir='ltr'><strong>sed</strong></span> <span class='ocrx_word' id='word_1_662' title='bbox 2452 4012 2754 4067; x_wconf 88' lang='lat' dir='ltr'><strong>secundum</strong></span> <span class='ocrx_word' id='word_1_663' title='bbox 2795 4013 3071 4069; x_wconf 86' lang='lat' dir='ltr'><strong>hominem</strong></span> <span class='ocrx_word' id='word_1_664' title='bbox 3102 4012 3402 4069; x_wconf 75' lang='lat' dir='ltr'><strong>duntaxat:</strong></span> <span class='ocrx_word' id='word_1_665' title='bbox 3432 4030 3497 4068; x_wconf 81' lang='lat' dir='ltr'><strong>ex</strong></span> <span class='ocrx_word' id='word_1_666' title='bbox 3528 4030 3647 4083; x_wconf 87' lang='lat' dir='ltr'><strong>quo</strong></span> 
     </span>
    </p>
   </div>
   <div class='ocr_carea' id='block_1_88' title="bbox 2057 4099 3634 4171">
    <p class='ocr_par' dir='ltr' id='par_1_88' title="bbox 2057 4099 3634 4171">
     <span class='ocr_line' id='line_1_88' title="bbox 2057 4099 3634 4171; baseline 0.002 -14"><span class='ocrx_word' id='word_1_667' title='bbox 2057 4099 2295 4158; x_wconf 88' lang='lat' dir='ltr'><strong>Verbum</strong></span> <span class='ocrx_word' id='word_1_668' title='bbox 2348 4118 2380 4158; x_wconf 94' lang='lat' dir='ltr'><strong>e</strong></span> <span class='ocrx_word' id='word_1_669' title='bbox 2432 4103 2573 4160; x_wconf 81' lang='lat' dir='ltr'><strong>coelo</strong></span> <span class='ocrx_word' id='word_1_670' title='bbox 2619 4104 2925 4169; x_wconf 87' lang='lat' dir='ltr'><strong>descendit,</strong></span> <span class='ocrx_word' id='word_1_671' title='bbox 2975 4114 3027 4161; x_wconf 80' lang='lat' dir='ltr'><strong>et</strong></span> <span class='ocrx_word' id='word_1_672' title='bbox 3071 4106 3330 4161; x_wconf 83' lang='lat' dir='ltr'><strong>habitavit</strong></span> <span class='ocrx_word' id='word_1_673' title='bbox 3378 4108 3431 4161; x_wconf 87' lang='lat' dir='ltr'><strong>in</strong></span> <span class='ocrx_word' id='word_1_674' title='bbox 3462 4104 3634 4171; x_wconf 74' lang='lat' dir='ltr'><strong>nobis,</strong></span> 
     </span>
    </p>
   </div>
   <div class='ocr_carea' id='block_1_89' title="bbox 2054 4195 3696 4273">
    <p class='ocr_par' dir='ltr' id='par_1_89' title="bbox 2054 4195 3696 4273">
     <span class='ocr_line' id='line_1_89' title="bbox 2054 4195 3696 4273; baseline 0.002 -24"><span class='ocrx_word' id='word_1_675' title='bbox 2054 4195 2514 4265; x_wconf 80' lang='lat' dir='ltr'><strong>quemadmodum</strong></span> <span class='ocrx_word' id='word_1_676' title='bbox 2542 4196 2807 4267; x_wconf 89' lang='lat' dir='ltr'><strong>scriptum</strong></span> <span class='ocrx_word' id='word_1_677' title='bbox 2835 4198 2983 4253; x_wconf 69' lang='lat' dir='ltr'><strong>est“.</strong></span> <span class='ocrx_word' id='word_1_678' title='bbox 3024 4196 3388 4264; x_wconf 89' lang='lat' dir='ltr'><strong>Quamobrem</strong></span> <span class='ocrx_word' id='word_1_679' title='bbox 3421 4206 3475 4252; x_wconf 81' lang='lat' dir='ltr'><strong>ct</strong></span> <span class='ocrx_word' id='word_1_680' title='bbox 3508 4206 3636 4253; x_wconf 84' lang='lat' dir='ltr'><strong>ante</strong></span> <span class='ocrx_word' id='word_1_681' title='bbox 3691 4266 3696 4273; x_wconf 20' lang='grc' dir='ltr'><em>ο</em></span> 
     </span>
    </p>
   </div>
   <div class='ocr_carea' id='block_1_90' title="bbox 2054 4285 3633 4356">
    <p class='ocr_par' dir='ltr' id='par_1_90' title="bbox 2054 4285 3633 4356">
     <span class='ocr_line' id='line_1_90' title="bbox 2054 4285 3633 4356; baseline 0.003 -17"><span class='ocrx_word' id='word_1_682' title='bbox 2054 4285 2320 4344; x_wconf 80' lang='lat' dir='ltr'><strong>Dominus</strong></span> <span class='ocrx_word' id='word_1_683' title='bbox 2351 4288 2673 4356; x_wconf 84' lang='lat' dir='ltr'><strong>exsistebat,</strong></span> <span class='ocrx_word' id='word_1_684' title='bbox 2703 4299 2758 4345; x_wconf 89' lang='lat' dir='ltr'><strong>et</strong></span> <span class='ocrx_word' id='word_1_685' title='bbox 2790 4288 3024 4345; x_wconf 86' lang='lat' dir='ltr'><strong>subinde</strong></span> <span class='ocrx_word' id='word_1_686' title='bbox 3050 4289 3256 4346; x_wconf 81' lang='lat' dir='ltr'><strong>adfuit:</strong></span> <span class='ocrx_word' id='word_1_687' title='bbox 3307 4289 3411 4355; x_wconf 85' lang='lat' dir='ltr'><strong>Qui</strong></span> <span class='ocrx_word' id='word_1_688' title='bbox 3438 4291 3633 4344; x_wconf 83' lang='lat' dir='ltr'><strong>invenit</strong></span> 
     </span>
    </p>
   </div>
   <div class='ocr_carea' id='block_1_91' title="bbox 2054 4379 3632 4441">
    <p class='ocr_par' dir='ltr' id='par_1_91' title="bbox 2054 4379 3632 4441">
     <span class='ocr_line' id='line_1_91' title="bbox 2054 4379 3632 4441; baseline 0.001 -7"><span class='ocrx_word' id='word_1_689' title='bbox 2054 4395 2260 4435; x_wconf 84' lang='lat' dir='ltr'><strong>onmem</strong></span> <span class='ocrx_word' id='word_1_690' title='bbox 2285 4379 2426 4434; x_wconf 81' lang='lat' dir='ltr'><strong>viam</strong></span> <span class='ocrx_word' id='word_1_691' title='bbox 2452 4381 2687 4436; x_wconf 74' lang='lat' dir='ltr'><strong>scientiw</strong></span> <span class='ocrx_word' id='word_1_692' title='bbox 2708 4383 2750 4436; x_wconf 78' lang='lat'><strong>°.</strong></span> <span class='ocrx_word' id='word_1_693' title='bbox 2787 4383 3079 4441; x_wconf 82' lang='lat' dir='ltr'><strong>Exstitisse</strong></span> <span class='ocrx_word' id='word_1_694' title='bbox 3109 4399 3238 4438; x_wconf 90' lang='lat' dir='ltr'><strong>vero</strong></span> <span class='ocrx_word' id='word_1_695' title='bbox 3264 4382 3449 4437; x_wconf 88' lang='lat' dir='ltr'><strong>divina</strong></span> <span class='ocrx_word' id='word_1_696' title='bbox 3481 4381 3632 4436; x_wconf 83' lang='lat' dir='ltr'><strong>Scri-</strong></span> 
     </span>
    </p>
   </div>
   <div class='ocr_carea' id='block_1_92' title="bbox 376 4466 1955 4547">
    <p class='ocr_par' dir='ltr' id='par_1_92' title="bbox 376 4466 1945 4545">
     <span class='ocr_line' id='line_1_92' title="bbox 376 4466 1945 4545; baseline 0.003 -26"><span class='ocrx_word' id='word_1_697' title='bbox 376 4466 676 4545; x_wconf 82' lang='grc' dir='ltr'>μέλλουσαν</span> <span class='ocrx_word' id='word_1_698' title='bbox 702 4467 967 4540; x_wconf 79' lang='grc' dir='ltr'>ἔνσαρκον</span> <span class='ocrx_word' id='word_1_699' title='bbox 995 4468 1318 4541; x_wconf 84' lang='grc' dir='ltr'>παρουσίαν.</span> <span class='ocrx_word' id='word_1_700' title='bbox 1350 4470 1462 4523; x_wconf 81' lang='grc' dir='ltr'><strong>Καὶ</strong></span> <span class='ocrx_word' id='word_1_701' title='bbox 1486 4471 1569 4524; x_wconf 83' lang='grc' dir='ltr'>ὅτι</span> <span class='ocrx_word' id='word_1_702' title='bbox 1596 4466 1696 4523; x_wconf 68' lang='lat' dir='ltr'><strong>an&quot;</strong></span> <span class='ocrx_word' id='word_1_703' title='bbox 1716 4471 1945 4541; x_wconf 78' lang='grc' dir='ltr'>οὐρανοῦ</span> 
     </span>
    </p>
   </div>
   <div class='ocr_carea' id='block_1_93' title="bbox 2057 4466 3628 4547">
    <p class='ocr_par' dir='ltr' id='par_1_93' title="bbox 2057 4472 3628 4547">
     <span class='ocr_line' id='line_1_93' title="bbox 2057 4472 3628 4547; baseline 0.002 -22"><span class='ocrx_word' id='word_1_704' title='bbox 2057 4479 2210 4542; x_wconf 88' lang='lat' dir='ltr'><strong>ptura</strong></span> <span class='ocrx_word' id='word_1_705' title='bbox 2234 4487 2345 4527; x_wconf 88' lang='lat' dir='ltr'><strong>non</strong></span> <span class='ocrx_word' id='word_1_706' title='bbox 2370 4472 2601 4529; x_wconf 88' lang='lat' dir='ltr'><strong>dubitat.</strong></span> <span class='ocrx_word' id='word_1_707' title='bbox 2636 4472 2770 4529; x_wconf 84' lang='lat' dir='ltr'><strong>Nam</strong></span> <span class='ocrx_word' id='word_1_708' title='bbox 2807 4492 2929 4546; x_wconf 69' lang='lat' dir='ltr'><strong>quae</strong></span> <span class='ocrx_word' id='word_1_709' title='bbox 2983 4484 3293 4547; x_wconf 89' lang='lat' dir='ltr'><strong>sequuntur</strong></span> <span class='ocrx_word' id='word_1_710' title='bbox 3320 4485 3446 4530; x_wconf 90' lang='lat' dir='ltr'><strong>ante</strong></span> <span class='ocrx_word' id='word_1_711' title='bbox 3477 4475 3628 4529; x_wconf 89' lang='lat' dir='ltr'><strong>illum</strong></span> 
     </span>
    </p>
   </div>
   <div class='ocr_carea' id='block_1_94' title="bbox 373 4558 1943 4630">
    <p class='ocr_par' dir='ltr' id='par_1_94' title="bbox 373 4558 1943 4630">
     <span class='ocr_line' id='line_1_94' title="bbox 373 4558 1943 4630; baseline 0.003 -21"><span class='ocrx_word' id='word_1_712' title='bbox 373 4573 509 4626; x_wconf 77' lang='grc' dir='ltr'>φασι</span> <span class='ocrx_word' id='word_1_713' title='bbox 530 4558 621 4611; x_wconf 83' lang='grc' dir='ltr'>τὸν</span> <span class='ocrx_word' id='word_1_714' title='bbox 636 4558 921 4629; x_wconf 81' lang='grc' dir='ltr'>ἄνθρωπον</span> <span class='ocrx_word' id='word_1_715' title='bbox 943 4559 1272 4630; x_wconf 74' lang='grc' dir='ltr'>ἐνηνοχέναι,</span> <span class='ocrx_word' id='word_1_716' title='bbox 1288 4559 1349 4612; x_wconf 76' lang='grc' dir='ltr'>οὐ</span> <span class='ocrx_word' id='word_1_717' title='bbox 1375 4558 1522 4628; x_wconf 80' lang='grc' dir='ltr'>λέγει</span> <span class='ocrx_word' id='word_1_718' title='bbox 1547 4561 1576 4614; x_wconf 90' lang='lat'><strong>6</strong></span> <span class='ocrx_word' id='word_1_719' title='bbox 1602 4559 1943 4624; x_wconf 84' lang='grc' dir='ltr'>’Λπόστολος.</span> 
     </span>
    </p>
   </div>
   <div class='ocr_carea' id='block_1_95' title="bbox 386 4648 1947 4723">
    <p class='ocr_par' dir='ltr' id='par_1_95' title="bbox 386 4648 1947 4723">
     <span class='ocr_line' id='line_1_95' title="bbox 386 4648 1947 4723; baseline 0.003 -21"><span class='ocrx_word' id='word_1_720' title='bbox 386 4648 551 4703; x_wconf 79' lang='grc' dir='ltr'>Ἀλλὰ</span> <span class='ocrx_word' id='word_1_721' title='bbox 582 4648 672 4703; x_wconf 76' lang='grc' dir='ltr'>διὰ</span> <span class='ocrx_word' id='word_1_722' title='bbox 714 4649 815 4721; x_wconf 83' lang='grc' dir='ltr'>τὴν</span> <span class='ocrx_word' id='word_1_723' title='bbox 860 4649 1150 4705; x_wconf 84' lang='grc' dir='ltr'>συνένωσιν</span> <span class='ocrx_word' id='word_1_724' title='bbox 1190 4653 1290 4723; x_wconf 79' lang='grc' dir='ltr'>τῆς</span> <span class='ocrx_word' id='word_1_725' title='bbox 1336 4650 1603 4722; x_wconf 80' lang='grc' dir='ltr'>ὲνσάρκου</span> <span class='ocrx_word' id='word_1_726' title='bbox 1642 4652 1947 4723; x_wconf 87' lang='grc' dir='ltr'>παρουσίας</span> 
     </span>
    </p>
   </div>
   <div class='ocr_carea' id='block_1_96' title="bbox 372 4740 1945 4814">
    <p class='ocr_par' dir='ltr' id='par_1_96' title="bbox 372 4740 1945 4814">
     <span class='ocr_line' id='line_1_96' title="bbox 372 4740 1945 4814; baseline 0.003 -20"><span class='ocrx_word' id='word_1_727' title='bbox 372 4740 658 4814; x_wconf 79' lang='grc' dir='ltr'>ἄνθρωπον</span> <span class='ocrx_word' id='word_1_728' title='bbox 682 4741 781 4812; x_wconf 79' lang='grc' dir='ltr'>μὲν</span> <span class='ocrx_word' id='word_1_729' title='bbox 802 4742 966 4801; x_wconf 77' lang='grc' dir='ltr'>αὐτὸν</span> <span class='ocrx_word' id='word_1_730' title='bbox 995 4742 1142 4811; x_wconf 84' lang='grc' dir='ltr'>λέγει</span> <span class='ocrx_word' id='word_1_731' title='bbox 1168 4743 1257 4797; x_wconf 74' lang='grc' dir='ltr'><strong>διὰ</strong></span> <span class='ocrx_word' id='word_1_732' title='bbox 1284 4743 1375 4797; x_wconf 87' lang='grc' dir='ltr'>τὸν</span> <span class='ocrx_word' id='word_1_733' title='bbox 1406 4743 1597 4813; x_wconf 90' lang='grc' dir='ltr'>χρόνον</span> <span class='ocrx_word' id='word_1_734' title='bbox 1624 4743 1714 4797; x_wconf 78' lang='grc' dir='ltr'>τὸν</span> <span class='ocrx_word' id='word_1_735' title='bbox 1740 4746 1945 4814; x_wconf 80' lang='grc' dir='ltr'>μεταξὺ</span> 
     </span>
    </p>
   </div>
   <div class='ocr_carea' id='block_1_97' title="bbox 383 4828 1946 4906">
    <p class='ocr_par' dir='ltr' id='par_1_97' title="bbox 383 4828 1946 4906">
     <span class='ocr_line' id='line_1_97' title="bbox 383 4828 1946 4906; baseline 0.003 -20"><span class='ocrx_word' id='word_1_736' title='bbox 383 4831 557 4904; x_wconf 69' lang='grc' dir='ltr'>Ἀδὰμ</span> <span class='ocrx_word' id='word_1_737' title='bbox 586 4833 683 4886; x_wconf 77' lang='grc' dir='ltr'>καὶ</span> <span class='ocrx_word' id='word_1_738' title='bbox 709 4833 809 4903; x_wconf 84' lang='grc' dir='ltr'>τῆς</span> <span class='ocrx_word' id='word_1_739' title='bbox 836 4835 1102 4906; x_wconf 82' lang='grc' dir='ltr'>ὲνσάρκου</span> <span class='ocrx_word' id='word_1_740' title='bbox 1134 4834 1433 4905; x_wconf 85' lang='grc' dir='ltr'>παρουσίας</span> <span class='ocrx_word' id='word_1_741' title='bbox 1453 4851 1466 4865; x_wconf 91' lang='grc'><strong>·</strong></span> <span class='ocrx_word' id='word_1_742' title='bbox 1505 4828 1599 4888; x_wconf 77' lang='grc' dir='ltr'>ἀπ’</span> <span class='ocrx_word' id='word_1_743' title='bbox 1626 4835 1855 4906; x_wconf 87' lang='grc' dir='ltr'>οὐρανοῦ</span> <span class='ocrx_word' id='word_1_744' title='bbox 1890 4837 1946 4890; x_wconf 80' lang='grc' dir='ltr'><strong>δὲ</strong></span> 
     </span>
    </p>
   </div>
   <div class='ocr_carea' id='block_1_98' title="bbox 369 4924 1942 4996">
    <p class='ocr_par' dir='ltr' id='par_1_98' title="bbox 369 4924 1942 4996">
     <span class='ocr_line' id='line_1_98' title="bbox 369 4924 1942 4996; baseline 0.001 -16"><span class='ocrx_word' id='word_1_745' title='bbox 369 4925 534 4981; x_wconf 72' lang='grc' dir='ltr'>αὐτὸν</span> <span class='ocrx_word' id='word_1_746' title='bbox 565 4924 741 4994; x_wconf 83' lang='grc' dir='ltr'>λέγει,</span> <span class='ocrx_word' id='word_1_747' title='bbox 774 4925 863 4979; x_wconf 86' lang='grc' dir='ltr'>διὰ</span> <span class='ocrx_word' id='word_1_748' title='bbox 903 4926 964 4979; x_wconf 86' lang='grc' dir='ltr'>τὸ</span> <span class='ocrx_word' id='word_1_749' title='bbox 1011 4925 1217 4980; x_wconf 83' lang='grc' dir='ltr'>ἀνωθεν</span> <span class='ocrx_word' id='word_1_750' title='bbox 1245 4926 1436 4996; x_wconf 79' lang='grc' dir='ltr'>ἡκέναι</span> <span class='ocrx_word' id='word_1_751' title='bbox 1464 4926 1556 4980; x_wconf 88' lang='grc' dir='ltr'>τὸν</span> <span class='ocrx_word' id='word_1_752' title='bbox 1582 4926 1714 4981; x_wconf 85' lang='grc' dir='ltr'>Θεὸν</span> <span class='ocrx_word' id='word_1_753' title='bbox 1747 4926 1942 4995; x_wconf 85' lang='grc' dir='ltr'>Λόγον,</span> 
     </span>
    </p>
   </div>
   <div class='ocr_carea' id='block_1_99' title="bbox 370 5015 1945 5091">
    <p class='ocr_par' dir='ltr' id='par_1_99' title="bbox 370 5015 1945 5091">
     <span class='ocr_line' id='line_1_99' title="bbox 370 5015 1945 5091; baseline 0.015 -22"><span class='ocrx_word' id='word_1_754' title='bbox 370 5016 468 5071; x_wconf 83' lang='grc' dir='ltr'>καὶ</span> <span class='ocrx_word' id='word_1_755' title='bbox 500 5015 697 5086; x_wconf 86' lang='grc' dir='ltr'>σάρκα,</span> <span class='ocrx_word' id='word_1_756' title='bbox 735 5015 811 5080; x_wconf 85' lang='grc' dir='ltr'>ὦς</span> <span class='ocrx_word' id='word_1_757' title='bbox 844 5034 1028 5087; x_wconf 85' lang='grc' dir='ltr'>φησιν,</span> <span class='ocrx_word' id='word_1_758' title='bbox 1059 5019 1088 5069; x_wconf 90' lang='lat'><strong>6</strong></span> <span class='ocrx_word' id='word_1_759' title='bbox 1113 5017 1284 5091; x_wconf 69' lang='grc' dir='ltr'>Λόγος</span> <span class='ocrx_word' id='word_1_760' title='bbox 1318 5017 1455 5089; x_wconf 81' lang='grc' dir='ltr'>σὰρξ</span> <span class='ocrx_word' id='word_1_761' title='bbox 1497 5018 1808 5089; x_wconf 68' lang='grc' dir='ltr'>γενόμενος.</span> <span class='ocrx_word' id='word_1_762' title='bbox 1845 5020 1945 5091; x_wconf 77' lang='grc' dir='ltr'><strong>οὐχ</strong></span> 
     </span>
    </p>
   </div>
   <div class='ocr_carea' id='block_1_100' title="bbox 368 5087 1945 5180">
    <p class='ocr_par' dir='ltr' id='par_1_100' title="bbox 368 5087 1945 5180">
     <span class='ocr_line' id='line_1_100' title="bbox 368 5087 1945 5180; baseline 0.004 -21"><span class='ocrx_word' id='word_1_763' title='bbox 368 5107 448 5170; x_wconf 82' lang='grc' dir='ltr'><strong>ὡς</strong></span> <span class='ocrx_word' id='word_1_764' title='bbox 477 5107 639 5171; x_wconf 73' lang='grc' dir='ltr'>αὐτὸς</span> <span class='ocrx_word' id='word_1_765' title='bbox 664 5108 883 5160; x_wconf 80' lang='grc' dir='ltr'>ὑπονοεῖ</span> <span class='ocrx_word' id='word_1_766' title='bbox 912 5106 1084 5174; x_wconf 87' lang='grc' dir='ltr'>Λόγον</span> <span class='ocrx_word' id='word_1_767' title='bbox 1116 5087 1187 5160; x_wconf 48' lang='lat' dir='ltr'><strong>sx.</strong></span> <span class='ocrx_word' id='word_1_768' title='bbox 1216 5087 1430 5179; x_wconf 65' lang='grc' dir='ltr'>Πατρός</span> <span class='ocrx_word' id='word_1_769' title='bbox 1467 5087 1818 5180; x_wconf 85' lang='grc' dir='ltr'>προελθόντα,</span> 
     </span>
    </p>
   </div>
   <div class='ocr_carea' id='block_1_101' title="bbox 366 5196 1944 5273">
    <p class='ocr_par' dir='ltr' id='par_1_101' title="bbox 366 5196 1944 5273">
     <span class='ocr_line' id='line_1_101' title="bbox 366 5196 1944 5273; baseline 0.002 -22"><span class='ocrx_word' id='word_1_770' title='bbox 366 5201 449 5259; x_wconf 84' lang='grc' dir='ltr'><strong>είς</strong></span> <span class='ocrx_word' id='word_1_771' title='bbox 513 5198 691 5269; x_wconf 80' lang='grc' dir='ltr'>σάρκα</span> <span class='ocrx_word' id='word_1_772' title='bbox 752 5197 1258 5268; x_wconf 76' lang='grc' dir='ltr'>μεταϐεϐλημένον·</span> <span class='ocrx_word' id='word_1_773' title='bbox 1310 5196 1453 5253; x_wconf 74' lang='grc' dir='ltr'>οὕτω</span> <span class='ocrx_word' id='word_1_774' title='bbox 1502 5199 1610 5271; x_wconf 85' lang='grc' dir='ltr'>γὰρ</span> <span class='ocrx_word' id='word_1_775' title='bbox 1656 5200 1797 5253; x_wconf 69' lang='grc' dir='ltr'><strong>κατά</strong></span> <span class='ocrx_word' id='word_1_776' title='bbox 1844 5201 1944 5273; x_wconf 82' lang='grc' dir='ltr'>τὴν</span> 
     </span>
    </p>
   </div>
   <div class='ocr_carea' id='block_1_102' title="bbox 365 5287 1939 5363">
    <p class='ocr_par' dir='ltr' id='par_1_102' title="bbox 365 5287 1939 5363">
     <span class='ocr_line' id='line_1_102' title="bbox 365 5287 1939 5363; baseline 0.004 -23"><span class='ocrx_word' id='word_1_777' title='bbox 365 5288 732 5363; x_wconf 70' lang='grc' dir='ltr'>ὴπατημένην</span> <span class='ocrx_word' id='word_1_778' title='bbox 759 5287 924 5343; x_wconf 82' lang='grc' dir='ltr'>αὑτοῦ</span> <span class='ocrx_word' id='word_1_779' title='bbox 951 5288 1157 5343; x_wconf 78' lang='grc' dir='ltr'>ἔννοιαν</span> <span class='ocrx_word' id='word_1_780' title='bbox 1189 5288 1486 5360; x_wconf 87' lang='grc' dir='ltr'>διηγήσατο</span> <span class='ocrx_word' id='word_1_781' title='bbox 1505 5289 1633 5362; x_wconf 63' lang='grc' dir='ltr'><strong>περὶ¹</strong></span> <span class='ocrx_word' id='word_1_782' title='bbox 1670 5290 1763 5344; x_wconf 80' lang='grc' dir='ltr'>τοῦ</span> <span class='ocrx_word' id='word_1_783' title='bbox 1791 5292 1939 5363; x_wconf 83' lang='grc' dir='ltr'>ὅρου.</span> 
     </span>
    </p>
   </div>
   <div class='ocr_carea' id='block_1_103' title="bbox 366 5377 1943 5454">
    <p class='ocr_par' dir='ltr' id='par_1_103' title="bbox 366 5377 1943 5454">
     <span class='ocr_line' id='line_1_103' title="bbox 366 5377 1943 5454; baseline 0.001 -19"><span class='ocrx_word' id='word_1_784' title='bbox 366 5380 433 5435; x_wconf 85' lang='grc' dir='ltr'><strong>Εἰ</strong></span> <span class='ocrx_word' id='word_1_785' title='bbox 463 5379 522 5433; x_wconf 80' lang='grc' dir='ltr'><strong>δὲ</strong></span> <span class='ocrx_word' id='word_1_786' title='bbox 557 5380 703 5436; x_wconf 74' lang='grc' dir='ltr'>ἐστιν</span> <span class='ocrx_word' id='word_1_787' title='bbox 737 5380 907 5452; x_wconf 80' lang='grc' dir='ltr'>’Λδάμ</span> <span class='ocrx_word' id='word_1_788' title='bbox 935 5379 1040 5453; x_wconf 85' lang='grc' dir='ltr'>πρὸ</span> <span class='ocrx_word' id='word_1_789' title='bbox 1070 5378 1165 5433; x_wconf 83' lang='grc' dir='ltr'>τοῦ</span> <span class='ocrx_word' id='word_1_790' title='bbox 1194 5377 1331 5434; x_wconf 73' lang='grc' dir='ltr'>εἶναι</span> <span class='ocrx_word' id='word_1_791' title='bbox 1369 5381 1461 5435; x_wconf 75' lang='grc' dir='ltr'>τὸν</span> <span class='ocrx_word' id='word_1_792' title='bbox 1489 5382 1682 5449; x_wconf 90' lang='grc' dir='ltr'>Λόγον,</span> <span class='ocrx_word' id='word_1_793' title='bbox 1712 5378 1820 5454; x_wconf 82' lang='grc' dir='ltr'><strong>ἄρα</strong></span> <span class='ocrx_word' id='word_1_794' title='bbox 1854 5383 1943 5437; x_wconf 86' lang='grc' dir='ltr'><strong>διὰ</strong></span> 
     </span>
    </p>
   </div>
   <div class='ocr_carea' id='block_1_104' title="bbox 330 5471 1941 5545">
    <p class='ocr_par' dir='ltr' id='par_1_104' title="bbox 330 5471 1941 5545">
     <span class='ocr_line' id='line_1_104' title="bbox 330 5471 1941 5545; baseline 0.001 -19"><span class='ocrx_word' id='word_1_795' title='bbox 330 5504 333 5509; x_wconf 58' lang='grc' dir='ltr'><strong>ν</strong></span> <span class='ocrx_word' id='word_1_796' title='bbox 361 5471 511 5536; x_wconf 85' lang='grc' dir='ltr'>τίνος</span> <span class='ocrx_word' id='word_1_797' title='bbox 535 5475 563 5527; x_wconf 91' lang='lat'><strong>6</strong></span> <span class='ocrx_word' id='word_1_798' title='bbox 584 5474 745 5538; x_wconf 77' lang='grc' dir='ltr'>αὐτὸς</span> <span class='ocrx_word' id='word_1_799' title='bbox 760 5472 929 5543; x_wconf 82' lang='grc' dir='ltr'>Ἀδὰμ</span> <span class='ocrx_word' id='word_1_800' title='bbox 955 5472 1257 5536; x_wconf 82' lang='grc' dir='ltr'>κέκτισται,</span> <span class='ocrx_word' id='word_1_801' title='bbox 1285 5474 1382 5528; x_wconf 69' lang='grc' dir='ltr'>καὶ</span> <span class='ocrx_word' id='word_1_802' title='bbox 1413 5472 1592 5527; x_wconf 87' lang='grc' dir='ltr'>πάντα</span> <span class='ocrx_word' id='word_1_803' title='bbox 1622 5472 1693 5529; x_wconf 81' lang='grc' dir='ltr'><strong>τὰ</strong></span> <span class='ocrx_word' id='word_1_804' title='bbox 1717 5475 1824 5545; x_wconf 84' lang='grc' dir='ltr'>πρὸ</span> <span class='ocrx_word' id='word_1_805' title='bbox 1845 5476 1941 5530; x_wconf 84' lang='grc' dir='ltr'>αὑ-</span> 
     </span>
    </p>
   </div>
   <div class='ocr_carea' id='block_1_105' title="bbox 363 5562 1939 5637">
    <p class='ocr_par' dir='ltr' id='par_1_105' title="bbox 363 5562 1939 5637">
     <span class='ocr_line' id='line_1_105' title="bbox 363 5562 1939 5637; baseline 0.002 -21"><span class='ocrx_word' id='word_1_806' title='bbox 363 5562 460 5616; x_wconf 72' lang='grc' dir='ltr'>τοῦ</span> <span class='ocrx_word' id='word_1_807' title='bbox 508 5563 783 5635; x_wconf 84' lang='grc' dir='ltr'>κτίσματα</span> <span class='ocrx_word' id='word_1_808' title='bbox 825 5562 918 5617; x_wconf 78' lang='grc' dir='ltr'><strong>τοῦ</strong></span> <span class='ocrx_word' id='word_1_809' title='bbox 946 5562 1117 5630; x_wconf 85' lang='grc' dir='ltr'><strong>Θεοῦ;</strong></span> <span class='ocrx_word' id='word_1_810' title='bbox 1147 5564 1219 5617; x_wconf 87' lang='grc' dir='ltr'><strong>Ἦ</strong></span> <span class='ocrx_word' id='word_1_811' title='bbox 1251 5562 1386 5635; x_wconf 64' lang='grc' dir='ltr'>πρὸς</span> <span class='ocrx_word' id='word_1_812' title='bbox 1418 5563 1539 5617; x_wconf 80' lang='grc' dir='ltr'>τίνα</span> <span class='ocrx_word' id='word_1_813' title='bbox 1574 5564 1603 5617; x_wconf 90' lang='grc' dir='ltr'><strong>ὁ</strong></span> <span class='ocrx_word' id='word_1_814' title='bbox 1644 5563 1833 5637; x_wconf 82' lang='grc' dir='ltr'>Πατὴρ</span> <span class='ocrx_word' id='word_1_815' title='bbox 1862 5565 1939 5619; x_wconf 74' lang='grc' dir='ltr'><strong>εῖ-</strong></span> 
     </span>
    </p>
   </div>
   <div class='ocr_carea' id='block_1_106' title="bbox 439 5700 1378 5769">
    <p class='ocr_par' dir='ltr' id='par_1_106' title="bbox 439 5700 1378 5769">
     <span class='ocr_line' id='line_1_106' title="bbox 439 5700 1378 5769; baseline 0.005 -16"><span class='ocrx_word' id='word_1_816' title='bbox 439 5702 455 5730; x_wconf 84' lang='grc'>¹</span> <span class='ocrx_word' id='word_1_817' title='bbox 482 5700 619 5756; x_wconf 85' lang='lat' dir='ltr'><strong>Gen.</strong></span> <span class='ocrx_word' id='word_1_818' title='bbox 653 5720 693 5762; x_wconf 87' lang='grc' dir='ltr'><strong>ι.</strong></span> <span class='ocrx_word' id='word_1_819' title='bbox 722 5703 810 5759; x_wconf 69' lang='lat'><strong>26.</strong></span> <span class='ocrx_word' id='word_1_820' title='bbox 923 5706 943 5737; x_wconf 85' lang='grc'><strong><em>³</em></strong></span> <span class='ocrx_word' id='word_1_821' title='bbox 970 5702 1105 5759; x_wconf 82' lang='lat' dir='ltr'><strong>Gen.</strong></span> <span class='ocrx_word' id='word_1_822' title='bbox 1153 5721 1263 5769; x_wconf 68' lang='grc' dir='ltr'>χιχ,</span> <span class='ocrx_word' id='word_1_823' title='bbox 1288 5705 1378 5760; x_wconf 67' lang='lat'><strong>‘26.</strong></span> 
     </span>
    </p>
   </div>
   <div class='ocr_carea' id='block_1_107' title="bbox 364 5768 673 5828">
    <p class='ocr_par' dir='ltr' id='par_1_107' title="bbox 364 5768 673 5828">
     <span class='ocr_line' id='line_1_107' title="bbox 364 5768 673 5828; baseline -0.003 0"><span class='ocrx_word' id='word_1_824' title='bbox 364 5768 389 5807; x_wconf 70' lang='grc'><strong>⁷</strong></span> <span class='ocrx_word' id='word_1_825' title='bbox 417 5770 551 5828; x_wconf 73' lang='lat' dir='ltr'><strong>ibid.</strong></span> <span class='ocrx_word' id='word_1_826' title='bbox 584 5771 673 5827; x_wconf 79' lang='grc'><strong>58.</strong></span> 
     </span>
    </p>
   </div>
   <div class='ocr_carea' id='block_1_108' title="bbox 1483 5704 1917 5770">
    <p class='ocr_par' dir='ltr' id='par_1_108' title="bbox 1483 5704 1917 5770">
     <span class='ocr_line' id='line_1_108' title="bbox 1483 5704 1917 5770; baseline 0.007 -13"><span class='ocrx_word' id='word_1_827' title='bbox 1483 5707 1502 5738; x_wconf 87' lang='grc'>³</span> <span class='ocrx_word' id='word_1_828' title='bbox 1537 5704 1672 5760; x_wconf 89' lang='lat' dir='ltr'><strong>Dan.</strong></span> <span class='ocrx_word' id='word_1_829' title='bbox 1708 5723 1802 5770; x_wconf 83' lang='lat' dir='ltr'><strong>vlt,</strong></span> <span class='ocrx_word' id='word_1_830' title='bbox 1839 5710 1917 5764; x_wconf 76' lang='lat' dir='ltr'><strong>l5.</strong></span> 
     </span>
    </p>
   </div>
   <div class='ocr_carea' id='block_1_109' title="bbox 2054 4562 3635 4639">
    <p class='ocr_par' dir='ltr' id='par_1_109' title="bbox 2054 4562 3635 4639">
     <span class='ocr_line' id='line_1_109' title="bbox 2054 4562 3635 4639; baseline 0.002 -20"><span class='ocrx_word' id='word_1_831' title='bbox 2054 4562 2334 4619; x_wconf 84' lang='lat' dir='ltr'><strong>exstitisse</strong></span> <span class='ocrx_word' id='word_1_832' title='bbox 2399 4564 2699 4622; x_wconf 89' lang='lat' dir='ltr'><strong>declarant.</strong></span> <span class='ocrx_word' id='word_1_833' title='bbox 2786 4566 2948 4623; x_wconf 90' lang='lat' dir='ltr'><strong>Velut</strong></span> <span class='ocrx_word' id='word_1_834' title='bbox 3006 4568 3151 4639; x_wconf 87' lang='lat' dir='ltr'><strong>quod</strong></span> <span class='ocrx_word' id='word_1_835' title='bbox 3206 4584 3424 4624; x_wconf 90' lang='lat' dir='ltr'><strong>omnem</strong></span> <span class='ocrx_word' id='word_1_836' title='bbox 3484 4567 3635 4622; x_wconf 82' lang='lat' dir='ltr'><strong>viam</strong></span> 
     </span>
    </p>
   </div>
   <div class='ocr_carea' id='block_1_110' title="bbox 2054 4656 3637 4728">
    <p class='ocr_par' dir='ltr' id='par_1_110' title="bbox 2054 4656 3637 4728">
     <span class='ocr_line' id='line_1_110' title="bbox 2054 4656 3637 4728; baseline 0.004 -19"><span class='ocrx_word' id='word_1_837' title='bbox 2054 4656 2298 4711; x_wconf 72' lang='lat' dir='ltr'><strong>scientiae</strong></span> <span class='ocrx_word' id='word_1_838' title='bbox 2342 4659 2611 4728; x_wconf 88' lang='lat' dir='ltr'><strong>reperisse</strong></span> <span class='ocrx_word' id='word_1_839' title='bbox 2652 4660 2887 4728; x_wconf 86' lang='lat' dir='ltr'><strong>dicatur,</strong></span> <span class='ocrx_word' id='word_1_840' title='bbox 2925 4662 3124 4719; x_wconf 88' lang='lat' dir='ltr'><strong>deinde</strong></span> <span class='ocrx_word' id='word_1_841' title='bbox 3182 4664 3239 4719; x_wconf 90' lang='lat' dir='ltr'><strong>in</strong></span> <span class='ocrx_word' id='word_1_842' title='bbox 3288 4670 3433 4718; x_wconf 90' lang='lat' dir='ltr'><strong>terra</strong></span> <span class='ocrx_word' id='word_1_843' title='bbox 3476 4663 3637 4717; x_wconf 88' lang='lat' dir='ltr'><strong>visus</strong></span> 
     </span>
    </p>
   </div>
   <div class='ocr_carea' id='block_1_111' title="bbox 2050 4749 3628 4827">
    <p class='ocr_par' dir='ltr' id='par_1_111' title="bbox 2050 4749 3628 4827">
     <span class='ocr_line' id='line_1_111' title="bbox 2050 4749 3628 4827; baseline 0.005 -24"><span class='ocrx_word' id='word_1_844' title='bbox 2050 4749 2250 4804; x_wconf 84' lang='lat' dir='ltr'><strong>esse&#39;:</strong></span> <span class='ocrx_word' id='word_1_845' title='bbox 2319 4765 2442 4819; x_wconf 66' lang='lat' dir='ltr'><strong>quae</strong></span> <span class='ocrx_word' id='word_1_846' title='bbox 2491 4751 2731 4806; x_wconf 85' lang='lat' dir='ltr'><strong>futuram</strong></span> <span class='ocrx_word' id='word_1_847' title='bbox 2789 4755 3247 4820; x_wconf 89' lang='lat' dir='ltr'><strong>incarnationem,</strong></span> <span class='ocrx_word' id='word_1_848' title='bbox 3298 4757 3628 4827; x_wconf 87' lang='lat' dir='ltr'><strong>quandoque</strong></span> 
     </span>
    </p>
   </div>
   <div class='ocr_carea' id='block_1_112' title="bbox 2053 4839 3627 4915">
    <p class='ocr_par' dir='ltr' id='par_1_112' title="bbox 2053 4839 3627 4915">
     <span class='ocr_line' id='line_1_112' title="bbox 2053 4839 3627 4915; baseline 0.006 -23"><span class='ocrx_word' id='word_1_849' title='bbox 2053 4839 2455 4908; x_wconf 80' lang='lat' dir='ltr'><strong>signiﬁcabant.</strong></span> <span class='ocrx_word' id='word_1_850' title='bbox 2505 4840 2625 4897; x_wconf 85' lang='lat' dir='ltr'><strong>Jam</strong></span> <span class='ocrx_word' id='word_1_851' title='bbox 2660 4859 2791 4898; x_wconf 87' lang='lat' dir='ltr'><strong>vero</strong></span> <span class='ocrx_word' id='word_1_852' title='bbox 2821 4847 2963 4915; x_wconf 90' lang='lat' dir='ltr'><strong>quod</strong></span> <span class='ocrx_word' id='word_1_853' title='bbox 2997 4863 3028 4903; x_wconf 91' lang='lat' dir='ltr'><strong>e</strong></span> <span class='ocrx_word' id='word_1_854' title='bbox 3064 4848 3204 4903; x_wconf 65' lang='lat' dir='ltr'><strong>caelo</strong></span> <span class='ocrx_word' id='word_1_855' title='bbox 3235 4863 3419 4903; x_wconf 90' lang='lat' dir='ltr'><strong>secum</strong></span> <span class='ocrx_word' id='word_1_856' title='bbox 3448 4848 3627 4901; x_wconf 85' lang='lat' dir='ltr'><strong>homi-</strong></span> 
     </span>
    </p>
   </div>
   <div class='ocr_carea' id='block_1_113' title="bbox 2052 4932 3635 5010">
    <p class='ocr_par' dir='ltr' id='par_1_113' title="bbox 2052 4932 3635 5010">
     <span class='ocr_line' id='line_1_113' title="bbox 2052 4932 3635 5010; baseline 0.006 -27"><span class='ocrx_word' id='word_1_857' title='bbox 2052 4944 2175 4986; x_wconf 85' lang='lat' dir='ltr'><strong>nem</strong></span> <span class='ocrx_word' id='word_1_858' title='bbox 2204 4932 2466 4989; x_wconf 83' lang='lat' dir='ltr'><strong>detulisse</strong></span> <span class='ocrx_word' id='word_1_859' title='bbox 2495 4942 2693 5004; x_wconf 90' lang='lat' dir='ltr'><strong>putant</strong></span> <span class='ocrx_word' id='word_1_860' title='bbox 2739 4939 3004 5004; x_wconf 62' lang='lat' dir='ltr'><strong>haeretici,</strong></span> <span class='ocrx_word' id='word_1_861' title='bbox 3041 4956 3152 4994; x_wconf 89' lang='lat' dir='ltr'><strong>non</strong></span> <span class='ocrx_word' id='word_1_862' title='bbox 3197 4940 3301 4994; x_wconf 89' lang='lat' dir='ltr'><strong>hoc</strong></span> <span class='ocrx_word' id='word_1_863' title='bbox 3332 4939 3635 5010; x_wconf 75' lang='lat' dir='ltr'><strong>Apostolus</strong></span> 
     </span>
    </p>
   </div>
   <div class='ocr_carea' id='block_1_114' title="bbox 2050 5025 3629 5088">
    <p class='ocr_par' dir='ltr' id='par_1_114' title="bbox 2050 5025 3629 5088">
     <span class='ocr_line' id='line_1_114' title="bbox 2050 5025 3629 5088; baseline 0.001 -5"><span class='ocrx_word' id='word_1_864' title='bbox 2050 5025 2230 5083; x_wconf 90' lang='lat' dir='ltr'><strong>dicit:</strong></span> <span class='ocrx_word' id='word_1_865' title='bbox 2283 5042 2471 5083; x_wconf 88' lang='lat' dir='ltr'><strong>verum</strong></span> <span class='ocrx_word' id='word_1_866' title='bbox 2512 5030 2585 5084; x_wconf 93' lang='lat' dir='ltr'><strong>ob</strong></span> <span class='ocrx_word' id='word_1_867' title='bbox 2625 5030 2920 5087; x_wconf 83' lang='lat' dir='ltr'><strong>humanam</strong></span> <span class='ocrx_word' id='word_1_868' title='bbox 2972 5041 3223 5088; x_wconf 88' lang='lat' dir='ltr'><strong>naturam</strong></span> <span class='ocrx_word' id='word_1_869' title='bbox 3267 5048 3390 5088; x_wconf 90' lang='lat' dir='ltr'><strong>cum</strong></span> <span class='ocrx_word' id='word_1_870' title='bbox 3441 5032 3629 5087; x_wconf 81' lang='lat' dir='ltr'><strong>divina</strong></span> 
     </span>
    </p>
   </div>
   <div class='ocr_carea' id='block_1_115' title="bbox 2048 5119 3651 5194">
    <p class='ocr_par' dir='ltr' id='par_1_115' title="bbox 2048 5119 3651 5194">
     <span class='ocr_line' id='line_1_115' title="bbox 2048 5119 3651 5194; baseline 0.002 -23"><span class='ocrx_word' id='word_1_871' title='bbox 2048 5119 2419 5174; x_wconf 88' lang='lat' dir='ltr'><strong>consociatam</strong></span> <span class='ocrx_word' id='word_1_872' title='bbox 2452 5119 2728 5178; x_wconf 87' lang='lat' dir='ltr'><strong>hominem</strong></span> <span class='ocrx_word' id='word_1_873' title='bbox 2760 5123 2911 5177; x_wconf 91' lang='lat' dir='ltr'><strong>illum</strong></span> <span class='ocrx_word' id='word_1_874' title='bbox 2945 5124 3222 5194; x_wconf 78' lang='lat' dir='ltr'><strong>appellat;</strong></span> <span class='ocrx_word' id='word_1_875' title='bbox 3266 5131 3429 5194; x_wconf 88' lang='lat' dir='ltr'><strong>atque</strong></span> <span class='ocrx_word' id='word_1_876' title='bbox 3454 5124 3651 5178; x_wconf 83' lang='lat' dir='ltr'><strong>etiam.</strong></span> 
     </span>
    </p>
   </div>
   <div class='ocr_carea' id='block_1_116' title="bbox 2048 5209 3619 5285">
    <p class='ocr_par' dir='ltr' id='par_1_116' title="bbox 2048 5209 3619 5285">
     <span class='ocr_line' id='line_1_116' title="bbox 2048 5209 3619 5285; baseline 0.004 -21"><span class='ocrx_word' id='word_1_877' title='bbox 2048 5209 2119 5264; x_wconf 92' lang='lat' dir='ltr'><strong>ob</strong></span> <span class='ocrx_word' id='word_1_878' title='bbox 2149 5210 2282 5265; x_wconf 87' lang='lat' dir='ltr'><strong>illud</strong></span> <span class='ocrx_word' id='word_1_879' title='bbox 2310 5220 2546 5283; x_wconf 87' lang='lat' dir='ltr'><strong>tempus,</strong></span> <span class='ocrx_word' id='word_1_880' title='bbox 2572 5216 2718 5285; x_wconf 92' lang='lat' dir='ltr'><strong>quod</strong></span> <span class='ocrx_word' id='word_1_881' title='bbox 2743 5216 3009 5274; x_wconf 88' lang='lat' dir='ltr'><strong>Adamum</strong></span> <span class='ocrx_word' id='word_1_882' title='bbox 3039 5220 3183 5273; x_wconf 90' lang='lat' dir='ltr'><strong>inter</strong></span> <span class='ocrx_word' id='word_1_883' title='bbox 3211 5227 3265 5273; x_wconf 86' lang='lat' dir='ltr'><strong>et</strong></span> <span class='ocrx_word' id='word_1_884' title='bbox 3293 5218 3619 5272; x_wconf 84' lang='lat' dir='ltr'><strong>incarnatio-</strong></span> 
     </span>
    </p>
   </div>
   <div class='ocr_carea' id='block_1_117' title="bbox 2049 5300 3620 5379">
    <p class='ocr_par' dir='ltr' id='par_1_117' title="bbox 2049 5300 3620 5379">
     <span class='ocr_line' id='line_1_117' title="bbox 2049 5300 3620 5379; baseline 0.004 -26"><span class='ocrx_word' id='word_1_885' title='bbox 2049 5315 2175 5356; x_wconf 89' lang='lat' dir='ltr'><strong>nem</strong></span> <span class='ocrx_word' id='word_1_886' title='bbox 2195 5300 2541 5373; x_wconf 90' lang='lat' dir='ltr'><strong>interjectum</strong></span> <span class='ocrx_word' id='word_1_887' title='bbox 2567 5314 2682 5372; x_wconf 87' lang='lat' dir='ltr'><strong>est;</strong></span> <span class='ocrx_word' id='word_1_888' title='bbox 2710 5322 2820 5363; x_wconf 90' lang='lat' dir='ltr'><strong>non</strong></span> <span class='ocrx_word' id='word_1_889' title='bbox 2842 5309 3008 5378; x_wconf 89' lang='lat' dir='ltr'><strong>quod,</strong></span> <span class='ocrx_word' id='word_1_890' title='bbox 3042 5319 3103 5364; x_wconf 90' lang='lat' dir='ltr'><strong>ut</strong></span> <span class='ocrx_word' id='word_1_891' title='bbox 3132 5309 3224 5363; x_wconf 89' lang='lat' dir='ltr'><strong>ille</strong></span> <span class='ocrx_word' id='word_1_892' title='bbox 3249 5309 3354 5364; x_wconf 87' lang='lat' dir='ltr'><strong>sibi</strong></span> <span class='ocrx_word' id='word_1_893' title='bbox 3388 5323 3620 5379; x_wconf 83' lang='lat' dir='ltr'><strong>persua-</strong></span> 
     </span>
    </p>
   </div>
   <div class='ocr_carea' id='block_1_118' title="bbox 2044 5390 3691 5470">
    <p class='ocr_par' dir='ltr' id='par_1_118' title="bbox 2044 5390 3691 5470">
     <span class='ocr_line' id='line_1_118' title="bbox 2044 5390 3691 5470; baseline 0.005 -25"><span class='ocrx_word' id='word_1_894' title='bbox 2044 5390 2158 5457; x_wconf 89' lang='lat' dir='ltr'><strong>det,</strong></span> <span class='ocrx_word' id='word_1_895' title='bbox 2198 5390 2438 5449; x_wconf 91' lang='lat' dir='ltr'><strong>Verbum</strong></span> <span class='ocrx_word' id='word_1_896' title='bbox 2487 5411 2518 5451; x_wconf 88' lang='lat' dir='ltr'><strong>a</strong></span> <span class='ocrx_word' id='word_1_897' title='bbox 2569 5396 2733 5454; x_wconf 90' lang='lat' dir='ltr'><strong>Patre</strong></span> <span class='ocrx_word' id='word_1_898' title='bbox 2787 5402 3137 5470; x_wconf 88' lang='lat' dir='ltr'><strong>processerit,</strong></span> <span class='ocrx_word' id='word_1_899' title='bbox 3183 5409 3238 5456; x_wconf 91' lang='lat' dir='ltr'><strong>et</strong></span> <span class='ocrx_word' id='word_1_900' title='bbox 3293 5400 3350 5455; x_wconf 83' lang='lat' dir='ltr'><strong>in</strong></span> <span class='ocrx_word' id='word_1_901' title='bbox 3399 5414 3625 5454; x_wconf 86' lang='lat' dir='ltr'><strong>carnem</strong></span> <span class='ocrx_word' id='word_1_902' title='bbox 3680 5443 3691 5468; x_wconf 89' lang='lat'><strong>,</strong></span> 
     </span>
    </p>
   </div>
   <div class='ocr_carea' id='block_1_119' title="bbox 2047 5486 3622 5557">
    <p class='ocr_par' dir='ltr' id='par_1_119' title="bbox 2047 5486 3622 5557">
     <span class='ocr_line' id='line_1_119' title="bbox 2047 5486 3622 5557; baseline 0.005 -22"><span class='ocrx_word' id='word_1_903' title='bbox 2047 5491 2315 5541; x_wconf 90' lang='lat' dir='ltr'><strong>mutatum</strong></span> <span class='ocrx_word' id='word_1_904' title='bbox 2348 5486 2552 5544; x_wconf 89' lang='lat' dir='ltr'><strong>fuerit:</strong></span> <span class='ocrx_word' id='word_1_905' title='bbox 2596 5490 2674 5545; x_wconf 88' lang='lat' dir='ltr'><strong>ita</strong></span> <span class='ocrx_word' id='word_1_906' title='bbox 2713 5493 2857 5547; x_wconf 91' lang='lat' dir='ltr'><strong>enim</strong></span> <span class='ocrx_word' id='word_1_907' title='bbox 2906 5493 2994 5547; x_wconf 92' lang='lat' dir='ltr'><strong>ille</strong></span> <span class='ocrx_word' id='word_1_908' title='bbox 3024 5492 3164 5548; x_wconf 87' lang='lat' dir='ltr'><strong>falso</strong></span> <span class='ocrx_word' id='word_1_909' title='bbox 3211 5491 3279 5547; x_wconf 90' lang='lat' dir='ltr'><strong>de</strong></span> <span class='ocrx_word' id='word_1_910' title='bbox 3322 5491 3426 5545; x_wconf 89' lang='lat' dir='ltr'><strong>hoc</strong></span> <span class='ocrx_word' id='word_1_911' title='bbox 3455 5504 3622 5557; x_wconf 82' lang='lat' dir='ltr'><strong>argu—</strong></span> 
     </span>
    </p>
   </div>
   <div class='ocr_carea' id='block_1_120' title="bbox 2046 5578 3622 5651">
    <p class='ocr_par' dir='ltr' id='par_1_120' title="bbox 2046 5578 3622 5651">
     <span class='ocr_line' id='line_1_120' title="bbox 2046 5578 3622 5651; baseline 0.003 -23"><span class='ocrx_word' id='word_1_912' title='bbox 2046 5584 2231 5633; x_wconf 92' lang='lat' dir='ltr'><strong>mento</strong></span> <span class='ocrx_word' id='word_1_913' title='bbox 2255 5578 2534 5638; x_wconf 85' lang='lat' dir='ltr'><strong>disseruit.</strong></span> <span class='ocrx_word' id='word_1_914' title='bbox 2566 5581 2634 5638; x_wconf 86' lang='lat' dir='ltr'><strong>Et</strong></span> <span class='ocrx_word' id='word_1_915' title='bbox 2660 5599 2789 5640; x_wconf 88' lang='lat' dir='ltr'><strong>vero</strong></span> <span class='ocrx_word' id='word_1_916' title='bbox 2812 5584 2857 5640; x_wconf 90' lang='lat' dir='ltr'><strong>si</strong></span> <span class='ocrx_word' id='word_1_917' title='bbox 2885 5584 3128 5641; x_wconf 80' lang='lat' dir='ltr'><strong>Adamus</strong></span> <span class='ocrx_word' id='word_1_918' title='bbox 3157 5583 3318 5640; x_wconf 87' lang='lat' dir='ltr'><strong>Verbi</strong></span> <span class='ocrx_word' id='word_1_919' title='bbox 3353 5581 3622 5651; x_wconf 77' lang='lat' dir='ltr'><strong>originem</strong></span> 
     </span>
    </p>
   </div>
   <div class='ocr_carea' id='block_1_121' title="bbox 2074 5688 3643 5796">
    <p class='ocr_par' dir='ltr' id='par_1_121' title="bbox 2074 5688 3643 5796">
     <span class='ocr_line' id='line_1_121' title="bbox 2074 5688 3643 5796; baseline 0.002 -22"><span class='ocrx_word' id='word_1_920' title='bbox 2074 5718 2093 5749; x_wconf 82' lang='lat'><strong>&quot;</strong></span> <span class='ocrx_word' id='word_1_921' title='bbox 2125 5720 2142 5774; x_wconf 89' lang='lat' dir='ltr'><strong>l</strong></span> <span class='ocrx_word' id='word_1_922' title='bbox 2170 5720 2293 5779; x_wconf 89' lang='lat' dir='ltr'><strong>Cor.</strong></span> <span class='ocrx_word' id='word_1_923' title='bbox 2326 5740 2412 5791; x_wconf 79' lang='lat' dir='ltr'><strong>xv,</strong></span> <span class='ocrx_word' id='word_1_924' title='bbox 2436 5726 2525 5781; x_wconf 73' lang='grc'><strong>47.</strong></span> <span class='ocrx_word' id='word_1_925' title='bbox 2632 5729 2653 5761; x_wconf 79' lang='grc'><strong><em>⁵</em></strong></span> <span class='ocrx_word' id='word_1_926' title='bbox 2678 5726 2835 5784; x_wconf 69' lang='lat' dir='ltr'><strong>Joar.</strong></span> <span class='ocrx_word' id='word_1_927' title='bbox 2868 5746 2905 5796; x_wconf 85' lang='grc' dir='ltr'><strong>ι,</strong></span> <span class='ocrx_word' id='word_1_928' title='bbox 2934 5730 3014 5785; x_wconf 79' lang='grc' dir='ltr'>Η.</span> <span class='ocrx_word' id='word_1_929' title='bbox 3119 5730 3139 5762; x_wconf 79' lang='grc'>⁸</span> <span class='ocrx_word' id='word_1_930' title='bbox 3168 5728 3376 5783; x_wconf 72' lang='grc' dir='ltr'>Γανυςιι</span> <span class='ocrx_word' id='word_1_931' title='bbox 3410 5741 3492 5793; x_wconf 84' lang='grc' dir='ltr'>ιιι,</span> <span class='ocrx_word' id='word_1_932' title='bbox 3521 5688 3643 5780; x_wconf 56' lang='lat'><strong>&#39;57..</strong></span> 
     </span>
    </p>
   </div>
  </div>
