4134 6386
387 935 416 962 ’δ

452 317 558 372 319

1869 311 1924 367 S.
1971 306 2316 364 EPlPllANII

3627 295 3737 352 380

457 429 772 489 antecessit.
813 443 908 498 per
951 441 1242 499 quemnam
1283 445 1392 483 non
1433 429 1594 482 modo
1633 429 1892 490 Adamus,
1945 425 2042 480 sed

2164 439 2282 492 ›ηκε
2343 417 2694 486 Ποιήσωμεν
2725 415 3071 483 ἃνθρωπον;
3097 414 3158 467 οὐ
3181 412 3300 483 γάρ
3319 411 3404 476 τίς
3435 427 3568 464 ποτε
3597 411 3734 483 πρὶς

457 522 622 576 etiam
653 535 772 590 quae
790 519 996 574 Adamo
1023 521 1234 589 priores
1265 531 1392 574 sunt
1412 529 1680 576 creatura:
1717 517 1832 584 Dei,
1860 531 2050 572 omnes

461 613 738 682 producta:
771 613 937 666 sunt?
974 613 1108 679 Quis
1137 613 1225 667 ille
1257 628 1390 668 vero
1415 620 1501 666 est
1563 613 1650 667 cui
1685 611 1844 664 Pater
1869 609 2044 662 dixit:

465 701 753 757 Faciamus
793 702 1096 756 hominem?
1145 701 1314 756 Nemo
1362 703 1506 757 enim
1554 713 1648 756 aut
1683 701 1750 756 ad
1793 700 2046 754 intimum

461 793 688 847 verbum
715 807 897 856 suum,
940 802 1030 845 aut
1059 792 1123 844 ad
1157 791 1288 846 illud
1311 791 1456 860 quod
1480 794 1721 847 exterius
1753 789 2048 862 profertur,

464 884 924 938 consultationem
958 883 1516 954 deliberationemque
1551 884 1758 954 dirigit.
1811 881 1937 936 Ideo
1967 883 2053 936 in-

465 977 630 1030 situm
657 975 760 1030 sibi
783 975 1304 1046 sanetissimumque
1327 991 1486 1030 suum
1509 975 1742 1031 Verbum
1767 975 2052 1044 alloquens

467 1067 647 1133 Pater,
671 1067 907 1122 futuram
931 1067 1169 1123 hominis
1193 1069 1622 1138 procreationem
1644 1067 2050 1138 sapientissima

465 1175 600 1215 voce
629 1159 894 1224 declarat,
939 1168 1000 1214 ut
1029 1160 1225 1214 Filium
1275 1161 1420 1230 apud
1449 1159 1666 1216 Patrem
1697 1160 1856 1214 initio
1880 1159 2052 1214 exsti—

469 1255 601 1308 tisse
635 1252 942 1316 sciremus;
989 1268 1168 1322 neque
1197 1252 1536 1308 conditorem
1575 1260 1824 1308 nostrum
1857 1265 2053 1306 recens

2153 513 2245 566 τὸν
2267 509 2569 564 ἐνδιάθετον
2595 507 2759 562 αὐτοῦ
2793 507 2971 574 λόγον,
3003 505 3036 576 ἢ
3065 505 3157 558 τὸν
3183 504 3514 576 προφορικδν
3543 501 3740 556 ἐπιτεί-

2155 621 2308 658 νεται
2351 603 2450 671 τὴν
2493 600 2858 671 συμϐουλίαν,
2891 589 3041 652 ἀλλά
3077 597 3212 667 πρδς
3242 596 3333 648 τδν
3367 595 3605 664 ἔμφυτον
3644 592 3739 648 καὶ

2156 697 2312 765 ἆγιον
2339 693 2504 748 αὑτοῦ
2538 693 2710 760 Λόγον
2738 691 2840 761 τῆς
2869 689 3168 761 μελλούσης
3207 687 3302 742 τοῦ
3331 685 3621 759 ἀνθρώπου
3647 685 3739 757 δη-

2160 788 2450 860 μιουργίας
2479 787 2713 838 ποιεῖται
2739 784 2836 855 τὴν
2869 782 3008 854 μετὰ
3033 783 3214 852 πάσης
3245 779 3436 850 σοφίας
3457 778 3735 850 ἐξήγησιν·

2156 879 2246 934 ἵνα
2283 879 2544 950 μάθωμεν
2571 877 2629 944 ἐξ
2651 875 2830 948 ἀρχῆς
2863 871 3001 928 εἶναι
3033 873 3122 926 τὸν
3156 872 3330 926 Παῖδα
3357 869 3494 942 πρὸς
3525 870 3616 924 τὸν
3643 870 3738 922 αὗ-

2155 971 2251 1026 τοῦ
2283 971 2523 1042 Πατέρα,
2551 969 2636 1022 ἵνα
2671 967 2746 1040 μὴ
2771 967 2862 1020 τὸν
2888 965 3153 1037 ἡμέτερον
3179 963 3402 1034 κτίστην
3429 961 3738 1036 πρόσφατον

2157 1061 2488 1134 νομίσωμεν,
2517 1059 2652 1112 ἀλλὰ
2685 1059 2782 1112 σὺν
2817 1055 2993 1128 Πατρὶ
3031 1055 3118 1108 ἀεὶ
3146 1053 3460 1122 ὑπάρχοντα
3499 1051 3606 1121 πρὸ
3634 1050 3742 1104 τῶν

2157 1151 2370 1208 αἰώνων
2389 1167 2403 1180 ·
2436 1153 2512 1216 ὡς
2545 1153 2639 1206 καὶ
2681 1149 2935 1219 Ἰωάννης
2972 1147 3242 1218 μαρτυρεῖ
3267 1143 3479 1212 λέγων’
3507 1144 3612 1197 Ἐν
3641 1141 3742 1210 ἀρ-

2159 1244 2240 1316 χῇ
2267 1241 2346 1316 ἦν
2369 1246 2403 1298 ὁ
2427 1245 2641 1314 Λόγος,
2675 1243 2774 1298 καὶ
2799 1244 2832 1296 ό
2853 1240 3044 1310 Λόγος
3067 1234 3148 1309 ἦν
3171 1237 3324 1308 πρὸς
3344 1237 3452 1293 τὸν
3483 1237 3654 1294 Θεόν.

469 1345 522 1400 in
553 1346 726 1400 lucem
752 1346 960 1401 editum
992 1348 1414 1410 arbitraremur,
1443 1347 1538 1402 sed
1569 1361 1694 1401 cum
1763 1346 1922 1400 Patre
1943 1344 2183 1415 priorem
2232 1339 2450 1396 sarculis
2495 1339 2752 1394 omnibus
2819 1336 3010 1392 fuisse.
3069 1335 3124 1389 ld
3191 1330 3339 1406 quod
3399 1333 3636 1388 Joannes
3667 1330 3740 1384 ita

469 1442 841 1496 demonstrat:
893 1440 960 1496 In
1000 1443 1260 1512 principio
1299 1451 1414 1498 erat
1453 1441 1697 1508 Verbum,
1743 1451 1792 1496 et
1827 1440 2050 1494 Verbum
2088 1445 2204 1492 erat
2233 1435 2376 1504 apud
2411 1433 2638 1489 Deum‘.

543 1531 633 1590 IV.
671 1537 834 1606 Atqui
863 1535 1126 1598 Verbum,
1161 1537 1338 1606 inquit
1363 1537 1660 1592 circulator
1692 1537 1816 1600 iste,
1843 1551 1873 1590 a
1905 1535 2056 1604 prin-

471 1626 613 1695 cipio
645 1627 920 1682 exatitisse
955 1625 1164 1694 fateor;
1229 1626 1425 1682 Filium
1461 1627 1549 1680 Dei
1584 1627 1824 1700 genitum
1862 1624 2054 1692 fuisse,

2231 1531 2304 1585 Δ’.
2350 1529 2447 1591 Ὦς
2465 1527 2486 1558 ⁸
2515 1545 2684 1600 φησιν
2711 1527 2738 1580 6
2771 1525 3016 1598 ἀγύρτης
3037 1541 3050 1554 ·
3091 1524 3203 1579 Καὶ
3235 1521 3398 1586 αὐτός
3431 1539 3576 1593 φημι
3603 1514 3744 1576 εἶναι

2162 1619 2254 1672 τὸν
2280 1617 2452 1686 Λόγον
2483 1615 2770 1688 ἀπαρχῆς,
2811 1615 2926 1668 ἀλλ’
2949 1617 3048 1686 οὐχ
3085 1613 3214 1668 Υἱὸν
3247 1611 3382 1666 Θεοῦ
3414 1607 3746 1682 γεγεννημέ-

475 1717 526 1769 id
551 1733 678 1772 vero
707 1732 814 1770 non
843 1717 1038 1774 fateor.
1109 1717 1310 1773 Verum
1339 1719 1447 1774 nisi
1487 1718 1580 1771 Dei
1618 1720 1688 1772 sit
1717 1716 1909 1782 Filius,
1937 1718 2053 1771 ina-

2164 1729 2271 1766 νον.
2307 1711 2418 1765 Καὶ
2455 1711 2504 1761 εί
2557 1709 2634 1780 μὴ
2683 1709 2832 1762 ἔστιν
2877 1708 3003 1770 ru;
3047 1707 3216 1772 Θεοῦ,
3255 1706 3482 1778 μάταιος
3515 1704 3681 1758 αὐτοῦ
3717 1705 3748 1758 6

477 1810 560 1862 uis
589 1818 673 1864 est
699 1810 844 1866 illius
873 1811 1045 1878 labor,
1073 1813 1234 1866 inane
1257 1821 1308 1866 et
1329 1811 1494 1864 animi
1531 1811 1890 1882 propositum,
1913 1825 2054 1864 vana

475 1901 710 1971 denique
731 1920 856 1972 spes
871 1904 1050 1958 omnis
1073 1912 1127 1960 et
1155 1905 1434 1975 cogitatio.
1469 1904 1612 1958 Nihil
1645 1905 1790 1958 enim
1823 1901 2056 1972 amplius

477 1995 945 2065 excellentiusque
980 1995 1047 2050 de
1093 1995 1312 2050 Christo
1349 1995 1656 2065 profitetur,
1691 2011 1854 2064 quam
1884 1992 2057 2048 Judaei

479 2085 604 2154 ipsi.
635 2087 726 2156 qui
757 2086 1008 2141 euuulem
1055 2087 1414 2158 abnegat-unt.
1451 2087 1621 2144 Porro
1653 2103 1760 2142 non
1789 2088 2056 2157 scriptum

479 2183 561 2227 est
591 2178 644 2228 in
678 2175 1006 2246 Evangelia:
1038 2175 1103 2229 In
1129 2179 1388 2245 principio
1417 2191 1532 2231 erat
1573 2175 1816 2241 Verbum,
1851 2183 1904 2229 et
1924 2173 2060 2230 Ver-

481 2264 606 2318 bum
635 2275 748 2318 erat
775 2265 826 2317 in
859 2264 996 2330 Deo;
1027 2265 1156 2320 sed:
1185 2263 1404 2318 Verbum
1421 2275 1534 2320 erat
1565 2265 1704 2333 apud
1741 2265 1936 2328 Deum;
1959 2279 2060 2318 nec

481 2355 535 2408 in
571 2355 678 2410 Deo
703 2354 934 2410 Verbum
967 2355 1130 2426 832
1166 2357 1325 2411 modo
1353 2356 1524 2412 fuisse
1559 2357 1725 2420 dicit;
1767 2357 1884 2420 sed,
1919 2355 2059 2410 Deus

479 2455 592 2500 erat
633 2444 878 2500 Verbum.
931 2446 988 2499 ln
1043 2448 1162 2516 ipso
1209 2448 1427 2518 quidem
1473 2448 1690 2502 homine
1737 2461 1918 2501 seruio
1948 2445 2058 2510 ille,

481 2538 572 2608 qui
598 2547 856 2606 perpetuo
876 2547 968 2592 aut
993 2538 1237 2606 interior,
1263 2549 1352 2592 aut
1385 2547 1606 2592 externa
1642 2553 1772 2592 voce
1805 2539 2052 2608 prolutus

480 2637 582 2692 est,
601 2629 762 2682 homo
779 2630 880 2682 dici
913 2645 1015 2682 non
1049 2637 1245 2699 potest,
1274 2631 1364 2686 scd
1389 2629 1625 2684 hominis
1653 2645 1851 2684 sermo.
1877 2629 2062 2696 Quod-

481 2721 548 2782 si,
598 2728 656 2772 ut
701 2719 789 2772 illc
825 2727 1081 2786 nugatur,
1127 2721 1364 2774 nondum
1395 2722 1543 2776 velut
1577 2720 1718 2774 fetus
1771 2729 1924 2786 erat,
1968 2729 2061 2773 aut

485 2811 574 2863 lh'i
623 2807 792 2862 Filius
853 2809 994 2864 Deus
1043 2809 1322 2872 Verbum,
1391 2827 1484 2881 per
1533 2827 1826 2881 quemnam
1875 2813 2060 2866 omnia

483 2899 748 2968 producta
822 2902 1000 2955 sunt?
1083 2901 1532 2972 Quandoquidem
1594 2912 1653 2958 ut
1713 2903 2059 2974 Evangeliuui

482 2992 706 3056 asserit,
749 2992 943 3046 Omnia
979 3009 1070 3062 per
1106 2995 1276 3062 ipsum
1307 2995 1451 3064 facta
1480 3007 1632 3058 sunt,
1688 3007 1736 3050 et
1783 2999 1897 3052 sine
1947 3001 2060 3063 ipso

481 3083 680 3152 factum
720 3093 797 3138 est
839 3085 1027 3139 nihil’.
1087 3087 1300 3140 Ateuim
1337 3089 1818 3156 quemadmodum.
1861 3091 2061 3160 inquit,

483 3176 644 3230 homo
693 3191 788 3244 per
823 3175 1060 3231 Verbum
1111 3193 1271 3232 suum
1319 3179 1584 3248 quidquid
1621 3181 1841 3234 libuerit
1875 3181 2060 3244 elIicit,

479 3263 555 3321 Ita
586 3273 638 3318 et
675 3265 830 3321 l’atcr
876 3283 970 3335 per
1012 3265 1246 3320 Verbum
1283 3283 1464 3330 suum,
1499 3269 1640 3336 quod
1685 3269 1738 3322 in
1773 3270 1890 3338 ipso
1923 3277 2062 3333 erat,

484 3359 736 3412 universa
761 3360 1086 3426 procreavit.
1115 3357 1400 3425 Quomodo
1425 3362 1588 3430 igitur
1610 3361 1712 3415 hoc
1737 3364 1790 3415 in
1820 3361 2064 3434 Evange-

483 3447 558 3500 lio
605 3445 814 3498 Domini
858 3446 1065 3500 dictum
1114 3447 1488 3516 accipiendum
1537 3461 1650 3504 rst:
1711 3449 1874 3504 Pater
1905 3469 2068 3522 usque

485 3537 640 3590 modo
680 3549 948 3604 operatur,
983 3548 1030 3589 et
1059 3555 1150 3606 ego
1185 3555 1370 3607 operor
1393 3541 1446 3592 "i
1489 3540 1619 3606 Quae
1657 3543 1818 3596 verba
1853 3560 1959 3598 non
1986 3545 2066 3599 sic

483 3630 832 3698 intelligenda
871 3639 1020 3694 sunt,
1063 3637 1218 3700 quasi
1265 3635 1316 3686 in
1367 3633 1454 3688 his
1493 3649 1615 3702 quae
1665 3633 1832 3689 Filius
1881 3637 2064 3703 ellicit,

482 3722 620 3774 nihil
654 3719 812 3775 Pater
843 3720 958 3791 ipse
991 3723 1270 3788 moliatur,
1323 3733 1416 3778 aut
1449 3734 1638 3779 contra
1671 3727 2066 3783 abalienandus

484 3815 556 3868 sit
585 3811 785 3879 Filius;
830 3829 1008 3883 neque
1037 3831 1096 3870 se
1135 3814 1315 3870 Patris
1351 3817 1568 3887 opificio
1607 3818 1817 3888 agendo
1859 3821 2062 3890 aliquid

485 3905 808 3962 immisceat.
860 3905 1138 3976 Siquidem
1175 3923 1342 3978 opera
1388 3911 1572 3964 omnia
1616 3926 1644 3963 a
1689 3909 1850 3966 Patre
1902 3913 2066 3967 simul

482 4007 538 4049 et
571 3995 707 4050 Filio
743 4005 795 4052 et
825 3997 1029 4067 Spiritu
1063 4007 1256 4054 sancto
1292 4000 1554 4069 producta
1587 4009 1736 4056 sunt.
1795 3999 1930 4054 Nam
1971 4017 2068 4071 per

483 4091 661 4157 ipsum
697 4090 877 4142 omnia
905 4099 1032 4144 sunt
1063 4105 1094 4144 a
1121 4089 1282 4146 Patre
1315 4091 1580 4162 producta
1606 4111 1620 4160 ;
1676 4095 1900 4164 ipseque
1932 4094 2068 4148 adeo

484 4197 608 4234 cum
631 4179 792 4236 Patre
827 4191 881 4234 et
913 4181 1120 4252 Spiritu
1146 4193 1337 4238 sancto
1363 4184 1648 4240 fabricavit
1671 4187 1873 4240 omnia.
1901 4185 2068 4240 Verbo

482 4274 620 4325 enim
655 4271 866 4326 Domini
917 4274 1032 4326 coeli
1072 4275 1289 4344 formati
1317 4287 1459 4342 sunt,
1517 4289 1564 4331 et
1603 4279 1794 4346 spiritu
1823 4279 1929 4330 oris
1955 4277 2066 4345 ejus

485 4364 652 4416 omnis
676 4363 838 4418 virtus
868 4381 1049 4418 eorum
1073 4365 1115 4419 ⁸.
1169 4365 1438 4430 Quocirca
1473 4377 1634 4424 caute
1665 4368 1796 4424 illud
1827 4367 2068 4439 pruden-

484 4461 676 4523 terque
719 4454 980 4511 Dominus
1023 4457 1078 4510 in
1123 4457 1417 4528 Evangelio
1464 4459 1622 4524 dixit,
1670 4476 1819 4523 cum,
1879 4467 2070 4530 utpote

487 4545 630 4602 Deus
677 4550 858 4602 omnia
907 4551 1232 4618 praevidens,
1288 4567 1352 4604 ac.
1389 4553 1517 4622 quid
1553 4553 1764 4623 decepti
1818 4553 2070 4607 homines

486 4640 776 4710 cogitaturi
827 4641 1120 4710 aliquando
1173 4642 1372 4710 forent,
1413 4655 1578 4712 utque
1621 4647 1688 4699 ab
1731 4662 1790 4700 se
1837 4645 2070 4715 quisque

483 4733 764 4785 veritatem
819 4731 1230 4800 abjudicaturus
1283 4743 1428 4788 esset
1479 4735 1830 4806 intelligens,
1893 4733 2066 4800 Nihil,

483 4823 680 4894 inquit,
712 4841 745 4876 a
771 4826 942 4891 seipse
979 4825 1108 4894 facit
1139 4825 1334 4892 Filius,
1372 4831 1476 4882 nisi
1507 4828 1693 4882 viderit
1727 4828 1942 4884 Patrem
1968 4832 2059 4900 [a-

484 4917 700 4969 cienlem
726 4918 768 4968 ⁵.
809 4915 919 4971 Nec
947 4927 1032 4972 est
1058 4919 1203 4988 quod
1233 4921 1544 4990 suspicetur
1577 4923 1793 4991 aliquis,
1830 4923 2062 4992 primum

484 5007 636 5062 illum
670 5009 876 5072 videre,
916 5011 1112 5066 deinde
1145 5012 1345 5068 facere.
1401 5014 1564 5067 llalict
1609 5016 1755 5068 enim
1792 5017 1844 5070 in
1879 5019 2062 5088 seipso

482 5101 688 5162 omnia,
713 5110 766 5154 et
795 5118 1134 5173 quaecunque
1162 5105 1395 5159 voluerit
1427 5107 1656 5176 perlicit.

555 5190 620 5244 γ.
653 5193 884 5258 Quinam
922 5195 1086 5265 igitur
1115 5211 1242 5249 vera
1293 5196 1407 5250 iuec
1439 5211 1581 5260 esse,
1625 5195 1876 5260 Photine,
1911 5205 2060 5266 pote-

485 5285 647 5338 runt?
703 5285 835 5351 Quis
865 5287 954 5342 ille
993 5295 1077 5342 est
1123 5289 1216 5357 qui
1263 5289 1313 5342 in
1354 5297 1406 5341 te
1455 5289 1612 5343 nobis
1647 5305 1840 5345 rursus
1875 5289 2060 5344 lolium

485 5375 620 5430 illud
648 5377 1008 5434 disseminat?
1047 5379 1180 5446 Quis
1211 5381 1340 5434 illud
1370 5381 1523 5436 virus
1555 5381 1608 5434 in
1643 5381 1938 5436 humanum
1970 5395 2062 5451 3e-

487 5483 592 5521 nus
615 5467 848 5523 effudit?
873 5471 1008 5537 Quis
1037 5479 1202 5526 tanta:
1231 5472 1328 5528 tibi
1356 5473 1666 5540 impietatis,
1695 5487 1756 5528 ac
1791 5479 1902 5526 tam
1931 5485 2065 5528 con-

2159 1805 2340 1868 πόνος,
2371 1803 2578 1874 ματαία
2617 1799 2782 1855 αὑτοῦ
2813 1793 2908 1854 καὶ
2938 1801 2971 1870 ἡ
3006 1798 3345 1872 προαίρεσις.
3378 1795 3473 1851 καὶ
3503 1799 3536 1868 ἡ
3570 1795 3745 1860 ἐλπὶς,

2158 1897 2254 1952 καὶ
2285 1899 2318 1966 ή
2371 1897 2601 1950 διάνοια.
2635 1893 2771 1948 Οὐδὲ
2804 1894 2912 1966 γὰρ
2947 1891 3334 1964 περισσότερον
3365 1889 3472 1943 τῶν
3505 1889 3748 1958 ἀρνησα-

2163 1989 2338 2062 μένων
2372 1987 2534 2042 αὑτὸν
2576 1985 2846 2040 Ἰουδαίων
2893 1982 3050 2048 οὗτος
3102 1985 3271 2051 λέγει.
3319 1981 3394 2034 Οὐ
3441 1981 3550 2052 γὰρ
3599 1979 3748 2049 λέγει

2159 2082 2292 2152 περὶ
2325 2079 2490 2134 αὑτοῦ
2535 2079 2599 2132 τὺ
2629 2077 2984 2147 Εὑαγγέλιον.
3025 2079 3106 2132 ὅτι
3147 2077 3251 2130 Ἐν
3287 2072 3447 2144 ἀρχῇ
3473 2070 3553 2140 ἦν
3577 2075 3612 2127 ὁ
3639 2075 3749 2127 Λό-

2159 2192 2282 2246 γος,
2317 2174 2412 2228 καὶ
2439 2175 2465 2227 6
2503 2173 2674 2241 Λόγος
2707 2167 2775 2242 ἦν
2807 2173 2864 2224 ὲν
2893 2169 2970 2240 τῷ
2995 2167 3116 2239 Θεῷ
3136 2186 3149 2200 ο
3185 2167 3322 2232 ἀλλ’,
3363 2167 3416 2220 ’0
3454 2167 3645 2234 Λόγος
3671 2161 3751 2233 ἦν

2161 2267 2310 2336 πρὸς
2339 2267 2446 2320 τὸν
2476 2267 2644 2320 Geor.
2677 2265 2788 2318 Καὶ
2812 2265 2874 2319 οὐ
2907 2263 3079 2334 λέγει,
3105 2263 3186 2315 ὅτι
3217 2263 3277 2314 ὲν
3309 2259 3388 2333 τῷ
3413 2258 3534 2330 Θεῷ
3555 2254 3624 2330 ἦν
3655 2257 3751 2330 μό-

2161 2375 2250 2413 νον
2270 2377 2282 2390 ·
2313 2359 2468 2424 ἀλλὰ,
2503 2359 2650 2422 Θεὸς
2685 2353 2766 2426 ἦν
2796 2359 2829 2410 d
2858 2358 3066 2425 Λόγος.
3107 2355 3247 2408 Ἀλλ’
3273 2355 3330 2408 ἐν
3361 2353 3438 2425 τῷ
3477 2351 3750 2424 ἀνθρώπῳ

2166 2453 2284 2523 μὲν,
2325 2453 2479 2521 λόγος
2511 2450 2816 2513 ἐνδιάθετος
2847 2451 2934 2503 ἀεὶ
2963 2449 3058 2502 καὶ
3089 2447 3424 2520 προφορικδς
3457 2446 3746 2515 ὑπάρχων,

2151 2541 2220 2597 ὀὐ
2251 2543 2474 2597 δύναται
2506 2541 2759 2611 λέγεσθαι
2803 2541 3108 2612 ἄνθρωπος,
3155 2539 3288 2593 ἀλλὰ
3334 2537 3624 2610 ἀνθρώπου
3663 2536 3752 2590 λό-

2163 2655 2276 2707 γος.
2315 2638 2380 2692 El
2408 2639 2428 2668 "
2466 2637 2566 2691 οὐκ
2597 2633 2666 2708 ἦν
2696 2635 2849 2690 οὖπω
2877 2634 2937 2688 τὸ
2969 2635 3235 2705 γέννημα,
3269 2631 3346 2696 ὡς
3379 2631 3542 2695 αὐτὸς
3581 2631 3748 2698 λέγει,

2163 2730 2258 2784 καὶ
2283 2731 2330 2782 εί
2353 2727 2507 2782 οὔπω
2540 2723 2608 2799 ἦν
2639 2727 2768 2790 Υἱὸς
2805 2725 2901 2780 τοῦ
2933 2725 3070 2779 Θεοῦ
3095 2725 3228 2788 Θεὸς
3268 2725 3462 2793 Λόγος,
3489 2721 3576 2775 διὰ
3607 2722 3752 2785 τίνος

2163 2819 2231 2872 τὰ
2278 2818 2454 2872 πάντα
2501 2818 2822 2888 γεγένηταις
2881 2816 3064 2886 ἐπειδή
3099 2833 3231 2886 φησι
3274 2815 3336 2867 τὸ
3383 2812 3748 2882 Εὐαγγέλιον⁹

2165 2909 2369 2962 Πάντα
2389 2909 2464 2962 δι’
2491 2909 2677 2962 αὐτοῦ
2703 2907 2962 2976 ἐγένετο,
2983 2906 3081 2960 καὶ
3102 2905 3280 2976 χωρίς
3305 2903 3491 2958 αὑτοῦ
3516 2901 3752 2972 ἐγένετο

2167 3001 2309 3054 οὐδὲ
2341 3001 2430 3054 ἓν.
2475 2999 2657 3060 Ἀλλὰ,
2693 2999 2880 3071 φησιν,
2911 2997 3101 3070 ὥσπερ
3127 2997 3213 3050 διὰ
3237 2996 3395 3064 λόγου
3416 2997 3445 3049 6
3467 2995 3754 3066 ἄνθρωπος

2169 3093 2398 3163 πράττει
2433 3093 2462 3146 ὃ
2497 3090 2957 3162 βούλεται,οὓτω;
2986 3090 3074 3143 διὰ
3099 3088 3193 3141 τοῦ
3231 3089 3361 3141 ἰδίου
3383 3088 3558 3146 Λόγου
3587 3089 3617 3140 6
3637 3087 3752 3140 lla-

2167 3187 2271 3256 τὴρ
2301 3183 2388 3238 διὰ
2419 3184 2514 3237 τοῦ
2543 3185 2694 3247 ὄντος
2738 3185 2796 3236 ὲν
2831 3181 2980 3252 αὑτῴ
3013 3181 3156 3250 λόγῳ
3201 3181 3425 3250 ἐποίησε
3459 3179 3528 3234 τὰ
3551 3179 3750 3235 πάντα.

2169 3277 2294 3340 Πῶς
2317 3271 2410 3330 οὖν
2432 3279 2459 3330 6
2487 3275 2692 3347 Κύριος
2713 3273 2802 3327 διὰ
2829 3273 2922 3327 τοῦ
2947 3273 3282 3342 Εὑαγγελίου
3309 3272 3480 3341 λέγει,
3507 3273 3590 3325 ὅτι
3607 3273 3754 3337 Ἕως

2167 3369 2296 3437 ἄρτι
2326 3372 2357 3423 ό
2385 3367 2590 3436 Πατὴρ
2631 3366 2949 3436 ἐργάζεται,
2990 3365 3150 3434 κὰγ-ὼ
3180 3363 3486 3434 ἐργάζομαι
3504 3381 3522 3428 ;
3569 3363 3642 3417 T6
3673 3363 3752 3428 δὲ,

2178 3463 2232 3512 Ὀ
2257 3461 2458 3528 Πατὴρ
2491 3459 2789 3529 ἐργάζεται
2809 3499 2822 3522 ,
2857 3457 3019 3528 κάγὼ
3059 3457 3398 3526 ἐργάζομαι,
3430 3457 3492 3510 οὐ
3515 3455 3611 3508 τοῦ
3639 3457 3753 3508 Πα-

2167 3553 2294 3624 τρὺς
2328 3553 2402 3624 μὴ
2447 3551 2818 3625 ἐργαζομένου
2865 3553 2923 3604 ἐν
2955 3553 3020 3622 τῇ
3067 3549 3160 3604 τοῦ
3190 3550 3320 3602 Υίοῦ
3349 3551 3600 3621 ἐργασίᾳ,
3633 3549 3756 3602 οὐδὲ

2167 3646 2261 3696 τοῦ
2294 3645 2424 3698 Υἱοῦ
2451 3643 2857 3714 ἁλλοτριοῦντος
2875 3642 2920 3706 ⁸,
2950 3642 3045 3695 καὶ
3075 3641 3149 3713 μὴ
3184 3641 3566 3714 ἐργασαμένου
3593 3642 3652 3693 έν
3683 3641 3750 3711 τῇ

2167 3733 2262 3786 τοῦ
2303 3733 2519 3805 [ἰατρὸς
2565 3732 2920 3803 δημιουργίᾳ.
2977 3731 3164 3785 Πάντα
3199 3731 3309 3802 γὰρ
3351 3731 3418 3785 τὰ
3461 3731 3602 3804 ἔργα
3653 3731 3756 3784 ὅσα

2167 3822 2334 3886 ἐστὶν,
2365 3823 2481 3893 ἅμα
2506 3823 2571 3876 ὲκ
2602 3821 2815 3892 Πατρὺς
2862 3821 2957 3875 καὶ
2988 3819 3119 3873 Υίοῦ
3165 3823 3259 3875 καὶ
3299 3821 3454 3890 ἁγίου
3501 3819 3756 3891 Πνεύμα-

2167 3930 2257 3976 τος
2289 3913 2596 3983 γεγένηται.
2635 3913 2713 3966 Δι’
2745 3911 2910 3965 αὐτοῦ
2941 3913 3052 3983 γὰρ
3083 3911 3150 3965 τά
3182 3913 3360 3966 πάντα
3389 3913 3614 3981 γέγονεν
3647 3911 3756 3966 ἀπὸ

2169 4001 2385 4074 Πατρὸς
2405 4041 2420 4066 ,
2455 4003 2550 4056 καὶ
2585 4003 2747 4066 αὐτὸς
2795 4003 2865 4056 τὰ
2893 4003 3072 4056 πάντα
3101 4003 3397 4074 εἰργάσατο
3423 4004 3520 4057 σὺν
3553 4003 3752 4076 Πατρὶ,

2169 4095 2260 4148 καὶ
2309 4095 2403 4148 σὺν
2432 4095 2573 4165 ἁγίῳ
2623 4094 2924 4164 Πνεύματι.
2979 4093 3062 4159 Τῷ
3095 4095 3204 4164 γὰρ
3241 4095 3402 4164 λόγῳ
3436 4095 3656 4164 Κυρίου
3699 4097 3755 4148 οἱ

2169 4185 2415 4254 οὐρανοὶ
2479 4186 2968 4254 ἐστερεώθησαν.
3019 4187 3118 4240 καί
3167 4185 3248 4252 τῷ
3297 4188 3592 4257 πνεύματι
3645 4185 3754 4241 τοῦ

2169 4279 2467 4346 στόματος
2495 4277 2684 4331 αὐτοῦ
2713 4277 2881 4331 πᾶσα
2915 4279 2954 4346 ἡ
2991 4277 3243 4346 δύναμις
3269 4277 3489 4335 αὐτῶν.
3535 4279 3620 4331 Διὸ
3661 4279 3751 4331 καὶ

2175 4369 2313 4438 μετὰ
2365 4369 2668 4438 ἀσφαλείας
2697 4372 2724 4422 6
2759 4369 2964 4441 Κύριος
2994 4371 3051 4422 έν
3078 4371 3155 4440 τῷ
3209 4371 3522 4442 Εὑαγγελίῳ
3561 4371 3712 4438 ἔλεγε
3733 4411 3748 4434 ,

2171 4460 2455 4529 γινώσκων
2499 4459 2600 4523 τὰς
2639 4461 2895 4524 ὑπονοίας
2938 4463 3048 4513 τῶν
3109 4461 3580 4533 πεπλανημένων,
3619 4479 3752 4532 προ-

2170 4551 2418 4622 γνώστης
2444 4549 2541 4614 ὣν,
2579 4551 2654 4614 ὡς
2679 4551 2832 4619 Θεὸς,
2869 4553 2964 4606 καὶ
2989 4551 3065 4615 ὡς
3100 4551 3332 4622 ἤμελλεν
3373 4553 3605 4616 ἕκαστος
3643 4551 3754 4606 ἀπὸ

2169 4645 2268 4713 τῆς
2310 4644 2570 4715 ἀληθείας
2617 4645 2807 4698 ἑαυτὸν
2859 4644 3182 4706 ἐκϐάλλειν,
3231 4645 3386 4713 ἔλεγε
3442 4645 3579 4718 πρὸς
3628 4645 3755 4708 τοὺς

2181 4735 2465 4798 Ἰουδαίους
2485 4753 2498 4764 ·
2525 4736 2716 4789 Οὐδὲν
2741 4737 2840 4805 ἀφ’
2860 4736 3076 4790 ἑαυτοῦ
3117 4735 3276 4790 ποιεῖ
3299 4740 3331 4790 ό
3363 4735 3512 4803 Υἱὸς,
3542 4737 3651 4790 ἐὰν
3665 4735 3752 4806 μὴ

2171 4825 2268 4894 ἴδῃ
2309 4825 2416 4878 τὸν
2459 4823 2691 4894 Πατέρα
2737 4825 3043 4880 ποιοῦντα.
3099 4827 3210 4878 Καὶ
3262 4827 3361 4896 οὐχ
3407 4827 3490 4879 ὅτι
3539 4825 3753 4897 πρῶτον

2171 4919 2291 4988 ὁρᾷ,
2323 4916 2514 4970 ἔπειτα
2547 4918 2808 4988 πράττει·
2837 4917 2972 4972 ἀλλὰ
2997 4917 3174 4971 πάντα
3203 4919 3260 4972 ἐν
3291 4917 3468 4990 ἑαυτῷ
3501 4919 3617 4990 ἔγει
3661 4919 3753 4972 καὶ

2172 5010 2420 5079 πράττει,
2455 5008 2491 5062 ἃ.
2525 5008 2794 5079 βούλεται.

2241 5193 2318 5244 E'.
2361 5192 2487 5255 Πῶς
2515 5188 2606 5246 οὖν
2637 5193 2810 5268 ταῦτα
2841 5193 3014 5256 ἔσται,
3041 5192 3086 5246 ὦ
3108 5193 3375 5260 Φωτεινές
3407 5195 3478 5248 Ἦ
3515 5207 3599 5260 τις
3635 5199 3663 5250 6
3697 5198 3754 5248 ὲν

2175 5285 2256 5336 σοὶ
2289 5285 2450 5338 πάλιν
2483 5287 2612 5356 ἡμῖν
2641 5285 3074 5356 τροὸαλλόμενος
3094 5285 3252 5339 τοῦτο
3272 5287 3331 5340 τὸ
3361 5285 3634 5354 ζιζάνιονς
3660 5289 3755 5354 Τίς

2169 5379 2198 5430 6
2217 5378 2280 5430 τὸ
2315 5377 2637 5450 δηλητήριον
2671 5377 2828 5431 τοῦτο
2855 5378 3275 5442 κατασκευάσας
3299 5379 3378 5450 τῷ
3409 5379 3544 5450 βίῳ;
3583 5379 3755 5436 Πόθεν

2169 5471 2232 5543 τὸ
2261 5471 2496 5543 πονηρόν
2541 5488 2624 5524 σοι
2671 5471 3024 5544 ἐνθυμεῖσθαι
3069 5472 3212 5527 κατὰ
3255 5472 3352 5526 τοῦ
3403 5472 3613 5545 Κυρίου
3657 5489 3755 5528 σου
3797 5477 3806 5486 ’

565 5648 577 5678 ¹
609 5647 830 5730 inanti,
867 5653 918 5730 1_.
1051 5654 1179 5708 ihid.
1205 5657 1256 5712 5.
1335 5657 1353 5692 ³
1383 5656 1540 5716 Joan.
1570 5675 1622 5726 v,
1646 5657 1732 5714 17.
1809 5657 1832 5691 ⁸
1861 5656 2004 5714 Psal.
2037 5671 2059 5712 ι

2169 5673 2204 5726 ι,
2239 5654 2293 5713 6.
2371 5657 2390 5688 ⁸
2410 5654 2568 5712 Joan.
2595 5673 2647 5723 ν,
2679 5657 2758 5712 l9.
2838 5659 2858 5692 °
2885 5658 2946 5713 F.
2967 5657 3124 5713 Ἀλλά
3150 5673 3248 5730 pro
3271 5659 3366 5724 ὡς.
3443 5661 3463 5691 ⁷
3495 5659 3654 5716 Deest
3670 5659 3764 5730 δίς,

490 5717 512 5750 ⁸
540 5717 646 5789 Leg
697 5721 970 5795 ἀλλοτρίου
1001 5725 1171 5789 ὄντος.
