4134 6386
385 349 488 409 331

1022 347 1395 408 ADVERSUS
1433 352 1778 409 HA‘JRESES
1815 352 1943 410 LIB.
1980 354 2068 413 lll.
2113 354 2278 413 TOM.
2319 356 2441 408 |.—
2485 352 2764 410 HERES.
2806 350 3017 409 LXXII.

3549 355 3658 414 382

389 466 710 538 βλάσφημον
730 465 915 520 λαϐεῖν
939 466 1228 533 ὑπόνοιανς
1253 469 1367 522 Οὐκ
1393 468 1581 522 ἔπεισέ
1606 486 1665 522 σε
1696 470 1966 541 Ἀϐραὰμ,

2083 472 2355 525 scelerata:
2438 468 2963 537 contumeliosmque
3023 467 3077 520 in
3158 464 3325 521 Deum
3385 467 3666 537 opinionis

388 559 614 628 φάσκων
653 558 790 630 πρὸς
829 559 992 612 αὐτὸν
1028 560 1120 613 καὶ
1151 560 1326 629 λέγων
1349 578 1361 591 -
1404 562 1457 613 '0
1504 563 1726 630 κρίνων
1766 561 1974 618 πᾶσαν

388 650 505 717 τὴν
529 650 665 719 γῆν,
704 653 777 704 σὺ
806 651 1081 718 ποιήσεις
1110 654 1316 720 κρίσιν
1327 670 1348 719 ;
1389 654 1711 727 Ἐλέγχθητι
1738 657 1870 728 γὰρ,
1898 658 1974 722 ὼς

389 744 522 813 παρ’
556 742 703 813 αὐτῷ
740 746 769 797 ό
797 743 925 808 Υἱὸς
963 745 1299 817 ἐπεδήμησε,
1342 748 1436 801 καὶ
1474 748 1535 800 ού
1585 750 1838 819 προφορά
1891 767 1977 813 τις

389 834 487 898 ὢν,
520 836 630 889 ἀλλ’
658 837 1024 900 ὲνυπόστατος
1068 838 1201 901 Θεὸς
1237 839 1427 908 Λόγος.
1458 841 1568 894 Καὶ
1594 842 1743 905 ὅπως
1771 841 1974 913 γνῴης,

389 922 438 980 ὧ
479 927 789 998 ὲθελόσοφε,
841 929 906 981 τὸ
941 928 1114 1000 πέρας
1150 930 1258 982 τῶν
1309 932 1368 984 ὲν
1407 931 1579 1004 ταύτῃ
1611 935 1676 1003 τῇ
1719 933 1977 987 ὑποθέσει

391 1021 996 1092 πεπραγματευμένων,
1025 1022 1102 1085 ὡς
1130 1024 1187 1075 ὲν
1218 1025 1285 1095 τῇ
1324 1024 1445 1095 θείᾳ
1478 1024 1668 1096 Γραφῇ
1700 1027 1977 1099 ἐπισφρα-

390 1113 686 1184 γισάμενος
725 1113 791 1166 τὸ
829 1113 1035 1168 τέλειον
1068 1117 1200 1186 ἡμῖν
1245 1117 1565 1188 ἀπεφήνατο
1603 1118 1853 1187 φάσκων,
1894 1121 1976 1173 ὅτι

397 1202 637 1272 Ἕϐρεεε
680 1205 897 1273 Κύριος
933 1204 1036 1259 ἀπ’
1070 1206 1333 1274 οὐρανοῦ
1372 1206 1493 1275 πῦρ
1532 1210 1629 1262 καί
1676 1208 1840 1262 θεῖον
1874 1209 1975 1263 ἐπὶ

391 1293 629 1365 Σόδομα
658 1295 758 1348 καὶ
780 1296 1057 1365 Γόμορρα
1080 1296 1244 1366 παρὰ
1264 1300 1507 1367 Κυρίου.
1540 1301 1650 1354 Καὶ
1674 1301 1776 1354 οὐκ
1799 1296 1974 1364 εἶπεν,

386 1390 422 1442 ό
455 1388 630 1457 Λόγος
673 1386 1030 1460 τοῦηκυρίου,
1079 1389 1238 1450 ἀλλὰ.
1274 1392 1491 1459 Κύριος
1527 1394 1687 1463 παρὰ
1716 1398 1938 1462 Κυρίου
1960 1412 1974 1424 ⁸

395 1478 473 1541 ὡς
506 1477 603 1532 καὶ
631 1478 794 1531 Δαὸὶδ
817 1477 996 1548 λέγει·
1012 1480 1200 1534 Εἶπεν
1229 1484 1262 1535 ό
1284 1482 1501 1551 Κύριος
1523 1480 1602 1547 τῷ
1624 1484 1819 1551 Κυρίῳ
1833 1501 1973 1553 μου.

392 1569 505 1622 Καὶ
551 1569 637 1623 ἵνα
677 1568 695 1600 ⁸
741 1569 823 1623 ὅτι
863 1570 927 1623 ού
966 1569 1104 1641 μετὰ
1144 1571 1245 1641 τὴν
1290 1570 1554 1641 ένσαρκον
1599 1571 1901 1643 παρουσίαν
1950 1574 1980 1625 ὁ

392 1658 523 1723 Υἱὸς
552 1660 713 1730 μόνον
740 1660 1077 1733 εὑρίσκεται,
1107 1660 1377 1733 διηγεῖται
1420 1663 1516 1717 καὶ
1574 1663 1704 1735 περὶ
1728 1662 1831 1732 τῆς
1868 1663 1977 1716 ἀπ-

392 1751 589 1823 αρχῆς.
613 1752 698 1804 ὅτι
740 1753 835 1831 ’1'ij
863 1752 1124 1821 γαστρὸς
1150 1752 1265 1821 πρὸ
1296 1753 1644 1823 Ἑωσφόρου
1675 1752 1978 1823 ἐγέννησά

2077 569 2269 616 auctor
2325 561 2464 615 fuit?
2528 561 2646 615 Non
2711 560 2794 614 vel
2844 558 3191 613 Abrahamus
3241 560 3517 614 meliorem
3569 561 3665 616 tibi

2076 662 2314 709 mentem
2338 654 2667 725 persuadere
2693 652 2893 718 potuit,
2914 650 3007 720 qui
3038 648 3206 705 Deum
3233 650 3314 705 sic
3336 651 3665 721 alloquitur:

2079 745 2184 812 Qui
2214 747 2427 816 judicas
2484 761 2684 800 omnem
2709 754 2927 803 terram,
2975 759 3079 795 non
3126 742 3289 811 facies
3322 743 3667 812 judicium'?

2078 836 2214 891 Illud
2258 852 2389 891 vero
2437 836 2766 904 redarguere
2807 841 2860 888 te
2899 833 3083 895 debet,
3114 834 3259 902 quod
3305 834 3446 903 apud
3489 836 3666 905 ipsum

2080 939 2332 984 versatus
2378 943 2502 983 esse
2547 925 2719 980 Filius
2764 925 2989 988 dicitur,
3027 940 3138 978 non
3174 926 3448 980 sermonis
3482 926 3667 996 aliqua

2079 1021 2334 1091 prolatio.
2384 1021 2479 1077 sed
2535 1020 2677 1075 Deus
2715 1017 2955 1075 Verbum
3002 1018 3333 1075 subsistens.
3395 1019 3577 1089 Atque
3607 1026 3669 1074 ut

2078 1128 2289 1177 eorum,
2318 1128 2440 1184 quae
2466 1113 2520 1166 in
2551 1112 2653 1167 hoc
2675 1112 2896 1181 negotio
2916 1123 3063 1182 gesta
3089 1118 3240 1176 sunt,
3268 1111 3474 1165 exitum
3508 1110 3671 1166 intel-

2079 1207 2236 1278 ligas,
2283 1221 2318 1260 ο
2364 1205 2645 1275 sapientia:
2694 1204 2876 1258 inanis
2928 1202 3231 1262 aﬂ'ectator.
3292 1201 3397 1257 hoc
3444 1203 3563 1273 ipso
3611 1202 3668 1257 in

2081 1296 2380 1369 Scriptura:
2423 1297 2547 1352 loco
2590 1295 2736 1367 quod
2771 1293 3072 1364 perfectum
3121 1300 3177 1349 et
3221 1290 3533 1350 absolutum
3581 1300 3670 1350 est

2078 1389 2227 1443 velut
2265 1387 2588 1458 obsignans,
2629 1385 2929 1440 declaravit
2975 1384 3063 1439 his
3092 1384 3318 1440 verbis:
3373 1382 3522 1438 Ptuit
3558 1384 3668 1438 Do-

2079 1482 2253 1534 minus
2283 1498 2311 1533 ε
2340 1481 2467 1534 coelo
2496 1479 2690 1549 ignem,
2722 1486 2771 1531 et
2806 1474 2970 1546 833
2997 1475 3220 1544 sulphur
3254 1476 3310 1529 in
3346 1474 3581 1531 Sodoma
3618 1484 3669 1532 et

2081 1570 2376 1624 Comorrha
2409 1587 2439 1624 α
2470 1568 2695 1623 Domino
2712 1572 2756 1621 ‘.
2806 1566 2924 1620 Non
2958 1566 3117 1628 dixit,
3164 1564 3400 1622 Verbum
3432 1566 3669 1627 Domini.

2084 1662 2203 1721 sed.
2239 1661 2495 1716 Dominus
2524 1679 2557 1716 a
2588 1660 2836 1715 Domino.
2872 1659 2944 1714 Ut
2988 1667 3044 1713 et
3086 1658 3255 1713 David
3304 1660 3521 1715 locutus
3549 1666 3668 1714 est:

2091 1754 2239 1808 Dixit
2274 1753 2531 1809 Dominus
2550 1752 2778 1807 Domino
2805 1768 2917 1805 meo
2944 1750 2986 1803 ⁸.
3014 1749 3083 1805 Ut
3106 1760 3286 1805 autem
3318 1759 3532 1806 constet
3560 1766 3672 1807 non

393 1857 492 1897 σε.
532 1843 643 1897 Καὶ
679 1844 807 1915 περὶ
844 1844 939 1897 τοῦ
967 1845 1123 1914 ἁγίου
1152 1844 1499 1916 Πνεύματος,
1537 1840 1582 1900 ὦ
1609 1846 1977 1919 περιττολόγε,

2083 1848 2257 1903 solum
2302 1854 2426 1918 post
2472 1845 2901 1901 incarnationem
2952 1841 3072 1896 Filii
3119 1856 3319 1897 nomen
3390 1844 3671 1913 usurpari,

401 1934 500 1988 καὶ
528 1936 587 1988 ὲν
612 1935 804 2006 ἀργοῖς
836 1937 933 1989 καὶ
965 1936 1278 2007 περιέργοις
1307 1938 1626 2009 ταττόμενε,
1685 1938 1860 2002 οὐδεὶς
1894 1938 1979 1993 δέ-

394 2023 545 2079 ξεται
575 2042 669 2079 σου
690 2027 780 2079 τὸν
800 2026 977 2096 λόγον.
1004 2026 1147 2081 Οὔτε.
1168 2029 1278 2101 γὰρ
1310 2028 1523 2100 μειζότε
1533 2048 1623 2101 ρον
1645 2032 1708 2085 τὺ
1730 2032 1975 2103 Πνεῦμα,

391 2117 518 2171 οὔτε
552 2119 896 2190 μικρότερον.
933 2120 1027 2186 Τίς
1064 2121 1178 2191 τὰρ
1207 2122 1393 2177 ταῦτα
1420 2122 1761 2191 ἐξεζήτησε,
1785 2125 1974 2195 φησιν,

391 2210 464 2263 ἐκ
499 2207 622 2264 τῶν
650 2210 867 2279 χειρῶν
890 2210 1093 2281 fuitin";
1128 2212 1370 2285 Ἑλέγχει
1396 2231 1456 2267 σε
1484 2214 1541 2266 δὲ
1573 2217 1602 2268 ὁ
1629 2215 1791 2279 αὐτὸς
1818 2215 1976 2283 ἅγιος

392 2299 599 2369 Λόγος,
645 2301 723 2365 ὡς
751 2301 951 2371 φάσκει
984 2302 1190 2373 Κύριος
1225 2305 1355 2376 περὶ
1398 2305 1493 2358 τοῦ
1523 2306 1840 2378 Πνεύματος
1875 2305 1972 2361 τοῦ

354 2442 359 2447 .
391 2392 583 2460 ἁγίουο
614 2392 891 2463 ὁμολογῶν
937 2393 1070 2447 αὐτὸ
1102 2395 1323 2467 γνήσιον
1349 2395 1450 2465 τῆς
1497 2396 1663 2450 αὐτοῦ
1698 2396 1971 2469 θεότητος,

393 2483 546 2555 φησί’
585 2483 654 2539 Τὸ
680 2484 750 2539 ἐκ
783 2485 890 2540 τοῦ
913 2486 1146 2555 Πατρός
1195 2489 1677 2558 ἐκπορευόμενον
1718 2491 1814 2545 καὶ
1867 2490 1975 2543 τοῦ

386 2574 540 2644 ἐμοῦ
563 2576 845 2645 λήψεται.

2090 1938 2159 1994 de
2174 1955 2238 1995 eo
2252 1954 2491 2009 quoque,
2508 1937 2651 2008 quod
2669 1955 2695 1988 ιι
2714 1935 2983 2007 principio
2999 1934 3200 1988 factum
3213 1941 3319 2000 est,
3335 1936 3683 1991 mentionem

2083 2030 2234 2086 facit.
2272 2028 2357 2083 Ex
2376 2039 2546 2093 utero,
2567 2029 2766 2098 inquit,
2782 2038 2901 2082 ante
2923 2026 3222 2097 Luciferum
3239 2030 3393 2100 genui
3416 2030 3516 2085 te“.
3546 2029 3672 2086 lam

2078 2138 2211 2177 vero
2231 2122 2299 2177 de
2321 2121 2529 2193 Spiritu
2556 2131 2747 2175 sancto
2771 2135 2930 2174 nemo
2948 2128 3051 2181 est,
3082 2121 3246 2175 homo
3291 2122 3676 2192 loquacissime

2077 2221 2131 2267 ct
2172 2213 2315 2267 inter
2354 2212 2562 2267 otiosos
2618 2211 2982 2280 curiosusque
3021 2213 3375 2277 numerande,
3413 2215 3507 2282 qui
3550 2230 3669 2270 ser-

2082 2319 2273 2359 mones
2310 2311 2436 2359 tuos
2485 2303 2661 2372 aequis
2707 2303 2937 2359 auribus
2988 2304 3259 2362 admittat.
3313 2304 3447 2360 Nam
3498 2322 3677 2376 neque

2083 2397 2280 2465 major,
2333 2412 2512 2466 neque
2544 2395 2723 2449 minor
2773 2394 2881 2449 dici
2922 2403 3103 2465 potest
3143 2394 3383 2467 Spiritus
3424 2407 3675 2455 sanctus.

2083 2488 2216 2556 Quis
2235 2489 2372 2542 enim
2395 2488 2527 2552 haec,
2547 2488 2744 2557 inquit,
2766 2488 3034 2557 requisivit
3062 2487 3132 2542 de
3149 2490 3394 2544 manibus
3415 2491 3598 2545 vestris
3616 2492 3676 2546 ’τ

2082 2582 2393 2649 Quinetiam
2428 2579 2572 2636 idem
2606 2590 2658 2635 te
2690 2579 3101 2636 sanctissimum
3125 2578 3387 2647 Verbum,
3419 2580 3674 2639 Christus

391 2668 644 2759 videlicet
667 2670 932 2728 Dominus
955 2673 1319 2741 condemnat;
1354 2676 1447 2746 qui
1472 2676 1540 2731 de
1556 2677 1760 2747 Spiritu
1790 2688 1983 2733 sancto
2023 2678 2104 2733 sic
2132 2678 2398 2748 loquitur,
2429 2676 2736 2731 divinitatis
2767 2684 2827 2730 ut
2855 2691 2969 2731 suae
3008 2692 3328 2748 germanum
3381 2690 3445 2732 ac
3505 2679 3679 2749 parti—

392 2762 571 2833 clpem
602 2775 881 2835 agnoscat.
911 2766 1003 2820 Ait
1029 2768 1209 2823 enim:
1246 2768 1352 2834 Qui
1374 2785 1439 2823 ea:
1470 2770 1632 2825 Patre
1662 2773 1899 2842 procedit
1914 2774 1958 2837 ⁸,
1999 2781 2053 2829 et
2078 2771 2143 2826 de
2169 2788 2284 2826 meo
2315 2771 2605 2840 accipiet’.

465 2861 556 2926 ς’.
579 2860 689 2912 Καὶ
705 2859 867 2913 πόσαι
890 2859 1045 2915 ἄλλαι
1074 2861 1403 2932 τυγχάνουσι
1435 2865 1764 2936 μαρτυρίαι;
1800 2864 1984 2918 Ἐπειο

391 2951 459 3022 δὴ
477 2951 534 3005 δὲ
558 2954 725 3006 πᾶσιν
759 2954 791 3023 ή
815 2954 882 3024 σὴ
913 2951 1205 3024 ὲρεσχελία
1236 2953 1397 3025 δῆλός
1442 2956 1561 3009 ἐστι
1589 2956 1800 3029 πλάνης
1822 2953 1977 3019 οὖσα,

394 3044 493 3097 καὶ
532 3044 632 3099 οὐκ
674 3044 970 3116 ἀληθείαςο
1024 3045 1414 3118 φωραθήσεται
1454 3047 1512 3101 δὲ
1563 3049 1626 3102 ού
1669 3050 1827 3120 μόνον
1873 3052 1982 3105 ἀπὸ

397 3137 657 3201 συνετῶν,
688 3138 826 3192 ἀλλὰ
856 3139 951 3192 καὶ
979 3139 1090 3193 ἀπὸ
1116 3139 1224 3192 τῶν
1252 3139 1433 3208 ὀλίγον
1464 3157 1518 3193 τι
1547 3142 1647 3211 τῆς
1677 3141 1828 3207 θείας
1847 3144 1981 3214 Γρα-

397 3228 505 3300 φῆς
524 3228 622 3301 τήν
653 3229 975 3284 ἀκολουθίαν
1020 3231 1513 3300 ὲπιγινωσκόντων,
1549 3232 1616 3285 δι’
1646 3234 1713 3305 ἥν
1741 3234 1841 3287 οὐκ
1862 3235 1983 3288 ὲπι..

396 3320 733 3392 δεηθήσομαι
756 3320 967 3374 πολλῶν
992 3321 1332 3393 μαρτυριῶν,
1353 3322 1387 3393 ἢ
1415 3322 1616 3393 πολλῆς
1634 3324 1947 3395 ἀνατροπῆς
1963 3343 1976 3355 ·

397 3412 667 3466 εὐάλωτον
708 3413 818 3481 γάρ
876 3429 970 3465 σου
1012 3413 1075 3465 τὸ
1115 3413 1360 3485 διήγημα
1402 3414 1496 3466 καὶ
1546 3417 1578 3485 ή
1626 3415 1977 3470 κακοπιστία.

396 3503 490 3556 Διὸ
518 3502 765 3574 ἀρκετῶς
795 3503 937 3575 ἔχειν
968 3504 1035 3557 τὰ
1075 3504 1213 3575 πρὸς
1237 3507 1296 3558 σὲ
1331 3506 1618 3577 εἰρημένα,
1646 3507 1721 3571 ὡς
1744 3509 1853 3562 άπὸ
1876 3508 1982 3578 γῆς

396 3592 772 3662 ἀναφύσαντος
801 3591 1095 3660 κνωδάλου,
1127 3593 1332 3664 ἀτόμου
1350 3595 1372 3625 ³
1403 3610 1462 3647 τε
1486 3593 1583 3646 καὶ
1606 3593 1880 3665 ἀδυνάμω
1902 3593 1981 3665 τῷ

397 3685 521 3739 ποδὶ
561 3685 656 3740 τοῦ
697 3685 856 3755 λόγου
904 3684 1224 3757 συντρίψας,
1259 3686 1354 3740 καὶ
1397 3688 1464 3758 τῇ
1501 3685 1595 3740 τοῦ
1626 3685 1763 3739 Θεοῦ
1809 3685 1985 3753 Λόγου

396 3776 659 3850 ἀληθείᾳο
718 3777 753 3849 ἢ
780 3777 857 3842 ὡς
878 3777 1135 3848 ἕλμιγγα,
1171 3778 1291 3848 ήτοι
1333 3779 1436 3847 γῆς
1466 3775 1790 3847 ἐντεριώνην
1818 3792 1987 3829 κατα.

397 3870 587 3940 λείψω.
628 3869 768 3940 Ἤδη
807 3868 918 3940 γὰρ
953 3867 1048 3922 καὶ
1083 3866 1439 3937 διεσκεδάσθη
1469 3868 1549 3929 εἰς
1582 3866 1764 3934 ὀλίγον
1796 3864 1986 3937 χρόνον

398 3963 433 4033 ἡ
477 3961 669 4016 τούτου
701 3961 796 4016 τοῦ
837 3960 1194 4033 ἠπατημένον
1224 3960 1454 4032 αἵρεσις.
1493 3958 1616 4011 Ἐπὶ
1634 3957 1692 4012 δὲ
1720 3957 1821 4022 τὰς
1862 3958 1987 4028 ἑξῆς

400 4054 646 4127 συνήθως
672 4054 806 4108 θεὸν
829 4052 1260 4124 ἐπικαλούμενος
1290 4050 1713 4125 προελεύσομαι.

2169 2862 2258 2919 Vl.
2288 2863 2462 2930 Quam
2488 2864 2657 2917 multa
2685 2872 2814 2918 sunt
2839 2875 2893 2920 et
2919 2863 3021 2919 alia
3043 2864 3377 2931 testimonia,
3401 2879 3522 2935 qua:
3545 2880 3677 2922 con—

2088 2955 2237 3010 sulto
2269 2961 2578 3024 praetereo;
2611 2953 2871 3023 quoniam
2899 2954 3119 3023 quidem
3148 2961 3237 3008 tua
3271 2954 3527 3011 omnibus
3560 2955 3664 3010 im.

2088 3047 2401 3118 portunitas
2428 3055 2513 3103 est
2555 3046 2873 3107 manifesta,
2902 3062 3023 3118 qua:
3047 3046 3115 3102 ab
3140 3063 3347 3113 errore,
3382 3063 3492 3103 non
3517 3062 3549 3102 a
3578 3063 3674 3104 ve-

2086 3139 2249 3195 ritate
2282 3138 2673 3209 proticiscitor,
2709 3137 2845 3193 adeo
2882 3146 2940 3192 ut
2966 3154 3076 3193 non
3112 3154 3232 3195 eam
3265 3138 3428 3194 modo
3459 3140 3677 3209 sapien-

2089 3229 2282 3291 tiores,
2312 3228 2407 3283 sed
2439 3235 2498 3307 ut
2541 3227 2617 3281 illi
2666 3226 2827 3283 facile
2855 3227 3289 3297 deprehendant,
3322 3229 3415 3300 qui
3442 3230 3679 3284 nonnul-

2090 3322 2200 3375 lum
2235 3337 2520 3376 sacrarum
2566 3321 2901 3375 Litterarum
2944 3336 3105 3376 usum
3144 3322 3453 3377 habuerint.
3495 3322 3678 3390 Quare

2088 3426 2198 3465 nou
2231 3418 2316 3465 est
2348 3410 2494 3481 quod
2542 3410 2792 3479 pluribus
2826 3408 3092 3465 adversus
3143 3411 3291 3465 illam
3347 3412 3679 3470 testimoniis

2085 3512 2179 3557 aut
2200 3502 2428 3573 longiori
2454 3501 2781 3556 refutatione
2802 3517 2944 3570 opus
2971 3517 3094 3557 esse
3123 3502 3282 3557 nobis
3316 3503 3672 3559 arbitremur.

2085 3594 2228 3649 Nihil
2275 3594 2420 3650 enim
2465 3594 2779 3649 narratione
2830 3604 2919 3648 tua
2965 3602 3020 3648 et
3061 3592 3381 3651 inﬁdelitate
3424 3595 3493 3651 ad
3538 3610 3674 3651 eon-

2090 3687 2418 3743 vincendum
2463 3685 2699 3743 facilius.
2738 3686 2892 3743 Unde
2925 3701 3047 3756 quae
3086 3695 3280 3741 contra
3314 3695 3368 3744 te
3399 3688 3677 3760 disputata

2094 3787 2227 3835 sunt
2272 3779 2560 3845 hactenus,
2613 3780 2751 3835 satis
2794 3779 3035 3835 arbitror
3085 3778 3303 3845 futura;
3344 3794 3409 3834 ac
3453 3779 3679 3850 perinde

2093 3879 2153 3924 ut
2183 3870 2455 3927 insectum
2492 3870 2769 3940 quoddam
2825 3872 3025 3926 animal
3062 3887 3092 3927 e
3126 3880 3270 3926 terra
3304 3885 3576 3927 emersum
3621 3881 3677 3928 et

2095 3960 2428 4016 imbecillum
2473 3980 2486 4016 :
2529 3963 2610 4016 sic
2658 3974 3014 4033 posteaquam
3072 3972 3124 4019 te
3175 3962 3347 4018 divini
3387 3962 3552 4019 Verbi
3610 3979 3677 4020 ac

2092 4049 2345 4105 veritatis
2378 4050 2606 4121 vestigio
2639 4053 2982 4121 proculcavi,
3025 4053 3141 4108 sive
3180 4054 3433 4108 lumbrici
3476 4056 3675 4121 instar,

398 4156 497 4202 aut
518 4154 679 4202 terra:
707 4147 997 4211 interanei,
1027 4146 1259 4200 missum
1288 4151 1569 4215 postremo
1607 4142 1829 4197 faciam.
1865 4140 1986 4196 iam
2035 4143 2181 4196 enim
2233 4142 2384 4197 brevi
2441 4143 2737 4197 admodum
2789 4158 3037 4215 tempore
3086 4146 3236 4201 illius
3295 4154 3380 4201 est
3445 4145 3677 4205 haeresis

400 4244 689 4316 dissipata.
724 4241 885 4298 Nunc
916 4242 1229 4313 implorata,
1260 4248 1320 4295 ut
1342 4240 1605 4305 solemus,
1640 4254 1744 4310 ope
1771 4238 1890 4306 Dei,
1921 4238 1986 4293 ad
2028 4238 2274 4309 reliquas
2302 4237 2541 4293 haereses
2571 4236 3005 4309 progrediemur.

789 4383 981 4438 ΚΑΤΑ
1012 4381 1592 4446 ΜΑΡΚΕΛΛΙΛΝΩΝ,

402 4519 791 4590 Πεντηκοστὴ
822 4518 1092 4590 δευτέρα,
1123 4521 1164 4590 ἠ
1196 4518 1297 4573 καὶ
1330 4517 1676 4586 ἐπτακοστὴ
1709 4515 1981 4585 δευτέρα.

476 4631 553 4685 A’.
590 4629 682 4701 Τῷ
704 4629 762 4683 δὲ
798 4629 948 4701 αύτῷ
983 4629 1145 4685 πάλιν
1175 4630 1355 4702 χρόνῳ
1405 4629 1533 4700 (ὑπὸ
1558 4629 1617 4683 ἓν
1643 4629 1753 4702 γὰρ
1786 4630 1985 4693 πάντες

401 4711 549 4773 οὗτοι
578 4715 755 4792 ἦσαν)
802 4720 1123 4792 Μάρκελλος
1161 4721 1383 4791 γέγονεν
1425 4723 1483 4775 ὲν
1549 4720 1813 4793 Ἀγκύρῃ.
1865 4722 1988 4775 Ἔτι

403 4812 514 4885 γὰρ
540 4813 634 4868 καὶ
661 4813 843 4886 δεῦρο,
870 4815 979 4868 ἀπὸ
998 4813 1095 4869 τοῦ
1124 4814 1278 4880 ἔτους
1299 4814 1489 4869 τούτου
1511 4814 1589 4878 ὡς
1613 4815 1721 4869 ἀπὸ
1738 4815 1831 4868 δύο
1851 4815 1985 4868 ἐτῶν

403 4903 680 4967 ἐτελεύτα,
722 4904 756 4975 ἢ
793 4904 963 4959 πλείω
996 4905 1030 4977 ἢ
1062 4905 1293 4960 ἐλάσσω.
1331 4905 1585 4976 Ἐποίησε
1613 4905 1670 4959 δὲ
1702 4906 1796 4959 καὶ
1826 4905 1987 4969 αὐτός

402 5010 524 5048 τινα
547 4994 811 5067 διαίρεσιν
839 4996 897 5049 ὲν
937 4997 1003 5067 τῇ
1046 4996 1341 5068 Ἐκκλησία
1365 4995 1460 5049 ἀπ’
1489 4995 1667 5068 ἀρχῆς
1695 4995 1790 5050 τοῦ
1818 4993 1983 5049 αὐτοῦ

404 5086 616 5159 χρόνον.
684 5086 903 5158 Ὀλίγην
948 5086 1007 5140 δέ
1054 5104 1176 5140 τινα
1220 5086 1429 5140 ἔννοιαν
1472 5087 1768 5156 ὑπέφαινεν
1808 5077 1983 5149 οὗτος,

406 5176 839 5248 άπεικαζόμενος
862 5177 1133 5246 Σαϐελλίῳ
1155 5194 1216 5229 τε
1243 5179 1336 5230 καὶ
1356 5176 1593 5247 Ναυάτῳ
1621 5175 1729 5229 ἀπὸ
1759 5174 1852 5229 τοῦ
1878 5175 1985 5228 τῶν

418 5269 708 5338 ’Δρειανῶν
755 5268 892 5341 πρὸς
937 5269 1100 5323 αὐτὸν
1141 5268 1514 5339 παροξυσμοῦ,
1558 5267 1719 5337 δῆθεν
1761 5265 1849 5321 διὰ
1890 5266 1985 5319 τοῦ

378 5358 386 5405 ἶ
404 5359 667 5432 λογισμοῦ
683 5361 783 5432 τῆς
804 5360 940 5432 πρὸς
957 5360 1082 5425 τοὺς
1112 5361 1422 5430 Ἀρειανοὺς
1444 5359 1790 5424 ἀντιθέσεως.
1822 5358 1985 5413 Ὅθεν

406 5452 503 5504 καὶ
535 5451 687 5521 παρά
713 5468 874 5505 τινων
907 5450 1308 5521 βλασφημεῖται
1334 5449 1442 5504 ἀπὸ
1475 5451 1696 5522 μέρους,
1723 5448 1799 5512 ὡς
1825 5447 1984 5519 ἔφην,

352 5527 361 5536 ’
406 5539 779 5595 Σαϐελλιάνῶν
799 5538 1050 5612 ἐσχηκὼς
1074 5539 1172 5611 τὴν
1199 5538 1531 5612 ὲρεσχελίαν.
1583 5538 1739 5602 Τινὲς
1763 5537 1821 5590 δὲ
1843 5536 1986 5608 ὑπὲρ

481 5695 501 5727 ί
537 5693 694 5750 Deest
720 5693 883 5766 γνῷς.
960 5696 1002 5766 '_
1018 5692 1079 5747 F.
1114 5693 1323 5748 ἀτόνου.
1371 5693 1422 5766 Α³
1454 5693 1591 5766 Gen.
1619 5709 1770 5759 xvm,
1794 5693 1885 5748 ‘25.

406 5764 430 5801 ⁸
458 5763 614 5824 Joan.
647 5763 846 5832 “.26.
922 5766 942 5797 ⁹
974 5763 1130 5820 Joan.
1176 5781 1285 5827 ut,
1324 5764 1408 5829 li,
1453 5765 1539 5827 15,

2440 4373 2726 4432 CONTRA
2758 4371 3314 4440 MARCELLIANOS,

2360 4511 2495 4578 Qua
2522 4520 2603 4566 est
2629 4509 2851 4566 [terreris
2882 4507 3011 4573 LII,
3040 4509 3147 4563 sive
3176 4505 3414 4563 LXXII.

2162 4625 2204 4681 Ι.
2247 4624 2353 4683 Per
2388 4625 2531 4682 idem
2554 4633 2771 4697 tempus
2801 4623 2949 4696 (nam
2981 4624 3037 4678 in
3074 4623 3321 4679 eamdem
3352 4626 3565 4677 aetatem
3595 4620 3672 4676 illi

2088 4733 2283 4774 omnes
2311 4716 2585 4786 incidunt)
2613 4715 2847 4788 Ancyrae
2877 4714 3166 4770 Marcellus
3195 4712 3430 4776 exstitit,
3475 4711 3569 4783 qui
3604 4711 3676 4768 ad

2090 4817 2280 4865 nostra
2321 4823 2493 4878 usque
2533 4816 2778 4877 tempora
2821 4805 3086 4876 pervenit,
3122 4815 3175 4860 et
3223 4802 3441 4859 duobus
3472 4802 3676 4858 abhinc

2090 4901 2215 4969 plus
2267 4900 2451 4955 minus
2508 4898 2670 4953 annis
2715 4897 2874 4951 obiit.
2920 4895 3020 4950 Hic
3060 4894 3308 4950 nonnihil
3348 4894 3403 4949 in
3434 4893 3674 4950 Ecclesia

2088 4992 2307 5047 divortii
2361 4990 2638 5054 conﬂavit,
2694 4990 2886 5045 eodem
2962 4987 3077 5044 fere
3135 4997 3195 5042 ut
3240 4987 3350 5042 dixi
3407 4995 3672 5058 tempore.

2093 5080 2296 5136 Verum
2321 5080 2617 5136 obscuram
2651 5079 2942 5134 admodum
2974 5077 3245 5148 dogmatis
3279 5076 3365 5132 sui
3395 5075 3676 5147 signiﬁca-

2086 5173 2291 5226 tionem
2335 5169 2504 5234 dedit,
2555 5167 2723 5241 834
2781 5183 2905 5223 cum
2964 5167 3031 5221 ad
3082 5167 3308 5222 Sabellii
3370 5176 3426 5223 et
3476 5166 3672 5223 Novati

2098 5266 2389 5320 factionem
2447 5264 2859 5333 adjuugeretur,
2912 5260 3132 5316 Arianis
3173 5262 3519 5331 potissimum
3574 5277 3676 5332 pro

2096 5372 2195 5411 suo
2231 5355 2285 5409 in
2320 5356 2475 5410 illum
2505 5355 2631 5410 odio
2659 5355 2763 5409 hoc
2808 5353 2985 5423 ipsum
3018 5352 3497 5422 exprobrantibus,
3529 5355 3672 5424 quod

2094 5446 2350 5500 nimirum
2389 5447 2653 5501 adversus
2699 5444 2937 5498 Arianos
2982 5442 3355 5499 contenderet.
3407 5441 3547 5497 Hinc
3591 5454 3675 5498 est
3715 5454 3735 5525 ῥ’

2093 5539 2237 5607 quod
2269 5553 2300 5591 a
2332 5539 2612 5594 nonnullis
2658 5553 2725 5594 eo
2773 5535 2998 5590 nomine
3041 5535 3357 5600 incessitur,
3400 5536 3559 5607 quasi
3602 5532 3671 5590 ad

1987 5692 2009 5725 ⁸
2034 5691 2169 5749 Gen.
2204 5710 2318 5757 xu,
2346 5694 2432 5748 24.
2514 5694 2532 5726 ⁵
2562 5693 2707 5749 Psal.
2736 5707 2846 5762 εις,
2876 5692 2922 5746 l.
3001 5693 3021 5725 ⁸
3045 5691 3179 5747 ibid.
3200 5691 3256 5746 ’5.
3331 5692 3350 5723 ⁷
3383 5690 3486 5747 Isa.
3514 5704 3552 5755 t,
3588 5689 3669 5748 l2.
