4134 6386
469 357 570 412 333
601 355 604 361 ’

1913 354 1969 409 S.
2007 353 2344 408 EPIPHAMI

3617 351 3722 405 5M

467 473 905 528 Sabellianoru-m
953 471 1327 525 cavillationes
1363 473 1558 539 partim
1593 471 1903 525 adhaeserit.
1937 469 2041 524 Ve-

2150 471 2314 525 αὐτοῦ
2335 471 2740 541 ἀπελογήσαντο
2761 468 2837 540 μὴ
2859 470 3029 534 οὕτως
3053 470 3214 540 ἔχειν,
3232 470 3345 524 ἀλλ’
3359 468 3532 540 ὀρθῶς
3563 469 3721 522 αὑτὸν

462 579 586 617 rutn
630 563 721 616 alii
763 561 938 615 eidem
996 562 1402 629 patrocinantes
1437 576 1628 612 verum
1680 558 1734 612 id
1779 575 1901 614 esse
1947 576 2043 612 ne-

462 664 610 727 gant,
663 669 693 708 e
731 652 1010 706 contrario
1038 667 1166 704 vero
1205 651 1464 720 praeclare
1520 651 1670 704 illum
1726 651 1929 705 vixisse
1981 667 2043 704 ac

464 751 614 798 recte
658 745 902 799 sensisse
945 741 1291 797 conﬁrmant.
1329 739 1482 794 Unde
1508 755 1701 811 magna
1729 741 1795 794 de
1826 756 1892 794 eo
1920 756 2046 794 con-

463 836 724 890 troversia
750 836 980 888 conflata
1007 842 1109 889 est.
1143 834 1430 886 Enimvero
1451 848 1574 901 quae
1605 835 1658 886 in
1688 834 1834 888 illius
1860 835 2046 887 animo

465 928 683 982 occulta
713 927 956 990 fuerunt,
994 927 1089 980 uni
1141 925 1252 979 Deo
1313 927 1533 996 cognita
1594 935 1742 981 sunt.
1775 925 2044 981 Caeterum

465 1019 616 1072 illius
660 1027 986 1084 sectatores,
1025 1025 1080 1072 et
1111 1019 1180 1072 ab
1208 1032 1274 1072 eo
1309 1017 1566 1080 instituti,
1595 1032 1718 1069 cum
1747 1017 1866 1086 ejus
1897 1031 2048 1070 men-

462 1118 571 1164 tem
597 1111 933 1180 ignorarent.
969 1125 1067 1164 nec
1095 1124 1216 1186 qua:
1253 1125 1374 1162 vere
1420 1109 1508 1162 ille
1556 1110 1820 1164 sensis.~et
1868 1110 2046 1176 expri-

462 1209 694 1264 merent,
747 1208 860 1255 tres
911 1202 1233 1269 hypostases
1290 1198 1541 1253 conﬁteri
1599 1198 1912 1260 noluerunt,
1968 1199 2044 1250 uti

464 1293 674 1347 veritas
730 1293 912 1354 docet,
961 1306 1084 1360 qua:
1121 1305 1288 1344 unam
1336 1298 1526 1344 censet
1564 1304 1685 1344 esse
1710 1289 2044 1341 divinitatem

463 1399 738 1452 unamque
770 1384 997 1453 gloriam
1034 1390 1088 1437 et
1123 1381 1651 1438 consubstantialem
1685 1379 2041 1442 Trinitatem,

463 1492 585 1547 quae
628 1477 766 1530 nihil
805 1476 860 1529 in
899 1475 1070 1544 gloria
1113 1490 1212 1530 sua
1263 1473 1543 1544 diversum
1586 1473 1804 1536 habeat,
1862 1481 2046 1542 utpote

468 1567 710 1638 perfecta
734 1565 997 1631 Trinitas,
1029 1574 1082 1620 et
1119 1581 1228 1618 una
1258 1565 1539 1628 divinitas,
1573 1581 1680 1617 una
1715 1567 1909 1624 virtus.
1942 1579 2046 1617 una

464 1661 737 1726 essentia;
792 1675 967 1728 neque
999 1658 1054 1712 in
1086 1672 1252 1712 unum
1303 1663 1607 1721 contracta,
1653 1665 1747 1710 aut
1799 1654 2046 1717 confusa,

473 1767 577 1806 nec
616 1753 724 1806 ulla
758 1752 844 1806 sui
869 1760 1022 1820 parte
1053 1750 1302 1811 inferior,
1331 1757 1425 1802 aut
1455 1751 1719 1818 subjecta.
1763 1747 2048 1804 Marcellus

2150 562 2492 632 βεϐιωκέναι,
2541 563 2635 615 καὶ
2678 561 2756 632 τῷ
2791 563 3096 633 φρονήματι
3151 561 3315 614 αὐτὸν
3368 559 3542 630 ὀρθῶς
3580 560 3720 629 ἐχειν

2146 651 2556 723 διισχυρίζοντο.
2584 652 2674 706 Διὸ
2691 653 2858 723 πολλή
2891 653 3017 722 περὶ
3044 651 3232 706 τούτου
3261 651 3486 722 ζήτησις
3510 649 3718 718 γέγονε.

2148 746 2258 798 Καὶ
2289 745 2358 798 τὰ
2383 745 2479 816 μὲν
2506 745 2712 817 κρύφια
2737 745 2836 814 τῆς
2861 746 3068 807 ἐννοίας
3089 743 3208 813 Θεῷ
3237 743 3524 811 ἔγνωσται.
3578 742 3641 793 Oi
3664 740 3720 793 δὲ

2153 838 2248 890 ἀπ’
2282 837 2444 891 αὑτοῦ
2482 837 2766 906 γεγονότες
2803 838 2895 890 καὶ
2923 835 3348 906 κατηχηθέντες,
3381 838 3430 888 oi
3458 834 3557 905 τὴν
3581 835 3720 886 ἐκεί-

2149 946 2240 981 νου
2280 927 2488 982 ἔννοιαν
2533 929 2874 998 ἀγνοοῦντες,
2903 931 2952 981 οί
3000 928 3075 998 μὴ
3109 929 3175 982 τὰ
3203 928 3412 981 ἐκείνου
3444 927 3614 996 ἀληθῆ
3640 926 3714 978 διο

2146 1018 2280 1088 ηγού
2289 1035 2439 1089 μενοι
2448 1059 2460 1080 .
2475 1018 2597 1071 οὔτε
2609 1019 2704 1079 τὰς
2715 1021 2861 1088 τρεῖς
2875 1017 3198 1079 ὑποστάσεις
3212 1015 3491 1085 ὁμολογεῖν
3508 1014 3714 1084 ήθελον,

2144 1111 2218 1174 ῶς
2245 1111 2359 1181 ἔχει
2382 1114 2416 1181 ὴ
2447 1109 2692 1180 ἀλήθεια,
2719 1111 2801 1163 ὅτι
2835 1111 2933 1177 μία
2962 1108 3111 1164 ἐστὶν
3143 1110 3175 1178 ή
3206 1106 3416 1176 θεότης,
3453 1107 3550 1176 μία
3572 1106 3712 1172 δοξο-

2144 1203 2320 1271 λογία,
2343 1203 2628 1272 ὁμοούσιος
2646 1199 2780 1256 οὖσα
2795 1204 2827 1272 ἡ
2844 1200 3032 1271 Τριὰς,
3053 1201 3145 1255 καὶ
3159 1200 3314 1252 οὐδὲν
3333 1199 3713 1252 διαλλάττουσα

2143 1296 2242 1365 τῆς
2269 1294 2404 1357 ίδίας
2434 1294 2613 1365 δόξης.
2646 1293 2817 1365 Τριὰς
2854 1292 3034 1346 τελεία
3074 1289 3229 1354 οὖσα,
3258 1291 3354 1344 καὶ
3386 1292 3481 1361 μία
3507 1290 3713 1360 θεότης,

2150 1389 2246 1458 μία
2267 1386 2515 1456 δύναμις,
2543 1387 2639 1457 μία
2659 1387 2836 1445 οὐσία.
2861 1385 2983 1440 οὔτε
3014 1385 3304 1453 συναλοιφή
3329 1401 3411 1461 τις
3425 1379 3575 1445 οὖσα,
3594 1382 3716 1434 οὔτε

2147 1478 2535 1548 ὑποϐεϐηκυία.
2572 1473 2737 1541 Οὗτος
2769 1477 2847 1543 δέ,
2877 1477 3221 1532 ἐπιπλεϊστον
3252 1475 3569 1545 βουλόμενός
3599 1492 3718 1528 τινα

2146 1569 2323 1636 λέγειν
2353 1570 2502 1640 παρά
2533 1585 2694 1632 τισιν,
2747 1568 2821 1630 ῶς
2855 1568 2959 1620 ὑπὸ
2984 1567 3074 1623 τὸν
3107 1567 3389 1624 Σαϐἑλλιον
3416 1565 3492 1636 τῷ
3521 1566 3718 1636 φρονή-

2150 1677 2278 1729 ματι
2315 1659 2512 1724 ἔδειξεν
2545 1655 2703 1712 εἶναι.
2745 1661 2836 1713 Διὸ
2861 1661 2953 1712 καὶ
2993 1659 3132 1729 αὑτὴ
3184 1661 3241 1712 ἐν
3279 1657 3488 1726 αἱρέσει
3526 1655 3716 1726 ἐλέχθη

2148 1752 2243 1804 καὶ
2261 1751 2563 1822 ἠριθμήθη.
2604 1752 2997 1823 Παραθήσομαι
3019 1752 3075 1804 δέ
3100 1747 3253 1813 αὖθις
3275 1751 3368 1802 καὶ
3389 1749 3486 1820 τὴν
3507 1749 3717 1802 ἔκθεσιν

466 1853 647 1898 autem
680 1844 1073 1897 nonnullorum
1110 1843 1380 1896 sententia
1414 1857 1538 1895 cum
1578 1839 1780 1910 aliquid
1809 1838 2041 1908 amplius

2146 1842 2240 1896 τοῦ
2285 1843 2463 1910 λόγου,
2509 1836 2570 1894 οῦ
2616 1844 2904 1913 πεποίηται
2965 1843 3169 1912 Ἰουλίῳ
3216 1841 3283 1912 τῷ
3328 1841 3601 1912 μακαρίτῃ
3641 1841 3719 1908 τῷ

467 1937 555 1990 his
592 1943 841 1991 astruere
889 1936 1070 1999 vellet,
1102 1934 1156 1986 in
1213 1933 1437 1988 Sabt-llii
1491 1948 1732 1986 errorem
1784 1930 2044 1984 incidisse

465 2029 617 2082 visus
646 2036 749 2082 est.
785 2025 861 2078 Ex
894 2041 1004 2094 quo
1040 2024 1242 2077 factum
1268 2032 1372 2088 est,
1405 2031 1464 2077 ut
1492 2026 1633 2077 inter
1672 2024 1905 2077 lucri-ses
1940 2024 2041 2076 ista

466 2135 685 2188 quoque
727 2117 1062 2171 recensenda
1108 2131 1172 2170 ac
1221 2115 1555 2170 confutanda
1601 2115 1830 2168 veniret.
1892 2113 2044 2167 Libet

472 2217 657 2266 autem
711 2217 766 2264 et
819 2211 962 2264 illius
1009 2207 1313 2263 orationem
1367 2207 1659 2276 subjicere,
1711 2221 1873 2274 quam
1920 2221 2044 2269 pur-

468 2301 630 2372 gandi
659 2303 742 2356 sui
770 2302 943 2371 gratia
975 2301 1038 2353 ad
1071 2300 1239 2352 beatas
1264 2298 1538 2352 memoriae
1586 2295 1791 2351 Juliutn
1843 2294 2044 2348 Roma-

471 2407 667 2446 norum
710 2394 1026 2461 episcopum
1068 2389 1312 2458 scripsit.
1353 2388 1470 2453 Qua
1509 2404 1575 2442 ex
1614 2386 1953 2448 defensione,
1993 2393 2047 2439 et

469 2483 653 2537 libello
702 2484 961 2536 nonnulla
1012 2489 1205 2535 contra
1237 2480 1507 2535 sinceram
1567 2479 1723 2534 ﬁdem
1764 2477 2044 2546 opinatum

469 2589 591 2629 esse
635 2573 935 2628 constabit.
1004 2572 1217 2627 Etenim
1274 2571 1319 2627 si
1353 2569 1488 2624 nihil
1536 2570 1606 2624 ab
1640 2570 1727 2622 illa
1769 2569 2047 2623 diversum

2159 1935 2442 2004 Ῥωμαίων
2469 1935 2751 2004 ἐπισκόπῳ
2783 1938 2809 1992 ὁ
2833 1933 2993 1996 αὐτὸς
3014 1932 3348 2004 Μάρκελλος,
3384 1930 3719 2002 ὑπεραπολο-

2147 2026 2410 2095 γούμενος
2455 2026 2614 2096 δῆθεν
2662 2027 2879 2082 ἑαυτοῦ.
2929 2028 3023 2083 Ἐκ
3066 2026 3121 2078 δὲ
3155 2026 3252 2094 τῆς
3300 2024 3592 2092 ἀπολογίας
3625 2023 3718 2076 καὶ

2146 2116 2240 2169 τοῦ
2287 2117 2528 2170 λιϐέλλου
2561 2119 2857 2189 φανήσεται
2893 2118 3054 2188 ἕτερα
3097 2117 3249 2186 παρά
3283 2115 3379 2186 τὴν
3414 2116 3593 2168 πίστιν
3623 2115 3720 2183 τῆς

2147 2207 2400 2278 ἀληθείας
2429 2208 2806 2280 πεφρονηκῶς.
2864 2210 2926 2261 Ei
2968 2209 3042 2278 μὴ
3078 2207 3186 2277 γὰρ
3214 2207 3374 2277 ἕτερα
3399 2206 3718 2277 ἐφρόνησεν,

2149 2298 2287 2368 ὺπέρ
2323 2299 2489 2351 ποίων
2525 2303 2603 2364 εἰς
2642 2300 2936 2368 ἀπολογίαν
2969 2302 3186 2371 ἤρχετο.
3223 2299 3272 2351 εί
3308 2298 3382 2369 μὴ
3425 2298 3531 2368 ἄρα
3572 2297 3720 2364 λόγοι

2149 2386 2207 2452 ἐξ
2237 2386 2400 2440 αὐτοῦ
2437 2387 2695 2459 ἐτέθησαν
2745 2390 2845 2442 οὐκ
2875 2389 3043 2461 ὀρθοὶ,
3090 2388 3183 2442 καί
3213 2405 3360 2450 τινας
3390 2387 3717 2458 ταράξαντες
3790 2446 3796 2453 ,

2149 2479 2229 2539 εἰς
2243 2477 2443 2548 ταύτην
2462 2481 2769 2549 κατήγαγον
2784 2481 2883 2552 τὴν
2911 2480 3234 2548 ἀπολογίαν;
3263 2478 3452 2531 Τοίνυν
3475 2479 3536 2531 τὸ
3568 2479 3720 2532 ἀντί-

2151 2566 2360 2636 γραφόν
2389 2567 2504 2618 ἐστι
2531 2566 2686 2620 τοῦτο
2721 2586 2733 2598 ⁸

473 2666 744 2722 sensisset
809 2680 1070 2734 unquam,
1097 2665 1384 2733 cujusnam
1422 2663 1501 2717 rei
1535 2663 1732 2732 gratia,
1767 2662 1907 2714 hanc
1971 2659 2116 2714 illam
2159 2659 2243 2714 sui
2297 2662 2671 2728 purgationem
2717 2661 3064 2728 institueret;
3104 2662 3206 2716 nisi
3246 2664 3490 2732 quazdam
3524 2662 3590 2717 ab
3629 2661 3720 2714 iilo

470 2773 664 2830 parum
714 2763 860 2811 rette
908 2757 1082 2825 posita
1136 2771 1199 2808 ac
1253 2756 1601 2824 pronuntiata
1651 2752 1865 2817 forent,
1919 2766 2039 2820 quze
2107 2765 2231 2802 cum
2281 2750 2492 2820 aliquos
2541 2753 2976 2820 perturbassent,
3041 2753 3366 2808 defendendi
3414 2754 3500 2810 sui
3554 2750 3747 2822 atque'

470 2848 765 2906 excusandi
807 2849 1184 2902 necessitatem
1217 2845 1545 2900 attulerint?
1579 2843 1895 2914 Exemplum
1935 2843 2100 2914 igitur
2128 2840 2371 2910 cpistola:
2395 2841 2472 2894 sic
2504 2857 2562 2895 se
2597 2841 2758 2895 habet
2786 2858 2799 2893 :

472 2959 783 3028 Exemplum
833 2959 1070 3029 epistola:
1094 2959 1353 3029 Marcelli,
1382 2975 1534 3028 quem
1558 2957 1620 3012 ob
1650 2957 1890 3012 hwresim
1921 2974 2044 3026 syn-

1052 3028 1185 3083 odus
1215 3031 1476 3098 deposuit.

2235 2954 2979 3039 Ἀντίχρρφοηέπςστρλῆς
3005 2955 3116 3039 (55)
3153 2956 3508 3039 μαρκέλξρυ
3527 2997 3542 3019 ,
3579 2957 3651 3011 ὃν

2301 3026 2574 3078 καθεῖλεν
2602 3026 2638 3092 ἠ
2667 3026 2927 3090 σύνοδος
2952 3026 3126 3094 χάριν
3153 3026 3543 3094 ἐτεροδοξίας.

542 3140 607 3196 ll.
648 3141 972 3198 Beatissimo
1002 3143 1221 3212 collegae
1249 3141 1392 3196 Julio
1427 3141 1714 3196 Marcellus
1749 3141 1801 3194 in
1828 3138 2041 3194 Christo

2219 3137 2292 3189 B'.
2312 3137 2402 3206 Τῷ
2420 3137 2822 3207 μακαριωτάτῳ
2846 3138 3116 3192 συλλειτου
3126 3138 3236 3210 ργῷ
3254 3139 3453 3208 Ἰουλίῳ
3474 3139 3722 3208 Μάρκελ-

470 3233 725 3288 salutem.
785 3233 920 3287 Cum
976 3234 1221 3287 nonnulli
1276 3249 1340 3288 ex
1398 3233 1464 3288 iis
1502 3233 1626 3303 qui,
1674 3232 1820 3304 quod
1852 3246 2042 3300 parum

473 3325 680 3394 integre
705 3325 773 3379 de
819 3325 924 3379 ﬁde
973 3325 1262 3389 sentirent,
1315 3333 1473 3378 antea
1500 3323 1852 3378 condemnati
1887 3331 2038 3388 sunt,

471 3415 677 3484 quique
705 3430 736 3467 a
761 3429 846 3466 me
872 3415 926 3468 in
957 3413 1175 3468 Nicaana
1212 3413 1422 3484 synodo
1450 3413 1683 3468 convicti
1728 3422 1874 3474 sunt,
1914 3426 2043 3465 con-

469 3513 556 3558 tra
592 3521 678 3559 me
708 3505 774 3558 ad
811 3505 1062 3574 pietatem
1086 3513 1230 3557 tuam
1263 3505 1501 3558 scribere
1525 3520 1632 3557 non
1656 3503 2040 3566 dubitaverint,

471 3611 558 3651 me
592 3611 692 3649 nec
719 3608 885 3659 recte,
932 3609 1030 3648 nec
1060 3609 1184 3648 cum
1221 3593 1477 3647 Ecclesia:
1525 3595 1773 3648 doctrina
1801 3607 2039 3658 consen-

473 3697 630 3741 tanee
662 3686 729 3740 de
779 3685 884 3740 ﬁde
926 3693 1187 3749 statuere,
1244 3687 1321 3739 uti
1379 3687 1586 3740 crimen
1643 3700 1802 3739 suum
1857 3685 1912 3738 in
1956 3700 2042 3739 me

473 3773 872 3828 transferrent:
901 3783 1185 3842 propterea
1240 3775 1555 3829 necessario
1601 3772 1829 3828 Romam
1877 3772 2041 3843 835

474 3865 607 3918 mihi
657 3864 981 3919 veniendum
1025 3872 1081 3918 et
1120 3872 1173 3919 te
1221 3865 1676 3920 commonendum
1718 3866 1933 3936 putavi,
1981 3876 2042 3918 ut

471 3971 566 4012 eos
600 3956 693 4026 qui
733 3965 922 4010 contra
957 3972 1041 4012 me
1069 3957 1411 4027 scripserunt
1442 3973 1772 4020 arcesseres,
1811 3967 1871 4011 ut
1913 3973 2038 4011 cum

475 4043 848 4111 advenissent,
879 4046 946 4100 de
971 4046 1186 4101 duobus
1225 4047 1332 4101 illis
1361 4063 1392 4100 a
1428 4062 1514 4102 tne
1561 4046 2036 4107 convincerentur,

473 4150 597 4190 cum
655 4137 743 4189 illa
798 4137 915 4206 ipsa
970 4137 1106 4192 falsa
1150 4153 1292 4201 esse,
1322 4154 1444 4208 qua:
1475 4139 1645 4192 inme
1679 4138 2036 4208 scripserunt,

474 4237 589 4283 tum
623 4244 717 4285 eos
748 4229 926 4284 adhuc
973 4231 1028 4284 in
1066 4232 1301 4300 pristino
1343 4246 1531 4286 errore
1561 4246 1908 4301 perseverare
1930 4271 1944 4294 ,
1985 4228 2061 4285 et'

474 4321 693 4391 indigna
736 4322 982 4389 quaedam
1029 4321 1290 4379 adversus
1343 4321 1614 4378 Ecclesias
1661 4320 1751 4376 Dei
1813 4336 1878 4374 ac
1936 4337 2037 4376 nos

2145 3226 2234 3291 λος
2269 3229 2324 3281 ἐν
2356 3228 2575 3299 Χριστῷ
2603 3229 2833 3298 χαίρειν.
2885 3229 3097 3300 Ἐπειδή
3132 3247 3272 3292 τινες
3301 3229 3411 3283 τῶν
3441 3246 3718 3296 καταγνω-

2149 3315 2381 3370 σθέντων
2419 3312 2683 3386 πρότερον
2717 3318 2807 3369 ἐπὶ
2843 3315 2920 3386 τῷ
2969 3316 3042 3388 μὴ
3073 3317 3248 3389 ὀρθῶς
3278 3317 3574 3378 πιστεύειν,
3620 3316 3714 3379 οὓς

2144 3406 2254 3474 ἐγὼ
2283 3409 2340 3461 ἐν
2367 3409 2433 3477 τῇ
2466 3407 2606 3462 κατά
2636 3409 2867 3463 Νικαίαν
2897 3409 3097 3479 συνόδῳ
3128 3410 3402 3480 διήλεγξα,
3433 3411 3550 3463 κατ’
3583 3409 3716 3479 ἐμοῦ

2142 3497 2349 3566 γράψαι
2379 3501 2444 3568 τῇ
2479 3498 2759 3570 θεοσεϐείᾳ
2786 3517 2878 3552 σου
2914 3501 3238 3572 ἐτόλμησαν,
3267 3503 3343 3566 ὡς
3376 3503 3441 3558 ἂν
3473 3503 3607 3572 ἐμοῦ
3641 3503 3714 3571 μὴ

2141 3589 2336 3660 ὀρθῶς,
2363 3591 2498 3660 μήτε
2523 3589 2990 3660 ἐκκλησιαστικῶς
3031 3593 3370 3664 φρονοῦντος,
3405 3593 3465 3646 τὸ
3506 3593 3712 3647 ἑαυτῶν

2141 3681 2392 3751 ἔγκλημα
2431 3683 2510 3744 είς
2547 3681 2646 3751 ἐμὲ
2687 3682 3044 3752 μετατεθῆναι
3076 3683 3494 3746 σπουδάζοντες·
3525 3683 3710 3736 τούτου

2141 3772 2322 3824 ἕνεκεν
2344 3773 2636 3840 ἀναγκαῖον
2663 3772 2978 3843 ἡγησάμην.
3011 3775 3328 3844 ἀπαντήσας
3349 3776 3429 3836 είς
3460 3773 3559 3844 τὴν
3590 3773 3715 3825 Ῥῶ-

2144 3881 2270 3934 μην,
2312 3865 2623 3935 ὑπομνῆσαί
2664 3883 2745 3928 σε,
2783 3867 2868 3918 ἵνα
2911 3868 3034 3928 τοὺς
3073 3868 3194 3920 κατ’
3236 3866 3370 3938 ἐμοῦ
3397 3867 3714 3937 γράψαντας

2143 3958 2466 4029 μεταστείλη
2497 3959 2636 4028 ὑπὲρ
2663 3957 2757 4010 τοῦ
2788 3959 3231 4028 ἀπαντήσαντος¹
3267 3959 3460 4022 αὐτοὺς
3489 3960 3574 4012 ἐπ’
3603 3961 3713 4029 ἀμ-

2140 4049 2384 4119 φοτέροις
2400 4049 2717 4120 ἐλεγχθῆναι
2740 4051 2830 4102 ὑπ’
2856 4049 3010 4120 ἐμοῦ,
3034 4053 3116 4104 ὄτι
3143 4067 3202 4103 τε
3228 4051 3322 4104 καὶ
3343 4050 3379 4105 ἃ
3403 4051 3711 4120 γεγράφασι

2138 4140 2257 4192 κατ’
2289 4140 2446 4210 ἐμοῦ,
2465 4141 2634 4212 ψευδῆ
2662 4141 2790 4194 ὂντα
2831 4143 3106 4211 τυγχάνει.
3144 4143 3238 4195 καὶ
3266 4144 3348 4195 ὅτι
3389 4142 3469 4194 ἔτι
3497 4143 3591 4195 καὶ
3621 4142 3713 4195 νῦν

2139 4231 2532 4300 ἐπιμένουσιτῇ
2560 4229 2766 4286 ἑαυτῶν
2792 4232 3033 4301 προτέρᾳ
3049 4230 3225 4302 πλάνῃ
3241 4247 3254 4260 ο
3291 4231 3383 4282 καὶ
3401 4230 3549 4282 δεινὰ
3571 4229 3711 4284 κατά

2137 4337 2192 4372 τε
2231 4320 2336 4374 τῶν
2361 4320 2454 4373 τοῦ
2477 4320 2607 4373 Θεοῦ
2644 4322 2976 4393 Ἐκκλησιῶν
3011 4322 3102 4373 καὶ
3138 4322 3292 4392 ήμῶν
3316 4320 3424 4373 τῶν
3440 4319 3704 4388 προεστώ-

471 4415 621 4481 ipsos
664 4413 880 4467 illarum
919 4414 1178 4483 praesides
1208 4429 1329 4468 esse
1376 4413 1731 4468 machinatos.
1771 4412 1874 4467 Sed
1914 4429 2034 4466 cum

2144 4430 2245 4465 των
2265 4414 2441 4466 αὐτῶν
2459 4415 2879 4486 τετολμήκασιν.
2919 4416 3067 4469 Ἐπεὶ
3086 4416 3264 4468 τοίνυν
3285 4415 3593 4486 ἀπαντῆσαι
3615 4416 3708 4467 οὑγ

471 4502 550 4557 illi
595 4503 783 4557 venire
827 4504 1122 4570 noluerint,
1158 4505 1384 4559 tametsi
1417 4504 1760 4575 presbyteros
1793 4503 1859 4557 ad
1893 4503 2039 4572 ipsos

472 4593 711 4658 miseris,
747 4609 847 4664 ego
876 4610 1003 4648 vero
1041 4609 1185 4650 anno
1216 4595 1429 4665 integro
1456 4610 1519 4650 ac
1553 4595 1726 4650 tribus
1760 4595 2040 4649 mensibus

540 4748 561 4782 ί
587 4749 714 4804 Cor.
741 4749 1177 4820 ἀπαντήσαντας.

406 4961 420 4973 .
692 4901 1082 4973 -Ἆντίγραςρον
1111 4901 1460 4973 ἐπιστολῆς.
1499 4901 1680 4958 Edidit
1728 4905 1868 4957 lianc
1912 4903 2038 4956 ﬁdei

473 4970 868 5042 professionem
950 4971 1278 5042 Marcellus,
1324 4982 1642 5042 postquam
1689 4975 1757 5027 ah
1812 4975 2032 5027 Arianis

473 5040 600 5096 sede
626 5055 724 5093 sua
751 5041 942 5109 pulsus
965 5040 1190 5112 Romam
1225 5044 1289 5095 ad
1317 5040 1521 5096 Julium
1553 5058 1742 5112 papam
1769 5043 2036 5106 confugit,

469 5113 541 5165 ab
567 5124 742 5176 ecque
771 5126 876 5163 una
908 5126 1031 5163 cum
1086 5111 1383 5164 Athanasio
1433 5111 1722 5168 restitutus
1771 5121 1872 5166 est.
1903 5112 2040 5166 Vide

473 5181 701 5250 Annales
731 5179 926 5233 Baron.
959 5196 1048 5234 an.
1075 5180 1198 5250 54!.
1223 5182 1327 5246 Qui
1357 5183 1426 5236 de
1455 5183 1557 5238 hoc
1583 5184 1700 5250 ipso
1729 5182 1911 5236 libello
1938 5184 2040 5236 du-

472 5250 627 5312 bitat,
663 5249 781 5304 isne
820 5251 910 5310 sit.
942 5267 1102 5318 quem
1142 5249 1287 5304 Julio
1331 5259 1445 5306 tum
1483 5249 1700 5314 obtulit,
1731 5267 1855 5306 cum
1893 5255 1946 5306 in
1975 5268 2040 5306 eo

472 5320 621 5390 nulla
660 5318 845 5390 sitfcoCo
876 5320 1163 5390 ὀμοουσίου
1197 5323 1422 5375 mentio.
1455 5321 1656 5378 Verum
1691 5336 1798 5376 non
1829 5337 2042 5390 semper

474 5388 528 5459 in
560 5387 856 5459 catholica:
879 5387 1001 5443 ﬁdei
1025 5391 1480 5459 professionibus,
1506 5403 1600 5445 aut
1625 5391 1681 5444 in
1709 5387 2042 5446 convincen-

475 5457 561 5510 dis
608 5458 895 5519 Iiaareticis,
951 5457 1153 5514 recenti
1202 5461 1379 5514 adhuc
1418 5462 1472 5514 in
1517 5461 1735 5514 Nicaano
1783 5462 2038 5526 concilio,

476 5531 711 5599 tessera
743 5527 831 5580 illa
860 5529 1002 5599 ﬁdei
1044 5544 1104 5582 ae
1139 5528 1232 5581 τοῦ
1260 5531 1543 5599 ὁμοουσίου
1575 5533 1721 5584 clara
1753 5538 1806 5585 et
1834 5532 2040 5586 diserta

476 5595 752 5670 confessio
770 5598 998 5670 solebat
1025 5599 1189 5670 exigi.
1223 5595 1480 5670 Exemplo
1507 5602 1579 5654 sit
1607 5599 1820 5655 Ursacii
1848 5609 1903 5655 et
1933 5599 2040 5654 Va-

476 5661 637 5740 lentis
691 5666 903 5719 Arianae
957 5661 1209 5740 factionis
1259 5661 1564 5740 principum
1608 5671 1842 5736 libellus,
1871 5687 2033 5740 quem

474 5727 619 5806 J_ulio
654 5749 801 5806 papa:
834 5738 1167 5795 obtulerunt.
1207 5727 1314 5806 quo
1364 5750 1414 5792 et
1439 5727 1658 5793 'erroris
1707 5742 1789 5794 sui
1819 5727 2031 5793 veniam

477 5800 749 5870 deprecati
799 5814 943 5872 sunt,
981 5816 1031 5859 et
1065 5807 1194 5860 Ario
1227 5800 1485 5861 damnato
1521 5811 1841 5864 catholicam
1876 5811 2034 5863 ﬁdem

2144 4504 2538 4575 ⁴ήϐουλήθήσαν,
2575 4507 2990 4570 ἀποστείλαντος
3025 4525 3115 4560 σου
3151 4505 3551 4577 πρεσϐυτέρους
3575 4505 3708 4577 πρὸς

2146 4595 2362 4661 αὐτοὺς,
2389 4596 2677 4649 καὶταῦτα
2708 4595 2840 4668 ἐμοῦ
2862 4597 3102 4650 ἐνιαυτὸν
3131 4599 3224 4651 καὶ
3253 4599 3398 4667 τρεῖς
3424 4597 3579 4660 ὅλους
3609 4596 3712 4667 μῆ-

2140 4902 2391 4972 professi.
2441 4901 2632 4956 Exstat
2671 4903 2812 4971 apud
2859 4904 3220 4957 Athanasium
3269 4903 3424 4971 Apol.
3463 4903 3519 4958 ‘2.
3553 4903 3610 4956 In
3641 4920 3708 4958 eo

2139 4989 2269 5052 vero
2299 4975 2367 5052 de
2391 4972 2658 5052 ὁμοουσίιρ
2687 4975 2912 5052 verbum
2943 4975 3154 5052 nullum
3180 4990 3194 5038 ;
3242 4991 3378 5052 nam
3399 4985 3450 5028 et
3485 4976 3538 5052 in
3571 4989 3706 5052 con-

2139 5045 2266 5096 cilio
2297 5043 2654 5111 Aquileiensi,
2707 5045 2760 5095 in
2788 5058 2897 5112 quo
2939 5045 3218 5097 adnitente
3261 5044 3554 5097 Ambrosio
3585 5043 3707 5095 Pal-

2141 5112 2317 5168 ludius
2345 5122 2400 5164 οι
2433 5113 2812 5167 Secundianus
2844 5114 3085 5180 episc0pi
3115 5113 3358 5166 damnati
3396 5123 3543 5174 sunt,
3579 5129 3704 5167 cum

2139 5191 2248 5235 tam
2283 5181 2525 5235 studiose
2570 5181 2618 5234 ial
2660 5190 2844 5251 ageret
2873 5183 3215 5242 Ambrosius,
3258 5193 3316 5234 ut
3361 5184 3429 5236 ab
3461 5183 3526 5235 iis
3558 5183 3706 5236 indi-

2142 5255 2286 5306 cium
2320 5251 2538 5319 aliquod
2573 5251 2786 5304 Ariame
2819 5252 3177 5320 professionis
3200 5253 3438 5314 eliceret,
3475 5252 3706 5318 ideoque

2143 5322 2312 5375 variis
2347 5322 2866 5389 interrogationibus
2895 5324 2958 5375 la:
2979 5331 3208 5381 esseret.
3244 5322 3447 5374 nullam
3479 5323 3703 5374 consul)-

2142 5393 2415 5445 stantiatis
2447 5391 2773 5460 mentionem
2812 5393 3008 5460 attigit,
3057 5391 3151 5445 sed
3181 5393 3292 5444 Inec
3325 5399 3532 5444 tantum
3561 5406 3704 5444 (‘Olll-

2144 5461 2360 5524 tnunia;
2413 5459 2608 5526 ecquid
2655 5458 2825 5513 Filius
2859 5458 3198 5521 immortalis,
3234 5463 3406 5514 bonus
3441 5475 3503 5512 ac
3544 5476 3706 5513 verus

2142 5539 2308 5590 esset,
2341 5545 2405 5583 ac
2431 5530 2636 5597 reliqua
2667 5531 2880 5598 generis
2909 5530 3173 5597 ejusdem.
3195 5529 3501 5593 Quinetiam
3533 5531 3702 5582 Atha—

2145 5599 2630 5670 nasiiSyinbolum
2665 5615 2784 5651 rum
2815 5601 2884 5670 sit
2914 5600 3155 5663 qua-dam
3191 5600 3310 5653 fidei
3340 5601 3608 5668 expositio
3634 5601 3703 5654 ab

2141 5686 2206 5741 co
2243 5668 2407 5741 edita.
2442 5668 2656 5741 quieo
2683 5668 2962 5736 ὀμοούσιον
3002 5670 3264 5741 acerrime
3312 5679 3699 5741 propugnaret,

2141 5738 2380 5806 ejusdem
2416 5738 2659 5791 vocabuli
2692 5741 3016 5792 mentionem
3044 5738 3243 5791 omisit.
