4134 6386
525 363 633 420 383

1156 361 1520 419 ADVERSUS
1552 362 1890 420 HAERESES
1931 367 2054 420 LIB.
2090 366 2175 419 Ill.
2212 367 2372 421 ΤΟΜ.
2407 367 2517 422 1.-
2538 368 2809 422 llASRES.
2855 368 3066 423 LXXII.

3659 377 3762 433 386

526 497 621 542 νας
651 481 710 532 ὲν
737 481 802 548 τῇ
840 477 1025 550 Ῥώμη
1053 480 1432 549 πεποιηκότος,
1462 482 1753 547 ἀναγκαῖον
1781 483 2070 553 ἡγησάμην

2199 481 2381 535 Romae
2412 489 2774 535 commoratus
2807 493 3021 546 luerim,
3056 480 3359 534 faciendam
3413 481 3541 536 mihi
3589 489 3765 542 omni-

527 571 735 640 μέλλων
767 570 1013 622 ἐντεῦθεν
1043 571 1265 635 ἐξιέναι,
1311 570 1582 642 ἔγγραφόν
1618 590 1698 624 σοι
1727 574 1825 643 τὴν
1853 574 2088 642 ἐμαυτοῦ

522 664 704 715 πίστιν
727 662 864 730 μετὰ
883 663 1061 731 πάσης
1087 663 1341 730 ἀληθείας
1366 666 1431 733 τῇ
1454 664 1690 733 ἐμαυτοῦ
1715 667 1856 735 χειρὶ
1876 667 2090 736 γράψας

522 753 815 816 ἐπιδοῦναι,
838 753 903 822 ἣν
930 752 1150 822 ἔμαθον,
1172 753 1234 805 ἐκ
1255 771 1314 804 τε
1347 753 1454 807 τῶν
1480 754 1633 806 θείων
1663 742 1892 825 Γραφῶν
1921 757 2089 809 ἐδιδά-

521 845 674 915 χθην.
694 847 786 897 καὶ
807 844 912 897 τῶν
935 843 1117 907 κακῶς
1146 844 1235 896 ὑπ’
1252 845 1429 897 αὐτῶν
1454 846 1760 915 λεγομένων
1781 846 2088 916 ὑπομνῆσαί

523 951 604 994 σε,
633 935 718 988 ἵνα
743 933 904 1005 γνῷς,
935 931 1016 994 οἷς
1042 936 1310 1006 χρώμενοι
1334 937 1468 1005 πρὸς
1501 937 1715 1005 ἀπάτην
1736 937 1842 989 τῶν
1870 938 2090 994 ἀκουόν-

521 1042 626 1077 των
653 1026 849 1093 λόγοις,
882 1027 978 1097 τὴν
1005 1027 1260 1096 ἀλήθειαν
1293 1016 1554 1098 κρύπτειν
1578 1028 1873 1098 βούλονται.

588 1285 722 1337 Φασὶ
758 1285 866 1356 γὰρ
906 1285 978 1356 μὴ
1019 1286 1148 1338 ἴδιον
1187 1288 1279 1340 καὶ
1311 1287 1557 1357 ἀληθινὸν
1597 1289 1767 1357 Λόγον
1813 1285 1949 1343 εἶναι
1991 1292 2084 1346 τοῦ

521 1377 956 1447 παντοκράτορος
985 1377 1118 1429 Θεοῦ
1157 1377 1248 1429 τὸν
1280 1378 1406 1430 Υἰὸν
1438 1378 1527 1430 τὸν
1563 1379 1763 1450 Κύριον
1795 1380 1950 1452 ἡμῶν
1983 1384 2086 1453 Ἰη-

522 1468 648 1521 σοῦν
695 1468 946 1538 Χριστὸν,
995 1469 1110 1522 ἀλλ’
1159 1469 1343 1540 ἕτερον
1386 1469 1548 1522 αὑτοῦ
1594 1471 1758 1539 Λόγον
1792 1468 1951 1536 εἶναι,
1993 1476 2085 1527 καὶ

519 1562 712 1632 ἑτέραν
758 1561 948 1630 σοφίαν
989 1563 1081 1613 καὶ
1121 1561 1368 1630 δύναμιν.
1443 1560 1640 1614 Τοῦτον
1673 1563 1960 1632 γενόμενον
1993 1565 2084 1617 ὑπ’

520 1653 683 1707 αὐτοῦ
723 1652 1030 1722 ὠνομάσθαι
1080 1652 1284 1720 Λόγον,
1326 1652 1418 1704 καὶ
1458 1654 1664 1721 σοφίαν,
1707 1655 1800 1707 καὶ
1838 1655 2080 1726 δύναμιν.

522 1744 633 1797 Καὶ
669 1743 754 1796 διὰ
795 1744 856 1795 τὸ
899 1743 1069 1805 οὕτως
1104 1744 1300 1805 αὐτοὺς
1337 1745 1570 1813 φρονεῖν,
1600 1745 1763 1814 ἄλλην
1795 1746 2084 1814 ὑπόστασιν

2189 588 2261 625 no
2304 574 2510 635 censui,
2575 580 2634 624 ut
2668 579 2956 640 antequam
3002 571 3127 624 hinc
3179 570 3573 640 proﬁciscerer,
3628 591 3763 633 mea:

2190 662 2310 714 ﬁdei
2361 662 2756 732 professionem
2809 661 2906 715 tibi
2975 663 3186 717 sincere
3235 671 3398 732 atque
3450 679 3513 718 ex
3578 667 3762 722 animo

2191 765 2417 819 meaque
2467 765 2629 803 manu
2677 751 3034 820 perscriptam
3078 751 3326 806 oﬁerrem
3361 774 3372 806 :
3408 757 3622 823 qualem
3676 758 3761 811 di-

2189 841 2317 901 dici,
2351 848 2513 908 atquc
2547 857 2612 894 ex
2647 841 2847 894 divinis
2900 840 3118 895 Litteris
3159 857 3276 897 sum
3317 844 3564 910 edoctus,
3608 856 3662 902 et
3700 856 3760 902 ut

2187 927 2240 981 in
2274 929 2587 982 memoriam
2623 931 2716 983 tibi
2742 945 3051 983 revocarem
3094 947 3213 1000 quer
3242 948 3520 1002 perperam
3555 937 3622 990 ab
3652 937 3758 992 illis

2190 1029 2554 1074 asseruntur:
2585 1037 2651 1074 ex
2698 1021 2897 1090 quibus
2930 1023 3287 1092 intelligeres,
3325 1026 3649 1094 quibusnam
3683 1028 3751 1081 ad

2188 1109 2471 1163 auditores
2512 1111 2862 1178 decipiendos
2893 1112 3152 1166 adhibitis
3182 1116 3524 1170 sermonibus
3546 1119 3746 1170 verita-

2191 1206 2295 1252 tem
2319 1200 2594 1254 occullare
2617 1213 2900 1255 conantur.

2257 1290 2316 1342 ln
2350 1290 2537 1358 primis
2568 1292 2711 1344 enim
2735 1301 2933 1362 negant
2968 1292 3254 1348 Dominum
3290 1305 3536 1352 nostrum
3569 1299 3752 1355 Jesum

2185 1377 2461 1434 Christum
2487 1383 2760 1451 proprium
2795 1398 2857 1436 ac
2889 1400 3076 1438 verum
3105 1384 3194 1439 Dei
3221 1392 3606 1457 omnipotentis
3629 1408 3750 1447 esse

2187 1468 2445 1536 Verbum,
2486 1473 2579 1527 sed
2630 1473 2772 1526 aliud
2823 1475 2991 1543 ipsius
3016 1491 3136 1530 esse
3159 1476 3416 1543 Verbum,
3462 1483 3618 1535 aliam
3663 1497 3748 1537 sa--

2186 1560 2444 1631 pientiam
2479 1569 2531 1616 et
2579 1563 2832 1618 virtutem
2877 1581 2998 1619 esse
3038 1569 3357 1635 praedicant.
3401 1569 3556 1625 lllum
3602 1589 3751 1640 vero,

2188 1663 2472 1723 postquam
2506 1656 2558 1707 in
2595 1656 2765 1710 lucem
2794 1657 2864 1709 sit
2901 1657 3100 1720 editus,
3148 1661 3216 1712 ah
3257 1662 3374 1729 ipso
3411 1660 3664 1730 Verbum,
3698 1674 3753 1718 et

2189 1748 2512 1816 sapientiam
2571 1747 2932 1817 virtutemque
2986 1754 3346 1804 nominatum.
3414 1753 3566 1818 Quod
3625 1770 3749 1810 cum

522 1834 814 1887 διεστῶσαν
843 1834 934 1886 τοῦ
971 1835 1181 1902 Πατρὸς
1213 1829 1348 1887 εἷναί
1388 1852 1568 1903 φασιν.
1627 1837 1744 1889 Ἔτι
1782 1837 1961 1907 μέντοι
1995 1843 2074 1892 καΊ

2187 1839 2444 1900 sentiant,
2479 1837 2638 1890 aliam
2670 1852 2699 1890 a
2725 1836 2885 1893 Patre
2934 1839 3201 1894 diversam
3253 1843 3582 1912 hypostasim
3628 1861 3754 1902 esse

518 1925 890 1995 προϋπάρχειν
931 1924 1024 1976 τοῦ
1055 1924 1181 1977 Υίοῦ
1218 1925 1309 1978 τὸν
1346 1926 1582 1996 Πατέρα,
1622 1926 1688 1979 δι’
1721 1919 1793 1978 ὦν
1841 1928 2080 1998 γράφου-

520 2033 621 2078 σιν,
663 2017 1048 2086 άποφαίνονται
1097 2017 1170 2088 μὴ
1209 2015 1347 2070 εἶναι
1393 2018 1554 2070 αὑτὸν
1591 2017 1804 2088 ἀληθῶς
1853 2018 1968 2071 Υἱὺν
2017 2021 2082 2071 ὲκ

516 2108 609 2160 τοῦ
646 2107 816 2162 Θεοῦ·
859 2108 990 2161 ἀλλὰ
1034 2108 1134 2162 κᾶν
1180 2109 1427 2177 λέγουσιν
1465 2111 1530 2162 ὲκ
1565 2110 1656 2162 τοῦ
1695 2109 1860 2173 Θεοῦ,
1910 2111 2082 2173 οὕτως

516 2196 762 2264 λέγουσιν
816 2197 891 2258 ὡς
945 2198 1086 2251 κατὰ
1136 2198 1331 2251 πάντα.
1401 2199 1521 2250 Ἔτι
1589 2199 1693 2269 μὴν
1736 2199 1829 2251 καὶ
1883 2199 1964 2251 ὅτι
2012 2195 2080 2269 ἦν

518 2306 666 2352 ποτε,
697 2290 784 2342 ὅτε
829 2291 928 2342 οὐκ
962 2286 1050 2361 ἦν,
1101 2290 1276 2359 λέγειν
1306 2291 1544 2361 τολμῶσι
1565 2308 1579 2319 ·
1624 2291 1716 2344 καὶ
1747 2290 1948 2360 κτίσμα
1979 2293 2078 2344 αὑ-

515 2379 604 2431 τδν
647 2382 740 2433 καὶ
787 2381 993 2452 ποίημα
1039 2378 1196 2446 εἶναι,
1241 2383 1564 2454 διορίζοντες
1625 2383 1786 2436 αὑτὸν
1837 2382 1944 2434 ἀπὸ
1983 2381 2076 2434 τοῦ

517 2471 747 2539 Πατρός.
805 2473 944 2535 Τοὺς
986 2467 1080 2526 οῦν
1119 2473 1288 2526 ταῦτα
1319 2473 1592 2540 ⁴λέγοντας
1634 2472 1940 2543 ἀλλοτρίους
1982 2473 2078 2543 τῆς

513 2565 803 2635 καθολικῆς
858 2565 1182 2636 Ἐκκλησίας
1222 2561 1359 2618 εἶναι
1399 2565 1782 2634 πεπίστευμαι.
1833 2565 2079 2618 Πιστεύω

415 2692 428 2706 .
513 2657 570 2710 δὲ
603 2657 867 2726 ἑπόμενος
902 2659 1018 2719 ταῖς
1057 2656 1228 2720 θείαις
1266 2658 1522 2727 Γραφαίς,
1573 2658 1655 2709 ὅτι
1687 2651 1764 2718 εἷς
1797 2655 1948 2719 Θεὸς,
1983 2655 2078 2709 καὶ¹

513 2746 542 2798 6
585 2745 770 2798 τούτου
809 2746 1099 2816 μονογενὴς
1131 2746 1258 2808 Υἱὸς
1317 2745 1505 2812 Λόγος,
1541 2747 1570 2798 6
1601 2744 1686 2796 dial.
1722 2744 2078 2814 συνυπάρχων

511 2835 590 2906 τῷ
617 2836 810 2906 Πατρὶ,
835 2836 927 2888 καὶ
955 2834 1308 2906 μηδεπώποτε
1337 2835 1509 2906 ἀρχὴν
1529 2835 1621 2887 τοῦ
1648 2831 1783 2887 εἶναι
1808 2835 2074 2905 ἐσχηκὼς,

513 2926 725 2997 ἀληθῶς
756 2929 818 2978 ὲκ
844 2925 938 2979 τοῦ
972 2926 1106 2979 Θεοῦ
1136 2926 1414 2997 ὑπάρχων,
1444 2928 1505 2980 ού
1544 2927 1799 2990 κτισθεὶς,
1826 2928 1886 2979 οὐ
1918 2944 2075 2997 ποιη-

515 3017 644 3078 θεὶς,
687 3016 819 3069 ἀλλὰ
859 3017 945 3070 ἀεὶ
985 3016 1080 3082 ὢν,
1131 3017 1217 3069 ἀεὶ
1257 3017 1665 3088 συμϐασιλεύων
1708 3016 1783 3087 τῷ
1819 3017 1938 3087 Θεῷ
1984 3019 2077 3071 καὶ

515 3108 706 3178 Πατρὶ,
730 3103 801 3162 οὗ
829 3108 931 3176 τῆς
957 3108 1298 3174 βασιλείας,
1334 3107 1473 3162 κατὰ
1517 3109 1614 3179 τὴν
1649 3108 1740 3162 τοῦ
1781 3109 2074 3163 ἀποστόλου

2186 1927 2332 1979 illum
2362 1925 2691 1980 existimant.
2727 1926 2986 1983 Praeterea
3021 1928 3234 1983 Patrem
3268 1941 3392 1984 ante
3423 1930 3618 1987 Filium
3655 1950 3750 1989 ex-

2183 2017 2397 2078 sistere,
2445 2033 2511 2070 ex
2562 2018 2646 2072 his
2686 2034 2805 2087 qua:
2834 2021 3083 2075 scribunt
3122 2023 3408 2078 manifeste
3435 2025 3750 2092 declarant;

2193 2123 2293 2160 nec
2319 2107 2496 2175 ipsum
2530 2123 2657 2162 vere
2685 2125 2807 2164 esse
2836 2109 3053 2174 Filium,
3079 2127 3108 2166 a
3138 2111 3296 2168 Patre
3321 2119 3698 2183 procedentem
3731 2137 3745 2174 :

2194 2199 2287 2252 sed
2319 2201 2419 2252 etsi
2449 2214 2478 2252 a
2515 2199 2620 2253 Deo
2650 2215 2771 2254 esse
2798 2201 3003 2267 dicant,
3034 2204 3256 2272 perinde
3289 2206 3437 2260 illum
3472 2209 3743 2262 arbitran-

2181 2298 2268 2342 tur
2312 2305 2374 2342 ac
2422 2300 2613 2344 caetera
2674 2292 2856 2345 omnia
2915 2303 3096 2347 creata
3140 2295 3430 2363 proﬁcisci.
3472 2299 3554 2352 Ad
3608 2301 3742 2362 haec.

2181 2379 2350 2435 fuisse
2374 2382 2690 2450 aliquando,
2715 2396 2840 2435 cum
2872 2383 3110 2438 nondum
3143 2396 3310 2449 esset,
3345 2388 3612 2444 alﬁrmare
3634 2407 3741 2445 non

2178 2471 2468 2525 dubitant:
2507 2471 2748 2540 adeoque
2793 2483 3099 2526 creaturam
3159 2483 3212 2529 et
3270 2478 3544 2546 opiﬁcium
3591 2495 3746 2546 esse;

2178 2577 2336 2630 quem
2362 2562 2524 2615 etiam
2567 2577 2595 2614 a
2641 2559 2799 2616 Patre
2838 2562 3150 2632 sejungunt.
3209 2562 3320 2635 Ego
3348 2582 3476 2621 vero
3502 2570 3594 2638 qui
3630 2571 3744 2625 haec

2179 2659 2430 2706 asserunt
2457 2653 2526 2705 ab
2554 2651 2794 2706 Ecclesia
2824 2655 3090 2707 catholica
3123 2656 3328 2711 alienos
3354 2674 3477 2713 esse
3508 2676 3736 2728 persua-

2180 2757 2298 2796 sum
2331 2743 2528 2796 habeo.
2585 2738 2720 2796 Tum
2769 2746 2946 2800 sacris
2999 2743 3222 2801 Litteris
3272 2748 3543 2804 inhaarens
3575 2753 3745 2807 credo

2179 2847 2344 2886 unum
2378 2847 2503 2888 esse
2536 2833 2698 2888 Deum
2731 2843 2784 2888 et
2817 2837 3156 2905 unigenitum
3197 2839 3317 2908 ejus
3365 2840 3560 2895 Filium
3616 2844 3746 2898 Ver-

2176 2923 2326 2987 bum,
2353 2926 2444 2994 qui
2470 2940 2591 2978 cum
2624 2924 2782 2980 Patre
2808 2942 3021 2996 semper
3049 2929 3287 2994 exsistit,
3314 2946 3413 2984 nec
3435 2933 3739 2986 exsistendi

2175 3015 2390 3068 initium
2426 3016 2591 3069 ullum
2627 3032 2862 3086 unquam
2898 3017 3089 3071 habuit
3117 3037 3129 3072 :
3160 3019 3300 3073 idem
3341 3036 3528 3075 revera
3567 3037 3596 3074 a
3633 3021 3743 3076 Deo

2178 3108 2496 3172 procedens,
2527 3122 2635 3160 non
2663 3099 2901 3171 creatus,
2952 3123 3059 3162 non
3097 3108 3296 3174 iactus,
3336 3113 3430 3166 sed
3466 3115 3739 3169 exsistcns

517 3199 841 3268 μαρτυρίαν,
867 3201 977 3253 οὐκ
1005 3199 1173 3252 ἔσται
1202 3200 1394 3265 τέλος.
1428 3194 1593 3262 Οὗτος
1619 3200 1767 3264 Υἱὸς,
1797 3196 1948 3264 οὗτος
1985 3200 2074 3252 δύ-

2177 3211 2409 3265 semper,
2430 3212 2493 3250 ac
2517 3213 2640 3251 cum
2679 3197 2786 3252 Deo
2810 3199 2968 3252 Patre
2998 3211 3261 3269 perpetuo
3295 3217 3546 3271 regnans,
3585 3206 3734 3272 cujus

513 3307 693 3358 ναμῑς,
725 3284 874 3351 οὗτος
908 3291 1089 3359 σοφία,
1115 3285 1267 3352 οὗτος
1305 3291 1434 3354 ἴδιος
1481 3293 1574 3344 καὶ.
1603 3291 1806 3362 ἀληθὴς
1825 3291 1916 3344 τοῦ
1940 3291 2072 3345 Θεοῦ

512 3379 700 3445 Λόγος,
735 3381 763 3431 6
808 3379 1009 3449 Κύριος
1051 3379 1202 3448 ἡμῶν
1247 3378 1455 3448 Ἰησοῦς
1487 3379 1738 3449 Χριστὸς,
1773 3379 2074 3449 ἀδιαίρετος

509 3471 737 3540 δύναμις
765 3471 857 3523 τοῦ
884 3470 1038 3532 Θεοῦ,
1080 3471 1146 3522 δι’
1179 3465 1238 3523 οῦ
1269 3470 1338 3522 τά
1368 3470 1542 3522 πάντα
1582 3468 1651 3521 τὰ
1684 3470 1948 3540 γενόμενα
1979 3469 2073 3536 τέο

511 3579 666 3630 γονε,
702 3561 883 3624 καθὼς
920 3562 981 3614 τὸ
1017 3561 1344 3630 Εὐαγγέλιον
1389 3565 1674 3633 μαρτυρεῖ,
1719 3560 1906 3628 λέγον⁶
1974 3560 2074 3614 Ἐν

510 3650 665 3720 ἀρχῇ
695 3648 776 3721 ἦν
802 3655 834 3704 ὀ
861 3653 1070 3716 Λόγος,
1097 3652 1194 3706 καὶ
1219 3654 1251 3705 ό
1284 3653 1473 3720 Λόγος
1495 3648 1573 3720 ἦν
1601 3650 1748 3718 πρὸς
1773 3651 1880 3703 τὸν
1903 3649 2070 3712 Θεὸν,

510 3745 607 3797 καὶ
638 3743 782 3809 Θεὸς
809 3739 886 3814 ἦν
927 3748 964 3797 ’6
993 3745 1199 3813 Λόγος.
1251 3743 1452 3797 Πάντα
1483 3742 1556 3795 δι’
1585 3742 1770 3797 αὑτοῦ
1799 3741 2033 3810 ἐγένετο
2055 3756 2068 3770 ’

510 3836 607 3888 καὶ
634 3835 809 3903 χωρίς
847 3835 1030 3889 αὐτοῦ
1070 3834 1302 3904 ἐγένετο
1345 3833 1488 3887 οὐδὲ
1519 3833 1607 3887 ἐν.
1663 3828 1828 3894 Οὗτός
1855 3834 2000 3885 ἐστιν
2045 3832 2073 3883 6

509 3929 700 3995 Λόγος,
724 3927 850 3998 περὶ
879 3921 939 3981 οὗ
961 3927 1054 3979 καὶ
1077 3928 1288 3988 Λουκᾶς
1312 3927 1340 3978 6
1366 3925 1753 3994 εὐαγγελιστὴς
1787 3927 2072 3995 μαρτυρεῖ,

508 4017 909 4088 λέγων-Καθὼς
919 4018 1268 4086 παρέδωκαν
1279 4017 1423 4086 ἡμῖν
1432 4021 1486 4070 οἱ
1499 4016 1776 4085 ἀπαρχῆς
1787 4018 2074 4070 αὐτόπται

509 4109 608 4162 καὶ
623 4109 908 4176 ὑπηρέται
930 4110 1235 4178 γενόμενοι
1250 4109 1355 4162 τοῦ
1370 4109 1580 4176 Λόγου.
1626 4109 1760 4180 Περὶ
1774 4108 1962 4161 τούτου
1980 4109 2074 4161 καὶ

509 4198 670 4253 Διὸὶδ
698 4199 830 4269 ἔφη·
867 4198 1255 4266 Ἐξηρεύξατο
1278 4199 1316 4265 ’ἡ
1343 4199 1557 4265 καρδία
1581 4215 1698 4266 ⁹ιιου
1716 4199 1908 4266 Λόγον
1931 4199 2072 4266 ἀγα-

507 4290 632 4344 θόν.
669 4289 824 4342 υῦτω
853 4291 944 4342 καὶ
974 4289 1002 4340 6
1024 4289 1225 4358 Κύριος
1247 4287 1401 4358 ἡμῶν
1431 4289 1641 4358 Ἰησοῦς
1666 4288 1898 4359 Χριστὸς
1923 4290 2070 4358 ἡμᾶς

506 4379 742 4432 διδάσκει
775 4378 858 4431 διὰ
902 4379 990 4432 τοῦ
1020 4377 1368 4446 Εὐαγγελίου,
1414 4377 1612 4446 λέγων’
1685 4377 1829 4446 Ἐγὼ
1863 4378 1930 4430 ἐκ
1963 4375 2070 4430 τοῦ

507 4468 734 4535 Πατρός
763 4466 1041 4533 ἐξῆλθον,
1067 4465 1162 4519 καὶ
1192 4465 1334 4532 ἥκω.
1366 4461 1552 4528 Οὗτος,
1588 4466 1673 4518 ἐπ’
1700 4465 1941 4535 ἐσχάτων
1963 4465 2069 4516 τῶν

511 4559 730 4632 ἡμερῶν
759 4557 1030 4611 κατελθὼν
1071 4556 1159 4609 διὰ
1193 4557 1290 4626 τὴν
1331 4557 1602 4627 ἡμετέραν
1637 4557 1924 4626 σωτηρίαν,
1971 4556 2064 4608 καὶ

510 4653 574 4702 ὲκ
614 4651 712 4720 τῆς
752 4649 1025 4720 Παρθένου
1061 4648 1280 4718 Μαρίας
1319 4647 1620 4717 γεννηθεὶς,
1647 4647 1737 4699 τὸν
1780 4647 2063 4717 ἄνθρωπον

505 4742 680 4794 ἔλαϐε.

563 4918 637 4970 1".
657 4916 903 4977 Πιστεύω
919 4909 1010 4968 οὖν
1028 4915 1108 4977 είς
1123 4913 1257 4966 Θεὸν
1275 4913 1706 4984 παντοκράτορα,
1727 4913 1822 4966 καὶ
1842 4915 1922 4977 εἰς
1945 4914 2070 4985 Χρι-

505 5008 626 5060 στὸν
651 5006 854 5076 Ἰησοῦν
881 5006 970 5058 τὸν
987 5005 1112 5057 Υίὸν
1130 5003 1293 5058 αὐτοῦ
1326 5004 1415 5056 τὸν
1440 5006 1721 5074 μονογενῆ,
1742 5005 1832 5056 τὸν
1863 5003 2066 5074 Κύριον

504 5093 682 5163 ἡμῶν,
697 5093 783 5145 τὸν
797 5092 1122 5162 γεννηθέντα
1136 5095 1198 5144 ὲκ
1212 5091 1351 5145 Πνεύ
1360 5108 1526 5163 ματος
1539 5093 1695 5160 ἁγίου
1706 5133 1719 5156 ,
1741 5093 1834 5146 καὶ
1848 5093 2066 5162 Μαρίας

502 5182 600 5250 τῆς
624 5181 918 5252 Παρθένου,
941 5181 1032 5234 τὸν
1046 5182 1137 5233 ἐπὶ
1155 5182 1380 5234 Ποντίου
1405 5180 1636 5234 Πιλάτου
1661 5181 2060 5252 σταυρωθέντα,

505 5274 596 5326 καὶ
628 5273 884 5339 ταφέντα,
915 5274 1008 5324 καὶ
1031 5275 1097 5342 τῇ
1123 5273 1276 5343 τρίτῃ
1305 5272 1487 5342 ἡμέρᾳ
1515 5273 1818 5326 ἀναστάντα
1858 5275 1922 5324 ὲκ
1954 5271 2062 5324 τῶν

505 5366 730 5437 νεκρῶν,
759 5366 1029 5418 ἀναϐάντα
1051 5367 1129 5426 εἰς
1158 5366 1283 5426 τοὺς
1307 5364 1585 5432 οὐρανοὺς,
1620 5365 1712 5415 καὶ
1754 5363 2061 5432 καθήμενον

503 5459 561 5509 ιν
581 5456 727 5525 δεξιᾷ
752 5455 842 5507 τοῦ
866 5456 1094 5527 Πατρὸς,
1125 5456 1244 5508 ὅθεν
1271 5454 1484 5524 ἔρχεται
1509 5455 1712 5524 κρίνειν
1738 5454 1942 5518 ζῶντας
1967 5455 2062 5506 καὶ

490 5548 726 5618 νεκρούς
742 5565 754 5576 ·
793 5549 885 5599 καὶ
907 5549 986 5609 εἰς
1011 5547 1070 5598 τὸ
1091 5545 1243 5612 ἅγιον
1256 5540 1497 5614 Πνεῦμα,
1527 5545 1685 5612 ἁγίαν
1712 5545 2056 5613 Ἐκκλησίαν,

580 5728 750 5784 'Luc.
775 5748 813 5794 ι,
839 5731 908 5783 35
1006 5731 1026 5761 ²
1064 5727 1222 5782 Joan.
1252 5743 1290 5789 ι,
1318 5729 1366 5780 5.
1449 5728 1467 5757 ³
1500 5726 1630 5781 Luc.
1659 5744 1695 5790 ι,
1731 5727 1774 5782 ι.
1851 5728 1873 5759 ⁸
1898 5727 2043 5782 Psal.
2078 5744 2218 5791 κων,
2250 5729 2301 5781 ‘2.

2174 3289 2334 3356 regni,
2371 3295 2428 3340 nt
2469 3297 2700 3342 testatur
2741 3291 3021 3358 apostolus
3047 3329 3062 3354 ,
3114 3309 3216 3344 non
3265 3295 3361 3345 erit
3406 3294 3526 3360 ﬁnis
3559 3294 3596 3346 ⁸.
3641 3294 3744 3349 Ηιο

2173 3373 2289 3441 ipse
2331 3373 2519 3438 Filius,
2573 3377 2687 3445 ipse
2730 3380 2924 3440 virtus,
2975 3380 3089 3448 ipse
3131 3381 3419 3450 sapientia,
3454 3385 3569 3451 ipse
3607 3399 3736 3452 pro-

2172 3469 2348 3533 prium
2403 3481 2700 3536 verumque
2765 3467 2861 3523 Dei
2923 3469 3185 3535 Verbum,
3239 3471 3500 3527 Dominus
3551 3483 3738 3528 noster

2175 3554 2338 3610 Jesus
2416 3556 2704 3621 Christus,
2753 3558 2985 3613 indivisa
3033 3559 3126 3614 Dei
3175 3562 3388 3617 virtus:
3422 3579 3516 3632 per
3574 3581 3734 3634 quem

2172 3654 2355 3701 creata
2384 3648 2565 3702 omnia
2596 3647 2863 3717 producta
2904 3661 3051 3714 sunt,
3087 3657 3146 3704 ut
3182 3653 3348 3722 833
3387 3650 3735 3724 Evangelium

2172 3736 2348 3791 docet.
2413 3735 2473 3789 Ιη
2503 3738 2781 3805 principio,
2829 3739 3026 3808 inquit,
3059 3750 3176 3792 erat
3220 3741 3460 3804 Verbum,
3515 3753 3562 3796 et
3613 3745 3738 3798 Ver-

2174 3825 2292 3878 bum
2313 3836 2423 3880 erat
2459 3827 2596 3894 apud
2627 3827 2813 3891 Deum,
2868 3839 2916 3880 et
2941 3827 3080 3882 Deus
3105 3839 3220 3883 erat
3260 3829 3503 3884 Verbum.
3542 3832 3734 3888 Omnia

2170 3931 2260 3983 per
2292 3918 2461 3984 ipsum
2487 3920 2631 3985 [acta
2665 3927 2819 3980 sunt;
2839 3929 2888 3970 et
2913 3919 3025 3972 sine
3052 3921 3162 3987 ipso
3193 3921 3392 3988 factum
3433 3933 3509 3976 est
3545 3926 3729 3980 nihit’.

2173 4005 2288 4059 Hoc
2315 4006 2532 4060 demum
2563 4006 2802 4061 Verbum
2837 4016 2944 4071 est,
2979 4011 3045 4062 de
3075 4025 3182 4081 quo
3209 4011 3385 4066 Lucas
3406 4018 3732 4082 evangelista

2171 4103 2438 4151 testatur:
2477 4096 2646 4161 Sicut,
2688 4100 2884 4168 inquit,
2922 4101 3255 4155 tradiderunt
3302 4104 3487 4166 nobis,
3535 4108 3622 4175 qui
3665 4112 3732 4164 ab

2171 4187 2322 4239 initio
2378 4188 2696 4256 inspectores
2758 4197 2807 4241 et
2867 4190 3099 4243 ministri
3161 4191 3306 4258 fuere
3377 4192 3529 4246 Verbi
3554 4195 3592 4242 ³.
3649 4195 3726 4246 Ad

2171 4276 2419 4330 eumdem
2465 4279 2628 4330 etiam
2680 4278 2847 4333 David
2891 4283 3152 4350 respexit,
3201 4299 3324 4336 cum
3373 4286 3446 4338 ita
3492 4289 3732 4340 cecinit-

2172 4365 2450 4420 Eructavit
2485 4384 2574 4421 eor
2604 4385 2775 4422 meum
2814 4369 3037 4423 Verbum
3072 4370 3263 4426 bonum
3287 4375 3327 4424 ⁵.
3355 4374 3445 4428 Sic
3474 4384 3526 4430 et
3552 4376 3733 4430 Domi-

2173 4472 2279 4511 nus
2323 4465 2511 4512 noster
2555 4457 2715 4514 Jesus
2762 4459 3016 4516 Christus
3064 4461 3120 4515 in
3169 4462 3461 4532 Evangelia
3497 4480 3597 4521 nos
3630 4469 3730 4520 do.

2173 4547 2287 4601 cuit
2311 4567 2323 4601 :
2357 4546 2490 4616 Ego,
2517 4550 2710 4618 inquit,
2743 4566 2776 4602 α
2829 4549 2992 4604 Patre
3020 4553 3176 4616 exivi,
3202 4563 3250 4606 et
3277 4560 3420 4606 venio
3439 4555 3478 4606 ⁵.
3518 4555 3616 4610 llic
3646 4566 3731 4610 est

2172 4640 2268 4708 qui
2323 4642 2614 4708 postremis
2667 4644 3005 4712 temporibus
3067 4655 3270 4699 nostra:
3319 4648 3510 4701 salutis
3560 4652 3734 4718 gratia

2170 4730 2507 4785 descendens
2544 4741 2597 4786 et
2629 4749 2696 4788 ex
2735 4731 2954 4803 Virgine
2985 4733 3152 4788 Maria
3179 4737 3417 4805 genitus,
3452 4738 3728 4794 hominem

2176 4821 2439 4890 suscepit.

2249 4913 2333 4966 Ill.
2372 4913 2548 4968 Credo
2578 4915 2743 4985 igitur
2774 4916 2829 4970 in
2865 4915 3032 4972 Deum
3085 4919 3532 4988 omnipotentem,
3577 4929 3630 4974 et
3676 4920 3752 4974 im

2169 5003 2449 5058 Christum
2493 5005 2679 5061 Jesum
2705 5007 2878 5076 ipsius
2919 5008 3113 5062 Filium
3159 5012 3498 5079 unigenitum
3543 5008 3730 5064 Domi-

2167 5108 2298 5145 num
2347 5101 2621 5159 nostrum,
2652 5098 2891 5166 genitum
2929 5098 2994 5152 de
3034 5096 3240 5169 Spiritu
3268 5109 3457 5154 sancto
3479 5108 3534 5154 et
3563 5100 3731 5154 Maria

2169 5182 2426 5254 Virgine,
2477 5187 2570 5254 qui
2615 5187 2718 5240 sub
2754 5185 2948 5241 Pontio
2988 5187 3161 5243 Pilato
3204 5190 3500 5244 cruciﬁxus
3547 5199 3630 5244 est
3677 5201 3730 5244 et

2165 5275 2429 5342 sepultus,
2455 5283 2508 5328 et
2535 5277 2686 5330 tertia
2723 5277 2811 5332 die
2849 5280 3148 5332 resurrexit
3177 5293 3206 5332 a
3231 5283 3501 5343 mortuis;
3537 5295 3732 5335 ascen—

2168 5365 2247 5419 dit
2274 5365 2330 5418 in
2361 5366 2581 5430 coelum,
2613 5375 2666 5421 et
2693 5369 2844 5422 sedet
2896 5369 2963 5422 ad
3015 5369 3290 5424 dexteram
3339 5369 3516 5424 Patris
3544 5387 3559 5423 :
3588 5371 3732 5426 unde

2169 5463 2430 5511 venturus
2470 5464 2552 5511 est
2575 5457 2823 5525 judicare
2853 5459 3004 5512 vivos
3031 5467 3087 5512 et
3119 5467 3395 5523 mortuos;
3433 5467 3483 5511 et
3516 5457 3570 5510 in
3608 5455 3731 5526 Spi-

2167 5548 2331 5600 ritum
2382 5560 2658 5613 sanctum,
2704 5558 2945 5603 sanctam
2995 5549 3314 5614 Ecclesiam,
3352 5549 3732 5606 remissionem

2381 5732 2399 5761 “
2429 5729 2581 5784 lmn.
2623 5749 2728 5795 xw,
2755 5731 2844 5787 28.
