4134 6386
443 379 547 436 587

1880 389 1940 443 S.
1973 389 2314 448 ΕΡΙΡΠΑΝΠ

3587 389 3692 446 388

443 499 816 562 peccatorum,
839 494 1022 549 carnis
1051 497 1528 562 resurrectionem,
1546 499 1712 552 vitam
1741 507 2008 554 aeternam

2126 501 2317 570 ἄφεσιν
2353 503 2654 571 ἁμαρτιῶν,
2693 503 2892 573 σαρκὸς
2931 503 3242 564 ἀνάστασιν,
3285 502 3428 572 ζωὴν
3457 501 3692 562 αἰώνιον.

444 579 566 636 1am
607 581 788 638 Patris
815 591 868 639 et
905 583 1031 640 Filii
1074 587 1410 641 divinitatem
1439 587 1608 641 dividi
1651 605 1758 642 non
1791 604 1951 658 posse
1985 605 2014 644 e

445 673 620 729 sacris
669 673 889 732 Litteris
915 677 1228 732 didicimus.
1260 677 1392 730 Nam
1425 679 1470 732 si
1497 681 1618 748 quis
1654 678 1874 738 Filium.
1912 681 2016 732 hoc

445 774 534 820 est
579 767 968 836 omnipotentis
1015 767 1110 824 Dei
1153 769 1414 834 Verbum,
1457 787 1714 841 separare
1759 774 2012 834 voluerit,

445 872 673 914 necesse
715 867 798 914 est
842 867 902 913 ut
947 869 1042 913 aut
1081 861 1220 916 duos
1259 878 1380 916 esse
1423 862 1562 918 Deos
1605 865 1920 927 arbitretur,
1963 865 2013 920 id

444 949 590 1018 quod
619 965 648 1003 a
679 951 886 1004 caelesti
931 951 1178 1006 doctrina
1231 952 1578 1008 confessione
1625 957 1868 1008 omnium
1920 955 2014 1009 ab-

447 1041 650 1104 horret.
708 1053 798 1095 aut
849 1041 1083 1098 Verbum
1139 1060 1260 1100 esse
1297 1044 1463 1098 Deum
1523 1045 1794 1100 inﬁcietur
1826 1065 1838 1099 :
1872 1047 2016 1116 quod

443 1140 498 1185 et
553 1131 724 1200 ipsum
785 1133 852 1186 ab
911 1133 1122 1188 sincera
1183 1133 1286 1189 ﬁde
1346 1136 1559 1190 videtur
1590 1136 1844 1200 alienum,
1891 1151 2016 1192 cum

441 1219 770 1288 evangelista
828 1220 972 1272 dicat
1019 1240 1030 1274 :
1083 1219 1148 1274 Et
1213 1221 1349 1274 Deus
1415 1233 1526 1274 erat
1585 1219 1828 1274 Verbum.
1905 1223 2016 1292 Ego

443 1323 573 1362 vero
619 1319 774 1364 certo
819 1311 950 1364 illud
992 1311 1192 1376 didici,
1237 1315 1490 1366 virtutem
1535 1311 1732 1374 Patris,
1783 1313 1885 1368 hoc
1931 1319 2016 1368 est

443 1397 677 1462 Filium,
725 1419 902 1472 neque
947 1404 1136 1468 dividi,
1189 1421 1365 1474 neque
1413 1405 1656 1473 separari
1696 1419 1874 1473 posse.
1937 1403 2012 1460 ita

441 1493 586 1546 enim
637 1493 888 1548 Salvator
931 1511 995 1550 ac
1037 1495 1299 1551 Dominus
1339 1505 1524 1552 noster
1562 1496 1724 1550 Jcsus
1761 1496 2014 1552 Christus

443 1584 732 1654 loquitur:
787 1586 851 1639 In
895 1605 974 1640 me
1009 1588 1188 1651 Pater,
1213 1600 1260 1641 et
1305 1605 1396 1658 ego
1447 1590 1502 1641 in
1555 1587 1782 1642 Patre‘.
1841 1591 2008 1642 Item:

445 1673 555 1744 Ego
581 1686 630 1730 et
668 1677 826 1730 Pa'er
866 1695 1024 1730 unum
1059 1695 1237 1732 sumus
1268 1681 1310 1732 ⁸.
1351 1677 1414 1730 Et
1444 1697 1455 1731 :
1489 1679 1592 1744 Qui
1633 1679 1769 1732 ridet
1799 1695 1897 1744 me,
1940 1681 2014 1732 vi-

441 1763 527 1818 det
561 1777 608 1818 et
633 1765 852 1820 Patrem
875 1767 916 1820 ³.
953 1767 1103 1820 lianc
1137 1769 1318 1840 igitur,
1351 1785 1512 1838 quam
1551 1781 1606 1822 et
1635 1783 1663 1821 a
1693 1770 1863 1824 sacris
1903 1767 2014 1823 Lit-

441 1855 580 1910 teris
616 1858 952 1924 accepimus,
991 1867 1044 1911 et
1078 1873 1107 1910 a
1141 1859 1438 1928 majoribus
1479 1861 1680 1914 nostris
1711 1860 2010 1914 secundum
2044 1861 2084 1916 Β

442 1943 609 1998 Deum
641 1946 954 2012 didicimus,
997 1949 1154 2002 tidem
1203 1965 1325 2004 cum
1367 1951 1420 2004 in
1471 1951 1716 2006 Ecclesia
1748 1950 1836 2004 Dei
1871 1965 2008 2020 pra:-

441 2037 586 2098 dicu,
615 2044 730 2090 turn
761 2039 826 2092 ad
859 2047 912 2093 te
945 2038 1102 2093 modo
1137 2043 1436 2109 perscribo,
1478 2043 1706 2112 ejusque
1731 2057 1897 2112 penes
1927 2058 2011 2096 me

440 2128 724 2198 exemplar
779 2131 997 2184 retinui.
1055 2129 1336 2186 Postremo
1375 2133 1507 2187 illud
1544 2150 1573 2186 a
1623 2141 1674 2187 te
1723 2141 1884 2202 peto,
1957 2141 2014 2186 ut

439 2219 687 2290 ejusdem
727 2235 858 2274 mea!
900 2221 1257 2290 professionis
1300 2225 1606 2294 exemplum
1655 2225 1763 2279 tuis
1799 2223 1865 2276 ad
1901 2223 2014 2292 epi-

439 2322 638 2378 scopus
684 2307 880 2364 litteris
935 2312 1180 2375 inseras,
1237 2329 1304 2368 ne
1359 2315 1482 2383 quis
1545 2329 1754 2380 eorum,
1815 2315 2014 2384 quibus

439 2407 697 2454 accurate
723 2401 992 2468 perspecti
1027 2418 1132 2455 non
1171 2417 1382 2466 sumus,
1422 2405 1638 2458 illorum
1665 2405 1733 2458 de
1761 2421 1848 2460 me
1877 2409 2014 2462 scri-

439 2491 548 2559 ptis
592 2489 748 2544 ﬁdem
795 2491 1061 2548 adhibens
1113 2494 1167 2548 in
1201 2509 1442 2550 errorem
1469 2496 1778 2552 inducatur.
1804 2497 2008 2553 Valete.

439 2579 713 2636 Hactenus
733 2583 980 2652 epistola.

505 2671 666 2741 837
702 2671 789 2726 ιγ.
821 2672 1090 2728 Caeterum
1145 2689 1212 2726 an
1247 2674 1464 2730 libellus
1495 2675 1598 2730 iste
1631 2685 1778 2732 recte
1817 2693 1876 2733 se
1923 2677 2012 2733 ha-

437 2759 564 2814 beat
592 2776 797 2825 necne,
841 2763 1020 2832 legant
1056 2761 1150 2831 qui
1198 2771 1462 2831 possunt,
1506 2773 1560 2819 et
1617 2767 1708 2835 qui
1753 2773 1999 2820 exactam

436 2864 647 2913 eorum,
679 2865 800 2921 qua:
833 2851 886 2904 in
915 2865 980 2904 eo
1019 2851 1223 2920 scripta
1259 2861 1424 2917 sunt,
1471 2854 1878 2924 intelligentiam
1913 2857 2011 2910 ha-

437 2938 566 2993 bere
594 2949 861 3009 possunt,
895 2942 1091 3011 ecquid
1127 2943 1181 2996 in
1209 2957 1274 2996 eo
1315 2943 1429 2996 vitii
1468 2945 1538 2997 sit
1562 2945 1827 3013 judicent.
1865 2946 2006 3000 Nihil

435 3031 582 3084 enim
615 3038 972 3101 praeterquam
999 3033 1142 3102 quod
1175 3033 1402 3100 scimus,
1433 3043 1486 3088 et
1519 3036 1582 3088 ad
1613 3051 1711 3090 nos
1741 3039 2005 3107 perlatum

435 3130 538 3183 est,
571 3135 886 3176 asseverare
911 3123 1182 3178 volumus.
1215 3124 1292 3178 Ac
1325 3125 1451 3178 licet
1480 3127 1614 3179 nihil
1655 3129 1706 3180 in
1734 3144 1799 3182 eo
1829 3130 2007 3184 libello

435 3227 544 3266 non
578 3225 786 3268 castum
815 3227 880 3268 ac
911 3215 1184 3270 sincerum
1237 3217 1328 3282 sit,
1362 3217 1442 3270 vel
1474 3233 1538 3271 ex
1574 3219 1692 3287 ipso
1721 3220 1998 3273 nihilomi-

435 3317 540 3358 nus
575 3313 928 3374 argumento,
971 3305 1064 3375 qui
1089 3305 1235 3360 hunc
1265 3307 1447 3376 legunt
1480 3315 1574 3361 aut
1613 3309 1876 3372 audiunt,
1910 3325 2003 3364 co-

436 3394 610 3463 gitare
631 3394 829 3450 debent
857 3409 965 3449 non
996 3395 1218 3459 frustra,
1253 3413 1352 3452 nec
1377 3409 1577 3452 temere
1602 3397 1668 3452 ad
1691 3399 1831 3453 hanc
1860 3401 2008 3453 illum

433 3483 760 3540 defendendi
795 3487 878 3540 sui
909 3486 1291 3540 necessitatem
1323 3499 1612 3542 venturum
1649 3488 1821 3543 fuisse
1843 3529 1857 3553 ,
1905 3491 2010 3546 nisi

435 3573 701 3628 nonnulla
735 3575 1098 3644 protulisset,
1141 3590 1264 3644 qua:
1311 3577 1596 3630 turbarum
1633 3577 1836 3648 aliquid
1863 3578 2010 3632 exei-

435 3669 680 3728 tassent,
723 3672 780 3718 et
819 3679 884 3718 eo
909 3665 1184 3720 hominem
1224 3665 1612 3731 adduxissent,
1657 3677 1714 3720 ut
1737 3669 2008 3723 dictorum

435 3754 714 3809 reddenda
746 3755 887 3809 ratio
919 3755 1215 3812 videretur.
1249 3755 1462 3811 Etenim
1499 3757 1612 3812 ﬁeri
1648 3759 1780 3812 illud
1811 3761 2005 3829 potuit,

435 3851 500 3897 ut
540 3851 664 3912 post
709 3859 952 3899 errorem
997 3860 1092 3915 per
1141 3845 1382 3900 libellum
1436 3863 1556 3902 sese
1601 3861 1887 3906 excusaret
1947 3867 2010 3905 ac

433 3935 776 4006 corrigeret:
811 3944 906 4000 aut
935 3945 996 3991 ut
1031 3937 1223 3992 eodem
1273 3939 1366 3992 illo
1399 3939 1580 3993 libello
1625 3942 1698 3994 ita
1739 3944 2006 3996 sermoni-

433 4023 540 4078 bus
569 4024 685 4080 suis
733 4024 916 4078 l‘ucum
947 4025 1172 4090 faceret,
1203 4035 1264 4081 ut
1285 4043 1405 4097 qua'
1431 4039 1589 4083 antea
1621 4029 1848 4086 dixisset
1883 4049 2010 4086 con-

435 4113 586 4170 sulto
615 4113 1026 4180 dissimularet,
1068 4133 1138 4172 ne
1167 4118 1222 4172 in
1252 4119 1503 4174 ordinem
1536 4119 1901 4191 redigeretur,
1940 4125 2006 4178 ab

431 4207 714 4260 communi
740 4208 1120 4277 episcoporum
1153 4223 1420 4265 consessu
1453 4217 1506 4263 et
1539 4227 1750 4267 canone
1777 4215 2006 4284 deposi-

437 4303 570 4352 tus:
606 4307 884 4369 utcunque
938 4315 996 4355 se
1045 4315 1134 4356 res
1171 4299 1367 4355 habeat
1397 4343 1411 4366 ,
1450 4305 1562 4356 haec
1613 4313 1742 4358 sunt
1771 4322 1892 4374 quae
1939 4308 2005 4360 de

432 4387 689 4443 Harcello
719 4405 1035 4460 comparare
1089 4392 1387 4460 potuimus.
1433 4393 1509 4447 De
1555 4411 1664 4463 quo
1713 4413 1836 4450 cum
1901 4399 2004 4451 ali-

432 4480 655 4550 quando
689 4481 905 4534 beatum
939 4497 1132 4550 papam
1163 4481 1522 4562 Athanasium
1553 4485 1997 4556 interrogassem,

431 4569 737 4638 cujusmodi
774 4586 897 4625 eum
951 4573 1309 4626 arbitraretur
1334 4611 1350 4636 ,
1397 4575 1487 4629 ille
1540 4591 1714 4646 neque
1752 4581 2000 4647 purgavit

431 4662 728 4724 hominem,
757 4677 932 4732 neque
959 4678 1090 4718 vero
1115 4667 1362 4734 asperius
1403 4669 1644 4734 notavit;
1683 4669 1776 4723 sed
1811 4671 2001 4724 leniter

431 4753 718 4816 arridens,
745 4769 852 4808 non
879 4755 1110 4808 multum
1151 4757 1220 4810 ab
1263 4756 1608 4827 improbitate
1651 4759 2000 4815 abhorruisse

431 4842 795 4912 significavit,
844 4853 900 4898 et
944 4843 999 4898 in
1028 4860 1216 4900 eorum
1249 4846 1368 4902 loco
1393 4887 1408 4914 ,
1439 4849 1532 4918 qui
1563 4864 1621 4907 se
1647 4862 1992 4920 purgassem,

431 4931 641 4986 habuit.

501 5021 564 5076 ν.
595 5021 749 5078 Libet
779 5030 957 5078 autem
989 5025 1076 5080 hic
1109 5042 1172 5081 ea
1209 5027 1634 5100 subjicere,quaa
1665 5033 1722 5085 in
1755 5031 1992 5087 Marcelli

429 5115 650 5184 scriptis
680 5129 709 5166 a
741 5116 1066 5184 quibusdam
1104 5118 1394 5173 observata
1427 5131 1588 5186 sunt,
1621 5139 1742 5192 quae
1771 5125 1994 5186 isti,re-

429 5204 804 5274 prehendenda
835 5217 1198 5276 putaverunt:
1242 5210 1384 5265 unde
1422 5219 1474 5265 et
1527 5213 1579 5266 in
1613 5215 1862 5270 eumdem
1906 5219 1992 5270 in-

425 5298 566 5353 vecti
589 5297 903 5352 confutandi
933 5301 1105 5368 gratia
1143 5302 1500 5371 scripserunt.
1528 5305 1848 5375 Quanquam
1877 5309 1988 5369 alii,

429 5402 526 5458 pro
566 5403 635 5443 eo
659 5388 808 5457 quod
860 5389 950 5458 qui
997 5393 1256 5448 adversus
1295 5395 1442 5447 illum
1485 5405 1831 5452 commentati
1864 5409 1998 5454 sunt-

503 5522 704 5578 'Joan.
747 5543 858 5588 xw,
896 5529 975 5582 l0.

429 5602 740 5662 corruptus.
949 5597 954 5602 ’

1087 5533 1106 5559 ²
1134 5528 1289 5584 Juan.
1333 5547 1385 5594 Χ,
1411 5533 1498 5585 50.

499 5699 611 5768 (36)
636 5703 800 5782 Intro
835 5703 901 5782 δέ
920 5705 1126 5758 ἄλλων
1157 5707 1359 5762 πάλιν.
1396 5709 1683 5782 Utrunque
1733 5715 1888 5770 licuit
1928 5733 1995 5772 ex

427 5773 844 5838 carruplissimo
875 5775 994 5828 loco
1034 5785 1357 5832 sententiam
1385 5773 1740 5840 cxtrusiinus.
1793 5787 1866 5841 De
1913 5789 1998 5842 his

2136 593 2457 664 Ἀδιαίρετον
2493 590 2628 647 εἶναι
2673 595 2773 666 τὴν
2817 595 3048 664 θεότητα
3081 595 3174 648 τοῦ
3231 596 3444 666 Πατρὸς
3479 596 3574 648 καὶ
3601 593 3693 648 τοῦ

2124 684 2273 746 Υίοῦ,
2299 685 2452 756 παρά
2477 686 2582 739 τῶν
2605 687 2765 740 θείων
2785 688 3181 758 μεμαθήκαμεν
3215 686 3466 758 Γραφῶν.
3497 688 3560 740 Et
3586 688 3696 760 γάρ

2121 794 2205 840 τις
2233 777 2454 849 χωρίζει
2485 780 2574 831 τὸν
2611 781 2759 844 Υἰὸν,
2784 781 3028 833 τουτέστι
3057 779 3148 832 τὸν
3171 781 3342 848 Λόγον
3369 779 3464 832 τοῦ
3493 791 3692 833 παντο⁴

2124 870 2386 939 κράτορος
2406 870 2561 932 Θεοῦ,
2589 872 2802 943 ἀνάγκη
2823 873 2984 926 αὑτὸν
3009 873 3040 944 ἣ
3065 873 3158 926 δύο
3183 873 3349 938 Θεοὺς
3375 870 3514 926 εἶναι
3541 871 3692 942 νομί-

2124 958 2256 1023 ζειν,
2285 961 2422 1032 ὅπερ
2451 961 2728 1032 ἀλλότριον
2761 965 2858 1034 τῆς
2891 963 3040 1028 θείας
3069 964 3416 1026 διδασκαλίας
3441 959 3579 1016 εἶναι
3607 979 3693 1014 νε-

2123 1051 2395 1120 νόμισται,
2425 1051 2456 1122 ἢ
2488 1051 2581 1106 τὸν
2605 1054 2774 1121 Λόγον
2799 1053 2875 1124 μὴ
2903 1049 3042 1108 εἶναι
3063 1053 3195 1106 Θεὸν
3215 1052 3492 1124 ὁμολογεῖν
3511 1069 3524 1082 ο
3557 1053 3692 1123 ὅπερ

2123 1144 2216 1197 καλ⁸
2235 1143 2364 1196 αὐτὸ
2389 1143 2664 1214 ἀλλότριον
2691 1145 2789 1214 τῆς
2809 1145 2974 1215 ὀρθῆς
2997 1145 3234 1208 πίστεως
3257 1141 3396 1198 εἶναι
3420 1144 3687 1212 φαίνεται,

2120 1232 2214 1288 τοῦ
2259 1235 2644 1304 εὐαγγελιστοῦ
2679 1235 2927 1304 λέγοντος
2947 1254 2960 1266 ·
3007 1238 3114 1290 Καὶ
3151 1239 3294 1302 Θεὸς
3319 1233 3396 1305 ἦν
3419 1240 3452 1290 ό
3479 1235 3686 1304 Λόγος.

2135 1325 2274 1393 Ἐγὼ
2298 1325 2354 1378 δὲ
2381 1325 2621 1396 ἀκριϐῶς
2649 1327 2966 1398 μεμάθηκα,
2997 1329 3077 1380 ὅτι
3103 1327 3403 1397 ἀδιαίρετος
3431 1328 3524 1379 καὶ
3545 1325 3687 1396 ἀχώ-

2125 1418 2302 1486 ριστός
2329 1419 2473 1470 ἐστιν
2499 1421 2530 1488 ή
2553 1418 2777 1488 δύναμις
2797 1419 2889 1472 τοῦ
2913 1419 3143 1492 Πατρός,
3169 1423 3197 1473 ὁ
3223 1421 3364 1481 Υἱός.
3397 1419 3566 1482 Αὐτὸς
3581 1419 3688 1489 γὰρ

2120 1508 2149 1560 6
2183 1508 2370 1579 Σωτὴρ
2399 1511 2427 1561 6
2456 1509 2658 1579 Κύριος
2697 1511 2854 1580 ἡμῶν
2889 1511 3094 1582 Ἰησοῦς
3117 1511 3350 1582 Χριστός
3373 1527 3538 1580 φησι·
3589 1512 3688 1565 Ἑν

2121 1596 2247 1664 ἐμοὶ
2279 1599 2310 1650 ό
2337 1597 2557 1666 Πατὴρ,
2591 1598 2750 1668 κάγὼ
2786 1599 2854 1651 ὲν
2885 1599 2962 1664 τῷ
2987 1601 3169 1668 Πατρί
3193 1618 3204 1630 ο
3243 1601 3365 1662 καὶ,
3405 1598 3554 1668 Ἐγὼ
3589 1599 3686 1652 καὶ

2121 1693 2154 1743 ό
2189 1689 2390 1756 Πατὴρ
2422 1689 2490 1742 ἓν
2513 1691 2699 1759 ἐσμεν
2719 1708 2732 1720 ·
2785 1693 2899 1756 καὶ,
2948 1693 3009 1744 '0
3038 1692 3140 1761 ἐμὲ
3171 1691 3438 1760 ἑωρακὼς
3471 1691 3688 1760 ἑώρακε

2121 1780 2226 1834 τὸν
2267 1781 2515 1848 Πατέρα.
2575 1782 2789 1854 Ταύτην
2837 1784 2930 1836 καὶ
2965 1783 3112 1852 παρὰ
3141 1783 3248 1836 τῶν
3277 1783 3432 1836 θείων
3457 1783 3687 1854 Γραφῶν

2113 1873 2349 1942 εἰληφὼς
2378 1875 2475 1943 τὴν
2516 1875 2716 1936 πίστιν,
2747 1875 2841 1928 καὶ
2885 1873 3042 1944 παρὰ,
3067 1875 3174 1928 τῶν
3213 1875 3354 1928 κατά
3389 1876 3522 1928 Θεὸν
3555 1893 3688 1946 προ-

2115 1967 2285 2034 γόνων
2309 1967 2596 2037 διδαχθεὶς,
2621 1968 2676 2019 ἓν
2702 1985 2759 2020 τε
2785 1971 2850 2038 τῇ
2881 1967 2972 2021 τοῦ
2999 1967 3132 2020 Θεοῦ
3169 1969 3462 2040 Ἐκκλησία
3491 1970 3687 2040 κηρύτ-

2113 2075 2209 2120 τω,
2243 2059 2338 2112 καὶ
2381 2059 2514 2130 πρὸς
2547 2061 2606 2112 σὲ
2649 2060 2742 2112 νῦν
2765 2061 3036 2131 γέγραφα.
3061 2060 3122 2113 τὸ
3145 2061 3474 2132 ἀντίγραφον
3495 2061 3684 2115 τούτου

2115 2149 2242 2218 παρ’
2284 2149 2504 2218 ἐμαυτῷ
2544 2149 2850 2219 κατασχών.
2883 2151 2991 2202 Καὶ
3025 2149 3159 2214 ἀξιῶ
3196 2151 3256 2203 τὸ
3295 2151 3586 2204 ἀντίτυπόν
3627 2168 3686 2202 σε

2113 2239 2300 2291 τούτου
2331 2243 2398 2310 τῇ
2427 2239 2563 2310 πρὸς
2594 2242 2718 2304 τοὺς
2757 2241 3088 2305 ἐπισκόπους
3111 2243 3362 2312 ἐπιστολῇ
3394 2243 3682 2314 ἐγγράψαι,

2114 2331 2201 2384 ἵνα
2227 2331 2300 2402 μή
2341 2348 2484 2392 τινες
2502 2331 2610 2384 τῶν
2633 2333 2872 2401 ἀκριϐῶς
2904 2333 2976 2404 μὴ
3006 2334 3222 2386 εἰδότων
3239 2335 3402 2405 ἡμᾶς,
3417 2335 3684 2398 κάκείνοις

2111 2422 2223 2482 τοῖς
2263 2418 2550 2474 ὑπἀὺτῶν
2588 2423 2842 2490 γραφεῖσι
2885 2423 3261 2492 προσέχοντες,
3308 2423 3681 2493 ἀπατηθῶσιν.

2117 2509 2421 2582 Ἔρρωσθε.
2463 2509 2842 2582 Πεπλήρωται.

2180 2687 2251 2742 Δ’.
2283 2689 2348 2742 El.
2372 2689 2548 2742 τοίνυν
2577 2689 2605 2741 6
2639 2688 2878 2753 λίϐελλος
2899 2684 3051 2755 οὗτος
3082 2691 3260 2757 καλῶς
3293 2693 3426 2764 ἔχει,
3449 2696 3498 2748 οἱ
3521 2697 3679 2750 δυνά-

2116 2795 2262 2848 μενοι
2297 2778 2714 2847 ἀναγνώτωσαν,
2756 2783 2849 2834 καὶ
2877 2783 2926 2834 oi
2969 2783 3254 2854 δυνάμενοι
3282 2786 3586 2856 ἀκριόῶσαι
3617 2788 3684 2842 τὰ

2109 2873 2168 2924 ὲν
2193 2870 2340 2942 αὑτῷ
2369 2872 2653 2942 εἰρημένα·
2686 2875 2781 2926 καὶ
2809 2874 2858 2926 εί
2891 2874 2988 2945 μὲν
3017 2876 3201 2939 κακῶς
3227 2877 3358 2948 ἔχει,
3390 2879 3541 2932 αὐτοὶ
3569 2879 3684 2932 δια-

2110 2963 2459 3034 κρινέτωσαν.
2499 2965 2572 3016 Οὐ
2611 2965 2717 3038 γὰρ
2751 2965 3050 3037 βουλόμεθα
3101 2969 3252 3040 παρὰ
3303 2961 3420 3023 δῶν
3461 2973 3682 3026 ἐπιστά-

2111 3053 2250 3124 μεθα
2276 3056 2369 3108 καὶ
2395 3056 2502 3108 τῶν
2541 3058 2620 3118 είς
2663 3059 2810 3126 ἡμᾶς
2844 3057 3102 3112 ἐλθόντων
3131 3060 3324 3129 λέγειν.
3362 3061 3425 3114 Ei
3453 3063 3560 3134 γὰρ
3591 3065 3684 3117 καὶ

2113 3145 2291 3208 καλῶς
2317 3146 2428 3215 ἔχει
2460 3148 2488 3197 6
2521 3147 2761 3210 λίϐελλος
2794 3149 2859 3200 ὲκ
2879 3152 2978 3219 τῆς
3015 3151 3341 3215 ὑποθέσεως,
3379 3153 3539 3206 πάλιν
3566 3153 3682 3206 δια-

2113 3232 2463 3303 νοηθήσονται
2498 3236 2549 3286 oi
2590 3236 3009 3306 ἐντυγχάνοντὲς
3045 3255 3104 3290 τε
3133 3241 3229 3293 καὶ
3263 3241 3570 3306 ἀκούοντες,
3603 3243 3684 3296 ὅτι

2109 3323 2209 3376 οὐκ
2237 3325 2317 3386 είς
2347 3325 2546 3394 μάτην,
2582 3325 2704 3378 οὔτε
2740 3329 2820 3390 είς
2847 3329 3144 3400 ἀργότητα,
3174 3330 3298 3384 οὔτε
3330 3337 3446 3388 κατ’
3475 3337 3682 3391 ἐκείνου

2111 3413 2318 3480 ἐγίνετο
2345 3415 2495 3486 αὐτῷ
2527 3415 2736 3490 ἀνάγκη
2775 3419 3090 3488 ἀπολογίας,
3127 3423 3174 3474 εί
3207 3421 3280 3494 μὴ
3313 3424 3419 3494 ἀρα
3451 3425 3683 3495 ὲξήμεσε

2109 3503 2302 3572 λόγους
2329 3507 2480 3569 τινὰς
2504 3509 2897 3578 ταράσσοντας,
2939 3513 3035 3564 καὶ
3065 3512 3480 3582 ἀναγκάσαντας
3522 3517 3683 3570 αὐτὸν

2109 3595 2190 3657 είς
2213 3594 2508 3664 ἀπολογίαν
2539 3598 2693 3666 ἥκειν
2727 3599 2855 3670 περὶ
2903 3600 3010 3655 τῶν
3036 3603 3126 3655 ὑπ’
3149 3604 3317 3664 αὑτοῦ,
3357 3609 3679 3678 εἰρημένων.

2111 3685 2408 3755 Συμϐαίνει
2439 3687 2567 3757 γὰρ,
2603 3689 2696 3741 καλ⁴
2729 3689 2866 3759 μετά
2887 3691 2949 3744 τὸ
2983 3693 3244 3760 ἐσφάλθαι
3265 3695 3449 3762 αὐτὸν,
3481 3697 3568 3751 διὰ
3589 3699 3681 3752 τοῦ

2109 3775 2353 3829 λιϐέλλου
2397 3779 3006 3851 ὑπεραπολογήσασθαι,
3047 3783 3141 3836 καὶ
3169 3786 3361 3842 ἑαυτὸν
3389 3787 3682 3859 διορθώσα-

2111 3867 2256 3923 σθαι⁸
2297 3869 2330 3940 ἣ
2374 3871 2456 3924 ὅτι
2494 3872 2592 3942 μὲν
2624 3873 2703 3943 τῷ
2740 3873 2965 3944 λιόέλλῳ
3019 3879 3324 3952 ἐκόσμησεν
3354 3882 3519 3934 αὑτοῦ
3555 3885 3681 3947 τοὺς

2109 3958 2316 4028 λόγους,
2351 3963 2438 4015 ἴνα
2477 3967 2814 4040 παρακρύψῃ
2862 3969 2929 4022 τὰ
2971 3971 3062 4022 ὑπ’
3100 3971 3258 4024 αὐτοῦ
3293 3972 3543 4043 ῥηθέντα,
3593 3973 3681 4026 ἴνα

2111 4051 2185 4122 μὴ
2243 4053 2450 4125 ἐκπέσῃ
2509 4055 2596 4108 διὰ
2630 4057 2731 4127 τῆς
2777 4058 3147 4132 καθαιρέσεως
3196 4061 3289 4114 τοῦ
3345 4063 3525 4116 κοινοῦ
3573 4065 3679 4136 τῶν

2108 4144 2426 4198 ἐπισκόπων
2455 4147 2709 4216 συλλόγου
2739 4166 2796 4202 τε
2829 4153 2921 4204 καὶ
2953 4153 3045 4204 τοῦ
3085 4151 3337 4216 ⁴κανόνος.
3379 4155 3570 4224 Ὅμως
3611 4155 3679 4210 τὰ

2109 4235 2236 4304 περὶ
2283 4233 2596 4306 Μαρκέλλου
2641 4239 2720 4302 είς
2759 4241 2905 4310 ἡμᾶς
2951 4241 3172 4294 ἐλθόντα
3217 4243 3404 4298 ταῦτα.
3439 4245 3680 4316 Ἠρόμην

2105 4322 2162 4374 δὲ
2193 4323 2352 4387 αὐτὸς
2374 4323 2484 4392 ἐγὼ
2509 4325 2683 4397 χρόνῳ
2715 4329 2821 4381 τινὶ
2853 4329 2942 4381 τὸν
2974 4332 3284 4403 μακαρίτην
3310 4334 3499 4386 πάπαν
3523 4335 3679 4388 Ἀθα-

2105 4415 2287 4468 νάσιον
2349 4417 2476 4487 περὶ
2535 4418 2723 4470 τούτου
2756 4419 2850 4473 τοῦ
2903 4423 3245 4494 Μαρκέλλου,
3281 4423 3398 4487 πῶς
3448 4425 3515 4478 ἂν
3563 4426 3677 4498 εχοι

2035 4537 2076 4591 D
2109 4507 2234 4577 περὶ
2273 4508 2457 4561 αὑτοῦ.
2497 4511 2555 4563 '0
2577 4505 2632 4563 δέ
2671 4510 2792 4564 οὔτε
2841 4513 3372 4586 ὑπεραπελογήσατο,
3421 4515 3542 4570 οὔτε
3574 4518 3677 4573 πά-

2105 4596 2185 4648 λιν
2215 4597 2350 4668 πρὺς
2395 4599 2557 4652 αὑτὸν
2613 4601 2865 4672 ἀπεχθῶς
2900 4605 3118 4678 ἠνέχθη·
3154 4605 3310 4675 μόνον
3338 4607 3394 4660 δὲ
3443 4607 3530 4661 διὰ
3579 4607 3672 4662 τοῦ

2105 4688 2392 4756 προσώπου
2427 4689 2704 4758 μειδιάσας
2741 4693 3002 4764 ὑπέφηνε,
3024 4697 3326 4766 μοχθηρίας
3359 4697 3433 4769 μὴ
3459 4702 3674 4770 μακρὰν

2103 4779 2263 4831 αὑτὸν
2288 4774 2447 4845 εἶναι,
2480 4783 2574 4834 καὶ
2609 4781 2684 4845 ὡς
2709 4783 3183 4856 ἀπολογησάμενον
3217 4786 3348 4860 εἶχε.

2171 5043 2246 5094 E'.
2285 5043 2680 5117 Παραθήσομαι
2719 5049 2774 5100 σὲ
2814 5049 2970 5104 ἅτινά
2997 5068 3142 5114 τινες
3169 5054 3420 5124 εὑρόντες
3467 5058 3526 5109 ὲν
3559 5061 3670 5122 τοῖς

2099 5131 2267 5183 αὐτοῦ
2303 5133 2620 5203 Μαρκέλλου
2674 5140 3060 5210 συντάγμασιν,
3095 5141 3130 5194 ἃ
3163 5143 3335 5195 ἐδόκει
3368 5145 3672 5218 ἐπιλήψιμα
3751 5204 3762 5230 ἔ

2100 5223 2280 5284 αὐτοῖς
2313 5222 2618 5290 φαίνεσθαι,
2666 5230 2800 5296 πρὸς
2845 5229 2904 5281 ὃν
2942 5230 3348 5302 ἀποτεινόμενοι
3383 5236 3476 5288 καὶ
3521 5236 3672 5290 αὐτοὶ
3751 5222 3761 5270 ἶ

2099 5313 2537 5377 ἀντισυνέταξαν.
2555 5317 2689 5369 Ὑπὸ
2721 5319 2776 5370 δὲ
2800 5321 2973 5374 ἀλλων
2997 5323 3158 5378 πάλιν
3175 5325 3288 5396 (56)
3315 5325 3401 5379 διὰ
3419 5327 3477 5380 τὸ
3497 5329 3620 5390 τοὺς
3651 5331 3671 5359 ⁸

2098 5403 2605 5470 ἀντισυντάξαντας,
2645 5409 2867 5481 ὕστερον
2901 5416 2980 5475 είς
3013 5415 3138 5468 ἄλλο
3175 5419 3480 5485 τραπέντας
3522 5419 3656 5488 ὲλέγ·

1614 5535 1634 5563 ³
1654 5533 1811 5590 Joan.
1839 5552 1948 5600 xw,
1985 5539 2008 5591 Si

2116 5539 2138 5569 ‘
2165 5540 2224 5594 F.
2257 5543 2414 5612 πέρα.
2493 5545 2513 5573 ⁸
2543 5543 2603 5597 F.
2635 5543 2781 5600 ἄλλοι
2804 5547 2862 5599 δὲ
2893 5548 3054 5601 πάλιν
3082 5548 3170 5603 διὰ
3195 5551 3342 5614 τούς.
3373 5551 3553 5609 Locus
3581 5555 3671 5609 hic

2105 5727 2307 5800 autem,
2337 5721 2777 5800 quos‘nominat,
2819 5723 3041 5800 Acacio,
3077 5723 3570 5800 BasilioLGeorgio
3605 5751 3670 5787 ac

2108 5790 2355 5856 reliquis,
2377 5795 2567 5859 agetur
2595 5793 2649 5844 in
2681 5795 2926 5864 sequenti
2956 5795 3145 5850 haeresi
3181 5797 3450 5857 pluribus.
