4134 6386
487 413 591 471 E'JI

1911 407 1966 462 S.
2010 408 2352 463 EPIPHANII

3616 417 3623 424 '
3650 409 3763 470 592

494 529 932 602 quandoquidem
985 529 1410 584 cousceleratam
1453 527 1506 581 in
1543 527 1711 583 Deum
1763 543 1951 584 vocem
1987 531 2072 598 je-

2185 546 2299 592 ταν,
2324 528 2493 582 εἰπὼν
2529 529 2678 600 ῥῆμα
2712 532 2792 594 εἰς
2825 532 3050 603 Κύριον,
3078 533 3172 587 καὶ
3199 533 3528 606 τελευτήσας
3555 537 3636 600 εἰς
3657 537 3763 606 ψυ-

495 623 658 685 cisti,
711 635 774 674 ac
809 630 916 674 tam
966 620 1291 688 sacrilegum
1343 618 1510 672 animi
1545 633 1768 672 sensum
1804 626 2076 688 postremo

496 711 806 783 prodidisti.
843 709 977 763 Nam
1014 711 1105 779 qui
1142 709 1234 764 Dei
1269 710 1557 779 imaginem
1615 718 1817 762 mutam
1859 725 1922 764 ac
1969 711 2077 763 vita

495 811 774 859 carentem
812 801 1041 866 tinxisti,
1083 803 1221 855 hanc
1249 810 1303 855 tu
1342 817 1518 871 neque
1559 799 1870 864 Dominum,
1903 816 2078 870 neque

497 896 665 950 Deum
694 937 710 960 ,
759 910 859 949 nec
891 895 1220 959 essentiam,
1273 909 1373 947 nec
1399 893 1718 958 consilium,
1756 909 1934 963 neque
1965 895 2078 947 vir-

495 996 667 1040 tutem
700 1025 713 1047 ,
765 1001 942 1055 neque
991 985 1219 1057 gloriam
1269 999 1392 1039 esse
1426 983 1677 1054 judicas,
1727 983 1823 1040 sed
1880 985 2074 1040 horum

497 1079 738 1131 omnium
771 1079 1102 1132 immobilem
1128 1075 1377 1147 efﬁgiem,
1401 1091 1522 1145 qua:
1551 1092 1649 1130 nec
1673 1078 1876 1138 anima,
1903 1093 2080 1147 neque

496 1167 604 1219 vita
639 1166 863 1235 praedita
900 1167 972 1220 sit
1001 1207 1016 1231 ,
1056 1166 1199 1220 velut
1234 1166 1380 1220 foras
1433 1167 1737 1234 expositam
1772 1166 2077 1232 arbitraris,

496 1267 661 1328 atque
711 1259 783 1312 ita
839 1259 1134 1312 inanimam
1166 1299 1181 1322 ,
1228 1266 1282 1312 et
1316 1257 1549 1310 humana
1583 1261 1759 1314 solum
1799 1265 1917 1312 arte
1947 1275 2080 1313 con-

497 1360 756 1406 stantem.
797 1351 1041 1406 Viventis
1089 1359 1270 1404 antem
1317 1349 1412 1404 Dei
1465 1353 1733 1405 viventem
1785 1353 2077 1422 imaginem

496 1460 620 1498 esse
673 1459 838 1513 negas
863 1484 878 1506 ,
916 1449 1010 1497 aut
1060 1443 1356 1498 essentiam
1391 1443 1676 1505 essentiaa,
1711 1451 1804 1496 aut
1838 1443 2077 1507 consilii,

497 1536 735 1601 virtutis,
763 1552 825 1590 ac
851 1536 1058 1606 gloriae,
1091 1535 1404 1598 consilium,
1435 1536 1710 1600 virtutem,
1737 1549 1803 1589 ac
1827 1535 2076 1605 gloriam,

501 1638 558 1682 ut
612 1628 726 1683 haec
764 1629 944 1698 imago
992 1627 1060 1681 ab
1094 1643 1159 1682 eo
1193 1626 1353 1696 Cujus
1388 1629 1565 1698 imago
1595 1636 1678 1682 est
1733 1627 1884 1681 nulla
1937 1628 1990 1681 in
2021 1643 2080 1682 re

497 1719 790 1789 discrepet.
827 1717 947 1772 Jam
999 1735 1122 1772 eum
1180 1719 1326 1773 nulla
1380 1734 1438 1773 re
1487 1719 1800 1788 discrepare
1853 1719 2077 1783 dicitur,

497 1829 608 1866 non
648 1811 875 1882 perinde
915 1822 1020 1875 est,
1052 1826 1116 1866 ac
1163 1812 1209 1865 si
1259 1811 1554 1883 ingenitam
1581 1827 1705 1867 esse
1734 1810 2076 1877 fateremini;

2179 621 2279 692 χὴν
2325 622 2495 686 οὕτως
2543 622 2910 693 ἀσεϐήσασαν.
2946 625 3056 696 Τὴν
3102 626 3211 698 γάρ
3267 628 3450 678 εἰκόνα
3486 627 3580 680 τοῦ
3626 625 3762 681 Θεοῦ

2177 713 2354 784 ἀζωῖᾳ
2392 714 2761 785 περιγράψας,
2791 714 2914 768 οὐτε
2947 717 3171 787 Κύριον,
3205 717 3328 771 οὔτε
3359 719 3513 780 Θεὸν,
3547 719 3648 772 οὐκ
3674 721 3767 773 οὐ-

2181 803 2320 869 σίαν,
2348 805 2410 858 οὐ
2457 805 2674 875 βουλὴν,
2708 809 2771 860 οὐ
2803 808 3056 879 δύναμιν,
3100 811 3160 862 οὐ
3190 810 3348 875 δόξαν
3373 807 3512 865 εἶναι
3536 812 3762 884 ταύτην,

2177 896 2380 948 τούτων
2404 896 2461 949 δὲ
2483 898 2740 968 ἀκίνητον
2775 900 2960 954 εἰκόνα
2989 896 3128 953 εἶναι
3170 901 3345 966 θέλεις
3373 903 3565 974 αὐτὴν,
3596 904 3763 958 οἱονεὶ

2178 988 2384 1058 ἄψυχον
2418 989 2512 1042 καὶ
2541 989 2720 1054 ἄζωον
2745 990 2850 1056 ἔξω
2875 991 3188 1046 ἐκτεθεῖσαν
3225 996 3396 1066 αὐτὴν
3437 996 3628 1059 ποιῶν,
3667 998 3762 1050 καὶ

2177 1079 2252 1142 ώς
2272 1079 2432 1143 αὐτὸς
2446 1081 2468 1111 ⁸
2488 1080 2692 1150 ἄψυχον
2713 1082 2807 1134 καὶ
2830 1082 2925 1134 ἀνθ
2936 1084 3145 1156 ρωπίνῃ
3163 1085 3327 1158 τέχνῃ
3347 1089 3483 1160 μόνῃ
3505 1089 3766 1141 συνεστῶ-

2182 1187 2301 1223 σαν.
2329 1171 2538 1235 Ζῶντος
2566 1173 2623 1225 δὲ
2650 1173 2830 1237 ζῶσαν
2862 1175 2923 1228 οὐ
2963 1175 3134 1240 Θέλεις
3164 1174 3302 1232 εἶξαι
3332 1181 3429 1250 τὴν
3459 1182 3642 1235 εἰκόνα
3667 1183 3763 1235 τοῦ

2179 1260 2336 1325 Θεοῦ,
2365 1262 2484 1315 οὐδὲ
2509 1264 2692 1327 οὐσίας
2719 1266 2909 1319 οὐσίαν
2934 1269 3138 1331 εἰκόνα,
3163 1270 3282 1322 οὐδὲ
3314 1272 3512 1343 βουλῆς
3549 1276 3642 1328 καὶ
3669 1276 3762 1328 δυ·
3825 1300 3828 1303 ·

2181 1351 2398 1421 νάμεως
2448 1355 2543 1406 καὶ
2591 1355 2767 1426 δόξης,
2811 1355 3003 1430 βουλὴν
3056 1361 3148 1412 καὶ
3195 1361 3425 1432 δύναμιν
3469 1365 3564 1418 καὶ
3605 1366 3765 1430 δόξαν

2180 1444 2618 1515 ἀπαραλλάκτως
2649 1448 2852 1502 εἰκόνα.
2883 1450 2957 1503 Τὸ
3000 1450 3057 1503 δὲ
3105 1453 3540 1525 ἀπαραλλάκτως
3589 1461 3764 1512 εἰπεῖν

2180 1536 2278 1605 οὐχ
2309 1531 2439 1621 ὀἷόν
2492 1555 2546 1590 τι
2595 1541 2689 1592 καὶ
2717 1542 3049 1614 ἀγεννήτως,
3106 1545 3221 1598 ἀλλ’
3262 1548 3343 1602 ὅτι
3383 1550 3636 1615 ὲκτύπως
3672 1553 3767 1605 καὶ

2181 1627 2424 1699 ἀκριϐῶς
2453 1629 2812 1704 ώμοιωμένην
2843 1635 2978 1705 πρὸς
3007 1639 3278 1711 πατρικὴν
3319 1643 3626 1714 ἁγαθότητα
3671 1645 3768 1700 καὶ

2183 1718 2413 1792 θεότητα
2465 1725 2557 1776 καὶ
2622 1728 2803 1780 πᾶσαν
2856 1730 3155 1800 ἐνέργειαν.
3217 1737 3330 1788 Καὶ
3384 1738 3504 1807 μεθ’
3566 1739 3764 1810 ἓτερα’

2188 1819 2336 1874 Ἔδει
2369 1821 2426 1874 δέ
2477 1841 2559 1877 σοι
2607 1826 2776 1880 ἀλαλα
2802 1829 3094 1900 γενηθῆναι
3120 1831 3192 1885 τὰ
3235 1832 3389 1901 χείλη
3417 1831 3485 1884 τὰ
3503 1831 3672 1897 δόλια,
3701 1833 3771 1884 τὰ

497 1905 594 1960 sed
647 1904 780 1958 illud
816 1904 992 1958 solum
1028 1903 1338 1959 ostenditur
1360 1943 1374 1966 ,
1413 1903 1480 1958 ad
1521 1907 1761 1973 paternae
1793 1902 2076 1967 bonitatis,

2185 1914 2446 1969 λαλοῦντα
2476 1919 2620 1972 κατὰ
2650 1921 2744 1974 τοῦ
2773 1921 2910 1976 Θεοῦ
2945 1925 3157 1979 ἀδικίαν
3194 1928 3250 1978 ὲν
3281 1925 3656 1997 ὐπερηφανείᾳ
3676 1927 3770 1979 καὶ

497 2007 552 2054 et
587 1997 893 2052 divinitatis
916 2038 930 2061 ,
964 2005 1019 2052 et
1049 1996 1283 2052 actionis
1321 1997 1502 2052 omnis
1535 1998 1814 2066 exemplar
1843 1998 2082 2052 exactis-

497 2091 634 2143 sime
658 2085 1174 2160 absolutissimeque
1198 2099 1320 2141 esse
1345 2085 1491 2138 illam
1515 2097 1854 2153 expressam.
1880 2081 2084 2138 Deinde

498 2182 660 2251 paulo
703 2190 827 2250 post
867 2197 879 2233 ε
918 2177 1062 2232 Muta
1111 2188 1202 2232 tua
1239 2179 1328 2230 illa
1363 2193 1484 2231 esse
1525 2175 1714 2230 dolosa
1747 2176 1887 2230 labia
1916 2191 2082 2247 oporo

497 2275 667 2334 tebat,
699 2287 818 2341 qua!
856 2272 1167 2340 'loquuntnr
1205 2269 1467 2322 adversus
1510 2266 1679 2322 Deum
1715 2269 2075 2337 iujustitiam’

499 2382 623 2418 cum
676 2355 929 2435 superbia
979 2372 1031 2416 et
1065 2369 1404 2431 contemptu.
1453 2359 1667 2414 Etenim
1719 2360 1870 2416 solus
1902 2362 2079 2417 solum

499 2449 662 2509 Pater
691 2455 913 2508 unicum
958 2452 1155 2507 Filium
1202 2453 1388 2522 genuit
1420 2494 1434 2517 ,
1488 2453 1739 2522 quamvis
1773 2454 1998 2510 minime
2028 2455 2082 2510 id

500 2550 597 2602 tibi
636 2551 882 2619 p'aceat,
911 2548 997 2601 cui
1044 2545 1188 2599 aliud
1216 2545 1376 2599 modo
1409 2546 1583 2615 placet
1608 2586 1622 2605 ,
1665 2562 1846 2616 neque
1879 2563 2008 2602 vero
2052 2563 2082 2602 a

500 2643 741 2710 quodam
791 2639 1296 2693 Valentinianorum
1341 2653 1555 2692 aeonum
1599 2637 1870 2708 principio
1910 2637 2082 2696 Filius

2184 2005 2554 2073 ὲξουδενώσει.
2589 2013 2700 2065 Καὶ
2729 2014 2839 2086 γὰρ
2885 2017 3043 2087 μόνος
3078 2019 3239 2089 μόνον
3276 2019 3568 2090 ἐγέννησεν
3597 2021 3625 2070 ὁ
3654 2022 3768 2074 Πα-

2183 2100 2288 2170 τὴρ
2338 2101 2430 2154 τὸν
2477 2104 2781 2176 Μονογενῆ,
2819 2108 2923 2161 κᾶν
2971 2110 3036 2162 σὺ
3073 2111 3148 2180 μὴ
3187 2109 3390 2173 θέλεις,
3419 2109 3517 2163 νῦν
3545 2109 3673 2164 ἄλλο
3716 2128 3769 2163 τι

2184 2191 2373 2256 Θέλων,
2421 2195 2520 2248 οὐκ
2551 2197 2608 2264 ἐξ
2638 2199 2818 2263 αἰτίας
2860 2201 2968 2253 τῶν
3015 2201 3225 2255 αἰώνων
3265 2203 3618 2256 Οὐαλεντίνου
3672 2204 3772 2274 τὴν

2186 2281 2417 2353 πάροδον
2447 2284 2700 2352 λαϐόντος
2733 2290 2826 2342 τοῦ
2851 2290 3002 2356 Υἱοῦ,
3027 2291 3139 2345 ἀλλ’
3161 2293 3225 2345 ὲκ
3244 2293 3406 2362 μόνου
3436 2293 3645 2363 Πατρὸς
3673 2292 3771 2362 τὴν

2185 2373 2436 2444 γέννησιν
2467 2377 2702 2449 ἔχοντοςο
2753 2385 2849 2436 καὶ
2890 2385 3096 2449 τέλειος
3126 2386 3352 2439 τέλειον.
3398 2387 3610 2449 Ἀτελὲς
3663 2386 3772 2458 γὰρ

2183 2467 2336 2522 οὐδὲν
2385 2469 2444 2524 ὲν
2475 2474 2670 2545 Πατρίο
2705 2476 2788 2530 διὸ
2830 2477 2950 2530 οὐδὲ
2980 2481 3038 2530 ὲν
3082 2479 3217 2550 Υἰῷ,
3256 2480 3392 2534 ἀλλά
3423 2481 3522 2549 τῆς
3564 2479 3772 2531 ἐκείνου

2183 2559 2520 2632 τελειότητος
2576 2567 2672 2620 καὶ
2724 2569 3208 2643 ὑπερτελειότητος
3247 2573 3494 2642 γέννημα
3551 2571 3774 2641 γνήσιον

2181 2651 2276 2704 τοῦ
2315 2654 2444 2709 Υἰοῦ
2465 2657 2586 2712 τελε
2595 2660 2759 2732 ιότης.

500 2735 768 2805 Processu
791 2774 806 2796 ν
835 2736 928 2828 SE"
960 2748 988 2784 ³
1041 2732 1176 2828 soul
1207 2728 1364 2783 Ρδίτθ
1431 2729 1648 2828 ἥθηξξνξ
1685 2739 1812 2790 es“
1853 2731 1979 2828 ίιθξη
2036 2736 2310 2803 Perfectus
2362 2749 2664 2817 perfectum
2695 2728 2924 2825 genuit.
2958 2756 3102 2813 Nihil
3149 2759 3296 2813 enim
3366 2761 3508 2814 inest
3571 2759 3771 2828 imper-

501 2830 704 2883 fectum
755 2827 807 2878 in
867 2823 1029 2877 Patre
1074 2841 1086 2876 :
1131 2820 1252 2876 ideo
1299 2836 1398 2875 nec
1451 2822 1504 2874 in
1541 2816 1679 2876 Filio
1717 2830 1896 2892 potest
1929 2825 2144 2896 inesse,.
2167 2848 2292 2890 cum
2330 2816 2478 2896 illius
2509 2816 2904 2915 perfectionis,
2944 2866 3066 2920 qua:
3119 2853 3505 2924 perfectionem
3553 2816 3772 2906 omnem

501 2928 746 2990 superat,
772 2933 1064 2990 germanus
1099 2916 1240 2972 fetus
1281 2916 1352 2970 sit
1384 2913 1504 2968 Filii
1533 2917 1816 2986 perfectio.

573 3038 678 3093 Sed
709 3046 762 3092 et
793 3054 887 3092 rex
926 3052 1106 3107 regem
1137 3036 1344 3107 genuit.
1390 3035 1597 3092 Pietate
1625 3038 1825 3108 quippe
1849 3055 2084 3097 consen-

500 3141 719 3186 taneum
750 3138 870 3193 est,
905 3143 1136 3198 regnare
1177 3127 1380 3191 Deum,
1423 3142 1548 3181 cum
1603 3127 1821 3184 interim
1868 3135 2085 3203 genitus

501 3233 628 3278 ante
687 3222 885 3277 saecula
937 3219 1145 3282 Filius,
1187 3218 1442 3289 idemque
1488 3236 1587 3276 rex
1645 3236 1813 3292 regno
1858 3225 2084 3282 alterius

502 3315 806 3385 subjectus,
842 3329 935 3383 per
967 3325 1126 3382 quem
1157 3311 1330 3381 ipsius
1357 3327 1524 3383 regno
1553 3323 1748 3367 caetera
1777 3315 2083 3386 subjacent,

503 3410 812 3476 subjectum
853 3420 912 3460 se
941 3418 1062 3458 esse
1086 3411 1242 3472 grato
1281 3403 1467 3456 aniruo
1499 3401 1754 3459 fateatur.
1785 3406 1905 3460 Non
1941 3409 2085 3463 enim

502 3501 774 3572 privatum
802 3537 817 3560 ,
846 3496 943 3551 sed
971 3510 1153 3565 regem
1191 3495 1343 3548 illum
1373 3496 1562 3566 genuit
1589 3497 1738 3568 regni
1773 3499 1858 3553 sui
1893 3499 2083 3556 Pater:

503 3592 649 3663 quod
685 3605 862 3660 neque
897 3589 1162 3659 temporis
1219 3588 1376 3642 initio
1401 3627 1414 3650 ,
1449 3602 1627 3658 neque
1659 3591 1783 3646 vitm
1830 3593 1939 3648 fine
1982 3596 2089 3649 cir-

503 3684 898 3753 cumscriptum
927 3689 1035 3736 est.
1067 3680 1338 3746 Quoniam
1388 3684 1508 3752 ejus
1556 3684 1797 3754 dignitas
1845 3701 1955 3742 non
1991 3705 2087 3743 ex-

503 3778 779 3831 trinsecus
829 3775 1000 3828 ascita
1030 3808 1044 3836 ,
1102 3773 1197 3828 sed
1245 3781 1304 3828 ut
1331 3771 1386 3828 in
1417 3772 1610 3838 Patre,
1645 3791 1675 3828 a
1712 3789 1821 3846 quo
1871 3781 2087 3849 genitus

502 3880 622 3932 est,
658 3869 725 3923 ad
756 3869 1050 3923 essentiam
1102 3868 1276 3937 ipsam
1307 3870 1564 3938 pertinet.
1600 3869 1683 3925 Ob
1724 3870 1778 3925 id
1817 3875 2085 3944 scriptmn

504 3963 638 4018 illud
690 3969 811 4017 est:
849 3959 917 4014 Et
970 3962 1116 4031 regni
1164 3962 1310 4015 illius
1359 3979 1463 4016 non
1510 3963 1612 4016 erit
1645 3963 1836 4032 ﬁnis‘.
1886 3963 2086 4022 Eodem

505 4055 670 4109 modo
709 4063 762 4110 et
820 4053 1082 4108 Dominus
1116 4051 1404 4107 Dominum
1431 4096 1445 4118 ,
1484 4061 1533 4109 et
1582 4053 1729 4112 Deus
1762 4057 1929 4111 Deum
1954 4100 1968 4123 ,
2010 4063 2088 4115 uti

503 4161 607 4202 nos
638 4146 938 4201 asserimus
960 4185 974 4208 ,
1009 4146 1214 4215 genuit.
1246 4145 1460 4215 Atque,
1499 4155 1558 4200 ut
1593 4163 1703 4202 uno
1740 4149 1910 4204 verbo
1955 4153 2090 4206 defi-

504 4239 689 4304 niam,
739 4239 1030 4302 essentias,
1081 4237 1338 4300 consilii,
1376 4237 1594 4294 virtutis
1643 4250 1698 4294 et
1741 4242 1926 4310 gloriae
1979 4257 2086 4298 non

503 4339 711 4386 mutam
790 4344 853 4384 ac
914 4338 1186 4383 mortuam
1220 4330 1513 4400 imaginem
1559 4332 1652 4387 sed
1683 4338 1920 4389 essentia
1957 4351 2089 4390 con-

504 4417 854 4487 sultandique
902 4418 953 4471 vi
1009 4418 1288 4486 pmditam
1349 4434 1412 4473 ac
1473 4427 1745 4489 potentem
1793 4434 1841 4478 et
1880 4427 2090 4494 .glorio-

504 4522 624 4562 sam
673 4524 797 4564 esse
843 4506 1212 4562 defendimus.
1245 4507 1434 4563 Virtus
1467 4512 1612 4564 enim
1658 4514 2086 4572 imbecillitatem

503 4617 614 4656 non
649 4609 910 4670 generat,
944 4600 1038 4654 sed
1070 4601 1244 4670 ipsam
1285 4601 1452 4672 840
1502 4618 1598 4672 per
1641 4622 1762 4660 sese
1808 4608 2090 4664 virtutem:

502 4693 579 4747 ita
628 4694 801 4765 gloria
836 4708 946 4747 non
1001 4693 1394 4764 ignobilitatem
1426 4736 1440 4760 ,
1477 4696 1570 4750 sed
1605 4698 1866 4766 gloriam;
1903 4701 2091 4756 consi-

502 4789 637 4842 lium
671 4803 780 4842 non
815 4787 1034 4841 consilii
1068 4801 1264 4856 expers
1292 4787 1521 4856 aliquid,
1550 4789 1643 4842 sed
1672 4800 1726 4845 et
1751 4791 1927 4861 ipsum
1958 4807 2091 4848 con-

503 4880 729 4944 silium;
769 4877 1008 4934 ess'entia
1045 4878 1281 4949 denique
1332 4894 1440 4933 non
1494 4882 1732 4936 essentia
1771 4896 1967 4939 carens
1998 4886 2094 4939 ali-

502 4971 632 5040 quid
663 5010 676 5033 ,
723 4970 817 5024 sed
851 4969 1151 5024 essentiam
1201 4969 1392 5038 gignit.
1422 4970 1604 5036 Quare
1638 4971 1875 5027 Verbum
1907 4975 2086 5045 ipsum

503 5065 682 5134 imago
730 5061 874 5117 Dens
911 5070 1026 5121 est,
1083 5060 1386 5130 vivensque
1433 5063 1699 5132 sapientia
1758 5065 2086 5128 subsistens,

503 5156 742 5212 Verbum
773 5154 960 5210 ellicax
1010 5162 1065 5208 et
1103 5152 1274 5207 Filius
1298 5195 1312 5217 ,
1365 5153 1664 5224 eademque
1700 5155 1786 5208 illa
1821 5155 2086 5225 sapientia

503 5248 799 5303 essentiam
859 5247 1044 5301 habet.
1097 5243 1223 5300 Haec
1273 5246 1419 5300 enim
1459 5259 1542 5301 est
1599 5261 1704 5316 qua
1750 5262 1808 5303 se
1843 5248 2085 5316 quotidie

502 5341 647 5397 Deus
689 5341 1015 5405 oblectabat,
1059 5356 1183 5395 cum
1219 5341 1470 5395 absoluto
1503 5348 1771 5392 terrarum
1798 5341 1930 5394 orbe
1959 5356 2085 5411 gau-

502 5434 667 5488 debat
703 5435 743 5487 ³.
781 5433 911 5500 Quae
941 5433 1158 5503 quidem
1193 5432 1377 5487 omnia
1405 5447 1526 5486 cum
1557 5439 1637 5496 tu,
1673 5429 1948 5492 Marcelle,
1981 5449 2077 5487 co-

504 5542 620 5579 ram
679 5527 995 5581 hominibus
1047 5541 1253 5596 neges,
1316 5523 1537 5594 negabit
1588 5532 1640 5576 et
1697 5524 1785 5577 illa
1817 5533 1869 5577 te
1893 5541 2079 5579 coram

506 5617 699 5685 Patre,
730 5619 823 5690 qui
861 5619 915 5672 in
945 5619 1102 5673 caelis
1129 5626 1213 5681 est
1243 5619 1262 5649 "
1289 5637 1301 5680 :
1340 5617 1626 5698 negaueris
1665 5637 1792 5678 vero
1822 5629 2082 5694 praeterea

2263 3051 2372 3104 Καὶ
2405 3052 2657 3123 βασιλεὺς
2685 3058 2930 3128 βασιλέα.
2956 3061 3193 3126 Εὐσεϐὲς
3222 3062 3332 3136 γὰρ
3358 3063 3447 3117 τὸν
3473 3063 3605 3116 Θεὸν
3629 3065 3777 3136 βασι-

2191 3154 2389 3220 λεύειν,
2417 3157 2522 3228 πρὸ
2549 3158 2657 3211 τῶν
2708 3161 2918 3216 αἰώνων
2945 3164 3297 3235 γεννηθέντος
3348 3163 3443 3218 τοῦ
3480 3165 3632 3231 Υἰοῦ,
3681 3169 3776 3220 καὶ

2114 3265 2159 3326 C
2193 3247 2606 3322 βασιλευομένου
2639 3251 2923 3323 βασιλέως,
2959 3256 3025 3310 δι’
3076 3253 3137 3312 οῦ
3169 3258 3260 3311 καὶ
3312 3259 3380 3312 τὰ
3429 3259 3590 3313 λοιπά
3619 3259 3772 3330 βασι-

2187 3349 2426 3414 λεύεται,
2481 3352 2824 3425 εὐχαρίστως
2875 3345 3266 3427 ὁμολογοῦντος
3325 3360 3425 3431 τὴν
3471 3362 3772 3430 ὐποταγήν.

2188 3453 2302 3505 Οὐκ
2330 3452 2544 3524 ἰδιώτην
2574 3442 2717 3528 γὰρ,
2736 3456 2872 3512 ἀλλά
2905 3457 3128 3528 βασιλέα
3173 3463 3504 3534 γεγέννηκεν
3525 3467 3552 3516 ὁ
3585 3466 3776 3536 Πατὴρ

2187 3544 2286 3615 τῆς
2312 3543 2592 3613 βασιλείας
2619 3547 2808 3614 αὐτοῦ,
2839 3548 2962 3604 οὔτε
2987 3552 3162 3625 ἀρχὴν
3196 3554 3438 3626 ἡμερῶν,
3474 3554 3598 3608 οὔτε
3630 3556 3774 3628 ζωῆς

2188 3632 2339 3698 τέλος
2372 3634 2620 3706 ἐχούσης.
2661 3639 2736 3691 Οὐ
2764 3639 2872 3712 γὰρ
2907 3640 3105 3707 ἔξωθεν
3135 3643 3198 3696 τὸ
3219 3643 3457 3715 ἀξίωμα,
3478 3647 3558 3710 εἰς
3587 3646 3776 3700 οὐσίαν

2188 3731 2244 3786 δὲ
2271 3733 2421 3806 αὐτῷ
2458 3738 2723 3803 συντελεῖ,
2753 3741 2958 3811 ὁμοίως
2989 3743 3166 3814 Πατρὶ
3189 3746 3535 3817 γεννήσαντι.
3564 3747 3656 3800 Διὸ
3679 3750 3775 3803 καὶ

2189 3838 2498 3909 γέγραπται
2520 3840 2601 3907 τὸ,
2640 3842 2747 3895 Καὶ
2775 3841 2885 3910 τῆς
2907 3843 3231 3910 ,ϐασιλείας
3260 3847 3446 3901 αὑτοῦ
3463 3850 3574 3902 οὐκ
3606 3850 3777 3904 ἔσται

2188 3931 2385 3996 τέλος.
2419 3931 2607 3997 Οὕτως
2629 3934 2684 3987 δὲ
2732 3935 2826 3987 καὶ
2865 3935 3068 4005 Κύριος
3097 3936 3319 4008 Κύριον,
3350 3939 3445 3992 καὶ
3465 3939 3594 4004 Θεὸς
3642 3941 3776 3995 Θεὸν

2189 4021 2385 4091 γεννᾷν
2423 4021 2552 4092 παρ’
2593 4023 2749 4093 ἡμῶν
2796 4023 3164 4096 ὡμολόγηται.
3201 4029 3312 4081 Καὶ
3345 4030 3533 4094 ἁπλῶς
3575 4034 3772 4098 εἰπεῖν,

2188 4112 2378 4176 οὐσίας
2425 4115 2519 4167 καὶ
2567 4113 2760 4184 βουλῆς
2805 4117 2899 4169 καὶ
2945 4117 3224 4189 δυνάμεως
3259 4122 3353 4174 καὶ
3385 4122 3543 4193 δόξης
3589 4125 3774 4179 εἰκόνα

2189 4216 2418 4289 λέγομεν
2465 4221 2564 4272 οὐκ
2612 4220 2816 4291 ἄψυχον
2867 4223 2961 4276 καὶ
3003 4225 3221 4296 νεκράν,
3276 4225 3392 4279 ἀλλ’
3421 4225 3652 4299 οὐσιώδη
3680 4229 3775 4283 καὶ

2191 4314 2516 4387 βουλητικὴν
2552 4319 2646 4371 καὶ
2679 4319 2913 4391 δυνατὴν
2960 4324 3054 4376 καὶ
3094 4324 3324 4393 ἔνδοξον.
3379 4329 3618 4401 Δύναμις
3667 4332 3776 4404 γάρ

2189 4409 2290 4461 οὐκ
2335 4409 2636 4480 ἀδυναμίαν
2670 4415 2856 4484 γεννᾷ,
2890 4414 3026 4468 ἀλλά
3061 4418 3442 4492 αὐτοδύναμιν·
3500 4426 3598 4479 καὶ
3648 4427 3775 4493 δόξα

2189 4501 2291 4554 οὐκ
2329 4501 2545 4566 ἀδοξίαν
2587 4506 2774 4575 γεννᾷ,
2822 4505 2959 4561 άλλά
2998 4509 3310 4575 αὐτοδόξαν·
3343 4515 3437 4567 καὶ
3471 4515 3633 4589 βουλὴ
3677 4520 3776 4572 οὐκ

2188 4592 2446 4645 ἀϐουλίαν
2479 4597 2664 4667 γεννᾷ,
2711 4597 2850 4650 ἀλλὰ
2898 4599 3249 4674 αὐτοδουλήνο
3303 4606 3397 4658 καὶ
3423 4607 3581 4661 οὐσία
3619 4610 3679 4662 οὐ
3711 4610 3777 4663 τὸ

2195 4681 2480 4755 δμοούσιον
2510 4689 2554 4756 ³,
2585 4688 2722 4742 άλλά
2749 4690 3083 4747 αὐτοούσιον.
3124 4695 3302 4750 Εἰκὼν
3318 4699 3425 4770 ἄρα
3455 4702 3602 4757 ἐστὶν
3626 4704 3654 4756 6
3682 4704 3780 4756 A6-

2195 4793 2292 4846 γος
2327 4780 2480 4845 Θεὸς,
2511 4781 2660 4845 ζῶσα
2711 4785 2871 4853 σοφία
2918 4785 3274 4860 ὑποστατικὴ,
3307 4791 3478 4861 Λόγος
3525 4797 3775 4868 ἐνεργὴς,

2196 4873 2292 4925 καὶ
2319 4871 2469 4936 Υἱὸς,
2493 4872 2632 4944 αὐτη
2685 4877 3015 4949 οὐσιωμένη.
3060 4880 3207 4953 Αὕτη
3238 4883 3347 4956 γὰρ
3446 4888 3776 4962 προσέχαιρε

2196 4965 2319 5018 καθ’
2347 4967 2559 5038 ἡμέραν
2593 4970 2621 5022 ὁ
2653 4969 2806 5032 Θεὸς.
2835 4972 2924 5025 ὅτε
2964 4973 3287 5046 εὐφραίνετο
3327 4981 3424 5053 τὴν
3452 4985 3778 5056 οἰκουμένην

2197 5057 2541 5148 συντελέσας.
2573 5061 2644 5112 Σὺ
2670 5060 2748 5127 δὲ,
2784 5063 3094 5136 Μάρκελλε,
3127 5069 3295 5123 ταῦτα
3331 5075 3664 5146 ἀρνούμενος
3686 5078 3782 5148 Ep.-

2195 5145 2431 5238 πρόσθεν
2475 5148 2583 5202 τῶν
2628 5152 2954 5224 ἀνθρώπων,
2995 5158 3278 5234 ἀρνηθήσῃ
3318 5165 3417 5232 μὲν
3461 5145 3553 5219 ὑπ’
3607 5145 3778 5238 αὐτῆς

2192 5237 2408 5307 ἐκείνης
2449 5238 2758 5311 ἔμπροσθεν
2785 5245 2881 5298 τοῦ
2914 5248 3128 5319 Πατρὸς
3152 5250 3246 5304 τοῦ
3271 5254 3330 5306 ὲν
3360 5258 3474 5320 τοῖς
3507 5237 3776 5332 οὐρανοῖς,

2191 5339 2474 5435 ἀ-ρνηθήσῃ
2495 5343 2551 5397 δὲ
2581 5347 2675 5398 καὶ
2699 5347 3009 5420 ἔμπροσθεν
3031 5353 3131 5424 τῆς
3165 5355 3494 5430 Ἐκκλησίας
3529 5364 3630 5435 τῆς
3673 5368 3779 5421 ὐπὸ

2189 5433 2282 5532 τὸν
2306 5436 2532 5506 οὐρανὸν
2570 5442 2887 5515 γραφούσης
2936 5447 3064 5518 περὶ
3112 5448 3206 5502 σοῦ
3246 5456 3522 5526 πανταχοῦ
3565 5433 3634 5530 τῇ
3682 5463 3776 5532 γῇ’

2193 5529 2410 5582 ’Ἄκουε
2431 5531 2625 5601 Λόγον
2648 5537 2889 5603 Κυρίου.
2907 5540 3158 5609 Γράψον
3188 5544 3296 5598 τὸν
3324 5547 3515 5617 ἄνδρα
3541 5529 3788 5619 τονῦτοείλ,⁵

2191 5621 2565 5690 ἐκκήρυκτον
2597 5627 2930 5695 ἄνθρωπον·
2967 5633 3057 5688 ὅτι
3085 5638 3158 5690 οὐ
3177 5638 3266 5709 μὴ
3301 5643 3542 5715 αὐξηθῇ
3576 5647 3645 5702 ἐκ
3671 5649 3779 5705 τοῦ

579 5848 599 5883 ί
622 5847 762 5904 Psal.
797 5866 924 5914 xxx,
955 5850 1038 5905 l9.
1099 5821 1135 5882 "
1166 5850 1298 5906 Luc.
1327 5867 1366 5918 ι,
1395 5852 1483 5904 ³55.
1562 5851 1580 5880 ³
1622 5847 1783 5904 Prov.
1809 5864 1929 5913 vm,
1966 5847 2052 5902 30.

2193 5848 2380 5908 Matth.
2421 5862 2473 5910 x,
2504 5848 2590 5903 33.
2669 5852 2688 5883 ⁸
2719 5851 2779 5908 F.
2809 5855 3090 5920 ὡσαύτως.
3169 5862 3190 5892 ⁸
3221 5862 3344 5918 Cor.
3374 5867 3643 5930 άνούσιον.
