  <div class='ocr_page' id='page_1' title='image "/cluster/home/n/w/nwhite01/storage/ocr_20150623/42/nnc1.0046978682/222.png"; bbox 0 0 4134 6386; ppageno 0'>
   <div class='ocr_carea' id='block_1_1' title="bbox 377 357 484 414">
    <p class='ocr_par' dir='ltr' id='par_1_1' title="bbox 377 357 484 414">
     <span class='ocr_line' id='line_1_1' title="bbox 377 357 484 414; baseline 0 -1"><span class='ocrx_word' id='word_1_1' title='bbox 377 357 484 414; x_wconf 70' lang='lat'><strong>593</strong></span> 
     </span>
    </p>
   </div>
   <div class='ocr_carea' id='block_1_2' title="bbox 1024 347 1961 412">
    <p class='ocr_par' dir='ltr' id='par_1_2' title="bbox 1024 348 1948 407">
     <span class='ocr_line' id='line_1_2' title="bbox 1024 348 1948 407; baseline -0.004 -2"><span class='ocrx_word' id='word_1_2' title='bbox 1024 349 1399 406; x_wconf 78' lang='lat' dir='ltr'><strong>ADVERSUS</strong></span> <span class='ocrx_word' id='word_1_3' title='bbox 1440 349 1783 407; x_wconf 41' lang='lat' dir='ltr'><strong>I‘MERESES</strong></span> <span class='ocrx_word' id='word_1_4' title='bbox 1823 348 1948 403; x_wconf 80' lang='lat' dir='ltr'><strong>LIB.</strong></span> 
     </span>
    </p>
   </div>
   <div class='ocr_carea' id='block_1_3' title="bbox 2064 347 3641 412">
    <p class='ocr_par' dir='ltr' id='par_1_3' title="bbox 2067 347 3641 412">
     <span class='ocr_line' id='line_1_3' title="bbox 2067 347 3641 412; baseline 0.007 -11"><span class='ocrx_word' id='word_1_5' title='bbox 2067 389 2080 402; x_wconf 95' lang='lat'><strong>.</strong></span> <span class='ocrx_word' id='word_1_6' title='bbox 2122 348 2286 403; x_wconf 77' lang='lat' dir='ltr'><strong>TOM.</strong></span> <span class='ocrx_word' id='word_1_7' title='bbox 2327 347 2366 403; x_wconf 79' lang='lat' dir='ltr'><strong>l.</strong></span> <span class='ocrx_word' id='word_1_8' title='bbox 2410 381 2478 389; x_wconf 98' lang='lat'>—</span> <span class='ocrx_word' id='word_1_9' title='bbox 2517 348 2793 406; x_wconf 63' lang='lat' dir='ltr'><strong>HAERES.</strong></span> <span class='ocrx_word' id='word_1_10' title='bbox 2834 350 3042 408; x_wconf 77' lang='lat' dir='ltr'><strong>LXXII.</strong></span> <span class='ocrx_word' id='word_1_11' title='bbox 3537 358 3641 412; x_wconf 68' lang='lat'><strong>394</strong></span> 
     </span>
    </p>
   </div>
   <div class='ocr_carea' id='block_1_4' title="bbox 377 469 1961 547">
    <p class='ocr_par' dir='ltr' id='par_1_4' title="bbox 377 469 1960 543">
     <span class='ocr_line' id='line_1_4' title="bbox 377 469 1960 543; baseline -0.006 -11"><span class='ocrx_word' id='word_1_12' title='bbox 377 474 723 543; x_wconf 79' lang='grc' dir='ltr'>σπέρματος</span> <span class='ocrx_word' id='word_1_13' title='bbox 765 469 956 525; x_wconf 77' lang='grc' dir='ltr'>αὐτοῦ</span> <span class='ocrx_word' id='word_1_14' title='bbox 999 469 1310 539; x_wconf 76' lang='grc' dir='ltr'>ἀρχωνέτι</span> <span class='ocrx_word' id='word_1_15' title='bbox 1353 471 1421 524; x_wconf 82' lang='grc' dir='ltr'>ἐν</span> <span class='ocrx_word' id='word_1_16' title='bbox 1467 470 1546 535; x_wconf 82' lang='grc' dir='ltr'>τῷ</span> <span class='ocrx_word' id='word_1_17' title='bbox 1589 470 1795 536; x_wconf 77' lang='grc' dir='ltr'><strong>Ἰούδᾳ,</strong></span> <span class='ocrx_word' id='word_1_18' title='bbox 1821 472 1960 523; x_wconf 83' lang='grc' dir='ltr'>καθ-</span> 
     </span>
    </p>
   </div>
   <div class='ocr_carea' id='block_1_5' title="bbox 2064 469 3637 547">
    <p class='ocr_par' dir='ltr' id='par_1_5' title="bbox 2065 469 3637 547">
     <span class='ocr_line' id='line_1_5' title="bbox 2065 469 3637 547; baseline 0.009 -24"><span class='ocrx_word' id='word_1_19' title='bbox 2065 477 2118 523; x_wconf 90' lang='lat' dir='ltr'><strong>et</strong></span> <span class='ocrx_word' id='word_1_20' title='bbox 2149 484 2336 523; x_wconf 84' lang='lat' dir='ltr'><strong>coram</strong></span> <span class='ocrx_word' id='word_1_21' title='bbox 2370 469 2636 536; x_wconf 86' lang='lat' dir='ltr'><strong>Ecclesia,</strong></span> <span class='ocrx_word' id='word_1_22' title='bbox 2664 488 2787 543; x_wconf 72' lang='lat' dir='ltr'><strong>quae</strong></span> <span class='ocrx_word' id='word_1_23' title='bbox 2816 474 2918 529; x_wconf 89' lang='lat' dir='ltr'><strong>sub</strong></span> <span class='ocrx_word' id='word_1_24' title='bbox 2946 476 3087 530; x_wconf 77' lang='lat' dir='ltr'><strong>ccelo</strong></span> <span class='ocrx_word' id='word_1_25' title='bbox 3115 483 3201 532; x_wconf 86' lang='lat' dir='ltr'><strong>cst</strong></span> <span class='ocrx_word' id='word_1_26' title='bbox 3235 517 3250 540; x_wconf 97' lang='lat'><strong>,</strong></span> <span class='ocrx_word' id='word_1_27' title='bbox 3281 493 3402 546; x_wconf 69' lang='lat' dir='ltr'><strong>quae</strong></span> <span class='ocrx_word' id='word_1_28' title='bbox 3440 479 3637 547; x_wconf 76' lang='lat' dir='ltr'><strong>ubiqu</strong></span> 
     </span>
    </p>
   </div>
   <div class='ocr_carea' id='block_1_6' title="bbox 374 549 1248 638">
    <p class='ocr_par' dir='ltr' id='par_1_6' title="bbox 374 549 1248 638">
     <span class='ocr_line' id='line_1_6' title="bbox 374 549 1248 638; baseline -0.007 -16"><span class='ocrx_word' id='word_1_29' title='bbox 374 571 598 638; x_wconf 73' lang='grc' dir='ltr'>ήμενος</span> <span class='ocrx_word' id='word_1_30' title='bbox 617 565 714 620; x_wconf 78' lang='grc' dir='ltr'><strong>ἐπὶ</strong></span> <span class='ocrx_word' id='word_1_31' title='bbox 737 549 963 632; x_wconf 62' lang='grc' dir='ltr'>θρόνού</span> <span class='ocrx_word' id='word_1_32' title='bbox 983 564 1181 618; x_wconf 82' lang='grc' dir='ltr'><strong>Δαϐίδ.</strong></span> <span class='ocrx_word' id='word_1_33' title='bbox 1229 582 1248 615; x_wconf 74' lang='grc' dir='ltr'><strong>ι</strong></span> 
     </span>
    </p>
   </div>
   <div class='ocr_carea' id='block_1_7' title="bbox 2077 562 3637 625">
    <p class='ocr_par' dir='ltr' id='par_1_7' title="bbox 2077 562 3637 625">
     <span class='ocr_line' id='line_1_7' title="bbox 2077 562 3637 625; baseline 0.006 -9"><span class='ocrx_word' id='word_1_34' title='bbox 2077 570 2349 616; x_wconf 86' lang='lat' dir='ltr'><strong>terrarum</strong></span> <span class='ocrx_word' id='word_1_35' title='bbox 2414 562 2482 617; x_wconf 87' lang='lat' dir='ltr'><strong>de</strong></span> <span class='ocrx_word' id='word_1_36' title='bbox 2546 572 2600 617; x_wconf 87' lang='lat' dir='ltr'><strong>te</strong></span> <span class='ocrx_word' id='word_1_37' title='bbox 2654 566 2889 620; x_wconf 77' lang='lat' dir='ltr'><strong>scribit:</strong></span> <span class='ocrx_word' id='word_1_38' title='bbox 2949 567 3089 621; x_wconf 79' lang='lat' dir='ltr'><strong>Audi</strong></span> <span class='ocrx_word' id='word_1_39' title='bbox 3140 569 3350 624; x_wconf 78' lang='lat' dir='ltr'><strong>verbum</strong></span> <span class='ocrx_word' id='word_1_40' title='bbox 3393 571 3637 625; x_wconf 80' lang='lat' dir='ltr'><strong>Domini.</strong></span> 
     </span>
    </p>
   </div>
   <div class='ocr_carea' id='block_1_8' title="bbox 376 659 3641 732">
    <p class='ocr_par' dir='ltr' id='par_1_8' title="bbox 376 659 3641 732">
     <span class='ocr_line' id='line_1_8' title="bbox 376 659 3641 732; baseline -0 -12"><span class='ocrx_word' id='word_1_41' title='bbox 376 663 561 720; x_wconf 76' lang='lat' dir='ltr'><strong>Scribe</strong></span> <span class='ocrx_word' id='word_1_42' title='bbox 597 664 767 717; x_wconf 82' lang='lat' dir='ltr'><strong>virum</strong></span> <span class='ocrx_word' id='word_1_43' title='bbox 823 660 960 714; x_wconf 85' lang='lat' dir='ltr'><strong>hunc</strong></span> <span class='ocrx_word' id='word_1_44' title='bbox 1015 659 1319 714; x_wconf 81' lang='lat' dir='ltr'><strong>abdicatum</strong></span> <span class='ocrx_word' id='word_1_45' title='bbox 1355 659 1658 722; x_wconf 83' lang='lat' dir='ltr'><strong>hominem;</strong></span> <span class='ocrx_word' id='word_1_46' title='bbox 1708 660 1957 729; x_wconf 83' lang='lat' dir='ltr'><strong>quoniam</strong></span> <span class='ocrx_word' id='word_1_47' title='bbox 1998 674 2102 712; x_wconf 86' lang='lat' dir='ltr'><strong>non</strong></span> <span class='ocrx_word' id='word_1_48' title='bbox 2135 666 2329 712; x_wconf 74' lang='lat' dir='ltr'><strong>crescet</strong></span> <span class='ocrx_word' id='word_1_49' title='bbox 2356 673 2422 710; x_wconf 81' lang='lat' dir='ltr'><strong>ea:</strong></span> <span class='ocrx_word' id='word_1_50' title='bbox 2453 660 2565 726; x_wconf 83' lang='lat' dir='ltr'><strong>ejus</strong></span> <span class='ocrx_word' id='word_1_51' title='bbox 2597 661 2790 714; x_wconf 82' lang='lat' dir='ltr'><strong>semine</strong></span> <span class='ocrx_word' id='word_1_52' title='bbox 2812 661 3054 730; x_wconf 78' lang='lat' dir='ltr'><strong>princeps</strong></span> <span class='ocrx_word' id='word_1_53' title='bbox 3089 661 3317 732; x_wconf 78' lang='lat' dir='ltr'><strong>amplius</strong></span> <span class='ocrx_word' id='word_1_54' title='bbox 3369 667 3425 717; x_wconf 85' lang='lat' dir='ltr'><strong>in</strong></span> <span class='ocrx_word' id='word_1_55' title='bbox 3474 664 3641 730; x_wconf 82' lang='lat' dir='ltr'><strong>Juda,</strong></span> 
     </span>
    </p>
   </div>
   <div class='ocr_carea' id='block_1_9' title="bbox 375 751 1198 810">
    <p class='ocr_par' dir='ltr' id='par_1_9' title="bbox 375 751 1198 810">
     <span class='ocr_line' id='line_1_9' title="bbox 375 751 1198 810; baseline -0.009 0"><span class='ocrx_word' id='word_1_56' title='bbox 375 756 560 810; x_wconf 78' lang='lat' dir='ltr'><strong>sedens</strong></span> <span class='ocrx_word' id='word_1_57' title='bbox 597 755 652 807; x_wconf 80' lang='lat' dir='ltr'><strong>in</strong></span> <span class='ocrx_word' id='word_1_58' title='bbox 685 755 874 807; x_wconf 83' lang='lat' dir='ltr'><strong>throno</strong></span> <span class='ocrx_word' id='word_1_59' title='bbox 917 751 1086 806; x_wconf 78' lang='lat' dir='ltr'><strong>Dauid</strong></span> <span class='ocrx_word' id='word_1_60' title='bbox 1114 755 1154 804; x_wconf 83' lang='grc'><strong>³.</strong></span> <span class='ocrx_word' id='word_1_61' title='bbox 1180 771 1198 803; x_wconf 76' lang='grc' dir='ltr'><strong><em>ο</em></strong></span> 
     </span>
    </p>
   </div>
   <div class='ocr_carea' id='block_1_10' title="bbox 444 841 1960 915">
    <p class='ocr_par' dir='ltr' id='par_1_10' title="bbox 444 841 1960 915">
     <span class='ocr_line' id='line_1_10' title="bbox 444 841 1960 915; baseline -0.004 -17"><span class='ocrx_word' id='word_1_62' title='bbox 444 844 526 898; x_wconf 80' lang='grc' dir='ltr'><strong>Η’.</strong></span> <span class='ocrx_word' id='word_1_63' title='bbox 562 846 674 899; x_wconf 82' lang='grc' dir='ltr'><strong>Καὶ</strong></span> <span class='ocrx_word' id='word_1_64' title='bbox 727 844 848 915; x_wconf 78' lang='grc' dir='ltr'><strong>μεθ’</strong></span> <span class='ocrx_word' id='word_1_65' title='bbox 876 844 1067 914; x_wconf 70' lang='grc' dir='ltr'>ἕτερα,</span> <span class='ocrx_word' id='word_1_66' title='bbox 1121 841 1596 915; x_wconf 85' lang='grc' dir='ltr'>μνημονεύσαντος</span> <span class='ocrx_word' id='word_1_67' title='bbox 1637 841 1960 914; x_wconf 74' lang='grc' dir='ltr'><strong>Μαρκέλλου</strong></span> 
     </span>
    </p>
   </div>
   <div class='ocr_carea' id='block_1_11' title="bbox 373 936 1548 1009">
    <p class='ocr_par' dir='ltr' id='par_1_11' title="bbox 373 936 1548 1009">
     <span class='ocr_line' id='line_1_11' title="bbox 373 936 1548 1009; baseline -0.001 -19"><span class='ocrx_word' id='word_1_68' title='bbox 373 937 484 992; x_wconf 90' lang='grc' dir='ltr'><strong>τῶν</strong></span> <span class='ocrx_word' id='word_1_69' title='bbox 520 938 800 1009; x_wconf 84' lang='grc' dir='ltr'>’Δστερίου</span> <span class='ocrx_word' id='word_1_70' title='bbox 838 937 1039 1008; x_wconf 80' lang='grc' dir='ltr'><strong>ῥητῶν,</strong></span> <span class='ocrx_word' id='word_1_71' title='bbox 1077 937 1328 1006; x_wconf 78' lang='grc' dir='ltr'><strong>ἐπιφέρει</strong></span> <span class='ocrx_word' id='word_1_72' title='bbox 1352 936 1548 1004; x_wconf 82' lang='grc' dir='ltr'>λέγων’</span> 
     </span>
    </p>
   </div>
   <div class='ocr_carea' id='block_1_12' title="bbox 451 1024 1964 1101">
    <p class='ocr_par' dir='ltr' id='par_1_12' title="bbox 451 1024 1964 1101">
     <span class='ocr_line' id='line_1_12' title="bbox 451 1024 1964 1101; baseline 0.001 -20"><span class='ocrx_word' id='word_1_73' title='bbox 451 1047 472 1081; x_wconf 77' lang='grc' dir='ltr'><strong>ι</strong></span> <span class='ocrx_word' id='word_1_74' title='bbox 507 1029 633 1094; x_wconf 78' lang='grc' dir='ltr'>Θεὶς</span> <span class='ocrx_word' id='word_1_75' title='bbox 659 1024 753 1083; x_wconf 80' lang='grc' dir='ltr'><strong>οὖν</strong></span> <span class='ocrx_word' id='word_1_76' title='bbox 780 1029 976 1094; x_wconf 88' lang='grc' dir='ltr'>ταῦτα,</span> <span class='ocrx_word' id='word_1_77' title='bbox 1015 1029 1110 1082; x_wconf 77' lang='grc' dir='ltr'>καὶ</span> <span class='ocrx_word' id='word_1_78' title='bbox 1139 1030 1332 1101; x_wconf 82' lang='grc' dir='ltr'>χωρῶν</span> <span class='ocrx_word' id='word_1_79' title='bbox 1356 1033 1423 1101; x_wconf 76' lang='grc' dir='ltr'>τῇ</span> <span class='ocrx_word' id='word_1_80' title='bbox 1457 1030 1682 1100; x_wconf 84' lang='grc' dir='ltr'><strong>ἀρνήσει</strong></span> <span class='ocrx_word' id='word_1_81' title='bbox 1707 1029 1964 1100; x_wconf 75' lang='grc' dir='ltr'><strong>Σωτῆρος</strong></span> 
     </span>
    </p>
   </div>
   <div class='ocr_carea' id='block_1_13' title="bbox 373 1119 1963 1193">
    <p class='ocr_par' dir='ltr' id='par_1_13' title="bbox 373 1119 1963 1193">
     <span class='ocr_line' id='line_1_13' title="bbox 373 1119 1963 1193; baseline 0.001 -19"><span class='ocrx_word' id='word_1_82' title='bbox 373 1119 532 1190; x_wconf 78' lang='grc' dir='ltr'>ἡμῶν</span> <span class='ocrx_word' id='word_1_83' title='bbox 572 1121 782 1185; x_wconf 78' lang='grc' dir='ltr'><strong>εἰκόνος</strong></span> <span class='ocrx_word' id='word_1_84' title='bbox 807 1123 902 1176; x_wconf 74' lang='grc' dir='ltr'><strong>καὶ</strong></span> <span class='ocrx_word' id='word_1_85' title='bbox 928 1122 1139 1187; x_wconf 81' lang='grc' dir='ltr'><strong>οὐσίας,</strong></span> <span class='ocrx_word' id='word_1_86' title='bbox 1170 1123 1263 1176; x_wconf 75' lang='grc' dir='ltr'>καὶ</span> <span class='ocrx_word' id='word_1_87' title='bbox 1295 1124 1392 1193; x_wconf 87' lang='grc' dir='ltr'>τῆς</span> <span class='ocrx_word' id='word_1_88' title='bbox 1433 1121 1752 1192; x_wconf 83' lang='grc' dir='ltr'>μονογενοῦς</span> <span class='ocrx_word' id='word_1_89' title='bbox 1786 1123 1963 1191; x_wconf 84' lang='grc' dir='ltr'>υίότη-</span> 
     </span>
    </p>
   </div>
   <div class='ocr_carea' id='block_1_14' title="bbox 373 1214 1959 1286">
    <p class='ocr_par' dir='ltr' id='par_1_14' title="bbox 373 1214 1959 1286">
     <span class='ocr_line' id='line_1_14' title="bbox 373 1214 1959 1286; baseline 0.001 -19"><span class='ocrx_word' id='word_1_90' title='bbox 373 1231 466 1278; x_wconf 89' lang='grc' dir='ltr'><strong>τος</strong></span> <span class='ocrx_word' id='word_1_91' title='bbox 496 1215 562 1268; x_wconf 83' lang='grc' dir='ltr'><strong>ἐκ</strong></span> <span class='ocrx_word' id='word_1_92' title='bbox 589 1215 822 1286; x_wconf 84' lang='grc' dir='ltr'>Πατρὸς,</span> <span class='ocrx_word' id='word_1_93' title='bbox 846 1215 942 1268; x_wconf 75' lang='grc' dir='ltr'><strong>καὶ</strong></span> <span class='ocrx_word' id='word_1_94' title='bbox 971 1214 1083 1269; x_wconf 88' lang='grc' dir='ltr'><strong>τῶν</strong></span> <span class='ocrx_word' id='word_1_95' title='bbox 1102 1215 1486 1286; x_wconf 85' lang='grc' dir='ltr'>πρωτοτοκίων</span> <span class='ocrx_word' id='word_1_96' title='bbox 1505 1216 1684 1286; x_wconf 81' lang='grc' dir='ltr'>πάσης</span> <span class='ocrx_word' id='word_1_97' title='bbox 1708 1215 1959 1282; x_wconf 81' lang='grc' dir='ltr'><strong>κτίσεως,</strong></span> 
     </span>
    </p>
   </div>
   <div class='ocr_carea' id='block_1_15' title="bbox 376 1303 1966 1377">
    <p class='ocr_par' dir='ltr' id='par_1_15' title="bbox 376 1303 1966 1377">
     <span class='ocr_line' id='line_1_15' title="bbox 376 1303 1966 1377; baseline 0.001 -18"><span class='ocrx_word' id='word_1_98' title='bbox 376 1303 592 1375; x_wconf 73' lang='grc' dir='ltr'>καὶτῆς</span> <span class='ocrx_word' id='word_1_99' title='bbox 618 1306 683 1359; x_wconf 70' lang='grc' dir='ltr'>ἐκ</span> <span class='ocrx_word' id='word_1_100' title='bbox 720 1306 1042 1377; x_wconf 81' lang='grc' dir='ltr'>μονογενοῦς</span> <span class='ocrx_word' id='word_1_101' title='bbox 1070 1307 1385 1377; x_wconf 83' lang='grc' dir='ltr'>μονότητος,</span> <span class='ocrx_word' id='word_1_102' title='bbox 1424 1307 1519 1360; x_wconf 69' lang='grc' dir='ltr'>καὶ</span> <span class='ocrx_word' id='word_1_103' title='bbox 1542 1308 1640 1377; x_wconf 82' lang='grc' dir='ltr'>τῆς</span> <span class='ocrx_word' id='word_1_104' title='bbox 1661 1308 1726 1360; x_wconf 78' lang='grc' dir='ltr'>ὲκ</span> <span class='ocrx_word' id='word_1_105' title='bbox 1756 1307 1966 1360; x_wconf 82' lang='grc' dir='ltr'>τελείου</span> 
     </span>
    </p>
   </div>
   <div class='ocr_carea' id='block_1_16' title="bbox 373 1393 1966 1481">
    <p class='ocr_par' dir='ltr' id='par_1_16' title="bbox 373 1393 1966 1481">
     <span class='ocr_line' id='line_1_16' title="bbox 373 1393 1966 1481; baseline 0.001 -33"><span class='ocrx_word' id='word_1_106' title='bbox 373 1393 733 1466; x_wconf 80' lang='grc' dir='ltr'>τελειότητος,</span> <span class='ocrx_word' id='word_1_107' title='bbox 766 1398 860 1451; x_wconf 78' lang='grc' dir='ltr'>καὶ</span> <span class='ocrx_word' id='word_1_108' title='bbox 895 1396 996 1468; x_wconf 86' lang='grc' dir='ltr'>τῆς</span> <span class='ocrx_word' id='word_1_109' title='bbox 1023 1399 1088 1451; x_wconf 82' lang='grc' dir='ltr'>ὲκ</span> <span class='ocrx_word' id='word_1_110' title='bbox 1112 1397 1377 1467; x_wconf 85' lang='grc' dir='ltr'>βασιλέως</span> <span class='ocrx_word' id='word_1_111' title='bbox 1412 1398 1706 1481; x_wconf 75' lang='grc' dir='ltr'><strong>βασιλείας,</strong></span> <span class='ocrx_word' id='word_1_112' title='bbox 1743 1398 1839 1452; x_wconf 78' lang='grc' dir='ltr'>καὶ</span> <span class='ocrx_word' id='word_1_113' title='bbox 1862 1397 1966 1467; x_wconf 78' lang='grc' dir='ltr'>τῆς</span> 
     </span>
    </p>
   </div>
   <div class='ocr_carea' id='block_1_17' title="bbox 376 1485 1966 1558">
    <p class='ocr_par' dir='ltr' id='par_1_17' title="bbox 376 1485 1966 1558">
     <span class='ocr_line' id='line_1_17' title="bbox 376 1485 1966 1558; baseline 0.002 -20"><span class='ocrx_word' id='word_1_114' title='bbox 376 1487 442 1538; x_wconf 79' lang='grc' dir='ltr'>ὲκ</span> <span class='ocrx_word' id='word_1_115' title='bbox 465 1485 672 1558; x_wconf 80' lang='grc' dir='ltr'>Κυρίου</span> <span class='ocrx_word' id='word_1_116' title='bbox 696 1487 1042 1558; x_wconf 70' lang='grc' dir='ltr'><strong>κυριότητος,</strong></span> <span class='ocrx_word' id='word_1_117' title='bbox 1068 1489 1162 1542; x_wconf 76' lang='grc' dir='ltr'><strong>καὶ</strong></span> <span class='ocrx_word' id='word_1_118' title='bbox 1189 1489 1292 1557; x_wconf 85' lang='grc' dir='ltr'><strong>τῆς</strong></span> <span class='ocrx_word' id='word_1_119' title='bbox 1320 1490 1386 1542; x_wconf 72' lang='grc' dir='ltr'>ἐκ</span> <span class='ocrx_word' id='word_1_120' title='bbox 1416 1488 1552 1542; x_wconf 84' lang='grc' dir='ltr'><strong>Θεοῦ</strong></span> <span class='ocrx_word' id='word_1_121' title='bbox 1583 1488 1857 1558; x_wconf 84' lang='grc' dir='ltr'>Θεότητος,</span> <span class='ocrx_word' id='word_1_122' title='bbox 1883 1490 1966 1542; x_wconf 81' lang='grc' dir='ltr'>οὺ-</span> 
     </span>
    </p>
   </div>
   <div class='ocr_carea' id='block_1_18' title="bbox 379 1577 1966 1650">
    <p class='ocr_par' dir='ltr' id='par_1_18' title="bbox 379 1577 1966 1650">
     <span class='ocr_line' id='line_1_18' title="bbox 379 1577 1966 1650; baseline 0.002 -20"><span class='ocrx_word' id='word_1_123' title='bbox 379 1577 502 1640; x_wconf 90' lang='grc' dir='ltr'>σίας</span> <span class='ocrx_word' id='word_1_124' title='bbox 520 1593 580 1630; x_wconf 89' lang='grc' dir='ltr'><strong>τε</strong></span> <span class='ocrx_word' id='word_1_125' title='bbox 607 1577 814 1643; x_wconf 78' lang='grc' dir='ltr'>ἁπλῶς,</span> <span class='ocrx_word' id='word_1_126' title='bbox 856 1578 949 1632; x_wconf 77' lang='grc' dir='ltr'><strong>καὶ</strong></span> <span class='ocrx_word' id='word_1_127' title='bbox 982 1578 1196 1650; x_wconf 83' lang='grc' dir='ltr'>βουλῆς,</span> <span class='ocrx_word' id='word_1_128' title='bbox 1232 1579 1652 1650; x_wconf 76' lang='grc' dir='ltr'>καὶδυνάμεως,</span> <span class='ocrx_word' id='word_1_129' title='bbox 1686 1580 1781 1633; x_wconf 76' lang='grc' dir='ltr'><strong>καὶ</strong></span> <span class='ocrx_word' id='word_1_130' title='bbox 1806 1579 1966 1650; x_wconf 82' lang='grc' dir='ltr'>δόξης</span> 
     </span>
    </p>
   </div>
   <div class='ocr_carea' id='block_1_19' title="bbox 373 1666 1962 1745">
    <p class='ocr_par' dir='ltr' id='par_1_19' title="bbox 373 1666 1962 1745">
     <span class='ocr_line' id='line_1_19' title="bbox 373 1666 1962 1745; baseline 0.003 -24"><span class='ocrx_word' id='word_1_131' title='bbox 373 1666 509 1722; x_wconf 88' lang='grc' dir='ltr'>Θεοῦ</span> <span class='ocrx_word' id='word_1_132' title='bbox 535 1670 748 1734; x_wconf 71' lang='grc' dir='ltr'>εἰκόνος</span> <span class='ocrx_word' id='word_1_133' title='bbox 778 1671 1224 1743; x_wconf 86' lang='grc' dir='ltr'>ἀπαραλλάκτου,</span> <span class='ocrx_word' id='word_1_134' title='bbox 1263 1672 1335 1745; x_wconf 29' lang='grc' dir='ltr'><strong>οὐ,</strong></span> <span class='ocrx_word' id='word_1_135' title='bbox 1379 1676 1594 1742; x_wconf 86' lang='grc' dir='ltr'>μικροῖς</span> <span class='ocrx_word' id='word_1_136' title='bbox 1644 1671 1824 1742; x_wconf 89' lang='grc' dir='ltr'>λόγοις</span> <span class='ocrx_word' id='word_1_137' title='bbox 1863 1673 1962 1743; x_wconf 86' lang='grc' dir='ltr'>ἀρ-</span> 
     </span>
    </p>
   </div>
   <div class='ocr_carea' id='block_1_20' title="bbox 372 1761 1963 1837">
    <p class='ocr_par' dir='ltr' id='par_1_20' title="bbox 372 1761 1963 1837">
     <span class='ocr_line' id='line_1_20' title="bbox 372 1761 1963 1837; baseline 0.001 -21"><span class='ocrx_word' id='word_1_138' title='bbox 372 1761 632 1833; x_wconf 84' lang='grc' dir='ltr'>νούμενος</span> <span class='ocrx_word' id='word_1_139' title='bbox 661 1761 971 1834; x_wconf 78' lang='grc' dir='ltr'>ἔμπροσθεν</span> <span class='ocrx_word' id='word_1_140' title='bbox 991 1764 1099 1818; x_wconf 88' lang='grc' dir='ltr'><strong>τῶν</strong></span> <span class='ocrx_word' id='word_1_141' title='bbox 1133 1764 1462 1837; x_wconf 77' lang='grc' dir='ltr'><strong>ἀνθρώπιον,</strong></span> <span class='ocrx_word' id='word_1_142' title='bbox 1485 1765 1564 1820; x_wconf 88' lang='grc' dir='ltr'>διὸ</span> <span class='ocrx_word' id='word_1_143' title='bbox 1592 1766 1686 1820; x_wconf 71' lang='grc' dir='ltr'><strong>καὶ</strong></span> <span class='ocrx_word' id='word_1_144' title='bbox 1722 1765 1963 1836; x_wconf 82' lang='grc' dir='ltr'>ἀρνηθη-</span> 
     </span>
    </p>
   </div>
   <div class='ocr_carea' id='block_1_21' title="bbox 374 1852 1962 1928">
    <p class='ocr_par' dir='ltr' id='par_1_21' title="bbox 374 1852 1962 1928">
     <span class='ocr_line' id='line_1_21' title="bbox 374 1852 1962 1928; baseline 0.003 -22"><span class='ocrx_word' id='word_1_145' title='bbox 374 1853 603 1924; x_wconf 82' lang='grc' dir='ltr'>σόμενος</span> <span class='ocrx_word' id='word_1_146' title='bbox 624 1852 933 1926; x_wconf 79' lang='grc' dir='ltr'>ἔμπροσθεν</span> <span class='ocrx_word' id='word_1_147' title='bbox 971 1854 1062 1909; x_wconf 87' lang='grc' dir='ltr'><strong>τοῦ</strong></span> <span class='ocrx_word' id='word_1_148' title='bbox 1086 1857 1298 1928; x_wconf 88' lang='grc' dir='ltr'>Πατρὸς</span> <span class='ocrx_word' id='word_1_149' title='bbox 1324 1857 1516 1927; x_wconf 79' lang='grc' dir='ltr'>αὑτοῦ,</span> <span class='ocrx_word' id='word_1_150' title='bbox 1552 1857 1814 1928; x_wconf 80' lang='grc' dir='ltr'>ἄντικρυς</span> <span class='ocrx_word' id='word_1_151' title='bbox 1828 1857 1962 1910; x_wconf 90' lang='grc' dir='ltr'>ταῦ-</span> 
     </span>
    </p>
   </div>
   <div class='ocr_carea' id='block_1_22' title="bbox 371 1945 1963 2022">
    <p class='ocr_par' dir='ltr' id='par_1_22' title="bbox 371 1945 1963 2022">
     <span class='ocr_line' id='line_1_22' title="bbox 371 1945 1963 2022; baseline 0.003 -23"><span class='ocrx_word' id='word_1_152' title='bbox 371 1962 442 1999; x_wconf 88' lang='grc' dir='ltr'><strong>τα</strong></span> <span class='ocrx_word' id='word_1_153' title='bbox 470 1947 723 2018; x_wconf 82' lang='grc' dir='ltr'>γράφεις·</span> <span class='ocrx_word' id='word_1_154' title='bbox 783 1945 968 2001; x_wconf 87' lang='grc' dir='ltr'>Ταῦτα</span> <span class='ocrx_word' id='word_1_155' title='bbox 1000 1949 1071 2003; x_wconf 84' lang='grc' dir='ltr'>τὰ</span> <span class='ocrx_word' id='word_1_156' title='bbox 1131 1951 1356 2021; x_wconf 82' lang='grc' dir='ltr'>ῥήματα</span> <span class='ocrx_word' id='word_1_157' title='bbox 1394 1949 1583 2020; x_wconf 82' lang='grc' dir='ltr'>σαφῶς</span> <span class='ocrx_word' id='word_1_158' title='bbox 1619 1951 1719 2022; x_wconf 75' lang='grc' dir='ltr'><strong>τὴν</strong></span> <span class='ocrx_word' id='word_1_159' title='bbox 1752 1950 1963 2021; x_wconf 78' lang='grc' dir='ltr'>φαύλην</span> 
     </span>
    </p>
   </div>
   <div class='ocr_carea' id='block_1_23' title="bbox 371 2037 1965 2116">
    <p class='ocr_par' dir='ltr' id='par_1_23' title="bbox 371 2037 1965 2116">
     <span class='ocr_line' id='line_1_23' title="bbox 371 2037 1965 2116; baseline 0.004 -26"><span class='ocrx_word' id='word_1_160' title='bbox 371 2038 538 2092; x_wconf 84' lang='grc' dir='ltr'>αὐτοῦ</span> <span class='ocrx_word' id='word_1_161' title='bbox 592 2039 723 2111; x_wconf 85' lang='grc' dir='ltr'><strong>περί</strong></span> <span class='ocrx_word' id='word_1_162' title='bbox 767 2037 1021 2111; x_wconf 81' lang='grc' dir='ltr'>Θεότητος</span> <span class='ocrx_word' id='word_1_163' title='bbox 1071 2041 1288 2113; x_wconf 89' lang='grc' dir='ltr'>Πατρὸς</span> <span class='ocrx_word' id='word_1_164' title='bbox 1338 2043 1431 2096; x_wconf 79' lang='grc' dir='ltr'><strong>καὶ</strong></span> <span class='ocrx_word' id='word_1_165' title='bbox 1485 2042 1616 2098; x_wconf 84' lang='grc' dir='ltr'>Υἰοῦ</span> <span class='ocrx_word' id='word_1_166' title='bbox 1666 2044 1965 2116; x_wconf 83' lang='grc' dir='ltr'>παρίστησι</span> 
     </span>
    </p>
   </div>
   <div class='ocr_carea' id='block_1_24' title="bbox 371 2128 1964 2208">
    <p class='ocr_par' dir='ltr' id='par_1_24' title="bbox 371 2128 1964 2208">
     <span class='ocr_line' id='line_1_24' title="bbox 371 2128 1964 2208; baseline 0.003 -25"><span class='ocrx_word' id='word_1_167' title='bbox 371 2128 552 2195; x_wconf 80' lang='grc' dir='ltr'>δόξαν.</span> <span class='ocrx_word' id='word_1_168' title='bbox 594 2129 662 2183; x_wconf 85' lang='grc' dir='ltr'><strong>Ἦ</strong></span> <span class='ocrx_word' id='word_1_169' title='bbox 691 2130 750 2184; x_wconf 82' lang='grc' dir='ltr'><strong>δὲ</strong></span> <span class='ocrx_word' id='word_1_170' title='bbox 778 2130 983 2185; x_wconf 85' lang='grc' dir='ltr'>τούτων</span> <span class='ocrx_word' id='word_1_171' title='bbox 1027 2133 1256 2205; x_wconf 79' lang='grc' dir='ltr'>ἄρνησις</span> <span class='ocrx_word' id='word_1_172' title='bbox 1283 2133 1382 2204; x_wconf 83' lang='grc' dir='ltr'>τὴν</span> <span class='ocrx_word' id='word_1_173' title='bbox 1430 2133 1530 2206; x_wconf 82' lang='grc' dir='ltr'><strong>σὴν</strong></span> <span class='ocrx_word' id='word_1_174' title='bbox 1579 2134 1964 2208; x_wconf 83' lang='grc' dir='ltr'>ὲνδιάστροφον</span> 
     </span>
    </p>
   </div>
   <div class='ocr_carea' id='block_1_25' title="bbox 372 2221 1966 2298">
    <p class='ocr_par' dir='ltr' id='par_1_25' title="bbox 372 2221 1966 2298">
     <span class='ocr_line' id='line_1_25' title="bbox 372 2221 1966 2298; baseline 0.005 -24"><span class='ocrx_word' id='word_1_175' title='bbox 372 2223 468 2274; x_wconf 78' lang='grc' dir='ltr'><strong>καὶ</strong></span> <span class='ocrx_word' id='word_1_176' title='bbox 496 2221 710 2294; x_wconf 79' lang='grc' dir='ltr'>φαύλην</span> <span class='ocrx_word' id='word_1_177' title='bbox 727 2225 856 2296; x_wconf 75' lang='grc' dir='ltr'>περὶ</span> <span class='ocrx_word' id='word_1_178' title='bbox 879 2223 1142 2295; x_wconf 85' lang='grc' dir='ltr'>θεότητος</span> <span class='ocrx_word' id='word_1_179' title='bbox 1162 2226 1256 2279; x_wconf 74' lang='grc' dir='ltr'><strong>καὶ</strong></span> <span class='ocrx_word' id='word_1_180' title='bbox 1279 2226 1469 2290; x_wconf 77' lang='grc' dir='ltr'>οὐσίας</span> <span class='ocrx_word' id='word_1_181' title='bbox 1490 2227 1748 2298; x_wconf 89' lang='grc' dir='ltr'>Χριστοῦ,</span> <span class='ocrx_word' id='word_1_182' title='bbox 1779 2228 1966 2298; x_wconf 80' lang='grc' dir='ltr'>σαφῶς</span> 
     </span>
    </p>
   </div>
   <div class='ocr_carea' id='block_1_26' title="bbox 372 2315 1026 2388">
    <p class='ocr_par' dir='ltr' id='par_1_26' title="bbox 372 2315 1026 2388">
     <span class='ocr_line' id='line_1_26' title="bbox 372 2315 1026 2388; baseline 0.006 -20"><span class='ocrx_word' id='word_1_183' title='bbox 372 2315 601 2387; x_wconf 69' lang='grc' dir='ltr'>ήλεγξεν</span> <span class='ocrx_word' id='word_1_184' title='bbox 634 2316 982 2388; x_wconf 77' lang='grc' dir='ltr'>ἒτεροδοξίαν.</span> <span class='ocrx_word' id='word_1_185' title='bbox 1008 2338 1026 2372; x_wconf 79' lang='grc' dir='ltr'><strong>ι</strong></span> 
     </span>
    </p>
   </div>
   <div class='ocr_carea' id='block_1_27' title="bbox 444 2578 1749 2654">
    <p class='ocr_par' dir='ltr' id='par_1_27' title="bbox 444 2578 1749 2654">
     <span class='ocr_line' id='line_1_27' title="bbox 444 2578 1749 2654; baseline 0 -22"><span class='ocrx_word' id='word_1_186' title='bbox 444 2578 524 2634; x_wconf 90' lang='grc' dir='ltr'><strong>Θ’.</strong></span> <span class='ocrx_word' id='word_1_187' title='bbox 551 2579 666 2633; x_wconf 73' lang='grc' dir='ltr'><strong>Καὶ</strong></span> <span class='ocrx_word' id='word_1_188' title='bbox 689 2579 809 2650; x_wconf 81' lang='grc' dir='ltr'><strong>μεθ’</strong></span> <span class='ocrx_word' id='word_1_189' title='bbox 844 2579 1010 2654; x_wconf 72' lang='grc' dir='ltr'>ἔτερα</span> <span class='ocrx_word' id='word_1_190' title='bbox 1035 2578 1288 2650; x_wconf 76' lang='grc' dir='ltr'>ἐπιφέρει</span> <span class='ocrx_word' id='word_1_191' title='bbox 1311 2578 1381 2632; x_wconf 80' lang='grc' dir='ltr'>τὰ</span> <span class='ocrx_word' id='word_1_192' title='bbox 1405 2579 1749 2650; x_wconf 68' lang='grc' dir='ltr'>Μαρκέλλου*</span> 
     </span>
    </p>
   </div>
   <div class='ocr_carea' id='block_1_28' title="bbox 451 2667 1960 2743">
    <p class='ocr_par' dir='ltr' id='par_1_28' title="bbox 451 2667 1960 2743">
     <span class='ocr_line' id='line_1_28' title="bbox 451 2667 1960 2743; baseline -0.001 -19"><span class='ocrx_word' id='word_1_193' title='bbox 451 2688 472 2724; x_wconf 78' lang='grc' dir='ltr'><strong>ι</strong></span> <span class='ocrx_word' id='word_1_194' title='bbox 512 2671 696 2725; x_wconf 86' lang='grc' dir='ltr'>Ἕωλα</span> <span class='ocrx_word' id='word_1_195' title='bbox 725 2667 818 2725; x_wconf 89' lang='grc' dir='ltr'><strong>οῦν</strong></span> <span class='ocrx_word' id='word_1_196' title='bbox 842 2671 912 2725; x_wconf 80' lang='grc' dir='ltr'>τὰ</span> <span class='ocrx_word' id='word_1_197' title='bbox 941 2671 1070 2742; x_wconf 81' lang='grc' dir='ltr'>ἑξῆς</span> <span class='ocrx_word' id='word_1_198' title='bbox 1109 2671 1359 2743; x_wconf 69' lang='grc' dir='ltr'>ἐπιφέρει</span> <span class='ocrx_word' id='word_1_199' title='bbox 1391 2671 1637 2742; x_wconf 83' lang='grc' dir='ltr'>γράφων·</span> <span class='ocrx_word' id='word_1_200' title='bbox 1662 2669 1832 2725; x_wconf 79' lang='grc' dir='ltr'><strong>Οὐδὲν</strong></span> <span class='ocrx_word' id='word_1_201' title='bbox 1861 2671 1960 2724; x_wconf 82' lang='grc' dir='ltr'>αὑ-</span> 
     </span>
    </p>
   </div>
   <div class='ocr_carea' id='block_1_29' title="bbox 373 2757 1962 2837">
    <p class='ocr_par' dir='ltr' id='par_1_29' title="bbox 373 2757 1962 2837">
     <span class='ocr_line' id='line_1_29' title="bbox 373 2757 1962 2837; baseline -0.002 -20"><span class='ocrx_word' id='word_1_202' title='bbox 373 2763 484 2817; x_wconf 86' lang='grc' dir='ltr'><strong>τῶν</strong></span> <span class='ocrx_word' id='word_1_203' title='bbox 510 2757 585 2818; x_wconf 83' lang='grc' dir='ltr'>ὧν</span> <span class='ocrx_word' id='word_1_204' title='bbox 613 2767 871 2837; x_wconf 85' lang='grc' dir='ltr'>προεῖπεν</span> <span class='ocrx_word' id='word_1_205' title='bbox 903 2760 1043 2819; x_wconf 73' lang='grc' dir='ltr'>εἶναι</span> <span class='ocrx_word' id='word_1_206' title='bbox 1070 2762 1340 2834; x_wconf 84' lang='grc' dir='ltr'>βούλεται.</span> <span class='ocrx_word' id='word_1_207' title='bbox 1370 2762 1596 2820; x_wconf 81' lang='grc' dir='ltr'>Πάντων</span> <span class='ocrx_word' id='word_1_208' title='bbox 1619 2762 1728 2833; x_wconf 83' lang='grc' dir='ltr'>γὰρ</span> <span class='ocrx_word' id='word_1_209' title='bbox 1758 2761 1962 2816; x_wconf 89' lang='grc' dir='ltr'>τούτων</span> 
     </span>
    </p>
   </div>
   <div class='ocr_carea' id='block_1_30' title="bbox 374 2851 1962 2925">
    <p class='ocr_par' dir='ltr' id='par_1_30' title="bbox 374 2851 1962 2925">
     <span class='ocr_line' id='line_1_30' title="bbox 374 2851 1962 2925; baseline -0.001 -17"><span class='ocrx_word' id='word_1_210' title='bbox 374 2855 562 2910; x_wconf 80' lang='grc' dir='ltr'>εἰκόνα</span> <span class='ocrx_word' id='word_1_211' title='bbox 613 2855 776 2911; x_wconf 83' lang='grc' dir='ltr'>αὐτὸν</span> <span class='ocrx_word' id='word_1_212' title='bbox 812 2851 952 2912; x_wconf 78' lang='grc' dir='ltr'>εἶναι</span> <span class='ocrx_word' id='word_1_213' title='bbox 982 2856 1181 2925; x_wconf 88' lang='grc' dir='ltr'>λέγεις.</span> <span class='ocrx_word' id='word_1_214' title='bbox 1221 2854 1433 2910; x_wconf 82' lang='grc' dir='ltr'>Οὐκοῦν</span> <span class='ocrx_word' id='word_1_215' title='bbox 1480 2856 1530 2908; x_wconf 85' lang='grc' dir='ltr'><strong>εἰ</strong></span> <span class='ocrx_word' id='word_1_216' title='bbox 1573 2853 1760 2918; x_wconf 85' lang='grc' dir='ltr'>οὐσίας</span> <span class='ocrx_word' id='word_1_217' title='bbox 1816 2855 1962 2907; x_wconf 78' lang='grc' dir='ltr'>ἐστὶν</span> 
     </span>
    </p>
   </div>
   <div class='ocr_carea' id='block_1_31' title="bbox 374 2944 1962 3016">
    <p class='ocr_par' dir='ltr' id='par_1_31' title="bbox 374 2944 1962 3016">
     <span class='ocr_line' id='line_1_31' title="bbox 374 2944 1962 3016; baseline -0.003 -14"><span class='ocrx_word' id='word_1_218' title='bbox 374 2947 563 3015; x_wconf 84' lang='grc' dir='ltr'>εἰκὼν,</span> <span class='ocrx_word' id='word_1_219' title='bbox 586 2949 772 3003; x_wconf 81' lang='grc' dir='ltr'>οὐκέτι</span> <span class='ocrx_word' id='word_1_220' title='bbox 792 2949 1082 3004; x_wconf 84' lang='grc' dir='ltr'>αὑτοουσία</span> <span class='ocrx_word' id='word_1_221' title='bbox 1111 2948 1334 3004; x_wconf 86' lang='grc' dir='ltr'>δύναται</span> <span class='ocrx_word' id='word_1_222' title='bbox 1365 2945 1525 3002; x_wconf 79' lang='grc' dir='ltr'>εἶναι.</span> <span class='ocrx_word' id='word_1_223' title='bbox 1556 2945 1667 3000; x_wconf 74' lang='grc' dir='ltr'><strong>Καὶ</strong></span> <span class='ocrx_word' id='word_1_224' title='bbox 1695 2948 1744 2998; x_wconf 86' lang='grc' dir='ltr'><strong>εἰ</strong></span> <span class='ocrx_word' id='word_1_225' title='bbox 1765 2944 1962 3016; x_wconf 85' lang='grc' dir='ltr'>βουλῆς</span> 
     </span>
    </p>
   </div>
   <div class='ocr_carea' id='block_1_32' title="bbox 375 3033 1964 3110">
    <p class='ocr_par' dir='ltr' id='par_1_32' title="bbox 375 3033 1964 3110">
     <span class='ocr_line' id='line_1_32' title="bbox 375 3033 1964 3110; baseline -0.002 -20"><span class='ocrx_word' id='word_1_226' title='bbox 375 3039 527 3092; x_wconf 83' lang='grc' dir='ltr'>ἐστιν</span> <span class='ocrx_word' id='word_1_227' title='bbox 569 3037 758 3103; x_wconf 86' lang='grc' dir='ltr'>εἰκὼν,</span> <span class='ocrx_word' id='word_1_228' title='bbox 791 3039 976 3094; x_wconf 79' lang='grc' dir='ltr'>οὐκέτι</span> <span class='ocrx_word' id='word_1_229' title='bbox 1015 3038 1319 3110; x_wconf 79' lang='grc' dir='ltr'>αὑτοόουλὴ</span> <span class='ocrx_word' id='word_1_230' title='bbox 1344 3033 1484 3092; x_wconf 84' lang='grc' dir='ltr'>εἶναι</span> <span class='ocrx_word' id='word_1_231' title='bbox 1512 3036 1754 3090; x_wconf 82' lang='grc' dir='ltr'>δύναται·</span> <span class='ocrx_word' id='word_1_232' title='bbox 1791 3036 1885 3088; x_wconf 78' lang='grc' dir='ltr'>καὶ</span> <span class='ocrx_word' id='word_1_233' title='bbox 1912 3037 1964 3087; x_wconf 84' lang='grc' dir='ltr'><strong>εί</strong></span> 
     </span>
    </p>
   </div>
   <div class='ocr_carea' id='block_1_33' title="bbox 2142 832 3641 901">
    <p class='ocr_par' dir='ltr' id='par_1_33' title="bbox 2142 832 3641 901">
     <span class='ocr_line' id='line_1_33' title="bbox 2142 832 3641 901; baseline 0.011 -15"><span class='ocrx_word' id='word_1_234' title='bbox 2142 832 2276 887; x_wconf 73' lang='lat' dir='ltr'><strong>Vill.</strong></span> <span class='ocrx_word' id='word_1_235' title='bbox 2310 832 2442 890; x_wconf 90' lang='lat' dir='ltr'><strong>Post</strong></span> <span class='ocrx_word' id='word_1_236' title='bbox 2463 834 2577 891; x_wconf 62' lang='lat' dir='ltr'><strong>haec</strong></span> <span class='ocrx_word' id='word_1_237' title='bbox 2595 852 2719 891; x_wconf 91' lang='lat' dir='ltr'><strong>cum</strong></span> <span class='ocrx_word' id='word_1_238' title='bbox 2741 853 2810 893; x_wconf 79' lang='lat' dir='ltr'><strong>ex</strong></span> <span class='ocrx_word' id='word_1_239' title='bbox 2839 840 3052 895; x_wconf 83' lang='lat' dir='ltr'><strong>Asterio</strong></span> <span class='ocrx_word' id='word_1_240' title='bbox 3073 840 3355 898; x_wconf 83' lang='lat' dir='ltr'><strong>Marcellus</strong></span> <span class='ocrx_word' id='word_1_241' title='bbox 3379 848 3641 901; x_wconf 88' lang='lat' dir='ltr'><strong>nonnulla</strong></span> 
     </span>
    </p>
   </div>
   <div class='ocr_carea' id='block_1_34' title="bbox 2069 929 3138 998">
    <p class='ocr_par' dir='ltr' id='par_1_34' title="bbox 2069 929 3138 998">
     <span class='ocr_line' id='line_1_34' title="bbox 2069 929 3138 998; baseline 0.005 -18"><span class='ocrx_word' id='word_1_242' title='bbox 2069 934 2576 992; x_wconf 84' lang='lat' dir='ltr'><strong>commemorasset,</strong></span> <span class='ocrx_word' id='word_1_243' title='bbox 2611 929 2845 998; x_wconf 76' lang='lat' dir='ltr'><strong>subjecit</strong></span> <span class='ocrx_word' id='word_1_244' title='bbox 2871 930 3138 988; x_wconf 84' lang='lat' dir='ltr'><strong>Aeacius:</strong></span> 
     </span>
    </p>
   </div>
   <div class='ocr_carea' id='block_1_35' title="bbox 2144 1017 3646 1099">
    <p class='ocr_par' dir='ltr' id='par_1_35' title="bbox 2144 1017 3646 1099">
     <span class='ocr_line' id='line_1_35' title="bbox 2144 1017 3646 1099; baseline 0.01 -31"><span class='ocrx_word' id='word_1_245' title='bbox 2144 1037 2164 1068; x_wconf 76' lang='grc' dir='ltr'><strong>ι</strong></span> <span class='ocrx_word' id='word_1_246' title='bbox 2195 1017 2292 1073; x_wconf 84' lang='lat' dir='ltr'><strong>His</strong></span> <span class='ocrx_word' id='word_1_247' title='bbox 2338 1022 2524 1088; x_wconf 80' lang='lat' dir='ltr'><strong>itaque</strong></span> <span class='ocrx_word' id='word_1_248' title='bbox 2554 1021 2749 1089; x_wconf 75' lang='lat' dir='ltr'><strong>positis</strong></span> <span class='ocrx_word' id='word_1_249' title='bbox 2770 1064 2784 1084; x_wconf 93' lang='lat'><strong>,</strong></span> <span class='ocrx_word' id='word_1_250' title='bbox 2821 1024 3038 1094; x_wconf 79' lang='lat' dir='ltr'><strong>longius</strong></span> <span class='ocrx_word' id='word_1_251' title='bbox 3071 1026 3272 1082; x_wconf 88' lang='lat' dir='ltr'><strong>deinde</strong></span> <span class='ocrx_word' id='word_1_252' title='bbox 3320 1044 3646 1099; x_wconf 82' lang='lat' dir='ltr'><strong>progressus</strong></span> 
     </span>
    </p>
   </div>
   <div class='ocr_carea' id='block_1_36' title="bbox 2068 1108 3644 1181">
    <p class='ocr_par' dir='ltr' id='par_1_36' title="bbox 2068 1108 3644 1181">
     <span class='ocr_line' id='line_1_36' title="bbox 2068 1108 3644 1181; baseline 0.008 -17"><span class='ocrx_word' id='word_1_253' title='bbox 2068 1109 2360 1179; x_wconf 82' lang='lat' dir='ltr'><strong>imaginem</strong></span> <span class='ocrx_word' id='word_1_254' title='bbox 2395 1108 2697 1168; x_wconf 86' lang='lat' dir='ltr'><strong>Salvatoris</strong></span> <span class='ocrx_word' id='word_1_255' title='bbox 2719 1153 2734 1177; x_wconf 95' lang='lat'><strong>,</strong></span> <span class='ocrx_word' id='word_1_256' title='bbox 2784 1123 2838 1168; x_wconf 88' lang='lat' dir='ltr'><strong>et</strong></span> <span class='ocrx_word' id='word_1_257' title='bbox 2885 1118 3178 1171; x_wconf 79' lang='lat' dir='ltr'><strong>essentiam</strong></span> <span class='ocrx_word' id='word_1_258' title='bbox 3205 1158 3220 1181; x_wconf 89' lang='lat'><strong>,</strong></span> <span class='ocrx_word' id='word_1_259' title='bbox 3251 1127 3306 1172; x_wconf 91' lang='lat' dir='ltr'><strong>et</strong></span> <span class='ocrx_word' id='word_1_260' title='bbox 3345 1122 3490 1176; x_wconf 88' lang='lat' dir='ltr'><strong>unici</strong></span> <span class='ocrx_word' id='word_1_261' title='bbox 3521 1121 3644 1176; x_wconf 87' lang='lat' dir='ltr'><strong>Filii</strong></span> 
     </span>
    </p>
   </div>
   <div class='ocr_carea' id='block_1_37' title="bbox 2068 1199 3645 1277">
    <p class='ocr_par' dir='ltr' id='par_1_37' title="bbox 2068 1199 3645 1277">
     <span class='ocr_line' id='line_1_37' title="bbox 2068 1199 3645 1277; baseline 0.011 -24"><span class='ocrx_word' id='word_1_262' title='bbox 2068 1215 2133 1254; x_wconf 85' lang='lat' dir='ltr'><strong>ex</strong></span> <span class='ocrx_word' id='word_1_263' title='bbox 2168 1199 2330 1256; x_wconf 83' lang='lat' dir='ltr'><strong>Patre</strong></span> <span class='ocrx_word' id='word_1_264' title='bbox 2354 1240 2370 1265; x_wconf 90' lang='lat'><strong>,</strong></span> <span class='ocrx_word' id='word_1_265' title='bbox 2416 1217 2630 1258; x_wconf 88' lang='lat' dir='ltr'><strong>necnon</strong></span> <span class='ocrx_word' id='word_1_266' title='bbox 2705 1212 2760 1258; x_wconf 90' lang='lat' dir='ltr'><strong>et</strong></span> <span class='ocrx_word' id='word_1_267' title='bbox 2794 1206 3136 1277; x_wconf 86' lang='lat' dir='ltr'><strong>primogeniti</strong></span> <span class='ocrx_word' id='word_1_268' title='bbox 3171 1211 3350 1265; x_wconf 88' lang='lat' dir='ltr'><strong>omnis</strong></span> <span class='ocrx_word' id='word_1_269' title='bbox 3381 1221 3645 1270; x_wconf 82' lang='lat' dir='ltr'><strong>creaturae</strong></span> 
     </span>
    </p>
   </div>
   <div class='ocr_carea' id='block_1_38' title="bbox 2067 1292 3646 1376">
    <p class='ocr_par' dir='ltr' id='par_1_38' title="bbox 2067 1292 3646 1376">
     <span class='ocr_line' id='line_1_38' title="bbox 2067 1292 3646 1376; baseline 0.011 -31"><span class='ocrx_word' id='word_1_270' title='bbox 2067 1292 2436 1349; x_wconf 87' lang='lat' dir='ltr'><strong>conditionem</strong></span> <span class='ocrx_word' id='word_1_271' title='bbox 2471 1310 2704 1365; x_wconf 86' lang='lat' dir='ltr'><strong>negans;</strong></span> <span class='ocrx_word' id='word_1_272' title='bbox 2738 1303 2901 1366; x_wconf 89' lang='lat' dir='ltr'><strong>atque</strong></span> <span class='ocrx_word' id='word_1_273' title='bbox 2948 1299 3094 1353; x_wconf 84' lang='lat' dir='ltr'><strong>illam</strong></span> <span class='ocrx_word' id='word_1_274' title='bbox 3131 1300 3374 1371; x_wconf 86' lang='lat' dir='ltr'><strong>ejusdem</strong></span> <span class='ocrx_word' id='word_1_275' title='bbox 3406 1307 3646 1376; x_wconf 88' lang='lat' dir='ltr'><strong>singula-</strong></span> 
     </span>
    </p>
   </div>
   <div class='ocr_carea' id='block_1_39' title="bbox 2065 1385 3643 1468">
    <p class='ocr_par' dir='ltr' id='par_1_39' title="bbox 2065 1385 3643 1468">
     <span class='ocr_line' id='line_1_39' title="bbox 2065 1385 3643 1468; baseline 0.009 -29"><span class='ocrx_word' id='word_1_276' title='bbox 2065 1385 2284 1442; x_wconf 89' lang='lat' dir='ltr'><strong>ritatem</strong></span> <span class='ocrx_word' id='word_1_277' title='bbox 2305 1427 2320 1452; x_wconf 93' lang='lat'><strong>,</strong></span> <span class='ocrx_word' id='word_1_278' title='bbox 2352 1403 2476 1459; x_wconf 64' lang='lat' dir='ltr'><strong>qua:</strong></span> <span class='ocrx_word' id='word_1_279' title='bbox 2525 1405 2551 1443; x_wconf 68' lang='grc' dir='ltr'><strong>τ</strong></span> <span class='ocrx_word' id='word_1_280' title='bbox 2583 1390 2848 1461; x_wconf 78' lang='lat' dir='ltr'><strong>singulari</strong></span> <span class='ocrx_word' id='word_1_281' title='bbox 2872 1390 2980 1448; x_wconf 89' lang='lat' dir='ltr'><strong>Deo</strong></span> <span class='ocrx_word' id='word_1_282' title='bbox 3006 1402 3229 1458; x_wconf 88' lang='lat' dir='ltr'><strong>manat,</strong></span> <span class='ocrx_word' id='word_1_283' title='bbox 3265 1407 3318 1451; x_wconf 91' lang='lat' dir='ltr'><strong>et</strong></span> <span class='ocrx_word' id='word_1_284' title='bbox 3352 1398 3643 1468; x_wconf 79' lang='lat' dir='ltr'><strong>perfectio-</strong></span> 
     </span>
    </p>
   </div>
   <div class='ocr_carea' id='block_1_40' title="bbox 2066 1481 3644 1558">
    <p class='ocr_par' dir='ltr' id='par_1_40' title="bbox 2066 1481 3644 1558">
     <span class='ocr_line' id='line_1_40' title="bbox 2066 1481 3644 1558; baseline 0.011 -27"><span class='ocrx_word' id='word_1_285' title='bbox 2066 1492 2190 1532; x_wconf 87' lang='lat' dir='ltr'><strong>nem</strong></span> <span class='ocrx_word' id='word_1_286' title='bbox 2224 1493 2252 1534; x_wconf 91' lang='lat' dir='ltr'><strong>a</strong></span> <span class='ocrx_word' id='word_1_287' title='bbox 2282 1481 2524 1550; x_wconf 83' lang='lat' dir='ltr'><strong>perfecto</strong></span> <span class='ocrx_word' id='word_1_288' title='bbox 2555 1522 2571 1546; x_wconf 95' lang='lat'><strong>,</strong></span> <span class='ocrx_word' id='word_1_289' title='bbox 2603 1489 2658 1537; x_wconf 90' lang='lat' dir='ltr'><strong>et</strong></span> <span class='ocrx_word' id='word_1_290' title='bbox 2687 1483 2890 1554; x_wconf 81' lang='lat' dir='ltr'><strong>regiam</strong></span> <span class='ocrx_word' id='word_1_291' title='bbox 2923 1485 2991 1540; x_wconf 87' lang='lat' dir='ltr'><strong>ab</strong></span> <span class='ocrx_word' id='word_1_292' title='bbox 3020 1501 3146 1556; x_wconf 88' lang='lat' dir='ltr'><strong>rege</strong></span> <span class='ocrx_word' id='word_1_293' title='bbox 3202 1497 3522 1558; x_wconf 88' lang='lat' dir='ltr'><strong>potestatem</strong></span> <span class='ocrx_word' id='word_1_294' title='bbox 3541 1532 3557 1556; x_wconf 97' lang='lat'><strong>,</strong></span> <span class='ocrx_word' id='word_1_295' title='bbox 3611 1510 3644 1549; x_wconf 91' lang='lat' dir='ltr'><strong>a</strong></span> 
     </span>
    </p>
   </div>
   <div class='ocr_carea' id='block_1_41' title="bbox 2067 1565 3645 1646">
    <p class='ocr_par' dir='ltr' id='par_1_41' title="bbox 2067 1565 3645 1646">
     <span class='ocr_line' id='line_1_41' title="bbox 2067 1565 3645 1646; baseline 0.015 -28"><span class='ocrx_word' id='word_1_296' title='bbox 2067 1565 2300 1622; x_wconf 86' lang='lat' dir='ltr'><strong>Domino</strong></span> <span class='ocrx_word' id='word_1_297' title='bbox 2335 1571 2674 1628; x_wconf 86' lang='lat' dir='ltr'><strong>dominatum</strong></span> <span class='ocrx_word' id='word_1_298' title='bbox 2695 1613 2711 1638; x_wconf 94' lang='lat'><strong>,</strong></span> <span class='ocrx_word' id='word_1_299' title='bbox 2760 1583 2816 1629; x_wconf 91' lang='lat' dir='ltr'><strong>et</strong></span> <span class='ocrx_word' id='word_1_300' title='bbox 2841 1574 3176 1634; x_wconf 85' lang='lat' dir='ltr'><strong>divinitatem</strong></span> <span class='ocrx_word' id='word_1_301' title='bbox 3217 1595 3246 1633; x_wconf 91' lang='lat' dir='ltr'><strong>a</strong></span> <span class='ocrx_word' id='word_1_302' title='bbox 3279 1579 3389 1637; x_wconf 89' lang='lat' dir='ltr'><strong>Deo</strong></span> <span class='ocrx_word' id='word_1_303' title='bbox 3415 1621 3430 1646; x_wconf 93' lang='lat'><strong>,</strong></span> <span class='ocrx_word' id='word_1_304' title='bbox 3467 1591 3522 1639; x_wconf 83' lang='lat' dir='ltr'><strong>et</strong></span> <span class='ocrx_word' id='word_1_305' title='bbox 3553 1601 3645 1640; x_wconf 87' lang='lat' dir='ltr'><strong>es-</strong></span> 
     </span>
    </p>
   </div>
   <div class='ocr_carea' id='block_1_42' title="bbox 2070 1661 3645 1746">
    <p class='ocr_par' dir='ltr' id='par_1_42' title="bbox 2070 1661 3645 1746">
     <span class='ocr_line' id='line_1_42' title="bbox 2070 1661 3645 1746; baseline 0.012 -33"><span class='ocrx_word' id='word_1_306' title='bbox 2070 1661 2300 1716; x_wconf 87' lang='lat' dir='ltr'><strong>sentiam</strong></span> <span class='ocrx_word' id='word_1_307' title='bbox 2326 1662 2564 1735; x_wconf 86' lang='lat' dir='ltr'><strong>denique</strong></span> <span class='ocrx_word' id='word_1_308' title='bbox 2603 1681 2668 1721; x_wconf 92' lang='lat' dir='ltr'><strong>ac</strong></span> <span class='ocrx_word' id='word_1_309' title='bbox 2717 1668 3008 1723; x_wconf 87' lang='lat' dir='ltr'><strong>consilium</strong></span> <span class='ocrx_word' id='word_1_310' title='bbox 3034 1709 3049 1733; x_wconf 93' lang='lat'><strong>,</strong></span> <span class='ocrx_word' id='word_1_311' title='bbox 3082 1671 3337 1730; x_wconf 87' lang='lat' dir='ltr'><strong>virtutem</strong></span> <span class='ocrx_word' id='word_1_312' title='bbox 3388 1675 3645 1746; x_wconf 89' lang='lat' dir='ltr'><strong>gloriam-</strong></span> 
     </span>
    </p>
   </div>
   <div class='ocr_carea' id='block_1_43' title="bbox 2067 1750 3644 1828">
    <p class='ocr_par' dir='ltr' id='par_1_43' title="bbox 2067 1750 3644 1828">
     <span class='ocr_line' id='line_1_43' title="bbox 2067 1750 3644 1828; baseline 0.013 -27"><span class='ocrx_word' id='word_1_313' title='bbox 2067 1765 2175 1819; x_wconf 88' lang='lat' dir='ltr'><strong>que</strong></span> <span class='ocrx_word' id='word_1_314' title='bbox 2212 1750 2366 1806; x_wconf 88' lang='lat' dir='ltr'><strong>nullo</strong></span> <span class='ocrx_word' id='word_1_315' title='bbox 2399 1753 2560 1808; x_wconf 91' lang='lat' dir='ltr'><strong>modo</strong></span> <span class='ocrx_word' id='word_1_316' title='bbox 2587 1753 2817 1810; x_wconf 70' lang='lat' dir='ltr'><strong>diversa:</strong></span> <span class='ocrx_word' id='word_1_317' title='bbox 2847 1757 3102 1828; x_wconf 78' lang='lat' dir='ltr'><strong>imaginis</strong></span> <span class='ocrx_word' id='word_1_318' title='bbox 3134 1759 3224 1814; x_wconf 92' lang='lat' dir='ltr'><strong>Dei</strong></span> <span class='ocrx_word' id='word_1_319' title='bbox 3259 1760 3505 1820; x_wconf 81' lang='lat' dir='ltr'><strong>funditus</strong></span> <span class='ocrx_word' id='word_1_320' title='bbox 3535 1769 3644 1820; x_wconf 82' lang='lat' dir='ltr'><strong>tol-</strong></span> 
     </span>
    </p>
   </div>
   <div class='ocr_carea' id='block_1_44' title="bbox 2065 1840 3643 1916">
    <p class='ocr_par' dir='ltr' id='par_1_44' title="bbox 2065 1840 3643 1916">
     <span class='ocr_line' id='line_1_44' title="bbox 2065 1840 3643 1916; baseline 0.015 -24"><span class='ocrx_word' id='word_1_321' title='bbox 2065 1840 2212 1905; x_wconf 87' lang='lat' dir='ltr'><strong>lens,</strong></span> <span class='ocrx_word' id='word_1_322' title='bbox 2247 1858 2424 1914; x_wconf 89' lang='lat' dir='ltr'><strong>neque</strong></span> <span class='ocrx_word' id='word_1_323' title='bbox 2469 1847 2660 1916; x_wconf 87' lang='lat' dir='ltr'><strong>paucis</strong></span> <span class='ocrx_word' id='word_1_324' title='bbox 2703 1848 2886 1906; x_wconf 87' lang='lat' dir='ltr'><strong>verbis</strong></span> <span class='ocrx_word' id='word_1_325' title='bbox 2931 1866 3115 1907; x_wconf 91' lang='lat' dir='ltr'><strong>coram</strong></span> <span class='ocrx_word' id='word_1_326' title='bbox 3163 1853 3476 1914; x_wconf 87' lang='lat' dir='ltr'><strong>hominibus</strong></span> <span class='ocrx_word' id='word_1_327' title='bbox 3517 1859 3643 1915; x_wconf 77' lang='lat' dir='ltr'><strong>inti-</strong></span> 
     </span>
    </p>
   </div>
   <div class='ocr_carea' id='block_1_45' title="bbox 2065 1929 3641 2019">
    <p class='ocr_par' dir='ltr' id='par_1_45' title="bbox 2065 1929 3641 2019">
     <span class='ocr_line' id='line_1_45' title="bbox 2065 1929 3641 2019; baseline 0.017 -36"><span class='ocrx_word' id='word_1_328' title='bbox 2065 1929 2238 1993; x_wconf 87' lang='lat' dir='ltr'><strong>cians,</strong></span> <span class='ocrx_word' id='word_1_329' title='bbox 2282 1934 2526 2005; x_wconf 83' lang='lat' dir='ltr'><strong>adeoque</strong></span> <span class='ocrx_word' id='word_1_330' title='bbox 2555 1952 2740 1993; x_wconf 89' lang='lat' dir='ltr'><strong>coram</strong></span> <span class='ocrx_word' id='word_1_331' title='bbox 2767 1938 2928 1996; x_wconf 89' lang='lat' dir='ltr'><strong>Patre</strong></span> <span class='ocrx_word' id='word_1_332' title='bbox 2957 1943 3102 1999; x_wconf 88' lang='lat' dir='ltr'><strong>illius</strong></span> <span class='ocrx_word' id='word_1_333' title='bbox 3133 1945 3481 2019; x_wconf 81' lang='lat' dir='ltr'><strong>inﬁciandus,</strong></span> <span class='ocrx_word' id='word_1_334' title='bbox 3527 1954 3641 2010; x_wconf 71' lang='lat' dir='ltr'><strong>haec</strong></span> 
     </span>
    </p>
   </div>
   <div class='ocr_carea' id='block_1_46' title="bbox 2064 2025 3641 2112">
    <p class='ocr_par' dir='ltr' id='par_1_46' title="bbox 2064 2025 3641 2112">
     <span class='ocr_line' id='line_1_46' title="bbox 2064 2025 3641 2112; baseline 0.016 -37"><span class='ocrx_word' id='word_1_335' title='bbox 2064 2032 2250 2091; x_wconf 89' lang='lat' dir='ltr'><strong>aperle</strong></span> <span class='ocrx_word' id='word_1_336' title='bbox 2284 2025 2587 2094; x_wconf 88' lang='lat' dir='ltr'><strong>scripsisti:</strong></span> <span class='ocrx_word' id='word_1_337' title='bbox 2640 2027 2922 2098; x_wconf 79' lang='lat' dir='ltr'><strong>Ejusmodi</strong></span> <span class='ocrx_word' id='word_1_338' title='bbox 2973 2035 3139 2090; x_wconf 78' lang='lat' dir='ltr'><strong>verba</strong></span> <span class='ocrx_word' id='word_1_339' title='bbox 3190 2053 3410 2107; x_wconf 81' lang='lat' dir='ltr'><strong>pravam</strong></span> <span class='ocrx_word' id='word_1_340' title='bbox 3468 2043 3641 2112; x_wconf 82' lang='lat' dir='ltr'><strong>ipsius</strong></span> 
     </span>
    </p>
   </div>
   <div class='ocr_carea' id='block_1_47' title="bbox 2064 2113 3641 2203">
    <p class='ocr_par' dir='ltr' id='par_1_47' title="bbox 2064 2113 3641 2203">
     <span class='ocr_line' id='line_1_47' title="bbox 2064 2113 3641 2203; baseline 0.016 -36"><span class='ocrx_word' id='word_1_341' title='bbox 2064 2113 2132 2169; x_wconf 89' lang='lat' dir='ltr'><strong>de</strong></span> <span class='ocrx_word' id='word_1_342' title='bbox 2160 2113 2342 2171; x_wconf 87' lang='lat' dir='ltr'><strong>Patris</strong></span> <span class='ocrx_word' id='word_1_343' title='bbox 2376 2133 2438 2173; x_wconf 91' lang='lat' dir='ltr'><strong>ac</strong></span> <span class='ocrx_word' id='word_1_344' title='bbox 2471 2117 2593 2173; x_wconf 81' lang='lat' dir='ltr'><strong>Filii</strong></span> <span class='ocrx_word' id='word_1_345' title='bbox 2636 2121 2930 2180; x_wconf 82' lang='lat' dir='ltr'><strong>divinitate</strong></span> <span class='ocrx_word' id='word_1_346' title='bbox 2975 2131 3300 2185; x_wconf 88' lang='lat' dir='ltr'><strong>sententiam</strong></span> <span class='ocrx_word' id='word_1_347' title='bbox 3330 2141 3516 2203; x_wconf 89' lang='lat' dir='ltr'><strong>aperte</strong></span> <span class='ocrx_word' id='word_1_348' title='bbox 3545 2137 3641 2192; x_wconf 57' lang='lat' dir='ltr'><strong>dcc</strong></span> 
     </span>
    </p>
   </div>
   <div class='ocr_carea' id='block_1_48' title="bbox 2065 2210 3642 2295">
    <p class='ocr_par' dir='ltr' id='par_1_48' title="bbox 2065 2210 3642 2295">
     <span class='ocr_line' id='line_1_48' title="bbox 2065 2210 3642 2295; baseline 0.014 -35"><span class='ocrx_word' id='word_1_349' title='bbox 2065 2212 2392 2261; x_wconf 86' lang='lat' dir='ltr'><strong>monstrant.</strong></span> <span class='ocrx_word' id='word_1_350' title='bbox 2432 2210 2629 2265; x_wconf 82' lang='lat' dir='ltr'><strong>Verum</strong></span> <span class='ocrx_word' id='word_1_351' title='bbox 2665 2220 2724 2267; x_wconf 92' lang='lat' dir='ltr'><strong>tu</strong></span> <span class='ocrx_word' id='word_1_352' title='bbox 2755 2214 2866 2270; x_wconf 90' lang='lat' dir='ltr'><strong>illis</strong></span> <span class='ocrx_word' id='word_1_353' title='bbox 2907 2217 3091 2286; x_wconf 82' lang='lat' dir='ltr'><strong>potius</strong></span> <span class='ocrx_word' id='word_1_354' title='bbox 3125 2223 3388 2291; x_wconf 88' lang='lat' dir='ltr'><strong>negandis</strong></span> <span class='ocrx_word' id='word_1_355' title='bbox 3420 2241 3642 2295; x_wconf 82' lang='lat' dir='ltr'><strong>perver-</strong></span> 
     </span>
    </p>
   </div>
   <div class='ocr_carea' id='block_1_49' title="bbox 2064 2297 3640 2375">
    <p class='ocr_par' dir='ltr' id='par_1_49' title="bbox 2064 2297 3640 2375">
     <span class='ocr_line' id='line_1_49' title="bbox 2064 2297 3640 2375; baseline 0.016 -26"><span class='ocrx_word' id='word_1_356' title='bbox 2064 2311 2180 2351; x_wconf 87' lang='lat' dir='ltr'><strong>sam</strong></span> <span class='ocrx_word' id='word_1_357' title='bbox 2207 2297 2672 2374; x_wconf 89' lang='lat' dir='ltr'><strong>depravatamque</strong></span> <span class='ocrx_word' id='word_1_358' title='bbox 2709 2316 2858 2361; x_wconf 91' lang='lat' dir='ltr'><strong>tuam</strong></span> <span class='ocrx_word' id='word_1_359' title='bbox 2908 2308 2975 2364; x_wconf 89' lang='lat' dir='ltr'><strong>de</strong></span> <span class='ocrx_word' id='word_1_360' title='bbox 3006 2308 3210 2367; x_wconf 88' lang='lat' dir='ltr'><strong>Christi</strong></span> <span class='ocrx_word' id='word_1_361' title='bbox 3263 2314 3544 2374; x_wconf 81' lang='lat' dir='ltr'><strong>divinitate</strong></span> <span class='ocrx_word' id='word_1_362' title='bbox 3586 2329 3640 2375; x_wconf 86' lang='lat' dir='ltr'><strong>et</strong></span> 
     </span>
    </p>
   </div>
   <div class='ocr_carea' id='block_1_50' title="bbox 2063 2390 3641 2480">
    <p class='ocr_par' dir='ltr' id='par_1_50' title="bbox 2063 2390 3641 2480">
     <span class='ocr_line' id='line_1_50' title="bbox 2063 2390 3641 2480; baseline 0.015 -37"><span class='ocrx_word' id='word_1_363' title='bbox 2063 2390 2303 2444; x_wconf 86' lang='lat' dir='ltr'><strong>essentia</strong></span> <span class='ocrx_word' id='word_1_364' title='bbox 2328 2393 2638 2461; x_wconf 87' lang='lat' dir='ltr'><strong>opinionem</strong></span> <span class='ocrx_word' id='word_1_365' title='bbox 2663 2407 2824 2452; x_wconf 69' lang='lat' dir='ltr'><strong>recta:</strong></span> <span class='ocrx_word' id='word_1_366' title='bbox 2847 2397 2970 2454; x_wconf 83' lang='lat' dir='ltr'><strong>ﬁdei</strong></span> <span class='ocrx_word' id='word_1_367' title='bbox 2994 2405 3326 2460; x_wconf 89' lang='lat' dir='ltr'><strong>contrariam</strong></span> <span class='ocrx_word' id='word_1_368' title='bbox 3355 2411 3641 2480; x_wconf 88' lang='lat' dir='ltr'><strong>perspicue</strong></span> 
     </span>
    </p>
   </div>
   <div class='ocr_carea' id='block_1_51' title="bbox 2064 2480 2424 2547">
    <p class='ocr_par' dir='ltr' id='par_1_51' title="bbox 2064 2480 2424 2547">
     <span class='ocr_line' id='line_1_51' title="bbox 2064 2480 2424 2547; baseline 0.008 -15"><span class='ocrx_word' id='word_1_369' title='bbox 2064 2480 2372 2547; x_wconf 83' lang='lat' dir='ltr'><strong>prodidisti.</strong></span> <span class='ocrx_word' id='word_1_370' title='bbox 2406 2503 2424 2535; x_wconf 72' lang='grc' dir='ltr'><strong>ι</strong></span> 
     </span>
    </p>
   </div>
   <div class='ocr_carea' id='block_1_52' title="bbox 2136 2568 3315 2654">
    <p class='ocr_par' dir='ltr' id='par_1_52' title="bbox 2136 2568 3315 2654">
     <span class='ocr_line' id='line_1_52' title="bbox 2136 2568 3315 2654; baseline 0.017 -32"><span class='ocrx_word' id='word_1_371' title='bbox 2136 2568 2226 2624; x_wconf 79' lang='lat' dir='ltr'><strong>IX.</strong></span> <span class='ocrx_word' id='word_1_372' title='bbox 2265 2570 2397 2628; x_wconf 89' lang='lat' dir='ltr'><strong>Post</strong></span> <span class='ocrx_word' id='word_1_373' title='bbox 2427 2573 2541 2629; x_wconf 67' lang='lat' dir='ltr'><strong>haec</strong></span> <span class='ocrx_word' id='word_1_374' title='bbox 2584 2574 2826 2633; x_wconf 82' lang='lat' dir='ltr'><strong>Marcelli</strong></span> <span class='ocrx_word' id='word_1_375' title='bbox 2857 2581 3021 2636; x_wconf 84' lang='lat' dir='ltr'><strong>verba</strong></span> <span class='ocrx_word' id='word_1_376' title='bbox 3054 2584 3315 2654; x_wconf 87' lang='lat' dir='ltr'><strong>subjicit:</strong></span> 
     </span>
    </p>
   </div>
   <div class='ocr_carea' id='block_1_53' title="bbox 2140 2661 3633 2750">
    <p class='ocr_par' dir='ltr' id='par_1_53' title="bbox 2140 2661 3633 2750">
     <span class='ocr_line' id='line_1_53' title="bbox 2140 2661 3633 2750; baseline 0.017 -36"><span class='ocrx_word' id='word_1_377' title='bbox 2140 2681 2158 2714; x_wconf 81' lang='grc' dir='ltr'><strong>ι</strong></span> <span class='ocrx_word' id='word_1_378' title='bbox 2191 2661 2372 2735; x_wconf 88' lang='lat' dir='ltr'><strong>Inepta</strong></span> <span class='ocrx_word' id='word_1_379' title='bbox 2427 2669 2659 2738; x_wconf 85' lang='lat' dir='ltr'><strong>proinde</strong></span> <span class='ocrx_word' id='word_1_380' title='bbox 2707 2682 2838 2728; x_wconf 90' lang='lat' dir='ltr'><strong>sunt</strong></span> <span class='ocrx_word' id='word_1_381' title='bbox 2882 2689 3004 2743; x_wconf 68' lang='lat' dir='ltr'><strong>quae</strong></span> <span class='ocrx_word' id='word_1_382' title='bbox 3053 2674 3339 2734; x_wconf 83' lang='lat' dir='ltr'><strong>Marcellus</strong></span> <span class='ocrx_word' id='word_1_383' title='bbox 3392 2681 3633 2750; x_wconf 88' lang='lat' dir='ltr'><strong>adjecit:</strong></span> 
     </span>
    </p>
   </div>
   <div class='ocr_carea' id='block_1_54' title="bbox 2062 2751 3640 2836">
    <p class='ocr_par' dir='ltr' id='par_1_54' title="bbox 2062 2751 3640 2836">
     <span class='ocr_line' id='line_1_54' title="bbox 2062 2751 3640 2836; baseline 0.017 -30"><span class='ocrx_word' id='word_1_384' title='bbox 2062 2751 2206 2808; x_wconf 77' lang='lat' dir='ltr'><strong>Nihil</strong></span> <span class='ocrx_word' id='word_1_385' title='bbox 2249 2771 2439 2812; x_wconf 87' lang='lat' dir='ltr'><strong>eorum</strong></span> <span class='ocrx_word' id='word_1_386' title='bbox 2498 2776 2620 2830; x_wconf 69' lang='lat' dir='ltr'><strong>quae</strong></span> <span class='ocrx_word' id='word_1_387' title='bbox 2674 2774 2834 2820; x_wconf 86' lang='lat' dir='ltr'><strong>antea</strong></span> <span class='ocrx_word' id='word_1_388' title='bbox 2891 2780 3456 2836; x_wconf 86' lang='lat' dir='ltr'><strong>commemoraverat,</strong></span> <span class='ocrx_word' id='word_1_389' title='bbox 3516 2791 3640 2832; x_wconf 88' lang='lat' dir='ltr'><strong>esse</strong></span> 
     </span>
    </p>
   </div>
   <div class='ocr_carea' id='block_1_55' title="bbox 2064 2850 3641 2922">
    <p class='ocr_par' dir='ltr' id='par_1_55' title="bbox 2064 2850 3641 2922">
     <span class='ocr_line' id='line_1_55' title="bbox 2064 2850 3641 2922; baseline 0.013 -19"><span class='ocrx_word' id='word_1_390' title='bbox 2064 2850 2288 2917; x_wconf 87' lang='lat' dir='ltr'><strong>statuit;</strong></span> <span class='ocrx_word' id='word_1_391' title='bbox 2327 2860 2380 2906; x_wconf 91' lang='lat' dir='ltr'><strong>tu</strong></span> <span class='ocrx_word' id='word_1_392' title='bbox 2414 2852 2557 2908; x_wconf 90' lang='lat' dir='ltr'><strong>enim</strong></span> <span class='ocrx_word' id='word_1_393' title='bbox 2589 2855 2822 2913; x_wconf 89' lang='lat' dir='ltr'><strong>istorum</strong></span> <span class='ocrx_word' id='word_1_394' title='bbox 2853 2860 3096 2914; x_wconf 90' lang='lat' dir='ltr'><strong>omnium</strong></span> <span class='ocrx_word' id='word_1_395' title='bbox 3127 2876 3252 2918; x_wconf 87' lang='lat' dir='ltr'><strong>esse</strong></span> <span class='ocrx_word' id='word_1_396' title='bbox 3282 2878 3474 2922; x_wconf 90' lang='lat' dir='ltr'><strong>censes</strong></span> <span class='ocrx_word' id='word_1_397' title='bbox 3503 2867 3641 2922; x_wconf 52' lang='lat' dir='ltr'><strong>ima.</strong></span> 
     </span>
    </p>
   </div>
   <div class='ocr_carea' id='block_1_56' title="bbox 2063 2936 3640 3025">
    <p class='ocr_par' dir='ltr' id='par_1_56' title="bbox 2063 2936 3640 3025">
     <span class='ocr_line' id='line_1_56' title="bbox 2063 2936 3640 3025; baseline 0.017 -35"><span class='ocrx_word' id='word_1_398' title='bbox 2063 2936 2263 3010; x_wconf 85' lang='lat' dir='ltr'><strong>ginem.</strong></span> <span class='ocrx_word' id='word_1_399' title='bbox 2297 2939 2452 2997; x_wconf 89' lang='lat' dir='ltr'><strong>Unde</strong></span> <span class='ocrx_word' id='word_1_400' title='bbox 2480 2944 2526 3000; x_wconf 95' lang='lat' dir='ltr'><strong>si</strong></span> <span class='ocrx_word' id='word_1_401' title='bbox 2551 2948 2804 3003; x_wconf 84' lang='lat' dir='ltr'><strong>essentiae</strong></span> <span class='ocrx_word' id='word_1_402' title='bbox 2842 2949 3022 3021; x_wconf 80' lang='lat' dir='ltr'><strong>imago</strong></span> <span class='ocrx_word' id='word_1_403' title='bbox 3071 2961 3195 3020; x_wconf 91' lang='lat' dir='ltr'><strong>est,</strong></span> <span class='ocrx_word' id='word_1_404' title='bbox 3229 2953 3347 3025; x_wconf 91' lang='lat' dir='ltr'><strong>ipsa</strong></span> <span class='ocrx_word' id='word_1_405' title='bbox 3375 2974 3498 3015; x_wconf 90' lang='lat' dir='ltr'><strong>esse</strong></span> <span class='ocrx_word' id='word_1_406' title='bbox 3527 2977 3640 3017; x_wconf 87' lang='lat' dir='ltr'><strong>non</strong></span> 
     </span>
    </p>
   </div>
   <div class='ocr_carea' id='block_1_57' title="bbox 2067 3035 3636 3116">
    <p class='ocr_par' dir='ltr' id='par_1_57' title="bbox 2067 3035 3636 3116">
     <span class='ocr_line' id='line_1_57' title="bbox 2067 3035 3636 3116; baseline 0.016 -32"><span class='ocrx_word' id='word_1_407' title='bbox 2067 3037 2248 3098; x_wconf 87' lang='lat' dir='ltr'><strong>potest</strong></span> <span class='ocrx_word' id='word_1_408' title='bbox 2275 3035 2514 3090; x_wconf 86' lang='lat' dir='ltr'><strong>essentia</strong></span> <span class='ocrx_word' id='word_1_409' title='bbox 2542 3055 2555 3090; x_wconf 91' lang='lat'><strong>:</strong></span> <span class='ocrx_word' id='word_1_410' title='bbox 2586 3047 2641 3092; x_wconf 92' lang='lat' dir='ltr'><strong>et</strong></span> <span class='ocrx_word' id='word_1_411' title='bbox 2672 3039 2718 3094; x_wconf 90' lang='lat' dir='ltr'><strong>si</strong></span> <span class='ocrx_word' id='word_1_412' title='bbox 2752 3042 2967 3097; x_wconf 88' lang='lat' dir='ltr'><strong>consilii</strong></span> <span class='ocrx_word' id='word_1_413' title='bbox 3003 3043 3183 3116; x_wconf 82' lang='lat' dir='ltr'><strong>imago</strong></span> <span class='ocrx_word' id='word_1_414' title='bbox 3220 3048 3312 3111; x_wconf 88' lang='lat' dir='ltr'><strong>sit,</strong></span> <span class='ocrx_word' id='word_1_415' title='bbox 3346 3053 3636 3108; x_wconf 67' lang='lat' dir='ltr'><strong>consilium</strong></span> 
     </span>
    </p>
   </div>
   <div class='ocr_carea' id='block_1_58' title="bbox 375 3119 1961 3227">
    <p class='ocr_par' dir='ltr' id='par_1_58' title="bbox 375 3128 1958 3227">
     <span class='ocr_line' id='line_1_58' title="bbox 375 3128 1958 3227; baseline -0.001 -44"><span class='ocrx_word' id='word_1_416' title='bbox 375 3129 680 3202; x_wconf 80' lang='grc' dir='ltr'>δυνάμεως,</span> <span class='ocrx_word' id='word_1_417' title='bbox 709 3130 892 3186; x_wconf 81' lang='grc' dir='ltr'>οὐκέτι</span> <span class='ocrx_word' id='word_1_418' title='bbox 924 3129 1172 3202; x_wconf 82' lang='grc' dir='ltr'>δύναμιςο</span> <span class='ocrx_word' id='word_1_419' title='bbox 1209 3130 1304 3184; x_wconf 77' lang='grc' dir='ltr'><strong>καὶ</strong></span> <span class='ocrx_word' id='word_1_420' title='bbox 1324 3130 1374 3184; x_wconf 91' lang='grc' dir='ltr'><strong>εἰ</strong></span> <span class='ocrx_word' id='word_1_421' title='bbox 1401 3130 1579 3201; x_wconf 81' lang='grc' dir='ltr'>δόξης,</span> <span class='ocrx_word' id='word_1_422' title='bbox 1603 3129 1785 3184; x_wconf 78' lang='grc' dir='ltr'>οὐκέτι</span> <span class='ocrx_word' id='word_1_423' title='bbox 1811 3128 1958 3227; x_wconf 78' lang='grc' dir='ltr'>δόξα.</span> 
     </span>
    </p>
   </div>
   <div class='ocr_carea' id='block_1_59' title="bbox 2064 3119 3640 3227">
    <p class='ocr_par' dir='ltr' id='par_1_59' title="bbox 2066 3119 3640 3213">
     <span class='ocr_line' id='line_1_59' title="bbox 2066 3119 3640 3213; baseline 0.017 -41"><span class='ocrx_word' id='word_1_424' title='bbox 2066 3119 2245 3190; x_wconf 91' lang='lat' dir='ltr'><strong>ipsum</strong></span> <span class='ocrx_word' id='word_1_425' title='bbox 2275 3138 2401 3180; x_wconf 90' lang='lat' dir='ltr'><strong>esse</strong></span> <span class='ocrx_word' id='word_1_426' title='bbox 2427 3128 2646 3198; x_wconf 90' lang='lat' dir='ltr'><strong>nequit;</strong></span> <span class='ocrx_word' id='word_1_427' title='bbox 2674 3145 2853 3202; x_wconf 90' lang='lat' dir='ltr'><strong>neque</strong></span> <span class='ocrx_word' id='word_1_428' title='bbox 2881 3134 3076 3200; x_wconf 87' lang='lat' dir='ltr'><strong>virtus,</strong></span> <span class='ocrx_word' id='word_1_429' title='bbox 3101 3135 3149 3192; x_wconf 82' lang='grc' dir='ltr'><strong>εἰ</strong></span> <span class='ocrx_word' id='word_1_430' title='bbox 3185 3137 3437 3204; x_wconf 85' lang='lat' dir='ltr'><strong>virtutis;</strong></span> <span class='ocrx_word' id='word_1_431' title='bbox 3463 3158 3640 3213; x_wconf 82' lang='lat' dir='ltr'><strong>neque</strong></span> 
     </span>
    </p>
   </div>
   <div class='ocr_carea' id='block_1_60' title="bbox 389 3219 1960 3294">
    <p class='ocr_par' dir='ltr' id='par_1_60' title="bbox 389 3219 1960 3294">
     <span class='ocr_line' id='line_1_60' title="bbox 389 3219 1960 3294; baseline -0.001 -19"><span class='ocrx_word' id='word_1_432' title='bbox 389 3222 456 3275; x_wconf 81' lang='grc' dir='ltr'><strong>ἸΙ</strong></span> <span class='ocrx_word' id='word_1_433' title='bbox 479 3221 589 3292; x_wconf 81' lang='grc' dir='ltr'>γὰρ</span> <span class='ocrx_word' id='word_1_434' title='bbox 620 3221 783 3275; x_wconf 86' lang='grc' dir='ltr'>εἰκὼν</span> <span class='ocrx_word' id='word_1_435' title='bbox 816 3223 915 3292; x_wconf 84' lang='grc' dir='ltr'><strong>οὐχ</strong></span> <span class='ocrx_word' id='word_1_436' title='bbox 954 3223 1176 3294; x_wconf 80' lang='grc' dir='ltr'>ἑαυτῆς,</span> <span class='ocrx_word' id='word_1_437' title='bbox 1209 3221 1325 3277; x_wconf 81' lang='grc' dir='ltr'>ἀλλ’</span> <span class='ocrx_word' id='word_1_438' title='bbox 1364 3221 1552 3294; x_wconf 81' lang='grc' dir='ltr'>ἐτέρου</span> <span class='ocrx_word' id='word_1_439' title='bbox 1608 3221 1754 3285; x_wconf 89' lang='grc' dir='ltr'>τινὸς</span> <span class='ocrx_word' id='word_1_440' title='bbox 1798 3219 1960 3274; x_wconf 83' lang='grc' dir='ltr'>εἰκών</span> 
     </span>
    </p>
   </div>
   <div class='ocr_carea' id='block_1_61' title="bbox 377 3310 1962 3384">
    <p class='ocr_par' dir='ltr' id='par_1_61' title="bbox 377 3310 1962 3384">
     <span class='ocr_line' id='line_1_61' title="bbox 377 3310 1962 3384; baseline -0.001 -20"><span class='ocrx_word' id='word_1_441' title='bbox 377 3313 549 3367; x_wconf 81' lang='grc' dir='ltr'>ἐστιν.</span> <span class='ocrx_word' id='word_1_442' title='bbox 579 3312 765 3367; x_wconf 86' lang='grc' dir='ltr'>Ἔωλα</span> <span class='ocrx_word' id='word_1_443' title='bbox 791 3311 869 3377; x_wconf 84' lang='grc' dir='ltr'><strong>δὲ,</strong></span> <span class='ocrx_word' id='word_1_444' title='bbox 905 3312 1213 3384; x_wconf 81' lang='grc' dir='ltr'>Μάρκελλε,</span> <span class='ocrx_word' id='word_1_445' title='bbox 1245 3312 1339 3366; x_wconf 74' lang='grc' dir='ltr'>καὶ</span> <span class='ocrx_word' id='word_1_446' title='bbox 1375 3311 1545 3382; x_wconf 77' lang='grc' dir='ltr'>ψευδῆ</span> <span class='ocrx_word' id='word_1_447' title='bbox 1594 3311 1785 3364; x_wconf 85' lang='grc' dir='ltr'>ταῦτα.</span> <span class='ocrx_word' id='word_1_448' title='bbox 1821 3310 1962 3364; x_wconf 79' lang='grc' dir='ltr'><strong>Πάν-</strong></span> 
     </span>
    </p>
   </div>
   <div class='ocr_carea' id='block_1_62' title="bbox 377 3397 1959 3474">
    <p class='ocr_par' dir='ltr' id='par_1_62' title="bbox 377 3397 1959 3474">
     <span class='ocr_line' id='line_1_62' title="bbox 377 3397 1959 3474; baseline -0.002 -19"><span class='ocrx_word' id='word_1_449' title='bbox 377 3420 449 3456; x_wconf 85' lang='grc' dir='ltr'><strong>τα</strong></span> <span class='ocrx_word' id='word_1_450' title='bbox 486 3401 596 3474; x_wconf 78' lang='grc' dir='ltr'>γὰρ</span> <span class='ocrx_word' id='word_1_451' title='bbox 624 3402 787 3456; x_wconf 75' lang='grc' dir='ltr'>αὐτὸν</span> <span class='ocrx_word' id='word_1_452' title='bbox 809 3401 846 3456; x_wconf 69' lang='grc' dir='ltr'>ἃ</span> <span class='ocrx_word' id='word_1_453' title='bbox 893 3407 1153 3474; x_wconf 86' lang='grc' dir='ltr'>προεῖπον</span> <span class='ocrx_word' id='word_1_454' title='bbox 1191 3401 1468 3472; x_wconf 82' lang='grc' dir='ltr'>Ἀστέριος</span> <span class='ocrx_word' id='word_1_455' title='bbox 1513 3397 1653 3453; x_wconf 79' lang='grc' dir='ltr'>εἶναι</span> <span class='ocrx_word' id='word_1_456' title='bbox 1693 3400 1959 3471; x_wconf 76' lang='grc' dir='ltr'>βούλεται,</span> 
     </span>
    </p>
   </div>
   <div class='ocr_carea' id='block_1_63' title="bbox 379 3493 1959 3566">
    <p class='ocr_par' dir='ltr' id='par_1_63' title="bbox 379 3493 1959 3566">
     <span class='ocr_line' id='line_1_63' title="bbox 379 3493 1959 3566; baseline -0.001 -19"><span class='ocrx_word' id='word_1_457' title='bbox 379 3494 575 3563; x_wconf 70' lang='grc' dir='ltr'>λέγων·</span> <span class='ocrx_word' id='word_1_458' title='bbox 605 3495 868 3559; x_wconf 82' lang='grc' dir='ltr'>Βασιλεὺς</span> <span class='ocrx_word' id='word_1_459' title='bbox 886 3495 1136 3566; x_wconf 81' lang='grc' dir='ltr'>βασιλέα,</span> <span class='ocrx_word' id='word_1_460' title='bbox 1159 3494 1366 3566; x_wconf 82' lang='grc' dir='ltr'>Κύριος</span> <span class='ocrx_word' id='word_1_461' title='bbox 1397 3493 1623 3565; x_wconf 77' lang='grc' dir='ltr'>Κύριον,</span> <span class='ocrx_word' id='word_1_462' title='bbox 1641 3493 1773 3556; x_wconf 85' lang='grc' dir='ltr'>Θεὸς</span> <span class='ocrx_word' id='word_1_463' title='bbox 1807 3493 1959 3546; x_wconf 85' lang='grc' dir='ltr'>Θεόν.</span> 
     </span>
    </p>
   </div>
   <div class='ocr_carea' id='block_1_64' title="bbox 380 3583 1963 3659">
    <p class='ocr_par' dir='ltr' id='par_1_64' title="bbox 380 3583 1963 3659">
     <span class='ocr_line' id='line_1_64' title="bbox 380 3583 1963 3659; baseline -0.003 -19"><span class='ocrx_word' id='word_1_464' title='bbox 380 3587 493 3640; x_wconf 78' lang='grc' dir='ltr'><strong>Καὶ</strong></span> <span class='ocrx_word' id='word_1_465' title='bbox 516 3584 632 3639; x_wconf 83' lang='grc' dir='ltr'>λύει</span> <span class='ocrx_word' id='word_1_466' title='bbox 667 3603 762 3640; x_wconf 94' lang='grc' dir='ltr'><strong>σου</strong></span> <span class='ocrx_word' id='word_1_467' title='bbox 786 3585 882 3658; x_wconf 83' lang='grc' dir='ltr'><strong>τὴν</strong></span> <span class='ocrx_word' id='word_1_468' title='bbox 909 3587 1114 3659; x_wconf 80' lang='grc' dir='ltr'>ἄψυχον</span> <span class='ocrx_word' id='word_1_469' title='bbox 1143 3587 1348 3651; x_wconf 89' lang='grc' dir='ltr'>εἰκόνα,</span> <span class='ocrx_word' id='word_1_470' title='bbox 1377 3585 1477 3656; x_wconf 83' lang='grc' dir='ltr'>τὴν</span> <span class='ocrx_word' id='word_1_471' title='bbox 1505 3584 1647 3639; x_wconf 87' lang='grc' dir='ltr'>κατὰ</span> <span class='ocrx_word' id='word_1_472' title='bbox 1669 3585 1728 3637; x_wconf 87' lang='grc' dir='ltr'>σὲ</span> <span class='ocrx_word' id='word_1_473' title='bbox 1754 3583 1963 3654; x_wconf 84' lang='grc' dir='ltr'>ἀνθρω-</span> 
     </span>
    </p>
   </div>
   <div class='ocr_carea' id='block_1_65' title="bbox 383 3675 1963 3749">
    <p class='ocr_par' dir='ltr' id='par_1_65' title="bbox 383 3675 1963 3749">
     <span class='ocr_line' id='line_1_65' title="bbox 383 3675 1963 3749; baseline -0.001 -20"><span class='ocrx_word' id='word_1_474' title='bbox 383 3676 518 3749; x_wconf 81' lang='grc' dir='ltr'>πίνῃ</span> <span class='ocrx_word' id='word_1_475' title='bbox 549 3677 714 3749; x_wconf 77' lang='grc' dir='ltr'>τέχνῃ</span> <span class='ocrx_word' id='word_1_476' title='bbox 747 3677 1088 3735; x_wconf 84' lang='grc' dir='ltr'>συνεστῶσαν</span> <span class='ocrx_word' id='word_1_477' title='bbox 1142 3677 1300 3748; x_wconf 70' lang='grc' dir='ltr'>μόνῃ.</span> <span class='ocrx_word' id='word_1_478' title='bbox 1342 3676 1566 3730; x_wconf 83' lang='grc' dir='ltr'>Πάντων</span> <span class='ocrx_word' id='word_1_479' title='bbox 1611 3675 1720 3746; x_wconf 79' lang='grc' dir='ltr'>γὰρ</span> <span class='ocrx_word' id='word_1_480' title='bbox 1759 3675 1963 3728; x_wconf 86' lang='grc' dir='ltr'>τούτων</span> 
     </span>
    </p>
   </div>
   <div class='ocr_carea' id='block_1_66' title="bbox 384 3768 1963 3840">
    <p class='ocr_par' dir='ltr' id='par_1_66' title="bbox 384 3768 1963 3840">
     <span class='ocr_line' id='line_1_66' title="bbox 384 3768 1963 3840; baseline -0.003 -17"><span class='ocrx_word' id='word_1_481' title='bbox 384 3768 567 3834; x_wconf 73' lang='grc' dir='ltr'>ζῶσαν</span> <span class='ocrx_word' id='word_1_482' title='bbox 614 3771 799 3825; x_wconf 77' lang='grc' dir='ltr'>εἰκόνα</span> <span class='ocrx_word' id='word_1_483' title='bbox 847 3771 1014 3840; x_wconf 83' lang='grc' dir='ltr'>λέγει,</span> <span class='ocrx_word' id='word_1_484' title='bbox 1070 3771 1166 3826; x_wconf 75' lang='grc' dir='ltr'>καὶ</span> <span class='ocrx_word' id='word_1_485' title='bbox 1199 3769 1400 3836; x_wconf 81' lang='grc' dir='ltr'>ζῶντος</span> <span class='ocrx_word' id='word_1_486' title='bbox 1430 3768 1634 3832; x_wconf 83' lang='grc' dir='ltr'>εἰκόνος</span> <span class='ocrx_word' id='word_1_487' title='bbox 1671 3770 1963 3840; x_wconf 81' lang='grc' dir='ltr'>ἐκμαγεῖον</span> 
     </span>
    </p>
   </div>
   <div class='ocr_carea' id='block_1_67' title="bbox 385 3857 1964 3935">
    <p class='ocr_par' dir='ltr' id='par_1_67' title="bbox 385 3857 1964 3935">
     <span class='ocr_line' id='line_1_67' title="bbox 385 3857 1964 3935; baseline -0.001 -20"><span class='ocrx_word' id='word_1_488' title='bbox 385 3857 552 3917; x_wconf 76' lang='grc' dir='ltr'>οὖσαν</span> <span class='ocrx_word' id='word_1_489' title='bbox 580 3863 676 3917; x_wconf 91' lang='grc' dir='ltr'><strong>τοῦ</strong></span> <span class='ocrx_word' id='word_1_490' title='bbox 706 3863 1116 3935; x_wconf 67' lang='grc' dir='ltr'>γεγεννηκότος</span> <span class='ocrx_word' id='word_1_491' title='bbox 1146 3863 1239 3917; x_wconf 81' lang='grc' dir='ltr'><strong>καὶ</strong></span> <span class='ocrx_word' id='word_1_492' title='bbox 1265 3862 1452 3926; x_wconf 86' lang='grc' dir='ltr'>οὐσίας</span> <span class='ocrx_word' id='word_1_493' title='bbox 1480 3860 1802 3915; x_wconf 85' lang='grc' dir='ltr'>αὐτοουσίαν</span> <span class='ocrx_word' id='word_1_494' title='bbox 1826 3861 1964 3914; x_wconf 84' lang='grc' dir='ltr'>εἰκό-</span> 
     </span>
    </p>
   </div>
   <div class='ocr_carea' id='block_1_68' title="bbox 387 3953 1960 4027">
    <p class='ocr_par' dir='ltr' id='par_1_68' title="bbox 387 3953 1960 4027">
     <span class='ocr_line' id='line_1_68' title="bbox 387 3953 1960 4027; baseline -0.002 -18"><span class='ocrx_word' id='word_1_495' title='bbox 387 3973 456 4010; x_wconf 87' lang='grc' dir='ltr'><strong>να</strong></span> <span class='ocrx_word' id='word_1_496' title='bbox 482 3957 649 4024; x_wconf 85' lang='grc' dir='ltr'>λέγει,</span> <span class='ocrx_word' id='word_1_497' title='bbox 681 3959 776 4011; x_wconf 81' lang='grc' dir='ltr'>καὶ</span> <span class='ocrx_word' id='word_1_498' title='bbox 808 3956 1004 4027; x_wconf 82' lang='grc' dir='ltr'>βουλῆς</span> <span class='ocrx_word' id='word_1_499' title='bbox 1033 3954 1384 4025; x_wconf 80' lang='grc' dir='ltr'>αὐτοϐουλὴν,</span> <span class='ocrx_word' id='word_1_500' title='bbox 1419 3955 1513 4008; x_wconf 75' lang='grc' dir='ltr'><strong>καὶ</strong></span> <span class='ocrx_word' id='word_1_501' title='bbox 1548 3953 1830 4024; x_wconf 84' lang='grc' dir='ltr'>δυνάμεως</span> <span class='ocrx_word' id='word_1_502' title='bbox 1859 3953 1960 4006; x_wconf 80' lang='grc' dir='ltr'>αὐ-</span> 
     </span>
    </p>
   </div>
   <div class='ocr_carea' id='block_1_69' title="bbox 385 4042 1960 4118">
    <p class='ocr_par' dir='ltr' id='par_1_69' title="bbox 385 4042 1960 4118">
     <span class='ocr_line' id='line_1_69' title="bbox 385 4042 1960 4118; baseline -0.001 -20"><span class='ocrx_word' id='word_1_503' title='bbox 385 4047 700 4118; x_wconf 85' lang='grc' dir='ltr'>τοδύναμιν,</span> <span class='ocrx_word' id='word_1_504' title='bbox 755 4049 852 4102; x_wconf 81' lang='grc' dir='ltr'>καὶ</span> <span class='ocrx_word' id='word_1_505' title='bbox 903 4047 1060 4118; x_wconf 81' lang='grc' dir='ltr'>δόξης</span> <span class='ocrx_word' id='word_1_506' title='bbox 1115 4045 1443 4112; x_wconf 80' lang='grc' dir='ltr'>αὐτοδοξίαν,</span> <span class='ocrx_word' id='word_1_507' title='bbox 1478 4046 1571 4098; x_wconf 75' lang='grc' dir='ltr'><strong>καὶ</strong></span> <span class='ocrx_word' id='word_1_508' title='bbox 1598 4045 1696 4114; x_wconf 82' lang='grc' dir='ltr'><strong>οὐχ</strong></span> <span class='ocrx_word' id='word_1_509' title='bbox 1740 4042 1960 4112; x_wconf 78' lang='grc' dir='ltr'>ἑαυτῆς,</span> 
     </span>
    </p>
   </div>
   <div class='ocr_carea' id='block_1_70' title="bbox 382 4133 1963 4210">
    <p class='ocr_par' dir='ltr' id='par_1_70' title="bbox 382 4133 1963 4210">
     <span class='ocr_line' id='line_1_70' title="bbox 382 4133 1963 4210; baseline -0.004 -18"><span class='ocrx_word' id='word_1_510' title='bbox 382 4137 500 4192; x_wconf 81' lang='grc' dir='ltr'>ἀλλ’</span> <span class='ocrx_word' id='word_1_511' title='bbox 525 4139 715 4210; x_wconf 77' lang='grc' dir='ltr'>ἑτέρου</span> <span class='ocrx_word' id='word_1_512' title='bbox 764 4138 993 4202; x_wconf 86' lang='grc' dir='ltr'>εἰκόνος.</span> <span class='ocrx_word' id='word_1_513' title='bbox 1025 4139 1097 4192; x_wconf 80' lang='grc' dir='ltr'><strong>Σὺ</strong></span> <span class='ocrx_word' id='word_1_514' title='bbox 1121 4137 1200 4202; x_wconf 84' lang='grc' dir='ltr'>δὲ,</span> <span class='ocrx_word' id='word_1_515' title='bbox 1248 4136 1382 4190; x_wconf 87' lang='grc' dir='ltr'>Θεὸν</span> <span class='ocrx_word' id='word_1_516' title='bbox 1425 4136 1491 4189; x_wconf 82' lang='grc' dir='ltr'>ὲκ</span> <span class='ocrx_word' id='word_1_517' title='bbox 1527 4133 1663 4188; x_wconf 84' lang='grc' dir='ltr'>Θεοῦ</span> <span class='ocrx_word' id='word_1_518' title='bbox 1701 4134 1792 4187; x_wconf 90' lang='grc' dir='ltr'><strong>τὸν</strong></span> <span class='ocrx_word' id='word_1_519' title='bbox 1838 4133 1963 4186; x_wconf 88' lang='grc' dir='ltr'>Υίὸν</span> 
     </span>
    </p>
   </div>
   <div class='ocr_carea' id='block_1_71' title="bbox 382 4226 1963 4302">
    <p class='ocr_par' dir='ltr' id='par_1_71' title="bbox 382 4226 1963 4302">
     <span class='ocr_line' id='line_1_71' title="bbox 382 4226 1963 4302; baseline -0.003 -19"><span class='ocrx_word' id='word_1_520' title='bbox 382 4231 484 4302; x_wconf 86' lang='grc' dir='ltr'>οὐχ</span> <span class='ocrx_word' id='word_1_521' title='bbox 508 4229 816 4302; x_wconf 83' lang='grc' dir='ltr'>ὁμολογῶν,</span> <span class='ocrx_word' id='word_1_522' title='bbox 842 4231 964 4286; x_wconf 80' lang='grc' dir='ltr'>οὐδὲ</span> <span class='ocrx_word' id='word_1_523' title='bbox 993 4230 1110 4301; x_wconf 86' lang='grc' dir='ltr'><strong>φῶς</strong></span> <span class='ocrx_word' id='word_1_524' title='bbox 1148 4233 1213 4284; x_wconf 85' lang='grc' dir='ltr'>ὲκ</span> <span class='ocrx_word' id='word_1_525' title='bbox 1244 4229 1440 4299; x_wconf 82' lang='grc' dir='ltr'>φωτὸς,</span> <span class='ocrx_word' id='word_1_526' title='bbox 1471 4228 1591 4281; x_wconf 81' lang='grc' dir='ltr'>οὐδὲ</span> <span class='ocrx_word' id='word_1_527' title='bbox 1621 4226 1848 4298; x_wconf 86' lang='grc' dir='ltr'>δύναμιν</span> <span class='ocrx_word' id='word_1_528' title='bbox 1897 4228 1963 4279; x_wconf 83' lang='grc' dir='ltr'>ἐκ</span> 
     </span>
    </p>
   </div>
   <div class='ocr_carea' id='block_1_72' title="bbox 381 4319 1963 4393">
    <p class='ocr_par' dir='ltr' id='par_1_72' title="bbox 381 4319 1963 4393">
     <span class='ocr_line' id='line_1_72' title="bbox 381 4319 1963 4393; baseline -0.002 -19"><span class='ocrx_word' id='word_1_529' title='bbox 381 4321 687 4393; x_wconf 83' lang='grc' dir='ltr'>δυνάμεως,</span> <span class='ocrx_word' id='word_1_530' title='bbox 717 4321 842 4376; x_wconf 77' lang='grc' dir='ltr'>οὒτε</span> <span class='ocrx_word' id='word_1_531' title='bbox 877 4321 1030 4390; x_wconf 86' lang='grc' dir='ltr'>Θεὸν,</span> <span class='ocrx_word' id='word_1_532' title='bbox 1063 4321 1185 4375; x_wconf 74' lang='grc' dir='ltr'>οὔτε</span> <span class='ocrx_word' id='word_1_533' title='bbox 1211 4321 1346 4391; x_wconf 87' lang='grc' dir='ltr'>φῶς,</span> <span class='ocrx_word' id='word_1_534' title='bbox 1375 4321 1436 4374; x_wconf 82' lang='grc' dir='ltr'>οὑ</span> <span class='ocrx_word' id='word_1_535' title='bbox 1456 4319 1704 4390; x_wconf 83' lang='grc' dir='ltr'>δύναμιν,</span> <span class='ocrx_word' id='word_1_536' title='bbox 1733 4319 1832 4372; x_wconf 84' lang='grc' dir='ltr'>οὐκ</span> <span class='ocrx_word' id='word_1_537' title='bbox 1871 4319 1963 4372; x_wconf 81' lang='grc' dir='ltr'>οῦ·-</span> 
     </span>
    </p>
   </div>
   <div class='ocr_carea' id='block_1_73' title="bbox 385 4408 1959 4486">
    <p class='ocr_par' dir='ltr' id='par_1_73' title="bbox 385 4408 1959 4486">
     <span class='ocr_line' id='line_1_73' title="bbox 385 4408 1959 4486; baseline -0.003 -18"><span class='ocrx_word' id='word_1_538' title='bbox 385 4413 528 4478; x_wconf 87' lang='grc' dir='ltr'>σίαν,</span> <span class='ocrx_word' id='word_1_539' title='bbox 561 4416 623 4468; x_wconf 82' lang='grc' dir='ltr'><strong>οὑ</strong></span> <span class='ocrx_word' id='word_1_540' title='bbox 683 4414 900 4486; x_wconf 78' lang='grc' dir='ltr'>βουλὴν,</span> <span class='ocrx_word' id='word_1_541' title='bbox 930 4415 989 4469; x_wconf 77' lang='grc' dir='ltr'>οὐ</span> <span class='ocrx_word' id='word_1_542' title='bbox 1021 4414 1177 4480; x_wconf 79' lang='grc' dir='ltr'>δόξαν</span> <span class='ocrx_word' id='word_1_543' title='bbox 1219 4415 1312 4468; x_wconf 87' lang='grc' dir='ltr'><strong>τὸν</strong></span> <span class='ocrx_word' id='word_1_544' title='bbox 1352 4413 1481 4466; x_wconf 87' lang='grc' dir='ltr'>Υἰὸν</span> <span class='ocrx_word' id='word_1_545' title='bbox 1524 4408 1662 4466; x_wconf 78' lang='grc' dir='ltr'>εἶναι</span> <span class='ocrx_word' id='word_1_546' title='bbox 1716 4410 1889 4474; x_wconf 81' lang='grc' dir='ltr'>θέλεις</span> <span class='ocrx_word' id='word_1_547' title='bbox 1921 4411 1959 4465; x_wconf 86' lang='grc'><strong>¹.</strong></span> 
     </span>
    </p>
   </div>
   <div class='ocr_carea' id='block_1_74' title="bbox 2065 3213 3639 3306">
    <p class='ocr_par' dir='ltr' id='par_1_74' title="bbox 2065 3213 3639 3306">
     <span class='ocr_line' id='line_1_74' title="bbox 2065 3213 3639 3306; baseline 0.015 -40"><span class='ocrx_word' id='word_1_548' title='bbox 2065 3213 2278 3282; x_wconf 81' lang='lat' dir='ltr'><strong>gloria,</strong></span> <span class='ocrx_word' id='word_1_549' title='bbox 2333 3217 2378 3273; x_wconf 91' lang='lat' dir='ltr'><strong>si</strong></span> <span class='ocrx_word' id='word_1_550' title='bbox 2418 3221 2642 3290; x_wconf 89' lang='lat' dir='ltr'><strong>quidem</strong></span> <span class='ocrx_word' id='word_1_551' title='bbox 2690 3223 2868 3296; x_wconf 86' lang='lat' dir='ltr'><strong>imago</strong></span> <span class='ocrx_word' id='word_1_552' title='bbox 2896 3227 3080 3298; x_wconf 70' lang='lat' dir='ltr'><strong>gloriae</strong></span> <span class='ocrx_word' id='word_1_553' title='bbox 3127 3239 3232 3286; x_wconf 89' lang='lat' dir='ltr'><strong>est.</strong></span> <span class='ocrx_word' id='word_1_554' title='bbox 3270 3230 3407 3286; x_wconf 77' lang='lat' dir='ltr'><strong>Nam</strong></span> <span class='ocrx_word' id='word_1_555' title='bbox 3461 3235 3639 3306; x_wconf 80' lang='lat' dir='ltr'><strong>imago</strong></span> 
     </span>
    </p>
   </div>
   <div class='ocr_carea' id='block_1_75' title="bbox 2064 3308 3638 3395">
    <p class='ocr_par' dir='ltr' id='par_1_75' title="bbox 2064 3308 3638 3395">
     <span class='ocr_line' id='line_1_75' title="bbox 2064 3308 3638 3395; baseline 0.015 -38"><span class='ocrx_word' id='word_1_556' title='bbox 2064 3320 2172 3360; x_wconf 89' lang='lat' dir='ltr'><strong>non</strong></span> <span class='ocrx_word' id='word_1_557' title='bbox 2207 3308 2293 3364; x_wconf 89' lang='lat' dir='ltr'><strong>sui</strong></span> <span class='ocrx_word' id='word_1_558' title='bbox 2331 3309 2542 3380; x_wconf 90' lang='lat' dir='ltr'><strong>ipsius,</strong></span> <span class='ocrx_word' id='word_1_559' title='bbox 2596 3313 2694 3369; x_wconf 92' lang='lat' dir='ltr'><strong>sed</strong></span> <span class='ocrx_word' id='word_1_560' title='bbox 2742 3318 2967 3374; x_wconf 88' lang='lat' dir='ltr'><strong>alterius</strong></span> <span class='ocrx_word' id='word_1_561' title='bbox 3018 3320 3250 3390; x_wconf 86' lang='lat' dir='ltr'><strong>alicujus</strong></span> <span class='ocrx_word' id='word_1_562' title='bbox 3306 3323 3484 3395; x_wconf 88' lang='lat' dir='ltr'><strong>imago</strong></span> <span class='ocrx_word' id='word_1_563' title='bbox 3532 3336 3638 3380; x_wconf 72' lang='lat' dir='ltr'><strong>est.</strong></span> 
     </span>
    </p>
   </div>
   <div class='ocr_carea' id='block_1_76' title="bbox 2066 3395 3639 3475">
    <p class='ocr_par' dir='ltr' id='par_1_76' title="bbox 2066 3395 3639 3475">
     <span class='ocr_line' id='line_1_76' title="bbox 2066 3395 3639 3475; baseline 0.015 -24"><span class='ocrx_word' id='word_1_564' title='bbox 2066 3395 2172 3453; x_wconf 87' lang='lat' dir='ltr'><strong>Sed</strong></span> <span class='ocrx_word' id='word_1_565' title='bbox 2222 3399 2338 3455; x_wconf 66' lang='lat' dir='ltr'><strong>haec</strong></span> <span class='ocrx_word' id='word_1_566' title='bbox 2369 3403 2603 3471; x_wconf 90' lang='lat' dir='ltr'><strong>insulsa,</strong></span> <span class='ocrx_word' id='word_1_567' title='bbox 2634 3405 2885 3463; x_wconf 86' lang='lat' dir='ltr'><strong>Marcelle</strong></span> <span class='ocrx_word' id='word_1_568' title='bbox 2906 3450 2920 3474; x_wconf 90' lang='lat'><strong>,</strong></span> <span class='ocrx_word' id='word_1_569' title='bbox 2953 3419 3080 3467; x_wconf 89' lang='lat' dir='ltr'><strong>sunt</strong></span> <span class='ocrx_word' id='word_1_570' title='bbox 3111 3428 3174 3468; x_wconf 90' lang='lat' dir='ltr'><strong>ac</strong></span> <span class='ocrx_word' id='word_1_571' title='bbox 3204 3413 3358 3470; x_wconf 80' lang='lat' dir='ltr'><strong>falsa.</strong></span> <span class='ocrx_word' id='word_1_572' title='bbox 3387 3418 3639 3475; x_wconf 82' lang='lat' dir='ltr'><strong>Asterius</strong></span> 
     </span>
    </p>
   </div>
   <div class='ocr_carea' id='block_1_77' title="bbox 2063 3491 3636 3582">
    <p class='ocr_par' dir='ltr' id='par_1_77' title="bbox 2063 3491 3636 3582">
     <span class='ocr_line' id='line_1_77' title="bbox 2063 3491 3636 3582; baseline 0.015 -40"><span class='ocrx_word' id='word_1_573' title='bbox 2063 3491 2206 3545; x_wconf 89' lang='lat' dir='ltr'><strong>enim</strong></span> <span class='ocrx_word' id='word_1_574' title='bbox 2239 3495 2421 3550; x_wconf 88' lang='lat' dir='ltr'><strong>omnia</strong></span> <span class='ocrx_word' id='word_1_575' title='bbox 2450 3496 2567 3552; x_wconf 64' lang='lat' dir='ltr'><strong>hinc</strong></span> <span class='ocrx_word' id='word_1_576' title='bbox 2597 3498 2748 3553; x_wconf 95' lang='lat' dir='ltr'><strong>illum</strong></span> <span class='ocrx_word' id='word_1_577' title='bbox 2780 3517 2903 3570; x_wconf 89' lang='lat' dir='ltr'><strong>esse</strong></span> <span class='ocrx_word' id='word_1_578' title='bbox 2941 3503 3165 3568; x_wconf 87' lang='lat' dir='ltr'><strong>indicat.</strong></span> <span class='ocrx_word' id='word_1_579' title='bbox 3193 3524 3315 3576; x_wconf 57' lang='lat' dir='ltr'><strong>quae</strong></span> <span class='ocrx_word' id='word_1_580' title='bbox 3342 3510 3504 3582; x_wconf 68' lang='grc'><strong>84],</strong></span> <span class='ocrx_word' id='word_1_581' title='bbox 3535 3528 3636 3565; x_wconf 87' lang='lat' dir='ltr'><strong>an-</strong></span> 
     </span>
    </p>
   </div>
   <div class='ocr_carea' id='block_1_78' title="bbox 2063 3589 3636 3669">
    <p class='ocr_par' dir='ltr' id='par_1_78' title="bbox 2063 3589 3636 3669">
     <span class='ocr_line' id='line_1_78' title="bbox 2063 3589 3636 3669; baseline 0.015 -33"><span class='ocrx_word' id='word_1_582' title='bbox 2063 3589 2150 3638; x_wconf 86' lang='lat' dir='ltr'><strong>tea</strong></span> <span class='ocrx_word' id='word_1_583' title='bbox 2184 3591 2523 3655; x_wconf 89' lang='lat' dir='ltr'><strong>numeravit,</strong></span> <span class='ocrx_word' id='word_1_584' title='bbox 2572 3606 2699 3646; x_wconf 91' lang='lat' dir='ltr'><strong>cum</strong></span> <span class='ocrx_word' id='word_1_585' title='bbox 2734 3593 2910 3648; x_wconf 80' lang='lat' dir='ltr'><strong>dixit:</strong></span> <span class='ocrx_word' id='word_1_586' title='bbox 2970 3595 3086 3652; x_wconf 82' lang='lat' dir='ltr'><strong>Rex</strong></span> <span class='ocrx_word' id='word_1_587' title='bbox 3137 3614 3344 3669; x_wconf 86' lang='lat' dir='ltr'><strong>regem,</strong></span> <span class='ocrx_word' id='word_1_588' title='bbox 3379 3601 3636 3659; x_wconf 83' lang='lat' dir='ltr'><strong>Dominus</strong></span> 
     </span>
    </p>
   </div>
   <div class='ocr_carea' id='block_1_79' title="bbox 2063 3673 3635 3752">
    <p class='ocr_par' dir='ltr' id='par_1_79' title="bbox 2063 3673 3635 3752">
     <span class='ocr_line' id='line_1_79' title="bbox 2063 3673 3635 3752; baseline 0.013 -24"><span class='ocrx_word' id='word_1_589' title='bbox 2063 3673 2355 3733; x_wconf 89' lang='lat' dir='ltr'><strong>Dominum</strong></span> <span class='ocrx_word' id='word_1_590' title='bbox 2381 3719 2396 3744; x_wconf 95' lang='lat'><strong>,</strong></span> <span class='ocrx_word' id='word_1_591' title='bbox 2427 3681 2568 3737; x_wconf 89' lang='lat' dir='ltr'><strong>Deus</strong></span> <span class='ocrx_word' id='word_1_592' title='bbox 2609 3682 2799 3740; x_wconf 87' lang='lat' dir='ltr'><strong>Deum.</strong></span> <span class='ocrx_word' id='word_1_593' title='bbox 2837 3685 3048 3752; x_wconf 87' lang='lat' dir='ltr'><strong>Quibus</strong></span> <span class='ocrx_word' id='word_1_594' title='bbox 3078 3691 3261 3745; x_wconf 89' lang='lat' dir='ltr'><strong>verbis</strong></span> <span class='ocrx_word' id='word_1_595' title='bbox 3307 3703 3454 3747; x_wconf 85' lang='lat' dir='ltr'><strong>tuam</strong></span> <span class='ocrx_word' id='word_1_596' title='bbox 3489 3696 3635 3749; x_wconf 80' lang='lat' dir='ltr'><strong>illam</strong></span> 
     </span>
    </p>
   </div>
   <div class='ocr_carea' id='block_1_80' title="bbox 2065 3763 3638 3845">
    <p class='ocr_par' dir='ltr' id='par_1_80' title="bbox 2065 3763 3638 3845">
     <span class='ocr_line' id='line_1_80' title="bbox 2065 3763 3638 3845; baseline 0.015 -27"><span class='ocrx_word' id='word_1_597' title='bbox 2065 3763 2360 3823; x_wconf 88' lang='lat' dir='ltr'><strong>inanimam</strong></span> <span class='ocrx_word' id='word_1_598' title='bbox 2388 3771 2616 3842; x_wconf 70' lang='lat' dir='ltr'><strong>efﬁgiem</strong></span> <span class='ocrx_word' id='word_1_599' title='bbox 2644 3813 2659 3836; x_wconf 91' lang='lat'><strong>,</strong></span> <span class='ocrx_word' id='word_1_600' title='bbox 2695 3790 2760 3830; x_wconf 87' lang='lat' dir='ltr'><strong>ac</strong></span> <span class='ocrx_word' id='word_1_601' title='bbox 2789 3777 2906 3832; x_wconf 90' lang='lat' dir='ltr'><strong>solo</strong></span> <span class='ocrx_word' id='word_1_602' title='bbox 2927 3817 2940 3840; x_wconf 91' lang='lat'><strong>,</strong></span> <span class='ocrx_word' id='word_1_603' title='bbox 2967 3788 3026 3833; x_wconf 91' lang='lat' dir='ltr'><strong>ut</strong></span> <span class='ocrx_word' id='word_1_604' title='bbox 3055 3781 3338 3838; x_wconf 88' lang='lat' dir='ltr'><strong>arbitraris</strong></span> <span class='ocrx_word' id='word_1_605' title='bbox 3357 3823 3372 3845; x_wconf 95' lang='lat'><strong>,</strong></span> <span class='ocrx_word' id='word_1_606' title='bbox 3402 3784 3638 3842; x_wconf 81' lang='lat' dir='ltr'><strong>hommis</strong></span> 
     </span>
    </p>
   </div>
   <div class='ocr_carea' id='block_1_81' title="bbox 2064 3855 3635 3942">
    <p class='ocr_par' dir='ltr' id='par_1_81' title="bbox 2064 3855 3635 3942">
     <span class='ocr_line' id='line_1_81' title="bbox 2064 3855 3635 3942; baseline 0.013 -35"><span class='ocrx_word' id='word_1_607' title='bbox 2064 3855 2302 3911; x_wconf 80' lang='lat' dir='ltr'><strong>artiﬁcio</strong></span> <span class='ocrx_word' id='word_1_608' title='bbox 2339 3863 2692 3917; x_wconf 82' lang='lat' dir='ltr'><strong>constitutam</strong></span> <span class='ocrx_word' id='word_1_609' title='bbox 2741 3862 2989 3922; x_wconf 82' lang='lat' dir='ltr'><strong>funditus</strong></span> <span class='ocrx_word' id='word_1_610' title='bbox 3022 3869 3234 3924; x_wconf 86' lang='lat' dir='ltr'><strong>evertit.</strong></span> <span class='ocrx_word' id='word_1_611' title='bbox 3270 3869 3480 3942; x_wconf 83' lang='lat' dir='ltr'><strong>Quippe</strong></span> <span class='ocrx_word' id='word_1_612' title='bbox 3513 3874 3635 3928; x_wconf 81' lang='lat' dir='ltr'><strong>illo—</strong></span> 
     </span>
    </p>
   </div>
   <div class='ocr_carea' id='block_1_82' title="bbox 2064 3950 3636 4030">
    <p class='ocr_par' dir='ltr' id='par_1_82' title="bbox 2064 3950 3636 4030">
     <span class='ocr_line' id='line_1_82' title="bbox 2064 3950 3636 4030; baseline 0.013 -29"><span class='ocrx_word' id='word_1_613' title='bbox 2064 3963 2186 4002; x_wconf 85' lang='lat' dir='ltr'><strong>rum</strong></span> <span class='ocrx_word' id='word_1_614' title='bbox 2218 3950 2466 4005; x_wconf 91' lang='lat' dir='ltr'><strong>omnium</strong></span> <span class='ocrx_word' id='word_1_615' title='bbox 2497 3953 2674 4008; x_wconf 83' lang='lat' dir='ltr'><strong>vivam</strong></span> <span class='ocrx_word' id='word_1_616' title='bbox 2713 3970 2835 4011; x_wconf 89' lang='lat' dir='ltr'><strong>esse</strong></span> <span class='ocrx_word' id='word_1_617' title='bbox 2881 3957 3040 4013; x_wconf 74' lang='lat' dir='ltr'><strong>(locet</strong></span> <span class='ocrx_word' id='word_1_618' title='bbox 3073 3959 3384 4030; x_wconf 87' lang='lat' dir='ltr'><strong>imaginem,</strong></span> <span class='ocrx_word' id='word_1_619' title='bbox 3419 3963 3523 4018; x_wconf 89' lang='lat' dir='ltr'><strong>hoc</strong></span> <span class='ocrx_word' id='word_1_620' title='bbox 3554 3977 3636 4020; x_wconf 77' lang='lat' dir='ltr'><strong>est</strong></span> 
     </span>
    </p>
   </div>
   <div class='ocr_carea' id='block_1_83' title="bbox 2063 4039 3635 4119">
    <p class='ocr_par' dir='ltr' id='par_1_83' title="bbox 2063 4039 3635 4119">
     <span class='ocr_line' id='line_1_83' title="bbox 2063 4039 3635 4119; baseline 0.014 -27"><span class='ocrx_word' id='word_1_621' title='bbox 2063 4039 2241 4096; x_wconf 80' lang='lat' dir='ltr'><strong>vivam</strong></span> <span class='ocrx_word' id='word_1_622' title='bbox 2275 4043 2380 4097; x_wconf 87' lang='lat' dir='ltr'><strong>vivi</strong></span> <span class='ocrx_word' id='word_1_623' title='bbox 2433 4045 2698 4114; x_wconf 86' lang='lat' dir='ltr'><strong>genitoris</strong></span> <span class='ocrx_word' id='word_1_624' title='bbox 2736 4047 2965 4119; x_wconf 80' lang='lat' dir='ltr'><strong>eﬂigiem</strong></span> <span class='ocrx_word' id='word_1_625' title='bbox 2989 4090 3004 4113; x_wconf 95' lang='lat'><strong>,</strong></span> <span class='ocrx_word' id='word_1_626' title='bbox 3053 4058 3110 4106; x_wconf 93' lang='lat' dir='ltr'><strong>et</strong></span> <span class='ocrx_word' id='word_1_627' title='bbox 3152 4054 3404 4109; x_wconf 71' lang='lat' dir='ltr'><strong>essentia:</strong></span> <span class='ocrx_word' id='word_1_628' title='bbox 3441 4071 3635 4113; x_wconf 90' lang='lat' dir='ltr'><strong>essen-</strong></span> 
     </span>
    </p>
   </div>
   <div class='ocr_carea' id='block_1_84' title="bbox 2063 4132 3631 4208">
    <p class='ocr_par' dir='ltr' id='par_1_84' title="bbox 2063 4132 3631 4208">
     <span class='ocr_line' id='line_1_84' title="bbox 2063 4132 3631 4208; baseline 0.011 -24"><span class='ocrx_word' id='word_1_629' title='bbox 2063 4132 2194 4184; x_wconf 85' lang='lat' dir='ltr'><strong>tiam</strong></span> <span class='ocrx_word' id='word_1_630' title='bbox 2222 4173 2239 4199; x_wconf 97' lang='lat'><strong>,</strong></span> <span class='ocrx_word' id='word_1_631' title='bbox 2272 4145 2327 4188; x_wconf 87' lang='lat' dir='ltr'><strong>et</strong></span> <span class='ocrx_word' id='word_1_632' title='bbox 2358 4136 2575 4191; x_wconf 90' lang='lat' dir='ltr'><strong>consilii</strong></span> <span class='ocrx_word' id='word_1_633' title='bbox 2625 4140 2916 4195; x_wconf 92' lang='lat' dir='ltr'><strong>consilium</strong></span> <span class='ocrx_word' id='word_1_634' title='bbox 2939 4180 2954 4205; x_wconf 97' lang='lat'><strong>,</strong></span> <span class='ocrx_word' id='word_1_635' title='bbox 2991 4142 3210 4197; x_wconf 85' lang='lat' dir='ltr'><strong>virtutis</strong></span> <span class='ocrx_word' id='word_1_636' title='bbox 3248 4145 3502 4200; x_wconf 84' lang='lat' dir='ltr'><strong>virtutem</strong></span> <span class='ocrx_word' id='word_1_637' title='bbox 3529 4190 3542 4208; x_wconf 92' lang='lat'><strong>,</strong></span> <span class='ocrx_word' id='word_1_638' title='bbox 3579 4158 3631 4202; x_wconf 85' lang='lat' dir='ltr'><strong>et</strong></span> 
     </span>
    </p>
   </div>
   <div class='ocr_carea' id='block_1_85' title="bbox 2063 4223 3634 4304">
    <p class='ocr_par' dir='ltr' id='par_1_85' title="bbox 2063 4223 3634 4304">
     <span class='ocr_line' id='line_1_85' title="bbox 2063 4223 3634 4304; baseline 0.012 -28"><span class='ocrx_word' id='word_1_639' title='bbox 2063 4223 2250 4292; x_wconf 72' lang='lat' dir='ltr'><strong>gloria:</strong></span> <span class='ocrx_word' id='word_1_640' title='bbox 2273 4226 2543 4296; x_wconf 84' lang='lat' dir='ltr'><strong>gloriam;</strong></span> <span class='ocrx_word' id='word_1_641' title='bbox 2592 4245 2770 4301; x_wconf 87' lang='lat' dir='ltr'><strong>neque</strong></span> <span class='ocrx_word' id='word_1_642' title='bbox 2804 4247 2969 4301; x_wconf 86' lang='lat' dir='ltr'><strong>porro</strong></span> <span class='ocrx_word' id='word_1_643' title='bbox 2999 4234 3083 4290; x_wconf 90' lang='lat' dir='ltr'><strong>sui</strong></span> <span class='ocrx_word' id='word_1_644' title='bbox 3123 4233 3328 4304; x_wconf 87' lang='lat' dir='ltr'><strong>ipsius,</strong></span> <span class='ocrx_word' id='word_1_645' title='bbox 3364 4236 3458 4291; x_wconf 78' lang='lat' dir='ltr'><strong>sed</strong></span> <span class='ocrx_word' id='word_1_646' title='bbox 3494 4239 3634 4295; x_wconf 69' lang='grc' dir='ltr'>διιο-</span> 
     </span>
    </p>
   </div>
   <div class='ocr_carea' id='block_1_86' title="bbox 2063 4309 3636 4387">
    <p class='ocr_par' dir='ltr' id='par_1_86' title="bbox 2063 4309 3636 4387">
     <span class='ocr_line' id='line_1_86' title="bbox 2063 4309 3636 4387; baseline 0.01 -17"><span class='ocrx_word' id='word_1_647' title='bbox 2063 4316 2178 4371; x_wconf 87' lang='lat' dir='ltr'><strong>rius</strong></span> <span class='ocrx_word' id='word_1_648' title='bbox 2208 4317 2496 4387; x_wconf 83' lang='lat' dir='ltr'><strong>imaginem</strong></span> <span class='ocrx_word' id='word_1_649' title='bbox 2519 4334 2642 4376; x_wconf 90' lang='lat' dir='ltr'><strong>esse</strong></span> <span class='ocrx_word' id='word_1_650' title='bbox 2663 4309 3019 4380; x_wconf 84' lang='lat' dir='ltr'><strong>demonstrat.</strong></span> <span class='ocrx_word' id='word_1_651' title='bbox 3047 4323 3128 4380; x_wconf 86' lang='lat' dir='ltr'><strong>Tu</strong></span> <span class='ocrx_word' id='word_1_652' title='bbox 3156 4342 3285 4382; x_wconf 90' lang='lat' dir='ltr'><strong>vero</strong></span> <span class='ocrx_word' id='word_1_653' title='bbox 3313 4343 3435 4382; x_wconf 91' lang='lat' dir='ltr'><strong>cum</strong></span> <span class='ocrx_word' id='word_1_654' title='bbox 3462 4328 3636 4386; x_wconf 86' lang='lat' dir='ltr'><strong>Deum</strong></span> 
     </span>
    </p>
   </div>
   <div class='ocr_carea' id='block_1_87' title="bbox 2063 4406 3632 4487">
    <p class='ocr_par' dir='ltr' id='par_1_87' title="bbox 2063 4406 3632 4487">
     <span class='ocr_line' id='line_1_87' title="bbox 2063 4406 3632 4487; baseline 0.01 -27"><span class='ocrx_word' id='word_1_655' title='bbox 2063 4422 2128 4460; x_wconf 85' lang='lat' dir='ltr'><strong>ex</strong></span> <span class='ocrx_word' id='word_1_656' title='bbox 2160 4406 2270 4462; x_wconf 91' lang='lat' dir='ltr'><strong>Deo</strong></span> <span class='ocrx_word' id='word_1_657' title='bbox 2304 4407 2500 4464; x_wconf 88' lang='lat' dir='ltr'><strong>Filium</strong></span> <span class='ocrx_word' id='word_1_658' title='bbox 2533 4427 2657 4468; x_wconf 82' lang='lat' dir='ltr'><strong>esse</strong></span> <span class='ocrx_word' id='word_1_659' title='bbox 2694 4415 2856 4478; x_wconf 92' lang='lat' dir='ltr'><strong>nolis,</strong></span> <span class='ocrx_word' id='word_1_660' title='bbox 2889 4431 3064 4487; x_wconf 91' lang='lat' dir='ltr'><strong>neque</strong></span> <span class='ocrx_word' id='word_1_661' title='bbox 3091 4418 3275 4472; x_wconf 91' lang='lat' dir='ltr'><strong>lumen</strong></span> <span class='ocrx_word' id='word_1_662' title='bbox 3306 4417 3374 4473; x_wconf 92' lang='lat' dir='ltr'><strong>de</strong></span> <span class='ocrx_word' id='word_1_663' title='bbox 3405 4419 3632 4485; x_wconf 91' lang='lat' dir='ltr'><strong>lumine,</strong></span> 
     </span>
    </p>
   </div>
   <div class='ocr_carea' id='block_1_88' title="bbox 395 4497 1961 4578">
    <p class='ocr_par' dir='ltr' id='par_1_88' title="bbox 395 4502 1957 4578">
     <span class='ocr_line' id='line_1_88' title="bbox 395 4502 1957 4578; baseline -0.003 -18"><span class='ocrx_word' id='word_1_664' title='bbox 395 4506 556 4562; x_wconf 80' lang='grc' dir='ltr'>Ἀλλὰ</span> <span class='ocrx_word' id='word_1_665' title='bbox 591 4507 654 4561; x_wconf 82' lang='grc' dir='ltr'><strong>τὸ</strong></span> <span class='ocrx_word' id='word_1_666' title='bbox 682 4507 842 4578; x_wconf 83' lang='grc' dir='ltr'>σῶμα</span> <span class='ocrx_word' id='word_1_667' title='bbox 879 4507 1052 4561; x_wconf 89' lang='grc' dir='ltr'>ταῦτα</span> <span class='ocrx_word' id='word_1_668' title='bbox 1089 4505 1340 4575; x_wconf 76' lang='grc' dir='ltr'>ἀφανίζει</span> <span class='ocrx_word' id='word_1_669' title='bbox 1383 4502 1596 4565; x_wconf 76' lang='grc' dir='ltr'>ἀσεϐῶς</span> <span class='ocrx_word' id='word_1_670' title='bbox 1639 4505 1698 4554; x_wconf 86' lang='grc' dir='ltr'><strong>ὲν</strong></span> <span class='ocrx_word' id='word_1_671' title='bbox 1729 4505 1795 4574; x_wconf 81' lang='grc' dir='ltr'>τῇ</span> <span class='ocrx_word' id='word_1_672' title='bbox 1831 4519 1957 4556; x_wconf 88' lang='grc' dir='ltr'>συν-</span> 
     </span>
    </p>
   </div>
   <div class='ocr_carea' id='block_1_89' title="bbox 2064 4497 3628 4578">
    <p class='ocr_par' dir='ltr' id='par_1_89' title="bbox 2067 4497 3628 4576">
     <span class='ocr_line' id='line_1_89' title="bbox 2067 4497 3628 4576; baseline 0.008 -28"><span class='ocrx_word' id='word_1_673' title='bbox 2067 4511 2241 4566; x_wconf 86' lang='lat' dir='ltr'><strong>neque</strong></span> <span class='ocrx_word' id='word_1_674' title='bbox 2263 4497 2518 4553; x_wconf 87' lang='lat' dir='ltr'><strong>virtutem</strong></span> <span class='ocrx_word' id='word_1_675' title='bbox 2548 4516 2612 4555; x_wconf 82' lang='lat' dir='ltr'><strong>ex</strong></span> <span class='ocrx_word' id='word_1_676' title='bbox 2648 4501 2870 4566; x_wconf 87' lang='lat' dir='ltr'><strong>virtute,</strong></span> <span class='ocrx_word' id='word_1_677' title='bbox 2901 4519 3079 4574; x_wconf 88' lang='lat' dir='ltr'><strong>neque</strong></span> <span class='ocrx_word' id='word_1_678' title='bbox 3106 4503 3275 4560; x_wconf 90' lang='lat' dir='ltr'><strong>Deum</strong></span> <span class='ocrx_word' id='word_1_679' title='bbox 3296 4545 3310 4570; x_wconf 94' lang='lat'><strong>,</strong></span> <span class='ocrx_word' id='word_1_680' title='bbox 3345 4521 3521 4576; x_wconf 90' lang='lat' dir='ltr'><strong>neque</strong></span> <span class='ocrx_word' id='word_1_681' title='bbox 3547 4507 3628 4560; x_wconf 83' lang='lat' dir='ltr'><strong>lu-</strong></span> 
     </span>
    </p>
   </div>
   <div class='ocr_carea' id='block_1_90' title="bbox 380 4589 1958 4670">
    <p class='ocr_par' dir='ltr' id='par_1_90' title="bbox 380 4589 1958 4670">
     <span class='ocr_line' id='line_1_90' title="bbox 380 4589 1958 4670; baseline -0.002 -20"><span class='ocrx_word' id='word_1_682' title='bbox 380 4598 565 4670; x_wconf 79' lang='grc' dir='ltr'>τελείᾳ</span> <span class='ocrx_word' id='word_1_683' title='bbox 619 4598 757 4668; x_wconf 85' lang='grc' dir='ltr'>μετὰ</span> <span class='ocrx_word' id='word_1_684' title='bbox 788 4597 1010 4652; x_wconf 78' lang='grc' dir='ltr'>τούτων.</span> <span class='ocrx_word' id='word_1_685' title='bbox 1049 4597 1162 4651; x_wconf 69' lang='grc' dir='ltr'><strong>Καὶ</strong></span> <span class='ocrx_word' id='word_1_686' title='bbox 1213 4599 1351 4669; x_wconf 76' lang='grc' dir='ltr'>ἀρνῇ</span> <span class='ocrx_word' id='word_1_687' title='bbox 1402 4595 1501 4665; x_wconf 83' lang='grc' dir='ltr'>μὲν</span> <span class='ocrx_word' id='word_1_688' title='bbox 1528 4594 1611 4658; x_wconf 88' lang='grc' dir='ltr'><strong>τὸ,</strong></span> <span class='ocrx_word' id='word_1_689' title='bbox 1649 4593 1793 4659; x_wconf 85' lang='grc' dir='ltr'>Θεὸς</span> <span class='ocrx_word' id='word_1_690' title='bbox 1819 4589 1898 4663; x_wconf 80' lang='grc' dir='ltr'>ἦν</span> <span class='ocrx_word' id='word_1_691' title='bbox 1926 4595 1958 4647; x_wconf 84' lang='grc' dir='ltr'><em>ὀ</em></span> 
     </span>
    </p>
   </div>
   <div class='ocr_carea' id='block_1_91' title="bbox 382 4684 1960 4760">
    <p class='ocr_par' dir='ltr' id='par_1_91' title="bbox 382 4684 1960 4760">
     <span class='ocr_line' id='line_1_91' title="bbox 382 4684 1960 4760; baseline -0.006 -14"><span class='ocrx_word' id='word_1_692' title='bbox 382 4689 594 4760; x_wconf 77' lang='grc' dir='ltr'>Λόγος,</span> <span class='ocrx_word' id='word_1_693' title='bbox 624 4690 752 4744; x_wconf 87' lang='grc' dir='ltr'>Υἱὸν</span> <span class='ocrx_word' id='word_1_694' title='bbox 776 4690 834 4743; x_wconf 82' lang='grc' dir='ltr'>δὲ</span> <span class='ocrx_word' id='word_1_695' title='bbox 855 4689 989 4743; x_wconf 86' lang='grc' dir='ltr'>Θεοῦ</span> <span class='ocrx_word' id='word_1_696' title='bbox 1028 4689 1232 4752; x_wconf 80' lang='grc' dir='ltr'>καλεῖς,</span> <span class='ocrx_word' id='word_1_697' title='bbox 1264 4687 1297 4758; x_wconf 84' lang='grc' dir='ltr'><strong>ῆ</strong></span> <span class='ocrx_word' id='word_1_698' title='bbox 1323 4687 1546 4757; x_wconf 84' lang='grc' dir='ltr'>ὀνόματι</span> <span class='ocrx_word' id='word_1_699' title='bbox 1583 4685 1749 4754; x_wconf 87' lang='grc' dir='ltr'>μόνῳ,</span> <span class='ocrx_word' id='word_1_700' title='bbox 1782 4684 1814 4754; x_wconf 82' lang='grc' dir='ltr'>ἢ</span> <span class='ocrx_word' id='word_1_701' title='bbox 1852 4684 1960 4737; x_wconf 92' lang='grc' dir='ltr'><strong>τῶν</strong></span> 
     </span>
    </p>
   </div>
   <div class='ocr_carea' id='block_1_92' title="bbox 383 4772 1957 4852">
    <p class='ocr_par' dir='ltr' id='par_1_92' title="bbox 383 4772 1957 4852">
     <span class='ocr_line' id='line_1_92' title="bbox 383 4772 1957 4852; baseline -0.006 -18"><span class='ocrx_word' id='word_1_702' title='bbox 383 4779 688 4852; x_wconf 72' lang='grc' dir='ltr'>ἀνθρώπων</span> <span class='ocrx_word' id='word_1_703' title='bbox 708 4781 750 4843; x_wconf 83' lang='lat'><strong>’,</strong></span> <span class='ocrx_word' id='word_1_704' title='bbox 801 4779 866 4833; x_wconf 81' lang='grc' dir='ltr'><strong>ἵν’</strong></span> <span class='ocrx_word' id='word_1_705' title='bbox 898 4779 1190 4849; x_wconf 80' lang='grc' dir='ltr'>ἑτερογενῆ</span> <span class='ocrx_word' id='word_1_706' title='bbox 1218 4777 1422 4846; x_wconf 90' lang='grc' dir='ltr'>γεννῶν</span> <span class='ocrx_word' id='word_1_707' title='bbox 1461 4777 1544 4845; x_wconf 81' lang='grc' dir='ltr'>εἴη</span> <span class='ocrx_word' id='word_1_708' title='bbox 1571 4777 1599 4826; x_wconf 89' lang='grc' dir='ltr'>ὁ</span> <span class='ocrx_word' id='word_1_709' title='bbox 1627 4773 1778 4836; x_wconf 85' lang='grc' dir='ltr'>Θεὸς,</span> <span class='ocrx_word' id='word_1_710' title='bbox 1813 4772 1957 4826; x_wconf 88' lang='grc' dir='ltr'>θέσει</span> 
     </span>
    </p>
   </div>
   <div class='ocr_carea' id='block_1_93' title="bbox 381 4863 1959 4943">
    <p class='ocr_par' dir='ltr' id='par_1_93' title="bbox 381 4863 1959 4943">
     <span class='ocr_line' id='line_1_93' title="bbox 381 4863 1959 4943; baseline -0.006 -20"><span class='ocrx_word' id='word_1_711' title='bbox 381 4871 641 4943; x_wconf 89' lang='grc' dir='ltr'>γεννητὸν</span> <span class='ocrx_word' id='word_1_712' title='bbox 675 4871 825 4934; x_wconf 80' lang='grc' dir='ltr'>Υίὸν,</span> <span class='ocrx_word' id='word_1_713' title='bbox 861 4869 1004 4924; x_wconf 84' lang='grc' dir='ltr'>κατὰ</span> <span class='ocrx_word' id='word_1_714' title='bbox 1021 4870 1104 4932; x_wconf 86' lang='grc' dir='ltr'><strong>τὸ,</strong></span> <span class='ocrx_word' id='word_1_715' title='bbox 1132 4868 1304 4932; x_wconf 85' lang='grc' dir='ltr'>Υίοὺς</span> <span class='ocrx_word' id='word_1_716' title='bbox 1322 4865 1643 4936; x_wconf 75' lang='grc' dir='ltr'>ἐγέννησα,</span> <span class='ocrx_word' id='word_1_717' title='bbox 1671 4863 1771 4916; x_wconf 79' lang='grc' dir='ltr'>καὶ</span> <span class='ocrx_word' id='word_1_718' title='bbox 1804 4863 1959 4930; x_wconf 66' lang='grc' dir='ltr'><strong>ὕψω-</strong></span> 
     </span>
    </p>
   </div>
   <div class='ocr_carea' id='block_1_94' title="bbox 380 4953 1959 5026">
    <p class='ocr_par' dir='ltr' id='par_1_94' title="bbox 380 4953 1959 5026">
     <span class='ocr_line' id='line_1_94' title="bbox 380 4953 1959 5026; baseline -0.004 -11"><span class='ocrx_word' id='word_1_719' title='bbox 380 4975 486 5016; x_wconf 79' lang='grc' dir='ltr'>σα’</span> <span class='ocrx_word' id='word_1_720' title='bbox 527 4961 622 5014; x_wconf 78' lang='grc' dir='ltr'><strong>καὶ</strong></span> <span class='ocrx_word' id='word_1_721' title='bbox 650 4960 792 5014; x_wconf 88' lang='grc' dir='ltr'><strong>κατά</strong></span> <span class='ocrx_word' id='word_1_722' title='bbox 819 4961 900 5024; x_wconf 87' lang='grc' dir='ltr'><strong>τὸ,</strong></span> <span class='ocrx_word' id='word_1_723' title='bbox 941 4957 1217 5015; x_wconf 74' lang='grc' dir='ltr'>Ἐλάϐετε</span> <span class='ocrx_word' id='word_1_724' title='bbox 1237 4955 1480 5026; x_wconf 81' lang='grc' dir='ltr'>Πνεῦμα</span> <span class='ocrx_word' id='word_1_725' title='bbox 1507 4953 1826 5018; x_wconf 72' lang='grc' dir='ltr'>υἱοθεσίαςο</span> <span class='ocrx_word' id='word_1_726' title='bbox 1865 4955 1959 5008; x_wconf 65' lang='grc' dir='ltr'><strong>καλ⁸</strong></span> 
     </span>
    </p>
   </div>
   <div class='ocr_carea' id='block_1_95' title="bbox 379 5047 1521 5124">
    <p class='ocr_par' dir='ltr' id='par_1_95' title="bbox 379 5047 1521 5124">
     <span class='ocr_line' id='line_1_95' title="bbox 379 5047 1521 5124; baseline -0.007 -15"><span class='ocrx_word' id='word_1_727' title='bbox 379 5055 464 5119; x_wconf 85' lang='grc' dir='ltr'><strong>τὸ,</strong></span> <span class='ocrx_word' id='word_1_728' title='bbox 514 5053 830 5124; x_wconf 78' lang='grc' dir='ltr'>Ἐνέγκατε</span> <span class='ocrx_word' id='word_1_729' title='bbox 852 5051 934 5120; x_wconf 80' lang='grc' dir='ltr'>τῷ</span> <span class='ocrx_word' id='word_1_730' title='bbox 963 5051 1176 5118; x_wconf 81' lang='grc' dir='ltr'>Κυρίῳ,</span> <span class='ocrx_word' id='word_1_731' title='bbox 1206 5047 1324 5103; x_wconf 84' lang='grc' dir='ltr'><strong>υίοί</strong></span> <span class='ocrx_word' id='word_1_732' title='bbox 1352 5048 1521 5102; x_wconf 80' lang='grc' dir='ltr'>Θεοῦ.</span> 
     </span>
    </p>
   </div>
   <div class='ocr_carea' id='block_1_96' title="bbox 2065 4591 3633 4668">
    <p class='ocr_par' dir='ltr' id='par_1_96' title="bbox 2065 4591 3633 4668">
     <span class='ocr_line' id='line_1_96' title="bbox 2065 4591 3633 4668; baseline 0.008 -28"><span class='ocrx_word' id='word_1_733' title='bbox 2065 4603 2188 4641; x_wconf 91' lang='lat' dir='ltr'><strong>men</strong></span> <span class='ocrx_word' id='word_1_734' title='bbox 2211 4628 2225 4652; x_wconf 96' lang='lat'><strong>,</strong></span> <span class='ocrx_word' id='word_1_735' title='bbox 2264 4605 2440 4660; x_wconf 89' lang='lat' dir='ltr'><strong>neque</strong></span> <span class='ocrx_word' id='word_1_736' title='bbox 2473 4591 2759 4658; x_wconf 88' lang='lat' dir='ltr'><strong>virtutem,</strong></span> <span class='ocrx_word' id='word_1_737' title='bbox 2795 4610 2896 4650; x_wconf 89' lang='lat' dir='ltr'><strong>nec</strong></span> <span class='ocrx_word' id='word_1_738' title='bbox 2922 4596 3259 4666; x_wconf 87' lang='lat' dir='ltr'><strong>essentiam,</strong></span> <span class='ocrx_word' id='word_1_739' title='bbox 3299 4612 3476 4668; x_wconf 87' lang='lat' dir='ltr'><strong>neque</strong></span> <span class='ocrx_word' id='word_1_740' title='bbox 3501 4613 3633 4654; x_wconf 88' lang='lat' dir='ltr'><strong>cou-</strong></span> 
     </span>
    </p>
   </div>
   <div class='ocr_carea' id='block_1_97' title="bbox 2064 4677 3631 4752">
    <p class='ocr_par' dir='ltr' id='par_1_97' title="bbox 2064 4677 3631 4752">
     <span class='ocr_line' id='line_1_97' title="bbox 2064 4677 3631 4752; baseline 0.005 -20"><span class='ocrx_word' id='word_1_741' title='bbox 2064 4677 2269 4742; x_wconf 89' lang='lat' dir='ltr'><strong>silium,</strong></span> <span class='ocrx_word' id='word_1_742' title='bbox 2306 4695 2481 4750; x_wconf 87' lang='lat' dir='ltr'><strong>neque</strong></span> <span class='ocrx_word' id='word_1_743' title='bbox 2511 4683 2740 4752; x_wconf 88' lang='lat' dir='ltr'><strong>gloriam</strong></span> <span class='ocrx_word' id='word_1_744' title='bbox 2773 4699 2895 4740; x_wconf 91' lang='lat' dir='ltr'><strong>esse</strong></span> <span class='ocrx_word' id='word_1_745' title='bbox 2922 4683 3120 4740; x_wconf 88' lang='lat' dir='ltr'><strong>Filium</strong></span> <span class='ocrx_word' id='word_1_746' title='bbox 3149 4686 3431 4742; x_wconf 80' lang='lat' dir='ltr'><strong>existimas</strong></span> <span class='ocrx_word' id='word_1_747' title='bbox 3472 4725 3486 4740; x_wconf 98' lang='lat'><strong>.</strong></span> <span class='ocrx_word' id='word_1_748' title='bbox 3520 4728 3534 4740; x_wconf 95' lang='lat'><strong>.</strong></span> <span class='ocrx_word' id='word_1_749' title='bbox 3565 4727 3579 4740; x_wconf 91' lang='lat'><strong>.</strong></span> <span class='ocrx_word' id='word_1_750' title='bbox 3617 4727 3631 4739; x_wconf 95' lang='lat'><strong>.</strong></span> 
     </span>
    </p>
   </div>
   <div class='ocr_carea' id='block_1_98' title="bbox 2065 4769 3635 4843">
    <p class='ocr_par' dir='ltr' id='par_1_98' title="bbox 2065 4769 3635 4843">
     <span class='ocr_line' id='line_1_98' title="bbox 2065 4769 3635 4843; baseline 0.007 -20"><span class='ocrx_word' id='word_1_751' title='bbox 2065 4769 2158 4823; x_wconf 87' lang='lat' dir='ltr'><strong>sed</strong></span> <span class='ocrx_word' id='word_1_752' title='bbox 2189 4770 2302 4824; x_wconf 52' lang='lat' dir='ltr'><strong>haec</strong></span> <span class='ocrx_word' id='word_1_753' title='bbox 2334 4772 2496 4841; x_wconf 89' lang='lat' dir='ltr'><strong>impie</strong></span> <span class='ocrx_word' id='word_1_754' title='bbox 2524 4789 2745 4843; x_wconf 90' lang='lat' dir='ltr'><strong>corpus,</strong></span> <span class='ocrx_word' id='word_1_755' title='bbox 2781 4775 2834 4829; x_wconf 88' lang='lat' dir='ltr'><strong>in</strong></span> <span class='ocrx_word' id='word_1_756' title='bbox 2867 4777 2969 4831; x_wconf 84' lang='lat' dir='ltr'><strong>line</strong></span> <span class='ocrx_word' id='word_1_757' title='bbox 2997 4779 3210 4843; x_wconf 89' lang='lat' dir='ltr'><strong>mundi,</strong></span> <span class='ocrx_word' id='word_1_758' title='bbox 3241 4795 3347 4834; x_wconf 91' lang='lat' dir='ltr'><strong>una</strong></span> <span class='ocrx_word' id='word_1_759' title='bbox 3369 4795 3492 4833; x_wconf 91' lang='lat' dir='ltr'><strong>cum</strong></span> <span class='ocrx_word' id='word_1_760' title='bbox 3527 4779 3635 4834; x_wconf 92' lang='lat' dir='ltr'><strong>illis</strong></span> 
     </span>
    </p>
   </div>
   <div class='ocr_carea' id='block_1_99' title="bbox 2062 4864 3633 4942">
    <p class='ocr_par' dir='ltr' id='par_1_99' title="bbox 2062 4864 3633 4942">
     <span class='ocr_line' id='line_1_99' title="bbox 2062 4864 3633 4942; baseline 0.005 -24"><span class='ocrx_word' id='word_1_761' title='bbox 2062 4864 2433 4935; x_wconf 86' lang='lat' dir='ltr'><strong>exstinguunt.</strong></span> <span class='ocrx_word' id='word_1_762' title='bbox 2455 4865 2531 4920; x_wconf 90' lang='lat' dir='ltr'><strong>lta</strong></span> <span class='ocrx_word' id='word_1_763' title='bbox 2560 4865 2787 4923; x_wconf 87' lang='lat' dir='ltr'><strong>Joannis</strong></span> <span class='ocrx_word' id='word_1_764' title='bbox 2810 4867 2941 4924; x_wconf 89' lang='lat' dir='ltr'><strong>illud</strong></span> <span class='ocrx_word' id='word_1_765' title='bbox 2965 4870 3341 4926; x_wconf 88' lang='lat' dir='ltr'><strong>testimonium</strong></span> <span class='ocrx_word' id='word_1_766' title='bbox 3374 4872 3633 4942; x_wconf 85' lang='lat' dir='ltr'><strong>abnegas,</strong></span> 
     </span>
    </p>
   </div>
   <div class='ocr_carea' id='block_1_100' title="bbox 2064 4954 3636 5032">
    <p class='ocr_par' dir='ltr' id='par_1_100' title="bbox 2064 4954 3636 5032">
     <span class='ocr_line' id='line_1_100' title="bbox 2064 4954 3636 5032; baseline 0.005 -24"><span class='ocrx_word' id='word_1_767' title='bbox 2064 4954 2208 5010; x_wconf 76' lang='lat' dir='ltr'><strong>Deus</strong></span> <span class='ocrx_word' id='word_1_768' title='bbox 2245 4967 2360 5010; x_wconf 80' lang='lat' dir='ltr'><strong>erat</strong></span> <span class='ocrx_word' id='word_1_769' title='bbox 2401 4957 2697 5023; x_wconf 73' lang='lat' dir='ltr'><strong>Verbum’,</strong></span> <span class='ocrx_word' id='word_1_770' title='bbox 2742 4958 2882 5016; x_wconf 87' lang='lat' dir='ltr'><strong>Filio</strong></span> <span class='ocrx_word' id='word_1_771' title='bbox 2911 4977 3076 5032; x_wconf 87' lang='lat' dir='ltr'><strong>porro</strong></span> <span class='ocrx_word' id='word_1_772' title='bbox 3128 4961 3222 5018; x_wconf 87' lang='lat' dir='ltr'><strong>Dei</strong></span> <span class='ocrx_word' id='word_1_773' title='bbox 3272 4961 3358 5017; x_wconf 76' lang='lat' dir='ltr'><strong>vel</strong></span> <span class='ocrx_word' id='word_1_774' title='bbox 3411 4961 3636 5016; x_wconf 89' lang='lat' dir='ltr'><strong>nomine</strong></span> 
     </span>
    </p>
   </div>
   <div class='ocr_carea' id='block_1_101' title="bbox 2064 5050 3636 5122">
    <p class='ocr_par' dir='ltr' id='par_1_101' title="bbox 2064 5050 3636 5122">
     <span class='ocr_line' id='line_1_101' title="bbox 2064 5050 3636 5122; baseline 0.001 -22"><span class='ocrx_word' id='word_1_775' title='bbox 2064 5055 2248 5111; x_wconf 87' lang='lat' dir='ltr'><strong>tenus,</strong></span> <span class='ocrx_word' id='word_1_776' title='bbox 2281 5050 2363 5103; x_wconf 87' lang='lat' dir='ltr'><strong>vel</strong></span> <span class='ocrx_word' id='word_1_777' title='bbox 2387 5050 2564 5104; x_wconf 90' lang='lat' dir='ltr'><strong>solum</strong></span> <span class='ocrx_word' id='word_1_778' title='bbox 2592 5050 2864 5105; x_wconf 87' lang='lat' dir='ltr'><strong>hominem</strong></span> <span class='ocrx_word' id='word_1_779' title='bbox 2899 5052 3160 5122; x_wconf 86' lang='lat' dir='ltr'><strong>appellas,</strong></span> <span class='ocrx_word' id='word_1_780' title='bbox 3186 5059 3247 5106; x_wconf 92' lang='lat' dir='ltr'><strong>ut</strong></span> <span class='ocrx_word' id='word_1_781' title='bbox 3271 5050 3474 5106; x_wconf 85' lang='lat' dir='ltr'><strong>diversi</strong></span> <span class='ocrx_word' id='word_1_782' title='bbox 3503 5064 3534 5101; x_wconf 93' lang='lat' dir='ltr'><strong>a</strong></span> <span class='ocrx_word' id='word_1_783' title='bbox 3577 5064 3636 5103; x_wconf 86' lang='lat' dir='ltr'><strong>se</strong></span> 
     </span>
    </p>
   </div>
   <div class='ocr_carea' id='block_1_102' title="bbox 380 5142 3635 5220">
    <p class='ocr_par' dir='ltr' id='par_1_102' title="bbox 380 5142 3635 5220">
     <span class='ocr_line' id='line_1_102' title="bbox 380 5142 3635 5220; baseline -0.002 -17"><span class='ocrx_word' id='word_1_784' title='bbox 380 5147 602 5220; x_wconf 83' lang='lat' dir='ltr'><strong>generis</strong></span> <span class='ocrx_word' id='word_1_785' title='bbox 655 5146 850 5204; x_wconf 81' lang='lat' dir='ltr'><strong>Filium</strong></span> <span class='ocrx_word' id='word_1_786' title='bbox 907 5146 1176 5219; x_wconf 87' lang='lat' dir='ltr'><strong>producat</strong></span> <span class='ocrx_word' id='word_1_787' title='bbox 1228 5142 1412 5206; x_wconf 89' lang='lat' dir='ltr'><strong>Deus,</strong></span> <span class='ocrx_word' id='word_1_788' title='bbox 1471 5142 1678 5213; x_wconf 89' lang='lat' dir='ltr'><strong>quique</strong></span> <span class='ocrx_word' id='word_1_789' title='bbox 1730 5142 1846 5198; x_wconf 87' lang='lat' dir='ltr'><strong>sola</strong></span> <span class='ocrx_word' id='word_1_790' title='bbox 1899 5142 1970 5197; x_wconf 85' lang='lat' dir='ltr'><strong>sit</strong></span> <span class='ocrx_word' id='word_1_791' title='bbox 2031 5142 2322 5212; x_wconf 88' lang='lat' dir='ltr'><strong>adoptione</strong></span> <span class='ocrx_word' id='word_1_792' title='bbox 2382 5142 2598 5209; x_wconf 87' lang='lat' dir='ltr'><strong>Filius,</strong></span> <span class='ocrx_word' id='word_1_793' title='bbox 2647 5145 2956 5215; x_wconf 73' lang='lat' dir='ltr'><strong>cuiusmodi</strong></span> <span class='ocrx_word' id='word_1_794' title='bbox 3004 5147 3059 5200; x_wconf 93' lang='lat' dir='ltr'><strong>in</strong></span> <span class='ocrx_word' id='word_1_795' title='bbox 3118 5146 3224 5202; x_wconf 86' lang='lat' dir='ltr'><strong>illis</strong></span> <span class='ocrx_word' id='word_1_796' title='bbox 3272 5144 3410 5200; x_wconf 88' lang='lat' dir='ltr'><strong>locis</strong></span> <span class='ocrx_word' id='word_1_797' title='bbox 3451 5144 3635 5212; x_wconf 80' lang='lat' dir='ltr'><strong>expri-</strong></span> 
     </span>
    </p>
   </div>
   <div class='ocr_carea' id='block_1_103' title="bbox 381 5233 3633 5310">
    <p class='ocr_par' dir='ltr' id='par_1_103' title="bbox 381 5233 3633 5310">
     <span class='ocr_line' id='line_1_103' title="bbox 381 5233 3633 5310; baseline -0.002 -16"><span class='ocrx_word' id='word_1_798' title='bbox 381 5243 581 5296; x_wconf 86' lang='lat' dir='ltr'><strong>mitur:</strong></span> <span class='ocrx_word' id='word_1_799' title='bbox 629 5238 800 5294; x_wconf 84' lang='lat' dir='ltr'><strong>Filios</strong></span> <span class='ocrx_word' id='word_1_800' title='bbox 848 5239 1043 5310; x_wconf 80' lang='lat' dir='ltr'><strong>genui,</strong></span> <span class='ocrx_word' id='word_1_801' title='bbox 1093 5246 1144 5291; x_wconf 83' lang='lat' dir='ltr'><strong>et</strong></span> <span class='ocrx_word' id='word_1_802' title='bbox 1195 5236 1426 5290; x_wconf 72' lang='lat' dir='ltr'><strong>exaltari</strong></span> <span class='ocrx_word' id='word_1_803' title='bbox 1459 5233 1518 5301; x_wconf 75' lang='grc'><strong>⁸;</strong></span> <span class='ocrx_word' id='word_1_804' title='bbox 1577 5235 1747 5290; x_wconf 84' lang='lat' dir='ltr'><strong>item:</strong></span> <span class='ocrx_word' id='word_1_805' title='bbox 1807 5235 2096 5306; x_wconf 77' lang='lat' dir='ltr'><strong>Accepistis</strong></span> <span class='ocrx_word' id='word_1_806' title='bbox 2155 5238 2412 5307; x_wconf 80' lang='lat' dir='ltr'><strong>Spiritum</strong></span> <span class='ocrx_word' id='word_1_807' title='bbox 2474 5238 2772 5310; x_wconf 83' lang='lat' dir='ltr'><strong>adoptionis</strong></span> <span class='ocrx_word' id='word_1_808' title='bbox 2801 5240 2858 5305; x_wconf 62' lang='lat'><strong>5;</strong></span> <span class='ocrx_word' id='word_1_809' title='bbox 2908 5241 3073 5295; x_wconf 89' lang='lat' dir='ltr'><strong>item:</strong></span> <span class='ocrx_word' id='word_1_810' title='bbox 3131 5240 3330 5308; x_wconf 73' lang='lat' dir='ltr'><strong>Alfene</strong></span> <span class='ocrx_word' id='word_1_811' title='bbox 3387 5237 3633 5298; x_wconf 74' lang='lat' dir='ltr'><strong>Domino,</strong></span> 
     </span>
    </p>
   </div>
   <div class='ocr_carea' id='block_1_104' title="bbox 431 5331 680 5384">
    <p class='ocr_par' dir='ltr' id='par_1_104' title="bbox 431 5331 680 5384">
     <span class='ocr_line' id='line_1_104' title="bbox 431 5331 680 5384; baseline 0 0"><span class='ocrx_word' id='word_1_812' title='bbox 431 5333 489 5384; x_wconf 59' lang='grc' dir='ltr'><strong>ΡΞ</strong></span> <span class='ocrx_word' id='word_1_813' title='bbox 517 5331 614 5384; x_wconf 73' lang='lat' dir='ltr'><strong>Dei</strong></span> <span class='ocrx_word' id='word_1_814' title='bbox 638 5331 680 5384; x_wconf 85' lang='grc'><strong>⁸.</strong></span> 
     </span>
    </p>
   </div>
   <div class='ocr_carea' id='block_1_105' title="bbox 383 5331 1954 5490">
    <p class='ocr_par' dir='ltr' id='par_1_105' title="bbox 383 5331 1954 5490">
     <span class='ocr_line' id='line_1_105' title="bbox 430 5331 680 5386; baseline -0.004 -2"><span class='ocrx_word' id='word_1_815' title='bbox 430 5333 489 5386; x_wconf 55' lang='lat' dir='ltr'><strong>lii</strong></span> <span class='ocrx_word' id='word_1_816' title='bbox 598 5331 614 5383; x_wconf 79' lang='grc' dir='ltr'><strong><em>ἱ</em></strong></span> <span class='ocrx_word' id='word_1_817' title='bbox 638 5331 680 5384; x_wconf 85' lang='grc'><strong>⁸.</strong></span> 
     </span>
     <span class='ocr_line' id='line_1_106' title="bbox 383 5331 1954 5490; baseline -0.005 -13"><span class='ocrx_word' id='word_1_818' title='bbox 383 5335 422 5401; x_wconf 65' lang='lat' dir='ltr'><strong><em>ﬁ</em></strong></span> <span class='ocrx_word' id='word_1_819' title='bbox 454 5331 656 5485; x_wconf 50' lang='grc' dir='ltr'>οὐςίας</span> <span class='ocrx_word' id='word_1_820' title='bbox 687 5418 802 5484; x_wconf 76' lang='grc' dir='ltr'>οῦν,</span> <span class='ocrx_word' id='word_1_821' title='bbox 837 5420 1258 5490; x_wconf 64' lang='grc' dir='ltr'>καὶδυνάμεως,</span> <span class='ocrx_word' id='word_1_822' title='bbox 1283 5421 1377 5474; x_wconf 78' lang='grc' dir='ltr'><strong>καὶ</strong></span> <span class='ocrx_word' id='word_1_823' title='bbox 1421 5418 1635 5490; x_wconf 82' lang='grc' dir='ltr'>βουλῆς.</span> <span class='ocrx_word' id='word_1_824' title='bbox 1676 5420 1770 5473; x_wconf 77' lang='grc' dir='ltr'><strong>καὶ</strong></span> <span class='ocrx_word' id='word_1_825' title='bbox 1795 5416 1954 5487; x_wconf 78' lang='grc' dir='ltr'>δόξης</span> 
     </span>
    </p>
   </div>
   <div class='ocr_carea' id='block_1_106' title="bbox 382 5507 1954 5585">
    <p class='ocr_par' dir='ltr' id='par_1_106' title="bbox 382 5507 1954 5585">
     <span class='ocr_line' id='line_1_107' title="bbox 382 5507 1954 5585; baseline -0.004 -19"><span class='ocrx_word' id='word_1_826' title='bbox 382 5513 807 5585; x_wconf 73' lang='grc' dir='ltr'>ἀπαράλλακτον</span> <span class='ocrx_word' id='word_1_827' title='bbox 836 5513 1010 5581; x_wconf 80' lang='grc' dir='ltr'>λέγων</span> <span class='ocrx_word' id='word_1_828' title='bbox 1056 5512 1333 5582; x_wconf 82' lang='grc' dir='ltr'>Ἀστέριος</span> <span class='ocrx_word' id='word_1_829' title='bbox 1359 5511 1542 5564; x_wconf 78' lang='grc' dir='ltr'>εἰκόνα</span> <span class='ocrx_word' id='word_1_830' title='bbox 1576 5510 1668 5563; x_wconf 87' lang='grc' dir='ltr'><strong>τὸν</strong></span> <span class='ocrx_word' id='word_1_831' title='bbox 1694 5509 1821 5562; x_wconf 82' lang='grc' dir='ltr'>Υἱὸν</span> <span class='ocrx_word' id='word_1_832' title='bbox 1860 5507 1954 5560; x_wconf 86' lang='grc' dir='ltr'><strong>τοῦ</strong></span> 
     </span>
    </p>
   </div>
   <div class='ocr_carea' id='block_1_107' title="bbox 2129 5414 3628 5487">
    <p class='ocr_par' dir='ltr' id='par_1_107' title="bbox 2129 5414 3628 5487">
     <span class='ocr_line' id='line_1_108' title="bbox 2129 5414 3628 5487; baseline 0.003 -19"><span class='ocrx_word' id='word_1_833' title='bbox 2129 5414 2264 5468; x_wconf 86' lang='lat' dir='ltr'><strong>Cum</strong></span> <span class='ocrx_word' id='word_1_834' title='bbox 2317 5415 2481 5485; x_wconf 84' lang='lat' dir='ltr'><strong>igitur</strong></span> <span class='ocrx_word' id='word_1_835' title='bbox 2524 5415 2770 5470; x_wconf 85' lang='lat' dir='ltr'><strong>Asterius</strong></span> <span class='ocrx_word' id='word_1_836' title='bbox 2828 5414 3025 5470; x_wconf 85' lang='lat' dir='ltr'><strong>Filium</strong></span> <span class='ocrx_word' id='word_1_837' title='bbox 3071 5423 3311 5487; x_wconf 61' lang='lat' dir='ltr'><strong>paterna:</strong></span> <span class='ocrx_word' id='word_1_838' title='bbox 3361 5419 3628 5481; x_wconf 65' lang='lat' dir='ltr'><strong>essentne,</strong></span> 
     </span>
    </p>
   </div>
   <div class='ocr_carea' id='block_1_108' title="bbox 2064 5507 3630 5577">
    <p class='ocr_par' dir='ltr' id='par_1_108' title="bbox 2064 5507 3630 5577">
     <span class='ocr_line' id='line_1_109' title="bbox 2064 5507 3630 5577; baseline -0.001 -15"><span class='ocrx_word' id='word_1_839' title='bbox 2064 5508 2302 5571; x_wconf 82' lang='lat' dir='ltr'><strong>virtutis,</strong></span> <span class='ocrx_word' id='word_1_840' title='bbox 2331 5507 2566 5569; x_wconf 72' lang='lat' dir='ltr'><strong>consilii,</strong></span> <span class='ocrx_word' id='word_1_841' title='bbox 2600 5508 2891 5577; x_wconf 57' lang='lat' dir='ltr'><strong>gloriaque</strong></span> <span class='ocrx_word' id='word_1_842' title='bbox 2929 5507 3077 5560; x_wconf 89' lang='lat' dir='ltr'><strong>nulla</strong></span> <span class='ocrx_word' id='word_1_843' title='bbox 3106 5521 3165 5561; x_wconf 88' lang='lat' dir='ltr'><strong>re</strong></span> <span class='ocrx_word' id='word_1_844' title='bbox 3197 5507 3462 5562; x_wconf 85' lang='lat' dir='ltr'><strong>diversam</strong></span> <span class='ocrx_word' id='word_1_845' title='bbox 3494 5509 3630 5561; x_wconf 89' lang='lat' dir='ltr'><strong>ima-</strong></span> 
     </span>
    </p>
   </div>
   <div class='ocr_carea' id='block_1_109' title="bbox 458 5658 1961 5738">
    <p class='ocr_par' dir='ltr' id='par_1_109' title="bbox 458 5666 1961 5738">
     <span class='ocr_line' id='line_1_110' title="bbox 458 5666 1961 5738; baseline -0.007 -13"><span class='ocrx_word' id='word_1_846' title='bbox 458 5669 635 5738; x_wconf 52' lang='grc' dir='ltr'>ἕηκε</span> <span class='ocrx_word' id='word_1_847' title='bbox 658 5669 743 5722; x_wconf 81' lang='lat' dir='ltr'><strong>vel</strong></span> <span class='ocrx_word' id='word_1_848' title='bbox 769 5669 948 5722; x_wconf 89' lang='lat' dir='ltr'><strong>alieno</strong></span> <span class='ocrx_word' id='word_1_849' title='bbox 993 5669 1112 5721; x_wconf 79' lang='lat' dir='ltr'><strong>loro</strong></span> <span class='ocrx_word' id='word_1_850' title='bbox 1161 5668 1363 5738; x_wconf 85' lang='lat' dir='ltr'><strong>posita,</strong></span> <span class='ocrx_word' id='word_1_851' title='bbox 1415 5666 1496 5720; x_wconf 76' lang='lat' dir='ltr'><strong>vel</strong></span> <span class='ocrx_word' id='word_1_852' title='bbox 1555 5670 1808 5733; x_wconf 86' lang='lat' dir='ltr'><strong>corrupta</strong></span> <span class='ocrx_word' id='word_1_853' title='bbox 1851 5675 1961 5716; x_wconf 60' lang='lat' dir='ltr'><strong>sun1</strong></span> 
     </span>
    </p>
   </div>
   <div class='ocr_carea' id='block_1_110' title="bbox 2064 5658 3629 5738">
    <p class='ocr_par' dir='ltr' id='par_1_110' title="bbox 2079 5658 3629 5732">
     <span class='ocr_line' id='line_1_111' title="bbox 2079 5658 3629 5732; baseline 0 -18"><span class='ocrx_word' id='word_1_854' title='bbox 2079 5663 2097 5692; x_wconf 83' lang='grc'><strong>’⁸</strong></span> <span class='ocrx_word' id='word_1_855' title='bbox 2126 5660 2187 5716; x_wconf 86' lang='lat' dir='ltr'><strong>F.</strong></span> <span class='ocrx_word' id='word_1_856' title='bbox 2212 5661 2301 5715; x_wconf 82' lang='grc' dir='ltr'><strong>τὸν</strong></span> <span class='ocrx_word' id='word_1_857' title='bbox 2334 5661 2638 5732; x_wconf 65' lang='grc' dir='ltr'>ἄνθρωπον.</span> <span class='ocrx_word' id='word_1_858' title='bbox 2715 5661 2734 5693; x_wconf 89' lang='grc'><strong><em>³</em></strong></span> <span class='ocrx_word' id='word_1_859' title='bbox 2762 5658 2960 5717; x_wconf 81' lang='lat' dir='ltr'><strong>Jerem.</strong></span> <span class='ocrx_word' id='word_1_860' title='bbox 2987 5675 3121 5724; x_wconf 77' lang='lat' dir='ltr'><strong>xm,</strong></span> <span class='ocrx_word' id='word_1_861' title='bbox 3153 5659 3243 5715; x_wconf 72' lang='lat'><strong>50.</strong></span> <span class='ocrx_word' id='word_1_862' title='bbox 3317 5666 3340 5691; x_wconf 75' lang='grc'><strong>⁸</strong></span> <span class='ocrx_word' id='word_1_863' title='bbox 3371 5659 3474 5714; x_wconf 87' lang='lat' dir='ltr'><strong>lsa.</strong></span> <span class='ocrx_word' id='word_1_864' title='bbox 3506 5674 3544 5724; x_wconf 72' lang='grc' dir='ltr'><strong>ε,</strong></span> <span class='ocrx_word' id='word_1_865' title='bbox 3574 5659 3629 5714; x_wconf 68' lang='grc'><strong>2.</strong></span> 
     </span>
    </p>
   </div>
   <div class='ocr_carea' id='block_1_111' title="bbox 377 5735 1451 5804">
    <p class='ocr_par' dir='ltr' id='par_1_111' title="bbox 377 5735 1451 5804">
     <span class='ocr_line' id='line_1_112' title="bbox 377 5735 1451 5804; baseline -0.008 -6"><span class='ocrx_word' id='word_1_866' title='bbox 377 5737 410 5779; x_wconf 76' lang='grc' dir='ltr'>δ</span> <span class='ocrx_word' id='word_1_867' title='bbox 434 5735 600 5797; x_wconf 76' lang='lat' dir='ltr'><strong>Rom.</strong></span> <span class='ocrx_word' id='word_1_868' title='bbox 637 5756 755 5804; x_wconf 85' lang='lat' dir='ltr'><strong>vm,</strong></span> <span class='ocrx_word' id='word_1_869' title='bbox 789 5739 874 5793; x_wconf 74' lang='grc'><strong>15.</strong></span> <span class='ocrx_word' id='word_1_870' title='bbox 950 5741 970 5770; x_wconf 79' lang='grc'>⁸</span> <span class='ocrx_word' id='word_1_871' title='bbox 1006 5735 1373 5800; x_wconf 52' lang='grc' dir='ltr'>Ρςοιξχςνιιι,</span> <span class='ocrx_word' id='word_1_872' title='bbox 1406 5739 1451 5790; x_wconf 86' lang='grc'><strong>1.</strong></span> 
     </span>
    </p>
   </div>
   <div class='ocr_carea' id='block_1_112' title="bbox 587 5877 1260 5943">
    <p class='ocr_par' dir='ltr' id='par_1_112' title="bbox 587 5877 1260 5943">
     <span class='ocr_line' id='line_1_113' title="bbox 587 5877 1260 5943; baseline -0.01 0"><span class='ocrx_word' id='word_1_873' title='bbox 587 5880 861 5943; x_wconf 53' lang='lat' dir='ltr'><strong>Pyrum.</strong></span> <span class='ocrx_word' id='word_1_874' title='bbox 904 5879 1018 5938; x_wconf 72' lang='lat' dir='ltr'><strong>(is.</strong></span> <span class='ocrx_word' id='word_1_875' title='bbox 1067 5878 1116 5939; x_wconf 81' lang='grc' dir='ltr'>Χ</span> <span class='ocrx_word' id='word_1_876' title='bbox 1135 5877 1260 5937; x_wconf 87' lang='lat' dir='ltr'><strong>Lll.</strong></span> 
     </span>
    </p>
   </div>
   <div class='ocr_carea' id='block_1_113' title="bbox 3249 5857 3321 5917">
    <p class='ocr_par' dir='ltr' id='par_1_113' title="bbox 3249 5857 3321 5917">
     <span class='ocr_line' id='line_1_114' title="bbox 3249 5857 3321 5917; baseline 0 0"><span class='ocrx_word' id='word_1_877' title='bbox 3249 5857 3321 5917; x_wconf 86' lang='grc'><strong>13</strong></span> 
     </span>
    </p>
   </div>
  </div>
