4134 6386
475 325 580 386 £95

1912 325 1966 381 S.
2001 325 2338 384 EPIPilANiI

3648 331 3753 388 596

475 447 655 517 ginem
679 463 801 504 esse
827 448 976 512 velit,
1021 461 1250 504 necesse
1290 453 1395 513 est,
1421 453 1481 501 ut
1511 454 1792 518 paternas,
1822 448 1970 504 velut
2011 449 2065 502 ln

2172 456 2408 527 Πατρδς,
2449 454 2667 521 πάντως
2695 452 2858 508 οἱονεὶ
2890 452 3018 514 τούς
3059 450 3361 521 πατρικοὺς
3395 448 3751 521 χαρακτῆρας

485 544 618 603 ﬁlio,
662 552 823 608 notas
855 557 920 596 ac
939 541 1140 610 ﬁguras
1166 540 1711 609 inessejudicaverit,
1741 555 1916 611 eaque
1943 557 2064 611 quae

475 634 541 687 de
570 633 736 691 Patre
784 636 968 690 animo
1019 633 1424 703 concipiuntur,
1488 633 1543 687 in
1605 632 1741 689 Filio
1779 648 2060 702 expressa,

477 725 560 780 vel
587 727 638 782 ei
665 742 952 791 concessa,
975 741 1094 796 qua:
1120 742 1229 782 non
1260 726 1372 781 sint
1401 725 1468 779 ab
1491 725 1612 796 ipso
1634 725 1794 780 Patre
1823 726 2059 780 diversa.

477 819 620 888 Ergo
649 819 766 874 haec
804 835 924 889 quae
954 818 1166 873 dixerat
1188 819 1368 872 omnia
1391 832 1514 873 esse
1548 819 1663 871 vult
1694 816 1914 874 Filium.
1941 817 2062 873 Non

474 910 620 965 enim
649 911 794 974 velut
820 911 1199 965 adumbratam
1236 911 1515 966 coloribus
1566 911 1859 980 imaginem
1913 912 2063 981 cogi-

476 1002 652 1069 tavit;
695 1018 873 1070 neque
922 1003 1146 1056 tertium
1203 1003 1466 1072 pictorem
1507 1002 1733 1066 invexit,
1765 1011 1824 1056 ut
1852 1001 2065 1059 discre-

473 1096 657 1162 pantis
689 1111 718 1148 a
749 1095 908 1162 Patre
936 1094 1079 1158 Filii,
1119 1096 1199 1151 sic
1233 1104 1494 1166 tanquam
1520 1097 1800 1152 coloribus
1829 1097 2063 1168 qualita-

474 1197 558 1241 tes
595 1188 722 1242 alibi
768 1188 1120 1257 exprimeret,
1185 1188 1350 1258 idque
1402 1188 1582 1258 ipsum
1641 1190 1940 1260 appellaret
1972 1189 2064 1243 Fi-

472 1279 627 1334 lium.
680 1279 794 1335 Hoc
827 1282 970 1336 enim
1005 1288 1062 1334 tu
1116 1281 1229 1337 sive
1262 1283 1525 1352 prudens,
1573 1282 1692 1337 sive
1743 1281 2062 1352 imprudens

474 1372 699 1435 asseris.
737 1389 862 1427 cum
891 1374 964 1427 ita
995 1373 1256 1443 loqueris.
1302 1374 1470 1443 Igitur
1515 1372 1561 1428 si
1596 1373 1851 1428 essentia:
1883 1375 2062 1446 imago

472 1476 576 1531 est,
606 1469 842 1522 essentia
871 1468 990 1538 ipsa
1020 1484 1142 1524 esse
1181 1485 1289 1524 non
1315 1478 1512 1540 potest,
1542 1485 1717 1540 neque
1744 1471 2061 1536 consilium,

475 1561 521 1613 si
561 1560 740 1631 imago
767 1562 983 1616 consilii
1022 1569 1126 1618 est.
1159 1560 1356 1615 Nostra
1386 1575 1517 1615 vero
1539 1561 1833 1625 sententia,
1887 1563 1932 1616 si
1974 1577 2063 1616 es-

474 1652 664 1704 sentiae
688 1651 806 1705 viva
831 1651 903 1706 sit
933 1651 1131 1722 imago,
1163 1651 1405 1707 essentia
1435 1653 1553 1721 ipsa
1577 1668 1702 1707 esse
1727 1659 1925 1722 potest,
1951 1662 2064 1707 est-

472 1759 579 1811 que
597 1759 801 1798 revera.
828 1744 1005 1816 Atque
1035 1747 1107 1799 ita
1148 1743 1714 1814 essen‘titeimaginem
1768 1761 1890 1800 esse
1929 1759 2062 1799 con-

2174 550 2373 603 ὲνεῖναι
2426 549 2578 618 λέγει
2627 548 2707 620 τῷ
2735 546 2870 617 Υίῷ,
2892 547 2989 599 καὶ
3026 544 3097 597 τὰ
3120 543 3480 613 ἑπινοούμενα
3509 542 3606 596 τοῦ
3636 544 3750 596 Πα-

2169 642 2298 715 τρὸς
2325 642 2690 706 τετυπῶσθαι,
2733 640 2764 711 ἢ
2793 639 3040 693 δεδόσθαι
3071 637 3150 708 τῷ
3171 637 3307 708 Υίῷ,
3330 637 3431 689 οὐκ
3455 636 3590 691 ἄλλα
3622 637 3749 706 παρ’

2172 736 2336 788 αὐτὸν
2368 735 2518 788 ὄντα.
2575 734 2759 788 Πάντα
2782 728 2875 786 οὖν
2903 732 2938 786 ἃ
2962 733 3242 804 προεῖπεν,
3267 729 3428 784 αὐτὸν
3452 725 3591 784 εἶναι
3617 729 3752 800 βού-

2173 827 2349 881 λεται.
2385 827 2460 879 Οὐ
2496 825 2605 897 γὰρ
2642 824 2743 896 τὴν
2777 824 2836 876 tv
2883 822 3170 895 χρώμασιν
3227 820 3412 874 εἰκόνα
3452 822 3585 885 νοεῖ,
3633 821 3750 874 οὐδὲ

2169 919 2352 989 τρίτον
2391 917 2682 988 ζωγράφον
2705 916 2939 986 εἰσάγει,
2967 915 3052 968 ἵνα
3074 913 3470 983 διαφωνοῦντος
3499 913 3637 984 πρὸς
3660 913 3750 966 τὸν

2170 1009 2394 1079 Πατέρα
2419 1007 2508 1061 διὰ
2544 1007 2850 1079 χρωμάτων
2885 1004 2984 1068 τὰς
3022 1003 3316 1073 ποιότητας
3345 1000 3583 1072 ἀλλαχοῦ
3610 1001 3746 1072 γρά-

2171 1115 2267 1174 φῃ,
2299 1101 2393 1153 καὶ
2426 1099 2583 1153 τοῦτο
2617 1100 2744 1152 Υἱὸν
2786 1099 2961 1152 καλεῖ.
2990 1095 3149 1149 Οὐτω
3177 1094 3284 1166 γὰρ
3315 1096 3380 1146 σὺ
3409 1094 3632 1162 νοήσας,
3657 1093 3752 1146 καὶ

2173 1190 2249 1261 μὴ
2293 1191 2514 1261 νοήσας,
2553 1190 2679 1261 φῄς.
2716 1189 2927 1243 Οὐκοῦν
2968 1189 3018 1241 εί
3050 1187 3238 1249 οὐσίας
3272 1187 3420 1239 ἐστὶν
3458 1182 3642 1248 εἰκὼν,
3686 1184 3750 1236 οὐ

2168 1281 2393 1336 δύναται
2423 1283 2717 1338 αὐτοουσία
2751 1279 2928 1335 εἶναι’
2975 1281 3070 1334 καὶ
3107 1282 3156 1333 εἰ
3197 1278 3414 1349 βουλῆς,
3444 1276 3626 1330 οὐκέτι
3654 1275 3750 1329 αὐ-

2169 1375 2419 1446 τοδουλή.
2450 1376 2589 1429 Καθ’
2611 1377 2759 1447 ἡμᾶς
2781 1374 2891 1446 γὰρ
2923 1377 2971 1428 εί
3001 1373 3190 1436 οὐσίας
3214 1372 3359 1427 ἐστὶν
3382 1370 3548 1423 είκὼν
3579 1369 3748 1434 ζῶσα,

2169 1469 2460 1521 αὐτοουσία
2490 1467 2713 1522 δύναται
2745 1463 2908 1532 εἷναι,
2934 1469 3030 1520 καὶ
3049 1467 3187 1519 ἐστι.
3222 1465 3333 1518 Kal
3364 1462 3537 1526 οὕτως
3565 1461 3749 1523 οὐσίας

2168 1559 2357 1613 οὐσίαν
2392 1558 2576 1612 εἰκόνα
2607 1558 2839 1630 λέγομεν
2871 1557 2960 1612 διὰ
2993 1558 3224 1628 μίμησιν
3256 1556 3579 1628 ὁμοιοτάτην
3604 1553 3749 1621 ζωῆς

2167 1667 2226 1703 τε
2254 1653 2347 1704 καὶ
2373 1650 2654 1722 ἐνεργείας
2677 1667 2692 1681 ο
2718 1651 2860 1704 οὕτω
2890 1649 2948 1702 δὲ
2979 1649 3072 1702 καὶ
3095 1648 3293 1720 βουλῆς
3320 1647 3517 1718 βουλὴν
3541 1646 3747 1707 εἰκόνα,

2167 1741 2259 1792 τὸν
2309 1740 2551 1812 μεγάλης
2601 1741 2796 1812 βουλῆς
2824 1740 3118 1810 Ἄγγελον,
3169 1739 3264 1795 καὶ
3314 1737 3613 1809 δυνάμεως,
3653 1739 3750 1791 καὶ

473 1836 711 1900 ﬁtentur,
747 1836 813 1891 ad
843 1847 1090 1892 exactam
1118 1836 1242 1892 vita:
1271 1843 1325 1892 et
1382 1837 1613 1891 actionis
1651 1837 2062 1892 similitudinem

2171 1830 2324 1903 δόξης
2351 1832 2602 1905 δύναμιν,
2634 1834 2730 1888 καὶ
2756 1833 2936 1900 δόξαν.
2964 1833 3074 1888 Kal
3106 1832 3313 1885 τούτων
3340 1829 3748 1902 παραστατικὸν

470 1941 810 1992 expressam.
844 1927 1048 1983 Eodem
1080 1928 1243 1983 modo
1269 1936 1322 1982 et
1350 1928 1566 1982 consilii
1599 1928 1897 1997 im'aginem
1929 1941 2063 1982 con—

474 2015 656 2069 silium
693 2016 921 2074 facimus
949 2035 964 2084 ;
991 2018 1171 2089 magni
1212 2016 1422 2072 scilicet
1467 2017 1683 2072 consilii
1715 2017 1981 2086 Angelum
2017 2018 2059 2079 ',

474 2120 539 2158 ac
568 2115 843 2176 postremo
863 2108 1049 2179 gloriae
1077 2117 1132 2163 et
1160 2109 1378 2162 virtutis
1409 2107 1701 2179 imaginem
1733 2109 1964 2177 gloriam
1997 2122 2062 2160 ac

473 2198 730 2252 virtutem
779 2214 903 2253 esse
945 2202 1257 2256 statuimus.
1289 2199 1421 2266 Qua:
1463 2201 1682 2269 quidem
1734 2199 1920 2255 omnia
1976 2199 2062 2254 his

473 2288 658 2342 verbis
682 2303 712 2341 a
741 2287 964 2344 Christo
992 2290 1380 2346 declarantur:
1423 2290 1573 2345 Sicut
1609 2290 1776 2345 Pater
1809 2291 1962 2344 habet
1992 2292 2066 2344 ni-

2167 1923 2248 1987 τὸ,
2279 1925 2514 1992 ’Ὠσπερ
2555 1925 2666 1996 τὰρ
2696 1927 2730 1979 ό
2751 1923 2953 1992 Πατὴρ
2978 1923 3104 1992 ἔχει
3157 1923 3309 1989 ζωὴν
3334 1922 3402 1975 ὲν
3421 1918 3632 1986 ἐαυτῷ,
3649 1919 3746 1972 οὔ-

2167 2031 2280 2080 τως
2302 2017 2401 2069 καὶ
2424 2015 2503 2082 τῷ
2542 2014 2654 2080 Υιῷ
2682 2015 2863 2070 ἔδωκε
2897 2014 3051 2082 ζῖυὴν
3079 2013 3245 2084 ἔχειν
3277 2013 3347 2066 ἐν
3378 2011 3570 2076 ἐαυτῷ
3593 2029 3604 2041 ·
3630 2011 3746 2075 καὶ,

2169 2109 2400 2178 Ὠσπερ
2443 2112 2475 2162 ό
2509 2109 2712 2177 Πατὴρ
2753 2109 2966 2179 ἐγείρει
2998 2107 3143 2174 τοὺς
3184 2104 3456 2173 νεκροὺς,
3490 2102 3592 2156 καὶ
3616 2100 3747 2163 ζωο-

2167 2203 2342 2257 ποιεῖ.
2377 2203 2452 2256 To
2481 2203 2609 2275 γὰρ,
2656 2201 2880 2270 ὥσπερ,
2927 2201 3136 2268 οὕτως,
3172 2197 3449 2267 είκονικῆς
3489 2200 3606 2251 ἑστι
3660 2211 3748 2266 μι-

2165 2296 2407 2366 μήσεως,
2438 2294 2534 2348 καὶ
2563 2293 2878 2366 ὁμοιώσεως
2902 2291 3132 2363 ἀκριϐὲς
3159 2292 3474 2362 ἐκμαγεῖον.
3505 2307 3526 2340 ι

489 2390 598 2438 tam
654 2382 709 2434 in
765 2382 957 2449 seipsa,
985 2383 1062 2436 sic
1089 2382 1234 2437 dedit
1288 2393 1337 2437 et
1387 2383 1532 2439 Filio
1579 2385 1742 2437 vitam
1772 2383 1962 2440 habere
2025 2385 2080 2437 in
2111 2388 2280 2455 seipsa
2313 2389 2363 2451 ²;
2389 2395 2481 2440 et:
2517 2385 2666 2442 Sicut
2725 2385 2896 2440 Pater~
2947 2386 3168 2438 suscitat
3217 2394 3453 2436 mortuos
3495 2390 3542 2435 et
3580 2379 3749 2448 viviﬁ-

476 2473 631 2525 cat‘.
689 2471 972 2542 Ejusmodi
1003 2475 1167 2548 842
1225 2477 1429 2548 quippe
1486 2493 1664 2540 voces,
1699 2479 1856 2541 sicut,
1898 2479 1994 2542 sic,
2035 2479 2451 2536 similitudinem
2508 2482 2802 2552 quamdam
2846 2481 3123 2550 imaginis,
3159 2489 3212 2532 et
3255 2477 3323 2532 ad
3382 2474 3742 2530 imitationem

475 2583 794 2638 expressam
829 2569 1059 2640 elligiem
1083 2572 1487 2627 demonstrant.
1525 2592 1544 2623 ι

544 2658 614 2713 Χ.
649 2659 856 2716 Deinde
905 2663 1099 2731 paucis
1147 2663 1456 2733 interjectis
1497 2682 1509 2716 :
1550 2684 1568 2715 ι
1611 2664 1730 2719 Non
1767 2665 1936 2730 enim,
1976 2666 2074 2719 in-.

477 2761 617 2823 qmt,
643 2753 890 2807 divinum
923 2752 1187 2818 Verbum,
1212 2754 1375 2813 Iesus
1400 2757 1610 2813 scilicet
1632 2758 1820 2824 vitam,
1855 2769 1908 2813 et
1939 2760 2063 2828 pul-

479 2845 871 2910 chritudinem,
907 2854 961 2902 et
1009 2847 1264 2903 decorem
1325 2849 1593 2916 tribuens,
1654 2851 1778 2904 vitae
1825 2851 1961 2920 ipse,
1997 2865 2060 2905 ac

477 2938 928 3010 pulchritudinis,
958 2947 1012 2994 et
1033 2940 1250 2995 decoris
1287 2956 1485 3012 expers
1508 2949 1593 2998 est
1638 2942 1692 2996 in
1726 2950 1922 3007 morte,
1977 2943 2061 2997 vel

475 3046 544 3088 eo
575 3040 720 3086 statu
748 3031 802 3085 in
825 3045 935 3101 quo
962 3031 1100 3085 nihil
1133 3033 1361 3088 omnino
1408 3034 1500 3100 sit,
1552 3034 1921 3101 constitutus;
1967 3034 2062 3090 sed

477 3133 735 3193 paternas
774 3123 829 3177 in
857 3139 918 3179 se
973 3135 1134 3180 notas
1172 3125 1333 3180 habet
1389 3139 1680 3197 expressas
1714 3143 1726 3178 :
1765 3141 1874 3183 non
1905 3129 2065 3198 quasi

2241 2665 2298 2716 1'.
2334 2662 2445 2716 Kal
2487 2662 2604 2733 μεθ’
2632 2662 2795 2733 ἕτερα
2838 2661 2994 2730 ὀλίγα
3015 2677 3028 2692 ο
3055 2680 3072 2711 ι
3118 2661 3194 2713 Οὐ
3219 2659 3328 2732 γὰρ
3346 2659 3559 2729 ὀΔόγος
3589 2660 3743 2725 Θεὸς,

2177 2754 2335 2827 [ἀλλ’]
2375 2756 2403 2807 ὁ
2445 2754 2651 2827 Ἰησοῦς
2698 2755 2958 2827 παρέχων
3005 2753 3151 2824 ζωὴν
3176 2793 3191 2815 ,
3239 2753 3336 2806 καὶ
3377 2754 3594 2819 κάλλος,
3652 2756 3745 2807 καὶ

2173 2849 2419 2921 μορφὴν,
2464 2849 2628 2912 αὐτὸς
2672 2847 2867 2913 ἆζωος,
2917 2849 3012 2900 καὶ
3043 2845 3301 2918 ἀκαλλὴς,
3357 2849 3450 2902 καὶ
3501 2848 3748 2919 ἄμορφός

2169 2943 2338 3004 ἑστιν,
2373 2942 2432 2994 ἑν
2477 2941 2782 3010 νεκρότητι,
2813 2940 2847 3011 ἢ
2884 2939 2963 3010 τῷ
2994 2939 3066 3010 μὴ
3091 2933 3231 2993 εἷναι
3257 2938 3542 3009 νοούμενος
3564 2982 3578 3005 ,
3612 2939 3754 2992 ἀλλὰ.

2171 3036 2458 3105 πατρικοῖς
2496 3034 2840 3105 χαρακτῆρσι
2886 3031 3276 3103 μεμόρςρωται·
3306 3031 3403 3102 οὐχ
3446 3031 3522 3094 ὡς
3566 3031 3750 3105 ἕτερος

2172 3127 2334 3191 αὐτὸς
2359 3125 2466 3192 ὢν,
2511 3127 2731 3197 ἑτέρους
2764 3126 2821 3178 δὲ
2855 3127 2984 3190 τοὺς
3012 3124 3367 3196 χαρακτῆρας
3401 3124 3505 3194 τῆς
3537 3125 3752 3195 μορφῆς

475 3215 614 3268 alter
649 3215 764 3284 ipse
795 3215 888 3278 sit,
938 3224 992 3270 et
1014 3215 1136 3272 aliis
1163 3216 1350 3286 ﬁgurae
1385 3221 1531 3276 notis
1563 3219 1843 3288 praeditus,
1870 3235 2060 3274 verum

2171 3221 2305 3291 ἔχων
2323 3235 2338 3249 ο
2373 3220 2487 3272 ἀλλ’
2510 3221 2569 3273 tv
2595 3218 2672 3290 τῷ
2710 3215 2850 3273 εἶναι
2874 3218 3038 3272 αὐτοῦ
3059 3220 3110 3272 oi.
3133 3217 3481 3289 χαρακτῆρές
3511 3218 3639 3280 είσι,
3657 3218 3752 3268 καὶ

476 3312 533 3357 et
561 3305 616 3358 in
639 3305 760 3374 ejus
781 3307 1025 3361 essentia
1064 3309 1304 3377 propriae
1341 3309 1489 3365 illius
1517 3321 1660 3365 nota:
1691 3311 1884 3381 posita:
1915 3319 2066 3374 sunt,

475 3403 534 3450 ct
563 3398 616 3450 in
670 3399 906 3467 propriis
963 3399 1109 3452 netis
1167 3401 1408 3456 essentia
1461 3401 1742 3457 consistit.
1797 3401 2067 3457 Caeterum

479 3489 663 3557 imago
697 3503 822 3542 cum
871 3488 1120 3556 alterius,
1163 3504 1272 3543 non
1334 3490 1717 3562 suimetipsius
1764 3493 1943 3564 imago
1975 3493 2065 3556 sit,

479 3588 540 3635 ut
561 3588 616 3636 et
644 3581 763 3651 ipse
790 3582 1010 3645 statuis,
1032 3582 1362 3652 exemplaris
1393 3583 1450 3636 in
1495 3599 1554 3639 se
1585 3585 1812 3656 ﬁguram
1845 3600 2061 3655 gerens,

479 3673 854 3728 diversitatem
903 3673 1147 3739 indicat;
1181 3673 1278 3728 sed
1336 3674 1610 3744 ejusmodi
1667 3675 2062 3740 diversitatem,

481 3779 602 3834 qua:
653 3764 796 3818 idem
830 3778 894 3817 ac
947 3763 1251 3817 similitudo
1290 3764 1382 3818 sit.
1422 3762 1542 3819 Non
1579 3765 1722 3820 enim
1769 3766 1862 3819 sui
1889 3766 2065 3835 ipsius

481 3859 753 3911 exsistens
791 3855 880 3913 ille
917 3855 1056 3926 ipse,
1082 3856 1176 3910 sed
1208 3856 1518 3926 cujuspiam
1546 3857 1773 3912 alterius
1803 3866 1887 3914 est
1927 3858 2067 3912 ima-

482 3963 586 4018 go;
620 3949 820 4018 imago,
852 3947 1075 4018 inquam
1099 3989 1112 4012 ,
1149 3963 1261 4001 non
1309 3947 1660 4018 aspectabilis
1716 3948 1830 4004 Dei.
1887 3947 2070 4003 Patris

481 4039 650 4111 igitur
700 4040 878 4110 imago
932 4038 1105 4092 Filius
1171 4050 1274 4100 est,
1318 4041 1507 4096 vivens
1565 4041 1756 4111 utique
1811 4042 2067 4106 viventis,

479 4141 634 4186 motu
661 4141 822 4204 atque
847 4130 1112 4187 elliciendi
1142 4133 1216 4193 vi,
1261 4147 1477 4186 necnon
1531 4141 1587 4188 et
1624 4133 1845 4197 virtute,
1881 4135 2068 4190 consi-

485 4225 557 4279 lio
586 4225 867 4293 gloriaque
913 4223 1138 4294 praedita
1171 4263 1185 4288 ,
1240 4239 1350 4278 non
1402 4225 1582 4278 anima
1659 4233 1919 4295 motuque
1971 4240 2067 4280 ca-

485 4332 635 4380 rens,
686 4325 779 4369 aut
829 4315 1122 4386 ejusmodi,
1169 4330 1293 4385 qua:
1333 4317 1386 4368 in
1428 4316 1536 4370 alio
1566 4324 1626 4369 ut
1662 4317 1733 4371 sit
1766 4318 1981 4380 habeat,
2013 4328 2069 4372 et

485 4407 887 4479 quodammodo
911 4408 1188 4478 pingatur,
1226 4408 1279 4462 in
1312 4411 1489 4478 seipsa
1528 4425 1679 4470 vero,
1716 4425 1779 4463 ac
1815 4426 1910 4480 per
1946 4427 2066 4466 sese

2171 3315 2228 3365 tv
2259 3315 2372 3375 τοῖς
2397 3313 2741 3384 χαρακτῆρσι
2770 3311 2831 3364 τὸ
2856 3308 2996 3367 εἶναι
3034 3310 3222 3365 αὐτοῦ.
3261 3311 3325 3364 Ἦ
3351 3309 3407 3362 δὲ
3444 3307 3608 3362 εἰκὼν
3637 3309 3738 3361 ἑτέ·

2174 3421 2294 3475 pou,
2326 3406 2420 3458 καὶ
2443 3404 2541 3475 οὐχ
2570 3403 2770 3475 ἑαυτῆς
2795 3403 2958 3457 εἰκὼν
2990 3399 3147 3469 οῦσα,
3185 3401 3329 3458 καθὰ
3349 3402 3443 3455 καὶ
3465 3400 3532 3454 σύ
3555 3399 3751 3461 Θέλεις,

2167 3496 2260 3551 τοῦ
2283 3495 2638 3568 πρωτοτύπου
2672 3499 2730 3549 ἐν
2768 3498 2933 3567 ἑαυτῇ
2956 3497 3084 3560 τοὺς
3109 3494 3463 3569 χαρακτῆρας
3490 3493 3749 3564 φέρουσα.

2165 3590 2264 3659 τὴν
2292 3589 2586 3661 ἑτερότητα
2615 3589 2945 3661 παρίστησιν
2965 3605 2980 3620 ⁵
3014 3590 3307 3662 ἑτερότητα
3327 3588 3382 3640 δὲ
3408 3587 3484 3651 ὡς
3501 3585 3752 3658 ὁμοιότη-

2165 3697 2256 3734 τα.
2302 3683 2415 3752 Οὐχ
2464 3681 2666 3751 ἑαυτῆς
2703 3679 2833 3753 γὰρ,
2869 3680 3058 3752 ἑτέρου
3106 3679 3164 3733 δέ
3207 3697 3351 3743 τινος
3397 3677 3560 3732 εἰκών
3607 3679 3753 3729 ἐστ.ν

2167 3772 2321 3840 οὗτος
2355 3775 2449 3841 ὢν,
2475 3777 2503 3830 ὃ
2538 3779 2686 3829 ἐστιν
2713 3776 2876 3830 εἰκὼν
2899 3775 2992 3829 τοῦ
3017 3775 3153 3830 Θεοῦ
3181 3775 3274 3828 τοῦ
3303 3775 3558 3847 ἀοράτου.
3577 3771 3752 3832 Εἰκὼν

2171 3864 2268 3922 οῦν
2307 3867 2401 3921 τοῦ
2432 3867 2646 3938 Πατρὸς
2671 3869 2700 3922 ό
2735 3868 2884 3932 Υἱὸς,
2912 3865 3062 3932 ζῶσα
3081 3866 3302 3933 ζῶντος,
3334 3868 3392 3918 ὲν
3419 3865 3629 3935 κινήσει
3659 3865 3750 3915 καὶ

2169 3960 2441 4031 ἐνεργείᾳ,
2473 3959 2700 4029 δυνάμει
2732 3976 2790 4010 τε
2831 3962 2922 4012 καὶ
2961 3958 3146 4030 βουλῇ,
3175 3957 3269 4011 καὶ
3312 3955 3463 4030 δόξῃ,
3489 3955 3589 4008 οὐκ
3617 3953 3747 4024 dspu-

2171 4069 2284 4124 χος,
2311 4051 2429 4104 οὐδὲ
2451 4051 2727 4122 ἀκίνητος,
2755 4051 2813 4104 tv
2843 4050 3015 4122 ἑτέρῳ
3041 4052 3137 4120 μὲν
3159 4049 3220 4102 τὸ
3254 4044 3392 4102 εἶναι
3419 4048 3638 4119 ἔχουσα,
3663 4049 3754 4100 καὶ

2179 4141 2522 4212 γραφομένη,
2571 4141 2710 4212 αὐτὴ
2759 4140 2859 4211 μὲν
2902 4141 2960 4193 tv
2994 4141 3161 4210 ἑαυτῇ
3203 4140 3298 4192 καὶ
3341 4138 3408 4192 δι’
3433 4137 3655 4207 ἑαυτῆς,
3696 4139 3756 4189 tv

2176 4233 2391 4303 κινήσει
2422 4233 2496 4302 μὴ
2525 4228 2679 4286 οὖσα.
2713 4231 2817 4286 Kal
2840 4232 3002 4286 εἰκών
3036 4233 3184 4285 ἑστιν
3217 4230 3655 4303 ἀπαράλλακτος,
3688 4237 3752 4286 υῦ

2173 4325 2276 4395 τῆς
2311 4323 2722 4395 ἀπαραλλαξίας
2754 4325 2974 4396 Πατέρα
3016 4323 3294 4394 ποιούσης,
3313 4322 3427 4376 ἀλλ’
3454 4322 3582 4375 Υἱὸν
3611 4322 3751 4390 άπη-

2174 4415 2536 4487 κριὸωμένον.
2576 4434 2594 4466 ι

483 4501 709 4554 minime
738 4507 1042 4571 moveatur.
1070 4498 1206 4553 Cum
1244 4509 1424 4552 autem
1478 4498 1657 4568 imago
1719 4501 1868 4552 nulla
1919 4501 1971 4554 in
2002 4516 2061 4556 re
2093 4503 2162 4557 ab
2201 4505 2504 4574 exemplari
2563 4506 2782 4561 diversa
2843 4505 3091 4570 dicitur,
3137 4503 3355 4558 Patrem
3411 4509 3606 4557 exacta
3664 4499 3752 4555 illa

487 4593 790 4650 similitudo
814 4607 922 4645 non
956 4589 1108 4651 facit.
1157 4590 1252 4646 sed
1301 4591 1498 4645 Filium
1541 4591 1797 4646 omnibus
1835 4592 1904 4646 ad
1941 4593 2078 4647 illud
2113 4598 2398 4667 exemplar
2435 4600 2680 4654 numeris
2711 4583 3057 4668 expressum.
3109 4615 3128 4649 ι

559 4709 836 4764 Hactenus
864 4722 928 4762 ex
952 4707 1171 4761 Acacio.
1200 4706 1318 4761 Jam
1347 4723 1477 4761 vero
1512 4708 1735 4777 quidam
1781 4725 1846 4763 ex
1881 4711 2065 4765 ortho-

2243 4717 2635 4788 Πεπλήρωνται
2676 4717 2743 4770 τὰ
2798 4716 2983 4770 ἐνθάδε
3029 4714 3308 4769 Ἀκακίου.
3346 4713 3462 4768 Νῦν
3501 4712 3558 4765 δέ
3593 4729 3756 4783 φασιν

486 4802 644 4858 doxis
673 4801 933 4854 fratribus
988 4800 1192 4854 nostris
1223 4809 1276 4854 et
1319 4798 1736 4854 confessoribus
1772 4802 2072 4870 expositio-

489 4913 609 4950 nem
646 4895 766 4949 ﬁdei
792 4908 821 4946 a
844 4892 1183 4962 quibusdam
1212 4891 1451 4946 Marcelli
1480 4893 1768 4961 discipulis
1790 4893 2073 4963 accepisse

489 5009 546 5048 se
573 4991 782 5056 dicunt,
845 5003 952 5060 qua
1012 4987 1136 5043 ﬁdei
1199 5003 1312 5042 suae
1353 4987 1622 5041 rationem
1684 4987 1775 5041 ille
1809 4987 2093 5041 reddidit..

488 5086 664 5154 Quam
689 5083 908 5154 quidem
946 5083 1033 5136 hic
1064 5079 1450 5136 ascribendam
1473 5080 1679 5151 putavi,
1710 5079 1926 5135 tametsi
1956 5081 2069 5135 sin—

487 5179 637 5250 gula,
671 5191 792 5246 quin
837 5176 902 5228 ad
940 5175 1087 5227 illam
1145 5174 1440 5243 pertinent,
1505 5173 1748 5226 nondum
1811 5181 2070 5228 accurate

488 5267 859 5340 cognoverim.
888 5265 1208 5336 Exemplum
1247 5279 1375 5319 vero
1407 5272 1491 5317 est
1532 5263 1827 5331 ejusmodi.

895 5381 1172 5452 Expositio
1221 5379 1346 5448 fidei
1389 5377 1657 5433 Marcelli.

560 5498 650 5556 XI.
685 5496 1104 5554 Venerabilibus
1136 5505 1190 5550 et
1217 5493 1581 5549 sanctissnnis
1626 5489 1904 5560 epiSCOpis
1936 5489 2066 5541 Dio-

493 5579 740 5656 cxsarea‘.
767 5601 986 5664 prOpter
1005 5591 1368 5644 orthodoxam
1403 5589 1702 5642 Salvatoris
1743 5586 1914 5641 nostri
1939 5583 2068 5642 Jesu

543 5756 553 5784 '
624 5755 828 5815 ibﬂ.‘X,
861 5751 912 5804 ϐ.
991 5751 1010 5780 ³
1033 5748 1189 5804 Joan.
1224 5765 1275 5812 v,
1307 5745 1398 5800 9.6.
1481 5743 1656 5817 "ibid.
1687 5744 1777 5798 21.

2179 4813 2231 4864 οί
2257 4810 2550 4883 ὀρθὸδοξοι,
2592 4811 2686 4864 καὶ
2729 4809 2950 4879 ἀδελφοὶ
2984 4808 3263 4879 ἡμέτεροι,
3300 4807 3395 4861 καὶ
3424 4804 3754 4877 ὁμολογηται

2179 4903 2332 4975 παρά
2349 4921 2512 4956 τινων
2551 4903 2656 4956 ὐπὸ
2695 4900 3016 4974 Μαρκέλλου
3073 4898 3542 4968 καταλειφθέντων
3581 4897 3752 4969 μαθη-

2178 4994 2284 5046 τῶν
2317 4993 2529 5046 ἔκθεσιν
2557 4991 2836 5063 εἰληφέναι
2882 4991 3176 5062 ὁμολογίας
3202 4990 3333 5060 περὶ
3360 4989 3598 5050 πίστεως
3623 4989 3754 5040 ἀπο-

2177 5082 2544 5153 λογουμένης’
2579 5078 2647 5154 ἦς
2674 5081 2743 5134 τὰ
2782 5080 3234 5150 λεπτολογήματα
3271 5078 3432 5140 αὐτὸς
3463 5078 3537 5148 μὴ
3571 5093 3753 5130 κατει-

2176 5173 2382 5245 ληφὼς,
2421 5173 2592 5244 αὐτὴν
2638 5171 2870 5225 ἐνταῦθα
2903 5170 3246 5244 παρεθέμην.
3278 5171 3387 5225 Kal
3424 5169 3538 5224 ἔστι
3577 5172 3637 5222 τὸ
3659 5174 3752 5227 άν-

2176 5265 2438 5332 τίγραφον
2465 5263 2602 5315 τόδε.

2363 5376 2433 5428 Ἦ
2459 5373 2754 5443 ἐπιγραφὴ
2777 5372 3034 5438 πίστεως
3061 5371 3166 5426 τοῦ
3194 5368 3576 5439 Μαρκέλλου.

2248 5489 2346 5542 iA'.
2380 5489 2505 5552 Τοῖς
2539 5475 2989 5558 αἰδέσιμυτάτοις
3032 5484 3128 5539 καὶ
3168 5485 3497 5553 ἁγιωτάτοις
3533 5483 3754 5537 ἐπισκό-

2177 5599 2319 5651 ποις,
2347 5583 2460 5645 τοῖς
2488 5583 2546 5635 ὲν
2578 5579 2964 5652 Διοκαισαρεία
2999 5577 3438 5651 ὑπερορισθεῖσιδ
3474 5578 3623 5649 ’ὑπὲρ
3653 5577 3753 5639 si;

3699 5661 3748 5681 νο
