4134 6386
423 351 526 405 397

1051 347 1421 405 ADVERSUS
1461 345 1801 402 HIERESES
1835 345 1966 401 LIB.
2012 346 2028 401 l

2141 344 2304 400 TOM.
2347 344 2386 397 1.
2429 374 2496 383 -
2537 341 2807 397 ΗιΕῘὶΕΞ.
2856 341 3070 398 LXXII.

3574 340 3680 396 598

420 465 508 525 εἰς
552 460 644 513 τὸν
691 459 916 529 Σωτῆρα
968 459 1124 530 ἡμῶν
1165 457 1375 528 Ἰησοῦν
1428 459 1663 528 Χριστὸν
1719 456 1998 529 ὁρθοδόξου

2133 456 2308 511 Zhristi
2344 455 2500 509 ﬁdem
2529 454 2929 516 essulantibus,
2955 452 3203 523 Eulogio,
3232 451 3522 523 Adelphio,
3549 459 3678 511 AIe-t

428 552 701 615 πίστεως,
743 551 1009 622 Εὑλογίῳ,
1057 551 1352 623 Ἀδελφίῳ,
1389 550 1740 622 Ἀλεξάνδρῳ,
1781 552 2004 622 Ἀμμω-

427 644 544 714 νίῳ,
591 643 1044 714 Ἀρποκρατίωνι,
1088 643 1294 702 Ἰσαὰκ.
1334 641 1606 714 Ἰσιδώρῳ,
1638 641 2001 704 Ἀννουϐἰωνι,

429 736 677 805 Πιτίμῳ,
734 732 1046 806 Εὐφρατίῳ,
1092 734 1360 805 Ἀαρὼνῃ,
1393 737 1440 788 οἱ
1469 736 1576 788 ἀπὸ
1615 735 1887 803 Ἀγκύρας
1907 735 2005 804 τῆς

437 828 706 891 Γαλατίας
729 826 1114 898 πρεσϐύτεροι,
1148 828 1433 891 Φωτεινὸς,
1463 826 1785 889 Εὐστάθιος,
1819 828 2005 894 ἕτερος

429 919 711 982 Φωτεινδς,
744 919 1020 990 Σιγέριος·
1065 919 1159 970 καὶ
1202 918 1450 982 διάκονος
1482 920 1714 987 ’Υγῖνος,
1757 918 1846 969 καὶ
1872 918 2006 970 ὑπο-

429 1009 674 1073 διάκονος
739 1009 1114 1080 Ἡρακλείδης,
1163 1009 1256 1062 καὶ
1306 1010 1661 1080 ἁναγνώστης
1704 1008 1970 1071 Ἐλπίδιος
1992 1050 2005 1072 ,

432 1101 526 1153 καὶ
551 1101 863 1172 προστάτης
893 1101 1004 1170 (58)
1036 1101 1317 1170 Κυριακὺς
1344 1104 1401 1154 ὲν
1431 1102 1622 1171 Κυρίῳ
1649 1100 1878 1170 χαίρειν.

514 1191 987 1262 Ἐνδεδημηκότων
1015 1191 1175 1262 ἡμῶν
1204 1194 1340 1263 πρὸς
1390 1193 1491 1264 τὴν
1522 1193 1798 1263 ἡμετέραν
1829 1191 2012 1243 θεοσέ-

435 1284 589 1338 ϐειαν
617 1283 728 1337 ἀπὸ
756 1286 854 1355 τῆς
880 1284 1289 1355 προειρημένης
1317 1285 1594 1354 ἡμετέρας
1617 1284 1894 1354 πατρίδος,
1914 1282 2010 1352 τὴν

437 1377 818 1446 προσήκουσαν
847 1376 1134 1445 ἐπίσκεψιν
1168 1375 1504 1445 ποιούμενοι,
1543 1375 1637 1428 καὶ
1660 1374 2013 1446 ὲπερωτωμέ-

435 1485 543 1521 νων
571 1467 728 1539 ἡμῶν
759 1467 910 1538 παρὰ
934 1469 1032 1538 τῆς
1062 1469 1334 1540 ὑμετέρας
1367 1467 1642 1538 ὁσιότητος
1673 1469 1801 1537 περὶ
1833 1468 1932 1536 τῆς
1955 1469 2013 1520 ὲν

437 1563 569 1630 ἡμῖν
603 1560 836 1636 πίστεως
871 1561 1016 1624 ὅπως
1042 1560 1260 1631 ἔχομεν,
1289 1561 1385 1614 καὶ
1429 1559 1818 1630 ἀποδεξάμενοι
1860 1559 2014 1629 ὑμῶν

437 1650 536 1722 τὴν
562 1651 818 1722 τοιαύτην
839 1644 1200 1724 κηδεμονικὴν
1229 1650 1440 1716 πεῦσιν,
1469 1652 1644 1722 ἥνπερ
1667 1652 2012 1724 ἐποιήσασθε,

437 1740 528 1794 διὰ
558 1741 792 1810 μάλιστα
817 1741 943 1804 τοὺς
971 1741 1326 1812 βουλομένους
1352 1742 1596 1810 ματαίως
1621 1741 1868 1814 θρυλλεῖν
1890 1743 2018 1813 περὶ

2107 547 2338 612 xandro,
2372 547 2682 612 Ammonio,
2720 546 3160 616 Harpocrationi,
3201 546 3410 611 lsaaco,
3444 546 3677 611 lsidoro,

2106 640 2437 705 Annubioni,
2495 637 2714 705 Pitimo,
2761 638 3079 708 Euphratio,
3115 638 3343 701 Aaroni,
3376 638 3676 708 presbyter.

2109 730 2200 800 qui
2222 729 2524 800 Ancyraein
2547 729 2759 783 Galatia
2795 738 2965 795 sunt,
3008 728 3296 790 Photinus,
3332 729 3654 784 Eustathius

2109 825 2245 876 alter
2267 822 2553 884 Photinus,
2585 821 2853 891 Sigerius,
2883 829 2938 876 et
2959 821 3225 876 diaconus
3251 820 3516 892 Hyginus,
3547 822 3678 877 sub-

2109 917 2377 970 diaconus
2409 913 2746 980 Heraclides,
2783 928 2837 968 et
2882 914 3128 984 Elpidius
3165 915 3358 979 lector,
3393 923 3447 969 et
3495 915 3683 986 Cyria-

2110 1025 2207 1063 cus
2228 1007 2504 1069 defensor,
2535 1010 2588 1060 in
2629 1007 2859 1062 Domino
2885 1009 3136 1063 salutem.

2185 1187 2348 1258 843
2375 1187 2512 1242 Cum
2539 1189 2604 1244 ad
2629 1190 2882 1258 pietatem
2916 1202 3153 1246 vestram
3183 1209 3214 1248 e
3261 1194 3436 1264 patria
3471 1202 3680 1257 nostra,

2113 1299 2212 1354 pro
2243 1299 2308 1337 eo
2353 1297 2416 1336 ac
2451 1298 2546 1352 par
2573 1291 2682 1345 est,
2713 1280 2983 1338 invisendi
3022 1285 3185 1339 vestri
3220 1286 3396 1355 gratia
3438 1286 3684 1341 venisse-

2113 1390 2258 1436 mus,
2289 1374 2605 1443 interrogati
2631 1388 2659 1425 a
2687 1381 2868 1430 vestra
2897 1375 3188 1429 sanctitate
3227 1391 3417 1430 sumus
3442 1417 3457 1440 ,
3489 1376 3686 1445 ecquid

2114 1464 2182 1519 de
2235 1464 2338 1517 ﬁde
2393 1466 2742 1518 sentiremus.
2798 1462 2970 1531 Quam
3023 1465 3241 1534 quidem
3300 1465 3688 1521 sollicitudinis

2115 1555 2386 1625 ofﬁciique
2420 1557 2634 1625 plenam
2693 1555 3176 1621 interrogationem
3209 1571 3536 1626 magnOpere
3557 1572 3689 1627 pro-

2116 1650 2314 1709 bantes
2337 1690 2352 1713 ,
2388 1648 2460 1702 ob
2487 1663 2581 1702 eos
2615 1649 2885 1718 prmeipue
2941 1649 3034 1716 qui
3069 1648 3205 1702 falsa
3259 1649 3327 1704 de
3367 1651 3525 1706 nobis
3551 1666 3690 1706 non-

2120 1741 2267 1794 nulla
2317 1748 2520 1795 temere
2546 1751 2828 1810 spargunt,
2859 1741 3229 1794 necessarium
3281 1742 3538 1797 duximus
3567 1758 3689 1798 cer—

439 1833 596 1905 ημῶν
644 1851 767 1888 τινα
807 1832 1000 1903 ψευδῆ,
1041 1834 1339 1902 ἀναγκαῖον
1372 1833 1700 1904 ἡγησάμεθα
1747 1834 2018 1904 πληροφο-

2133 1833 2288 1888 ,iorcs
2319 1849 2416 1888 vos
2445 1832 2512 1887 de
2551 1840 2662 1887 tota
2703 1849 2762 1888 re
2793 1833 2993 1897 facere,
3019 1849 3126 1888 non
3152 1850 3216 1888 ex
3247 1835 3314 1890 iis
3344 1837 3520 1892 solum
3548 1853 3693 1892 com-

443 1927 605 1999 ρῆσαι
626 1927 771 1997 ὑμᾶς
791 1926 920 1996 περὶ
937 1924 1150 1990 τούτου,
1175 1926 1236 1978 ού
1271 1926 1430 1996 μόνον
1452 1927 1517 1978 ἐκ
1541 1925 1651 1979 τῶν
1675 1924 2017 1995 ὑποδειχθέν-

440 2035 549 2072 των
595 2020 660 2088 τῇ
709 2016 953 2087 ὑμετέρᾳ
1004 2015 1245 2087 ὁσιότητι
1305 2017 1436 2088 παρ’
1483 2015 1638 2086 ἡμῶν
1677 2015 2020 2086 γραμμάτων

441 2107 774 2164 κοινωνικῶν
830 2108 970 2178 πρὸς
1003 2109 1150 2178 ἡμᾶς
1198 2107 1544 2178 γραφέντων,
1581 2107 1675 2160 τοῦ
1708 2124 2020 2178 τρισμακα-

444 2202 561 2273 ρίου
609 2201 768 2254 πάπα
827 2199 1171 2263 Ἀθανασίου,
1216 2199 1353 2252 ἀλλὰ
1377 2199 1471 2253 καὶ
1519 2200 1583 2252 ὲκ
1629 2198 1831 2269 ταύτης
1863 2198 2022 2270 ἡμῶν

443 2297 544 2367 τῆς
575 2297 851 2368 ἐγγράφου
879 2296 1188 2366 ὁμολογίας,
1215 2295 1291 2359 ὡς
1321 2295 1403 2348 ὅτι
1431 2293 1554 2348 οὔτε
1586 2294 1910 2366 φρονοῦμεν,
1927 2292 2021 2347 οῦ-

442 2404 504 2442 τε
534 2387 966 2459 πεφρονήκαμέν
994 2387 1047 2440 τί
1091 2403 1244 2450 ποτε,
1281 2386 1438 2449 ἐκτὸς
1469 2386 1570 2454 τῆς
1602 2385 1743 2440 κατὰ
1790 2373 2022 2440 Νίκαιαν

443 2477 753 2549 ὁρισθείσης
773 2479 1153 2549 οἱκουμενικῆς
1172 2478 1265 2531 καὶ
1284 2477 1745 2548 ὲκκλησιαστικῆς
1765 2478 2020 2542 πίστεως·

443 2571 622 2642 ἥνπερ
680 2568 1052 2640 ὁμολογοῦμεν
1088 2570 1316 2639 δυνάμει
1369 2569 1575 2640 ταύτην
1607 2571 1847 2640 φρονεῖν,
1890 2570 2022 2621 ἁνα-

448 2661 832 2734 θεματίζοντες
876 2664 1004 2724 τοὺς
1063 2662 1377 2732 τολμῶντας
1437 2662 1644 2731 κτίσμα
1727 2660 1907 2728 λέγειν
1963 2660 2026 2712 τὸ

448 2753 676 2825 Πνεῦμα
715 2754 776 2807 τὸ
820 2753 1007 2822 ἅγιον
1041 2755 1136 2806 καὶ
1176 2753 1275 2822 τὴν
1321 2752 1606 2823 Ἀρειανὴν
1643 2752 1856 2822 αἵρεσιν
1879 2793 1892 2811 ,
1930 2751 2025 2804 καὶ

446 2842 757 2907 Σαϐελλίου,
810 2843 904 2896 καὶ
947 2841 1240 2905 Φωτεινοῦ,
1289 2842 1384 2895 καὶ
1413 2841 1628 2894 Παύλου
1651 2841 1744 2894 τοῦ
1778 2843 2026 2912 Σαμοσα-

447 2934 607 2996 τέως,
636 2933 880 2994 καὶτοὺς
916 2931 991 3004 μὴ
1018 2932 1276 3001 λέγοντας
1310 2933 1408 3004 τὴν
1456 2933 1617 3001 ἁγίαν
1657 2933 1864 3004 Τριάδα
1900 2934 2028 3004 τρία

450 3023 720 3094 πρόσωπα
751 3021 1132 3092 ἀπερίγραφα,
1179 3022 1273 3074 καὶ
1302 3022 1661 3088 ὲνυπόστατα,
1708 3023 1801 3075 καὶ
1843 3023 2029 3093 ὁμοού-

2121 1923 2503 1977 municatoriis
2531 1923 2751 1986 litteris,
2779 1939 2916 1993 quas
2951 1940 2982 1978 a
3003 1926 3321 1981 beatissimo
3351 1942 3489 1997 papa
3523 1929 3688 1983 Atha-

2121 2014 2277 2069 nasio
2339 2014 2406 2067 ad
2457 2031 2560 2070 nos
2591 2016 2825 2085 scriptas
2885 2017 3040 2071 vobis
3101 2019 3690 2087 ostendimus;verum

2121 2107 2283 2160 etiam
2308 2122 2372 2160 ex
2415 2106 2533 2176 ipsa
2569 2107 2909 2177 professione
2946 2117 3136 2163 nostra
3175 2111 3328 2165 hisce
3363 2111 3560 2167 litteris
3597 2129 3694 2168 ex-

2122 2212 2335 2267 pressa,
2373 2205 2431 2251 ut
2458 2198 2592 2252 illud
2617 2198 2992 2269 intelligeretis
3012 2241 3027 2265 ,
3057 2203 3191 2256 nihil
3229 2220 3329 2258 nos
3360 2222 3535 2276 neque
3568 2223 3696 2262 sen-

2124 2289 2226 2343 tire
2251 2288 2437 2355 modo,
2473 2305 2572 2343 nec
2602 2305 2842 2360 unquam
2872 2293 3134 2357 sensisse,
3167 2294 3311 2363 quod
3337 2297 3405 2350 ab
3433 2301 3693 2367 generali,

2123 2390 2177 2435 et
2210 2381 2582 2437 ecclesiastica
2615 2380 2738 2436 ﬁdei
2762 2387 3118 2454 regula,,qua2
3152 2386 3208 2440 in
3235 2385 3458 2442 Nicaena.
3488 2390 3696 2460 synodo

2124 2473 2425 2528 constituta
2455 2481 2559 2538 est,
2583 2474 2906 2529 abhorreret
2939 2496 2950 2528 :
2997 2493 3162 2546 quam
3214 2495 3315 2535 nos
3353 2497 3451 2551 pro
3487 2484 3697 2540 viribus

2127 2565 2377 2634 amplecti
2414 2564 2754 2634 proﬁtemur,
2787 2575 2842 2620 et
2864 2581 2958 2622 eos
2985 2569 3327 2627 anathemate
3350 2574 3696 2645 damnamus,

2127 2658 2218 2724 qui
2259 2664 2567 2711 creaturam
2611 2663 2739 2712 esse
2794 2656 3054 2728 Spiritum
3105 2673 3354 2717 sanctum
3389 2675 3646 2721 asserunt
3681 2687 3696 2723 :

2128 2745 2222 2798 scd
2258 2753 2313 2798 et
2370 2744 2620 2799 Arianam
2653 2749 3014 2811 haeresim,.et
3059 2749 3304 2814 Sabellii,
3339 2771 3402 2809 ac
3457 2755 3697 2822 Photini,

2128 2835 2393 2906 Paulique
2423 2835 2786 2906 Samosateni,
2818 2854 2924 2893 una
2951 2855 3076 2896 cum
3099 2843 3166 2899 iis
3187 2846 3278 2914 qui
3296 2849 3699 2907 sanctissimam

2129 2928 2454 2985 Trinitatem
2485 2938 2598 2985 tres
2629 2946 2754 2987 esse
2779 2948 3042 3002 personas
3073 2944 3294 3006 negant,
3327 2941 3492 2996 nullis
3515 2945 3703 2998 termi-

2130 3022 2216 3076 nis
2243 3022 2708 3092 circumscriptas,
2763 3024 3147 3092 subsistentes,
3182 3032 3698 3099 consubstantiales.

453 3132 564 3180 σια,
587 3117 682 3169 καὶ
713 3114 979 3178 ωναῖδια,
1008 3116 1103 3168 καὶ
1141 3115 1432 3186 αὐτοτελῆ’
1455 3114 1947 3186 ἀναθεματίζοντες
1970 3114 2027 3168 δὲ

2133 3120 2431 3166 coaeternas
2463 3119 2519 3167 et
2554 3113 2862 3183 perfectas;
2909 3116 3100 3171 eodem
3153 3121 3316 3175 etiam
3359 3125 3704 3183 anathemate

451 3207 698 3270 καὶτοὺς
731 3205 1078 3276 πλατυσμὺν,
1128 3205 1162 3276 ἢ
1212 3205 1495 3277 συστολὴν,
1540 3206 1573 3277 ἢ
1617 3205 1896 3276 ἐνέργειαν
1933 3206 2028 3259 τοῦ

2133 3201 2564 3260 condemnamus
2609 3205 2752 3270 illos,
2806 3206 2900 3276 qui
2936 3205 3133 3262 Filium
3168 3209 3344 3269 Patris
3399 3216 3706 3276 collatatio—

451 3297 668 3369 Πατρὸς
704 3298 796 3351 τὸν
823 3298 949 3351 Υίδν
977 3297 1256 3366 λέγοντας·
1288 3297 1382 3351 καὶ
1413 3299 1541 3361 τοὺς
1571 3298 1662 3351 τὸν
1687 3298 1820 3352 Θεδν
1856 3299 2030 3368 Λόγον

451 3391 545 3444 τὸν
571 3390 700 3444 Υίὸν
724 3389 820 3443 τοῦ
844 3389 980 3444 Θεοῦ
1005 3389 1352 3462 προαιώνιον,
1401 3391 1497 3444 καὶ
1525 3391 1792 3444 συναῒδιον
1813 3390 1891 3461 τῷ
1919 3392 2033 3444 Πα-

451 3483 544 3554 τρὶ
563 3523 578 3546 ,
613 3483 1010 3549 ὲνυπόιστατον,
1041 3484 1136 3536 καὶ
1177 3482 1442 3552 αὐτοτελῆ
1481 3483 1610 3536 Υἱὸν
1647 3481 1743 3534 καὶ
1785 3482 1916 3535 Θεὸν
1958 3480 2032 3553 μὴ

453 3573 868 3644 ὁμολογοῦντας.

529 3753 634 3806 IB'.
669 3751 831 3814 Εῐτις
861 3751 951 3804 τὸν
983 3749 1145 3805 αὐτὸν
1173 3748 1415 3820 Πατέρα,
1443 3746 1540 3801 καὶ
1573 3745 1723 3810 Υἱὸν,
1759 3744 1854 3798 καὶ
1883 3745 2036 3812 ἅγιον

461 3842 689 3914 Πνεῦμα
716 3841 888 3910 λέγει,
928 3839 1178 3910 ἀνάθεμα
1207 3838 1368 3893 ἔστω.
1414 3837 1484 3891 Et
1499 3854 1582 3900 τις
1613 3834 1787 3908 ἀρχὴν
1811 3835 1846 3907 ἢ
1884 3833 2037 3896 τέλος

459 3935 538 4006 τῷ
583 3933 700 4004 Υίῷ
736 3933 832 3986 τοῦ
875 3933 1046 3997 Θεοῦ,
1093 3933 1187 3986 καὶ
1214 3930 1395 4002 Λόγῳ,
1428 3930 1556 4001 ἢτῇ
1591 3927 1836 3999 βασιλείᾳ
1871 3927 2036 3979 αὐτοῦ

459 4026 696 4090 δίδωσιν,
723 4025 970 4095 ἀνάθεμα
997 4024 1154 4078 ἔστω.
1188 4025 1256 4078 Εἴ
1282 4039 1368 4086 τις
1393 4021 1558 4094 μέρος
1582 4019 1676 4073 τοῦ
1703 4018 1916 4090 Πατρὸς
1947 4017 2040 4070 λέο

460 4135 550 4186 γει
565 4117 656 4170 τὸν
681 4117 832 4181 Υἱὸν,
882 4116 916 4186 ἢ
938 4116 1000 4169 τὸ
1029 4115 1252 4187 Πνεῦμα
1277 4115 1339 4167 τὸ
1368 4115 1541 4181 ἆγιον,
1569 4112 1662 4165 καὶ
1693 4109 1767 4182 μὴ
1788 4109 2042 4181 ὁμολογεῖ

463 4207 555 4260 τὸν
594 4205 723 4258 Υἱὸν
751 4203 847 4258 τοῦ
879 4203 1014 4257 Θεοῦ
1063 4206 1128 4257 ὲκ
1176 4204 1278 4274 τῆς
1324 4202 1418 4256 τοῦ
1445 4200 1661 4273 Πατρός
1710 4198 1898 4262 οὐσίας
1936 4199 2042 4270 πρὸ

465 4299 646 4369 πάσης
674 4295 916 4360 ἐπινοίας
947 4294 1330 4365 γεγεννῆσθαι,
1357 4293 1608 4365 ἀνάθεμα
1633 4293 1792 4346 ἔστω.
1822 4291 1959 4364 Περὶ
1985 4291 2042 4344 δὲ

464 4387 566 4459 τῆς
596 4385 927 4459 σαρκώσεως
951 4385 1045 4439 τοῦ
1072 4384 1206 4438 Θεοῦ
1235 4385 1409 4452 Λόγου
1437 4383 1530 4436 τοῦ
1559 4380 1882 4454 μονογενοῦς
1909 4378 2042 4433 Υίοῦ

465 4478 559 4534 τοῦ
587 4476 721 4532 Θεοῦ
746 4476 1137 4548 ὁμολογοῦμεν,
1170 4477 1250 4529 ὅτι
1277 4475 1403 4538 Υἱὸς
1423 4474 1516 4528 τοῦ
1543 4473 1698 4538 Θεοῦ,
1723 4473 1817 4526 καὶ
1835 4471 2044 4542 ἄνθρωο

2132 3309 2279 3358 nem,
2310 3301 2404 3348 aut
2425 3283 2879 3364 contractionem,
2902 3309 2996 3354 aut
3021 3302 3292 3358 actionem
3327 3320 3450 3362 esse
3481 3307 3706 3381 dicunt;

2132 3385 2338 3454 quique
2365 3385 2610 3440 divinum
2646 3385 2906 3453 Verbum,
2931 3389 3136 3461 Deique
3156 3393 3352 3450 Filium
3386 3412 3492 3453 non
3526 3403 3710 3456 omni-

2134 3476 2238 3532 bus
2263 3476 2480 3532 saaculis
2515 3477 2772 3547 priorem,
2801 3478 3060 3552 Patrique
3089 3495 3420 3542 coaeternum
3473 3504 3538 3544 ac
3570 3493 3707 3547 sub-

2135 3567 2438 3634 sistentem,
2459 3566 2764 3638 perfectum
2797 3569 3033 3642 denique
3052 3573 3272 3643 Filium,
3298 3591 3363 3633 ac
3395 3577 3563 3635 Deum
3585 3597 3712 3639 esse

2135 3667 2237 3707 con
2247 3653 2484 3710 ﬁtentur.

2206 3743 2322 3799 XI].
2364 3744 2422 3800 Si
2450 3748 2578 3818 quis
2606 3749 2858 3806 eumdem
2904 3751 3144 3823 Patrem,
3181 3766 3236 3812 et
3262 3757 3480 3828 Filium,
3512 3769 3566 3818 et
3595 3761 3713 3834 Spi-

2138 3836 2302 3890 ritum
2329 3850 2581 3894 sanctum
2609 3857 2732 3897 esse
2758 3843 2910 3910 dicit,
2935 3849 3225 3903 anathema
3250 3851 3340 3905 sit.
3369 3851 3424 3906 Si
3454 3854 3578 3923 quis
3603 3855 3713 3910 ini-

2139 3925 2277 4017 tium
2325 3935 2421 3982 aut
2479 3929 2640 3986 ﬁnem
2689 3931 2784 3989 Dei
2847 3934 3006 4001 Filio,
3066 3953 3131 3992 ac
3183 3939 3374 4007 Verbo,
3409 3943 3494 3998 vel
3541 3960 3717 4017 regno

2141 4015 2314 4086 ipsius
2374 4022 2618 4089 ascribit,
2668 4025 2957 4080 anathema
3008 4027 3100 4083 sit.
3135 4028 3192 4084 Si
3238 4034 3361 4102 quis
3407 4015 3714 4093 Filiumvvel

2144 4109 2412 4180 Spiritum
2441 4125 2691 4170 sanctum
2720 4127 2926 4186 partem
2963 4136 3086 4177 esse
3135 4121 3316 4181 Patris
3357 4129 3582 4194 asserit,
3613 4147 3714 4188 ne-

2141 4219 2250 4272 que
2276 4201 2474 4258 Filium
2507 4205 2598 4262 Dei
2631 4222 2697 4262 ex
2727 4208 2910 4268 Patris
2939 4215 3179 4268 essentia
3199 4216 3354 4285 prius
3384 4221 3532 4274 omni
3563 4224 3716 4295 cogi-

2143 4295 2348 4352 tatione
2392 4298 2635 4367 genitum
2671 4299 2894 4367 fatetur,
2953 4306 3241 4361 anathema
3273 4309 3362 4364 sit.
3395 4308 3554 4376 Quod
3586 4329 3718 4369 vero

2145 4382 2214 4438 ad
2239 4384 2673 4442 incarnationem
2698 4390 2868 4446 divini
2894 4391 3057 4449 Verbi
3088 4403 3141 4450 et
3170 4398 3435 4467 unigeniti
3469 4400 3563 4458 Dei
3594 4403 3718 4460 Filii

2145 4474 2400 4544 pertinet,
2434 4479 2760 4534 confitemur
2780 4481 2978 4537 Filium
3025 4485 3175 4540 illum
3208 4503 3332 4544 esse
3377 4489 3506 4557 Dei,
3539 4494 3720 4549 homi-

465 4589 569 4637 πος
595 4547 790 4642 γέγονε
815 4571 984 4642 χωρὶς
1012 4570 1309 4641 ἁμαρτίας,
1343 4568 1484 4622 κατὰ
1509 4566 1783 4638 πρόληψιν
1808 4567 1824 4597 ¹
1857 4564 2028 4634 πάσης

2143 4582 2378 4639 nemque
2400 4568 2603 4626 factum
2640 4573 2761 4628 sine
2789 4585 3034 4644 peccato,
3068 4589 3422 4654 posteaquam
3453 4587 3718 4658 integram

538 4709 554 4740 ¹
587 4705 715 4777 Leg.
752 4703 1071 4778 πρόσληψιν.

539 4824 663 4893 (58),
692 4825 804 4875 Kat
836 4821 1200 4893 προστάτης.
1217 4821 1557 4884 Defensorem
1579 4821 1858 4877 reddimus
1879 4839 1892 4893 ;
1912 4837 2042 4876 nam

468 4891 749 4963 [residem
801 4907 925 4963 cum
981 4891 1249 4946 Cornario
1300 4893 1650 4963 interpretari
1694 4907 1810 4963 non
1839 4891 2043 4962 placet.

473 4960 599 5015 Fuit
623 4971 803 5016 autem
848 4962 1103 5017 defensor
1131 4978 1239 5017 non
1269 4960 1501 5025 ordinis,
1522 4963 1620 5017 sed
1650 4961 1807 5016 oflicii
1841 4960 2042 5016 nomen

469 5031 618 5101 quod
644 5031 767 5085 laici
799 5034 1082 5102 gerebant,
1107 5033 1200 5101 qui
1231 5033 1489 5087 Ecclesia:
1508 5033 1632 5101 jura
1660 5033 1717 5086 in
1745 5032 1890 5102 civili
1923 5032 2044 5102 foro

471 5105 906 5172 propugnabant.
931 5101 1232 5159 Concilium
1257 5102 1760 5157 Milevitanumcan.
1781 5101 1880 5172 i6;
1908 5101 2045 5156 Pla-

470 5171 756 5243 cuit’etiam
778 5182 835 5228 ut
856 5181 1067 5241 petatur
1085 5190 1118 5226 a
1138 5173 1534 5243 gloriosissimis
1548 5171 1972 5243 imperatoribus,
1988 5180 2046 5225 ut

462 5244 688 5310 jubeant
713 5242 984 5312 judicibus
1020 5242 1150 5296 dare
1197 5245 1383 5311 petitos
1415 5242 1517 5313 sibi
1554 5245 1852 5313 defensores
1898 5242 2047 5294 scho-

471 5313 710 5372 lasticos.
733 5314 822 5381 qui
849 5315 904 5366 in
937 5322 1062 5367 actu
1091 5315 1219 5377 sint,
1257 5314 1334 5368 rei
1359 5315 1414 5366 in
1465 5312 1628 5382 oﬂicio
1681 5312 2045 5379 defensionum

469 5398 757 5436 causarum
789 5383 1291 5448 ecclesiasticarum,
1335 5401 1478 5438 more
1524 5383 1857 5437 sacerdotum
1903 5382 2043 5435 Pro-

469 5453 674 5524 vinciae,
698 5460 755 5505 ut
781 5453 940 5506 iidem
961 5455 1086 5521 ipsi,
1109 5461 1240 5519 etc.,
1265 5453 1823 5524 habeantfacultatem
1841 5452 2045 5523 ingredi

464 5523 710 5593 judicum
762 5526 1070 5582 secretaria.
1120 5524 1362 5579 Meminit
1400 5534 1453 5578 et
1483 5523 1802 5592 Carthagin.
1854 5539 1908 5586 ν,
1949 5537 2042 5575 ca-

470 5607 613 5646 none
641 5592 696 5656 9,
712 5600 768 5648 et
793 5593 1114 5650 Africanum
1144 5605 1294 5650 tomo
1330 5596 1348 5648 l
1381 5593 1762 5655 Conciliorum,
1791 5607 1913 5648 can.
1951 5592 2041 5652 42.

465 5673 524 5736 et
551 5663 681 5736 alibi
712 5665 938 5733 passim.
957 5663 1211 5736 zosimus
1229 5666 1430 5736 epist.l
1455 5685 1468 5719 :
1502 5663 1644 5720 Sane
1663 5673 1722 5718 ut
1741 5663 2040 5736 defensores

470 5731 747 5805 Ecclesia}
781 5740 874 5805 qui
907 5751 972 5789 ea:
1005 5735 1156 5790 laicis
1203 5731 1360 5805 ﬁunt,
1412 5750 1576 5803 supra
1617 5736 1761 5788 dicta
1799 5731 2044 5787 Observa-

469 5802 612 5858 tione
624 5802 902 5860 teneantur
928 5808 975 5860 si
996 5802 1280 5861 meruerint
1301 5823 1413 5862 esse
1443 5802 1498 5860 in
1526 5806 1708 5860 ordine
1737 5805 2040 5860 clericatus.

2156 4821 2411 4894 Ἔκδικος
2444 4836 2474 4876 a
2498 4821 2701 4878 Graecis
2739 4834 2986 4880 vocatur.
3024 4825 3082 4880 In
3118 4829 3351 4884 concilio
3383 4830 3720 4894 Chalcedon.

2151 4907 2276 4946 can.
2316 4892 2372 4972 ἓ,
2415 4903 2772 4972 recensentur
2806 4896 3107 4972 οἰκονόμος,
3139 4899 3370 4972 ἔκδικος,
3407 4892 3726 4972 παραμονῶ

2154 4979 2289 5033 ριος.
2322 4959 2686 5044 Quamobrem
2718 4959 3030 5044 προστάτην
3054 4959 3305 5044 eumdem
3336 4959 3727 5044 essesuspica-

2152 5047 2277 5085 mur
2299 5041 2462 5099 atque
2485 5033 2774 5086 Ἔκδικον(
2794 5033 3030 5091 Tametsi
3054 5037 3334 5092 Balsamon
3354 5043 3418 5093 ad
3447 5033 3727 5100 Africana-

2152 5117 2275 5178 ru_m
2301 5102 2632 5178 synodorum
2669 5119 2931 5178 canones,
2972 5108 3065 5175 qui
3093 5108 3150 5178 in
3180 5124 3346 5162 unum
3397 5112 3540 5165 misti
3574 5128 3722 5178 sunt,

2154 5172 2512 5253 ad_canoneiii
2541 5174 2735 5253 78,ηοί
2759 5182 2850 5253 es_t_
2873 5172 3017 5253 inter
3039 5177 3298 5253 Africana
3329 5182 3579 5248 concilia,
3604 5172 3726 5253 quae

2150 5243 2259 5320 sub
2283 5242 2579 5296 C(nlestino
2605 5252 2660 5320 et
2686 5243 2968 5320 Bonifacio
2998 5249 3270 5301 celebrata
3303 5259 3449 5320 sunt,
3482 5242 3722 5320 quad-ra-

2148 5314 2390 5382 gesimus
2425 5315 2720 5377 secundus,
2777 5315 3026 5380 dubitat,
3065 5325 3247 5370 utrum
3306 5314 3622 5377 defensores
3672 5334 3726 5379 et

2153 5383 2555 5455 'Exﬁtxocante
2575 5384 2680 5455 _hoc
2703 5386 2922 5438 concilii
2950 5393 3164 5455 tempus
3197 5387 3291 5441 ulli
3317 5387 3532 5444 fuerint.
3566 5394 3638 5446 Σὺ
3668 5395 3726 5448 δὲ

2149 5452 2383 5534 γίνωσκε
2406 5453 2486 5506 ὁτι
2509 5453 2712 5534 masc};
2735 5452 3155 5534 :rc’bv~’Ex6£icui\J,
3190 5457 3223 5526 ἢ
3261 5459 3350 5534 καὶ
3380 5461 3727 5534 Δεφενσόρων

2147 5522 2475 5603 λεγομένων,
2511 5522 2620 5603 εἴτε
2653 5524 2760 5603 ἀπὸ
2781 5524 2871 5603 τοῦ
2903 5527 3167 5603 παρόντος
3200 5522 3724 5603 κανόνοςλὲλαϐεἶτὴν

2149 5593 2481 5665 ἀρχὴν,ᾐεῖτε
2514 5595 2608 5646 κα)⁴
2631 5595 2738 5665 πρὸ
2765 5595 2955 5647 τούτου
2986 5593 3396 5665 ’ἐπεγινώσκετο
3427 5598 3492 5650 δι’
3543 5593 3725 5655 ὲπιλό-

2150 5663 2262 5737 γῷν
2289 5663 2398 5715 τῶν
2423 5663 2827 5737 *κατοικούντων
2859 5665 3092 5737 ἑκάστης
3114 5663 3323 5737 πόλεως
3357 5668 3582 5736 ἐγίνετο.
3618 5671 3726 5728 Sed

2151 5733 2244 5786 diu
2261 5743 2384 5787 autc
2402 5732 2720 5789 defensores
2749 5736 3030 5792 exstitisse
3051 5732 3346 5790 verisimile
3368 5732 3470 5800 est,
3486 5741 3728 5798 eosdem-

2151 5819 2256 5874 que
2295 5803 2606 5873 προστάτας
2639 5806 2693 5859 in
2723 5806 2812 5859 illa
2842 5807 3249 5877 subscriptione
3287 5807 3580 5869 nominari.
