4134 6386
448 315 555 370 399

1825 324 1883 379 S.
1928 323 2271 378 EPlPllANll

3613 327 3678 380 M7
3687 329 3719 384 θ

449 433 685 488 hominis
718 440 970 486 naturam
1002 434 1326 504 assumpsit,
1370 433 1471 489 hoc
1507 444 1591 489 est
1620 437 1830 490 ratione
1855 446 1908 491 et
1941 438 2009 491 iu-

2132 437 2232 505 τῆς
2285 436 2633 508 ἀνθρωπείας
2682 436 2921 504 φύσεως,
2955 435 3204 489 τουτέστι
3247 435 3425 507 ψυχῆς
3473 436 3713 508 λογικῆς,

449 528 743 598 telligentia
768 528 1048 598 praeditam
1072 527 1312 581 animam
1343 527 1747 598 humanamque
1776 545 2020 586 carnem.

446 619 734 674 Credimus
795 619 849 673 in
897 634 1065 672 unum
1100 617 1269 672 Deum
1317 617 1535 674 Patrem
1569 622 2021 690 omnipotentem,

446 713 688 766 omnium
720 712 1019 766 visibilium
1052 710 1516 782 invisibiliumque
1540 714 1917 778 conditorem;
1970 721 2025 767 et

447 819 498 856 In
538 818 706 856 unum
742 801 1030 854 Dominum
1087 799 1278 854 Jesum
1328 801 1609 855 Christum
1665 801 1863 856 Filium
1903 802 2018 867 Dei,

441 897 683 964 genitum
714 909 779 947 ex
812 892 991 956 Patre,
1025 893 1384 962 unigenitum,
1420 893 1523 948 hoc
1556 903 1643 948 est
1669 896 1738 948 ab
1781 897 2021 950 essentia
2055 967 2058 970 γ

443 986 640 1050 Patris,
668 984 836 1039 Deum
863 984 1031 1056 844
1050 985 1117 1041 de
1138 985 1266 1050 Deo,
1293 988 1475 1042 lumen
1503 988 1570 1041 de
1599 988 1824 1049 lumine,
1851 986 2020 1041 Deum

444 1094 628 1132 verum
661 1081 726 1132 ile
759 1077 868 1131 Deo
902 1094 1073 1144 vero;
1114 1081 1356 1149 genitum
1388 1094 1497 1133 non
1523 1079 1748 1143 factum,
1784 1080 2022 1134 consub-

441 1173 747 1228 smutialem
780 1171 948 1235 Patri,
985 1187 1080 1241 per
1110 1188 1270 1240 quem
1305 1174 1488 1226 omnia
1535 1172 1676 1226 facta
1711 1183 1858 1236 sunt,
1897 1190 2019 1243 quae

440 1262 496 1313 iu
529 1261 688 1323 cmlo,
743 1276 972 1329 quaeque
1032 1260 1085 1314 in
1128 1268 1274 1314 terra
1325 1271 1492 1328 sunt;
1545 1264 1637 1331 qui
1671 1274 1892 1332 propter
1917 1280 2016 1318 nos

440 1353 711 1413 homines,
743 1361 797 1405 et
829 1361 1050 1422 propter
1083 1360 1328 1407 nostram
1363 1354 1592 1408 salutem
1633 1355 1936 1422 descendit,
1965 1366 2019 1410 et

438 1446 760 1498 incarnatus
781 1453 883 1507 est,
919 1453 974 1498 et
1019 1444 1184 1498 homo
1233 1447 1428 1507 factus,
1460 1455 1514 1501 et
1569 1462 1764 1515 passus
1812 1456 1931 1513 est;
1961 1458 2016 1501 et

437 1539 738 1594 resurrexit
767 1538 925 1592 tertia
964 1537 1051 1592 die
1077 1555 1090 1603 ;
1124 1539 1374 1592 ascendit
1403 1540 1456 1592 in
1481 1541 1704 1602 caalum,
1737 1549 1790 1594 et
1821 1549 2014 1595 ventu-

435 1647 532 1687 rus
552 1640 637 1686 est
663 1629 912 1700 judicare
939 1631 1090 1685 vivos
1113 1639 1167 1684 et
1216 1640 1498 1697 mortuos;
1546 1645 1598 1686 ct
1633 1633 1686 1686 in
1750 1633 2011 1702 Spiritum

434 1733 707 1778 sanctum.
755 1721 862 1777 Eos
905 1731 1085 1778 autem
1144 1724 1237 1793 qui
1291 1725 1482 1778 dicunt
1514 1745 1526 1779 :
1563 1725 1685 1778 Fuit
1716 1729 2012 1797 aliquando

2131 529 2225 581 καὶ
2262 531 2476 598 νοερᾶς,
2509 530 2601 580 καὶ
2636 528 2836 598 σαρκὸς
2879 528 3246 599 ἀνθρωπίνης.
3273 530 3606 600 Πιστεύομεν
3640 533 3718 594 είς

2128 622 2221 673 ἕνα
2250 622 2383 674 Θεὸν
2415 621 2638 692 Πατέρα
2663 622 3110 692 παντοκράτορα,
3151 623 3374 676 πάντων
3413 623 3627 693 ὁρατῶν
3657 642 3715 677 τε

2128 714 2220 765 καὶ
2253 714 2501 782 ἀοράτων
2549 715 2778 783 ποιητήν
2801 729 2815 742 ο
2852 713 2946 766 καὶ
2997 715 3076 777 είς
3121 713 3218 768 ἱνα
3261 714 3467 784 Κύριον
3505 713 3713 784 Ἰησοῦν

2125 805 2362 875 Χριστὸν
2387 847 2402 869 ,
2445 805 2537 858 τὸν
2571 804 2697 858 Υἱὸν
2719 803 2816 857 τοῦ
2843 803 3002 868 Θεοῦ,
3031 805 3121 858 τὸν
3152 805 3486 876 γεννηθέντα
3516 805 3584 858 ἐκ
3618 805 3711 859 τοῦ

2127 895 2343 967 Πατρὺς
2378 896 2669 966 μονογενῆ,
2709 897 2990 949 τουτέστιν
3023 901 3090 950 ἐκ
3117 898 3216 966 τῆς
3241 899 3431 960 οὐσίας
3470 898 3566 952 τοῦ
3599 899 3712 952 Πα-

2123 988 2270 1058 τρὸς,
2294 987 2426 1038 Θεὸν
2455 989 2516 1039 ἐκ
2541 985 2700 1048 Θεοῦ,
2735 985 2851 1054 φῶς
2873 988 2937 1039 ἐκ
2968 985 3164 1054 φωτὸς,
3197 986 3329 1039 Θεὸν
3368 985 3622 1057 ἀληθινὸν
3651 988 3712 1040 ἐκ

2121 1078 2258 1132 Θεοῦ
2293 1077 2550 1149 ἀληθινοῦ
2575 1119 2590 1140 ,
2629 1077 2962 1148 γεννηθέντα
2989 1078 3050 1130 οὑ
3078 1077 3396 1147 ποιηθέντα,
3425 1077 3710 1148 ὁμοούσιον

2120 1169 2199 1240 τῷ
2229 1169 2425 1241 "arpi,
2458 1170 2524 1222 δι’
2549 1162 2612 1220 οὑ
2636 1169 2705 1221 τά
2732 1169 2912 1220 πάντα
2941 1167 3178 1235 ἐγένετο,
3224 1167 3294 1220 τά
3323 1184 3381 1220 τε
3415 1169 3472 1220 ἐν
3497 1167 3711 1239 οὐρανῷ

2122 1263 2217 1315 καὶ
2244 1263 2310 1314 τὰ
2333 1263 2425 1314 ἐπὶ
2443 1262 2543 1330 τῆς
2567 1261 2672 1330 γῆς
2692 1276 2705 1290 ⁸
2741 1261 2830 1313 τὸν
2856 1259 2923 1312 δι’
2946 1262 2979 1329 η
2989 1260 3096 1330 μᾶς
3123 1259 3247 1322 τοὺς
3268 1257 3587 1330 ἀνθρώπους
3608 1260 3704 1314 καὶ

2117 1353 2208 1406 διά
2224 1355 2322 1424 τὴν
2341 1353 2614 1424 ἡμετέραν
2631 1353 2906 1423 σωτηρίαν
2928 1351 3277 1416 κατελθόντα,
3294 1353 3390 1404 καὶ
3407 1352 3710 1424 σαρκωθέν-

2117 1461 2206 1509 τα,
2224 1446 2318 1497 καὶ
2334 1444 2491 1497 ἐνανθ
2502 1450 2831 1515 ρωπησαντα
2852 1485 2866 1508 ,
2890 1444 3128 1497 παθόντα
3144 1485 3160 1508 ,
3181 1444 3276 1496 καὶ
3305 1445 3615 1500 ἀναστάντα
3637 1448 3705 1517 τῇ

2117 1537 2273 1606 τρίτῃ
2293 1536 2496 1607 ἡμέρα,
2524 1536 2816 1588 ἀνελθόντα
2839 1540 2917 1598 είς
2933 1537 3060 1599 τοὺς
3095 1536 3380 1606 οὐρανοὺς,
3412 1537 3707 1609 ἐρχόμενον

2117 1631 2299 1699 κρῖναι
2321 1627 2530 1691 ζῶντας
2568 1629 2662 1681 καὶ
2687 1629 2914 1698 νεκρούς
2934 1645 2945 1655 ·
2975 1630 3069 1681 καὶ
3087 1630 3166 1690 είς
3194 1629 3256 1680 τὸ
3277 1629 3430 1697 ἅγιον
3460 1629 3702 1700 Πνεῦμα.

2115 1721 2252 1783 Τοὺς
2269 1721 2325 1773 δὲ
2353 1721 2631 1788 λέγοντας,
2657 1717 2762 1772 Ἦν
2790 1737 2916 1772 ποτε
2945 1721 3034 1773 ὅτε
3061 1721 3161 1773 οὐκ
3191 1715 3281 1790 ἧν,
3314 1721 3410 1774 καὶ
3432 1723 3562 1790 πρὶν
3580 1738 3702 1790 γεν-

434 1832 559 1870 cum
608 1832 719 1870 non
772 1828 910 1878 erat,
945 1824 998 1869 et
1045 1825 1337 1886 antequam
1372 1818 1686 1888 gigneretur
1715 1836 1820 1874 non
1859 1833 2008 1888 erat;

2115 1813 2344 1884 νηθῆναι
2398 1813 2498 1865 οὐκ
2530 1809 2620 1882 ἦν,
2675 1812 2769 1865 καὶ
2822 1812 2906 1864 ὃτι
2977 1812 3066 1878 Ἐξ
3112 1813 3212 1865 οὑκ
3250 1813 3418 1865 ὄντων
3467 1812 3702 1880 ἐγένετο,

435 1915 530 1960 aut
569 1923 599 1962 e
635 1907 827 1972 nihilo,
885 1907 1000 1961 sive
1045 1923 1111 1960 ex
1140 1909 1313 1960 altera
1353 1924 1606 1976 persona,
1643 1922 1736 1964 aut
1770 1913 2009 1967 essentia

434 2003 628 2055 dicunt
679 2002 980 2065 exstitisse,
1023 2005 1138 2058 sive
1205 2004 1448 2057 converti
1501 2005 1817 2074 mutarique
1851 2022 2014 2076 posse

435 2094 529 2149 Dei
557 2093 752 2149 Filium
773 2096 1059 2160 allirmant,
1081 2096 1182 2150 hos
1206 2095 1554 2150 anathemate
1578 2097 1804 2150 damnat
1830 2100 2016 2151 catho-

434 2186 539 2241 lica
569 2198 622 2242 et
649 2188 948 2258 apostolica
985 2186 1248 2243 Ecclesia.
1284 2187 1394 2258 Ego
1423 2187 1693 2242 Photinus
1723 2191 2010 2261 presbyter

433 2284 735 2351 Ancyrana:
765 2279 1021 2335 Ecclesiae
1047 2280 1119 2335 ita
1150 2281 1316 2336 credo
1348 2289 1404 2336 et
1436 2283 1635 2346 sentio,
1670 2292 1726 2336 ut
1758 2283 1845 2337 hic
1869 2285 2010 2339 scri-

433 2382 586 2445 ptum
615 2386 720 2432 est.
749 2378 860 2447 Ego
879 2375 1124 2447 Sigerius
1159 2377 1445 2448 presbyter
1475 2377 1721 2446 ejusdem
1757 2377 2012 2434 Ecclesiae

433 2471 506 2519 ita
528 2467 692 2521 credo
715 2479 768 2522 et
790 2469 986 2531 sentio,
1017 2476 1075 2522 ut
1104 2469 1192 2522 hic
1213 2471 1478 2539 scriptum
1501 2478 1606 2524 est.
1634 2469 1747 2540 Ego
1772 2470 2013 2542 Hyginus

431 2558 698 2612 diaconus
736 2557 982 2626 ejusdem
1017 2557 1276 2613 Ecclesia:
1301 2560 1375 2612 ita
1415 2560 1584 2614 credo
1629 2568 1684 2613 et
1718 2564 1917 2627 sentio,
1954 2571 2013 2616 ut

434 2649 522 2702 hic
551 2650 816 2719 scriptmn
861 2661 965 2705 est.
994 2650 1103 2720 Ego
1131 2649 1448 2706 Heraclides
1474 2652 1845 2708 subdiaconus
1871 2655 2014 2724 ejus-

431 2741 553 2796 dem
592 2741 848 2796 Ecclesiae
876 2743 949 2796 ita
981 2742 1144 2798 credo
1177 2750 1231 2799 et
1278 2745 1477 2811 sentio,
1528 2753 1586 2799 ut
1625 2746 1712 2802 hic
1743 2747 2010 2817 scriptum

430 2841 533 2887 cst.
556 2831 666 2904 Ego
687 2832 931 2903 Elpidius
950 2835 1120 2889 lector
1137 2835 1388 2905 ejusdem
1411 2836 1668 2893 Ecclesia:
1687 2840 1759 2892 ita
1777 2840 1942 2895 credo
1957 2850 2012 2896 et

430 2927 628 2990 sentio,
660 2935 720 2981 ut
754 2927 844 2981 hic
869 2927 1138 2997 scriptum
1168 2937 1273 2985 est.
1312 2929 1426 3002 Ego
1460 2929 1724 3002 Cyriacus
1751 2931 2013 2988 defensor

428 3020 672 3090 ejusdem
706 3021 962 3077 Ecclesia:
991 3021 1064 3075 ita
1095 3023 1262 3078 credo
1307 3031 1362 3078 et
1415 3024 1616 3086 sentio,
1649 3033 1708 3078 ut
1739 3025 1828 3080 hic
1866 3027 2009 3080 scri-

429 3122 580 3184 ptum
609 3122 713 3169 est.
748 3113 874 3169 Haec
916 3122 1045 3170 sunt
1072 3130 1194 3185 quae
1227 3114 1295 3168 ad
1328 3114 1677 3172 confessores
1709 3128 1763 3172 et
1789 3117 2004 3185 Patres,

2119 1905 2151 1976 ἢ
2180 1905 2238 1971 ἐξ
2270 1905 2464 1976 ἐτέρας
2493 1905 2902 1974 ὑποστάσεωςῆ
2937 1903 3125 1968 οὑσίας
3158 1905 3467 1973 φάσκοντας
3492 1900 3705 1974 εἷναι,ἧ

2117 1999 2385 2069 τρεπτὸν,
2431 1998 2462 2069 ἢ
2506 1997 2803 2067 ἀλλοιωτὴν
2848 1998 2939 2049 τὸν
2987 1997 3112 2049 Υἱὺν
3155 1996 3249 2050 τοῦ
3296 1995 3453 2060 Θεοῦ,
3487 1996 3703 2059 τούτους

2118 2089 2506 2159 ἀναθεματίζει
2530 2089 2562 2158 ἡ
2592 2089 2854 2158 καθολικη
2883 2088 2976 2140 καὶ
3004 2087 3334 2157 ἁποστολικὴ
3375 2087 3695 2158 Ἐκκλησία.

2131 2183 2272 2250 Ἐγὼ
2291 2181 2555 2244 Φωτεινὸς
2578 2181 2949 2253 πρεσϐύτερος
2970 2181 3070 2250 τῆς
3100 2181 3238 2234 κατά
3262 2183 3544 2253 ’Δγκυραδ
3585 2182 3704 2234 Ἐκ-

2118 2277 2348 2348 κλησίας
2373 2275 2517 2329 οὕτω
2539 2277 2780 2328 πιστεύω
2803 2275 2897 2326 καὶ
2923 2271 3124 2343 φρονῶ,
3157 2272 3232 2334 ὡς
3261 2275 3699 2344 προγέγραπται.

2130 2370 2270 2437 Ἐγὼ
2299 2369 2547 2439 Σιγέριος
2575 2367 2947 2440 πρεσϐύτερος
2972 2369 3070 2438 τῆς
3089 2365 3260 2434 αὑτῆς
3287 2365 3428 2417 οὕτω
3463 2365 3703 2442 πιστεύω

2115 2462 2213 2514 καὶ
2242 2461 2447 2533 φρονῶ,
2481 2461 2556 2523 ὡς
2583 2461 3022 2532 προγέγραπται.
3060 2456 3200 2525 Ἐγὼ
3236 2456 3446 2525 ’Υγῖνος
3461 2457 3702 2520 διάκονος

2111 2553 2214 2622 τῆς
2247 2553 2418 2623 αὑτῆς
2455 2551 2599 2605 οὓτω
2633 2553 2876 2604 πιστεύω
2910 2552 3006 2604 καὶ
3037 2550 3242 2622 φρονῶ,
3285 2549 3360 2612 ὡς
3391 2549 3699 2621 προγέγρα-

2114 2662 2266 2698 πται.
2312 2642 2451 2712 Ἐγὼ
2476 2643 2835 2714 Ἡρακλείδης
2865 2643 3216 2706 ὑποδιάκονος
3231 2641 3332 2711 τῆς
3362 2642 3534 2710 αὑτῆς
3557 2641 3700 2694 οῦτιυ

2112 2735 2358 2789 πιστεύω
2387 2736 2478 2788 γα).
2513 2735 2720 2806 φρονῶ,
2762 2735 2839 2799 ὡς
2877 2735 3319 2807 προγέγραπται.
3356 2733 3495 2804 Ἐγὼ
3523 2735 3702 2788 Ἐλπί-

2111 2829 2222 2894 διος
2242 2829 2598 2899 ἀναγνώστης
2617 2830 2646 2881 ό
2682 2828 2885 2898 ταύτης
2919 2827 3064 2881 οὑτω
3092 2827 3335 2882 πιστεύω
3364 2826 3457 2879 καὶ
3483 2827 3665 2897 φρονῶ
3683 2865 3699 2890 ,

2111 2922 2187 2984 ὡς
2222 2921 2662 2992 προγέγραπται.
2715 2919 2859 2987 Ἐγὼ
2900 2919 3181 2990 Κυριακὺς
3231 2919 3546 2990 προστάτης
3598 2917 3699 2987 τῆς

2113 3014 2284 3084 αὑτῆς
2309 3011 2454 3065 οὑτω
2486 3012 2730 3065 πιστεύω
2764 3012 2862 3065 καὶ
2890 3011 3106 3083 φρονῶ,
3147 3011 3220 3075 ὡς
3257 3013 3698 3086 προγέγραπται.

2114 3105 2300 3159 Ταῦτά
2322 3106 2439 3158 ἐστι
2474 3104 2544 3158 τά
2566 3105 2658 3158 ὑπ’
2688 3103 2867 3158 αὑτῶν
2909 3104 3046 3174 πρὸς
3073 3105 3200 3166 τοὺς
3224 3102 3563 3174 όμολογητάς
3602 3104 3698 3156 καὶ⁵

427 3206 504 3260 illi
553 3207 918 3277 scripserunt.
950 3204 1082 3271 Qum
1140 3206 1185 3261 si
1217 3206 1272 3259 in
1312 3206 1632 3263 melioribus
1659 3223 1782 3263 esse
1812 3224 2007 3263 nume-

2114 3199 2370 3268 Πατέρας
2398 3197 2700 3270 γραφέντα.
2727 3196 2790 3250 El
2822 3169 3003 3250 τοίνύν
3030 3169 3434 3266 δύναται-παρὰ
3451 3169 3701 3250 ⁷συνετῶν

426 3296 617 3362 randa,
645 3297 1006 3368 intelligentes
1027 3297 1415 3368 judicaverint,
1441 3314 1537 3368 per
1554 3313 1638 3353 me
1657 3306 1715 3352 ut
1737 3299 2008 3367 ejusmodi

429 3393 732 3447 habeantur
763 3393 909 3446 licet.
933 3390 1029 3445 Sin
1062 3393 1114 3446 in
1146 3392 1248 3446 hac
1272 3391 1388 3461 ipsa
1414 3392 1770 3447 excusatione
1800 3407 1864 3446 ac
1893 3392 2010 3448 dis-

426 3485 708 3554 putatione
737 3485 1028 3538 titubatqu
1059 3484 1126 3537 ab
1155 3483 1263 3538 illis
1293 3483 1662 3546 nonnihilest,
1722 3499 1785 3537 ac
1816 3500 2007 3555 parum

428 3583 572 3628 recte
597 3574 856 3643 positum,
890 3588 1050 3626 suum
1075 3573 1218 3642 apud
1245 3573 1493 3628 eruditos
1521 3574 1700 3628 locum
1729 3577 2008 3631 ordinem-

423 3681 530 3735 que
559 3674 801 3721 teneant.
831 3663 1116 3719 Postremo
1139 3679 1262 3720 cum
1282 3665 1348 3719 de
1378 3664 1634 3719 Marcello
1665 3668 2006 3736 superiorem

424 3772 641 3811 omnem
672 3755 1043 3810 narrationem
1080 3756 1296 3811 abunde
1325 3757 1752 3826 instituerimus,
1783 3759 1853 3814 ab
1905 3761 2008 3816 hoc

424 3852 491 3905 ad
524 3850 659 3904 alias
687 3849 922 3904 haereses
953 3848 1328 3904 transibimus.

756 3960 1128 4016 ADVERSUS
1184 3960 1683 4028 SEMIABIANOS,

633 4077 763 4143 Qua
796 4087 872 4132 est
922 4076 1136 4132 Itwresis
1167 4075 1335 4142 LIII,
1379 4077 1484 4131 sive
1517 4075 1792 4131 LXXIII.

495 4188 533 4245 Ι.
567 4188 949 4259 Posteaquam,
991 4187 1296 4258 Opitulante
1348 4185 1481 4250 Deo,
1530 4189 1670 4252 Arii,
1703 4203 2004 4259 eorumque

423 4280 516 4349 qui
546 4279 677 4332 Ario
703 4285 1113 4337 successerunt,
1174 4277 1413 4332 infelicia
1444 4278 1698 4349 dogmata
1750 4279 2002 4348 perrupi-

424 4385 567 4430 mus,
599 4367 979 4438 inprimisque
1032 4365 1281 4434 Photini;
1329 4368 1425 4421 sed
1473 4375 1527 4422 et
1554 4368 1792 4423 Marcelli
1821 4369 2004 4438 priora

424 4463 512 4515 illa
544 4461 942 4524 discussimus,
974 4461 1029 4515 in
1058 4462 1257 4531 quibus
1290 4462 1538 4516 nonnihil
1572 4462 1810 4516 titubare
1853 4462 2001 4516 visus

2109 3289 2344 3343 νοεῖσθαι
2370 3291 2427 3342 ἐν
2448 3289 2725 3343 καλλίοσιν
2751 3290 3039 3359 ὑπάρχειν,
3069 3288 3163 3342 καὶ
3183 3288 3249 3358 δὴ
3266 3288 3410 3342 οὑτω
3433 3288 3697 3358 τετάχθω.

2110 3381 2175 3432 Εἰ
2202 3380 2258 3433 δὲ
2284 3381 2379 3434 καὶ
2402 3383 2584 3434 ἐκεῖσε
2618 3380 2782 3437 πάλιν
2805 3380 2895 3434 διά
2922 3383 3022 3451 τῆς
3052 3381 3112 3434 ἐν
3145 3383 3285 3451 αὐτῇ
3323 3383 3390 3452 τῇ
3433 3381 3699 3451 ἀπολογία

2107 3471 2361 3543 διαλογῆς
2395 3472 2658 3542 ἔσφαλται
2688 3490 2810 3526 τινα
2840 3472 2911 3526 τά
2936 3473 3038 3526 οὑκ
3062 3472 3198 3544 ὀρθὰ
3223 3472 3563 3544 ὑπάρχοντα,
3588 3473 3698 3526 πά-

2106 3563 2194 3617 λιν
2240 3564 2504 3630 ὡσαύτως
2529 3569 2644 3630 τοῖς
2686 3565 3014 3635 φιλομαθέσι
3039 3565 3304 3636 τετάχθω.
3352 3566 3438 3628 Ὠς
3467 3561 3561 3619 οὖν
3588 3566 3701 3618 τῶν

2109 3657 2522 3727 προειρημένων
2544 3657 2761 3710 πάντων
2780 3657 2880 3728 τὴν
2901 3657 3178 3728 ὑφήγησιν
3199 3655 3548 3727 διεξήλθομεν
3570 3659 3698 3726 περὶ

2116 3747 2208 3800 τοῦ
2243 3747 2412 3800 αὑτοῦ
2445 3747 2802 3818 Μαρκέλλου,
2856 3747 3267 3820 παρελεύσομαι
3321 3747 3416 3800 καὶ
3477 3745 3694 3809 τοῦτον,

2109 3842 2206 3893 καὶ
2241 3839 2366 3913 [είς]
2395 3841 2495 3904 τάς
2527 3841 2654 3912 ἐξῆς
2681 3841 3147 3914 διασκοπήσομαι.

2593 3974 2784 4028 ΚΑΤΑ
2811 3975 3221 4040 ΗΜΙΑΡΕΙΩΝ,

2099 4088 2335 4156 Αἵρεσις
2351 4088 2734 4156 πεντηκοστὴ
2752 4089 2940 4158 τρίτη,
2963 4087 3003 4157 ἣ
3025 4089 3122 4142 καί
3142 4087 3489 4158 ἐπτακοστὴ
3507 4091 3692 4160 τρίτη.

2176 4202 2254 4252 Α’.
2274 4200 2361 4254 Ἐν
2381 4203 2446 4271 τῇ
2473 4199 2566 4253 τοῦ
2598 4199 2733 4254 Θεοῦ
2754 4201 2982 4272 δυνάμει
3003 4201 3096 4254 τοῦ
3141 4201 3351 4273 Ἀρείου
3380 4201 3450 4255 τά
3479 4201 3697 4273 σχέτλια

2105 4290 2498 4362 διαρρήξαντες
2529 4293 2753 4347 καὶτῶν
2787 4298 2905 4364 μετ’
2935 4296 3120 4361 αὑτὸν,
3151 4294 3418 4348 Φωτεινοῦ
3449 4295 3508 4348 τὲ
3531 4313 3691 4367 φημι,

2106 4381 2242 4436 ἀλλά
2270 4385 2365 4436 καὶ
2393 4384 2714 4455 Μαρκέλλου
2737 4426 2752 4451 ,
2801 4387 2859 4438 ἐν
2903 4377 2947 4452 ᾧ
2985 4385 3151 4454 ὀλίγῳ
3188 4379 3336 4449 ἔδοξε
3379 4401 3695 4456 παρασεσα-

2107 4473 2352 4539 λεῦσθαι,
2378 4476 2414 4529 ἃ
2449 4477 2508 4543 ἐξ
2535 4479 2788 4549 ὑπαρχῆς
2811 4476 3103 4548 ἐξήμεσεν,
3131 4476 3210 4540 ὼς
3237 4478 3294 4530 ἐν
3327 4478 3464 4550 μέθῃ
3490 4481 3520 4531 ό
3555 4479 3693 4550 ἀνὴρ

419 4563 524 4618 est,
556 4568 785 4624 quaeque
807 4553 962 4608 initio
991 4553 1216 4623 perinde
1241 4563 1406 4624 atque
1427 4555 1690 4610 ebrietate
1715 4564 2002 4625 correptus

2113 4566 2444 4638 προληφθείς
2473 4542 2719 4637 (γένοιτο
2744 4542 2813 4623 ’δέ
2837 4542 2964 4634 τοῦς
2994 4567 3161 4623 αὑτοῦ
3219 4542 3614 4642 διορθωθίῆναι,

419 4647 680 4699 evomuit.
715 4646 920 4715 (Atque
954 4647 1162 4700 utinam
1200 4647 1347 4701 illius
1378 4658 1700 4710 sectatores,
1730 4649 2004 4718 siquidem

421 4739 535 4792 lieri
564 4748 760 4804 potest,
788 4737 1208 4808 emendentur!)
1232 4738 1311 4792 Ad
1339 4738 1454 4792 haec
1478 4753 1602 4792 cum
1625 4738 1788 4811 845
1810 4747 2000 4793 exorta

419 4833 490 4885 ab
519 4832 750 4901 ipsomet
788 4831 918 4884 Ario
948 4831 1156 4885 zizania
1185 4831 1369 4896 verbo,
1421 4831 1567 4901 quod
1601 4841 1686 4886 est
1717 4834 1865 4886 omni
1895 4834 2004 4904 gla-

419 4924 510 4978 dio
546 4923 773 4993 ancipiti
806 4924 1200 4994 penetrabilius
1241 4925 1284 4990 ¹,
1319 4924 1709 4988 exciderimus,
1745 4927 2000 4980 conside-

419 5017 650 5071 randum
712 5016 872 5071 modo
923 5016 1084 5071 nobis
1139 5024 1243 5076 est.
1278 5016 1738 5085 quemadmodum
1765 5059 1779 5082 ,
1811 5019 1996 5088 pullu-

421 5110 568 5163 lante
597 5109 736 5162 mala
789 5109 880 5162 illa
925 5109 1042 5162 Arii
1083 5109 1457 5171 l'ruticatione,
1488 5126 1662 5180 genus
1721 5112 1996 5182 quoddam

418 5201 912 5264 cmerseritsectaa,
949 5215 1110 5269 quam
1145 5200 1612 5254 Semiarianorum
1639 5210 1850 5257 vocant.
1892 5201 1996 5268 Qui

417 5295 636 5362 quidem
663 5293 787 5346 licet
814 5294 960 5348 illius
1013 5306 1209 5346 nomen
1237 5291 1472 5360 ejureut,
1508 5293 1760 5347 eumdem
1817 5295 1994 5364 ipsum

419 5397 620 5448 tamen,
657 5401 720 5439 ac
749 5387 1073 5440 sceleratam
1111 5384 1257 5439 illius
1296 5385 1606 5453 opinionem
1645 5385 1903 5452 induunt,
1944 5398 1998 5442 et

418 5481 676 5531 ementita
705 5477 938 5548 quadam
974 5477 1176 5545 specie,
1208 5490 1271 5530 ac
1305 5477 1452 5529 larva
1496 5477 1687 5530 facient
1712 5493 1863 5530 suam
1900 5481 1998 5534 oh-

418 5569 647 5633 dueunt,
676 5585 738 5621 ac
763 5569 1134 5623 dissimulant.
1185 5569 1506 5636 Cujusmodi
1570 5570 1898 5624 histrionum
1940 5574 1994 5627 iu

417 5662 646 5716 theatris
681 5675 803 5715 esse
833 5665 1120 5716 consuevit
1157 5664 1302 5715 actio
1337 5682 1350 5716 :
1383 5663 1476 5731 qui
1511 5664 1613 5716 sub
1642 5665 1833 5718 alienis
1877 5667 1992 5720 vul-

497 5811 698 5869 ἠθιη.
735 5829 807 5878 ιν,
851 5814 931 5868 l9...
1008 5816 1029 5846 ³
1071 5813 1131 5870 F.
1173 5815 1647 5887 ἐπιπλασσῦμενοι.

2105 4672 2168 4726 γε
2194 4656 2568 4728 διορθώσοιντο
2587 4662 2598 4713 !
2619 4661 2657 4728 )·
2677 4660 2812 4713 ἀλλά
2833 4661 2928 4714 καὶ
2947 4659 3055 4713 τῶν
3081 4661 3140 4726 ἐξ
3162 4661 3326 4716 αὑτοῦ
3354 4662 3449 4716 τοῦ
3483 4663 3690 4733 Ἀρείου

2107 4751 2488 4820 γεγενημένων
2511 4759 2576 4803 τά
2607 4750 2823 4814 ζιζάνια
2851 4751 2940 4804 διά
2959 4752 3052 4805 τοῦ
3085 4751 3229 4805 θείου
3252 4752 3408 4821 λόγου
3433 4753 3528 4806 τοῦ
3552 4755 3691 4827 ὑπὲρ

2109 4842 2292 4893 πᾶσαν
2325 4841 2602 4912 μάχαιραν
2625 4842 2876 4914 δίστομον
2898 4844 3210 4914 τομωτέρου
3245 4845 3572 4916 ἐκτεμάντες
3593 4847 3689 4919 τῆς

2108 4931 2170 4997 ἐξ
2201 4931 2366 4986 αὑτοῦ
2405 4932 2498 4986 τοῦ
2533 4934 2743 5004 Ἀρείου
2777 4937 3008 5008 φυείσης
3042 4937 3362 5008 ὑλομανίας,
3389 4938 3692 5008 διασκοπή-

2113 5038 2300 5092 σωμεν
2332 5023 2451 5086 πῶς
2484 5041 2632 5088 τινες
2689 5026 3137 5098 Ἥμιαρείζουσιν
3162 5065 3180 5092 ,
3229 5029 3441 5082 ἐκείνου
3489 5031 3588 5100 μὲν
3631 5033 3691 5084 τὸ

2101 5112 2272 5182 ὄνομα
2305 5113 2659 5184 ἀρνούμενοι,
2696 5117 2860 5170 αὑτὸν
2894 5118 2950 5172 δὲ
2991 5121 3086 5172 καὶ
3111 5119 3210 5190 τὴν
3245 5121 3411 5175 αὑτοῦ
3455 5122 3686 5176 κακοδο-

2105 5201 2224 5270 ξίαν
2256 5205 2618 5278 ἐνδεδυμένοι,
2647 5211 3000 5283 προσχήματί
3032 5229 3138 5266 τινι
3167 5213 3550 5285 προσποιητῶς
3577 5215 3692 5267 ἐπι-

2103 5299 2432 5371 πλαζόμενοι
2456 5302 2476 5332 ⁸
2511 5303 2725 5368 ἑαυτοῖς
2754 5306 2815 5358 τὸ
2850 5305 3142 5376 πρόσωπον
3172 5306 3571 5377 ἠλλοιωμένονο
3611 5309 3688 5370 ὡς

2100 5395 2134 5462 ἡ
2166 5393 2274 5447 τῶν
2305 5395 2398 5447 ἐπὶ
2442 5398 2642 5468 σκηνῆς
2684 5399 2993 5453 πέπλασται
3051 5399 3506 5471 δραματουργία,
3546 5400 3686 5453 ὥστε

2101 5488 2471 5556 προσωπείοις
2497 5492 2706 5562 ἑτέροις
2725 5491 2824 5556 τὰς
2852 5493 3060 5546 ἑαυτῶν
3087 5493 3241 5563 ὄψεις
3288 5494 3649 5566 ἐπικρύπτειν
3669 5535 3683 5555 .

2102 5581 2196 5630 καὶ
2237 5579 2449 5634 ἔνδοθεν
2485 5583 2580 5635 τοῦ
2619 5585 2918 5655 προσώπου
2943 5586 3012 5639 τά
3037 5586 3138 5654 τῆς
3162 5587 3452 5656 κωμῳδίας
3479 5588 3685 5657 αἰσχρά

2099 5687 2156 5722 τε
2185 5673 2277 5724 καὶ
2306 5672 2477 5744 μέθης
2512 5675 2721 5745 ἔμπλεα
2741 5678 3069 5750 διηγεῖσθαι,
3099 5679 3132 5750 ἢ
3164 5679 3338 5741 ἄλλως
3372 5681 3681 5753 φερόμενοι,
