4134 6386
414 427 551 486 -401

1080 428 1449 485 ADVERSUS
1487 430 1832 486 HERESES
1869 429 1997 485 LIB.
2032 432 2045 485 1

2163 431 2324 487 TOM.
2368 434 2407 487 1.
2449 463 2515 471 —
2554 429 2828 486 HzEllES.
2873 430 3102 488 LXXIII.

3602 435 3708 483 4οῚ

451 557 482 624 ἢ
517 552 1046 623 σχηματοποιοῦντες
1073 551 1182 603 τῶν
1217 550 1464 604 παλαιῶν
1485 553 1618 615 τοὺς
1661 551 1884 620 μύθους,
1916 553 2027 604 τῶν

2147 552 2284 604 libus
2317 552 2717 615 delitescentes,
2749 567 2813 605 ac
2850 552 3149 620 personati,
3179 566 3297 618 qua:
3331 550 3382 602 in
3424 552 3709 605 coniaatlns

451 646 579 716 παρ’
606 647 791 708 αὐτοῖς
819 643 1059 714 ποιητῶν
1087 640 1248 696 τοῦτο
1276 642 1690 714 ἐργασαμένων.
1739 641 1896 695 Οὖτω
1936 643 2031 694 καὶ⁵

449 729 617 799 οὗτοι,
647 736 853 806 πλανᾷν
889 735 1163 798 ἐθέλοντες
1208 735 1338 796 τοὺς
1384 733 1702 804 ἀκεραίους,
1737 734 1894 786 αὐτοὶ
1929 733 2028 802 μέν

451 827 560 879 είσι
592 828 688 879 καὶ
720 825 798 896 τῷ
835 823 1133 896 προσώπῳ,
1167 824 1260 878 καὶ
1289 823 1368 894 τῷ
1397 823 1538 894 ἤθει,
1572 823 1668 876 καὶ
1701 825 1767 892 τῇ
1803 821 2029 875 κακοδο-

453 917 544 988 ξίᾳ
580 917 742 989 ὁποίᾳ
772 918 991 988 Ἀρειος
1020 917 1113 970 καὶ
1155 917 1594 986 Ἀρειομανῖται’
1631 913 1792 984 δῆθεν
1835 913 1893 965 δὲ
1940 912 2036 966 καὶ

451 1010 746 1074 κολακείας
773 1009 936 1064 ἕνεκα
967 1007 1254 1080 ἀπατηλῆς
1293 1007 1392 1079 τὴν
1423 1006 1553 1078 παρ’
1576 1005 1807 1069 ἐκείνοις
1843 1005 2035 1075 ὁμολο-

455 1101 729 1172 γουμένην
793 1100 1177 1170 ὲνδιάστροφον
1239 1096 1589 1150 διδασκαλίαν
1664 1096 2032 1164 κατακοσμεῖν

453 1192 751 1256 ἐθέλοντες,
784 1192 990 1263 κτίσμα
1019 1191 1116 1261 μὲν
1137 1189 1228 1243 τὸν
1255 1189 1385 1242 Υίδν
1410 1187 1504 1241 τοῦ
1532 1186 1670 1240 Θεοῦ
1703 1203 1874 1256 φασιν
1893 1199 1907 1213 ⁶
1946 1185 2036 1239 ἵνα

450 1285 509 1339 δὲ
537 1283 698 1354 δῆθεν
727 1284 1073 1352 ἅπατήσωσι,
1105 1281 1202 1334 καὶ
1222 1279 1300 1350 τῷ
1331 1278 1445 1350 Υἱῷ
1487 1277 1585 1330 τοῦ
1612 1276 1746 1330 Θεοῦ
1785 1293 1838 1330 τι
1871 1276 2033 1347 χαρί-

453 1391 681 1439 σωνται,
739 1373 875 1444 μετά
929 1371 1172 1435 θωπείας
1213 1373 1328 1434 τοῖς
1369 1369 1478 1422 ἀπὸ
1505 1367 1600 1420 τοῦ
1639 1367 1800 1436 λόγου
1834 1365 2027 1420 τούτου

449 1463 782 1536 πυρομένοις
804 1465 820 1495 ¹
849 1461 1178 1534 ἀγυρτωδῶς
1214 1459 1580 1528 ἐπιλέγουσιν,
1631 1458 1715 1510 ὅτι
1753 1476 1771 1508 ι
1805 1454 1880 1508 Οὔ
1911 1473 2019 1524 φα-

455 1559 571 1625 μεν;
600 1552 806 1624 κτίσμα
831 1553 908 1616 ὡς
951 1552 1009 1606 ἓν
1049 1552 1158 1606 τῶν
1183 1550 1518 1623 κτισμάτων,
1541 1547 1664 1602 οὔτε
1694 1548 1940 1619 γέννημα
1960 1549 2036 1612 ὡς

449 1644 513 1700 ιν
547 1645 659 1699 τῶν
679 1644 1056 1714 γεννημάτων.
1099 1660 1120 1693 ι

2129 642 2470 712 turpissima,
2502 651 2556 696 et
2576 643 2854 697 ebrietatis
2880 643 3035 710 plena
3071 643 3421 697 continentur
3445 681 3458 702 ,
3496 639 3701 695 edisse

2132 741 2296 786 runt:
2328 734 2444 787 sive
2476 741 2716 788 veterum
2758 744 3042 802 poetarum
3084 732 3294 787 fabulas
3323 740 3478 802 gestu
3508 731 3628 799 ipso
3655 727 3710 784 et

2132 825 2564 880 conformatione
2597 828 2847 896 corporis
2872 826 3204 896 exprimant.
3249 824 3339 878 Sic
3371 832 3425 876 et
3452 824 3543 877 isti
3573 827 3707 877 sitn-

2133 917 2454 986 plicioribus
2495 916 2723 972 illudere
2754 917 3058 986 cupientes,
3082 931 3205 970 cum
3244 924 3297 969 et
3328 914 3478 968 vultu
3510 914 3628 982 ipso
3652 919 3706 966 et

2136 1008 2402 1070 moribus,
2425 1014 2479 1061 et
2506 1008 2673 1076 impio
2698 1007 2951 1078 dogmate
2988 1007 3056 1060 ab
3082 1005 3214 1059 Ario
3247 1004 3571 1072 Arianisque
3595 1019 3701 1056 non

2132 1098 2402 1163 differant,
2445 1099 2801 1153 nihilominus
2840 1097 3076 1168 quodam
3113 1097 3442 1150 adulationis
3476 1094 3706 1149 artificio

2131 1188 2555 1258 perditissimam
2585 1189 2827 1242 onmium
2857 1187 3202 1244 confessione
3253 1187 3469 1240 illorum
3507 1181 3707 1240 doctri-

2132 1293 2259 1333 nam
2285 1279 2471 1334 fucare
2491 1293 2553 1333 ac
2581 1280 2931 1335 dissimulare
2948 1281 3254 1350 cupientes,
3287 1281 3360 1332 ita
3385 1277 3475 1332 Dei
3507 1277 3703 1331 Filiqu

2131 1378 2436 1424 creaturam
2490 1385 2612 1424 esse
2660 1370 2937 1434 dictitant,
2992 1387 3102 1442 quo
3146 1371 3361 1426 facilius
3408 1369 3701 1438 decipiant,

2131 1474 2199 1514 ac
2230 1459 2482 1515 videlicet
2506 1461 2596 1517 Dei
2626 1459 2764 1516 Filio
2787 1463 3180 1531 gratiﬁcentur,
3231 1463 3276 1517 si
3309 1476 3446 1532 quos
3468 1460 3706 1515 viderint

2133 1552 2206 1606 ob
2231 1552 2501 1622 ejusmodi
2521 1568 2804 1610 sermones
2821 1555 3122 1618 exturbari,
3145 1553 3704 1609 circumforaneorum

2134 1656 2290 1697 more
2347 1644 2532 1697 statim
2583 1643 2910 1700 blandiendo
2960 1645 3460 1714 subjiciantthon
3485 1643 3703 1714 perinde

450 1751 760 1799 creaturam
792 1741 944 1794 illum
978 1739 1232 1804 facimus,
1302 1753 1368 1794 ac
1420 1745 1744 1794 eacterarum
1803 1736 2085 1806 aliquam;
2122 1755 2300 1810 neque
2343 1739 2513 1795 fetum
2558 1751 2883 1797 caeterorum
2937 1743 3113 1799 instar
3153 1743 3359 1799 fetuum
3401 1757 3525 1798 esse
3565 1741 3704 1797 dici-

451 1854 594 1894 mus.
631 1859 650 1890 ι

520 1933 593 1985 Τὸ
639 1932 719 1995 δὲ,
751 1930 1094 2000 ὀμοούσιον,
1125 1927 1329 1981 τέλειον
1375 1927 1726 1990 ἐκϐάλλουσι,
1755 1927 1915 1996 δῆθεν
1960 1926 2035 1990 ὡς

2206 1925 2324 1981 Jam
2376 1928 2842 1983 consubstantialis
2882 1945 3068 1985 vocem
3096 1971 3111 1995 ,
3155 1938 3410 2002 tanquam
3457 1947 3488 1985 a
3532 1937 3706 1990 sacris

449 2021 728 2094 ἀλλότριον
771 2021 830 2074 ὂν
858 2023 956 2090 τῆς
988 2019 1138 2082 θείας
1185 2018 1431 2091 Γραφῆς.
1485 2019 1621 2088 Περὶ
1654 2018 1710 2070 δὲ
1741 2017 1944 2070 τούτων
1977 2018 2034 2069 ἐν

448 2116 517 2186 τῇ
556 2113 699 2167 κατὰ
746 2114 964 2184 ¹¹’Δρειον
993 2111 1268 2182 ἀκρότατα
1301 2109 1678 2180 διελέχθημεν.
1713 2108 1827 2162 Ἰνα
1853 2108 1910 2161 δὲ
1941 2109 2038 2161 καὶ

448 2207 634 2278 ὅμοιον
661 2204 832 2275 τούτῳ
867 2204 1020 2275 ῥῆμα
1048 2202 1456 2274 προϐάλλοιντο.
1489 2204 1535 2254 οἱ
1573 2203 1700 2272 περὶ
1729 2203 2032 2263 Βασίλειον,

451 2297 616 2366 φημὶ,
662 2295 756 2347 καὶ
800 2292 1097 2363 Γεώργιον,
1144 2291 1241 2344 καὶ
1282 2293 1384 2361 τῆς
1439 2284 1771 2361 Ἠμιαρείων
1831 2291 2037 2363 ταύτης

450 2387 549 2458 τῆς
576 2385 841 2455 αἱρέσεως
877 2381 1180 2452 προστάται
1213 2383 1376 2451 φασίν
1398 2399 1412 2413 ο
1456 2383 1531 2434 Οὐ
1572 2382 1805 2453 λέγομεν
1845 2384 2039 2452 ὁμοού-

453 2494 586 2540 σιον,
632 2475 769 2530 ἀλλὰ
805 2474 1133 2545 ὁμοιούσιον.
1186 2469 1367 2528 τΗσαν
1418 2475 1476 2529 δὲ
1505 2468 1650 2528 οὗτοι
1696 2478 1742 2528 οἱ
1794 2476 1902 2530 ἀπὸ
1939 2476 2038 2546 τῆς

459 2566 679 2620 συνόδου
725 2564 1083 2636 διαιρεθέντες
1109 2564 1280 2636 αὐτῆς
1321 2567 1421 2637 τῆς
1463 2567 1916 2636 Ἀρειομανίτιδος
1954 2569 2038 2620 αἰ-

459 2658 665 2730 ρὲσεως
688 2671 702 2686 ⁸
745 2659 774 2711 ὁ
803 2656 962 2720 αὐτὸς
986 2656 1264 2719 Βασίλειος
1301 2657 1616 2728 Ἀγκυρίνος
1637 2658 1841 2712 τούτων
1868 2659 2040 2728 ἀρχη-

454 2752 570 2821 γὸς,
614 2751 709 2805 καὶ
755 2749 1026 2822 Γεώργιος
1066 2751 1094 2803 ό
1125 2749 1444 2813 Λαοδικείας
1471 2751 1491 2780 ³
1519 2751 1616 2819 τῆς
1664 2750 1800 2821 πρὸς
1837 2749 2039 2802 Ἀντιό-

449 2860 611 2914 χειαν
645 2844 756 2913 (59)
791 2843 1028 2913 Δάφνης,
1064 2842 1234 2912 ἤγουν
1261 2842 1463 2912 Κοίλης
1503 2842 1723 2914 Συρίας.
1758 2844 1824 2894 Οί
1854 2843 1909 2895 δὲ
1938 2842 2038 2894 αύ-

459 2939 542 2992 τοὶ
571 2939 664 2990 καὶ
694 2937 824 3008 περὶ
859 2936 956 2989 τοῦ
1001 2935 1156 3003 ἁγίου
1198 2935 1516 3005 Πνεύματος
1547 2935 1676 2998 ἴσως
1717 2937 1831 2998 τοῖς
1874 2937 2040 2988 Πνευ-

459 3029 796 3099 ματομάχοις
852 3029 992 3080 είσὶν
1050 3026 1285 3096 ἔχοντες.
1346 3025 1546 3078 Οὐκέτι
1603 3025 1713 3097 γὰρ
1769 3025 1844 3088 ὡς
1904 3025 2042 3096 μετὰ

455 3120 856 3191 δυσωπήσεως,
902 3120 936 3190 ἢ
985 3121 1125 3190 μετά
1153 3135 1300 3182 τινος
1350 3114 1702 3171 διστακτικοῦ
1745 3115 1902 3184 λόγου
1925 3157 1940 3180 ,
1966 3115 2043 3178 ὡς

2138 2017 2361 2073 Litteris
2394 2020 2650 2082 alienam,
2682 2022 2914 2092 ‘penitus
2956 2024 3278 2094 explodunt.
3331 2025 3436 2079 Sed
3485 2025 3552 2080 de
3598 2027 3704 2092 his,

2138 2126 2262 2164 cum
2293 2110 2558 2166 adversus
2587 2111 2776 2166 Arium
2812 2128 3094 2183 ageremus
3114 2153 3128 2177 ,
3157 2115 3562 2171 accuratissime
3591 2119 3705 2172 dis-

2139 2203 2469 2271 putavimus.
2511 2202 2800 2268 Caeterum,
2845 2215 2905 2259 ut
2947 2205 3093 2261 aliud
3127 2207 3270 2262 illius
3304 2209 3481 2262 simile
3513 2226 3706 2263 nomen

2138 2292 2434 2361 objiciant,
2477 2293 2712 2349 Basilius
2756 2297 3054 2366 inprimis,
3093 2312 3154 2351 ac
3187 2296 3481 2368 Georgius,
3528 2298 3706 2352 Semi-

2139 2385 2451 2438 arianorum
2485 2386 2646 2442 istius
2666 2397 2828 2442 sectae
2859 2389 3156 2460 princi‘pes,
3187 2390 3406 2454 Filium,
3436 2392 3706 2460 inquiunt,

2141 2489 2250 2527 non
2283 2475 2706 2546 ὁμοούσιον,ίιοο
2727 2486 2830 2543 est,
2876 2479 3394 2545 consubstantialem,
3440 2483 3530 2537 sed
3552 2486 3708 2552 ὁμοι-

2139 2565 2340 2632 ούσιον,
2386 2568 2489 2624 hoc
2523 2580 2636 2634 est,
2677 2573 2841 2625 simili
2873 2572 3174 2626 substantia
3210 2575 3518 2642 prwditum,
3556 2590 3708 2628 asse-

2141 2660 2334 2714 rimus.
2366 2663 2543 2731 Atque
2566 2661 2622 2716 hi
2652 2662 2868 2717 demum
2905 2662 3144 2727 fuerunt,
3171 2665 3262 2733 qui
3295 2675 3414 2730 post
3442 2665 3708 2736 synodum

2142 2751 2212 2803 ab
2250 2750 2443 2805 insana
2470 2753 2794 2807 Arianorum
2827 2755 3059 2809 factione
3088 2755 3321 2825 separati
3367 2765 3494 2809 sunt
3522 2776 3534 2809 :
3568 2770 3707 2824 quo-

2141 2857 2260 2894 rum
2305 2843 2414 2896 dux
2477 2843 2712 2900 Basilius
2767 2845 3090 2916 Ancyranus
3134 2848 3374 2906 exstitit.
3432 2862 3538 2900 una
3584 2863 3709 2901 cum

2142 2932 2375 3003 Georgio
2412 2935 2712 3003 Laodiceae,
2752 2946 2804 2992 et
2830 2937 3081 3007 Daphnes
3110 2936 3177 2990 ad
3211 2937 3573 3002 Antiochiam,
3607 2938 3710 2990 hoc

2141 3033 2224 3080 est
2264 3026 2593 3096 leesyriac.
2638 3027 2800 3083 Iidem
2843 3038 2896 3084 ct
2943 3030 3010 3084 dc
3046 3028 3248 3098 Spiritu
3302 3040 3494 3084 sancto
3525 3031 3710 3084 eadem

2143 3131 2266 3170 cum
2299 3117 2445 3173 illius
2474 3121 2942 3189 oppugnatoribus
2977 3131 3176 3176 tenent.
3211 3121 3395 3191 Neque
3434 3138 3563 3178 vero
3598 3131 3712 3177 ter-

459 3213 586 3283 περὶ
618 3212 712 3265 τοῦ
747 3212 876 3266 Υίοῦ
901 3253 915 3277 ,
961 3212 1340 3282 αἰσχυνόμενοι
1374 3211 1580 3263 τέλειον
1628 3210 1835 3281 κτίσμα
1880 3210 2042 3263 αὐτὸν

2147 3209 2489 3277 given-sautio,
2516 3219 2609 3265 aut
2646 3211 2980 3278 hmsitando,
3018 3213 3472 3283 quemadmodum
3521 3213 3575 3266 in
3620 3212 3712 3268 Fi-

459 3304 654 3366 εἱπεῖν,
681 3303 820 3373 ὅπερ
847 3303 940 3355 καὶ
977 3301 1149 3365 οὕτως
1194 3301 1378 3371 ἔχουσι
1399 3316 1412 3330 ⁸
1446 3300 1536 3353 διὰ
1566 3300 1624 3354 δὲ
1661 3301 1752 3354 τὸν
1781 3302 1916 3372 πρὸς
1949 3302 2043 3354 ἀν-

2147 3301 2252 3363 lio;
2277 3317 2436 3370 quem
2468 3319 2590 3356 cum
2622 3305 2870 3360 absolute
2891 3315 3197 3361 creaturam
3224 3309 3575 3376 pronuntiare
3606 3323 3712 3362 non

458 3390 710 3466 θρώπους
747 3394 910 3461 φόϐον
963 3393 1284 3464 ἐπιφέρουσι
1335 3393 1397 3444 τὸ
1448 3391 1776 3463 όμοιούσιον,
1833 3393 1928 3446 καὶ
1971 3393 2038 3445 τὸ

467 3483 673 3554 κτίσμα
701 3484 778 3547 ὡς
809 3484 829 3515 ³
860 3484 918 3537 ἓν
944 3485 1053 3536 τῶν
1104 3485 1441 3555 κτισμάτων.
1483 3482 1619 3554 Περὶ
1649 3483 1708 3536 δὲ
1744 3481 1838 3536 τοῦ
1883 3483 2041 3552 ἁγίου

463 3575 780 3645 Πνεύματος
798 3618 812 3639 ,
837 3575 914 3637 ὡς
943 3575 1102 3645 ἔφην,
1133 3576 1195 3628 οὐ
1227 3574 1553 3637 διστατικῶς
1579 3573 1856 3644 ὁρμῶνται
1875 3614 1891 3636 ,
1925 3573 2042 3627 ἀλλ’

462 3666 538 3731 ὡς
564 3666 905 3738 λυσσητῆρες
936 3667 1126 3732 κύνες,
1157 3666 1393 3735 ἀφειδῶς
1421 3667 1630 3736 κτίσμα
1667 3665 1800 3720 αὐτὸ
1838 3665 2045 3718 παντά-

464 3773 630 3811 πασιν
651 3757 943 3828 ὁρίζονται,
979 3757 1072 3810 καὶ
1093 3755 1267 3820 οὕτως
1291 3754 1749 3822 διαϐεϐαιοῦνται,
1779 3755 1874 3809 καὶ
1892 3753 2049 3808 ἀλλό-

465 3865 612 3921 τριον
637 3848 852 3920 Πατρὸς
885 3850 978 3902 καὶ
1002 3847 1135 3902 Υἱοῦ
1171 3848 1434 3918 ὑπάρχον.
1457 3849 1568 3900 Καὶ
1591 3847 1688 3907 ἵνα,
1703 3849 1776 3918 μή
1803 3863 1886 3910 τις
1905 3847 2048 3899 εἴποι

465 3938 608 3994 κατὰ
633 3939 1027 4009 συκοφάντησιν
1060 3937 1202 3992 κατά
1228 3955 1386 3992 τινων
1406 3939 1557 4008 ἡμᾶς
1579 3937 1782 4006 λέγειν,
1815 3935 2050 3991 ἐνταῦθα

469 4031 856 4104 παραθήσομαι
897 4031 974 4094 ὡς
1000 4029 1238 4101 ἔγραψεν
1264 4029 1494 4093 ἕκαστος
1522 4029 1703 4082 αὐτῶν
1734 4026 2049 4098 ἐπιστολὴν,

575 4144 593 4174 ι
627 4161 730 4229 χρ,
778 4143 1157 4215 πειρωμένοις.
1209 4143 1356 4214 Lego
1410 4143 1790 4215 πτυρομένοις,
1850 4143 1939 4196 vel
1994 4144 2374 4214 πυρουμένοις.

470 4215 568 4284 οὐχ
611 4215 707 4277 ὡς.

549 4333 661 4403 (59)
702 4333 1182 4405 ΚαὶνΓεώργιοςδ
1214 4333 1562 4398 Λαοδικείας
1593 4332 1703 4402 τῆς
1726 4332 1877 4400 πρὸς
1923 4332 2051 4405 Ἀν-

478 4407 758 4473 τιόχειαν.
814 4403 968 4460 Hunc
1018 4403 1214 4459 locum
1254 4405 1526 4473 integrum
1565 4418 1673 4473 non
1722 4418 1845 4457 esse
1871 4404 2052 4472 suspi-

479 4471 813 4544 cari'aliquis
845 4475 1056 4543 possit;
1097 4489 1221 4527 nam
1255 4471 1526 4528 Laodicea
1576 4471 1769 4544 Syria:
1801 4473 1934 4526 nihil
1970 4471 2049 4526 ad

483 4543 742 4613 Daphnen
800 4546 1056 4613 pertinet.
1105 4543 1398 4598 Antiochia
1442 4543 1836 4613 porro’Syrim
1886 4550 2051 4610 caput

481 4612 840 4683 cognomento
873 4617 966 4667 ἐπὶ
994 4614 1232 4682 Δάφνης,
1260 4615 1327 4668 ab
1355 4612 1728 4683 ammnissimo
1756 4612 2047 4683 suburbio,

480 4699 510 4736 a
528 4682 738 4739 Latinis
755 4686 915 4738 etiam
938 4684 1291 4751 Epidaphnes,
1311 4684 1450 4752 apud
1470 4682 1614 4736 Plin.
1639 4683 1733 4735 lib.
1750 4699 1802 4740 ν.
1820 4697 1943 4752 cap.
1957 4682 2047 4736 25-

491 4752 706 4808 l‘acitns
765 4756 858 4809 lib.
915 4768 952 4808 ιι
1040 4750 1182 4806 Anu.
1251 4750 1367 4806 ait}
1401 4751 1708 4806 Germanica
1744 4750 2044 4818 sepulcrum

487 4825 780 4878 Antiochia:
807 4829 1174 4886 constitutum,
1207 4822 1296 4875 ubi
1343 4835 1638 4881 crematus;
1667 4821 1901 4874 tribunal
1927 4819 2056 4888 Epi-

487 4894 728 4962 daphmr,
770 4911 870 4963 quo
921 4897 975 4947 in
1009 4895 1121 4946 loco
1156 4895 1314 4946 vitam
1345 4894 1576 4962 ﬁnierat.
1611 4889 1878 4963 Nimirum
1909 4890 2054 4958 quod

488 4961 579 5036 tati
620 4961 836 5036 Δάφνῃ,
881 4967 965 5036 vel
1003 4964 1114 5036 ὲπὶᾼ
1141 4961 1356 5030 Δάφνης
1406 4963 1598 5016 crebro
1655 4961 2053 5036 nominaretur,

491 5034 633 5102 vulgi
667 5030 1063 5088 consuetudine.
1094 5033 1315 5094 factum,
1349 5042 1406 5086 ut
1447 5047 1556 5085 tina
1585 5045 1717 5102 voce
1758 5030 2056 5102 Ἐπιδάφνη

493 5099 716 5172 Daphne
750 5107 866 5173 ipsa
893 5106 1170 5158 diceretur
1204 5120 1216 5155 :
1251 5101 1710 5173 quemadmodum
1743 5114 1812 5173 εξ
1845 5099 2059 5173 duabus

493 5167 612 5228 istis
671 5167 970 5229 Homericis
1043 5167 1396 5242 vocibus—civ
1441 5171 1725 5242 A’Aplpozg
1784 5167 2060 5242 Inarimen

494 5242 763 5298 conliasse
805 5243 1086 5313 Virgilium
1117 5240 1453 5313 grammatici
1467 5239 1855 5313 _suspicantur_.
1882 5239 2060 5313 Quare

496 5328 604 5366 non
626 5309 1150 5373 assentior'Ortelio',
1177 5313 1270 5379 qui
1302 5311 1445 5380 apud
1467 5309 1715 5364 Tacitum
1749 5317 1802 5380 et
1828 5309 2058 5364 Plinium

498 5382 956 5504 pro'lsjpidapbne,
978 5384 1061 5436 vel
1089 5378 1421 5450 Epidaphues
1456 5378 1870 5460 rescribendum
1887 5381 2062 5434 credit

546 5462 711 5504 aluus
735 5456 985 5504 vocibus.
1021 5451 1159 5504 aoud
1191 5451 1462 5504 Daphnen.
1506 5450 1580 5503 Ex
1611 5465 1681 5504 ns
1710 5458 1904 5504 mertto
1929 5465 2062 5503 con-

546 5453 711 5509 atinis
735 5456 985 5514 vocibus,
1021 5451 1159 5521 apud
1191 5451 1462 5518 Daphnen.
1506 5450 1580 5503 Ex
1611 5450 1681 5504 iis
1710 5451 1904 5504 merito
1929 5465 2063 5503 con-

501 5521 593 5593 jici
645 5535 838 5592 potest,
891 5523 1032 5593 apud
1087 5522 1450 5592 Epiphaninm
1502 5523 1721 5593 inverso
1767 5522 2061 5593 verborum

501 5589 694 5664 ordine
749 5595 824 5648 ita
879 5589 982 5664 legi
1031 5589 1214 5664 potius
1262 5599 1536 5664 oportere.
1576 5589 1675 5658 τῆς
1714 5589 1851 5664 πρὸς
1879 5589 2064 5664 ᾼὲἀφνῃ

513 5660 860 5733 Ἀντιοχείας,
894 5658 1056 5732 quam
1097 5663 1192 5732 τῆς
1247 5658 1411 5733 πρὸς
1437 5661 1837 5733 ξΑντιοχηΔάφ.
1883 5658 2066 5733 [δίειμιε

503 5729 1006 5803 εειιιειῐρτοριεὶ-θίι
1035 5729 1353 5801 explicatior
1402 5729 1490 5784 hic
1527 5729 1841 5803 _ipse__10eus
1859 5729 2060 5803 fuerit.

503 5797 862 5866 Quaerendum
895 5805 1038 5860 enim
1072 5797 1352 5871 praeterea,
1386 5815 1486 5853 cur
1508 5797 1791 5871 Laodicea
1822 5799 1922 5867 τῆς
1945 5799 2065 5871 Ἀν-

505 5873 738 5940 τιοχείας
766 5875 990 5942 appellet
1002 5868 1090 5929 ιιι-ζ
1116 5875 1200 5929 An
1228 5871 1332 5929 hoc
1361 5868 1782 5928 existimandum
1805 5877 1889 5925 est
1907 5909 1922 5937 ,
1951 5869 2062 5924 An~

2143 3391 2405 3453 audeant,
2429 3393 2531 3446 etsi
2580 3391 2632 3445 id
2668 3394 2892 3447 omnino
2923 3395 3196 3459 sentiant,
3230 3394 3582 3449 nihilominus
3616 3396 3713 3446 ho-

2143 3480 2351 3534 minum
2392 3482 2852 3538 existimationem
2913 3485 3104 3549 veriti,
3142 3501 3326 3538 vocem
3376 3485 3519 3537 illam
3561 3488 3714 3554 ὁμοι-

2145 3570 2324 3623 ούσιον
2362 3572 2686 3636 obtrudunt,
2716 3582 2767 3629 et
2804 3584 3109 3630 creaturam
3143 3577 3210 3632 ab
3243 3586 3556 3631 czeterarum
3584 3592 3717 3631 Cott-

2146 3661 2356 3715 ditione
2401 3663 2672 3717 diversam
2721 3680 2843 3722 esse
2885 3666 3186 3730 definiunt,
3229 3683 3354 3722 cum
3402 3667 3468 3722 de
3510 3666 3714 3738 Spiritu

2146 3753 2313 3826 846
2360 3765 2571 3820 sancto,
2609 3758 2852 3826 inquam,
2889 3759 3082 3829 igitur._
3106 3775 3213 3814 non
3250 3759 3435 3814 timide
3478 3774 3540 3813 ac
3577 3759 3716 3812 dilli-

2145 3847 2372 3912 denter,
2426 3849 2518 3904 sed
2571 3851 2888 3904 rabidorum
2935 3866 3129 3905 canum
3174 3868 3323 3906 more
3368 3860 3480 3906 toto
3515 3853 3716 3920 impetu

2149 3934 2400 3990 feruntur
2432 3945 2486 3991 et
2531 3947 2840 3993 creaturam
2891 3955 3014 3994 esse
3066 3939 3183 3994 sine
3217 3941 3324 3993 ulla
3369 3941 3718 3995 cunctatione

2146 4027 2362 4093 docent,
2393 4037 2447 4085 et
2480 4047 2510 4084 a
2563 4030 2747 4094 Patre,
2783 4046 2847 4084 ac
2880 4030 2919 4084 F
2924 4032 3016 4084 ilio
3061 4030 3372 4085 abalienare
3425 4039 3715 4086 conantur.

2480 4148 2500 4177 ⁸
2538 4144 2612 4200 De
2655 4146 2758 4200 hoc
2807 4146 2926 4201 loco
2967 4146 3193 4201 consule
3226 4155 3404 4201 notas.
3509 4147 3534 4180 ³
3561 4145 3720 4203 Addo

2159 4331 2440 4392 tiochiam,
2485 4330 2568 4383 vel
2611 4327 2871 4396 Daphnen
2903 4342 3000 4396 pro
3042 4325 3261 4396 regione
3291 4325 3720 4396 ipsa,_et_Coale—

2157 4404 2302 4472 syria
2329 4393 2717 4472 nonnunquam
2743 4393 3036 4472 usurpari?
3052 4393 3492 4472 quodseqttentia
3507 4393 3723 4472 docent,

2156 4466 2280 4525 eum
2329 4469 2480 4524 addit
2508 4466 2674 4538 ἤγουν
2703 4470 2801 4537 τῆς
2834 4467 3033 4538 Κοίλης
3060 4467 3279 4538 Συρίας.
3314 4466 3720 4538 Daphncnsium

2156 4534 2856 4611 quidem‘Cotn'itatensiunt
2903 4534 3060 4611 inter
3089 4534 3559 4611 legionesNotitia
3609 4550 3721 4588 me-

2157 4605 2337 4666 minit.
2366 4609 2608 4663 Dicerem
2644 4608 2968 4661 Antiocheni
2992 4607 3226 4674 alicujus
3258 4605 3500 4675 episcopi
3525 4619 3723 4658 nomen

2158 4683 2247 4734 hic
2280 4679 2597 4739 desiderari,
2631 4678 2677 4730 si
2733 4678 2858 4746 quis
2906 4684 3218 4731 occurreret
3258 4677 3722 4746 Semiarianorum

2158 4753 2360 4812 fautor,
2387 4761 2440 4804 et
2463 4745 2688 4818 signifer
2718 4766 2731 4800 :
2756 4743 3072 4818 'cujusutodi
3115 4748 3322 4818 nullum
3348 4746 3579 4818 reperio.
3611 4743 3724 4818 lino

2156 4835 2286 4874 vero
2317 4813 2614 4880 Eudoxios,
2635 4819 2725 4885 qui
2744 4813 3138 4871 Antiochenam
3158 4817 3337 4885 sedem
3361 4813 3482 4884 post
3510 4813 3720 4868 Leontii

2159 4891 2366 4944 obitum
2399 4884 2705 4957 occupavit,
2739 4887 2943 4949 Basilii,
2979 4902 3041 4939 ac
3067 4886 3280 4948 Georgii
3304 4884 3593 4957 Laodiceni
3628 4897 3724 4948 per

2158 4962 2251 5014 illa
2287 4955 2555 5028 tempora
2583 4957 2756 5012 hostis
2806 4957 3108 5028 acerrimus
3137 4958 3273 5028 fuit.
3319 4955 3452 5028 Vide
3503 4955 3722 5028 Soaom.

2159 5031 2255 5084 lib.
2285 5047 2357 5092 tv,
2385 5023 2504 5098 cap.
2532 5029 2598 5081 12
2625 5035 2680 5082 et
2708 5026 3306 5098 senttentibus._Credat
3330 5027 3492 5093 igitur
3526 5023 3726 5098 aliquis

2161 5101 2231 5154 ab
2270 5093 2568 5169 Epiphanio
2597 5097 2694 5168 τὴν
2727 5093 2819 5169 ἐπὶ
2847 5096 3145 5169 Ἀντιοχείᾳ
3175 5097 3390 5169 Δάφνῃν
3427 5109 3522 5169 pro
3549 5093 3725 5169 Catie-

2161 5162 2328 5239 syria'
2348 5162 2446 5222 line
2467 5170 2603 5239 loco
2643 5162 2782 5222 sumi
2803 5166 2994 5239 ;‘quod
3021 5162 3401 5239 novummiIii,
3427 5162 3487 5239 et
3509 5162 3726 5239 inaudi-

2162 5234 2277 5294 tum
2305 5253 2427 5294 esse
2453 5238 2646 5291 fateor.
2689 5236 2955 5302 Quodnisi
2999 5237 3087 5290 cui
3119 5237 3435 5304 conjectura
3464 5234 3567 5288 ista
3604 5235 3725 5301 pla-

2162 5317 2311 5375 ceat,
2357 5307 2784 5378 simplicissima,
2827 5316 2893 5378 et_
2932 5304 3164 5378 fortasse
3205 5319 3331 5378 vera
3362 5306 3502 5378 ratio
3527 5311 3630 5378 est,
3666 5310 3730 5354 ut

2165 5373 2432 5433 Laodicea
2464 5373 3102 5447 imgnomentqDaphnes
3145 5375 3416 5447 appellata
3454 5373 3726 5447 videatur,

2164 5450 2307 5520 quod
2337 5450 2387 5503 ei
2422 5444 2554 5502 loco'
2573 5445 3103 5520 longeAnobilissimo
3125 5459 3198 5520 ae
3226 5444 3584 5520 celeberrimo
3605 5455 3731 5520 pro-

2164 5513 2368 5590 pinqua
2391 5520 2549 5590 foret,
2573 5513 2716 5570 κατὰ
2733 5515 3015 5590 διαστολὴν
3035 5515 3315 5590 Laodicea;
3337 5514 3583 5572 alterius,
3624 5513 3730 5590 imo

2167 5581 2402 5659 plurium
2435 5589 2662 5642 aliarum
2692 5581 3097 5659 cognominum.
3117 5583 3269 5659 inter
3297 5585 3438 5659 hanc
3464 5599 3616 5659 vero,
3641 5581 3729 5634 cui

2166 5652 2219 5713 et
2243 5658 2484 5714 Cabiosa:
2509 5672 2704 5711 nomen
2737 5652 2989 5716 inditum,
3024 5666 3074 5709 et
3103 5654 3444 5709 Antiochiam
3471 5652 3537 5706 ad
3562 5652 3734 5704 Oron-

2167 5739 2297 5794 tem,
2327 5727 2607 5796 interjecta
2634 5726 2736 5780 fuit
2763 5725 3004 5796 Daphne.
3028 5725 3183 5796 Quod
3210 5733 3266 5778 ut
3282 5724 3614 5796 expressius
3630 5719 3732 5796 _de-

2168 5787 2439 5868 clararet,
2456 5787 2813 5868 Epiphanius,
2840 5787 3245 5868 'adjecit'ﬁyow
3279 5787 3484 5868 Roth];
3511 5787 3731 5868 Συρίας,

2168 5885 2236 5925 ne
2259 5869 2384 5940 quis
2414 5863 2702 5940 Phrygiam
2727 5863 2962 5937 putaret,
2991 5871 3082 5921 aut
3103 5863 3276 5920 aliam
3304 5863 3618 5934 quamlibet.
