4134 6386
461 386 558 440 405

1862 404 1917 460 S.
1961 403 2301 466 EPIPHANII

3613 423 3714 482 ως

459 509 532 562 Ac
576 526 643 564 ne
686 511 810 583 quis
861 515 1184 570 calumniari
1230 532 1316 573 me
1358 520 1659 593 quidquam
1714 526 2033 591 arbitretur,

2142 536 2420 605 Βασίλειος
2451 543 2549 612 μὲν
2583 543 2734 614 μίαν,
2766 542 3036 615 Γεὼργιος
3068 544 3125 599 δὲ
3162 545 3190 598 ὁ
3231 542 3551 609 Λαοδικείας
3596 546 3714 617 ἅμα

459 601 745 670 utriusque
793 603 880 658 hic
928 607 1215 674 epistolam
1265 618 1534 677 atteram,
1595 613 1778 669 Basilii
1828 617 2038 672 scilicet

459 706 643 756 unam,
673 701 727 746 ct
755 692 972 765 Georgii
1017 695 1316 762 Laodiceae,
1345 718 1517 771 quam
1577 719 1700 758 cum
1741 705 1942 763 Basilio
1981 716 2036 763 et

459 786 626 841 sociis
663 788 906 858 scripsit,
939 791 1186 844 alteram.
1218 793 1349 859 Quae
1379 804 1508 850 sunt
1531 797 1822 867 ejusmodi.

742 895 987 966 Epistola
1019 903 1406 974 pseudosynodi
1437 906 1751 977 Ancyranaz.

531 1005 592 1060 ll.
629 1007 990 1066 Sacrosancta
1034 1016 1298 1085 synodus,
1331 1035 1452 1087 qua:
1474 1020 1701 1091 Ancyrae
1727 1024 1886 1089 paulo
1911 1032 2037 1078 ante

459 1095 670 1152 Pascha
715 1101 883 1157 variis
929 1120 994 1157 ex
1045 1106 1340 1174 provinciis
1388 1111 1618 1165 collecta
1664 1120 1768 1174 est,
1810 1129 2038 1169 venera-

458 1186 662 1243 bilihus
707 1189 982 1256 dominis,
1034 1203 1088 1248 et
1153 1197 1520 1254 concordibus
1578 1202 1822 1270 ejusdem
1879 1203 2038 1258 mini-

458 1279 611 1333 sterii
643 1283 830 1345 sociis,
863 1283 970 1348 his,
1002 1287 1096 1356 qui
1128 1287 1183 1340 in
1222 1286 1504 1352 thnice,
1537 1294 1861 1364 ceterisque
1903 1295 2037 1350 locis

459 1367 700 1438 ejusdem
738 1374 1021 1429 nobiscum
1060 1377 1180 1432 fidei
1229 1388 1393 1445 sunt,
1430 1380 1484 1436 in
1519 1381 1751 1439 Domino
1782 1386 2033 1442 salutem.

461 1457 827 1518 Vehementer
857 1464 986 1520 illud
1019 1466 1236 1536 quidem
1265 1471 1609 1539 Optabamus,
1647 1482 1705 1525 ut
1737 1483 1858 1543 post
1890 1475 2036 1530 illam

461 1553 852 1608 ecclesiastica:
907 1556 1026 1611 fidei
1068 1559 1466 1627 probationem,
1518 1579 1640 1634 qum
1690 1564 1743 1617 in
1779 1581 2038 1636 persecu-

461 1644 708 1700 tionibus
744 1645 850 1701 illis
897 1648 968 1703 ob
999 1650 1316 1720 religionem
1357 1653 1604 1710 conflatis
1651 1657 1730 1710 sic
1779 1665 2037 1728 tanquam

461 1733 516 1786 in
559 1734 682 1804 igne
722 1737 1003 1806 explorata
1045 1738 1241 1803 fuerat,
1274 1749 1329 1796 et
1379 1752 1503 1814 post
1531 1760 1597 1799 ea
1624 1761 1744 1815 quae
1763 1746 2038 1803 Constan-

2143 629 2410 701 Βασιλείῳ
2439 635 2530 686 καὶ
2561 637 2673 698 τοῖς
2699 636 2797 689 σὺν
2832 636 2978 706 αὑτῷ
3011 636 3196 708 ἄλλην.
3232 637 3342 692 Καί
3379 638 3516 692 εἰσιν
3543 639 3678 692 αἵδε.

2314 913 2636 980 Ἐπιστολὴ
2672 915 3132 982 ψευδοσυνόδου
3173 915 3542 985 Ἀγκυρὶνηᾳ

2211 1023 2285 1076 B'.
2327 1023 2390 1076 Ἦ
2427 1026 2557 1093 ἁγία
2588 1025 2802 1088 σύνοδος
2841 1024 2953 1095 (40)
2982 1028 3015 1096 ἡ
3044 1027 3099 1078 ἐν
3150 1025 3388 1098 Ἀγκύρα
3419 1025 3710 1098 προσεγγί-

2140 1112 2324 1178 ζοντος
2362 1115 2456 1167 τοῦ
2492 1117 2682 1185 Πάσχα
2717 1116 2782 1168 ἐκ
2817 1115 3086 1186 διαφόρων
3122 1116 3396 1186 ἐπαρχιῶν
3431 1115 3542 1185 (41)
3579 1132 3711 1182 συγ-

2140 1205 2467 1276 κροτηθεῖσα
2506 1207 2716 1277 κυρίοις
2747 1207 3100 1278 τιμιωτάτοις
3133 1206 3229 1258 καὶ
3261 1205 3555 1276 ὁμοψύχοις
3585 1205 3712 1257 συλ-

2139 1296 2469 1368 λειτουργοῖς
2493 1301 2607 1360 τοῖς
2639 1299 2696 1350 ἐν
2721 1297 2963 1368 Φοινίκῃ,
3011 1298 3104 1351 καὶ
3131 1300 3241 1360 τοῖς
3273 1297 3477 1360 λοιποῖς
3503 1298 3614 1359 τοῖς
3644 1295 3713 1349 τὰ

2139 1388 2281 1441 αὐτὰ
2326 1390 2459 1458 ἡμῖν
2501 1389 2791 1458 φρονοῦσιν
2825 1391 2883 1443 ἐν
2927 1389 3118 1460 Κυρίῳ
3162 1388 3393 1461 χαίρειν.
3430 1386 3715 1459 Εὑχόμεθα

2143 1481 2242 1550 μὲν
2270 1481 2407 1550 μετὰ
2437 1480 2534 1551 τὴν
2559 1480 2635 1543 ὡς
2661 1483 2718 1534 ὲν
2747 1481 2881 1552 πυρὶ
2909 1483 3021 1544 τοῖς
3053 1482 3110 1533 ὲν
3147 1480 3295 1551 μέσῳ
3328 1479 3714 1551 γεγενημένοις

2139 1575 2279 1645 ὑπὲρ
2304 1575 2404 1645 τῆς
2425 1574 2660 1637 πίστεως
2687 1577 3014 1646 πειρασμοῖς
3041 1573 3270 1644 βάσανον
3294 1573 3394 1644 τῆς
3425 1572 3714 1642 ἐκκλησια-

2141 1667 2331 1737 στικῆς
2361 1666 2631 1730 πίστεως,
2680 1667 2774 1720 καὶ
2814 1665 2885 1718 τὰ
2911 1666 3004 1718 ἐπὶ
3042 1666 3142 1737 τῆς
3175 1664 3586 1720 Κωνσταντίνου
3620 1663 3714 1717 πό-

2138 1757 2274 1820 λεως
2297 1755 2410 1828 (42)
2438 1755 2528 1808 διὰ
2566 1754 2887 1827 Μάρκελλον
2918 1754 3281 1826 γεγενημένα,
3318 1755 3412 1808 καὶ
3447 1754 3586 1825 μετὰ
3614 1756 3714 1826 τὴν

460 1825 688 1895 tinopoli
731 1827 802 1882 ob
846 1828 1161 1884 Marcellum
1217 1834 1572 1900 acciderunt;
1623 1853 1685 1891 ac
1721 1847 1842 1907 post
1869 1856 2035 1910 expo-

2139 1825 2355 1902 ἔκθεσιν
2389 1825 2488 1918 τῆς
2526 1825 2762 1910 πίστεως
2805 1849 2865 1898 ἐν
2910 1848 2972 1916 τῇ
3022 1825 3221 1917 συνόδῳ
3255 1825 3714 1917 συγκροτηθείσης

461 1916 721 1971 sitionem
761 1918 906 1980 ﬁdei,
945 1937 1068 1990 qua:
1103 1923 1157 1976 in
1211 1926 1422 1995 synodo
1467 1927 1770 1984 Antiochia:
1814 1941 2039 2002 propter

461 2007 647 2075 templi
671 2007 1068 2064 dedicationem
1094 2012 1342 2074 collecta.
1370 2019 1646 2086 proposita
1671 2027 1773 2084 est,
1801 2034 1864 2074 ac
1891 2020 2038 2076 dein-

461 2111 590 2166 ceps
622 2098 676 2152 in
711 2097 1022 2154 Sardicensi
1057 2105 1307 2173 repetita,
1343 2107 1432 2160 ubi
1468 2107 1601 2163 ﬁdes
1632 2109 2038 2179 quodammodo

462 2189 775 2247 refloruisse
827 2193 1079 2262 videtur;
1133 2198 1369 2268 denique
1416 2211 1539 2270 post
1581 2218 1644 2257 ea
1680 2206 1812 2272 ἴαυεν
1857 2205 2037 2260 Sirmii

461 2291 686 2353 propter
713 2283 1006 2340 Photinum
1045 2297 1195 2357 gesta
1229 2300 1379 2354 sunt,
1409 2293 1504 2348 sed
1544 2302 1598 2348 et
1639 2305 1760 2363 post
1796 2298 2037 2354 rationes

462 2373 604 2439 illas,
637 2393 774 2446 quas
805 2377 872 2431 de
901 2395 1230 2449 unoquoque
1269 2381 1389 2435 fidei
1420 2387 1598 2452 capite
1621 2386 1688 2440 de
1722 2382 2038 2446 Sa'rdiccnsi

462 2465 556 2518 illo
595 2467 1025 2521 Occidentalium
1075 2469 1145 2524 ab
1190 2469 1562 2530 Orientalibus
1595 2476 1825 2533 dissidio
1864 2480 2036 2534 inter-

461 2556 638 2622 rogati
694 2572 868 2626 nuper
917 2559 1223 2626 edidimus,
1277 2565 1420 2633 quod
1474 2568 1744 2638 reliquum
1801 2581 1920 2640 est,
1981 2575 2036 2628 in

460 2647 647 2716 quiete
696 2649 919 2719 otioque
959 2654 1206 2720 versari;
1242 2663 1298 2709 et
1341 2657 1444 2711 sub
1479 2659 1896 2730 religiosissimo
1940 2664 2038 2719 do-

516 2797 644 2889 .(
775 2809 913 2888 εξγιιι
943 2810 1227 2889 σύνοδος.
1252 2813 1661 2889 Magnanobis
1713 2835 1822 2874 non
1859 2823 2038 2877 solum

459 2875 1084 2960 deﬁpiphanionostro,
1115 2875 1302 2960 sedde
1337 2875 1486 2940 omni
1520 2875 2040 2960 etiamiantiquitate

459 2956 514 3002 et
543 2947 770 3026 historia
809 2949 950 3026 b_e_ue_
991 2953 1230 3026 merendi
1259 2957 1640 3026 opportunitas
1688 2959 1791 3014 hoc
1830 2947 1884 3016 in
1918 2947 2037 3019 loco

458 3019 754 3104 praebetur,
783 3019 884 3104 ubi
918 3018 986 3074 de
1006 3018 1312 3104 “Ancyrana'
1334 3018 1416 3079 'ac
1462 3026 1751 3104 Sirmiensi
1795 3018 2036 3104 pseudo-

460 3089 708 3174 synodis,
749 3089 980 3174 aliisque
1005 3089 1471 3174 Semiarianorum
1499 3089 1898 3174 conventiculis
1918 3104 2033 3174 agi-

459 3167 572 3240 tur.
612 3160 853 3240 Quorum
895 3168 1038 3240 acta,
1085 3170 1140 3216 et
1192 3173 1440 3240 tempora
1504 3169 1584 3224 sic
1633 3172 1778 3240 apud
1821 3160 2032 3230 veteres

457 3231 684 3312 peninde
714 3246 780 3312 a_c_
796 3232 1128 3312 recentiores
1151 3231 1407 3312 confusa,
1432 3231 1860 3312 perturbataque
1882 3252 2032 3306 sunt.

459 3301 609 3354 nulla
646 3301 976 3380 utubi-storm
1011 3301 1447 3380 pars_impedita'
1493 3311 1666 3380 magis
1717 3301 1785 3366 ac“
1803 3301 2036 3370 dillicilis

461 3379 738 3443 appareat.
773 3369 1107 3443 Dicam‘non
1145 3369 1425 3443 jactantia:
1459 3369 1649 3438 causa.
1688 3382 1783 3436 sed
1819 3391 1878 3435 ut
1909 3369 2034 3438 eru;

459 3439 1108 3520 diti_iectoI-is_studium
1141 3439 1396 3520 excitem,
1441 3446 1691 3505 fortassis
1741 3453 2034 3520 audacius,

461 3511 552 3587 ab;
578 3509 710 3587 hinc
769 3509 917 3587 mille
964 3526 1028 3565 ac
1061 3513 1315 3587 ducentis
1354 3520 1745 3587 propemodum
1780 3524 1940 3579 annis
1973 3509 2037 3578 li:

502 3581 794 3659 uidam_ac
817 3581 1123 3659 _si‘nceratn
1159 3581 1377 3659 illorum
1416 3581 1682 3642 rationem
1733 3591 2036 3659 ignoratam

493 3648 832 3734 uisse.Quod
857 3651 1678 3734 nisicertissimis'argumentis
1709 3648 2037 3734 inudiciisque

459 3721 1038 3799 monstravero,__nibil
1065 3737 1165 3794 ego
1189 3721 1548 3799 deprecabor,
1587 3730 1721 3799 quin
1759 3733 1812 3785 id
1848 3721 2036 3790 vanis-

461 3791 601 3872 sime
650 3805 682 3871 a
723 3805 809 3844 me
831 3791 1047 3872 dictum
1101 3791 1293 3872 omnes
1335 3791 1706 3872 arbitrentur.
1731 3800 2038 3872 Proponam

461 3862 630 3940 igitur
665 3860 722 3914 in
760 3861 953 3940 primis
985 3865 1448 3940 quemadmodum
1489 3870 1557 3922 ah
1597 3860 2041 3940 alitiq'uis'liisto—

461 3932 598 4005 ricis
631 3945 693 3984 ea
722 3930 1034 4005 referantur
1061 3952 1073 3986 :
1104 3941 1218 3988 tum
1250 3936 1382 4005 quid
1428 3951 1458 3990 a
1491 3930 1892 3998 recentioribus
1926 3959 2039 3998 me-

461 4003 650 4056 moria:
678 4002 954 4070 proditum
979 4003 1071 4068 sit,
1094 4012 1153 4057 ut
1171 4002 1454 4060 amborum
1488 4007 1730 4066 falsitate
1762 4014 2038 4073 convicta,

460 4073 665 4152 veritas
697 4073 817 4152 insa
847 4087 885 4152 si
899 4073 1028 4152 _situ
1061 4076 1482 4152 et_ohscui:ita_te
1511 4078 1848 4152 vindicetur.
1879 4083 2042 4152 (Vide

460 4143 516 4267 iEII
537 4141 830 4267 Annendice
846 4141 1312 4211 Dissertationum,
1335 4147 1499 4217 hujus
1516 4148 1774 4206 editionis
1796 4141 1931 4207 tom.
1948 4151 2038 4209 Ill.

507 4229 617 4267 υιτ.

507 4229 617 4268 υιτ.

533 4283 643 4360 (41)
695 4285 797 4338 Ἐκ
845 4283 1535 4360 διαφιξρωκμὲπαρχιῶν,
1584 4289 1874 4360 Ancyrana
1934 4291 2041 4346 ista

461 4353 841 4434 synodus-non
867 4369 901 4434 ρ
941 4355 1078 4434 solis
1110 4356 1240 4421 illis,
1266 4353 1464 4434 quiad
1499 4353 1751 4434 [inmania
1777 4376 2044 4434 convene;

461 4424 603 4499 rant,
637 4424 912 4499 episcopis
945 4425 1132 4479 habita
1183 4424 1297 4490 esti
1351 4428 1446 4483 sed
1491 4431 1584 4483 alii
1633 4439 1896 4499 praeterea
1945 4424 2045 4485 ad:

463 4497 711 4570 filerunt
755 4496 988 4570 ali_ar_um
1016 4565 1026 4570 Α
1057 4499 1468 4570 provinciarum
1533 4496 1818 4570 episcopi,
1890 4503 2041 4556 velut

2140 1939 2234 1992 ἐπὶ
2277 1941 2389 2001 τοῖς
2426 1936 2718 2006 ὲγκαινίοις
2758 1936 2856 2008 τῆς
2897 1939 2948 1988 ὲν
3002 1935 3298 2008 Ἀντιοχείᾳ
3325 1937 3436 2008 (45)
3491 1936 3715 2008 Ἐκκλη-

2141 2031 2283 2095 σίας,
2316 2031 2409 2084 καὶ
2454 2028 2589 2100 μετὰ
2621 2027 2796 2082 ταῦτα
2833 2027 2975 2081 κατὰ
3017 2028 3284 2100 Σαρδικὴν
3328 2027 3460 2095 (in,
3493 2029 3589 2081 καὶ
3618 2029 3716 2100 τὴν

2139 2122 2256 2174 ἐκεῖ
2297 2120 2454 2182 αὖθις
2509 2119 2822 2190 ἀνθήσασαν
2861 2118 3063 2184 πίστιν,
3111 2120 3206 2172 καὶ
3247 2118 3328 2172 ἔτι
3377 2119 3518 2190 μετὰ
3557 2121 3625 2174 τὰ
3658 2121 3717 2174 ὲν

2141 2213 2351 2283 Σιρμίῳ
2382 2211 2475 2264 ἐπὶ
2503 2209 2753 2279 Φωτεινῷ
2797 2209 3159 2279 γεγενημένα,
3207 2208 3287 2261 ἔτι
3319 2208 3416 2278 μὲν
3445 2210 3539 2263 καὶ
3571 2209 3716 2278 λογι-

2143 2283 2297 2377 σμοῖς
2333 2303 2468 2374 (45),
2498 2300 2593 2364 οὒς
2623 2302 2705 2370 ἐφ’
2735 2301 2950 2372 ἑκάστῳ
2987 2301 3116 2371 περὶ
3149 2299 3249 2369 τῆς
3288 2301 3524 2364 πίστεως
3553 2317 3717 2370 κεφα·

2138 2392 2275 2463 λαίῳ
2311 2389 2750 2462 ὲπεριιιτηθέντες
2779 2390 2908 2460 περὶ
2935 2387 3044 2441 τῶν
3086 2389 3145 2442 ὲν
3183 2388 3420 2460 Σαρδικῇ
3450 2389 3586 2461 πρὸς
3617 2390 3717 2461 τὴν

2139 2481 2405 2551 ἀνατολὴν
2443 2478 2748 2533 διεστώτων
2794 2476 3124 2549 ὲξεθέμεθα,
3173 2478 3455 2550 ἠρεμῆσαι
3509 2477 3714 2547 λοιπὸν,

2141 2575 2236 2629 καὶ
2263 2573 2555 2643 ὲνωθείσης
2582 2573 2640 2625 ὲν
2678 2573 2744 2641 τῇ
2781 2571 2996 2624 εὐσεϐεῖ
3031 2570 3280 2641 βασιλείᾳ
3326 2571 3418 2624 τοῦ
3452 2572 3715 2626 δεσπότου

2137 2663 2296 2735 ἡμῶν
2337 2661 2718 2716 Κωνσταντίου
2765 2660 2864 2733 τῆς
2893 2661 3001 2714 ἀπὸ
3051 2660 3320 2732 ἀνατολῆς
3359 2663 3465 2726 ἕως
3493 2663 3716 2735 δυσμῶν

2141 2833 2264 2898 cap.
2306 2817 2374 2898 io
2407 2823 2708 2898 auctorgest
2737 2835 2750 2871 :
2775 2818 3137 2898 constitutum
3182 2817 3238 2872 in
3282 2832 3345 2898 ea
3375 2819 3613 2898 _synodo
3644 2821 3718 2898 ab

2140 2887 2360 2942 Arianis
2393 2903 2537 2949 esse,
2565 2887 2644 2942 uti
2667 2888 3135 2942 consubstantialis
3157 2887 3483 2945 vocabulum
3516 2905 3547 2944 a
3565 2893 3715 2946 nullo

2139 2957 2398 3028 deinceps
2420 2965 2802 3028 usurparetur.
2839 2956 2980 3028 Tum
3010 2959 3301 3014 damnatos
3332 2975 3447 3023 eos,
3486 2962 3581 3028 qui
3605 2973 3716 3017 tres

2139 3027 2272 3083 deos
2289 3027 2721 3100 essedicerent,‘
2737 3029 2822 3082 vel
2847 3027 3126 3100 Chri_stum
3181 3040 3446 3100 negarent
3500 3027 3713 3088 Deum:

2143 3106 2238 3152 aut
2260 3098 2512 3153 eumdem
2536 3112 2660 3152 esse
2692 3096 2932 3160 Patrem,
2957 3097 3156 3152 Filium
3181 3096 3546 3169 ret'Spiritum
3594 3116 3718 3158 san-

2148 3179 2294 3243 ctum
2329 3175 2641 3243 assererem
2674 3187 2687 3221 :
2717 3178 2995 3238 postremo
3042 3171 3136 3243 qui
3170 3168 3337 3243 fuisse
3366 3181 3582 3243 tempus
3611 3187 3716 3228 sc-

2148 3187 2294 3223 etum
2329 3187 2641 3223 assererem
2674 3187 2687 3221 ε
2717 3187 2995 3238 posuemo
3082 3187 3136 3222 Ill
3170 3187 3337 3225 IUISSC
3366 3187 3582 3243 tempus
3611 3187 3714 3228 SC-

2139 3239 2436 3309 culumque
2457 3237 2768 3304 crederent,
2795 3254 2908 3309 quo
2923 3187 3170 3293 nondum
3198 3238 3372 3296 Filius
3399 3245 3714 3300 exsisteret.

2139 3308 2396 3383 _S_ocrates
2454 3323 2593 3383 vero
2636 3309 2730 3383 lib:
2759 3377 2767 3383 _
2793 3308 2856 3383 ii,
2897 3323 3018 3383 cap.
3051 3309 3121 3383 20
3155 3310 3222 3383 de
3255 3312 3446 3383 iisdem
3501 3327 3710 3383 agens:

2136 3379 2247 3450 Καὶ
2276 3379 2526 3450 φανερῶς
2557 3377 2778 3450 (inquit)
2812 3377 2998 3432 λοιπὸν
3022 3380 3082 3433 τὸ
3128 3381 3227 3449 μὲν
3273 3377 3560 3450 ὁμοούσιον
3585 3385 3715 3437 ἀνα-

2138 3447 2509 3520 θεματίζουσι·
2541 3447 2905 3520 emtam;
2925 3447 3178 3520 ἀνομοίου
3230 3447 3386 3516 δόξαν
3427 3453 3716 3518 ἐπιστολὰς

2139 3519 2605 3592 συγγρῄάψαντες,
2636 3519 2909 3592 πανταχοῦ
2959 3519 3378 3592 διαπέμπονται.
3430 3520 3714 3592 Manifesta

2141 3601 2253 3643 tum
2286 3589 2778 3643 ’Consubstantialis
2814 3589 3011 3644 nocent
3055 3589 3386 3646 anathemate
3435 3589 3712 3659 damnant,

2139 3660 2435 3728 opinionem
2464 3676 2601 3721 vero,
2636 3663 2772 3729 quod
2821 3659 2996 3713 Filius
3037 3659 3194 3713 Patri
3224 3662 3502 3716 dissimilis
3550 3675 3709 3728 esset,

2175 3747 2230 3784 er
2271 3730 2480 3784 litteras
2533 3731 2758 3798 scriptas
2786 3730 3000 3802 rubiqne
3031 3732 3379 3785 disseminare
3427 3744 3709 3802 coeperunt.

2167 3809 2294 3854 tane
2339 3815 2530 3864 verum
2579 3808 2665 3855 est
2714 3801 2796 3855 vel
2824 3799 3172 3856 anathemate
3215 3799 3528 3856 damnatam
3581 3819 3710 3858 con-

2140 3871 2530 3942 substantialis
2564 3885 2774 3942 voc_em,
2818 3871 2902 3924 vel
2934 3871 3325 3942 unomieorum
3368 3873 3564 3942 dogma
3593 3881 3709 3929 tum

2127 3933 2197 3987 ab
2213 3933 2430 3988 Arianis
2453 3933 2623 3990 fuisse
2639 3935 2922 3991 decretum
2939 3938 2964 3992 ?
2979 3938 3092 3993 imo
3110 3956 3239 3995 vero
3263 3933 3575 3998 falsum'est.
3602 3943 3718 3998 Non

2126 4005 2540 4080 enimtopinor,
2569 4006 2909 4080 __S_emiariani
2944 4009 3039 4080 τοῦ
3066 4011 3318 4080 ἀνομοίου
3354 4027 3542 4068 osores
3573 4029 3720 4069 acer-

2129 4073 2254 4146 rimi
2282 4073 2439 4146 fidem
2479 4077 2534 4128 in
2568 4075 2656 4130 illa
2685 4079 2894 4146 synodo
2924 4073 3239 4136 reﬂoruisse
3285 4082 3550 4144 dicerent,
3582 4086 3625 4139 si
3664 4085 3718 4139 in

2126 4159 2191 4201 ea
2222 4144 2569 4220 istud‘ipsum
2601 4144 2768 4220 cujus
2809 4151 3291 4220 evertendi__rausa
3329 4165 3717 4220 convenerant,

2142 4213 2489 4286 sacrilegium
2524 4213 2856 4286 publicatum
2893 4224 3057 4269 esset.
3087 4213 3221 4269 Nam
3245 4216 3388 4285 quod
3425 4219 3489 4270 ad
3518 4213 3708 4286 ὁμοουὲ

2145 4287 2262 4338 σίου
2287 4284 2478 4338 voCem
2503 4285 2718 4346 attinet,
2753 4296 2960 4338 certum
2995 4292 3077 4339 est
3104 4300 3223 4339 eam
3248 4284 3468 4354 quidem
3491 4284 3559 4339 in
3578 4284 3708 4340 Sar-

2143 4355 2352 4411 dicensi
2385 4354 2805 4425 pseudosynodo
2827 4370 3199 4423 suppressam,
3232 4371 3342 4410 non
3370 4366 3550 4410 tamen
3577 4371 3710 4410 ana-

2143 4424 2394 4481 themate
2410 4424 2740 4479 damnatam.
2765 4424 3211 4494 Quandoquidem
3243 4426 3298 4479 in
3325 4427 3533 4482 caeteris
3553 4426 3705 4480 Aria-

2146 4512 2338 4551 norum
2393 4495 2787 4556 conventibus,
2836 4497 2929 4564 qui
2987 4505 3174 4564 postca
3215 4495 3494 4551 subsecuti
3553 4504 3702 4564 sunt,

463 4564 794 4642 Eustathius
814 4562 1079 4642 Sebastiie
1127 4569 1180 4621 in
1215 4569 1482 4642 _Armenia
1516 4590 1528 4625 :
1567 4562 1813 4642 plerique
1850 4580 2035 4626 autem
2073 4562 2116 4619 D
2142 4568 2360 4642 tametsi
2390 4562 3200 4642 consubstantialisappellatio
3227 4567 3344 4642 ipsa
3359 4562 3706 4642 dissimulata

460 4636 656 4691 hiemis
690 4635 1003 4689 difﬁcultate
1034 4636 1320 4693 interclusi
1354 4648 1506 4694 sunt.

529 4707 640 4777 (42)
671 4708 780 4760 Καὶ
810 4705 880 4760 τὰ
903 4705 1010 4777 eui
1023 4706 1131 4774 τῆς
1157 4711 1618 4764 Κωνσταντίνου
1637 4711 1887 4776 πόλεως.
1907 4708 2036 4766 Post

459 4774 692 4832 concilia
710 4777 862 4847 Tyri,
890 4789 953 4830 ac
971 4774 1364 4847 Hierosolymis
1395 4779 1466 4832 ab
1491 4779 1710 4834 Arianis
1737 4774 2034 4845 celebrata,

459 4864 582 4902 cum
625 4845 961 4918 Athanasius
1017 4845 1439 4902 Constantinum
1469 4848 1715 4912 adiisset,
1751 4850 1914 4918 hujus
1946 4851 2037 4905 lit-

460 4919 592 4973 teris
626 4916 1156 4990 Constantinopnlirn
1179 4919 1336 4971 acciti
1354 4920 1770 4990 suntepiscopi.
1789 4916 2032 4986 Quorum

459 5005 628 5059 opera
662 4984 1234 5059 relegatojnGallias
1279 4984 1581 5043 Athanasio
1618 4984 1906 5044 Marcellus
1947 4991 2036 5044 de-

461 5055 864 5130 poiiitiir.Yiile
897 5055 1180 5130 Socratem
1207 5058 1298 5112 lib.
1321 5073 1358 5118 I.
1394 5074 1496 5130 cap
1544 5060 1636 5115 2'5.
1684 5061 1842 5126 Quod
1888 5077 2034 5116 anno

459 5131 561 5184 356
591 5128 884 5194 contigisse
915 5127 1106 5180 scribit
1138 5127 1418 5182 Baronius.

531 5200 642 5270 (45)
691 5197 975 5270 Ἔπὶγτοῖς
1004 5198 1329 5270 amatr-[occ
1356 5199 1464 5267 τῆς
1492 5200 1562 5253 ὲν
1594 5202 1931 5269 Ἀντιοχείᾳ.
1954 5203 2035 5258 De

460 5267 562 5325 hac
589 5270 796 5342 synodo
829 5267 1039 5342 legendi
1068 5269 1363 5342 iiaroniani
1386 5271 1613 5342 annales
1636 5267 1935 5342 anno’54'i.

530 5337 641 5411 (44)
678 5338 784 5411 Καὶ
809 5337 960 5406 μετὰ
984 5337 1170 5411 τάξι-α
1211 5342 1360 5393 κατά
1391 5340 1710 5408 Σαιίιδικήν.
1749 5342 2034 5397 Sardicen-

461 5407 574 5466 sem
600 5407 868 5482 synodum
896 5422 1002 5482 non
1029 5407 1451 5482 OEcumcnicam
1474 5407 1477 5408 ⁷
1504 5411 1676 5482 illam,
1708 5425 1760 5466 et
1792 5413 2033 5467 Catholi-

461 5498 579 5534 cam
611 5479 938 5548 intelligunl,
969 5479 1020 5530 in
1054 5494 1159 5547 qua
1183 5481 1513 5535 Athanasius
1533 5481 1841 5546 restitutus,
1870 5483 2030 5536 dam-

462 5553 570 5603 nati
622 5567 750 5606 vero
796 5549 980 5601 Ariani
1037 5551 1304 5618 episcopi,
1359 5552 1451 5604 sed
1487 5552 1909 5606 conciliabulum
1940 5569 2032 5606 eo-

461 5623 580 5675 dem
613 5632 854 5691 tempore
885 5621 953 5691 ab
985 5619 1202 5691 Arianis
1231 5619 1498 5690 Philippis
1531 5622 1585 5674 in
1617 5621 1850 5676 Thracia
1883 5624 2030 5679 cele-

461 5689 913 5758 bratum—quod
986 5689 1329 5745 Sardicensis
1386 5689 1606 5745 nomine
1656 5694 2028 5749 venditarunt.

461 5760 630 5823 Cuius
682 5761 962 5813 decretum
999 5770 1176 5814 exstat
1223 5761 1276 5813 in
1329 5760 1644 5829 fragmentis
1699 5761 1910 5825 Hilarii,
1961 5767 2026 5818 ad

463 5831 750 5886 Africanos
800 5831 1089 5899 episcopos
1149 5830 1396 5886 missum.
1455 5831 1793 5889 Sozomcnus
1820 5835 1909 5890 lib.
1945 5849 2024 5901 ιιι,

2139 4636 2235 4698 sit,
2277 4651 2384 4690 non
2420 4649 2604 4689 tamen
2640 4637 2712 4689 ita
2743 4635 3041 4706 repudiata
3068 4643 3126 4688 ut
3153 4638 3485 4691 anathemati
3534 4637 3704 4706 subji-

2137 4716 2372 4770 ceretur,
2404 4707 2499 4761 sed
2532 4715 2790 4776 tanquam
2815 4705 3140 4775 simplicius.
3179 4722 3243 4760 ac
3268 4715 3461 4775 praeter
3480 4705 3701 4776 expres-

2138 4791 2255 4830 sam
2314 4791 2597 4831 sacrorum
2667 4777 3374 4846 librorumauctoritatem
3443 4787 3705 4846 usurpata

2138 4846 2402 4916 supprimi
2425 4845 2727 4915 iuberetur.
2761 4846 2879 4911 Quo
2899 4844 3062 4900 etiam
3115 4845 3245 4900 illud
3303 4855 3530 4916 Spectat,
3558 4844 3704 4916 quod

2137 4931 2304 4986 supra
2347 4931 2416 4970 ex
2447 4916 2691 4986 Sulpicio
2744 4918 3312 4979 commemoravimus,
3362 4918 3598 4971 Arianos
3635 4916 3706 4971 ad

2139 4985 2461 5057 §irmiensis
2493 4985 2665 5057 usque
2693 4986 2910 5040 concilii
2953 4996 3195 5056 tempora
3248 4986 3490 5041 nondum
3519 4999 3706 5057 aperte

2134 5054 2338 5110 Nicaani
2361 5054 2590 5128 concilii
2612 5056 2830 5112 decreta
2852 5054 3166 5128 oppugnare
3186 5072 3349 5128 ausos
3365 5067 3489 5128 esse
3515 5077 3528 5112 :
3554 5054 3702 5128 quod

2137 5128 2383 5196 profecto
2412 5126 2677 5190 facerent,
2717 5129 2764 5180 si
2808 5141 2914 5179 non
2961 5127 3136 5180 solum
3168 5127 3227 5180 τὸ
3255 5126 3538 5196 ὁμοούσιον
3568 5126 3704 5181 ana-

2135 5199 2370 5251 themate
2401 5197 2746 5262 damnarent,
2778 5210 2968 5250 verum
3015 5197 3178 5250 etiam
3225 5197 3544 5252 dissimilem
3581 5213 3706 5253 eSse

2134 5266 2316 5322 Patris
2341 5266 2538 5321 Filium
2567 5268 2756 5327 libere,
2793 5276 3086 5334 aperteque
3125 5269 3566 5335 pronuntiarent.
3600 5267 3706 5321 Ita-

2175 5354 2240 5393 ue
2273 5337 2579 5391 Soaomeno
2604 5337 2783 5406 potius
2813 5337 3244 5399 assentiendum,
3282 5353 3444 5406 quam
3467 5338 3700 5393 Socrati.

2175 5355 2240 5393 ue
2273 5355 2579 5391 bozomeno
2604 5355 2783 5406 pouus
2813 5355 3244 5399 assenuenuum,
3282 5355 3444 5406 quam
3467 5355 3700 5393 aocran.

2134 5355 2251 5462 Etsi
2286 5407 2430 5477 apud
2446 5407 2593 5460 hunc
2620 5409 2674 5462 in
2703 5407 2943 5477 editione
2971 5408 3266 5461 novissima
3297 5407 3702 5463 Gnaeo-Latina

2132 5496 2232 5550 pro
2261 5476 2360 5548 τὴν
2381 5477 2484 5550 τοῦ
2506 5479 2772 5550 άνομοίου
2798 5476 2954 5550 δόξαν
2998 5479 3324 5546 rescriptum
3349 5487 3452 5542 est,
3481 5480 3580 5548 τὴν
3608 5479 3701 5532 τοῦ

2133 5547 2452 5617 ἆνομουσίου
2501 5547 2678 5612 δόξαν.
2740 5547 2894 5612 Quod
2951 5550 2994 5601 si
3052 5563 3117 5600 ex
3158 5557 3401 5604 veterum
3451 5547 3702 5604 codicum

2131 5622 2460 5676 auctoritate
2490 5617 2692 5672 factum
2723 5630 2826 5682 cst,
2862 5633 2968 5670 non
2994 5618 3263 5686 improbo.

2203 5690 2315 5759 (45)
2336 5690 2488 5759 μἝτι
2522 5687 2638 5756 μὲν
2669 5688 2768 5741 καὶ
2804 5689 3136 5759 λογισμοῖς.
3178 5688 3429 5759 Ostendit
3465 5687 3703 5744 Basilius

2133 5777 2192 5815 se
2214 5757 2296 5813 'de
2327 5757 2643 5814 Sardicensi
2678 5759 2770 5811 illo
2795 5758 3152 5812 Orientalium
3183 5769 3236 5812 et
3270 5757 3702 5818 Occidentalium

2132 5829 2358 5887 dissidio
2394 5844 2531 5900 opus
2572 5829 2840 5900 quoddam
2882 5829 3250 5886 elucubrassc.
