4134 6386
439 385 542 443 405

1033 383 1403 441 ADVERSUS
1435 376 1780 439 HERESES
1816 376 1943 431 LIB.
1980 376 2018 426 ll

2122 375 2272 428 ΙΟΜ.
2317 374 2442 428 1.-
2466 373 2744 431 HERES.
2781 374 3014 432 LXXIII.

3595 380 3709 442 ιθϐ

452 497 811 569 Ἑκκλησίας,
859 499 1276 572 ἐκϐεϐλημένων
1323 502 1431 554 τῶν
1481 500 1814 564 σκανδάλων,
1871 499 2018 571 εἰρη-

2127 491 2259 544 mini
2308 493 2486 547 nostri
2521 492 2828 550 Constantii
2871 496 3123 567 imperio,
3174 497 3468 552 conciliata
3500 499 3706 571 ubique

439 589 617 644 νεύειν
648 608 707 644 τε
736 593 833 645 καὶ⁵
863 594 984 656 ταῖς
1013 591 1294 663 λατρείαις
1325 592 1420 647 τοῦ
1454 594 1591 648 Θεοῦ
1623 595 1979 665 προσανέχειν
2005 612 2019 624 ·

438 684 625 757 ἐπειδὴ
658 683 738 749 δέ,
774 686 849 750 ὡς
877 685 1076 751 ἔοικεν,
1117 687 1179 740 οὐ
1213 687 1446 742 παύεται
1479 690 1508 742 ὁ
1533 687 1777 750 διάϐολος
1803 687 1892 741 διά
1916 688 2022 741 τῶν

437 777 655 831 οίκείων
681 778 893 831 σκευῶν
924 779 1243 846 σπουδάζων
1269 780 1392 835 καθ’
1422 782 1634 845 ἐαυτὸν,
1665 782 1755 835 ἴνα
1781 780 1845 850 δὴ
1887 781 2024 835 πάν-

423 887 547 963 ἒτως
570 870 641 924 τά
669 889 728 925 τε
768 873 899 943 περὶ
929 873 946 903 ⁸
980 873 1075 927 τοῦ
1105 875 1314 946 Κυρίου
1367 873 1778 946 προρρηθέντα,
1810 873 1907 927 καὶ
1936 873 2024 928 διὰ

438 962 534 1015 τοῦ
563 963 721 1031 ἁγίου
764 965 1088 1020 Ἀποστόλου
1127 967 1424 1038 σύμφωνα,
1469 967 1546 1031 ὼς
1574 968 1667 1020 ἐπὶ
1701 967 2022 1038 προφυλακῇ

440 1056 550 1108 τῶν
580 1057 788 1111 πιστῶν
836 1059 1181 1131 κηρυχθέντα
1219 1063 1298 1126 εἰς
1327 1061 1664 1114 ἀποστασίαν
1696 1059 2020 1131 ἐργάσηται,

442 1146 678 1200 ἐπινοῶν
725 1154 1051 1222 καινισμοὺς
1097 1152 1238 1206 κατά
1279 1153 1380 1223 τῆς
1419 1153 1878 1224 ἐκκλησιαπικῆς
1932 1151 2022 1204 πί-

445 1257 637 1307 στεως,
671 1245 766 1297 καὶ
793 1243 886 1298 νῦν
911 1247 970 1298 ἐν
1004 1245 1284 1318 μορφώσει
1322 1247 1477 1310 τινάς
1503 1245 1784 1309 εὐσεϐείας
1811 1245 2023 1299 οἰκειώ-

446 1331 662 1397 σασθαι,
695 1334 789 1387 καὶ
819 1334 1082 1407 βεϐήλους
1105 1337 1469 1406 καινοφωνίας
1496 1338 1562 1392 δι’
1593 1337 1773 1392 αὐτῶν
1803 1338 2020 1408 ἐπινοῆ-

445 1423 709 1479 σαι’κατά
757 1427 857 1497 τῆς
893 1428 1151 1494 εὐσεϐοῦς
1181 1431 1532 1503 γνησιότητος
1569 1431 1664 1484 τοῦ
1701 1431 2022 1503 μονογενοῦς

445 1514 576 1570 Υίοῦ
621 1519 714 1572 τοῦ
748 1519 906 1586 Θεοῦ,
954 1523 1218 1596 πρότερον
1257 1524 1356 1594 μὲν
1397 1525 1687 1589 ἀκούοντες
1738 1526 1878 1579 κατά
1921 1528 2023 1596 τὴν

456 1609 782 1681 Ἀντιόχειαν
811 1612 1113 1686 διατρέχειν
1141 1617 1295 1679 τινάς
1313 1657 1327 1682 ,
1359 1617 1496 1671 ἀλλά
1522 1621 1616 1672 κα)⁵
1638 1619 1737 1690 τὴν
1775 1617 2022 1683 Ἀλεξάν-

443 1701 646 1772 δρειαν,
674 1703 755 1757 ἐτι
781 1723 840 1758 τε
870 1708 963 1761 καὶ
990 1707 1088 1780 τὴν
1109 1710 1327 1772 Λυδίαν,
1351 1711 1404 1764 εί
1425 1727 1484 1763 τε
1514 1711 1655 1766 κατά
1672 1711 1769 1782 τὴν
1813 1711 2017 1778 Ἀσίαν,

2126 587 2197 643 ab
2223 597 2346 644 ortu
2381 589 2450 644 ad
2495 605 2751 647 occasum
2789 589 3058 658 Ecclesia,
3097 593 3398 664 ejectisque
3427 594 3706 653 scandalis

2128 697 2316 753 pacem
2347 683 2617 747 obtinere,
2652 699 2717 739 ac
2748 685 2949 741 divinis
2973 686 3254 756 obsequiis
3286 686 3566 744 insistere.
3598 687 3704 744 Sed

2127 774 2412 843 quoniam,
2444 783 2506 828 ut
2533 775 2774 840 videtur,
2817 776 3091 842 diabolus,
3131 791 3240 846 quo
3278 777 3486 833 scilicet
3519 778 3702 833 omnia

2128 866 2242 931 illa,
2268 881 2389 936 qua
2417 881 2448 920 a
2480 864 2714 921 Domino
2754 867 3014 937 prtedicta
3060 875 3211 933 sunt,
3242 876 3297 923 et
3332 867 3401 923 ab
3440 869 3702 939 Apostolo

2125 969 2496 1015 consentanee
2541 961 2610 1015 ad
2649 959 2891 1016 ﬁdelium
2935 961 3246 1016 cautionem
3287 959 3353 1016 de
3396 961 3703 1017 delectione

2125 1050 2454 1121 praedicata,
2497 1050 2567 1106 ad
2627 1052 2832 1106 exitum
2876 1051 3132 1118 deducat,
3182 1053 3340 1108 novis
3372 1053 3699 1123 quihusdam

2127 1144 2456 1199 commentis
2493 1152 2687 1199 contra
2739 1144 3112 1200 ecclesiastica
3156 1144 3279 1200 lidei
3329 1145 3700 1201 sinceritatem

2124 1236 2416 1307 oppositis,
2457 1237 2511 1292 id
2542 1251 2705 1308 agere
2729 1238 3022 1308 molirique
3067 1253 3179 1292 non
3209 1238 3431 1303 desinit,
3464 1247 3524 1294 ut
3561 1255 3700 1294 non-

2125 1330 2293 1386 nullis
2337 1330 2520 1401 specie
2563 1331 2800 1401 quadam
2832 1331 3105 1386 ementita:
3145 1332 3363 1401 pietatis
3401 1333 3700 1401 adiunctis,

2125 1421 2384 1493 profanas
2406 1422 2670 1494 quasdam
2708 1437 2904 1478 vocum
2931 1424 3202 1480 novitates
3221 1463 3237 1489 ,
3274 1423 3540 1482 adversus
3570 1426 3701 1481 reli-

2124 1516 2334 1588 giosam
2377 1515 2643 1588 unigeniti
2687 1515 2782 1571 Dei
2813 1514 2937 1572 Filii
2981 1517 3394 1588 germanitatem
3432 1531 3530 1580 per
3577 1515 3702 1571 illos

2125 1609 2416 1679 excogitet.
2433 1606 2568 1663 Cum
2589 1615 2644 1665 et
2667 1615 2824 1664 antea
2839 1609 3131 1664 nonnullos
3157 1609 3500 1663 Antiochiam
3523 1608 3700 1673 obire,

2127 1715 2341 1758 necnon
2377 1709 2432 1757 et
2463 1701 2846 1757 Alexandriam
2878 1714 2940 1756 ac
2976 1700 3223 1772 Lydiam,
3249 1709 3302 1756 et
3323 1699 3488 1772 847
3512 1701 3700 1755 Asiam

448 1792 538 1845 ml.
574 1793 835 1864 ἐμϐαλεῖν
879 1799 1180 1872 σπινθῆρας
1218 1802 1474 1867 ἀσεϐείας
1518 1807 1638 1869 ταῖς
1677 1805 1786 1860 τῶν
1824 1806 2018 1860 ἀπλουο

2127 1792 2494 1858 audissemus,
2527 1792 2712 1862 ibique
2747 1792 3043 1863 impietatis
3061 1808 3176 1848 suae
3211 1793 3478 1849 scintillas
3508 1791 3698 1847 rudiov

443 1885 652 1958 στέρων
677 1888 897 1960 ψυχαῖς,
928 1893 1223 1964 ἐλπίζομεν
1263 1895 1351 1949 διά
1372 1897 1433 1949 τὸ
1463 1897 1735 1970 τολμηρὸν
1761 1901 1860 1970 τῆς
1901 1901 2021 1954 ἀσε-

442 1977 614 2043 ϐείας,
653 1981 746 2034 καὶ
776 1983 1032 2038 τοσοῦτον
1079 1987 1294 2052 ἀναιδὲς
1317 1989 1498 2043 αὐτῶν
1536 1993 2018 2066 ὐπερμαχούντων,

443 2070 670 2126 καὶτῶν
715 2075 856 2129 κατὰ
897 2077 1060 2130 τόπον
1087 2078 1290 2150 κυρίων
1333 2081 1782 2154 συλλειτουργῶν,
1818 2104 2023 2159 μαραν-

443 2160 602 2304 θῆνιῗι
637 2165 737 2236 τὴν
771 2168 1162 2240 προνοηθεῖσαν
1189 2172 1425 2244 αἵρεσιν,
1467 2174 1562 2228 καὶ
1590 2175 1884 2249 σϐεσθῆναι
1921 2181 2021 2252 τὴν

443 2265 549 2303 κακ
575 2270 662 2304 αν.

441 2265 662 2307 κακίαν.

523 2516 743 2593 Ἐπειδὴ
775 2522 904 2594 ἐξῆς
951 2527 1006 2579 οῖ
1042 2543 1105 2580 τε
1138 2530 1203 2584 ἐκ
1246 2529 1352 2584 τῶν
1385 2536 1804 2605 προειρημένων
1842 2540 2024 2592 τόπων

441 2612 834 2685 ἐπιδημοῦντες
879 2621 976 2674 καὶ
1016 2624 1066 2675 oi
1110 2624 1220 2678 ἀπὸ
1261 2625 1369 2680 τῶν
1413 2627 1556 2682 κατά
1607 2628 1668 2682 τὸ
1728 2629 2022 2703 Ἰλλυρικὸν

441 2703 900 2776 ἀπαγγέλλουσιν,
929 2711 1006 2777 ὡς
1049 2715 1286 2789 σπουδὴν
1323 2719 1565 2784 τιθέντες
1611 2723 1662 2774 oi
1695 2724 1883 2777 τούτου
1926 2724 2020 2779 τοῦ

446 2797 618 2888 κακοῦ
652 2799 958 2873 ἐξευρεταὶ,
987 2809 1082 2860 καὶ
1107 2809 1361 2876 πλείονας
1393 2812 1650 2882 βλάπτειν
1677 2816 1982 2888 τολμῶντες
2003 2860 2020 2886 ,

449 2887 704 2980 καὶπρὸς
729 2893 930 2948 κακίαν
953 2896 1181 2968 ζυμοῦν,
1206 2901 1388 2955 οὐκέτι
1416 2887 1781 2977 ἀνασχόμενοι
1801 2909 2022 2980 ὑπερτί-

440 2975 670 3044 θεσθαι,
730 2983 866 3039 ἀλλὰ
914 2987 1008 3040 καὶ
1055 2990 1168 3053 τοῖς
1205 2983 1552 3063 ἒγράμμασιν
1604 2975 2024 3069 ἐντυγχάνοντες

441 3071 551 3133 τοῖς
581 3071 676 3124 τοῦ
701 3075 976 3148 ὁμοψύχου
1001 3079 1413 3155 συλλειτουργοῦ
1438 3088 1469 3156 ἡ
1479 3086 1594 3155 μῶν
1620 3087 1893 3160 Γεωργίου
1925 3089 2020 3144 τοῦ

2125 1900 2246 1939 rum
2283 1885 2480 1939 animis
2515 1885 2830 1950 immittere,
2861 1898 3057 1955 magna
3099 1901 3202 1941 nos
3236 1901 3362 1956 spes
3392 1894 3560 1950 tenet,
3600 1903 3700 1957 pro

2123 1985 2274 2033 tanta
2326 1978 2554 2033 sceleris
2603 1977 2855 2041 audacia,
2900 1992 2965 2032 ac
3019 1988 3128 2032 tam
3178 1980 3420 2049 projecta
3481 1980 3697 2035 illorum

2124 2069 2481 2141 impudentia,
2514 2069 2561 2126 si
2590 2079 2644 2125 et
2681 2085 2804 2136 nos,
2835 2076 2889 2124 et
2933 2070 3028 2139 qui
3067 2070 3122 2124 in
3160 2071 3268 2125 illis
3299 2071 3432 2126 locis
3463 2071 3700 2127 ministri

2122 2160 2340 2217 Domini
2369 2177 2433 2215 ac
2456 2161 2678 2232 collegae
2727 2168 2876 2229 sunt,
2910 2160 3169 2218 Ecclesiae
3207 2164 3696 2233 propugnationem

2123 2255 2552 2325 susciperemus,
2586 2255 2860 2308 inventam
2899 2254 3047 2308 illam
3085 2269 3262 2325 nuper
3281 2255 3530 2310 haeresim
3574 2271 3701 2326 pro-

2122 2343 2336 2416 ﬂigari,
2392 2353 2557 2416 atque
2592 2361 2810 2401 omnem
2868 2344 3016 2400 illam
3081 2345 3487 2415 improbitatem
3541 2363 3703 2417 posse

2124 2437 2408 2509 restingui.

2194 2531 2464 2598 Quoniam
2504 2546 2634 2586 vero
2680 2539 2791 2585 tam
2849 2531 2918 2586 ab
2964 2531 3032 2586 iis
3075 2539 3296 2600 postea,
3337 2533 3432 2602 qui
3481 2547 3544 2586 ex
3595 2532 3702 2590 illis

2123 2629 2261 2684 locis
2295 2628 2402 2683 huc
2441 2627 2672 2698 profecti
2701 2635 2849 2692 sunt,
2885 2643 3048 2698 quam
3081 2643 3146 2684 ex
3185 2627 3522 2700 Illyricorum
3561 2644 3702 2682 nun-

2124 2719 2217 2775 tiis
2247 2720 2582 2789 accepimus,
2614 2720 2744 2773 mali
2787 2721 2951 2790 hujus
2987 2730 3239 2776 auctores
3288 2735 3507 2775 omnem
3541 2720 3701 2774 indu-

2125 2814 2315 2868 striam
2366 2813 2662 2877 adhibere,
2712 2827 2777 2867 ac
2830 2813 3108 2884 plerisque
3159 2813 3456 2883 perniciem
3491 2813 3702 2866 machi-

2124 2906 2268 2971 nari,
2298 2921 2503 2975 eosque
2530 2905 2680 2960 velut
2733 2905 3060 2960 fermentum
3095 2905 3373 2976 quoddam
3399 2905 3465 2959 ad
3509 2905 3701 2975 nequi-

2125 2997 2254 3050 tiam
2295 2995 2608 3052 distendere
2633 3040 2648 3063 ,
2690 3011 2802 3050 rem
2838 2997 2983 3050 ultra
3029 2995 3381 3050 diﬂercndam
3417 3010 3540 3050 esse
3589 3009 3700 3049 non

2126 3089 2463 3144 censuimus.
2493 3089 2598 3144 Sed
2637 3105 2762 3143 cum
2817 3089 3031 3145 litteras
3081 3090 3306 3160 insuper
3355 3090 3424 3144 ab
3453 3089 3700 3144 unanimi

441 3163 542 3256 τῆς
579 3165 898 3234 Λαοδικείας
935 3172 1278 3246 Ἐκκλησίας,
1311 3171 1386 3230 ὧν
1417 3180 1487 3233 τά
1523 3180 1788 3235 ἀντίτυπα
1819 3183 2018 3256 ὑπεβά-

2124 3182 2333 3252 collega
2378 3191 2572 3236 nostro
2622 3180 2858 3252 Georgio
2899 3182 3157 3252 episcOpo
3198 3181 3516 3236 Laodiceuae
3545 3181 3706 3236 urbis

442 3255 635 3328 ξαμεν,
683 3261 779 3315 καὶ
826 3263 928 3328 τὰς
985 3269 1292 3340 μαρτυρίας
1341 3271 1450 3325 τῶν
1494 3255 2018 3347 διαμαρτυραμένων

443 3347 580 3419 πρὸς
613 3350 762 3420 ἡμᾶς
789 3355 883 3406 ἐπὶ
923 3355 1091 3422 Θεοῦ,
1139 3359 1562 3430 εὐλαϐηθέντες,
1607 3363 1684 3426 ὡς
1726 3364 1956 3418 ἐνεδίδου
1990 3368 2020 3418 ὁ

441 3446 660 3517 καιρὸς,
691 3449 790 3519 τῆς
818 3449 980 3518 άγίας
1019 3452 1234 3524 ἡμέρας
1263 3453 1359 3507 τοῦ
1395 3455 1588 3526 Πάσχα
1629 3456 2016 3529 ἐπικειμένης,

444 3539 799 3609 συναχθέντες
838 3543 952 3595 ὅσοι
991 3559 1056 3611 γε
1087 3542 1435 3615 ἠδυνήθημεν
1482 3544 1620 3618 [καὶ]
1655 3548 2016 3618 συναχθῆναι,

441 3631 527 3684 διὰ
550 3634 642 3686 καὶ
658 3633 782 3686 τὸν¹
813 3635 1058 3706 χειμῶνα
1078 3638 1191 3700 τοῖς
1223 3637 1436 3702 πολλοῖς
1467 3638 1717 3708 ἐμποδὼν
1741 3641 2016 3710 γενέσθαι,

441 3722 619 3784 ὼςδιά
651 3726 762 3779 τῶν
781 3728 1125 3799 γραμμάτων
1149 3731 1452 3800 ἐσήμαναν,
1483 3733 1740 3796 ἐκθέσθαι
1762 3736 1842 3798 είς
1864 3735 2021 3789 τοῦτο

439 3815 501 3867 τὸ
530 3811 665 3880 εἶδος
696 3817 807 3888 (46)
847 3820 946 3891 τῆς
980 3819 1215 3885 πίστεως
1245 3823 1306 3875 τὸ
1351 3822 1545 3893 ἰδίωμα
1580 3826 2018 3898 ἐσπουδάσαμεν,

443 3905 564 3958 ὅσον
609 3908 702 3960 ἐπὶ
746 3911 858 3972 τοῖς
890 3912 1116 3974 λοιποῖς,
1147 3914 1216 3983 τῇ
1261 3912 1319 3965 ἐν
1361 3913 1689 3988 Ἀντιοχείᾳ,
1738 3917 1814 3981 ὡς
1877 3937 2015 3992 προ-

442 3997 678 4068 έφημεν,
721 4000 1002 4073 ἐκτεθείσῃ
1035 4018 1094 4053 τε
1126 4002 1308 4056 πίστει
1340 4006 1406 4074 τῇ
1453 4005 1510 4058 ἐν
1539 4007 1650 4070 τοῖς
1687 4009 2014 4075 ἐγκαινίοις⁶

441 4089 576 4142 ἀλλά
605 4092 700 4144 καὶ
741 4093 800 4144 ἐν
830 4094 898 4162 τῇ
933 4093 1171 4165 Σαρδικῇ
1197 4135 1210 4158 ,
1243 4093 1309 4165 ἣν
1341 4094 1630 4166 ἀνείληφεν
1655 4100 1687 4168 ἡ
1725 4100 1782 4152 ἐν
1805 4101 2019 4172 Σιρμίῳ

444 4181 687 4244 σύνοδος,
739 4182 832 4235 καὶ
877 4185 990 4246 τοῖς
1038 4183 1245 4237 ἐκεῖθεν
1299 4184 1614 4254 λογισμοῖς,
1663 4187 2021 4259 διαρθρώσειν

441 4271 685 4342 ἀκριϐῶς
732 4273 830 4343 τὴν
875 4274 954 4336 είς
987 4273 1082 4343 τὴν
1122 4273 1285 4340 ἁγίαν
1328 4274 1534 4344 Τριάδα
1580 4276 1680 4346 τῆς
1722 4277 2020 4350 καθολικῆς

454 4363 780 4433 Ἐκκλησίας
820 4364 1033 4417 πίστινο
1072 4364 1208 4436 πρὸς
1249 4365 1308 4418 δὲ
1348 4365 1527 4432 τοῦτο,
1571 4367 1648 4431 ὡς
1673 4369 2014 4442 προέφημεν,

439 4457 538 4524 τῆς
587 4456 936 4527 καινοτομίας
997 4456 1060 4509 τὸ
1105 4453 1244 4520 εἶδος
1301 4457 1482 4528 μόνον,
1541 4459 1617 4523 ὡς
1667 4461 1900 4515 ἐνεδίδου
1926 4463 2012 4522 ,τὸ

440 4545 686 4618 Πνεῦμα,
717 4548 1211 4620 ὑπαγορεύσαντες.
1244 4550 1355 4604 Καὶ
1386 4552 1810 4624 παρακαλοῦμεν
1845 4556 2010 4626 ὑμᾶς,

456 4637 635 4709 κύριοι
700 4640 1019 4710 τιμιώτατοι
1073 4640 1476 4714 συλλειτουργοὶ
1527 4644 1871 4714 ἐντυχόντες,
1931 4650 2014 4702 ὄτι

437 4729 742 4802 ἐράσθητε³
757 4735 823 4803 τῇ
845 4733 910 4786 ἐκ
935 4733 1185 4806 πατέρων
1210 4735 1577 4811 παραδοθείσῃ
1602 4738 1800 4800 πίστει,
1820 4741 1914 4794 καὶ
1939 4743 2014 4806 ὼς

436 4819 702 4891 σύμφωνα
745 4823 874 4894 ὐμῖν
919 4823 1246 4896 φρονοῦμεν,
1283 4827 1358 4890 ὡς
1388 4830 1852 4902 πεπιστεύκαμεν,
1882 4835 2013 4887 ὐπο-

436 4913 812 4982 σημήνασθαι’
866 4915 953 4968 ἴνα
1021 4915 1530 4989 πληροφορηθέντες
1585 4922 1634 4973 oi
1691 4921 1790 4992 τὴν
1841 4924 2012 4997 αὐτὴν

429 5000 685 5054 ἀσέϐειαν
723 5005 1037 5072 ἐπεισάγειν
1061 5005 1389 5076 τολμῶντες,
1418 5009 1499 5062 ὃτι
1533 5010 1785 5084 καθάπερ
1811 5014 2012 5086 κλῆρόν

431 5109 553 5144 τινα
575 5092 674 5164 τὴν
714 5095 778 5148 ἐκ
803 5096 913 5148 τῶν
955 5097 1328 5154 ἀποστολικῶν
1357 5101 1566 5172 χρόνων
1591 5104 1680 5160 διὰ
1711 5106 1818 5158 τῶν
1845 5109 1904 5161 ἐν
1934 5110 2015 5180 τῷ

437 5183 587 5253 μέσῳ
627 5185 754 5256 ἄχρι
783 5187 878 5240 καὶ
914 5187 1073 5258 ἡμῶν
1116 5190 1377 5261 πατέρων
1407 5193 1796 5266 ὑποδεξάμενοι
1834 5201 2016 5254 πίστιν

435 5275 803 5347 φυλάσσομεν,
833 5279 866 5350 ἢ
896 5281 1274 5351 αἰσχυνθέντες
1301 5285 1759 5359 διορθωθήσονται
1780 5332 1794 5356 ,
1827 5291 1858 5362 ἢ
1893 5293 2016 5346 ἐπι-

329 5425 334 5430 _
437 5366 690 5437 μένοντες
713 5371 1140 5443 ἀποκηρυχθῶσι
1179 5375 1278 5446 τῆς
1333 5377 1660 5448 Ἐκκλησίας
1683 5419 1700 5444 ,
1736 5383 1836 5454 τὴν
1879 5385 2014 5438 ἀπο-

2126 3274 2552 3342 accepissemus,
2580 3288 2816 3344 quarum
2847 3274 3156 3343 exemplum
3193 3273 3281 3327 hic
3316 3273 3698 3343 ascripsimus,

2120 3374 2175 3422 et
2208 3382 2398 3422 eorum
2434 3365 2898 3431 dcnuntiationes,
2929 3368 3026 3438 qui
3057 3381 3238 3422 coram
3272 3365 3512 3420 Deonos
3540 3365 3698 3419 obte-

2124 3458 2433 3522 stabantur,
2469 3465 2689 3513 reveriti
2724 3473 2995 3521 essemus,
3028 3471 3128 3526 pro
3156 3471 3221 3510 eo
3252 3469 3317 3508 ac
3353 3469 3450 3524 per
3483 3462 3700 3522 tempus

2123 3549 2363 3615 licebat,
2417 3549 2736 3604 imminente
2775 3556 3130 3604 sacrosancto
3171 3545 3460 3602 Paschatis
3501 3545 3609 3608 die,
3643 3545 3697 3599 in

2121 3655 2294 3694 unum
2329 3640 2567 3705 collecti,
2594 3646 2863 3709 quotquot
2883 3639 3074 3694 adesse
3095 3638 3374 3709 potuimus
3397 3637 3558 3709 (nam
3583 3637 3699 3706 ple-

2120 3747 2326 3802 rosque
2363 3731 2540 3787 hiems
2570 3732 2900 3795 interclusit,
2935 3739 2994 3786 ut
3021 3746 3084 3785 ex
3113 3745 3303 3785 eorum
3335 3728 3532 3783 litteris
3557 3727 3700 3782 didi—

2124 3822 2360 3893 cimus),
2379 3837 2600 3892 operam
2637 3821 2914 3886 dedimus,
2938 3828 2998 3875 ut
3023 3820 3092 3874 ad
3112 3829 3392 3890 receptam
3427 3818 3553 3872 ﬁdei
3589 3815 3700 3870 t‘or—

2122 3915 2324 3968 mulam
2362 3915 2641 3984 proprium
2679 3913 2961 3984 quiddam,
2999 3919 3163 3982 atque
3187 3909 3505 3981 expressius
3531 3908 3699 3963 adde-

2121 4014 2294 4074 retur,
2336 4015 2396 4060 ut
2443 4014 2564 4076 post
2601 4013 2828 4061 cat-teras
2867 4005 2990 4060 ﬁdei
3027 4003 3419 4073 professiones,
3452 4017 3571 4056 eam
3611 4002 3698 4055 ni-

2119 4098 2341 4163 mirum,
2376 4113 2499 4170 quae
2540 4097 2841 4152 Antiochiae
2878 4097 2982 4154 sub
3013 4095 3272 4151 Ecclesia:
3298 4093 3697 4149 dedicationem

2119 4193 2400 4262 proposita
2440 4199 2563 4257 est;
2621 4206 2834 4246 necnon
2880 4200 2937 4246 et
2982 4190 3037 4244 in
3085 4187 3398 4244 Sardicensi
3465 4186 3695 4258 synodo,

2119 4295 2282 4350 quam
2317 4281 2635 4336 Sirmicnsis
2658 4281 2905 4350 amplexa
2939 4289 3062 4347 est;
3094 4286 3147 4335 et
3175 4279 3243 4334 ad
3275 4280 3519 4333 rationes
3551 4276 3694 4341 illas,

2118 4387 2240 4443 quae
2286 4372 2342 4426 in
2395 4373 2546 4427 hisce
2592 4373 2844 4427 conciliis
2891 4372 3172 4442 explicatae
3216 4381 3364 4434 sunt,
3410 4368 3697 4424 catholicae

2120 4463 2380 4520 Ecclesiae
2407 4463 2475 4519 de
2507 4471 2698 4519 sancta
2732 4463 3003 4520 Trinitate
3027 4463 3225 4534 dogma
3255 4461 3572 4517 distinctius
3600 4477 3696 4515 ex-

2121 4557 2384 4627 plicatum
2433 4570 2464 4608 a
2507 4555 2668 4611 nobis
2707 4557 3009 4612 accederet.
3049 4555 3110 4611 In
3145 4570 3253 4626 qua
3292 4553 3508 4626 quidem
3557 4569 3694 4606 nova

2121 4649 2248 4703 ﬁdei
2287 4646 2656 4704 declarations
2699 4648 2835 4702 nihil
2863 4647 3008 4702 aliud
3052 4662 3216 4718 quam
3268 4646 3414 4718 quod
3458 4643 3694 4715 Spiritus

2121 4744 2656 4811 sanctus.mentibus
2689 4743 2894 4798 nostris
2935 4741 3279 4812 suggerebat,
3327 4739 3693 4793 dictare-stu-

2118 4835 2358 4890 duimus.
2379 4836 2644 4903 Quocirca
2668 4837 2831 4891 etiam
2860 4845 3021 4905 atque
3055 4835 3218 4890 etiam
3241 4849 3340 4888 vos
3371 4845 3690 4902 precamur,
3719 4906 3727 4915 .

2117 4927 2457 4983 venerabiles
2501 4928 2708 4982 domini
2741 4942 2805 4982 ac
2844 4928 3086 4997 collegae,
3123 4936 3182 4979 ut
3220 4925 3378 4979 lectis
3409 4923 3496 4976 his
3549 4921 3695 4974 litte-

2115 5017 2216 5083 ris,
2249 5034 2373 5072 cum
2422 5019 2576 5074 vobis
2611 5019 2869 5073 traditam
2909 5034 2939 5072 a
2985 5017 3288 5086 majoribus
3330 5013 3491 5068 ﬁdem
3537 5011 3692 5065 cordi

2115 5126 2272 5176 esse;
2308 5119 2422 5165 tum
2450 5127 2554 5166 nos
2578 5111 2767 5166 eadem
2794 5111 3079 5165 vobiscum
3105 5108 3328 5171 sentire,
3353 5120 3415 5160 ac
3445 5102 3690 5174 proﬁteri

2115 5204 2477 5274 signiﬁcetis:
2523 5211 2580 5258 ut
2608 5204 2702 5274 qui
2754 5203 3085 5273 impietatem
3137 5201 3281 5254 illam
3326 5197 3691 5253 disseminare

2115 5309 2226 5350 non
2255 5304 2532 5358 verentur,
2566 5311 2690 5349 cum
2731 5294 2784 5348 id
2815 5304 2967 5350 certo
2989 5291 3381 5363 compererint,
3415 5290 3560 5344 illam
3589 5302 3689 5342 nos

2116 5389 2297 5452 ﬁdem,
2331 5405 2496 5459 quam
2546 5389 2615 5442 ab
2647 5388 2964 5458 apostolicis
3004 5386 3128 5441 inde
3165 5383 3525 5454 temporibus.
3556 5396 3690 5436 con-

433 5459 660 5512 στασίαν
686 5461 766 5531 τῷ
793 5461 893 5533 υίῴ
923 5464 1022 5533 τῆς
1055 5466 1286 5531 ἀνομίας
1305 5509 1319 5534 ,
1349 5467 1408 5532 ὃς
1435 5469 1639 5542 τολμᾷν
1669 5473 1889 5529 ἀπειλεί
1915 5478 2004 5530 καὶ

2122 5482 2323 5536 linuala
2355 5483 2424 5536 ad
2507 5485 2689 5547 patres
2717 5485 2934 5533 nostros
2962 5487 3134 5544 usque
3164 5468 3510 5529 successione
3532 5484 3684 5526 accc-

503 5624 517 5653 ¹
554 5622 612 5676 F.
642 5624 810 5694 παρά.
887 5626 906 5654 ⁸
943 5624 1001 5677 F.
1029 5625 1088 5677 τὸ
1118 5629 1212 5680 καὶ
1239 5628 1349 5685 τόν.
1429 5629 1449 5661 ³
1471 5630 1529 5684 F.
1555 5631 1854 5702 ἡράσθητε,
1903 5638 1996 5692 sed

2122 5657 2232 5695 rum
2293 5643 2544 5699 sincerus
2602 5645 2692 5700 hic
2721 5645 2896 5700 locus.

504 5779 1113 5872 (49)““lE'1c0ég09tAeic
1152 5783 1328 5872 τοῦτο
1384 5787 1452 5840 τὸ
1494 5782 1674 5872 εζδος.
1719 5788 1848 5872 Hoc
1890 5801 1973 5846 est

2134 5795 2398 5867 formula,
2456 5798 2905 5872 profcssionequc
2966 5799 3086 5857 ﬁdei
3141 5795 3458 5854 nominatim
3529 5792 3690 5865 ejus.

429 5853 578 5916 quod
603 5850 670 5907 ab
691 5851 962 5909 lmreticis
987 5863 1356 5927 oppugnatur,
1382 5850 1713 5916 mentionem
1744 5861 2001 5930 adjicere.
