4134 6386
447 309 553 369 ιοῖ

1836 313 1892 375 S.
1937 316 2272 376 EPlPHANll

3607 338 3712 394 408

449 433 656 508 pimus,
691 435 842 490 velut
883 437 1277 506 patrimonium
1309 440 1472 508 tueri,
1505 456 1570 496 ac
1599 441 1914 510 defendere,
1947 445 2026 499 vel

2133 448 2214 509 εἰς
2242 446 2332 499 τὸν
2368 447 2494 501 ναὸν
2521 459 2616 502 του
2647 449 2784 503 Θεου
2830 450 3051 504 καθίσαι
3089 451 3191 523 ήδη
3216 491 3232 520 ,
3259 453 3326 506 δι’
3363 454 3554 509 ἑαυτὸν
3579 473 3711 528 προ-

455 529 660 596 pudore
696 528 874 583 affecti
916 529 983 582 ad
1024 530 1302 586 meliorem
1329 543 1566 588 mentem
1598 551 1658 588 se
1700 536 2026 602 conferant;

2135 540 2667 610 παρασκευάζοντες.

454 622 538 674 νει
579 623 626 676 si
672 621 726 676 in
765 623 1113 693 improbitate
1150 630 1463 715 persistant,
1502 629 1571 683 ab
1609 627 1856 686 Ecclesia
1899 633 2350 702 proscribantur;
2413 646 2600 708 utpote
2654 640 2748 710 qui
2816 642 3122 712 iniquitatis
3183 643 3316 708 filio,
3385 644 3480 714 qui
3516 645 3598 700 vel
3653 644 3708 700 in

454 717 547 772 Dei
575 719 775 789 templo
807 718 992 774 sedem
1027 735 1181 775 suam
1207 723 1320 792 jam
1352 739 1502 779 nunc
1538 741 1598 780 se
1633 727 2031 783 collocaturum
2066 731 2309 785 minatur
2333 732 2374 794 ³,
2402 733 2766 790 defectionem
2799 750 2896 806 per
2926 751 3049 792 sese
3068 745 3412 806 comparent.

518 809 810 882 848111.
855 811 1023 882 Igitur
1063 811 1196 868 ﬁdes
1241 823 1432 871 nostra
1482 817 1549 871 ad
1589 817 1802 874 Patrem
1837 829 1889 874 et
1936 818 2029 875 Fi-

451 901 608 964 lium,
644 912 698 956 et
736 902 1004 973 Spiritum
1041 915 1293 961 sanctum
1325 907 1581 966 refertur.
1618 908 1710 966 Sic
1741 913 1887 966 enim
1918 911 2026 967 Do-

451 994 633 1049 minus
665 1003 851 1050 noster
889 993 1049 1051 Jesus
1083 998 1335 1056 Christus
1367 999 1668 1072 discipulos
1707 1019 1839 1060 suos
1870 1006 2028 1060 insti-

449 1085 594 1138 tuit:
641 1081 862 1148 Euntes,
909 1087 1116 1156 inquit,
1162 1087 1340 1149 docete
1381 1107 1557 1146 omnes
1607 1102 1805 1162 gentes,
1853 1096 2025 1164 bapti-

447 1187 629 1232 zantes
675 1195 762 1232 eos
803 1181 858 1232 in
906 1182 1114 1234 nomine
1157 1179 1370 1246 Patris,
1411 1192 1462 1236 et
1505 1180 1661 1248 Filii,
1695 1194 1746 1238 et
1791 1183 2021 1253 Spiritus

446 1273 682 1325 δίωσιν.
725 1271 906 1339 Quare
946 1275 1038 1344 qui
1091 1275 1146 1329 in
1183 1275 1324 1328 hanc
1371 1273 1494 1330 fidei
1547 1275 1780 1332 formam
1829 1279 2024 1334 iterato

447 1363 615 1432 geniti
666 1381 888 1431 sumus,
941 1369 1224 1422 nominum
1276 1369 1544 1438 ejusmodi
1604 1371 1854 1428 notiones
1895 1373 2022 1428 reli-

443 1457 598 1526 giose
628 1456 893 1513 debemus
950 1459 1218 1528 accipere.
1268 1458 1456 1532 Neque
1494 1461 1642 1515 enim
1689 1462 1866 1518 dixit:
1916 1463 2024 1517 Ba-

447 1550 713 1617 ptizantes
768 1568 856 1606 eos
912 1552 966 1606 in
1019 1553 1139 1622 ejus
1173 1553 1395 1608 nomine
1423 1554 1516 1623 qui
1573 1555 1756 1609 carnis
1805 1570 2027 1625 expers,

445 1658 668 1696 carnem
715 1644 929 1710 induit;
971 1660 1150 1716 neque
1198 1647 1527 1704 immortalis
1569 1657 1624 1703 et
1660 1655 1894 1702 mortem
1929 1663 2024 1703 ex-

2203 823 2277 877 I".
2330 824 2393 876 'H
2422 826 2606 890 πίστις
2631 826 2787 899 ἡμῶν
2810 829 2890 892 είς
2915 827 3136 900 Πατέρα
3159 829 3254 882 καὶ
3280 828 3408 882 Υίὸν
3433 829 3526 883 καὶ
3553 828 3706 898 ἅγιον

2129 914 2356 986 Πνεῦμα
2402 917 2472 987 (ὃ)
2527 920 2697 973 ἐστιν.
2731 919 2886 974 Οὕτω
2926 920 3036 992 γάρ
3069 921 3314 974 ἐδίδασκε
3345 923 3473 986 τοὺς
3511 920 3705 975 ἑαυτοῦ

2132 1006 2381 1079 μαθητὰς
2421 1011 2450 1062 ὀ
2493 1008 2689 1082 Κύριος
2738 1011 2894 1082 ἡμῶν
2957 1012 3165 1083 Ἰησοῦς
3220 1014 3453 1086 Χριστὸς
3503 1013 3704 1066 εἰπών’

2127 1102 2524 1169 Πορευθέντες
2545 1106 2960 1174 μαθητεύσατε
3005 1105 3205 1160 πάντα
3263 1107 3336 1161 τὰ
3381 1107 3560 1174 ἔθνη,
3588 1107 3705 1180 ,βα-

2129 1192 2432 1261 πτίζοντες
2455 1197 2677 1263 αὐτοὺς
2706 1199 2794 1265 είς
2839 1199 2906 1252 τὸ
2935 1199 3122 1268 ὄνομα
3156 1198 3260 1252 τοῦ
3299 1199 3554 1268 Πατρὸς,
3601 1200 3702 1255 καὶ

2128 1288 2236 1341 τοῦ
2281 1289 2450 1355 Υἱοῦ,
2480 1291 2577 1344 καὶ
2620 1292 2726 1346 τοῦ
2764 1293 2936 1364 ἁγίου
2981 1297 3346 1365 Πνεύματος.
3395 1294 3608 1348 Οὐκοῦν
3651 1297 3701 1350 οἱ

2129 1381 2564 1453 ἀναγεννώμενοι
2595 1386 2675 1447 είς
2705 1385 2911 1457 ταύτην
2928 1388 3027 1455 τὴν
3057 1389 3260 1447 πίστιν,
3294 1387 3536 1450 εὐσεϐῶς
3565 1389 3707 1439 νοεῖν

2129 1471 2226 1537 τὰς
2272 1475 2336 1527 ὲκ
2383 1475 2484 1529 τῶν
2535 1477 2812 1548 ὀνομάτων
2864 1479 3069 1544 ἐννοίας
3116 1479 3420 1551 ὀφείλομεν.
3471 1479 3546 1533 Οὐ
3597 1479 3706 1549 γὰρ

2129 1558 2279 1617 εἴπεο
2307 1565 2697 1634 Βαπτίζοντες
2721 1570 2942 1635 αὐτοὺς
2962 1573 3042 1634 εἰς
3064 1572 3124 1624 τὸ
3149 1572 3317 1642 ὖνομα
3341 1570 3434 1624 τοῦ
3462 1571 3704 1642 ἀσάρκου

2133 1658 2226 1711 καὶ
2253 1658 2648 1729 σαρκωθέντος,
2669 1662 2703 1732 ἢ
2730 1662 2824 1715 τοῦ
2845 1663 3114 1718 ἀθανάτου
3138 1665 3232 1718 καὶ
3255 1664 3484 1718 θανάτου
3509 1666 3704 1736 πεῖραν

446 1734 586 1802 perti
608 1751 621 1796 ;
648 1750 821 1804 neque
846 1735 1071 1808 ingeniti
1093 1748 1144 1793 et
1169 1739 1370 1809 geniti;
1398 1739 1493 1795 sed
1515 1741 1570 1794 in
1587 1742 1798 1794 nomine
1813 1739 2021 1804 Patris,

2131 1749 2401 1816 λαϐόντος,
2433 1752 2465 1822 ἢ
2496 1753 2590 1806 τοῦ
2625 1731 2920 1826 ἀγεννήτου
2953 1755 3046 1808 καὶ
3072 1755 3354 1826 γεννητοῦ,
3381 1755 3496 1809 ἀλλ’
3523 1731 3616 1826 εἰςζ
3634 1757 3702 1808 τὸ

444 1833 492 1878 et
529 1824 578 1878 F
582 1827 683 1891 itii,
711 1837 762 1882 et
795 1827 1028 1898 Spiritus
1063 1833 1253 1898 sancti,
1290 1842 1348 1887 ut
1373 1835 1768 1905 appellationes
1801 1844 2028 1890 natura-

447 1916 592 1973 libus
634 1935 700 1974 ex
750 1920 915 1978 rebus
963 1924 1266 1980 translatas
1305 1925 1620 1991 audientes,
1665 1924 1885 1981 Patrem
1940 1928 2025 1982 sui

446 2009 646 2066 similis
675 2021 885 2067 naturae
922 2015 1251 2085 principium
1289 2017 1700 2088 intelligamus;
1733 2019 2027 2090 itidemque

445 2102 571 2158 Filii
616 2121 815 2161 nomen
865 2108 1170 2173 audientes,
1219 2108 1416 2164 Filium
1465 2111 1587 2181 ejus
1634 2109 1835 2172 Patris.
1866 2112 2026 2181 cujus

447 2194 623 2252 Filius
655 2209 761 2264 est,
795 2200 1029 2256 similem
1064 2215 1189 2256 esse
1227 2203 1553 2273 cogitemus.
1598 2201 1891 2258 Credimus
1923 2203 2027 2274 igi-

447 2298 541 2343 tur
574 2289 629 2343 in
676 2288 930 2356 Patrem,
970 2299 1026 2346 et
1059 2290 1261 2346 Filium
1284 2334 1298 2358 ,
1334 2301 1390 2348 et
1431 2291 1696 2363 Spiritum
1737 2303 2024 2362 sanctum;

449 2395 560 2434 non
611 2382 665 2434 in
699 2389 1003 2437 creatorem
1028 2423 1044 2446 ,
1087 2393 1142 2439 et
1184 2392 1514 2440 creaturam.
1564 2385 1724 2440 Aliud
1758 2385 1902 2440 enim
1943 2393 2028 2442 est

448 2483 666 2529 creator
704 2483 759 2530 et
795 2485 1068 2539 creatura,
1113 2476 1261 2531 aliud
1315 2476 1474 2532 Pater
1521 2485 1575 2533 et
1618 2477 1808 2534 Filius.
1850 2477 1932 2534 Ob
1974 2479 2025 2534 id

451 2573 746 2636 utrumque
794 2568 1019 2624 notione
1066 2569 1183 2639 ipsa
1232 2576 1544 2640 separatum
1583 2579 1685 2625 est.
1731 2567 1865 2624 Nam
1900 2585 2024 2624 cum

449 2665 761 2712 creaturam
795 2658 942 2724 dico,
987 2660 1228 2731 priorem
1258 2675 1380 2715 esse
1417 2670 1720 2716 creatorem
1750 2661 2022 2732 signiﬁco.

449 2750 517 2802 At
551 2747 674 2803 Filii
721 2765 826 2804 vox
873 2765 940 2806 ex
985 2751 1152 2806 rebus
1195 2760 1456 2822 usurpata
1509 2751 1811 2822 corporeis.
1854 2761 1908 2808 et
1957 2753 2025 2808 ab

451 2840 830 2898 aﬂ'ectionibus
861 2843 988 2906 illis,
1015 2859 1077 2897 ac
1096 2843 1376 2914 proﬂuviis
1400 2846 1665 2900 seminum
1683 2861 1803 2916 quae
1824 2846 1879 2900 in
1901 2861 2026 2900 cor-

449 2936 634 3006 poreis
675 2937 926 3006 patribus
976 2936 1215 3007 filiisque
1251 2945 1573 3006 cernuntur,
1615 2947 1842 3009 purgata
1889 2956 2025 3010 quo-

449 3028 765 3093 dammodo,
821 3043 887 3083 ac
935 3027 1199 3083 defaecata
1247 3036 1484 3084 mentem
1535 3038 1775 3085 nostram
1829 3031 1883 3084 in
1917 3044 2024 3083 una

449 3120 763 3190 incorporei
805 3118 928 3174 Filii
965 3120 1035 3174 ab
1087 3120 1415 3190 incorporeo
1453 3119 1614 3176 Patre
1664 3121 2027 3192 productione

449 3212 657 3284 deligit.
712 3211 1059 3285 Quapropter
1091 3222 1358 3269 creatum
1394 3229 1613 3285 quoque
1661 3231 1728 3271 ex
1762 3229 1829 3270 eo
1877 3214 2025 3284 quod

449 3317 774 3374 corporeum
815 3312 921 3367 est,
969 3303 1292 3359 translatam
1337 3304 1618 3358 notionem
1671 3303 1920 3373 illigavit.
1958 3300 2026 3356 Et

446 3397 713 3468 quoniam
764 3407 1031 3452 creaturas
1073 3395 1221 3452 nuda
1267 3397 1411 3451 ratio
1449 3393 1646 3448 Filium
1687 3395 2025 3450 constituere

451 3491 661 3561 nequit,
691 3506 721 3545 a
752 3498 1000 3545 creatore
1025 3498 1080 3546 et
1103 3496 1356 3547 creatura
1384 3487 1630 3559 quaedam
1661 3502 1973 3550 secernens,
1993 3499 2024 3538 a

451 3591 698 3637 creatore
728 3582 1012 3645 nimirum,
1046 3583 1092 3636 si
1118 3579 1186 3635 ad
1221 3587 1526 3636 creaturam
1575 3577 1862 3640 referatur,
1897 3591 2021 3646 pas-

453 3675 626 3729 sionis
671 3685 950 3743 expertem
1001 3680 1239 3739 statum;
1274 3687 1304 3725 a
1351 3679 1602 3726 creatura
1643 3685 1773 3726 vero
1811 3669 2026 3724 firmum

455 3763 739 3834 quiddam,
768 3770 822 3818 et
874 3763 1134 3827 solidum,
1186 3763 1331 3833 quod
1376 3763 1444 3818 ab
1487 3771 1711 3833 experte
1753 3762 2025 3832 passionis

455 3862 705 3909 creatore
744 3854 1050 3924 profectum
1092 3865 1197 3919 est,
1230 3862 1341 3909 tam
1395 3870 1426 3909 a
1458 3869 1724 3925 corporeo
1771 3853 1934 3909 Patre
1972 3863 2026 3908 et

455 3944 612 4007 Filio,
632 3961 795 4015 quam
828 3962 859 4000 a
887 3957 1136 4004 creatore
1163 3958 1218 4004 et
1245 3955 1520 4011 creatura,
1543 3945 1836 4017 perfectam
1867 3946 2026 4000 nobis

453 4053 517 4092 ac
545 4038 816 4092 sinceram
845 4039 912 4094 de
939 4039 1101 4095 Patre
1131 4037 1380 4109 Filioque
1406 4039 1655 4094 notitiam
1688 4036 2024 4092 informavit.

454 4129 669 4184 Etenim
715 4131 760 4186 si
810 4145 840 4185 a
874 4139 1127 4186 creatura
1177 4141 1358 4187 certas
1403 4131 1694 4202 qualitates
1735 4130 2023 4196 exemeris,

455 4220 625 4285 velut,
664 4220 811 4290 quod
845 4231 1000 4276 extra
1044 4229 1347 4277 creatorem
1401 4221 1688 4282 subsistat.
1716 4219 1862 4290 quod
1900 4235 2025 4274 eum

454 4312 682 4366 materia
728 4321 982 4369 concreta
1029 4315 1120 4376 sit,
1164 4313 1379 4384 aliaque
1423 4313 1478 4367 id
1523 4329 1718 4383 genus,
1749 4327 1870 4381 qua:
1899 4326 2027 4366 cor—

2126 1839 2235 1895 τοῦ
2262 1843 2514 1910 Πατρός,
2547 1845 2648 1898 καί
2679 1845 2786 1900 τοῦ
2843 1847 2978 1901 Υίοῦ
2999 1889 3015 1912 ,
3048 1849 3146 1902 καὶ
3176 1847 3283 1901 τοῦ
3320 1847 3495 1917 ἁγίου
3520 1849 3706 1901 Uret}-

2121 1949 2332 2001 ματος,
2361 1934 2447 1988 ἵνα
2487 1936 2766 2006 ὀνομάτων
2793 1938 3229 2010 προσακούοντες
3265 1939 3373 1992 ἀπὸ
3407 1937 3516 1992 τῶν
3547 1955 3704 2008 φυσι-

2127 2023 2261 2088 κῶν,
2293 2023 2372 2096 [ἐν
2402 2022 2506 2098 οἷς]
2537 2027 2626 2080 τὸν
2655 2029 2874 2101 Πατέρα
2903 2030 3073 2084 αἴτιον
3099 2031 3289 2101 ὁμοίας
3323 2030 3487 2084 αὐτοῦ
3516 2029 3704 2094 οὐσίας

2125 2115 2416 2187 ἐννοῶμεν,
2455 2120 2549 2172 καὶ
2576 2120 2636 2173 τὸ
2673 2120 2842 2191 ὖνομα
2867 2121 2960 2174 τοῦ
3007 2120 3138 2174 Υίοῦ
3167 2121 3460 2185 ἀκούοντες
3479 2161 3493 2185 ,
3521 2122 3704 2192 ὅμοιον

2127 2209 2410 2280 νοήσωμεν
2451 2211 2543 2265 τὸν
2576 2212 2704 2266 Υίὸν
2752 2213 2846 2267 τοῦ
2888 2213 3134 2284 Πατρδς,
3185 2208 3246 2268 οῦ
3281 2215 3428 2268 ἐστιν
3485 2217 3515 2268 ὀ
3553 2215 3700 2277 Υἱός.

2140 2299 2572 2373 Ἐπιστεύσαμεν
2609 2298 2703 2356 οῦν
2745 2304 2826 2367 είς
2873 2304 3113 2375 Πατέρα,
3142 2305 3236 2358 καὶ¹
3253 2304 3399 2369 Υίὸν,
3426 2305 3521 2356 καὶ
3549 2303 3706 2371 ἅγιον

2125 2386 2373 2458 Πνεῦμα,
2402 2389 2500 2442 οὐκ
2527 2391 2608 2453 είς
2633 2390 2856 2461 κτίστην
2882 2391 2977 2444 καὶ
3003 2393 3227 2464 κτίσμα.
3262 2393 3423 2446 Ἀλλο
3445 2392 3555 2462 γάρ
3585 2394 3704 2446 ἐστι

2127 2479 2352 2551 κτίστης
2377 2480 2468 2534 καὶ
2507 2481 2740 2552 κτίσμα,
2778 2483 2906 2536 ἀλλο
2949 2484 3139 2554 Πατὴρ
3188 2483 3284 2537 καὶ
3323 2486 3352 2538 ὁ
3381 2485 3542 2548 Υἱός⁶
3569 2482 3703 2537 διότι

2127 2570 2454 2650 κεχώρισται
2509 2573 2714 2628 τούτων
2783 2574 3043 2647 ἑκάτερον
3097 2577 3162 2647 τῇ
3213 2575 3414 2646 ὲννοία.
3462 2574 3536 2628 Τὸ
3592 2573 3702 2646 γὰρ

2127 2653 2332 2732 κτίσμα
2366 2663 2560 2732 λέγων,
2589 2665 2806 2736 πρῶτον
2849 2667 3072 2737 κτίστην
3103 2666 3267 2737 φημί.
3303 2667 3415 2720 Καὶ
3447 2662 3664 2730 τδ,Υίδς
3686 2706 3701 2729 ,

2126 2755 2203 2818 ὡς
2251 2755 2360 2808 ἀπὸ
2397 2757 2724 2827 σωματικῶν
2767 2758 3338 2832 προσλαμϐανόμενον,
3379 2758 3474 2812 καὶ
3515 2757 3603 2812 διὰ
3633 2757 3705 2811 τὰ

2128 2846 2277 2918 πάθη
2320 2848 2415 2901 καὶ
2456 2848 2553 2912 τὰς
2592 2850 2894 2922 ἀπορροίας
2938 2850 3048 2905 τῶν
3093 2848 3420 2920 σωματικῶν
3451 2849 3703 2921 πατέρων

2129 2939 2223 2992 καὶ
2251 2941 2380 2994 υἱῶν
2415 2941 2668 3013 καθαρῶς
2709 2945 2789 3006 εἰς
2820 2942 2920 3014 τὴν
2950 2943 3042 2996 τοῦ
3067 2940 3128 3008 ἐξ
3153 2942 3449 3014 ἀσωμάτου
3488 2941 3703 3012 Πατρὸς

2129 3031 2421 3102 ἀσωμάτου
2469 3031 2601 3085 Υίοῦ
2643 3032 2873 3104 ὕπαρξιν
2905 3031 3118 3106 ἵστησιν
3149 3032 3380 3087 ἔννοιαν.
3415 3033 3516 3086 Διά
3545 3030 3706 3084 τοῦτο

2084 3111 2096 3132 ⁸
2130 3124 2224 3177 καὶ
2252 3123 2350 3196 τὴν
2388 3125 2481 3178 τοῦ
2513 3125 2812 3194 κτίσματος
2863 3125 2969 3179 ἀπὺ
3012 3125 3326 3196 σωματικοῦ
3365 3122 3704 3198 παρέπλεξεν

2129 3214 2356 3268 ἔννοιαν.
2399 3217 2508 3270 Καὶ
2536 3217 2721 3287 ἐπειδὴ
2749 3216 2809 3269 τὸ
2841 3218 3046 3287 κτίσμα
3073 3217 3104 3269 ὃ
3133 3218 3276 3270 ποιεῖ
3304 3216 3324 3247 ³
3356 3215 3482 3268 Υίὺν
3519 3213 3702 3284 μόνον,

2127 3304 2236 3359 ἀπὸ
2258 3306 2350 3360 τοῦ
2382 3306 2597 3359 κτίστου
2629 3305 2837 3361 καὶτοῦ
2868 3306 3165 3376 κτίσματος
3195 3303 3375 3358 λαϐὼν
3403 3303 3465 3357 τό
3498 3301 3706 3364 ἀπαθὲς

2130 3397 2223 3452 τοῦ
2243 3398 2540 3462 κτίζοντος,
2563 3398 2638 3462 ὡς
2658 3399 2792 3471 πρὸς
2805 3398 2866 3450 τὸ
2888 3399 3116 3469 κτίσμα,
3142 3395 3351 3450 καὶτοῦ
3379 3395 3699 3466 κτίσματος,

2131 3490 2192 3543 τὸ
2221 3488 2281 3554 ἐξ
2308 3487 2551 3552 ἀπαθοῦς
2577 3487 2671 3542 τοῦ
2719 3489 2995 3554 κτίζοντος
3024 3487 3334 3558 ὑφεστῶτος
3365 3485 3562 3553 πάγιον
3589 3483 3707 3538 κτί-

2135 3581 2262 3647 ζων,
2297 3580 2546 3635 ἐϐούλετο
2569 3580 2590 3611 ⁵
2616 3580 2824 3634 τελείαν
2851 3583 2914 3633 ὲκ
2960 3579 3056 3633 τοῦ
3105 3575 3416 3650 σωματικοῦ
3494 3577 3700 3650 πατρὸς

2136 3673 2234 3727 καὶ
2283 3674 2496 3742 υίὸυ,ὲκ
2526 3671 2838 3743 σωματικοῦ
2875 3673 3092 3725 κτίστου
3121 3673 3215 3725 καὶ
3243 3669 3563 3739 κτίσματος,
3599 3667 3702 3736 τὴν

2130 3764 2261 3835 ἰτερῖ⁵
2307 3765 2521 3836 Πατρδς
2562 3764 2656 3816 καὶ
2696 3764 2828 3818 Υίοῦ
2881 3763 3136 3835 καθαρῶς
3185 3763 3332 3834 ἡμᾶς
3384 3757 3706 3813 ἐπαίδευσεν

2131 3856 2358 3910 ἔννοιαν.
2398 3856 2830 3928 Ἀφαιρουμένου
2869 3856 2980 3927 γὰρ
3009 3857 3117 3908 ἀπὸ
3160 3854 3255 3908 τοῦ
3284 3853 3584 3924 κτίσματος
3611 3847 3704 3902 τοῦ

2132 3963 2190 3999 τε
2224 3946 2420 4010 ἔξωθεν
2448 3947 2755 4017 ὑφεστῶτος
2779 3948 2872 4001 καὶ
2903 3949 2996 4003 τοῦ
3024 3945 3230 4008 ὑλικοῦ,
3257 3947 3352 3998 καὶ
3374 3943 3484 3996 τῶν
3509 3941 3702 4004 ἄλλων,

2133 4039 2235 4092 ὅσα
2263 4039 2391 4109 περὶ
2419 4039 2440 4070 ⁵
2487 4039 2799 4110 σωματικοῦ
2827 4039 3123 4111 κτίσματος
3157 4038 3218 4092 τὸ
3245 4037 3416 4106 ὄνομα
3443 4033 3705 4105 περιέχει,

2139 4131 2276 4200 μόνη
2305 4131 2416 4184 ἀπὸ
2438 4130 2534 4183 τοῦ
2579 4129 2878 4200 κτίσματος
2909 4129 3059 4201 μένει
3088 4129 3122 4200 ἡ
3149 4126 3390 4197 ἀπαθὴς,
3419 4124 3584 4195 φημὶ,
3611 4117 3705 4174 τοῦ

2133 4222 2452 4292 κτίσματος,
2477 4223 2572 4275 καὶ
2597 4221 2780 4274 τελεία
2812 4221 2905 4275 τοῦ
2933 4221 3273 4290 κτιζομένου,
3301 4219 3393 4272 καὶ
3413 4217 3472 4272 ὃν
3497 4217 3517 4248 ⁶
3544 4213 3709 4287 ἠϐού-

2133 4313 2256 4366 λετο
2287 4316 2316 4366 ὀ
2349 4314 2546 4377 κτίζων
2577 4313 2855 4377 κτίζεσθαι
2886 4313 2948 4366 τὸ
2979 4311 3315 4382 κτιζόμενον,
3347 4310 3545 4364 ἔννοια.

456 4420 631 4474 porcae
677 4412 944 4460 creatura:
981 4407 1270 4477 appellatio
1298 4405 1564 4468 continet,
1609 4406 1724 4460 sola
1763 4405 2022 4473 deinceps
2075 4405 2347 4476 supererit
2398 4419 2427 4457 a
2469 4406 2726 4474 passione
2767 4415 2974 4460 remota
3015 4403 3366 4475 perfectaque
3417 4406 3705 4463 creaturae,

455 4497 684 4565 ejusque
718 4513 878 4567 quem
913 4507 1129 4553 creator
1158 4498 1437 4568 procreari
1465 4497 1720 4559 voluerit,
1749 4496 1921 4550 notio.

527 4591 583 4645 Si
621 4593 784 4663 igitur
812 4610 840 4647 a
881 4602 1129 4648 creatore
1170 4600 1224 4646 et
1253 4601 1505 4648 creatura
1554 4589 1856 4662 segregatis
1902 4589 2026 4644 reli-

2205 4582 2266 4634 Εί
2293 4575 2385 4633 οὖν
2412 4581 2518 4633 ἀπὸ
2542 4581 2634 4634 τοῦ
2660 4582 2878 4635 κτίστου
2905 4581 2997 4634 καὶ
3021 4579 3116 4632 τοῦ
3151 4579 3446 4652 κτίσματος
3475 4581 3544 4636 τὰ
3575 4583 3712 4639 ἄλλα

455 4686 608 4754 quis.
656 4687 875 4739 unicam
937 4685 1083 4739 illam
1140 4685 1416 4738 notionem
1475 4681 1809 4751 deligamus,
1847 4696 1954 4750 qua
2000 4695 2030 4733 a

459 4777 736 4848 passionis
769 4786 992 4847 experte
1023 4774 1395 4846 perfectoque,
1437 4789 1502 4829 ac
1542 4774 1724 4830 stabili
1765 4780 2032 4834 creatore,

457 4877 512 4922 et
558 4866 824 4936 ejusmodi
873 4867 1146 4937 denique,
1194 4865 1500 4935 cujusmodi
1555 4873 1862 4918 creaturam
1913 4878 2039 4918 esse

459 4961 652 5021 voluit,
687 4959 988 5014 derivatam
1020 4959 1167 5012 illam
1203 4959 1570 5028 concipimus,
1607 4957 1776 5028 849
1803 4973 2038 5011 consen-

461 5061 679 5105 laneum
719 5058 824 5113 est,
853 5061 911 5104 ut
947 5066 1014 5105 ex
1043 5049 1223 5104 Patris
1247 5048 1481 5120 Filiique
1509 5052 1760 5116 vocibus,
1789 5050 2037 5119 quando-

460 5140 680 5209 quidem
708 5140 764 5194 in
791 5139 1032 5205 Patrem,
1065 5155 1130 5193 ac
1161 5139 1358 5193 Filium
1390 5141 1614 5195 credere
1651 5142 1922 5210 praecipue
1950 5139 2034 5193 di-

459 5232 719 5296 dicimus,
752 5232 1022 5295 eamdem,
1062 5239 1119 5286 ut
1155 5233 1274 5301 pios
1306 5247 1369 5285 ac.
1403 5233 1691 5302 religiosos
1729 5231 1905 5295 decet,
1938 5247 2035 5284 Lu—

459 5321 639 5374 t'ttiatn
671 5321 1013 5373 ltauriamus.

532 5410 616 5464 IV.
661 5411 1024 5478 Quamobrem
1058 5412 1103 5467 si
1132 5413 1184 5466 in
1222 5429 1280 5468 re
1309 5416 1608 5484 proposita,
1640 5415 1690 5467 in
1728 5412 1886 5468 Patre
1913 5412 2031 5465 dis-

459 5516 771 5568 cernentes,
821 5503 872 5556 id
917 5504 1061 5573 quod
1113 5504 1388 5558 adhzcrere
1435 5505 1592 5570 solet,
1638 5512 1694 5557 ιιι
1733 5520 1854 5557 cum
1899 5519 2034 5572 qua-

535 5680 555 5752 :
588 5679 839 5752 "Thess.
871 5700 929 5747 ll,
971 5683 1021 5736 πί.
1100 5684 1120 5714 ³
1155 5681 1343 5737 Matth.
1378 5699 1570 5749 xxvm,
1617 5683 1701 5738 19.

466 5751 487 5782 ⁸
517 5748 580 5804 F.
611 5748 736 5802 οἷον.

1782 5684 1800 5714 ³
1836 5680 1894 5736 ιε’.
1932 5682 1988 5734 οὐ
2018 5681 2176 5732 ποιεῖ.

2138 4672 2298 4726 πάλιν
2342 4671 2691 4734 ἐκϐάλλοντες
2712 4712 2728 4734 ,
2760 4672 2861 4741 τὴν
2908 4669 2968 4735 ἐξ
2997 4669 3242 4733 ἀπαθοῦς
3269 4668 3363 4722 τοῦ
3393 4671 3708 4734 κτίζοντος,

2135 4765 2229 4818 καὶ
2258 4764 2463 4817 τελείου
2494 4781 2552 4815 τε
2572 4804 2587 4828 ,
2623 4763 2819 4831 παγίου
2845 4802 2860 4826 ,
2898 4763 2992 4814 καὶ
3020 4757 3131 4815 οἷον
3157 4761 3410 4814 ἐϐούλετο
3454 4757 3595 4815 εἶναι
3646 4763 3710 4817 τὸ

2135 4855 2376 4926 κτίσμα,
2431 4854 2597 4925 μόνην
2655 4853 3075 4924 λαμϐανομένην
3126 4851 3357 4918 ἔννοιαν,
3415 4853 3708 4908 ἀκόλουθόν

2142 4950 2291 5000 ἐστιν
2307 4945 2414 4999 ἀπὸ
2440 4945 2534 4998 τοῦ
2564 4945 2777 5017 Πατρὺς
2806 4946 2899 4998 καλ¹
2926 4942 3021 4996 τοῦ
3043 4943 3174 4996 Υίοῦ
3197 4944 3499 5014 ὀνομάτων,
3521 4946 3706 5020 ἐπειδὴ

2139 5040 2371 5110 μάλιστα
2397 5042 2476 5101 εἰς
2503 5039 2720 5107 Πατέρα
2752 5039 2846 5090 καὶ
2871 5037 2997 5089 Υἱὸν
3025 5036 3302 5089 πιστεύειν
3329 5038 3704 5110 ἐδιδάχθημεν.

2133 5134 2278 5186 Μίαν
2316 5129 2407 5186 οῦν
2435 5149 2554 5185 τινα
2586 5130 2823 5194 εὐσεϐῶς
2855 5130 3145 5200 λαμϐάνειν
3189 5133 3337 5201 ἡμᾶς
3364 5130 3572 5186 ἔννοιαν
3606 5133 3706 5186 δεῖ.

2209 5406 2281 5459 Δ⁹.
2323 5404 2412 5456 Διὸ
2449 5404 2543 5455 καὶ
2580 5401 2672 5453 ἐπὶ
2706 5400 2879 5469 τούτῳ
2919 5397 3314 5467 ὲκϐαλλομένου
3355 5395 3448 5449 τοῦ
3481 5395 3622 5448 κατά
3650 5395 3710 5447 τὸ
3795 5389 3801 5394 ’

2141 5499 2346 5562 πάθος,
2382 5497 2415 5566 ἢ
2461 5493 2772 5566 ἀπορροὴν,
2815 5491 2906 5544 τὸν
2954 5491 3176 5561 Πατέρα
3221 5490 3432 5561 πατέρα
3473 5486 3708 5541 νοεῖσθαι

2252 5677 2270 5706 ⁵
2300 5673 2358 5730 F.
2398 5675 2490 5727 καὶ
2524 5668 2632 5727 οἷον
2666 5671 2934 5735 ἐϐούλετο,
2993 5677 3049 5722 ιιι
3077 5666 3238 5721 infra.
3319 5670 3338 5698 ⁵
3374 5667 3431 5721 F.
3473 5669 3703 5742 ὅσαπερ.
