4134 6386
395 404 500 462 ιω

1027 404 1399 463 ADVERSUS
1438 405 1780 464 lleltESES
1813 408 1944 465 LlB.

2060 455 2074 468 .
2116 411 2282 468 TOM.
2326 410 2456 466 1.-
2493 411 2766 468 ILERES.
2809 412 3042 470 LX-Xlll.

3557 426 3659 483 ιιο

391 525 490 583 τοῦ
519 524 672 592 Υίοΰ,
702 527 797 581 καὶ
815 529 909 581 τὸν
935 526 1068 580 Υίδν
1103 525 1178 598 μὴ
1217 528 1606 599 σπερματικῶς
1633 529 1955 604 καταϐεϐλη·

2079 531 2203 588 dam
2233 532 2540 597 affectione,
2583 531 2962 604 proﬂuvioque
3008 531 3132 588 Filii
3190 545 3344 600 pater
3390 536 3660 613 intelliga.

395 619 558 690 μένον
601 625 936 690 σωματικαῖς
981 619 1198 688 φύσεως
1231 619 1606 687 τελειοῦσθαι,
1656 622 1750 676 xui
1789 638 1972 676 κινου-

393 713 577 784 μένοις
599 713 688 766 usi
715 712 854 784 πρὸς
882 711 1052 784 αὐξην
1083 712 1179 765 καὶ
1227 711 1434 783 φθορὰν
1455 753 1472 777 ,
1497 711 1574 776 ὡς
1595 712 1664 766 τὰ
1684 715 1970 784 σωματικά

390 805 535 876 ἔχειν
580 807 708 869 τοὺς
747 805 1134 877 χαρακτῆρας,
1176 805 1310 876 μόνη
1342 805 1831 879 παραληφθήσεται
1880 807 1969 862 ἐν·

387 913 510 951 νοια
541 897 636 951 τοῦ
666 897 876 968 ὁμοίου.
915 897 1004 960 Ὠς
1027 897 1136 968 γὰρ
1166 895 1275 950 ἀπὸ
1307 896 1403 952 τοῦ
1443 898 1772 968 κτίσματος,
1807 898 1971 954 πάλιν

389 988 646 1062 ἐροῦμεν,
680 989 898 1043 πάντων
936 988 1373 1060 ἐκϐεϐλημένων,
1407 990 1730 1061 παρελήφθη
1767 993 1800 1060 ἡ
1825 991 1970 1046 άπα-

387 1081 488 1153 θὴς
529 1082 627 1153 μὲν
654 1080 750 1136 τοῦ
797 1080 1102 1145 κτίζοντος,
1136 1080 1316 1133 τελεία
1340 1122 1354 1145 ,
1384 1081 1480 1132 xui
1525 1079 1644 1134 οἵαν
1683 1078 1965 1151 ἠϐούλετο,

386 1175 482 1228 καὶ
537 1175 571 1245 ὴ
623 1172 797 1242 παγία
831 1172 928 1226 τοῦ
979 1172 1278 1242 κτίσματος
1312 1187 1328 1202 ·
1383 1170 1526 1225 οὕτω
1575 1171 1670 1225 καὶ
1723 1173 1816 1225 ἐπὶ
1869 1173 1964 1226 τοῦ

387 1265 599 1336 Πατρὸς
631 1265 727 1320 καὶ
781 1264 914 1318 Υίοῦ
935 1304 949 1328 ,
1008 1261 1421 1335 ἐκϐεϐλημένων
1470 1263 1578 1317 τῶν
1633 1263 1967 1335 σωματικῶν

387 1358 638 1422 πάντων,
676 1355 1168 1429 παραληφθήσεται
1219 1359 1354 1428 μόνη
1388 1360 1422 1428 ἡ
1473 1357 1660 1427 ὁμοίου
1701 1354 1796 1411 καὶ
1843 1357 1964 1412 κατ’

382 1451 571 1505 οὐσίαν
597 1449 737 1516 ζώου
757 1450 1156 1522 γενεσιουργία.
1185 1449 1406 1519 Ἐπειδὴ
1433 1451 1540 1512 πᾶς
1565 1449 1746 1520 πατὴρ
1771 1447 1964 1518 ὁμοίας

381 1542 572 1604 οὐσίας
607 1542 774 1596 αὐτοῦ
806 1544 1004 1595 νοεῖταί
1032 1543 1235 1612 πατήρ.
1267 1541 1330 1594 Ei
1363 1540 1420 1593 δὲ
1455 1539 1593 1608 μετὰ
1620 1539 1728 1593 τῶν
1761 1539 1965 1593 λοιπῶν

2073 629 2196 689 ιιιι·;
2229 630 2286 678 et
2314 619 2514 676 Filium
2545 621 2697 676 nullo
2734 625 2946 679 semine
2990 635 3346 698 propagatum
3381 631 3659 701 concipia-

2073 727 2195 767 mus
2239 713 2457 781 animo;
2492 727 2672 783 neque
2700 714 2994 782 ejusmodi,
3030 723 3089 769 ut
3121 719 3402 787 corporeis
3449 729 3658 778 naturae

2069 804 2286 861 viribus
2319 805 2619 869 adolescat,
2660 814 2716 861 et
2766 804 2836 860 ad
2885 807 3305 873 incrementum,
3350 815 3630 883 corruptio

2069 907 2307 964 nemque
2340 893 2582 950 vicissim
2613 902 2881 960 transeat,
2906 910 3027 966 quae
3055 905 3185 952 sunt
3207 899 3441 969 prepriae
3471 917 3655 958 rerum

2069 999 2459 1056 corporearum
2511 993 2655 1040 notae
2698 1003 2714 1040 :
2761 987 2866 1049 his,
2919 987 3165 1057 inquam,
3219 990 3655 1065 circumscriptis

2068 1076 2346 1144 omnibus,
2381 1076 2516 1132 nihil
2557 1085 2758 1148 praeter
2791 1078 2990 1135 similis
3034 1081 3314 1135 notionem
3345 1081 3652 1143 habebitur.

2068 1165 2141 1224 Ut
2169 1169 2315 1224 enim
2359 1183 2485 1224 cum
2523 1183 2552 1223 a
2583 1177 2836 1224 creatura
2880 1171 3028 1241 (nam
3063 1170 3116 1225 id
3153 1171 3334 1228 denuo
3387 1186 3658 1246 repetem-

2067 1261 2199 1316 dum
2242 1261 2347 1331 est)
2381 1263 2717 1318 exclusimus
2758 1264 2963 1328 omnia,
3001 1280 3171 1319 unum
3219 1267 3355 1322 illud
3410 1273 3654 1342 sumpsi-

2067 1367 2224 1408 mus:
2257 1354 2313 1409 in
2343 1362 2610 1420 creatore;
2626 1352 2844 1426 quidem
2878 1363 3081 1410 statum
3108 1356 3396 1426 quemdam
3443 1364 3656 1432 passio-

2065 1446 2152 1502 nis
2179 1456 2490 1516 expertem;
2526 1447 2580 1501 in
2609 1457 2860 1502 creatura
2899 1463 3031 1503 vero
3075 1449 3396 1519 perfectam,
3431 1462 3486 1508 et
3515 1471 3654 1524 qua-

2065 1537 2170 1592 lem
2203 1536 2457 1591 conditor
2481 1537 2676 1602 voluit,
2711 1551 2776 1592 ac
2805 1539 3038 1594 solidam
3067 1549 3276 1596 naturae
3304 1544 3649 1613 qualitatem:

2025 1652 2042 1668 -
2079 1628 2159 1682 sic
2194 1628 2248 1682 in
2304 1626 2521 1683 Patrem
2561 1634 2615 1683 et
2659 1627 2882 1692 Filium,
2929 1633 3210 1701 corporeis
3247 1636 3503 1690 omnibus
3537 1652 3655 1692 am-

2065 1719 2294 1789 putatis,
2336 1721 2502 1776 unica
2552 1721 2770 1784 similis,
2795 1721 2937 1791 quod
2987 1723 3055 1777 ad
3087 1726 3385 1780 essentiam
3434 1728 3650 1794 attinet,

384 1632 639 1685 ἁπάντων
665 1671 680 1696 ,
716 1629 779 1684 ἐκ
810 1648 871 1684 τε
926 1629 1022 1685 τοῦ
1077 1630 1284 1702 πατρὸς
1317 1629 1411 1683 καὶ
1459 1627 1577 1681 υίοῦ
1635 1628 1965 1699 σωματικῶν

380 1724 662 1795 ὀνομάτων
693 1723 1108 1794 ἐκϐαλλομένων
1136 1721 1353 1776 ἐννοιῶν
1373 1760 1388 1784 ,
1431 1719 1841 1775 συνεκϐάλλοιτο
1869 1721 1965 1774 καὶ

379 1819 412 1887 ή
455 1816 615 1886 ὁμοία
649 1817 767 1870 κατ’
811 1815 999 1869 οὐσίαν
1032 1813 1172 1879 ζὼου
1215 1814 1430 1886 Πατρὸς
1479 1814 1796 1886 παρέχουσα
1828 1815 1955 1886 ἡμῖν

2065 1810 2320 1866 animalis
2353 1811 2638 1880 generatio
2681 1810 3036 1867 transfertur.
3070 1811 3234 1870 Pater
3267 1816 3412 1870 enim
3450 1817 3536 1873 sui
3572 1819 3648 1872 si-

377 1885 559 1974 νοεῖν,
609 1907 793 1962 οὐκέτι
832 1907 986 1962 ἔσται
1026 1909 1217 1980 Πατὴρ
1267 1885 1362 1961 xui
1390 1906 1519 1970 Υίδς
1552 1885 1955 1976 πιστευόμενος,

2065 1901 2212 1956 milis
2266 1902 2592 1958 substantiae
2659 1912 2811 1974 pater
2845 1919 2875 1957 a
2921 1905 3081 1960 nobis
3116 1907 3460 1978 intelligitur.
3495 1910 3651 1976 Quod

377 1993 516 2048 ἀλλὰ
567 1994 794 2066 κτίστης
848 1995 944 2048 xui
998 1996 1205 2066 κτίσμα
1231 2036 1248 2062 ,
1297 1996 1391 2049 καὶ
1431 1992 1663 2066 περιττὰ
1697 1994 1955 2066 ὀνόματα,

2058 1994 2240 2048 siuna
2281 2008 2410 2050 cum
2449 1995 2666 2050 caeteris
2716 1996 2976 2052 omnibus
3033 1998 3374 2067 nolionibus,
3421 2018 3542 2072 qua:
3583 2019 3652 2058 ex

380 2085 550 2156 μηδὲν
573 2087 702 2158 παρ’
738 2087 945 2142 ἑαυτῶν
977 2089 1362 2160 είσφερόμενα.

2068 2084 2242 2152 patris
2274 2091 2330 2140 et
2391 2082 2484 2139 lilii
2530 2085 2849 2142 nominibus
2879 2102 3270 2157 corporearum
3311 2106 3495 2145 rerum
3524 2109 3652 2163 pro-

375 2179 516 2250 priis
551 2181 884 2250 c0gitatione
914 2181 1308 2252 praedicuntur,
1357 2189 1570 2238 naturae
1607 2195 1828 2254 quoque
1861 2177 2116 2233 animalis
2155 2192 2280 2232 cutn
2338 2175 2501 2232 Patre
2562 2177 2866 2233 similitudo
2915 2180 3156 2248 tollatur,
3214 2199 3245 2237 e
3289 2199 3396 2253 qua
3441 2183 3646 2240 intelli-

377 2270 538 2341 gendi
591 2274 856 2328 rationem
901 2287 1120 2329 omnem
1156 2274 1432 2342 ducimus,
1458 2273 1676 2330 Patrem
1723 2271 1961 2343 amplius
1990 2270 2226 2329 nullum.
2260 2275 2356 2322 aut
2387 2266 2587 2323 Filium
2617 2285 2741 2326 esse
2781 2269 3100 2328 credemus:
3167 2273 3264 2330 sed
3319 2284 3646 2346 creatorem,

373 2381 442 2422 ac
483 2378 813 2435 creaturam,
852 2379 905 2425 et
957 2385 1365 2441 supervacanea
1410 2371 1660 2442 quaedam
1704 2372 1952 2433 nomina,
1987 2381 2110 2439 qua:
2139 2364 2277 2420 nihil
2308 2381 2406 2436 per
2435 2366 2620 2436 seipsa
2655 2366 2966 2424 conferant.

445 2487 557 2540 Καὶ
587 2485 738 2540 ἔσται
773 2485 947 2552 οὕτως
975 2487 1199 2560 κτίστης
1237 2488 1337 2560 μὲν
1365 2489 1442 2552 ὡς
1472 2489 1624 2557 Θεὸς,
1657 2490 1775 2543 κατ’
1801 2488 1955 2542 οὐδὲν

2132 2483 2211 2539 lta
2245 2484 2335 2539 llet
2367 2491 2426 2538 ut
2472 2483 2614 2540 Deus
2650 2493 2869 2540 creator
2897 2487 2990 2554 sit,
3037 2502 3139 2543 nec
3191 2488 3300 2543 ulla
3337 2497 3517 2546 tamen
3562 2509 3651 2547 ra-

371 2579 510 2643 ὅλως
541 2581 749 2653 Πατήρ.
784 2581 906 2635 Ὀτι
932 2580 1040 2654 γὰρ
1069 2582 1168 2635 οὐκ
1205 2583 1484 2655 ἐνεργείας
1527 2582 1744 2652 λέγεται
1767 2581 1955 2654 Πατὴρ

2061 2578 2213 2634 tione
2247 2577 2319 2632 sit
2349 2576 2529 2632 Pater.
2565 2576 2720 2642 Quod
2750 2578 2897 2633 enim
2942 2578 3102 2635 Pater
3126 2596 3235 2634 non
3269 2581 3442 2652 ipsius
3479 2585 3650 2640 actio-

371 2671 402 2722 ὁ
436 2671 661 2742 Πατὴρ,
697 2671 812 2724 ἀλλ’
853 2672 1045 2743 ὁμοίας
1094 2672 1271 2742 ἐαυτῷ
1304 2673 1492 2737 οὐσίας
1525 2673 1624 2745 τῆς
1675 2673 1818 2727 κατὰ
1854 2673 1955 2744 τὴν

2061 2671 2168 2737 nis,
2203 2671 2298 2726 sed
2333 2677 2545 2726 naturae
2585 2671 2874 2738 cujusdam
2922 2671 3144 2736 similis,
3191 2689 3313 2744 quae
3358 2691 3455 2746 per
3501 2677 3648 2732 illam

371 2763 582 2818 τοιάνδε
610 2765 888 2836 ἐνέργειαν
917 2765 1261 2837 ὑποστάσης,
1295 2766 1453 2837 δῆλον
1483 2769 1548 2821 ἐκ
1579 2766 1687 2821 τῶν
1711 2767 1955 2837 φυσικῶν

2062 2761 2335 2816 actionem
2369 2762 2612 2826 exsistit,
2648 2761 2810 2817 Pater
2843 2763 3168 2834 appelletur,
3199 2768 3482 2824 naturales
3518 2770 3650 2840 ipsa:

371 2857 681 2928 καθέστηκε
731 2857 1024 2930 λογισμῶν.
1061 2859 1268 2924 Πολλὰς
1306 2860 1416 2932 γὰρ
1445 2861 1723 2932 ἐνεργείας
1757 2860 1895 2932 ἔχων
1926 2863 1954 2916 ὁ

2065 2853 2308 2908 rationes
2374 2853 2656 2910 evidenter
2705 2855 3023 2910 ostendunt.
3079 2853 3216 2910 Nam
3277 2872 3402 2912 cum
3475 2865 3648 2919 multa

367 2950 525 3015 Θεὸς,
558 2950 692 3024 ἄλλῃ
726 2951 822 3022 μὲν
849 2950 1098 3023 ἐνεργείᾳ
1120 2953 1344 3024 κτίστης
1374 2956 1593 3018 νοεῖται,
1625 2953 1760 3007 καθὸ
1791 2956 1955 3026 οὐρα-

2059 2965 2228 3020 penes
2260 2947 2428 3004 Deum
2458 2949 2740 3004 actionum
2789 2964 2989 3020 genera
3034 2953 3164 3014 sint,
3203 2951 3308 3005 alia
3343 2960 3428 3008 est
3477 2955 3646 3018 actio,

368 3042 463 3096 νοῦ
495 3043 591 3096 xui
619 3043 743 3113 γῆς,
776 3043 869 3096 xui
909 3044 1125 3097 πάντων
1157 3043 1266 3097 τῶν
1294 3046 1351 3097 ἐν
1386 3045 1597 3110 τούτοις
1621 3062 1636 3077 ο
1679 3045 1818 3100 ἀλλὰ
1855 3047 1951 3100 καὶ

2057 3055 2166 3112 qua
2195 3050 2500 3097 creatorem
2541 3041 2920 3114 intelligimus,
2961 3051 3232 3112 quatenus
3281 3045 3408 3099 cmli
3446 3053 3641 3101 terrm-

367 3133 479 3189 τῶν
514 3135 762 3206 ἀοράτων
795 3135 1018 3208 κτίστης
1047 3137 1182 3192 ἐστί.
1213 3138 1404 3210 Πατὴρ
1425 3138 1482 3192 δὲ
1510 3140 1847 3210 Μονογενοῦς
1873 3141 1950 3195 ῶν

2056 3151 2184 3206 que.
2219 3141 2273 3192 ct
2306 3149 2428 3205 quae
2470 3135 2556 3190 his
2602 3135 2959 3190 continentur
3004 3136 3273 3201 omnium,
3321 3153 3536 3193 necnon
3583 3147 3642 3193 et

365 3226 468 3298 οὐχ
518 3225 593 3290 ὡς
621 3226 880 3298 κτίστης,
926 3227 1041 3281 ἀλλ’
1074 3227 1151 3293 ὡς
1206 3229 1388 3302 πατὴρ
1427 3233 1694 3302 γεννήσας
1727 3235 1946 3289 νοεῖται.

2056 3241 2247 3282 eorum
2287 3242 2410 3298 quae
2439 3225 2615 3281 videri
2656 3222 2958 3296 nequeunt,
2991 3236 3210 3283 creator
3237 3236 3342 3284 est.
3379 3228 3646 3286 Eumdem

367 3317 433 3370 El
457 3316 514 3370 δέ
562 3317 650 3370 διὰ
699 3317 798 3390 τὴν
850 3319 1106 3374 ὑπόνοιαν
1136 3321 1235 3392 τὴν
1273 3298 1401 3395 περὶ
1438 3298 1951 3395 ⁷τοὺς-σωματικοὺς

2055 3334 2186 3374 vero
2215 3318 2365 3373 unici
2389 3317 2511 3373 Filii
2549 3328 2832 3389 parentem
2882 3333 2996 3374 non
3029 3327 3289 3390 tanquam
3318 3329 3642 3386 creatorem,

367 3408 612 3481 πατέρας
639 3427 698 3462 τε
729 3410 824 3463 xui
849 3412 1018 3480 υἱοὺς,
1051 3412 1159 3466 τῶν
1184 3413 1370 3467 παθῶν
1399 3415 1585 3480 δεδιὼς
1620 3419 1776 3489 μή,τι
1799 3419 1949 3494 πάθῃ

366 3500 575 3572 γεννῶν
607 3503 636 3555 ὁ
679 3502 970 3574 ἀσώματος
994 3545 1008 3568 ,
1042 3507 1090 3558 εί
1127 3505 1202 3578 μὴ
1228 3507 1417 3572 ἀτελὲς
1456 3510 1540 3581 εἴη
1570 3509 1630 3564 τὸ
1670 3510 1946 3583 γεννώμε·

367 3609 479 3659 νον,
509 3595 605 3649 καὶ
651 3597 751 3649 ὅσα
797 3596 1083 3668 συμϐαίνει
1113 3599 1242 3670 περὶ
1267 3598 1358 3653 τὸν
1391 3602 1703 3672 σωματικὸν
1735 3603 1950 3674 πατέρα

365 3702 426 3738 τε
457 3688 552 3740 xui.
593 3689 707 3744 υἱὸν
731 3688 1149 3760 εὐλαϐούμενος,
1183 3691 1436 3761 ἀφέλοιτο
1471 3693 1570 3764 τὴν
1603 3694 1830 3765 γνησίαν
1854 3695 1949 3749 ἐπὶ

367 3779 581 3852 Πατρὸς
611 3783 704 3835 καὶ
756 3780 889 3836 Υἱοῦ
929 3781 1137 3838 ἔννοιαν
1163 3823 1179 3850 ,
1232 3785 1414 3837 ὁποῖον
1466 3782 1531 3838 ἂν
1568 3784 1716 3856 λέγοι
1761 3786 1948 3858 ἕτερον

365 3874 602 3945 ποίημα,
638 3875 732 3928 xui
760 3875 1018 3929 οὐδέποτε
1047 3877 1164 3948 ἐρεῖ
1197 3875 1292 3930 τὸν
1319 3877 1448 3930 Υίὸν
1476 3877 1626 3932 Υίόν.
1677 3878 1802 3931 Εἴτε
1837 3878 1948 3948 γὰρ

370 3965 592 4036 μεγέθει
623 3966 1030 4038 ὑπερϐάλλοντα
1055 3967 1232 4036 λέγοι,
1277 3967 1354 4033 ὡς
1403 3968 1631 4040 οὐρανὸν
1679 3970 1871 4040 ὅρους,
1910 3969 1943 4040 ἢ

368 4058 592 4129 βουνοῦ,
626 4059 720 4112 τοῦ
767 4059 876 4114 τῶν
901 4060 1223 4132 ποιημάτων
1251 4060 1442 4130 γένους
1475 4061 1638 4115 αὑτὸν
1657 4101 1672 4125 ,
1703 4061 1805 4116 κᾶν
1851 4079 1950 4134 με·

365 4150 518 4217 γέθει
574 4149 925 4221 ὑπερϐάλλων
967 4153 1176 4215 νοοῖτο,
1229 4149 1466 4219 ἐλέγξει*
1516 4150 1628 4203 εἴτε
1679 4149 1838 4222 χρείᾳ
1872 4151 1948 4216 ὡς

367 4241 584 4312 πρῶτον
609 4242 770 4295 αὐτὸν
798 4241 1078 4311 γεγονότα.
1114 4243 1223 4295 εἴτε
1261 4244 1342 4305 είς
1367 4241 1465 4312 τὴν
1494 4241 1666 4296 ἄλλων
1689 4242 1949 4314 δημιουρ-

365 4331 496 4400 γίαν
542 4332 963 4405 ὑπουργήσαντα
988 4373 1004 4398 ,
1050 4329 1174 4384 οὔτε
1204 4332 1365 4386 αὑτὸν
1394 4332 1566 4396 οὕτως
1595 4331 1700 4396 ἔξω
1729 4333 1947 4403 ποιήσει

363 4423 470 4494 τῆς
497 4423 606 4476 τῶν
640 4425 959 4494 ποιημάτων
989 4423 1216 4487 ἐννοίας.
1260 4423 1346 4486 Ὠς
1383 4424 1493 4494 γὰρ
1522 4423 1673 4478 οὐδὲν
1703 4423 1947 4494 διαφέρει

365 4519 426 4572 τὸ
471 4521 536 4589 τῇ
576 4517 748 4571 λαϐίδι
797 4519 860 4570 ἐκ
890 4517 983 4570 τοῦ
1017 4517 1402 4590 θυσιαστηρίου
1452 4517 1544 4570 τὸν
1591 4516 1836 4588 ἄνθρακα
1871 4517 1946 4588 μὴ

365 4611 502 4682 αὐτῇ
528 4613 593 4681 τῇ
624 4611 766 4681 χειρὶ
785 4609 1178 4680 λαμϐάνεσθαι,
1203 4611 1296 4663 καὶ
1321 4609 1411 4662 διὰ
1435 4607 1640 4680 ταύτης
1666 4610 1700 4679 ἠ
1725 4607 1949 4678 χαλκευ-

2050 3409 2147 3465 sed
2194 3419 2456 3481 tanquam
2510 3418 2744 3479 patrem,
2801 3410 2896 3481 qui
2934 3411 3147 3482 genuit,
3192 3427 3319 3468 csse
3358 3413 3647 3484 cognosci-

2049 3517 2196 3556 mus.
2227 3499 2430 3558 Verum
2463 3502 2512 3558 si
2559 3509 2786 3573 propter
2815 3502 2988 3570 illam,
3017 3517 3182 3573 quam
3231 3511 3415 3559 mente
3454 3505 3647 3559 conci-

2049 3596 2253 3665 pimus,
2315 3595 2599 3665 corporeis
2655 3594 2988 3666 iupatribus
3057 3609 3125 3650 ac
3175 3590 3304 3652 ﬁliis
3374 3596 3647 3652 conditio-

2046 3699 2172 3738 nem
2229 3683 2584 3755 passionibus
2635 3683 2956 3747 obnoxiam,
2989 3692 3246 3738 vereatur
3304 3683 3528 3754 aliquis,
3573 3699 3646 3738 ne

2049 3775 2097 3831 si
2129 3775 2382 3848 corporis
2407 3792 2604 3847 expers
2644 3775 2788 3833 Deus
2814 3790 3078 3848 generare
3119 3774 3358 3842 dicatur,
3389 3775 3645 3847 quaedam

2047 3868 2098 3923 ei
2130 3867 2406 3922 tribuatur
2434 3866 2673 3934 affectio,
2709 3875 2804 3922 aut
2833 3867 3036 3939 ipsum,
3068 3866 3216 3939 quod
3239 3867 3506 3939 gignitur,
3542 3868 3646 3924 im-

2047 3957 2354 4030 perfectum
2416 3968 2744 4025 censeatur,
2785 3973 2850 4014 ac
2901 3964 3098 4013 caetera
3153 3957 3210 4012 id
3263 3974 3470 4030 genus,
3522 3974 3646 4030 qua:

2053 4062 2323 4119 corporeo
2367 4048 2512 4116 patri
2567 4047 2791 4119 filioque
2819 4048 3172 4114 conveniunt,
3200 4049 3248 4103 si
3281 4048 3358 4114 id,
3393 4049 3642 4120 inquam,

2047 4149 2324 4206 metuens,
2364 4156 2684 4212 germanam
2722 4140 2904 4198 Patris
2951 4158 3016 4198 ac
3066 4139 3192 4196 Filii
3234 4143 3514 4199 notionem
3543 4159 3644 4198 au-

2046 4231 2207 4298 ferat,
2239 4249 2305 4289 eo
2337 4234 2555 4289 demum
2586 4235 2889 4301 relabetur,
2928 4235 3092 4291 talem
3141 4243 3203 4289 ut
3247 4233 3448 4290 Filium
3487 4251 3649 4293 asse-

2046 4334 2152 4388 rat,
2178 4325 2364 4398 qualia
2393 4335 2524 4381 sunt
2561 4327 2780 4398 opificia
2814 4328 3046 4398 reliqua,
3080 4342 3182 4383 nec
3221 4327 3380 4383 illum
3413 4328 3651 4384 omnino

2046 4414 2247 4471 Filium
2307 4417 2562 4488 appellet.
2614 4416 2782 4488 850
2829 4415 3046 4474 Etenim
3095 4419 3214 4476 sive
3266 4421 3652 4493 magnitudine-

2048 4525 2313 4580 superare
2344 4510 2565 4576 dixerit,
2591 4511 3058 4582 quemadmodum
3096 4515 3296 4570 coelum
3324 4523 3510 4572 monte
3540 4515 3652 4571 ali-

2050 4618 2185 4672 quo,
2230 4603 2317 4656 vel
2346 4603 2488 4658 colle
2535 4604 2716 4674 majus
2756 4612 2867 4673 est,
2898 4606 2964 4660 ad
2995 4620 3224 4677 operum
3275 4607 3650 4665 nihilominus.

363 4672 502 4774 τικη
531 4704 546 4733 ⁸
698 4672 1016 4755 ἐπελαύνειν
1049 4701 1140 4754 τὸν
1166 4700 1382 4772 σίδηρον
1408 4717 1422 4732 ο
1461 4672 1613 4754 ἔσται
1780 4700 1875 4754 xui
1911 4701 1944 4770 ἡ

2055 4693 2444 4758 conditionem,
2482 4672 2856 4766 quan—tumvis
2887 4672 3266 4768 magnitudine
3308 4699 3649 4756 antecellere

362 4796 559 4862 λαϐὶς,
593 4797 689 4850 καὶ
727 4796 756 4848 ὁ
809 4794 898 4848 διὰ
942 4795 1146 4866 ταύτης
1195 4793 1550 4864 ἐλαυνόμενος
1585 4793 1804 4864 σίδηρος
1851 4789 1945 4844 τοῦ

363 4889 558 4958 γένους
613 4889 721 4942 τῶν
779 4889 1102 4958 ποιημάτων
1135 4903 1148 4917 ·
1189 4886 1362 4950 οὕτως
1413 4885 1568 4938 οὐδὲν
1594 4885 1782 4938 διοίσει
1835 4885 1946 4940 τῶν

364 4982 687 5054 ποιημάτων
722 4983 749 5034 ὁ
776 4981 844 5034 δι’
876 4975 937 5034 οὗ
964 4980 1033 5033 τὰ
1067 4978 1273 5044 πάντα,
1313 4980 1362 5030 εί
1394 4978 1468 5048 μὴ
1500 4976 1644 5030 ἔστιν
1673 4977 1798 5039 Υἱός
1822 4993 1837 5008 ·
1871 4977 1948 5041 ὡς

361 5077 396 5146 ὴ
451 5074 658 5144 φυσικὴ
707 5073 886 5127 ἔννοια
943 5071 1256 5127 ὑποϐάλλει.
1314 5073 1566 5144 Ποιηθεὶς
1619 5071 1675 5124 δὲ
1731 5070 1946 5141 πρῶτος

361 5168 518 5222 ἔσται
555 5166 666 5219 τῶν
714 5170 1070 5237 ποιημάτων,
1123 5165 1218 5219 καὶ
1269 5165 1500 5235 ὄργανον
1545 5164 1828 5236 γινόμενος
1865 5161 1945 5234 τῷ

365 5260 564 5330 ποιητῇ
590 5297 604 5321 ,
632 5258 699 5311 δι’
727 5253 786 5312 οὗ
822 5257 890 5310 τὰ
915 5257 1092 5310 πάντα
1119 5258 1148 5308 ὁ
1190 5257 1418 5328 κτίστης
1455 5254 1765 5327 ἐργάζεται.

2045 4774 2196 4851 velit,
2227 4787 2480 4842 eumdem
2517 4789 2670 4843 illum
2697 4789 2941 4856 abjiciet.
2979 4789 3106 4846 Sive
3133 4807 3237 4846 usu
3281 4799 3336 4847 et
3369 4792 3651 4861 obsequio-

2048 4892 2310 4951 praestare
2342 4881 2557 4936 caeteris
2579 4881 2730 4947 velit,
2765 4881 2912 4952 quod
2950 4881 3159 4953 reliqua
3179 4883 3365 4938 omnia
3412 4897 3642 4954 praeces-

2056 4971 2211 5035 serit,
2267 4979 2321 5026 et
2377 4971 2686 5026 ad'eorum
2734 4973 3152 5042 productionem
3209 4989 3430 5044 operam
3481 4989 3645 5030 suam

2053 5058 2371 5122 contulerit,
2410 5057 2584 5114 nihilo
2627 5068 2807 5113 tamen
2840 5061 3015 5131 magis
3046 5062 3116 5117 ab
3145 5062 3490 5132 opificiorum
3535 5079 3637 5118 no-

2053 5147 2202 5202 tione
2236 5148 2557 5203 vindicabit.
2600 5144 2667 5203 Ut
2685 5150 2832 5204 enim
2869 5151 3008 5204 nihil
3037 5151 3288 5217 interest,
3314 5152 3361 5207 si
3409 5153 3637 5225 forcipe,

2051 5255 2161 5293 non
2194 5255 2359 5295 manu
2392 5241 2533 5311 ipsa,
2565 5241 2734 5297 carbo
2759 5243 2829 5297 de
2859 5243 3017 5297 altari
3047 5245 3318 5314 capiatur,
3342 5260 3454 5315 quo
3478 5244 3640 5302 illius

363 5347 636 5404 beneﬁcio
680 5349 892 5406 fabrilis
944 5365 1034 5404 ars
1084 5347 1316 5404 ferream
1368 5347 1626 5401 laminam
1682 5348 1935 5414 inducat;
1998 5358 2282 5420 proliterea
2330 5350 2474 5422 quod
2540 5359 2651 5405 tam
2709 5351 2944 5421 forceps,
2976 5366 3140 5422 quam
3191 5350 3420 5418 ferrum,
3483 5353 3633 5422 quod

363 5457 462 5512 per
493 5443 642 5497 illam
677 5444 918 5506 ducitur,
975 5442 1118 5497 inter
1169 5456 1333 5513 opera
1391 5450 1724 5501 censentur:
1757 5444 1834 5500 ita
1879 5441 2016 5498 nihil
2062 5458 2090 5495 a
2138 5443 2418 5511 productis
2447 5444 2728 5514 operibus,
2790 5445 2902 5510 ille,
2953 5459 3050 5515 per
3098 5458 3259 5514 quem
3315 5441 3458 5498 facta
3504 5451 3635 5499 sunt

364 5537 554 5590 omnia
613 5535 846 5600 differet,
915 5535 1022 5591 nisi
1059 5533 1369 5601 Filius'sit,
1409 5535 1870 5605 quemadmodum
1931 5537 2201 5592 naturalis
2260 5538 2403 5592 ratio
2464 5539 2777 5608 persuadet.
2827 5539 2970 5603 Quin
3018 5538 3196 5596 factus
3240 5537 3356 5610 ipse
3395 5535 3630 5607 primum

364 5631 472 5687 erit
528 5631 773 5685 omnium
822 5645 979 5701 Opus,
1011 5645 1074 5686 ac
1135 5632 1282 5687 velut
1317 5632 1617 5688 conditoris
1658 5632 2108 5698 instrumentum,
2151 5647 2249 5703 per
2276 5632 2421 5703 quod
2455 5633 2710 5690 universa
2755 5633 3030 5689 tnoliatur.

441 5849 456 5879 '
491 5846 553 5901 F.
592 5851 638 5902 εί
663 5848 818 5915 χαλκ.
