4134 6386
507 339 604 395 Alli

1912 352 1969 408 S.
2012 349 2380 412 EPIPIIANIL

3665 353 3768 411 4ιὲ

581 457 644 513 ν.
697 459 886 532 Neque
918 477 1046 544 vero
1075 479 1141 518 ex
1175 463 1242 518 iis
1265 466 1360 536 qui
1392 467 1552 538 vulgo
1585 467 1679 523 lilii
1714 469 2086 534 nominantur,

2263 473 2338 524 E'.
2370 473 2480 526 Kal.
2509 473 2608 526 οὐκ
2631 473 2697 527 ἄν
2717 491 2798 536 τις
2835 474 3112 542 σοφίσαιτο
3141 472 3240 541 τὴν
3262 471 3352 525 τοῦ
3391 471 3534 535 ίδίως
3556 471 3767 541 Πατρὺς

508 554 730 624 proprie
765 554 897 608 dicti
935 554 1135 620 Patris,
1169 568 1261 611 aut
1302 557 1423 612 Filii
1457 561 1723 615 rationem
1752 562 2088 620 cavillatorie

2193 564 2285 616 καὶ
2310 562 2404 616 τοῦ
2443 563 2586 627 ἰδίως
2635 564 2765 616 Υίοῦ
2796 563 3005 618 ἔννοιαν
3037 567 3101 617 ὲκ
3139 565 3248 616 τῶν
3288 562 3606 630 κοινοτέρων
3637 563 3767 615 υἱῶν

505 643 667 699 debet
697 640 938 700 eludere.
972 646 1102 700 Nam
1132 647 1334 718 alioqui
1371 650 1554 719 plures
1587 659 1750 706 erunt
1795 651 1892 706 Dei
1941 651 2034 706 lilii
2071 672 2084 708 :

509 741 658 797 velut
693 751 816 791 cum
847 737 980 791 dicit
1012 757 1024 791 :
1062 735 1234 792 Filios
1265 742 1440 810 genui,
1465 752 1514 794 et
1543 743 1801 809 exultavi,
1843 743 1945 811 ipsi
1968 761 2088 798 vero

505 837 810 895 spreverunt
835 845 914 883 me
936 831 974 884 ¹.
1003 830 1167 886 Item:
1193 830 1381 886 Nonne
1406 832 1568 887 Pater
1595 851 1729 889 unus
1759 845 1836 889 est
1856 837 2090 890 omnium

506 930 733 975 vestrum
764 921 824 976 ’?
864 923 1040 978 Item:
1075 923 1348 994 Quotquot
1398 937 1701 995 receperunt
1751 944 1892 992 eum,
1943 927 2088 982 dedit

502 1016 577 1068 eis
605 1024 914 1082 potestatem
951 1017 1092 1085 filios
1133 1017 1233 1071 Dei
1281 1019 1439 1087 ﬁeri;
1469 1020 1559 1088 qui
1586 1036 1690 1072 non
1721 1035 1787 1073 ea:
1817 1019 2089 1074 voluntate

503 1108 716 1172 carnis,
765 1123 925 1176 neque
972 1125 1036 1162 ea:
1083 1112 1350 1163 voluntate
1387 1111 1520 1174 viri,
1568 1109 1658 1163 sed
1697 1127 1761 1165 ea:
1815 1111 1923 1165 Deo
1973 1113 2088 1166 nati

501 1206 624 1252 sunt
655 1196 844 1264 ἤρυξε]
871 1200 1014 1269 quod
1034 1209 1088 1254 et
1114 1201 1375 1256 inanimis
1414 1217 1633 1271 quoque
1658 1201 1820 1256 rebus
1851 1203 2084 1272 idipsum

501 1290 798 1345 tribuitur?
827 1291 930 1358 Qui
960 1293 1158 1362 genuit,
1190 1294 1389 1363 inquit,
1429 1295 1604 1348 stillas
1634 1295 1771 1347 roris
1808 1294 1847 1348 ⁸.
1892 1294 1967 1350 Ex
2001 1295 2086 1350 his

500 1384 645 1438 enim
695 1385 953 1438 omnibus
997 1391 1055 1437 ut
1115 1385 1411 1454 plurimum
1469 1384 1522 1438 id
1568 1383 1857 1449 ellicietur,
1908 1395 1966 1440 ut
2020 1402 2088 1442 ex

501 1475 778 1530 communi
804 1476 894 1530 illa
941 1476 1340 1547 significatione
1393 1476 1484 1532 Dei
1530 1475 1702 1532 Filius
1744 1479 1894 1534 nullo
1928 1479 2088 1537 modo

501 1569 572 1621 sit
639 1565 788 1622 filius
833 1606 851 1634 ,
893 1569 970 1622 uti
1021 1583 1120 1623 nec
1173 1569 1262 1622 illa
1310 1569 1428 1639 ipsa
1465 1576 1639 1624 sunt:
1676 1569 1770 1625 sed
1821 1585 1960 1640 opus
2015 1573 2088 1626 sit

501 1659 594 1715 Dei
637 1661 906 1715 duntaxat
950 1676 1170 1716 ~eorum
1225 1661 1432 1724 instar,
1490 1677 1554 1715 ac
1622 1662 1792 1718 solius
1850 1663 2088 1732 appella-

499 1748 667 1803 tionis
711 1751 1006 1820 particeps.
1065 1747 1308 1805 Ecclesia
1336 1766 1497 1820 porro
1531 1749 1696 1806 Deum
1755 1752 1929 1806 credit
1975 1768 2082 1806 non

501 1835 663 1888 modo
729 1845 1039 1890 creatarum
1112 1853 1302 1892 rerum
1363 1853 1485 1893 esse
1560 1839 1896 1894 conditorem
1958 1840 2085 1911 (hoc

496 1928 644 1982 enim
699 1927 890 1994 Judaei,
943 1927 1228 2001 Graecique
1282 1931 1485 2000 pariter
1548 1932 1913 2002 agnoscunt),
1989 1933 2083 1988 sed

497 2028 553 2073 et
589 2019 734 2074 unici
767 2018 891 2074 Filii
920 2017 1159 2084 Patrem,
1185 2020 1278 2089 qui
1304 2035 1414 2073 non
1444 2021 1620 2076 solum
1653 2023 2074 2092 procreatricem

501 2113 777 2166 actionem
832 2111 1055 2178 habeat,
1094 2123 1314 2183 propter
1354 2129 1518 2183 quam
1571 2122 1788 2168 creator
1831 2115 2088 2186 intelligi-

499 2214 611 2267 tur,
670 2203 766 2260 sed
819 2212 874 2258 et
909 2206 1126 2276 proprie
1183 2207 1452 2276 uniceque
1503 2205 1822 2277 generandi,
1875 2223 1942 2263 ex
1979 2225 2087 2280 qua

498 2297 651 2352 unici
700 2295 824 2351 Filii
873 2295 1093 2355 Patrem
1141 2314 1267 2355 esse
1317 2300 1723 2371 cognoscimus.
1781 2299 1894 2358 Hoc
1940 2304 2088 2358 enim

497 2389 689 2444 beatus
721 2405 824 2444 nos
869 2389 1070 2446 Paulus
1104 2391 1188 2446 his
1227 2392 1408 2448 verbis
1437 2393 1698 2448 edocuit:
1737 2393 1932 2464 Hujus,
1999 2395 2087 2449 in-

498 2480 653 2550 quit,
699 2481 900 2552 gratia,
949 2482 1102 2550 ﬂecto
1128 2499 1299 2553 genua
1346 2500 1464 2538 mea
1515 2485 1584 2538 ad
1627 2484 1863 2552 Patrem,
1909 2504 1942 2540 a
1985 2504 2088 2554 quo

498 2572 670 2626 omnis
718 2573 1011 2641 paternitas
1050 2574 1107 2627 in
1149 2576 1298 2639 caelo,
1339 2585 1389 2628 et
1428 2576 1482 2629 in
1513 2585 1653 2630 terra
1707 2579 2010 2632 nominatur
2039 2579 2082 2634 ⁸.

501 2665 573 2720 Ut
621 2667 766 2720 enim
823 2674 1006 2736 patres
1057 2667 1134 2720 illi
1188 2667 1242 2721 in
1293 2675 1440 2722 terra
1489 2670 1846 2724 nominantur
1887 2671 1977 2741 qui
2019 2671 2089 2727 ad

499 2773 617 2813 sm:
651 2766 861 2812 natura:
892 2757 1303 2813 similitudinem
1334 2776 1628 2830 expressos
1681 2761 1882 2816 habent
1922 2762 2085 2832 filios,

498 2851 582 2906 sic
619 2850 673 2904 in
705 2849 846 2905 cwlo
880 2849 1042 2904 Pater
1082 2850 1170 2904 ille
1200 2849 1421 2912 dicitur,
1453 2865 1482 2904 a
1513 2866 1625 2921 quo
1653 2852 1858 2907 terreni
1885 2861 2086 2923 patres,

496 2942 592 3014 qui
653 2950 862 2996 naturae
923 2940 1284 3011 productores
1351 2952 1515 3005 sunt,
1578 2951 1880 3030 vocantur,
1941 2945 2088 3015 quod

499 3035 727 3090 omnino
761 3035 830 3088 ad
871 3041 1081 3088 natura:
1116 3050 1230 3089 sua:
1265 3033 1678 3090 similitudinem
1727 3035 1972 3104 genitum
2021 3049 2088 3088 ex

499 3137 566 3178 ea
606 3140 728 3180 sese
776 3122 973 3178 Filium
1019 3125 1202 3180 habet.
1251 3125 1412 3196 851
1463 3124 1648 3197 Neque
1682 3133 1859 3196 potest
1897 3140 2087 3182 eorum

502 3216 736 3273 filiorum
771 3219 944 3282 notio,
971 3218 1066 3288 qui
1108 3218 1376 3274 abusione
1420 3220 1657 3291 quadam
1693 3222 1866 3285 vocis,
1904 3229 1958 3276 et
1990 3221 2090 3276 ho-

502 3322 790 3378 monymns
824 3307 1106 3374 dicuntur,
1155 3307 1221 3362 ad
1257 3309 1477 3363 unicum
1510 3308 1606 3366 Dei
1637 3308 1834 3364 Filium
1865 3325 2087 3366 accom-

501 3399 735 3454 modari.
769 3397 1242 3465 Quemadmodum
1287 3400 1447 3472 pyxis
1481 3416 1546 3457 ea
1579 3404 1798 3472 proprie
1837 3411 2085 3470 vocatur,

502 3507 625 3561 quae
673 3506 740 3546 ex
789 3491 935 3546 buxo
985 3490 1254 3546 fabricata
1304 3500 1423 3558 est;
1471 3500 1526 3549 et
1582 3502 1764 3549 tamen
1811 3496 2088 3550 communi

501 3583 736 3650 qundam
770 3582 1231 3638 abusionewocis
1267 3583 1396 3638 hinc
1438 3583 1507 3638 ad
1560 3585 1768 3656 reliqua
1813 3586 1868 3640 id
1918 3603 2090 3658 genus

506 3687 640 3726 vasa
672 3670 1028 3737 transfertur,
1071 3689 1194 3743 qua:
1225 3688 1290 3729 ex
1319 3673 1563 3745 plumbo,
1612 3691 1740 3742 εει-ο,
1774 3677 1946 3733 aliave
1976 3693 2092 3732 ma-

506 3761 647 3814 teria
676 3759 819 3816 facta
848 3769 999 3818 sunt.
1028 3761 1300 3828 Quocirca
1328 3777 1436 3818 non
1471 3765 1700 3835 perinde
1727 3765 1782 3820 in
1832 3765 1923 3823 Dei
1952 3766 2092 3823 Filio

505 3854 887 3924 accipiendum
920 3853 1055 3908 illud
1086 3863 1189 3920 est,
1232 3862 1291 3910 ut
1324 3871 1450 3911 cum
1486 3855 1729 3912 dicitur:
1767 3858 1874 3926 Qui
1911 3862 2093 3931 genuit

505 3946 680 4001 stillas
741 3949 900 4012 roris,
937 3948 1082 4018 quod
1154 3948 1377 4004 minime
1411 3950 1480 4004 ad
1523 3952 1890 4008 substantiam
1917 3955 2092 4026 ipsam

504 4039 743 4109 pertinet
775 4057 788 4094 :
825 4039 1030 4112 quippe
1065 4055 1163 4112 per
1195 4041 1427 4098 abusum
1470 4045 1622 4100 vocis
1656 4045 1760 4101 hoc
1809 4048 1930 4102 loco
1967 4065 2095 4119 par-

503 4141 594 4189 tus
630 4148 693 4188 ac
721 4135 1096 4203 generationis
1127 4151 1324 4193 nomen
1361 4137 1428 4191 ad
1457 4137 1712 4194 ell‘ectum
1750 4155 1888 4210 opus
1913 4149 2095 4199 trans-

502 4226 699 4280 fertur.
729 4225 912 4296 Neque
929 4235 987 4281 ut
1017 4229 1071 4282 in
1099 4228 1207 4284 illis
1236 4228 1448 4284 verbis:
1472 4227 1645 4284 Filios
1669 4232 1846 4299 genui,
1863 4240 1913 4285 et
1937 4232 2088 4286 exal-

508 4318 632 4372 tavi.
669 4317 802 4372 Nam
835 4327 888 4373 et
921 4319 1025 4374 hoc
1058 4319 1113 4374 in
1142 4319 1264 4374 loco
1287 4319 1514 4390 perinde
1547 4321 1814 4378 abusione
1842 4323 1995 4380 vocis
2026 4324 2094 4380 ad

507 4409 962 4474 benevolentiam,
996 4416 1050 4464 et
1082 4409 1345 4466 honorem
1389 4411 1811 4481 significandum
1847 4416 2093 4470 vocabu-

2190 656 2496 727 λεγομένων
2535 673 2545 684 ·
2597 658 2722 709 ἐπεὶ
2773 655 2948 720 οὕτως
2999 656 3184 710 πολλοὶ
3237 654 3449 708 ἔσονται
3513 655 3620 707 υἱοὶ
3674 652 3764 707 τοῦ

2189 747 2354 800 Θεοῦ⁶
2389 749 2516 800 ὅταν
2550 743 2608 800 λέ
2623 763 2684 818 τῃ
2707 765 2720 778 ·
2783 748 2949 812 Υίοὺς
2989 746 3324 817 ἐγέννησα,
3371 745 3467 799 καί
3506 745 3725 813 ὕψωσα

2189 837 2459 892 αὐτοὶ·δέ
2490 856 2566 908 με
2617 840 2923 906 ἠθέτησαν
2946 855 2959 867 ·
3000 839 3093 892 καὶ
3131 837 3226 901 τὸ,
3259 836 3407 906 Οὐχί
3441 836 3643 905 Πατὴρ
3679 830 3762 902 εἷς

2189 927 2430 983 πάντων
2466 928 2668 998 ὐμῶν;
2701 930 2817 992 καὶ,
2853 931 3019 983 Ὅσοι
3049 929 3272 982 ἔλαϐον
3302 927 3509 991 αὑτὸν,
3543 927 3765 982 ἔδωκεν

2187 1017 2391 1082 αὐτοῖς
2416 1017 2707 1082 ἐξουσίαν
2733 1017 2916 1072 τέκνα
2946 1017 3092 1072 Θεοῦ
3121 1019 3399 1084 γενέσθαι
3419 1033 3432 1046 ·
3477 1016 3534 1070 οἳ
3562 1018 3671 1070 οὐκ
3699 1017 3766 1070 ἐκ

2189 1105 2520 1175 θελήματος
2567 1107 2829 1176 σαρκὸς,
2882 1107 3045 1178 φησὶν
3071 1145 3086 1172 ,
3126 1107 3269 1160 οὐδὲ
3315 1107 3386 1161 ἐκ
3437 1107 3769 1175 θελήματος

2191 1195 2409 1264 ἀνδρὸς
2432 1239 2448 1262 ,
2501 1198 2638 1251 ἀλλ’
2689 1199 2757 1251 ἐκ
2817 1198 2964 1252 Θεοῦ
3006 1197 3441 1268 ἐγεννήθησαν.
3485 1199 3594 1252 Καὶ
3633 1197 3768 1269 πρὸς

2186 1287 2397 1351 τούτοις
2431 1281 2807 1359 περῖἀψύχων
2829 1328 2844 1352 ,
2889 1288 2964 1351 ὡς
3005 1289 3057 1341 Ὀ
3087 1288 3340 1354 τετοκὼς
3378 1288 3610 1354 βόλους
3635 1287 3768 1356 δρόσ

2187 1371 2304 1432 σου
2340 1379 2474 1448 (47).
2525 1380 2648 1433 Ἐπὶ
2693 1380 2802 1452 γὰρ
2846 1380 3010 1434 πλέον
3047 1380 3135 1434 διὰ
3172 1381 3376 1434 τούτων
3426 1397 3767 1434 κατασκευα-

2188 1469 2443 1542 σοήσεται
2494 1471 2601 1525 ἀπὸ
2648 1473 2748 1543 τῆς
2799 1471 2980 1543 κοινῆς
3011 1472 3032 1502 ⁸
3069 1473 3130 1525 τὸ
3175 1472 3248 1543 μὴ
3287 1466 3425 1524 εἶναι
3476 1472 3574 1542 μὲν
3605 1470 3766 1525 αὐτὸν

2192 1559 2307 1612 υἱὸν
2341 1603 2355 1625 ,
2393 1562 2470 1626 ὡς
2519 1564 2640 1616 οὐδὲ
2689 1562 2898 1627 ταῦτα,
2932 1564 3141 1634 ποίημα
3192 1564 3248 1618 δὲ
3287 1565 3416 1618 ὄντα
3455 1563 3530 1626 ὠς
3571 1563 3766 1630 ταῦτα,

2188 1654 2434 1724 κλήσεως
2466 1654 2595 1708 Υἱοῦ
2632 1655 2798 1726 μόνης
2832 1655 3102 1726 μετέχειν.
3146 1655 3209 1708 'H
3243 1655 3301 1708 δὲ
3341 1654 3634 1724 Ἐκκλησία
3671 1673 3769 1709 πε-

2189 1747 2500 1811 πίστευκεν,
2535 1748 2617 1800 ὅτι
2663 1747 2794 1810 Θεὸς
2819 1749 2879 1800 οὐ
2920 1747 3078 1817 μόνον
3133 1747 3250 1800 ἐστὶ
3282 1749 3508 1817 κτίστης
3535 1749 3769 1820 κτισμά-

2189 1853 2296 1888 των
2338 1835 2517 1905 (τοῦτο
2553 1837 2662 1908 γὰρ
2725 1837 2963 1890 Ἰουδαῖοί
2993 1853 3050 1889 τε
3081 1837 3175 1890 καὶ
3209 1835 3467 1908 ’Έλληνες
3510 1838 3760 1891 ἐπίσταν-

2184 1926 2335 1998 ται),
2376 1927 2492 1980 ἀλλ’
2534 1928 2615 1981 ὅτι
2660 1927 2753 1980 καὶ
2783 1930 2970 2000 Πατήρ
3003 1931 3118 1981 ὲστι
3164 1927 3536 1996 Μονογενοῦς,
3577 1930 3637 1982 οὐ
3669 1932 3768 2000 μό-

2186 2037 2276 2072 νον
2323 2019 2421 2090 τὴν
2451 2021 2733 2091 κτιστικὴν
2765 2019 2904 2091 ἔχων
2943 2021 3224 2092 ἐνέργειαν
3245 2061 3262 2087 ,
3309 2023 3402 2090 ἀφ’
3431 2015 3498 2093 ἦς
3547 2022 3772 2093 κτίστης

2186 2113 2424 2177 νοεῖται,
2458 2111 2593 2165 ἀλλὰ
2637 2112 2732 2164 καὶ
2775 2112 2918 2175 ἰδίως
2952 2113 3046 2165 καὶ
3083 2111 3388 2183 μονογενῶς
3423 2114 3769 2185 γεννητικὴν,

2187 2203 2308 2258 καθ’
2345 2205 2411 2276 ἣν
2441 2205 2630 2276 Πατὴρ
2664 2203 3004 2273 Μονογενοῠς
3042 2206 3174 2276 ἡμῖν
3206 2205 3427 2258 νοεῖται.
3456 2204 3626 2258 Τοῦτο
3657 2204 3771 2277 γὰρ

2188 2295 2458 2350 παιδεύων
2498 2297 2645 2366 ἡμᾶς
2699 2297 2729 2349 ὁ
2780 2296 3049 2368 μακάριος
3108 2293 3318 2360 Παῦλος
3353 2295 3585 2367 γράφει·
3623 2294 3770 2350 Τού-

2185 2409 2293 2446 του
2314 2390 2425 2460 γὰρ
2457 2389 2650 2460 χάριν,
2681 2389 2925 2459 κάμπτω
2971 2387 3044 2442 τὰ
3079 2387 3302 2459 γόνατὰ
3334 2406 3454 2457 μου
3481 2387 3630 2457 πρὸς
3667 2387 3773 2442 τόν

2187 2483 2448 2553 Πατέρα,
2477 2482 2546 2547 ἐξ
2583 2477 2655 2537 οὗ
2695 2480 2864 2535 πᾶσα
2901 2479 3120 2550 πατριὰ
3165 2481 3236 2534 ἐν
3272 2479 3508 2549 οὐρανῷ
3545 2481 3642 2534 καί
3671 2480 3771 2533 ἐπὶ

2188 2573 2301 2646 γῆς
2327 2573 2723 2642 oranda-reas",
2742 2571 2863 2626 καθ’
2890 2573 3182 2643 ὁμοιότητα
3205 2571 3314 2625 τῶν
3331 2571 3547 2626 οἰκείων
3573 2570 3773 2625 οὐσιῶν

2196 2669 2323 2730 τοὺς
2361 2667 2508 2730 υίοὺς
2545 2665 2779 2736 ἔχοντες.
2833 2664 2990 2718 Οὕτω
3033 2665 3129 2718 καὶ
3175 2663 3369 2735 Πατὴρ
3409 2665 3467 2717 ὲν
3524 2663 3772 2735 οὐρανοῖς

2187 2758 2533 2829 ὀνομάζεται,
2568 2757 2661 2826 ἀφ’
2681 2751 2742 2812 οὗ
2765 2758 2814 2810 οἱ
2843 2756 3082 2826 πατέρες
3105 2756 3153 2809 oi
3180 2755 3272 2808 ἐπὶ
3298 2755 3402 2824 γῆς
3433 2755 3553 2807 κατ’
3583 2754 3772 2808 οὐσίαν

2188 2849 2588 2920 ὠνομάσθησαν
2614 2889 2629 2914 ,
2678 2847 2802 2902 καθ’
2854 2847 3150 2918 ὁμοιότητα
3188 2847 3308 2917 τῆς,
3338 2845 3534 2900 ἑαυτοῦ
3585 2846 3774 2909 οὐσίας

2189 2943 2408 3005 πάντως
2439 2941 2530 2994 τὸν
2561 2941 2618 3008 ἐξ
2652 2939 2817 2994 αὐτοῦ
2865 2939 3005 3010 ἔχων
3037 2939 3440 3009 γεγεννημένον
3479 2938 3631 2993 Υίόν.
3663 2938 3776 2992 Καὶ

2189 3034 2249 3088 οὐ
2278 3034 2502 3088 δύναται
2535 3035 2568 3104 ή
2594 3033 2686 3086 ἐπὶ
2717 3032 2828 3086 τῶν
2859 3029 3314 3103 καταχρηστικῶς
3341 3030 3436 3082 καὶ
3469 3028 3775 3101 ὁμωνύμως

2189 3125 2495 3196 λεγομένων
2554 3124 2688 3177 υἱῶν
2751 3123 2929 3180 ἔννοια
2987 3122 3065 3194 τῷ
3139 3120 3432 3190 Μονογενεῖ
3495 3120 3771 3192 ἁρμόζειν.

2193 3217 2408 3286 ’Ὠσπερ
2431 3214 2540 3287 γὰρ
2574 3215 2765 3280 πυξίον
2797 3213 2896 3286 μὲν
2928 3213 3148 3282 λέγεται
3175 3213 3380 3285 κυρίως
3413 3213 3473 3265 τὸ
3499 3213 3561 3264 ὲκ
3584 3210 3776 3276 πυξίου

2190 3305 2722 3376 κατεσκευασμένον,
2762 3305 3071 3376 κοινότερον
3107 3305 3164 3359 δὲ
3195 3304 3289 3358 καὶ
3322 3303 3778 3375 καταχρηστικῶς

2190 3401 2286 3455 ἀπ’
2315 3400 2521 3454 ἐκείνου
2555 3398 2745 3466 πυξίον
2781 3399 2875 3452 καὶ
2907 3398 2966 3451 τὸ
3006 3399 3070 3452 ὲκ
3115 3396 3365 3470 μολίϐδου
3387 3436 3402 3460 ,
3427 3397 3521 3450 καὶ
3549 3394 3774 3467 χαλκοῦ,

2191 3492 2285 3544 καὶ
2311 3491 2477 3562 ἄλλης
2503 3490 2648 3554 τινὸς
2691 3489 2822 3561 ὕλης
2854 3490 3094 3559 γεγονός.
3131 3487 3268 3542 Οὐτε
3296 3484 3390 3541 οὖν
3420 3487 3497 3546 ὡς
3535 3487 3587 3539 Ὀ
3615 3504 3775 3540 τετο-

2191 3584 2309 3652 κὼς
2337 3585 2572 3650 βόλους
2607 3582 2833 3652 δρόσου
2858 3624 2872 3647 ,
2919 3582 3196 3635 τουτέστιν
3245 3579 3519 3644 οὐσιωδῶς
3541 3597 3555 3610 ο
3603 3597 3776 3634 κατα-

2193 3675 2506 3748 χρηστικῶς
2552 3675 2661 3747 γὰρ
2691 3674 2927 3729 ἐνταῦθα
2973 3675 3068 3728 ἐπὶ
3105 3674 3196 3728 τοῦ
3246 3675 3550 3744 ποιήματος
3581 3671 3642 3725 τὸ
3679 3671 3774 3724 τοῦ

2193 3769 2352 3822 τόκου
2392 3768 2800 3840 παρείληπται·
2837 3766 2959 3820 οὐτε
3006 3767 3082 3831 ώς
3113 3767 3174 3820 τδ
3195 3807 3209 3832 ,
3251 3765 3424 3832 Υίοὺς
3453 3765 3772 3836 ἐγέννησα,

2195 3859 2291 3913 καὶ
2329 3859 2579 3928 ὕψωσαο
2638 3859 2730 3913 καὶ
2765 3858 2999 3913 ἐνταῦθα
3044 3858 3154 3929 γὰρ
3190 3855 3643 3928 καταχρηστικῶς
3670 3856 3776 3909 ἀπὸ

2192 3952 2295 4023 τῆς
2343 3951 2555 4016 εὐνοίας
2609 3952 2704 4006 καὶ
2758 3951 2926 4023 τιμῆς
2975 3950 3464 4023 προσωνόμασται·
3520 3948 3643 4001 οὐτε
3694 3947 3774 4013 τὸ,

2200 4043 2464 4100 Ἔδωκεν
2492 4044 2698 4111 αὐτοῖς
2738 4043 3030 4108 ἐξουσίαν
3067 4042 3250 4097 τέκνα
3283 4041 3431 4096 Θεοῦ
3465 4039 3740 4111 γενέσθαι
3761 4056 3774 4070 ’

2197 4137 2289 4192 καὶ
2326 4135 2484 4190 τοῦτο
2525 4137 2634 4207 γὰρ
2679 4135 2778 4206 τῆς
2827 4136 2948 4188 κατ’
2999 4134 3202 4204 ἀρετὴν
3255 4133 3350 4186 καὶ
3397 4132 3630 4202 μίμησιν
3677 4127 3779 4197 τῆς

2197 4229 2468 4298 ποιήσεως
2500 4227 2784 4298 εἴληπταιο
2820 4225 2993 4290 οὕτως
3027 4227 3055 4278 ό
3080 4224 3392 4295 Μονογενὴς
3420 4222 3742 4293 νοηθήσεται
3761 4235 3774 4248 ·

2197 4320 2330 4376 ἀλλὰ
2367 4320 2601 4391 κυρίως,
2645 4318 2720 4382 ὡς
2748 4317 2908 4389 μόνος
2941 4320 3005 4371 ὲκ
3048 4317 3208 4388 μόνου
3236 4317 3421 4386 ὅμοιος
3449 4315 3569 4368 κατ’
3591 4311 3779 4365 οὐσίαν

2197 4414 2263 4466 ὲκ
2300 4410 2394 4464 τοῦ
2440 4409 2688 4481 Πατρὺς,
2736 4401 2908 4480 οὗπερ
2955 4407 3050 4463 καὶ
3092 4405 3386 4478 ὠνομάσθη
3436 4404 3531 4458 καὶ
3579 4400 3777 4472 ἐνοήθη

505 4501 618 4555 1ιιιιι
650 4501 780 4555 illud
817 4501 1128 4556 adhibetur.
1159 4501 1347 4572 Neque
1397 4511 1456 4557 ut
1488 4503 1541 4558 in
1586 4504 1689 4560 hoc
1736 4505 1858 4560 loco
1888 4525 1900 4560 :
1933 4505 2088 4562 Dedit

2198 4505 2325 4568 Υἱὸς
2359 4501 2662 4572 γεννηθείς.

504 4595 578 4648 eis
604 4603 912 4663 potestatem
943 4595 1082 4664 ﬁlios
1131 4594 1228 4648 Dei
1278 4596 1416 4664 ﬁeri,
1465 4595 1610 4664 quod
1650 4597 1868 4666 quidem
1922 4599 1989 4652 ad
2029 4608 2296 4656 creaturae
2361 4597 2642 4658 virtutem,
2689 4603 2743 4649 et
2787 4593 3078 4664 quamdam
3125 4591 3220 4647 Dei
3279 4591 3638 4645 imitationem
3691 4605 3780 4644 re-

506 4687 636 4741 ferri
669 4688 945 4742 convenit.
972 4685 1088 4740 Non
1120 4687 1607 4757 eodem,‘inquam,
1640 4688 1804 4742 modo
1832 4689 1898 4743 de
1930 4693 2093 4746 unico
2128 4692 2223 4747 Dei
2254 4687 2392 4742 Filio
2437 4685 2865 4742 existimandum
2904 4686 3064 4740 nobis
3086 4693 3206 4750 est;
3255 4683 3350 4739 sed
3407 4680 3627 4753 proprie
3684 4676 3779 4732 Fi-

507 4779 637 4832 lium
678 4794 801 4833 esse
829 4777 1062 4840 dictum,
1103 4784 1288 4847 utpote
1321 4778 1415 4846 qui
1464 4780 1617 4833 solus
1647 4798 1712 4836 ex
1744 4783 1862 4837 solo
1905 4783 2087 4848 Patre,
2117 4786 2406 4854 eidemque
2438 4790 2633 4835 natura
2669 4779 2868 4836 similis
2897 4779 2969 4834 sit
3025 4779 3266 4850 genitus,
3321 4778 3481 4847 cujus
3527 4787 3581 4830 et
3630 4775 3783 4830 dica-

505 4882 618 4933 tur,
667 4859 732 4925 et'
758 4870 1096 4941 intelligatur
1130 4885 1253 4924 esse
1288 4868 1481 4926 Filius.

580 4992 594 5021 ¹
635 4990 736 5046 lsa.
766 5005 805 5052 ι,
836 4989 889 5044 2.
967 4987 1242 5060 ἈΜτιΙοοιμ
1275 5005 1335 5050 ιι.
1371 4989 1458 5044 l0.
1535 4959 1736 5047 a.loan.
1764 4995 1905 5060 i,l":’.,
1929 4997 2010 5050 15.
2087 5016 2088 5019 η

2192 4992 2241 5047 ιι)
2267 5006 2496 5057 xxxvui,
2525 4990 2616 5044 28.
2695 4990 2716 5020 ⁵
2746 4987 2945 5060 Ephes.
2983 5003 3064 5052 ιιι,
3102 4987 3154 5042 4.
3237 4987 3256 5016 ⁶
3282 4984 3443 5040 Deest
3475 4985 3613 5040 forte
3649 4987 3779 5058 κλήο

509 5078 666 5125 σεως.
743 5061 762 5090 ⁷
794 5060 953 5115 Deest
977 5057 1211 5114 fortasse
1238 5060 1466 5130 aliquid.

579 5176 690 5240 (47;
743 5175 836 5240 Ὡς
865 5178 897 5228 ὁ
947 5173 1201 5246 τετοκὼς
1242 5175 1478 5241 ,βόλους
1524 5177 1771 5244 δρόσου.
1824 5179 2084 5246 Quaedam

507 5246 838 5317 exemplaria
880 5260 978 5314 pro
1011 5244 1198 5316 βόλους
1235 5260 1518 5314 perperam
1555 5247 1758 5317 βώλους
1804 5244 2086 5315 exhibent,

509 5341 614 5394 hoc
665 5347 751 5394 est
783 5339 985 5409 glebas.
1039 5336 1174 5392 Nam
1229 5336 1495 5394 Hebraice
1523 5340 1788 5410 scriptum
1824 5352 1910 5399 est
1967 5326 2090 5403 ’θᾶκοι

507 5419 589 5491 ‘71::
653 5432 830 5486 stillas
888 5432 1047 5486 roris.
1093 5431 1250 5500 Apud
1307 5429 1714 5486 Nazianzenum
1797 5443 1940 5487 orat.
2021 5436 2090 5490 54

511 5502 1208 5575 οιτοαᾲίίιιειιιη-ἱιιιετρτοε
1247 5500 1424 5575 glebas
1463 5503 1646 5575 vertit,
1693 5505 1848 5572 quasi
1883 5505 2090 5575 βώλους

511 5573 864 5642 exscripserit
891 5571 1289 5627 Nazianzenus.
1329 5571 1492 5640 Atqui
1522 5589 1632 5627 non
1659 5571 1820 5628 modo
1850 5571 1903 5628 in
1935 5592 2092 5629 excu-

514 5641 740 5715 sis,_sed
795 5644 958 5697 etiam
992 5644 1073 5715 in
1112 5644 1487 5698 vetustissimo
1528 5642 1670 5715 Beg.
1709 5644 1914 5715 {561mg
1949 5647 2090 5715 apud

514 5710 921 5784 Nazianz.,uou
984 5713 1186 5784 βώλους
1250 5721 1452 5768 exstat.
1515 5710 1811 5782 Gregorius
1870 5710 2094 5784 Magnus

516 5781 612 5838 lib.
655 5799 777 5838 mi:
834 5781 1030 5840 Morel.
1070 5783 1155 5854 l5,
1206 5784 1385 5840 stellas
1433 5785 1567 5842 roris
1612 5781 1807 5856 legisse
1858 5781 2091 5857 videtur,

2200 5177 2346 5248 quod
2377 5175 2836 5248 mendosnmiest.
2865 5173 3066 5248 Contra
3097 5172 3294 5248 Bacch.
3337 5187 3470 5248 xv",
3503 5172 3589 5236 l0,
3621 5171 3779 5248 βόλος

2199 5244 2340 5316 apud
2393 5246 2549 5316 LXX
2589 5247 2884 5309 scribitur,
2949 5246 3038 5316 ubi
3103 5244 3272 5316 βῶλος
3299 5244 3779 5316 substituenduni:

2201 5313 2297 5372 σῧν
2351 5317 2428 5385 τῷ
2480 5315 2652 5386 βόλῳη
2671 5317 2770 5386 τῆς
2803 5314 3069 5386 ἀνατολῆς
3129 5315 3299 5381 αὐτῆς
3330 5313 3788 5386 Ῠξ-ηρανθήσεται·

2203 5383 2421 5442 Hieron.
2455 5383 2520 5442 ex
2569 5383 2736 5448 LXX,
2777 5402 2894 5438 cum
2937 5383 3086 5454 gleba
3117 5385 3365 5454 germinis
3414 5384 3498 5437 sui
3539 5393 3784 5454 arescet:

2199 5457 2345 5526 quod
2388 5466 2442 5512 et
2477 5457 2854 5511 Theodoretus
2901 5455 3166 5522 agnoscit.
3221 5453 3442 5508 Rectius
3487 5453 3654 5526 editio
3686 5469 3786 5526 no-

2202 5522 2339 5593 stra,
2385 5529 2436 5580 in
2459 5528 2597 5580 areis
2643 5526 2891 5596 germinis
2923 5528 3008 5578 sui
3061 5535 3258 5578 arescet
3288 5539 3316 5596 :7
3343 5540 3464 5596 nam
3518 5522 3783 5578 llebrait-e

2201 5607 2282 5653 est
2313 5608 2505 5660 nihil.
2537 5597 2591 5650 id
2625 5593 2710 5651 est
2743 5612 2888 5650 area.
2927 5596 3088 5663 Atqui
3127 5595 3392 5650 articulus
3423 5593 3540 5662 ipse
3561 5607 3780 5648 mascu-

2206 5669 2296 5722 lini
2347 5669 2586 5736 generis,
2617 5668 2711 5736 qui
2754 5668 2917 5720 etiam
2968 5665 3563 5736 apudi'lfheodoretum
3625 5663 3784 5736 βώλῳ

2204 5733 2519 5806 prmn‘guur,
2585 5733 2724 5810 βόλῳ
2773 5733 3062 5808 scripsisse
3122 5733 3255 5790 LXX
3312 5733 3641 5805 interpretes
3695 5733 3784 5790 de-

2205 5817 2496 5866 monstrat.
