4134 6386
347 425 452 485 M3

331 540 334 542 ’
421 549 512 614 (τ’.
562 546 625 600 Ei
673 544 732 600 δὲ
765 544 855 600 διά
901 545 962 598 τὸ
996 545 1256 600 ἀδύνατον
1302 549 1410 602 τῶν
1452 547 1728 619 λογισμῶν
1775 551 1793 579 ί

349 635 522 707 ἔχοιτό
581 653 665 699 τις
706 635 797 689 τὸν
837 633 1097 706 λογισμὸν
1141 635 1340 704 γνώσει
1377 636 1549 702 οὑτως
1572 639 1790 710 νοηθείη
1818 641 1930 693 Ila.-

344 728 454 799 τὴρ
474 768 488 791 ,
519 725 692 792 πάθος
719 769 734 794 ,
767 727 799 798 ἢ
836 727 1126 798 μερισμὸν,
1163 727 1196 798 ἢ
1236 728 1538 800 ἀπόρροιαν
1567 731 1930 802 ὑπομένοντος

346 819 444 874 τοῦ
492 819 738 893 Πατρός,
773 820 869 873 καὶ
898 820 1298 890 παρωσάμενος
1339 822 1438 892 τὴν
1473 821 1690 888 πίστιν,
1747 822 1780 894 ἦ
1829 824 1932 892 ὑφ-

353 909 534 981 ίστησι
563 898 715 981 ’τὴν
743 909 940 982 εὑσεδῆ
976 911 1106 980 περὶ
1144 909 1356 983 Πατρός
1401 912 1498 964 καὶ
1524 911 1656 966 Υἱοῦ
1699 912 1926 980 ἔννοιαν,

348 1002 642 1074 λογισμοὺς
695 1002 950 1073 ἀπαιτοίη
979 1043 994 1066 ,
1043 1001 1374 1072 ἀπαιτητέον
1404 1003 1568 1057 αὑτὸν
1613 1004 1925 1076 λογισμοὺς,

346 1089 527 1155 πῶς⁶ὁ
552 1093 684 1156 Θεὸς
709 1093 1068 1164 σταυροῦταιο
1102 1092 1198 1146 καὶ
1245 1093 1362 1158 πῶς
1395 1093 1456 1147 τὸ
1488 1097 1798 1168 μωρότερον
1831 1097 1926 1150 τοῦ

345 1185 702 1254 εὑαγγελικοῦ
753 1186 1106 1258 κηρύγματος
1145 1187 1232 1241 διά
1261 1188 1324 1241 τὸ
1355 1189 1737 1260 ἀσυλλόγιστον
1777 1190 1929 1261 παρά

343 1280 457 1340 τοῖς
487 1277 738 1332 δοκοῦσιν
777 1274 918 1331 εἶναι
965 1277 1060 1332 τοῦ
1111 1279 1317 1351 κόσμου
1356 1284 1540 1350 σοφοῖς
1564 1323 1580 1349 ,
1618 1281 1926 1354 σοφώτερον

342 1368 651 1441 ἀνθρώποις
677 1369 698 1401 ³
727 1370 906 1437 ἐστὶν,
935 1369 1030 1434 οὒς
1065 1371 1186 1425 οὐδὲ
1217 1371 1376 1441 λόγου
1407 1371 1548 1437 ἀξιοῖ
1583 1374 1612 1427 6
1658 1373 1928 1446 μακάριος

341 1459 581 1524 Παῦλος·
621 1460 755 1514 διότι
785 1460 862 1532 τῷ
900 1462 1272 1534 ἀσυλλογίστῳ
1312 1464 1413 1534 τῆς
1451 1464 1734 1534 δυνάμεως
1783 1464 1928 1536 ἐμώ-

345 1565 473 1620 ρανε
502 1551 601 1621 τὴν
635 1551 826 1619 σοφίαν
858 1551 968 1605 τῶν
1002 1552 1410 1622 συλλογίζεσθαι
1449 1553 1786 1626 δυναμένων.
1834 1555 1927 1608 Ei-

341 1657 479 1712 ρηκε
509 1642 618 1714 γάρ
642 1661 656 1674 ·
688 1639 910 1699 *Ηλθον
943 1647 1372 1714 καταγγέλλων
1408 1646 1552 1716 ὑμῖν
1583 1647 1647 1700 τὸ
1687 1646 1927 1716 μυστή-

329 1751 472 1803 ριον
509 1735 614 1789 τοῦ
663 1735 817 1790 Θεοῦ
847 1776 863 1802 ,
911 1738 1024 1790 οὐκ
1077 1737 1148 1790 ὲν
1182 1737 1370 1806 σοφίᾳ
1405 1739 1594 1808 λόγου
1620 1779 1636 1804 ,
1691 1739 1792 1792 ἵνα
1837 1739 1924 1809 μὴ

338 1826 572 1897 κενωθῇ
599 1829 632 1882 ό
659 1827 934 1898 σταυρὸς(
966 1828 1074 1883 τοῦ
1110 1828 1388 1898 Χριστοῦ.
1445 1829 1504 1884 Ὀ
1536 1824 1629 1884 οῦν
1657 1832 1714 1884 ὲν
1761 1832 1925 1903 σοφίᾳ

337 1919 499 1990 λόγου
538 1891 913 1973 ’ἀπαιτῶνττὸϋ
938 1891 1238 1993 μυστήρίον
1261 1960 1277 1986 ,
1315 1919 1453 1992 μετὰ
1489 1921 1590 1993 τῆς
1623 1891 1926 1994 μωρανθείί-
1954 1891 2001 1952 Β

339 2029 440 2083 σης
471 2013 665 2082 σοφίας
699 2011 838 2084 έχων
869 2012 930 2065 τὸ
961 2011 1126 2084 μέρος
1154 2053 1170 2078 ,
1200 2013 1500 2067 ἀπιστείτω
1539 2013 1564 2046 ⁸
1609 2014 1688 2086 τῷ
1721 2032 1929 2087 μυστη-

340 2105 464 2175 ρίῳ,
514 2105 599 2157 ’ότε
653 2104 754 2158 κᾶν
791 2105 995 2168 ἐκεῖνος
1031 2105 1339 2158 ἀπιστεῖται
1384 2107 1443 2158 ὲν
1471 2107 1635 2178 σοφία
1685 2107 1845 2176 λόγου
1896 2109 1928 2162 6

335 2199 549 2263 Παῦλος
570 2239 585 2264 ,
619 2201 707 2253 ἵνα
739 2201 814 2271 μὴ
855 2200 1066 2272 κενωθῇ
1110 2203 1138 2254 ό
1167 2201 1400 2272 σταυρὸς
1438 2201 1531 2256 τοῦ
1571 2205 1828 2276 Χριστοῦ.
1860 2204 1926 2259 Ei

333 2291 392 2346 δὲ
419 2293 476 2344 ὲν
507 2285 716 2355 τούτοις
743 2292 1118 2364 ἀποκρίνεται,
1150 2294 1249 2347 οὑκ
1279 2295 1338 2348 ἐν
1374 2295 1536 2368 σοφίᾳ
1571 2296 1757 2366 λόγου,
1786 2297 1926 2351 ἀλλά

337 2385 552 2456 μωρίαν
583 2388 764 2439 πᾶσαν
795 2385 1210 2458 συλλογιστικὴν
1243 2388 1435 2456 σοφίαν
1461 2389 1686 2458 ἐλέγξας
1717 2389 1806 2443 διὰ
1827 2391 1924 2461 τῆς

332 2481 718 2550 ἀσυλλογίστου
745 2480 1029 2552 δυνάμεως
1052 2519 1065 2543 ,
1115 2479 1214 2551 τὴν
1243 2481 1429 2534 πίστιν
1461 2481 1627 2552 μόνην
1654 2481 1924 2552 λαμϐάνει

332 2574 471 2645 πρὸς
518 2572 794 2644 σωτηρίαν
834 2571 944 2625 τῶν
993 2571 1054 2624 τὸ
1099 2572 1362 2643 κήρυγμα
1410 2573 1738 2643 δεχομένων.
1786 2573 1924 2626 Οὐδὲ

330 2661 692 2734 ἀποκρίνεται
725 2660 844 2725 πῶς
888 2662 919 2714 6
963 2661 1153 2734 Πατὴρ
1182 2661 1411 2726 ἀπαθῶς
1441 2663 1605 2734 γεννᾷ
1636 2663 1729 2716 τὸν
1767 2663 1920 2729 Υἱὸν,

331 2754 422 2808 ἵνα
456 2755 532 2825 μὴ
558 2753 770 2825 κενωθῇ
794 2753 854 2806 τὸ
885 2753 1184 2824 μυστήριον
1208 2754 1308 2824 τῆς
1337 2755 1402 2807 ὲκ
1441 2754 1654 2826 Πατρὸς
1674 2754 1924 2826 υίότητος

330 2840 425 2894 τοῦ
471 2839 832 2909 Μονογενοῦς.
899 2840 1060 2894 Ἀλλά
1111 2841 1533 2914 μωραινομένην
1569 2843 1670 2916 τὴν
1730 2846 1924 2914 σοφίαν

328 2931 440 2988 τῶν
480 2933 720 2986 συνετῶν
755 2931 938 3002 (καθὰ
982 2932 1333 3003 γέγραπται·
1368 2933 1495 2987 Ποῦ
1544 2934 1738 3004 σοφὸς
1762 2975 1776 2999 ,
1805 2936 1923 2992 ποῦ

325 3025 725 3096 γραμματεὺς,
760 3024 880 3079 ποῦ
911 3023 1251 3093 συζῖιτητὴς
1275 3024 1382 3080 τοῦ
1410 3024 1627 3093 αἰῶνος
1652 3028 1864 3082 τούτου
1880 3027 1921 3099 ;)

326 3117 601 3189 ἐλέγχων,
635 3119 738 3171 οὐκ
787 3120 844 3172 ὲν
876 3116 1039 3189 σοφίᾳ
1062 3117 1222 3186 λόγου
1243 3159 1257 3186 ,
1293 3117 1380 3171 ἵνα
1424 3118 1499 3191 μὴ
1529 3119 1616 3173 διά
1653 3119 1722 3174 τά
1749 3122 1813 3175 ἐκ
1837 3121 1922 3174 λο-

326 3209 544 3280 γισμῶν
565 3210 978 3274 ὑποπτευόμενα
1003 3208 1247 3281 κενωθῇ,
1273 3211 1437 3281 φημὶ,
1463 3211 1692 3282 εὐσεϐὴς
1719 3211 1915 3279 ἔννοια,

325 3303 362 3374 ἡ
385 3303 516 3374 περὶ
541 3301 756 3375 Πατρὸς
789 3304 886 3356 καὶ
916 3299 1048 3356 Υἱοῦ
1072 3316 1085 3328 ·
1122 3301 1237 3354 ἀλλ’
1265 3301 1495 3366 ἀπαθῶς
1529 3303 1749 3376 Πατέρα
1774 3345 1789 3371 ,
1825 3305 1920 3359 καὶ

325 3394 458 3448 Υίὸν
483 3435 502 3459 ,
559 3395 780 3465 Πατέρα
847 3394 948 3466 μὲν
1008 3393 1068 3460 ἐξ
1117 3393 1312 3448 ἑαυτοῦ
1371 3395 1742 3464 γεγεννηκότα
1790 3395 1918 3450 ἀνευ

326 3487 629 3559 ἀπορροίας
653 3488 748 3540 καὶ
777 3486 985 3550 πάθους
1015 3486 1108 3539 τὸν
1137 3486 1264 3539 Υἱὸν
1282 3525 1297 3550 ,
1327 3486 1454 3540 Υἱὸν
1482 3487 1539 3540 δὲ
1563 3488 1780 3558 ὅμοιον,
1824 3488 1920 3542 καὶ

326 3580 446 3634 κατ’
486 3580 676 3634 οὑσίαν
707 3581 771 3632 ἐκ
793 3577 886 3633 τοῦ
914 3577 1161 3650 Πατρὸς,
1187 3577 1392 3632 τέλειον
1433 3580 1497 3632 ἐκ
1525 3579 1730 3636 τελείου
1759 3619 1775 3642 ,
1823 3596 1920 3650 μο-

326 3673 521 3745 νογενῆ
569 3671 900 3737 ὑποστάντα,
937 3673 1052 3736 τοῖς
1109 3674 1355 3736 πιστοῖς,
1405 3671 1439 3743 ἢ
1501 3673 1917 3744 ὲποπτευόμενα

327 3764 731 3833 ἀσυλλογίστως
779 3761 1027 3836 κηρύξει.
1071 3763 1194 3818 Τῶν
1233 3763 1343 3836 γὰρ
1372 3765 1591 3818 ἀτόπων
1617 3765 1800 3830 ἐστὶν,
1852 3766 1918 3818 ὲκ

326 3856 494 3927 σοφοῦ
523 3857 659 3911 Θεοῦ
684 3857 876 3926 σοφίαν
900 3855 1276 3927 ὑφισταμένην
1307 3856 1596 3922 ἀκούοντα,
1631 3856 1708 3920 ὡς
1735 3856 1919 3925 σοφῶς

325 3951 434 4009 οἶδε
472 3954 574 4024 τῆς
628 3953 688 4020 ἐξ
749 3950 946 4006 ἑαυτοῦ
1001 3950 1356 4023 γεννηθείσης
1416 3950 1610 4017 σοφίας
1663 3949 1916 4019 γενέσθαι

325 4043 520 4116 Πατὴρ
543 4085 558 4108 ,
596 4043 766 4107 πάθος
791 4044 991 4096 ἐννοεῖν
1022 4041 1152 4112 περὶ
1187 4041 1287 4114 τὴν
1329 4040 1520 4111 σοφίαν
1556 4040 1914 4111 ὑφίστασθαι,

323 4137 375 4188 εἰ
406 4134 589 4206 μέλλοι
623 4133 682 4199 ἐξ
706 4132 872 4188 αὑτοῦ
899 4131 1021 4186 κατ’
1045 4131 1233 4186 οὑσίαν
1263 4132 1423 4204 όμοία
1447 4131 1526 4203 τῷ
1566 4131 1714 4204 σοφῷ
1741 4133 1773 4203 ἡ
1823 4149 1916 4185 σο-

325 4227 426 4298 φία
452 4226 799 4297 ὑφίστασθαι.
833 4226 894 4278 Εἰ
930 4222 1040 4294 γὰρ
1080 4225 1216 4294 μήτε
1256 4225 1284 4277 6
1311 4223 1471 4294 σοφὸς
1497 4222 1632 4287 Θεὸς
1658 4223 1874 4294 μεθέξει
1895 4224 1916 4256 ⁵

326 4318 522 4388 σοφίας
567 4317 836 4380 συνθέτως
865 4316 1026 4386 σοφὸς
1061 4319 1196 4388 ἡμῖν
1243 4319 1466 4380 νοεῖται,
1525 4315 1641 4368 ἀλλ’
1690 4315 1916 4368 ἀσυνθέ-

950 423 1320 482 ADVERSUS
1363 426 1706 483 HIERESES
1744 426 1874 483 LIB.

2057 430 2221 489 TOM.
2263 434 2306 487 1.
2347 462 2417 474 -
2456 430 2732 488 ΗΕΒΕΞ.
2761 430 2994 486 LXXI".

1853 549 1927 621 μὴ
1957 555 2005 612 Α
2104 551 2191 606 Vl.
2237 550 2356 606 Jam
2389 551 2434 606 si
2462 559 2749 622 propterea
2774 549 2922 619 quod
2949 563 3017 603 eo
3047 554 3335 619 penetrare
3375 545 3611 598 humana

3509 429 3611 485 ιιι

2031 641 2174 696 ratio
2206 650 2462 712 nequeat,
2510 656 2632 696 eam
2672 641 2727 694 in
2767 655 2890 696 sese
2929 638 3299 708 cognitionem
3348 633 3612 689 informet

2031 733 2326 804 quispiam,
2368 741 2428 787 ut
2461 733 2793 803 passionem,
2839 739 2936 784 aut
2965 728 3314 790 divisionem,
3347 733 3444 780 aut
3487 738 3612 794 pro-

2030 823 2252 879 ﬂuvium
2298 823 2505 894 aliquid
2555 821 2705 876 Patri
2754 819 3108 874 tribuendum
3155 824 3328 887 putet,
3383 815 3430 870 si
3483 813 3614 869 con-

2029 924 2234 986 tempta
2266 914 2392 970 ﬁdei
2433 915 2642 986 regula,
2675 929 2797 985 quae
2831 914 2920 982 pie
2951 913 3018 967 de
3045 910 3208 964 Patre
3245 923 3310 963 ac
3350 906 3492 962 Filio
3520 923 3613 963 co-

2030 1009 2185 1078 gitat,
2222 1007 2488 1063 rationem
2519 1022 2549 1060 a
2588 1006 2749 1061 nobis
2795 1006 2997 1074 exigat,
3032 1000 3278 1058 vicissim
3322 1001 3390 1054 ab
3430 1015 3496 1054 eo
3527 1015 3613 1056 re-

2029 1097 2304 1170 poscenda
2337 1097 2478 1151 ratio
2508 1105 2614 1163 est,
2664 1095 2943 1166 quomodo
2979 1095 3035 1148 in
3081 1108 3246 1147 cruce
3277 1090 3503 1146 suﬂixus
3543 1092 3614 1144 sit

2029 1190 2195 1245 Deus.
2236 1187 2374 1243 Tum
2403 1203 2512 1259 quo
2541 1195 2702 1258 pacto
2740 1185 3042 1256 evangelici
3071 1183 3328 1254 praeconii
3359 1183 3614 1250 stultitia,

2029 1296 2150 1351 qua:
2183 1280 2336 1335 rudis
2379 1295 2444 1334 ac
2478 1280 2626 1334 nulla
2661 1276 3079 1332 ratiocinatione
3116 1275 3246 1329 nixa
3307 1273 3451 1345 apud
3489 1274 3616 1329 illos

2028 1380 2308 1438 censetur,
2340 1373 2432 1442 qui
2472 1371 2527 1426 in
2578 1371 2680 1424 hoc
2716 1369 2920 1423 mundo
2956 1368 3232 1438 sapientes
3265 1381 3388 1422 esse
3424 1364 3615 1420 viden-

2028 1471 2140 1528 tur,
2181 1463 2482 1532 sapientior
2519 1462 2590 1518 sit
2621 1461 2958 1516 hominibus.
3006 1458 3156 1525 Quos
3184 1459 3348 1514 etiam
3379 1457 3531 1511 nullo
3560 1457 3616 1512 in

2026 1554 2153 1609 loco
2193 1554 2346 1610 ducit
2401 1554 2718 1625 Apostolus,
2752 1553 2847 1624 qui
2896 1553 3100 1606 virtute
3155 1565 3219 1604 ac
3269 1549 3514 1620 potentia
3549 1549 3616 1604 ab

2025 1648 2176 1702 omni
2235 1647 2681 1719 syllogismorum
2748 1645 2926 1699 aliena
2977 1643 3138 1708 fuco,
3201 1641 3616 1697 dialecticorum

2029 1741 2277 1795 omnium
2326 1740 2652 1810 sapientiam
2696 1737 2958 1792 stultitia;-
2995 1736 3293 1791 damnavit.
3342 1733 3434 1789 Sic
3469 1733 3616 1789 enim

2028 1832 2310 1902 loquitur:
2358 1830 2487 1885 Veni
2521 1830 2832 1901 mysterium
2875 1827 2976 1882 Dei
3020 1826 3162 1882 vobis
3208 1827 3483 1892 nuntians,
3513 1840 3617 1879 non

2027 1939 2146 1977 cum
2202 1922 2467 1992 sapientia
2526 1920 2820 1984 sermonis,
2881 1927 2940 1972 ut
2997 1935 3102 1973 non
3157 1926 3436 1972 evacuatur
3486 1931 3616 1970 om

2026 2013 2230 2068 Christi
2267 2013 2310 2068 ⁸.
2347 2011 2716 2079 Quamobrem
2763 2011 2856 2082 qui
2897 2009 3169 2066 sermonis
3209 2009 3482 2080 sapientia
3512 2007 3610 2067 ire,

2026 2112 2118 2160 tus
2145 2104 2392 2175 mysterii
2423 2103 2571 2160 illius
2614 2103 2881 2157 rationem
2913 2102 3153 2172 postulat
3185 2108 3240 2156 et
3273 2099 3341 2154 ad
3375 2098 3616 2156 stultitia

2026 2197 2334 2251 convictam
2363 2195 2511 2250 illam
2545 2193 2868 2266 sapientiam
2900 2193 3178 2264 ascriptus
3211 2201 3317 2258 est,
3353 2194 3618 2266 mysterio

2028 2289 2189 2345 tidem
2222 2288 2470 2357 abroget.
2504 2286 2959 2357 Quandoquidem
2988 2285 3194 2342 Paulus
3230 2285 3500 2342 sermonis
3527 2301 3616 2342 sa-

2026 2379 2247 2450 pientiae
2279 2378 2490 2434 diﬂisus
2535 2388 2642 2442 est,
2678 2388 2737 2433 ut
2777 2396 2845 2433 ne
2873 2377 3080 2434 Christi
3117 2395 3253 2435 crux
3289 2393 3464 2432 vacua
3495 2379 3603 2434 red-

2025 2473 2270 2530 deretur.
2302 2471 2461 2538 Quod
2503 2472 2550 2527 si
2585 2471 2792 2542 aliquid
2837 2487 2900 2527 ea
2948 2472 3016 2528 de
3061 2488 3122 2528 re
3161 2471 3474 2542 respondet,
3509 2487 3618 2527 non

2023 2563 2079 2618 id
2107 2580 2176 2619 ex
2223 2565 2328 2620 ista
2365 2566 2640 2619 sermonis
2669 2563 2937 2633 sapientia
2983 2562 3137 2628 facit,
3171 2563 3267 2620 sed
3299 2564 3350 2619 vi
3377 2563 3616 2634 quadarn

2023 2656 2467 2712 ratiocinationis
2523 2663 2749 2726 experte
2801 2655 3146 2710 dialecticam
3179 2656 3344 2727 852
3402 2671 3619 2712 omnem

2022 2749 2278 2818 peritiam
2339 2748 2663 2805 stoliditatis
2713 2750 3072 2814 convincens,
3133 2749 3200 2803 ad
3248 2753 3462 2814 eoru‘m,
3526 2749 3618 2820 qui

2023 2841 2400 2911 evangelicum
2449 2841 2788 2911 praeconium
2821 2840 3146 2904 admittunt,
3193 2842 3429 2898 salutem
3483 2842 3620 2896 nihil

2024 2940 2227 3001 praeter
2267 2931 2427 2989 [idem
2468 2932 2839 2988 adhibendum
2881 2941 3056 3004 putat.
3091 2931 3278 3002 Neque
3316 2949 3447 2989 vero
3479 2949 3621 3005 quae-

2024 3023 2189 3079 stioni
2240 3023 2321 3078 illi
2355 3025 2677 3096 respondet,
2728 3040 2968 3096 quonam
3015 3034 3178 3096 pacto
3213 3024 3411 3080 Filium
3459 3025 3620 3081 Pater

2023 3117 2162 3170 citra
2193 3116 2506 3187 passionem
2542 3119 2750 3190 gignat,
2779 3134 2848 3173 ne
2874 3117 3233 3189 proprietatis
3271 3117 3420 3185 Filii,
3452 3133 3615 3190 quam

2024 3203 2353 3276 Unigenitus
2405 3223 2437 3262 a
2478 3207 2644 3264 Patre
2689 3209 2879 3275 trahit,
2913 3210 3240 3281 mysterium
3292 3211 3456 3268 inane
3489 3211 3616 3268 red-

2023 3299 2238 3354 datur:
2273 3317 2466 3357 verum
2516 3301 2870 3372 prudentium
2918 3301 3204 3364 hominum
3255 3304 3478 3359 stultam
3525 3319 3618 3361 sa-

2021 3393 2284 3462 pientiam
2325 3393 2415 3465 (de
2452 3409 2559 3465 qua
2601 3395 2872 3466 scriptum
2909 3402 3040 3451 est:
3083 3391 3184 3448 Ubi
3224 3397 3477 3466 sapiens?
3526 3396 3619 3452 ubi

2019 3484 2239 3540 scriba?
2263 3486 2351 3538 ubi
2378 3486 2704 3555 conquisitor
2734 3486 2917 3540 swculi
2947 3486 3104 3555 hujus
3136 3488 3215 3560 ’?)
3249 3488 3618 3560 redarguens,

2024 3576 2232 3630 nullam
2270 3576 2361 3631 hic
2412 3578 2742 3648 sapientiam
2782 3581 3056 3636 sermonis
3099 3582 3500 3644 accommodat,
3548 3597 3619 3636 ne

2020 3669 2232 3739 argutis
2293 3670 2428 3726 iisce
2479 3671 2760 3725 rationum
2817 3671 3158 3743 coniecturis
3211 3674 3502 3744 religiosus
3552 3675 3619 3731 de

2019 3759 2182 3817 Patre
2213 3761 2458 3833 Filioque
2489 3778 2690 3818 sensus
2721 3763 2903 3817 inanis
2943 3765 3036 3818 liat
3067 3783 3080 3818 :
3109 3765 3240 3836 quin
3273 3773 3334 3820 ut
3367 3765 3437 3821 ab
3464 3773 3618 3822 utro-

2019 3868 2129 3924 que
2159 3853 2475 3922 passionem
2507 3854 2808 3910 excludens
2838 3870 3079 3921 omnem,
3117 3854 3337 3910 Patrem
3375 3870 3407 3909 a
3437 3857 3619 3926 seipso

2019 3946 2158 3999 citra
2195 3945 2546 4016 proﬂuvium,
2590 3954 2686 4001 aut
2747 3945 3092 4003 aﬂ‘ectionem
3137 3948 3376 4018 aliquam
3419 3947 3618 4003 Filium

2022 4037 2277 4108 genuisse
2314 4038 2564 4094 lidelibus
2591 4037 2856 4093 declaret.
2901 4037 2964 4092 Et
2992 4055 3116 4094 eum
3147 4039 3365 4110 quidem
3396 4038 3618 4102 Filium.

2021 4131 2115 4199 qui
2146 4127 2298 4182 Patri
2330 4129 2548 4193 similis,
2588 4139 2642 4185 et
2674 4130 2744 4186 ab
2771 4130 2964 4186 eodem
3009 4131 3314 4186 secundum
3351 4132 3618 4187 substan-

2021 4222 2153 4274 tiam
2181 4221 2423 4292 genitns,
2456 4221 2735 4292 perfectus
2772 4239 2803 4279 e
2834 4221 3102 4294 perfecto,
3141 4224 3449 4295 unicusque
3479 4225 3616 4280 sub-

2019 4313 2217 4380 sistat;
2269 4322 2438 4385 utque
2491 4315 2598 4370 hoc
2639 4317 2963 4386 mysterium
3001 4315 3122 4372 sine
3173 4316 3616 4372 ratiocinationis

324 4430 434 4476 τως
459 4410 624 4474 αὑτός
663 4413 780 4464 ἐστι
811 4410 1006 4479 σοφὸς,
1061 4409 1250 4473 οὐσίας
1273 4409 1294 4440 ⁸
1333 4409 1471 4475 ἐστὶ,
1511 4409 1649 4479 μήτε
1689 4410 1722 4479 ἡ
1754 4410 1917 4478 σοφία

2024 4403 2365 4460 adminiculo
2405 4407 2521 4461 sola
2575 4409 2854 4478 cognitum
2905 4409 3367 4480 contemplatione
3412 4408 3615 4479 praedi-

328 4503 478 4556 ὲστὶν
516 4504 545 4556 ὁ
575 4503 736 4565 Υἱὸς,
792 4499 918 4572 ἑξῆς
963 4502 1190 4554 νοεῖται·
1222 4498 1358 4553 ἀλλά
1408 4499 1440 4568 ἡ
1493 4499 1655 4568 σοφία
1685 4498 1914 4563 οὐσίας’

2024 4503 2131 4548 cet.
2171 4493 2268 4549 Est
2302 4498 2449 4551 enim
2499 4498 2793 4554 admodum
2825 4499 3300 4572 ridiculumveum,
3339 4499 3432 4569 qui
3463 4515 3494 4554 a
3523 4516 3614 4554 sa-

329 4593 483 4647 ἐστὶν
537 4592 645 4645 ἀπὸ
698 4590 863 4660 σοφοῦ
913 4590 1102 4654 οὑσίας
1132 4628 1146 4654 ,
1196 4590 1224 4642 ὅ
1273 4591 1390 4642 ἐστι
1425 4588 1588 4659 σοφία
1616 4628 1630 4650 ,
1698 4589 1856 4642 οὑσία
1891 4591 1920 4642 6

2024 4589 2195 4668 pienti
2237 4588 2349 4644 Deo
2389 4591 2720 4662 sapientiam
2755 4592 2909 4648 audit
2952 4593 3242 4657 exsistere,
3292 4607 3392 4662 pro
3441 4608 3508 4647 eo
3549 4609 3614 4646 ac

329 4685 459 4749 Υἱὸς
495 4683 768 4750 ὑποστὰς,
794 4682 959 4754 ὁμοία
1004 4681 1156 4735 ἔσται
1189 4681 1285 4735 καὶ
1331 4681 1452 4734 κατ’
1481 4679 1668 4732 οὐσίαν
1689 4679 1785 4732 τοῦ
1826 4697 1915 4733 σο-

2026 4683 2303 4753 sapienter
2339 4699 2461 4739 sese
2505 4686 2659 4740 novit
2689 4685 2886 4756 genita:
2923 4701 2951 4739 a
2993 4701 3053 4742 se
3083 4686 3363 4756 sapientiae
3398 4684 3612 4738 Patrem

322 4778 427 4848 φοῦ
459 4776 712 4849 Πατρὸς,
742 4775 834 4844 ἀφ’
865 4766 1038 4846 οὗπερ
1077 4771 1287 4844 ὑπέστη
1320 4771 1483 4841 σοφία
1513 4773 1542 4825 6
1575 4771 1724 4836 Υἱός.

2024 4791 2179 4837 esse,
2233 4777 2401 4830 ullam
2456 4777 2548 4832 isti
2606 4778 2894 4849 sapientiae
2952 4778 3267 4848 passionem
3317 4778 3612 4841 ascribere,

319 4885 432 4940 quo
477 4869 546 4924 ab
595 4868 690 4923 illo
728 4866 1030 4923 secundum
1083 4867 1379 4922 essentiam
1428 4865 1660 4934 sapienti
1715 4863 1913 4921 similis
1949 4868 2217 4937 sapientia
2255 4869 2541 4924 subsistat.
2582 4869 2719 4924 Nam
2781 4879 2842 4925 ut
2881 4870 3107 4940 sapiens
3155 4869 3300 4925 Deus
3363 4887 3472 4925 non
3522 4887 3613 4926 sa-

318 4962 548 5032 pientia,
580 4960 732 5014 velut
759 4958 1050 5014 aﬂ‘ectione
1107 4959 1311 5028 aliqua,
1369 4957 1654 5028 praeditus,
1721 4967 1814 5012 aut
1887 4961 2290 5029 compositione
2349 4963 2460 5015 ulla
2513 4963 2734 5033 sapiens
2786 4979 2817 5016 a
2874 4962 3036 5018 nobis
3099 4963 3458 5034 intelligitur;
3515 4961 3613 5018 sed

318 5051 732 5122 simplicissima
766 5051 1000 5114 ratione,
1056 5057 1110 5106 et
1149 5051 1392 5106 essentia
1431 5066 1531 5107 sua
1579 5053 1698 5108 sine
1746 5054 2150 5123 compositione
2199 5056 2422 5125 sapiens
2456 5064 2586 5112 est:
2641 5057 2718 5111 ita
2771 5073 2951 5128 neque
3018 5057 3309 5127 sapientia,
3360 5055 3456 5127 qui
3513 5057 3611 5112 Fi-

319 5149 426 5204 lius
477 5163 604 5204 esse
647 5148 874 5212 dicitur,
927 5146 1142 5202 all‘ectio
1191 5147 1436 5217 putanda
1483 5155 1602 5215 est;
1661 5149 1759 5204 sed
1849 5149 2119 5219 sapientia
2181 5151 2418 5220 ipsamet
2481 5153 2792 5208 substantia
2845 5159 2974 5215 est,
3017 5153 3087 5207 ab
3139 5150 3307 5220 ejus,
3361 5151 3456 5221 qui
3517 5166 3610 5207 sa-

318 5244 478 5314 piens
505 5253 614 5309 est,
670 5243 983 5300 substantia
1036 5244 1323 5314 producta.
1387 5243 1521 5310 Quae
1595 5244 1820 5315 quidem
1877 5245 2147 5316 sapientia
2183 5246 2491 5301 substantia
2574 5248 2696 5316 ipsa
2750 5258 2870 5308 est;
2931 5247 3038 5301 hoc
3127 5254 3213 5302 est
3293 5246 3609 5302 subsistens

318 5334 514 5403 Filius,
539 5337 841 5407 eademque
871 5337 1138 5406 sapientis
1173 5337 1358 5392 Patris
1397 5338 1706 5393 substantia
1742 5337 1939 5394 similis
1968 5353 1999 5392 a
2030 5354 2140 5408 quo
2168 5339 2436 5408 sapientia
2474 5338 2649 5396 Filius
2677 5341 2916 5396 exsistit.

387 5431 463 5483 Z’.
488 5430 581 5483 Διὸ
618 5432 714 5485 καὶ
741 5429 949 5495 εἰωθὼς
985 5433 1014 5485 6
1064 5432 1331 5504 μακάριος
1370 5431 1582 5495 Παῦλος
1621 5430 1803 5494 καλῶς
1842 5430 1912 5484 τά

2097 5429 2203 5484 VII.
2247 5430 2614 5496 Quamobrem
2645 5435 2929 5502 apostolus
2976 5434 3202 5500 Paulus,
3233 5434 3350 5505 qui,
3382 5440 3443 5488 ut
3491 5443 3608 5485 erat

328 5519 600 5592 Ἐϐραίων
635 5521 1068 5592 πεπαιδευμένος
1107 5521 1216 5574 ἀπὸ
1249 5520 1344 5574 τοῦ
1386 5519 1552 5574 αὑτοῦ
1593 5520 1909 5591 Πνεύματος

2024 5518 2296 5577 llebraicae
2326 5523 2521 5587 linguae
2558 5525 2946 5594 peritissimus,
2984 5541 3111 5580 cum
3146 5541 3210 5582 ex
3240 5525 3433 5582 eodem
3481 5522 3606 5593 Spi-

315 5610 412 5664 τοῦ
432 5613 491 5666 ὲν
511 5610 725 5683 Παλαιᾷ
750 5611 846 5665 καὶ
864 5613 1041 5683 Καινῇ
1068 5611 1310 5684 Διαθήκῃ
1336 5611 1669 5683 λαλήσαντος
1691 5610 1788 5676 τάς
1807 5610 1907 5664 αὐ-

2024 5615 2146 5678 ritu,
2182 5616 2276 5684 qui
2331 5621 2385 5669 in
2439 5614 2633 5671 Vetere
2681 5631 2746 5671 ac
2791 5617 2944 5672 Novo
2988 5617 3338 5673 Testamento
3383 5617 3598 5670 locutus

391 5726 530 5798 [γρ.
553 5725 809 5798 λογικῶν.
833 5726 1138 5796 Corruptus
1170 5728 1258 5782 hic
1287 5728 1461 5783 locus.
1541 5724 1652 5798 ’iF.
1686 5728 1721 5798 ἢ
1751 5724 1988 5798 ὑφίστ-ᾼσ

317 5794 647 5921 “Emungi?
703 5798 878 5870 οὐσία,
943 5794 1084 5852 οὕτω
1145 5799 1283 5870 μήτε
1365 5801 1402 5870 ἡ
1459 5797 1620 5871 σοφία
1669 5794 1815 5853 ἐστὶν
1877 5800 1906 5852 6
1939 5794 2114 5863 ‘rng,
2176 5800 2287 5866 ἕξις
2348 5794 2568 5859 νοεῖται.

492 5906 536 5930 Ι,
566 5906 652 5921 ’νο

1993 5745 2049 5803 ξτ-
2108 5729 2128 5760 ³
2151 5730 2277 5803 Cor.
2321 5730 2650 5801 ἀνθρώπων.
2732 5732 2752 5764 ⁸
2779 5749 2870 5803 rp.
2907 5734 3128 5786 ἀπιστεῖ
3145 5731 3244 5803 τῷ.
3268 5801 3293 5803 _
3322 5731 3342 5762 ⁸
3370 5729 3431 5783 F.
3455 5729 3591 5803 ἕξει.

2673 5805 2691 5834 ⁷
2749 5783 2841 5861 F'.’
2859 5783 3204 5860 etiam
3233 5783 3380 5859 'Cor.
3423 5816 3466 5870 ι,
3496 5783 3597 5855 ⁷η.
