4134 6386
530 373 634 428 “5

1919 385 1976 441 S.
2013 384 2347 440 ΕΡΙΡΙῙΑΝΙΙ

3661 377 3769 435 ιιϐ

519 491 627 548 est,
645 486 833 535 eadem
856 479 1076 532 haurire
1100 491 1258 531 sensa
1278 476 1654 530 consucvisset
1674 473 1889 529 duobus
1912 494 1940 528 c
1963 475 2101 545 psal-

2197 503 2290 566 τὰς
2314 505 2494 556 ἕλκειν
2524 501 2753 563 ἐννοίας.
2784 498 2974 570 ὥσπερ
3003 496 3111 552 ἀπὸ
3136 495 3243 550 τῶν
3267 495 3362 550 δύο
3382 494 3632 564 ψαλμῶν,
3661 493 3769 549 ἀπὸ

517 579 648 639 mis,
669 573 736 626 ab
762 587 828 625 eo
848 571 1098 626 videlicet
1119 569 1170 623 in
1195 585 1304 638 quo
1325 569 1543 624 canitur
1567 587 1579 622 :
1599 569 1817 621 Iudicia
1840 579 1931 622 tua
1956 572 2111 638 abys-

518 684 609 719 sus
645 665 810 716 multa
835 663 849 694 ¹
874 675 888 724 ;
912 673 964 716 et
988 663 1056 716 ab
1079 661 1207 726 alio,
1234 661 1286 714 in
1309 676 1420 731 quo
1441 661 1703 742 scriptum
1737 671 1860 717 est:
1899 659 2112 716 Semita:

519 769 624 814 true
650 760 701 812 in
724 757 874 828 aquis
898 757 1097 822 multis,
1116 767 1162 812 et
1189 758 1408 827 vestigia
1427 766 1518 811 tua
1539 773 1639 809 non
1663 759 2109 828 cognoscentur‘;

521 852 668 906 illam
692 851 758 906 de
793 849 1121 920 Deijudiciis
1148 850 1475 904 sententiam
1505 849 1786 920 paululum
1811 850 2112 904 immutatis

517 943 845 1014 quibusdam
879 943 1174 998 transtulit.
1216 943 1352 999 Nam
1392 959 1490 1013 pro
1529 943 1598 999 iis
1624 943 1804 999 verbis
1833 963 1846 998 :
1875 942 2110 1014 Abyssus

517 1036 708 1098 multa,
731 1035 979 1105 scripsit:
1003 1034 1048 1090 0
1072 1037 1299 1090 altitudo
1329 1034 1664 1091 divitiarum'
1681 1034 1807 1092 lPro
1833 1037 1919 1092 his
1939 1053 2065 1091 vero
2095 1054 2108 1091 :

519 1127 736 1184 Semitie
757 1139 863 1183 tute
886 1129 938 1182 in
966 1130 1116 1200 aquis
1137 1129 1353 1193 multis;
1376 1140 1425 1183 et
1449 1130 1667 1201 vestigia
1687 1140 1778 1183 tua
1805 1146 1907 1184 non
1927 1146 2114 1200 cogno-

514 1230 756 1285 scentur;
771 1222 988 1292 scripsit
1006 1241 1019 1277 :
1038 1219 1434 1292 Investigabiles
1451 1239 1470 1288 ,'
1487 1238 1583 1293 pro
1601 1223 1685 1276 his
1702 1232 1881 1277 autem
1901 1225 2106 1279 verbis:

513 1311 730 1368 Iudicia
757 1324 848 1369 tua
885 1314 1106 1386 nbgssus
1140 1316 1307 1370 multa
1329 1359 1344 1383 ,
1367 1316 1652 1372 substituit
1668 1317 1832 1389 853
1855 1319 1989 1384 hinc,
2011 1317 2111 1374 In-

510 1409 825 1462 scrutabilia
838 1409 1052 1478 judicia
1074 1410 1189 1478 ejus
1207 1411 1248 1466 ¹⁸.
1267 1411 1350 1464 Ad
1373 1412 1624 1466 eumdem
1651 1413 1870 1466 modum
1896 1428 2019 1468 cum
2043 1413 2112 1468 ab

513 1503 630 1572 ipsa
658 1501 937 1572 Sapientia
962 1512 1206 1558 mutuam
1232 1502 1428 1573 ipsius,
1453 1519 1516 1557 ac
1547 1502 1724 1559 Patris
1758 1519 1881 1559 cum
1909 1504 2112 1560 inﬁmis

513 1593 663 1648 hisce
701 1595 1168 1664 comparationem
1215 1594 1702 1663 habitudinemque
1744 1595 2110 1663 cognovisset,

513 1686 788 1757 propriam
813 1685 1013 1751 Patris,
1041 1702 1105 1740 ac
1129 1685 1274 1750 Filii,
1303 1696 1356 1741 et
1382 1702 1569 1741 eorum
1591 1703 1714 1757 qua:
1740 1702 1836 1757 per
1855 1685 2052 1742 Filium
2081 1703 2111 1742 a

2195 596 2289 650 τοῦ
2315 613 2373 647 τε
2395 593 2640 662 λέγοντος
2661 610 2673 621 ·
2722 593 2797 646 Τὰ
2821 589 3070 659 κρίματὰ
3102 606 3218 643 σου
3250 588 3520 652 ἄϐυσσος
3543 586 3764 652 πολλὴ.

2198 688 2290 740 καὶ
2321 685 2428 740 ἀπὸ
2461 684 2554 737 τοῦ
2576 724 2590 747 ,
2631 685 2701 736 Αἱ
2747 683 2930 749 τρίόοι
2967 695 3083 734 σου
3141 680 3210 732 ἐν
3247 678 3428 732 ὕδασι
3481 676 3753 741 πολλοῖς·

2197 779 2295 832 καὶ
2325 779 2398 832 τὰ
2428 778 2567 846 ιχνη
2601 792 2718 829 σου
2744 776 2816 828 οὐ
2855 771 3330 843 γνωσθήσονται,
3365 769 3456 822 τὸν
3489 768 3617 839 περὶ
3647 783 3758 836 κρι-

2199 871 2384 941 μάτων
2423 868 2516 922 τοῦ
2547 866 2682 921 Θεοῦ
2727 865 2882 934 λόγον
2933 863 3250 934 μετέὸαλεν,
3297 861 3442 916 Ἀντὶ
3497 860 3598 930 μὲν
3647 857 3761 922 τοῦ,

2201 963 2508 1026 Ἀὅυσσος
2533 957 2733 1025 πολλὴ
2751 997 2764 1020 ,
2789 957 2870 1019 τὸ,
2900 951 2968 1008 Ὦ
2999 953 3192 1022 ,ϐάθος
3217 953 3523 1008 πλούτου]
3558 951 3677 1004 ἀντὶ

2195 1053 2328 1117 τοῦ,
2381 1056 2449 1108 At
2479 1052 2661 1120 τρίόοι
2705 1064 2821 1102 σου
2875 1048 2944 1100 ἐν
2992 1044 3172 1099 ὕδασι
3223 1043 3510 1109 πολλοῖς·
3542 1041 3638 1095 καὶ
3694 1040 3765 1094 τὰ

2197 1145 2338 1214 ιχνη
2369 1158 2486 1197 σου
2514 1143 2584 1194 οὐ
2617 1137 3091 1209 γνωσθήσονται,
3119 1135 3202 1197 τὸ,
3253 1132 3725 1202 Ἀνεξιχνίαστοι
3747 1147 3758 1160 ·

2197 1241 2318 1296 ἀντὶ⁹
2353 1239 2412 1292 δὲ
2460 1235 2594 1301 τοῦ,
2639 1236 2716 1290 Τὰ
2760 1229 3011 1303 κρίματά
3046 1247 3162 1284 σου
3214 1228 3483 1292 ἄϐυσσος
3538 1222 3761 1291 πολλὴ.

2195 1330 2294 1396 τὸ,
2340 1327 2800 1395 Ἀνεξερεύνητα
2848 1323 2917 1376 τὰ
2963 1318 3216 1389 κρίματά
3263 1334 3401 1372 σου.
3457 1315 3612 1369 Οὕτω
3673 1314 3766 1366 καὶ

2197 1421 2326 1493 παρ’
2366 1419 2533 1489 αὑτῆς
2579 1416 2680 1486 τῆς
2719 1413 2919 1482 Σοφίας
2952 1411 3051 1482 τὴν
3096 1412 3223 1480 περὶ
3275 1407 3473 1475 ἑαυτῆς
3524 1403 3616 1457 καὶ
3671 1399 3764 1454 τοῦ

2195 1511 2446 1583 Πατρὸς,
2499 1509 2592 1564 καὶ
2630 1507 2729 1577 τὴν
2782 1503 2916 1573 πρὸς
2953 1502 3081 1554 τάδε
3129 1500 3395 1568 γενόμενα.
3434 1495 3617 1564 σχέσιν
3666 1509 3760 1564 μσ-

2196 1601 2339 1666 θὼν,
2393 1601 2451 1652 ὲν
2506 1600 2620 1660 τοῖς
2665 1593 2858 1648 ἑαυτοῦ
2913 1595 3044 1663 ἡμῖν
3089 1591 3187 1660 τὴν
3227 1589 3354 1660 περὶ
3414 1584 3627 1656 Πατρὸς
3675 1583 3770 1635 καὶ

2196 1691 2363 1758 Υῐοῦ,
2393 1693 2485 1746 καὶ
2509 1690 2617 1744 τῶν
2655 1691 2719 1742 ἐκ
2748 1687 2960 1757 Πατρὸς
3005 1685 3071 1738 δι’
3109 1681 3238 1736 Υἱοῦ
3277 1679 3576 1750 γεγονότων
3624 1693 3768 1746 παρ-

515 1779 677 1836 Patre
708 1779 970 1849 producta
1005 1789 1156 1842 sunt,
1192 1781 1470 1834 notionem
1509 1781 1626 1835 suis
1671 1781 1726 1834 in
1767 1779 1988 1850 scriptis
2017 1796 2101 1835 ex.

2199 1786 2410 1856 ίστησιν
2463 1782 2690 1836 ἔννοιαν.
2734 1779 2844 1849 Τῆς
2880 1779 2990 1848 γὰρ
3026 1775 3221 1843 Σοφίας
3272 1771 3570 1842 εἰπούσης·
3625 1766 3771 1836 Ἐγὼ

512 1873 730 1942 pressit.
758 1868 894 1923 Nam
932 1885 1057 1923 cum
1099 1867 1375 1937 Sapientia
1405 1869 1636 1924 dixisset
1666 1885 1681 1923 :
1712 1869 1822 1941 Ego
1848 1870 2101 1940 sapientia

2197 1879 2237 1946 ἡ
2288 1854 2476 1944 σοφία
2528 1870 2966 1939 κατεσκήνωσα
3013 1864 3259 1932 ,βουλὴν
3287 1904 3301 1926 ,
3352 1864 3447 1916 καὶ
3503 1860 3570 1914 τὰ
3621 1858 3768 1930 ἑξῆςν

510 1962 690 2015 habito
720 1963 774 2014 in
808 1962 1026 2016 consilio
1048 1963 1090 2029 ⁸,
1109 1972 1238 2025 etc.,
1267 1972 1382 2016 tum
1423 1963 1488 2017 ad
1527 1978 1648 2017 eam
1675 1963 2101 2033 procreationem

2197 1969 2291 2025 καὶ
2325 1966 2637 2040 μεταϐάσης
2666 1965 2745 2026 εἰς
2772 1963 2864 2016 τὸν
2889 1961 2955 2013 δι’
2983 1955 3042 2015 οῦ
3077 1959 3247 2026 Λόγον
3265 1975 3276 1987 ·
3309 1957 3497 2028 εἴρηκε
3526 1954 3654 2024 γὰρ.
3689 1949 3768 2004 Δι’

511 2055 1178 2125 administrationemque,
1213 2071 1335 2124 qua:
1378 2055 1772 2112 interveniente
1798 2055 1978 2113 Verbo
2020 2057 2101 2121 ﬁt,

2197 2060 2340 2131 ἐμοῦ
2369 2058 2651 2125 ,βασιλεῖς
2679 2075 2691 2086 ·
2727 2057 2820 2109 καὶ
2859 2055 2940 2119 τὸ,
2994 2052 3134 2106 Ἐὰν
3171 2041 3500 2118 arari-ele
3533 2043 3674 2114 ὑμῖν
3701 2043 3772 2096 τὰ

507 2147 865 2212 descendens,
887 2163 1010 2202 cum
1036 2148 1106 2200 ita
1134 2147 1504 2216 subjunxisset
1531 2147 1669 2202 :Per
1691 2165 1771 2202 me
1796 2157 2101 2218 reges,etc.l

2197 2154 2269 2209 δι’
2301 2153 2445 2223 ἐμοῦ
2466 2194 2481 2218 ,
2509 2150 2909 2222 μνημονεύσω
2940 2147 3012 2201 τὰ
3040 2147 3140 2200 ἀπ’
3172 2143 3386 2206 αἰῶνος
3412 2138 3735 2209 ἀριθμῆσαι
3753 2153 3766 2166 ·

525 2236 650 2286 item
685 2232 813 2285 illud
850 2250 862 2285 :
904 2231 964 2286 Si
998 2233 1304 2284 nuntiavero
1335 2233 1500 2294 vobis,
1537 2247 1651 2300 qua:
1674 2247 1765 2300 per
1806 2250 1887 2286 me
1927 2235 2100 2303 ﬁunt;

522 2320 936 2375 commemorabo
976 2337 1092 2391 qua:
1131 2337 1164 2373 a
1194 2320 1390 2375 seculo
1419 2329 1541 2373 sunt
1577 2324 1959 2390 percensenda;
1999 2324 2096 2382 de-

521 2411 689 2466 inde:
726 2411 984 2465 Dominus
1012 2411 1207 2464 creavit
1251 2427 1331 2464 me
1378 2411 1588 2463 initium
1634 2412 1839 2465 viarum
1880 2430 2099 2467 suarum

521 2505 574 2555 in
609 2520 766 2572 opera
820 2504 988 2570 ipsius
1016 2516 1035 2555 :
1070 2510 1190 2556 ante
1223 2501 1479 2557 stvculum
1534 2503 1778 2571 fundavit
1829 2520 1944 2569 me;
1977 2516 2098 2560 ante

521 2596 698 2648 onmia
745 2596 921 2664 genuit
979 2609 1106 2649 me:
1145 2610 1269 2648 cum
1326 2594 1462 2658 haec,
1519 2595 1764 2664 inquam,
1823 2594 2098 2666 Sapientia

518 2687 772 2752 dixisset,
806 2687 1099 2756 Apostolus
1146 2701 1244 2756 pro
1287 2702 1353 2742 eo
1398 2688 1544 2757 quod
1585 2695 1691 2751 est,
1730 2689 1962 2754 initium,
2003 2704 2100 2758 po-

520 2779 650 2839 suit,
687 2779 885 2844 primus
910 2797 927 2842 ;
961 2794 1082 2848 pro,
1108 2779 1284 2849 genuit
1313 2795 1412 2842 me,
1440 2779 1681 2848 genitus;
1730 2795 1831 2850 pro
1861 2786 1977 2835 toto
2005 2781 2100 2834 illo

518 2873 783 2934 membro,
835 2869 1046 2924 Creavit
1087 2887 1166 2925 me
1206 2871 1417 2924 initium
1471 2871 1676 2923 viarum
1721 2887 1975 2935 suarum;
2021 2879 2095 2937 et,

516 2961 690 3030 genuit
730 2978 829 3028 me,
869 2961 972 3017 ista
1022 2961 1282 3024 subtexit,
1317 2959 1714 3031 Primogenitus
1745 2962 1913 3014 omnis
1946 2979 2096 3015 crea-

517 3059 732 3118 tura”;
778 3067 877 3122 pro
929 3052 1053 3119 hoc,
1098 3051 1370 3107 Fundavit
1424 3069 1524 3119 me,
1562 3052 1806 3122 scripsit,
1865 3052 1932 3106 In
1984 3053 2096 3121 ipso

519 3153 695 3197 creata
719 3154 840 3197 sunt
869 3145 1066 3199 omnia.
1089 3145 1302 3200 Rursus
1329 3158 1428 3215 pro
1454 3143 1579 3208 hoc,
1605 3159 1698 3212 per
1720 3159 1834 3207 me;
1860 3143 2095 3213 Aposto-

2197 2245 2293 2299 καὶ
2319 2243 2605 2314 εἰπούσης
2648 2240 2868 2308 Κύριος
2905 2236 3108 2292 ἐκτισέ
3137 2252 3212 2305 με
3243 2231 3440 2302 ἀρχὴν
3483 2227 3637 2284 ὁδῶν
3667 2229 3771 2280 αὑ-

2195 2334 2302 2389 τοῦ
2325 2337 2412 2400 είς
2444 2333 2587 2402 ἔργα
2611 2331 2796 2384 αὑτοῦ
2822 2346 2836 2360 ⁸
2876 2329 2988 2397 πρὸ
3031 2326 3135 2381 τοῦ
3162 2325 3376 2388 αἰῶνος
3414 2316 3773 2390 ἐθεμελίωσέ

2190 2442 2268 2494 με
2291 2441 2304 2455 ο
2337 2424 2450 2493 πρὸ
2480 2422 2547 2476 δὲ
2574 2421 2814 2475 πάντων
2845 2417 3027 2489 γεννᾷ
3061 2435 3137 2487 με
3162 2433 3174 2445 ο
3212 2415 3332 2469 ἀντὶ
3359 2413 3459 2484 μὲν
3487 2410 3581 2464 τοῦ
3611 2449 3626 2471 ,
3670 2409 3773 2476 dp—

2196 2515 2337 2587 χὴν,
2368 2515 2555 2568 ἔλαϐεν
2583 2515 2611 2567 ὁ
2656 2511 2976 2575 Ἀπόστολος
3006 2510 3087 2572 τὸ,
3123 2508 3354 2577 πρῶτος
3377 2523 3390 2535 ·
3423 2505 3542 2557 ἀντὶ
3565 2503 3620 2555 δὲ
3655 2499 3770 2563 τοῦ,

2197 2604 2380 2670 τεν-νᾶ
2409 2623 2512 2669 ue,
2552 2605 2645 2666 τὸ,
2683 2606 2892 2668 τόκος⁶
2934 2602 3055 2655 ἀντὶ
3091 2598 3148 2653 δὲ
3185 2596 3280 2652 τοῦ
3318 2596 3436 2649 ὅλου
3473 2591 3606 2663 ὁμοῦ
3630 2632 3645 2656 ,
3690 2590 3771 2654 τὸ,

2191 2696 2463 2756 Ἕκτισέτ
2474 2712 2551 2765 με
2580 2692 2778 2764 ἀρχὴν
2802 2691 2955 2747 ὁδῶν
2985 2691 3170 2745 αὑτοῦ
3193 2709 3204 2720 ·
3240 2689 3332 2742 καὶ
3363 2685 3543 2756 γεννᾷ
3563 2700 3659 2754 με.
3690 2683 3772 2745 τὸ,

2197 2786 2569 2851 πρωτότοκος
2616 2784 2818 2852 πάσης
2852 2783 3101 2848 κτίσεως
3129 2799 3142 2811 ·
3184 2781 3305 2835 ἀντὶ
3355 2779 3411 2832 δὲ
3442 2777 3536 2830 τοῦ
3562 2817 3576 2840 ,
3620 2777 3775 2830 Ἐθε-

2191 2873 2484 2941 μελίωσε,
2514 2875 2576 2927 τὸ
2599 2913 2615 2938 ,
2660 2875 2762 2930 Ἐν
2800 2872 2960 2937 αὐτῷ
2989 2873 3233 2938 ἐκτίσθη
3273 2870 3346 2923 τὰ
3383 2868 3609 2922 πάντα·
3655 2863 3775 2918 ἀντὶ

2196 2963 2253 3016 δὲ
2286 2962 2410 3027 τοῦ,
2442 2963 2515 3018 δι’
2543 2963 2708 3034 ἐμοῦ,
2750 2968 2827 3018 Τὰ
2853 2964 2952 3019 ἀπ’
2980 2963 3218 3028 αἰῶνος,
3251 2961 3369 3015 εἴτε
3404 2961 3622 3029 θρόνοι,
3657 2957 3775 3009 εἴτε

2197 3055 2559 3124 κυριότητες,
2594 3056 2714 3109 εἴτε
2741 3055 2939 3126 ἀρχαὶ,
2980 3055 3100 3110 εἴτε
3125 3055 3400 3118 ἐξουσίαι
3421 3093 3436 3118 ,
3476 3050 3549 3103 τὰ
3579 3048 3777 3103 πάντα

2197 3144 2271 3199 δι’
2294 3148 2502 3214 αὑτοῦ,
2530 3148 2627 3200 καὶ
2649 3150 2737 3214 εἰς
2765 3148 2953 3202 αὐτὸν
2981 3149 3266 3202 ἔκτισται.

493 3235 623 3302 Ἰυε,
654 3252 771 3306 qua:
816 3254 850 3290 a
908 3237 1102 3292 statuto
1149 3247 1293 3305 sunt,
1339 3239 1446 3292 sive
1489 3238 1689 3302 throni,
1741 3239 1848 3293 sive
1894 3237 2315 3306 dominationes,
2390 3243 2496 3296 sive
2553 3243 2905 3313 principatus,
2949 3245 3053 3298 sive
3097 3250 3404 3312 potestates,
3462 3238 3642 3291 omnia
3686 3249 3776 3303 per

515 3327 706 3396 ipsum,
739 3337 790 3383 et
822 3328 876 3382 in
909 3329 1080 3398 ipsum
1112 3339 1292 3383 creata
1315 3339 1462 3386 sunt.

585 3416 774 3487 Itaque
833 3433 958 3471 cum
1008 3417 1255 3488 Apostoli
1304 3419 1573 3473 sententia
1619 3431 1745 3472 cum
1799 3417 2093 3489 Sapientia:

2266 3413 2492 3468 Πάντων
2523 3409 2616 3468 οὖν
2641 3413 2776 3486 πρὸς
2824 3413 2971 3481 λέξιν
3020 3413 3375 3481 ὲξισαζὸντων
3405 3417 3772 3472 ἁποςτολικῶν

514 3522 648 3563 voce
704 3506 773 3562 ad
842 3507 1068 3563 verbum
1135 3515 1439 3579 congruat,
1495 3510 1642 3563 velut
1703 3510 1915 3563 initium
1968 3525 2092 3564 cum

513 3598 707 3666 primo,
741 3603 795 3652 et
825 3599 999 3668 genuit
1023 3589 1148 3653 cum
1175 3600 1552 3669 primogenitus
1574 3607 1661 3662 ;et
1687 3600 1855 3664 istud,
1880 3600 2090 3654 Creavit

517 3707 598 3743 me
618 3691 829 3743 initium
859 3693 1065 3744 viarum
1089 3707 1311 3745 suarum
1336 3691 1392 3745 in
1417 3705 1575 3759 opera
1599 3691 1784 3760 ipsius,
1811 3706 1935 3744 cum
1967 3691 2092 3755 hoc,

516 3779 906 3850 Primogenitus
931 3781 1098 3835 omnis
1121 3790 1377 3835 creatura:
1402 3799 1417 3848 ;
1471 3782 1598 3836 item
1618 3797 1715 3852 pro
1728 3781 1969 3851 fundavit
1994 3799 2094 3849 me,

516 3870 633 3924 haec
663 3870 828 3924 verba
860 3870 1157 3926 substituta
1195 3872 1325 3934 sint,
1359 3871 1414 3923 in
1447 3871 1558 3938 ipso
1595 3883 1777 3925 creata
1808 3881 1966 3935 sunt;
1999 3887 2098 3940 pro

518 3961 621 4015 hoc
655 3977 783 4016 vero
807 4002 821 4027 ,
863 3979 955 4032 per
983 3979 1094 4028 me,
1134 3963 1277 4018 istud
1300 4001 1316 4027 ,
1348 3978 1439 4032 per
1489 3963 1698 4032 ipsum,
1747 3963 2096 4018 manifestum

513 4061 601 4107 est
646 4053 893 4124 imaginis
928 4070 1126 4110 nomen
1158 4055 1299 4110 citra
1356 4054 1670 4126 passionem
1723 4057 2014 4126 usurpari;
2045 4063 2100 4111 et

517 4159 616 4214 pro
651 4144 782 4199 iisce
815 4145 1015 4210 verbis,
1051 4143 1163 4216 Ego
1195 4144 1482 4215 sapientia,
1515 4145 1755 4214 positum
1783 4145 1977 4201 fuisse.
2020 4145 2098 4201 Ac

518 4235 744 4305 proinde
775 4235 918 4291 sicut
950 4237 1222 4309 sapientia
1252 4238 1519 4308 sapientis
1552 4236 1726 4292 Filius
1749 4281 1762 4304 ,
1793 4239 2099 4294 substantia

518 4327 835 4383 substantiae
864 4338 948 4384 est
981 4346 995 4384 :
1038 4330 1122 4384 sic
1153 4329 1449 4400 imaginem
1493 4329 1814 4385 substantia:
1865 4345 1987 4385 esse
2026 4331 2102 4385 si-

519 4421 721 4476 milem.
754 4419 834 4476 Ex
867 4437 977 4492 quo
1003 4422 1223 4493 quidem
1259 4421 1440 4493 imago
1479 4421 1598 4488 Dei,
1630 4423 1724 4492 qui
1767 4421 1937 4478 videri
1966 4438 2099 4478 ocu-

518 4513 585 4566 lis
620 4529 728 4567 non
773 4520 986 4584 potest,
1032 4514 1136 4569 hoc
1183 4523 1268 4570 est
1296 4513 1493 4576 Filius,
1529 4513 1867 4585 intelligitur.
1905 4513 1982 4567 Ita
2013 4514 2095 4568 di-

516 4606 728 4660 ctiones
764 4619 954 4660 omnes
982 4605 1048 4659 ad
1082 4606 1347 4661 amussim
1387 4605 1781 4676 respondentes
1813 4605 2094 4660 habemus.

517 4695 588 4752 Ut
627 4706 755 4766 puta
787 4711 886 4766 pro
924 4697 1182 4766 sapiente.
1217 4697 1384 4764 Deus;
1429 4713 1525 4768 pro
1554 4697 1814 4763 sapientia
1836 4737 1849 4760 ,
1882 4697 2094 4766 imago;

2197 3507 2274 3570 ὡς
2303 3505 2370 3558 τὰ
2393 3505 2544 3578 παρὰ
2572 3509 2668 3578 τῆς
2696 3507 2913 3576 Σοφίας,
2937 3507 3181 3560 τουτέστι
3206 3507 3297 3561 τοῦ
3321 3525 3378 3560 τε
3408 3509 3607 3577 ἀρχὴν
3638 3512 3774 3584 πρὸς

2194 3599 2256 3650 τὸ
2293 3597 2542 3666 πρῶτος,
2594 3597 2688 3651 καὶ
2728 3597 2821 3651 τοῦ
2879 3597 3099 3667 raw-gi“
3127 3601 3518 3668 πρωτότοκος,
3571 3603 3662 3655 καὶ
3692 3603 3774 3668 τὺ,

2198 3689 2437 3744 Ἐκτισέ
2454 3707 2532 3760 με
2554 3689 2752 3760 ἀρχὴν
2789 3688 2946 3744 ὁδῶν
2991 3691 3199 3754 αὐτοῦ,
3245 3694 3334 3757 εὶς
3379 3693 3526 3761 ἔργα
3567 3695 3774 3759 αὐτοῦ,

2199 3781 2334 3853 πρὸς
2368 3781 2448 3845 τὸ,
2481 3783 2862 3850 Πρωτότοκος
2896 3781 3101 3849 πάσης
3127 3783 3374 3848 κτίσεως
3395 3798 3407 3812 ·
3441 3785 3562 3837 ἀντὶ
3586 3785 3640 3838 δὲ
3661 3786 3776 3850 τοῦ,

2209 3872 2592 3942 Ἐθεμελίωσέ
2622 3891 2720 3943 με,
2754 3874 2834 3938 τὸ,
2865 3875 2978 3942 ,Ἐν
3029 3874 3189 3940 αὐτῷ
3233 3875 3501 3943 ἐκτίσθη·
3552 3876 3671 3930 ἀντὶ
3717 3877 3776 3930 δὲ

2195 3965 2312 4026 τοῦ,
2346 3964 2420 4018 δι’
2443 3964 2610 4033 ἐμοῦ,
2650 3965 2726 4028 ὡς
2759 3964 2894 4035 πρὸς
2928 3964 3008 4029 τὸ,
3033 3963 3106 4017 δι’
3136 3965 3355 4018 αὑτοῦ·
3397 3967 3652 4037 φανερὸν,
3683 3970 3778 4022 καὶ

2198 4058 2235 4124 τ’,
2267 4057 2447 4111 εἰκὼν
2474 4060 2574 4112 οὐκ
2616 4059 2673 4110 ὲν
2709 4057 2891 4124 πάθει,
2933 4058 3049 4111 ἀλλ’
3080 4058 3201 4111 ἀντὶ
3243 4058 3360 4122 τοῦ,
3407 4059 3555 4128 Ἐγὼ
3592 4060 3629 4126 ἡ
3671 4077 3776 4113 σο-

2196 4148 2326 4218 φία,
2360 4149 2744 4221 παρείληπται.
2789 4149 2900 4202 Καὶ
2931 4149 3005 4212 ὡς
3037 4151 3070 4220 ὴ
3103 4150 3263 4218 σοφία.
3303 4150 3397 4202 τοῦ
3431 4149 3594 4218 σοφοῦ
3626 4150 3771 4214 Υἱὸς,

2198 4239 2355 4293 οὐσία
2389 4240 2595 4304 οὐσίας,
2651 4241 2824 4303 οὕτως
2854 4242 2886 4311 ὴ
2919 4238 3082 4292 εἰκὼν
3128 4241 3314 4303 οὐσίας
3341 4240 3498 4310 ὁμοία
3528 4241 3659 4293 ἐστι.
3687 4243 3777 4295 Διὸ

2199 4332 2292 4386 καὶ
2319 4330 2480 4384 εἰκὼν
2507 4331 2702 4403 ἐνοήθη
2733 4331 2826 4384 τοῦ
2873 4331 3006 4384 Θεοῦ
3038 4332 3292 4401 ἀοράτου,
3339 4331 3396 4394 ὃς
3445 4333 3593 4385 ἐστιν
3628 4332 3774 4394 Υἱός.

2198 4424 2306 4477 Καὶ
2347 4423 2543 4493 ἔχομεν
2590 4422 2946 4488 ἑξισαζούσας
2995 4422 3093 4486 τὰς
3140 4421 3312 4488 λέξεις
3376 4422 3588 4484 πάσας·
3657 4423 3780 4476 ἀντὶ

2201 4510 2300 4581 μὲν
2345 4511 2438 4564 τοῦ
2472 4513 2689 4580 σοφοῦ,
2729 4511 2790 4565 τὸ
2821 4514 2981 4576 Θεός·
3015 4511 3134 4564 ἀντὶ
3167 4511 3223 4564 δὲ
3261 4512 3371 4578 τῆς
3418 4513 3658 4580 σοφίας,
3693 4513 3775 4576 τὸ,

2197 4601 2374 4655 εἰκών
2396 4617 2409 4630 ·
2435 4602 2555 4656 ἀντὶ
2575 4602 2631 4655 δὲ
2655 4601 2748 4654 τοῦ
2779 4601 2958 4671 ἀρχὴ,
2986 4601 3216 4668 πρῶτος
3239 4617 3252 4630 ⁸
3291 4603 3408 4654 ἀντὶ
3440 4603 3495 4654 δὲ
3522 4602 3614 4654 τοῦ
3649 4619 3779 4671 γεν-

2199 4691 2296 4758 νᾷ,
2326 4692 2407 4757 τὸ,
2468 4694 2670 4758 τόκος·
2704 4693 2823 4745 ἀντὶ
2863 4693 2918 4744 δὲ
2954 4692 3120 4754 ὅλου,
3158 4693 3306 4761 ὁμοῦ
3335 4711 3512 4763 φαμεν
3533 4711 3544 4723 ·
3582 4696 3699 4747 ἀντὶ
3720 4695 3778 4747 δὲ

505 4799 605 4854 pro
644 4781 818 4848 initio,
860 4781 1100 4848 primus;
1155 4792 1253 4845 pro
1304 4777 1500 4846 genuit,
1535 4778 1776 4846 genitus;
1827 4790 1925 4844 pro
1966 4785 2097 4847 toto,

2199 4784 2316 4848 τοῦ,
2365 4783 2580 4853 Ἀρχὴν
2610 4783 2766 4838 ὁδῶν
2792 4784 2978 4838 αὑτοῦ
3033 4785 3237 4838 ἐκτισέ
3263 4803 3341 4855 με
3369 4787 3455 4850 εἰς
3486 4785 3630 4855 ἔργα
3674 4789 3780 4841 αὑ-

512 4890 657 4939 una;
703 4887 803 4943 pro
839 4881 952 4927 toto
998 4870 1090 4925 illo
1130 4870 1398 4931 membro,
1423 4869 1694 4934 videlicet,
1725 4867 1952 4921 Initium
1993 4869 2108 4922 via-

514 4982 632 5020 rum
658 4981 879 5018 suarum
913 4965 1106 5018 creavit
1139 4979 1218 5016 me
1254 4963 1306 5016 in
1344 4979 1501 5031 opera
1532 4979 1651 5024 sua,
1684 4971 1738 5016 et
1774 4963 1952 5032 genuit
1987 4977 2106 5027 me;

513 5059 906 5130 Primogenitus
933 5060 1101 5113 omnis
1129 5069 1406 5110 creaturis.
1437 5056 1568 5110 Item
1595 5071 1692 5125 pro
1727 5055 1972 5124 fundavit
2002 5071 2101 5122 me,

509 5149 576 5203 In
601 5151 716 5220 ipso
746 5160 927 5205 creata
954 5160 1078 5204 sunt
1101 5167 1118 5215 ;
1143 5160 1196 5205 et
1221 5167 1318 5220 pro
1340 5169 1432 5220 per
1463 5169 1563 5217 me,
1595 5150 1788 5204 Omnia
1811 5167 1903 5220 per
1929 5152 2105 5218 ipsum

508 5250 562 5295 et
591 5243 646 5294 in
671 5243 864 5312 ipsum.
899 5241 977 5296 Ex
1001 5243 1202 5313 quibus
1232 5243 1440 5312 liquido
1468 5252 1683 5296 constat
1709 5261 1722 5296 :
1753 5258 1848 5296 cos
1883 5243 1978 5311 qui
2011 5239 2104 5296 Dei

516 5351 624 5391 non
676 5337 1022 5407 aspectabilis
1069 5336 1357 5406 imaginem
1411 5350 1533 5390 esse
1587 5333 1788 5388 Filium
1839 5334 2100 5406 audiunt,

510 5439 566 5485 et
589 5431 958 5495 ,nihilominus
997 5429 1162 5497 huius
1215 5446 1339 5484 cum
1371 5428 1529 5484 Patre
1569 5429 1979 5484 similitudinem
2010 5445 2105 5485 ca-

512 5521 769 5577 lumniari
812 5532 921 5581 tam
956 5523 1298 5594 impudenter
1342 5537 1449 5576 non
1484 5521 1756 5589 dubitant,
1782 5522 1990 5578 erroris
2036 5519 2106 5575 ab

611 5707 623 5735 ¹
658 5704 799 5757 Psai.
827 5720 988 5764 xxxv,
1029 5702 1076 5755 7.
1152 5701 1171 5731 ¹
1198 5699 1340 5754 Psai.
1363 5713 1548 5768 um,
1581 5700 1672 5756 20.
1748 5699 1772 5732 ³
1801 5697 1960 5755 Rom.
1994 5697 2186 5764 31,35.
2263 5697 2438 5756 ‘ibid.
2509 5695 2712 5757 'Prov.
2744 5713 2861 5766 vui,
2897 5695 2960 5751 13
2978 5711 3096 5766 sqq.

426 5748 484 5794 θ
535 5748 995 5840 Τι·.’τξ;ῐ’ὲ›ῑτῖ’”ἱ
1131 5748 1372 5838 suae;

2202 4873 2330 4939 τοῦ,
2388 4875 2483 4927 καὶ
2510 4873 2696 4943 γεννᾷ
2739 4890 2837 4942 με,
2887 4873 2968 4936 τὸ,
3002 4875 3378 4941 Πρωτότοκος
3407 4873 3614 4943 πάσης
3656 4876 3779 4928 κτί-

2201 4979 2354 5030 σεως
2379 4978 2394 4992 ⁶
2433 4965 2553 5017 ἀντὶ
2584 4963 2641 5015 δὲ
2684 4963 2797 5022 τοῦ,
2838 4961 3227 5030 Ἐθεμελίωσέ
3251 4981 3346 5029 με,
3375 4965 3457 5027 τὸ,
3493 4963 3595 5018 Ἐν
3621 4963 3784 5028 αὐτῷ

2201 5057 2446 5124 ἐκτίσθη
2472 5073 2488 5088 ο
2518 5055 2637 5108 ἀντὶ
2689 5054 2744 5107 δὲ
2771 5053 2885 5117 τοῦ,
2922 5054 2996 5108 δι’
3026 5053 3192 5122 ἐμοῦ,
3227 5052 3302 5107 Τὰ
3332 5054 3526 5109 πάντα
3571 5054 3644 5107 δι’
3676 5057 3782 5108 αὺ-

2200 5148 2308 5204 τοῦ
2341 5147 2441 5202 καὶ
2471 5150 2557 5212 εὶς
2581 5147 2786 5200 αὐτόν.
2838 5145 3095 5216 Φανερὸν,
3129 5143 3203 5207 ὡς
3253 5144 3436 5196 εἰκόνα
3487 5145 3784 5208 ἀκούοντας

2200 5241 2291 5293 τὸν
2311 5237 2441 5292 Υἱὺν
2471 5237 2563 5292 τοῦ
2590 5236 2724 5291 Θεοῦ
2755 5234 2847 5290 τοῦ
2867 5235 3098 5307 ἀοράτου
3127 5235 3219 5288 καὶ
3243 5234 3303 5288 οὒ
3314 5253 3413 5298 τως
3437 5236 3666 5299 ἀναιδῶς
3693 5253 3781 5289 σο-

2199 5331 2449 5401 φίζεειθαι
2508 5329 2606 5400 τὴν
2657 5330 2777 5382 κατ’
2811 5329 3001 5382 οὐσίαν
3042 5327 3334 5398 ὁμοιότητα
3361 5327 3455 5380 τοῦ
3484 5328 3613 5380 Υἱοῦ
3645 5329 3785 5399 πρὸς

2197 5426 2420 5496 Πατέρα
2451 5423 2863 5495 ἐπιχειροῦντας
2897 5426 3009 5486 τοῖς
3061 5424 3227 5476 πᾶσιν
3283 5423 3493 5492 ἐλέγχει
3535 5440 3776 5493 παραπε-

2197 5517 2420 5582 σόντας“
2479 5517 2540 5572 οὐ
2568 5515 2778 5580 Παῦλος
2815 5533 2880 5585 γε
2939 5515 3117 5586 μόνος,
3153 5512 3288 5566 ἀλλὰ
3321 5515 3413 5566 xui.
3459 5513 3564 5583 πρὸ
3591 5511 3784 5565 τούτου

3176 5695 3196 5727 ⁸
3224 5693 3436 5748 Coloss.
3484 5705 3524 5756 ι,
3567 5692 3626 5747 i5
3660 5705 3782 5763 sqq.
