4134 6386
322 302 427 356 M7

964 299 1335 358 ADVERSUS
1375 300 1716 356 HIERESES
1757 301 1882 354 LIB.
1924 301 2011 357 li].
2055 305 2221 360 TOM.
2259 306 2298 360 I.
2339 337 2409 346 -
2447 306 2722 362 “IERES.
2760 308 2993 366 LXXIII.

3497 315 3601 369 428

337 419 614 490 Ἰωάννης,
664 420 692 472 6
719 418 836 483 υἱὸς
898 421 1069 484 ὅντως
1105 421 1352 492 βροντῆς,
1381 422 1447 491 τῇ
1493 421 1669 491 οἰκείᾳ
1699 419 1905 492 μεγαλο

2033 423 2296 492 Λροεῑοιο
2315 425 2570 478 convinci
2597 443 2610 478 :
2640 439 2953 494 quanquam
2987 439 3093 480 non
3125 425 3244 481 illos
3274 426 3449 481 solum
3479 435 3602 483 red-

323 511 522 582 φωνίᾳ,
554 512 727 582 ὅσπερ
759 511 822 565 ἔκ
853 530 1014 566 τινων
1047 513 1286 583 νεφελῶν
1315 512 1425 565 τῶν
1458 513 1558 584 τῆς
1585 513 1785 582 Σοφίας
1822 514 1909 564 αἰ-

322 603 625 671 νιγμάτων,
678 604 778 675 τὴν
820 605 1017 677 εὐσεϐῆ
1049 607 1180 678 ἡμῖν
1229 605 1438 658 ἔννοιαν
1461 603 1556 657 τοῦ
1611 604 1741 657 Υἰοῦ
1770 605 1911 659 κατὰ
1950 641 1954 643 »

320 692 413 745 τὸν
438 695 621 764 ὅμοιον
647 696 848 766 τρόπον
879 698 1100 768 ἀνῆκεν.

2017 515 2200 583 arguit
2247 515 2562 584 Apostolus,
2596 514 2692 568 sed
2731 524 2785 569 et
2830 523 2957 569 ante
2999 515 3316 584 Apostolum
3360 515 3601 571 Joannes

2018 603 2187 677 854
2219 606 2310 660 ille
2348 622 2474 664 vere
2508 606 2732 660 tonitrui
2773 607 2938 662 Illius.
2978 606 3082 673 Qui
3114 609 3306 677 grandi
3341 609 3433 662 illa
3475 623 3597 671 sua,

2020 695 2437 765 clarissimaque
2477 709 2609 748 voce
2643 710 2674 750 e
2723 693 3016 765 Sapientiae
3059 699 3204 750 velut
3238 695 3596 756 adumbratis,
3689 765 3692 768 ῃ

323 789 378 836 et
409 785 666 840 obscuris
700 787 1020 850 involucris,
1067 788 1227 860 quasi
1274 788 1601 860 quibusdam
1655 802 1686 842 e
1738 786 2000 856 nubibus,
2034 787 2179 858 piam
2235 786 2305 842 de
2363 784 2505 840 Filio
2553 786 2882 841 sententiam
2943 787 3012 842 ad
3070 789 3322 843 eumdem
3373 787 3598 841 modum

321 874 522 929 emisit.

397 965 480 1022 H'.
503 967 646 1040 Ὅρα
681 970 808 1040 γὰρ,
841 971 922 1024 ὅτι
963 987 1056 1025 και
1085 973 1248 1036 αὐτὸς
1278 973 1313 1028 ἃ
1343 973 1590 1046 ἐδιδάχθην,
1620 974 1771 1044 παρὰ
1806 971 1908 1043 τῆς

317 1054 540 1128 Σοφίας,
589 1061 762 1115 ταῦτα
818 1065 876 1116 ὲν
927 1064 1005 1135 τῷ
1037 1067 1166 1135 παρ’
1199 1064 1364 1119 αὑτοῦ
1415 1065 1742 1138 κηρυχθέντι
1776 1067 1908 1135 ἡμῖν

323 1149 648 1223 Εὑαγγελίῳ
673 1154 1042 1224 παραδέδωκε.
1075 1156 1188 1225 Τῆς
1234 1156 1344 1227 γὰρ
1374 1157 1573 1226 Σοφίας
1611 1156 1904 1228 εἰπούσηςο

329 1244 656 1314 Ἕκτισέμε
672 1247 868 1314 ἀρχὴν
883 1244 1039 1300 ὁδῶν
1054 1248 1260 1313 αὑτοῦ,
1274 1247 1357 1312 τὸ,
1379 1248 1448 1302 ἐν
1466 1249 1648 1318 ἀρχῇ,
1671 1248 1904 1316 ἐξέθετο,

325 1336 516 1397 εἰπὼν,
559 1335 659 1388 Ἑν
694 1333 850 1403 ἀρχῇ
877 1331 956 1406 ἦν
994 1338 1026 1389 ό
1055 1336 1242 1406 Λόγος
1264 1354 1279 1368 ο
1317 1337 1436 1392 ἀντὶ
1472 1339 1528 1394 δὲ
1543 1337 1656 1403 τοῦ,
1675 1334 1908 1392 Ἕκτισέ

318 1443 416 1494 με,
450 1429 558 1480 Καὶ
592 1427 736 1492 Θεὸς
767 1423 877 1496 ἦν’
911 1429 996 1480 ἵνα
1033 1428 1107 1498 μὴ
1141 1429 1234 1482 τὸν
1264 1431 1323 1482 ἐν
1359 1431 1630 1502 προφορᾷ,
1660 1430 1794 1484 ἀλλὰ
1818 1431 1907 1484 τὸν

324 1520 385 1570 ὲν
418 1518 718 1572 ὑποστάσει
760 1520 936 1591 παγία
984 1521 1273 1590 ἀπαθῆ-ὲκ
1326 1523 1540 1593 Πατρὸς
1581 1521 1712 1576 Θεὸν
1735 1521 1908 1590 Λόγον

322 1609 642 1680 νοήσωμεν·
703 1611 825 1663 ἀντὶ
875 1611 932 1663 δὲ
985 1609 1102 1674 τοῦ,
1166 1612 1390 1680 Ἠμὴνὶ
1447 1613 1582 1683 παρ’
1604 1612 1784 1679 αὐτῷ,
1825 1614 1905 1677 τὸ,

323 1701 476 1766 πρὸς
515 1699 666 1752 Θεόν
691 1717 703 1729 ·
736 1701 858 1752 ἀντὶ
881 1700 937 1753 δὲ
965 1699 1082 1763 τοῦ,
1111 1701 1184 1753 δι’
1205 1701 1369 1770 ἐμοῦ,
1395 1701 1473 1765 τὸ,
1507 1701 1632 1774 [ἀπ’
1669 1701 1904 1767 αἰῶνος,

2091 961 2224 1020 Vlll.
2265 963 2656 1019 Animadverte
2681 964 2829 1018 enim
2854 971 2937 1028 ut,
2978 980 3100 1034 quae
3127 979 3157 1017 a
3194 963 3472 1035 Sapientia
3511 967 3598 1022 di-

2015 1056 2170 1122 dicit,
2209 1057 2266 1112 in
2301 1057 2596 1127 Evangelio
2623 1073 2724 1113 suo
2755 1057 2914 1111 nobis
2940 1059 3274 1126 exposuerit.
3311 1057 3444 1112 Nam
3471 1076 3594 1114 cum

2014 1149 2294 1220 Sapientia
2328 1151 2556 1205 dixisset
2591 1167 2604 1204 :
2649 1149 2861 1203 Creavit
2908 1166 2989 1203 me
3036 1151 3352 1219 principium
3391 1154 3594 1205 viarum

2013 1255 2265 1306 suarum,
2324 1238 2564 1294 Joannes
2626 1241 2878 1309 principii
2932 1255 3119 1294 vocem
3181 1244 3487 1310 expressit:
3527 1241 3594 1297 In

2010 1331 2288 1398 principio,
2323 1330 2520 1400 inquit,
2551 1340 2666 1384 erat
2696 1331 2917 1386 Verbum
2943 1333 2963 1362 ⁵
2988 1350 3002 1397 ;
3033 1347 3132 1402 pro
3160 1346 3226 1386 eo
3253 1349 3399 1399 vero,
3426 1334 3593 1390 Crea-

2010 1423 2081 1474 rit
2115 1439 2225 1485 me,
2253 1422 2490 1491 subjecit
2517 1422 2687 1486 istud,
2719 1421 2784 1477 Et
2828 1423 2972 1477 Deus
3004 1432 3142 1478 erat.
3175 1421 3250 1478 Ne
3279 1425 3591 1479 istiusmodi

2015 1511 2287 1579 Verbum,
2341 1514 2487 1584 quod
2540 1515 2844 1585 prolatione
2877 1525 3132 1578 constat,
3180 1529 3366 1567 verum
3419 1515 3593 1570 solide

2010 1604 2342 1668 subsistens,
2379 1621 2443 1659 ac
2474 1607 2754 1675 passionis
2782 1621 2999 1675 expers,
3047 1614 3101 1661 et
3140 1621 3170 1659 a
3212 1605 3373 1661 Patre
3400 1623 3591 1676 proce-

2007 1697 2145 1751 dens
2179 1697 2413 1753 Verbum
2461 1697 2631 1751 Deum
2677 1706 2862 1751 mente
2891 1697 3330 1767 concipercmus.
3363 1697 3483 1752 Jam
3523 1701 3591 1753 il-

321 1789 432 1860 τδ,]
472 1790 679 1843 Πάντα
715 1789 791 1842 δι’
813 1790 1002 1844 αὐτοῦ
1031 1789 1304 1859 ἐγένετοο
1345 1793 1442 1845 καὶ
1498 1790 1675 1859 χωρὶς
1719 1791 1905 1846 αὑτοῦ

2012 1785 2274 1850 lis,Eram
2302 1788 2443 1856 apud
2477 1789 2656 1851 illum,
2684 1789 2787 1842 ista
2831 1794 3183 1856 reapondent,
3221 1790 3358 1857 apud
3391 1789 3587 1853 Deum;

320 1880 560 1951 ἐγένετο
597 1880 739 1935 οὐδὲ
766 1881 836 1935 ἓν
855 1898 868 1913 ο
926 1882 1048 1935 ἀντὶ
1073 1883 1131 1935 δὲ
1154 1883 1269 1948 τοῦ,
1345 1881 1375 1934 ὲ
1397 1885 1717 1951 ἐμελίωσε,
1759 1883 1841 1947 τὸ,
1871 1882 1904 1936 ὃ

321 1972 591 2042 γέγονεν.
633 1973 738 2028 Ἐν
769 1973 931 2040 αὐτῷ
965 1973 1076 2043 ζωὴ
1118 1970 1226 2046 ἦν·
1275 1967 1319 2040 ᾧ
1349 1976 1460 2026 ἴσον
1497 1975 1577 2038 τὸ,
1617 1975 1720 2028 Ἐν
1745 1974 1906 2040 αὐτῷ

319 2065 572 2134 ἐκτίσθη
614 2064 686 2118 τὰ
724 2063 922 2118 πάντα
944 2080 956 2095 ·
1011 2065 1133 2117 ἀντὶ
1181 2064 1239 2117 δὲ
1274 2063 1389 2126 τοῦ,
1436 2065 1488 2116 '0
1525 2065 1719 2132 Λόγος
1749 2065 1904 2133 σὰρξ

321 2136 582 2223 ἐγένετο,
631 2153 692 2208 Ἡ
711 2153 898 2222 σοφία
917 2153 1306 2223 ᾠκοδόμησεν
1329 2153 1514 2222 ἑαυτῇ
1550 2151 1717 2208 οἶκον
1739 2171 1752 2184 ο
1784 2156 1906 2208 ἀντὶ⁵

322 2246 380 2299 δὲ
409 2246 519 2307 τοῦ,
556 2249 744 2315 Ἥμην
774 2246 909 2314 παρ’
929 2246 1090 2312 αὐτῷ
1113 2246 1469 2316 ἁρμόζουσα,
1498 2247 1577 2311 τὸ,
1613 2249 1694 2301 Οὐ
1722 2247 1904 2301 δύνα-

324 2353 421 2393 ται
487 2343 522 2394 ὁ
569 2338 698 2403 Υἱὸς
749 2335 944 2390 ποιεῖν
987 2336 1090 2406 ἀφ’
1114 2337 1333 2391 ἑαυτοῦ
1360 2335 1560 2399 οὐδὲν,
1599 2337 1708 2391 ἐὰν
1728 2338 1812 2406 μή
1850 2356 1904 2392 τι

317 2429 525 2497 ,ϐλέπῃ
558 2429 666 2482 τὸν
706 2430 939 2497 Πατέρα
968 2429 1285 2484 ποιοῦντω
1333 2429 1372 2482 ᾰ
1405 2430 1516 2498 γὰρ
1555 2429 1632 2482 ἂν
1673 2430 1904 2497 ἐκεῖνος

319 2518 487 2588 ποιῇ,
519 2520 708 2574 ταῦτα
736 2521 834 2575 καὶ
852 2525 884 2575 ὁ
910 2524 952 2573 Υ
951 2523 1040 2587 ἰός
1073 2523 1282 2590 ὁμοίως
1311 2521 1470 2575 ποιεῖ
1490 2539 1504 2553 ·
1533 2523 1608 2585 ὼς
1634 2523 1775 2593 ἔχειν
1807 2523 1904 2594 τὴν

320 2613 414 2666 ἐπὶ
450 2613 715 2684 στόματος
749 2614 843 2667 δύο
881 2615 975 2667 καὶ
1002 2614 1169 2686 τριῶν
1212 2615 1539 2686 μαρτύρων¹
1581 2619 1660 2678 εἰς
1695 2617 1904 2669 ἀποδει-

319 2706 402 2771 ξιν
434 2706 533 2777 τῆς
561 2708 678 2759 κατ’
706 2707 896 2760 οὐσίαν
951 2709 1088 2778 πρὸς
1119 2708 1335 2779 Πατέρα
1377 2706 1471 2761 τοῦ
1507 2707 1634 2761 Υἰοῦ
1656 2709 1904 2778 ὁμοιότη-

317 2812 431 2858 τος.
474 2797 532 2850 '0
565 2797 662 2868 μὲν
690 2797 796 2867 γὰρ
825 2795 920 2849 τοῦ
945 2797 1108 2866 σοφοῦ
1130 2798 1230 2870 τὴν
1257 2799 1446 2868 σοφίαν
1473 2798 1598 2852 Υἱόν
1616 2815 1630 2828 °
1670 2801 1699 2852 6
1729 2799 1784 2852 δὲ
1805 2799 1900 2852 τοῦ

317 2885 457 2939 Θεοῦ
489 2886 581 2940 τὸν
612 2887 781 2954 Λόγον
819 2887 1080 2959 μονογενῆ
1113 2888 1244 2941 Θεόν
1263 2905 1277 2918 ο
1311 2891 1340 2942 6
1395 2889 1453 2941 δὲ
1484 2889 1579 2942 τοῦ
1627 2888 1763 2942 Θεοῦ
1811 2890 1901 2943 τὸν

322 2978 473 3040 Υἰὸν,
499 2979 684 3032 εἰκόνα
715 2981 901 3051 φησιν.
955 2981 1040 3044 Ὠς
1071 2980 1162 3035 τὸν
1191 2981 1325 3034 Θεοῦ
1347 2981 1537 3050 Λόγον,
1569 2982 1664 3035 καὶ
1689 2981 1785 3053 τὴν
1810 2999 1901 3035 σο-

319 3072 473 3140 φίαν,
500 3074 594 3126 καὶ
622 3074 720 3145 τὴν
761 3074 947 3128 εἰκόνα
977 3075 1162 3145 ὅμοιον
1195 3076 1261 3132 ἐκ
1309 3075 1548 3139 πάντων,
1599 3073 1740 3128 καθὰ
1768 3092 1901 3146 προ-

2010 1879 2132 1934 istis
2162 1896 2308 1942 vero,
2338 1896 2429 1948 per
2455 1871 2554 1942 me,
2585 1880 2721 1944 haec,
2749 1879 2812 1932 ab
2844 1881 3276 1944 wterno;0mnia
3300 1896 3392 1949 per
3415 1882 3590 1951 ipsum

2010 1975 2159 2040 facta
2199 1984 2356 2036 sunt,
2391 1984 2440 2026 et
2483 1973 2597 2026 sine
2628 1975 2740 2041 ipso
2781 1972 2980 2042 factum
3012 1984 3088 2025 est
3130 1973 3295 2038 nihil;
3347 1990 3445 2044 pro
3487 1976 3589 2029 hac

2007 2078 2142 2118 voce
2181 2063 2422 2131 fundavit
2445 2106 2460 2130 ,
2487 2065 2655 2130 istud,
2684 2066 2824 2135 quod
2864 2066 3066 2133 factum
3098 2074 3194 2118 est.
3225 2065 3292 2118 In
3333 2067 3445 2136 ipso
3479 2070 3589 2122 vita

2006 2165 2141 2211 erat.
2164 2154 2265 2209 Cui
2296 2157 2475 2211 simile
2503 2167 2587 2212 est
2611 2155 2847 2220 illud,!n
2877 2160 2993 2226 ipso
3023 2166 3204 2210 creata
3230 2169 3353 2211 sunt
3378 2162 3581 2214 omnia.

2006 2246 2141 2302 Nam
2175 2248 2262 2302 his
2284 2248 2486 2310 verbis,
2513 2245 2584 2300 Et
2611 2247 2834 2302 Verbum
2863 2264 2989 2301 caro
3024 2249 3229 2318 factum
3258 2261 3356 2313 est,
3389 2250 3477 2303 illa
3503 2267 3589 2304 re.

2007 2339 2276 2409 Spondent
2305 2358 2316 2392 :
2349 2338 2624 2408 Sapientia
2661 2340 2948 2409 wdi/icavit
2987 2341 3089 2394 sibi
3137 2341 3350 2395 domum
3367 2341 3409 2397 ‘.
3455 2341 3588 2397 Item

2007 2444 2108 2500 pro
2134 2431 2407 2495 his,Eram
2441 2428 2581 2496 apud
2610 2432 2783 2498 ipsum
2814 2447 3124 2499 componens
3145 2431 3189 2492 ⁷,
3213 2429 3456 2488 Joannes
3482 2432 3588 2487 ista

2013 2523 2256 2593 scripsit,
2287 2521 2408 2576 Non
2437 2533 2604 2590 potest
2631 2521 2808 2578 Filius
2833 2542 2865 2578 a
2888 2525 3056 2593 seipso
3078 2523 3255 2593 facere
3275 2525 3584 2596 quidquam,

2006 2617 2109 2668 nisi
2147 2614 2286 2684 quod
2322 2614 2509 2668 uiderit
2549 2614 2770 2669 Patrem
2811 2617 3115 2684 facientem.
3164 2615 3297 2682 Quae
3325 2617 3466 2670 enim
3498 2615 3588 2670 ilic

2005 2704 2166 2773 facit,
2219 2704 2401 2758 eadem
2455 2713 2505 2758 et
2553 2704 2730 2759 Filius
2779 2707 3027 2760 similiter
3071 2706 3262 2776 facit“.
3311 2705 3588 2765 Habemus

2004 2797 2170 2866 igitur
2213 2812 2280 2851 ex
2329 2812 2426 2852 ore
2458 2797 2692 2851 duorum
2730 2799 2816 2852 vel
2851 2799 3018 2852 trium
3068 2799 3292 2854 testium
3336 2797 3461 2855 Filii
3503 2816 3590 2856 se—

2002 2891 2242 2946 cundum
2285 2899 2539 2945 naturam
2590 2891 3003 2946 similitudinem
3051 2907 3179 2946 cum
3225 2891 3390 2948 Patre
3429 2908 3587 2948 com-

2001 2983 2305 3051 probatam.
2332 2981 2483 3038 Unus
2505 2983 2703 3052 quippe
2736 2983 3060 3053 sapientiam
3091 2985 3358 3054 sapientis
3378 2984 3577 3039 Filium

2004 3074 2296 3142 praedicat;
2349 3075 2487 3127 alter
2534 3073 2628 3128 Dei
2675 3072 2916 3128 Verbum
2965 3076 3309 3145 unigenitum
3369 3077 3584 3142 Deum;

318 3165 559 3234 εἰρηται,
587 3165 682 3217 καὶ
736 3167 857 3218 κατ’
885 3164 1070 3218 οὐσίαν
1102 3165 1228 3218 Υἰὸν
1277 3165 1372 3218 τοῦ
1395 3165 1531 3218 Θεοῦ
1565 3165 1658 3218 καὶ
1687 3164 1900 3236 Harpe;

2007 3164 2200 3219 tertius
2231 3163 2326 3218 Dei
2365 3163 2562 3219 Filium
2596 3165 2888 3234 imaginem
2924 3164 3174 3221 allirmat.
3220 3167 3372 3223 Adeo
3403 3174 3462 3221 ut
3491 3167 3586 3221 Dei

317 3258 430 3318 τοῖς
475 3252 610 3308 πᾶσι
661 3255 1048 3327 κηρύττεσθαι.
1080 3257 1202 3309 Ἔτι
1239 3255 1294 3309 δὲ
1337 3255 1534 3327 μᾶλλον
1572 3256 1648 3319 ὡς
1672 3256 1764 3310 τδν
1793 3256 1905 3309 Θω-

319 3347 429 3416 μᾶν
468 3347 618 3416 ἡμᾶς
638 3349 703 3419 τῇ
740 3346 986 3418 ψηλαφὰξι
1020 3347 1120 3418 τῆς
1155 3347 1436 3418 ἐνεργείας
1465 3348 1486 3379 ³
1531 3350 1631 3419 τῆς
1659 3349 1778 3401 κατ’
1817 3347 1904 3400 οὐ·

319 3439 445 3492 σίαν
474 3439 792 3509 ὁμοιότητος
819 3441 847 3492 6
883 3438 1018 3492 Θεοῦ
1041 3439 1214 3506 Λόγος
1246 3440 1514 3511 προσάγει
1549 3439 1725 3507 λέγων
1744 3456 1758 3470 ο
1807 3439 1904 3504 Ὠς

319 3537 355 3586 ό
378 3532 581 3603 Πατὴρ
623 3534 749 3601 ἔχει
795 3532 950 3602 ζωὴν
996 3534 1067 3587 ἐν
1102 3531 1313 3598 ἐαυτῷ,
1342 3533 1496 3586 οὕτω
1533 3533 1633 3586 καὶ
1662 3531 1744 3598 τῷ
1796 3531 1906 3597 Υἰῷ

319 3624 544 3679 δέδωκε
594 3625 746 3694 ζωὴν
777 3627 944 3694 ἐχειν
974 3626 1046 3678 ἐν
1069 3624 1280 3690 ἐαυτῷ.
1336 3626 1398 3678 Εἰ
1429 3623 1540 3696 γὰρ
1588 3624 1670 3687 τὸ,
1738 3625 1833 3689 Ὠς
1872 3627 1905 3677 ό

323 3719 525 3787 Πατὴρ
552 3721 696 3788 ἔχει,
727 3721 826 3791 οὐχ
878 3719 954 3783 ὼς
982 3721 1040 3773 ὲν
1068 3719 1212 3790 ἄλλῳ
1245 3721 1446 3772 νοεῖται
1469 3735 1484 3750 ο
1526 3719 1588 3771 οὐ
1624 3718 1734 3790 γὰρ
1777 3718 1906 3770 ἄλλο

323 3812 426 3882 μέν
457 3813 606 3864 ἐστιν
630 3814 658 3865 6
685 3813 897 3884 Πατὴρ,
937 3811 1064 3866 ἄλλο
1087 3811 1144 3865 δὲ
1174 3814 1207 3883 ἡ
1235 3811 1346 3882 ζωὴ
1367 3813 1400 3881 ὴ
1442 3813 1500 3864 ὲν
1528 3811 1698 3882 αὐτῷ,
1727 3811 1813 3864 ἵνα
1843 3809 1904 3863 τὸ

323 3904 423 3972 μὲν
462 3903 605 3974 ἔχον,
631 3903 693 3956 τὸ
711 3904 769 3956 δὲ
801 3905 1056 3974 ἐχόμενον
1081 3903 1269 3974 νοῆται
1294 3920 1308 3932 ’
1339 3903 1453 3956 ἀλλ’
1478 3904 1640 3967 αὐτὸς
1675 3903 1903 3957 ἀσυνθέ-

315 4008 428 4056 τως
454 3996 570 4049 ἐστὶ
600 3995 713 4066 ζωὴ
739 3997 768 4048 6
795 3996 1006 4067 Πατὴρ,
1062 3996 1156 4048 καὶ
1182 3994 1257 4058 t'o;
1279 3992 1389 4065 ἔχει
1418 3995 1598 4057 αὐτὸς,
1639 3993 1780 4047 οὕτω
1811 3993 1904 4046 δέ-

317 4092 459 4146 δωκε
499 4089 594 4144 καὶ
613 4087 692 4158 τῷ
717 4087 859 4171 rid),
891 4087 1136 4157 δηλονότι
1164 4085 1472 4149 ἀσυνθέτους
1514 4087 1590 4149 ὼς
1623 4089 1652 4140 6
1680 4087 1902 4156 Πατήρο

320 4182 577 4254 φανερὸν,
612 4181 692 4233 ὅτι
728 4179 901 4242 οὕτως
934 4177 1092 4248 ἔχων,
1129 4178 1250 4231 ἐπεὶ
1295 4176 1370 4248 μὴ
1418 4177 1728 4246 ἁγεννήτως
1768 4176 1901 4247 ἔχει,

325 4274 461 4346 μηδὲ
493 4272 760 4335 συνθέτως
789 4270 925 4342 ἔχει,
962 4269 1163 4340 ὁμοίως
1210 4268 1386 4322 πάντα
1411 4270 1530 4322 κατ’
1557 4269 1767 4334 οὐσίαν,
1809 4268 1904 4321 καὶ

318 4366 652 4428 ἀσυνθέτως,
681 4363 756 4427 ὡς
785 4365 814 4415 6
866 4363 1054 4434 Πατήρ
1077 4379 1091 4392 ·
1143 4361 1303 4432 δήλου
1331 4360 1502 4425 ὄντος,
1528 4361 1610 4413 ὅτι
1641 4360 1704 4413 τὸ
1721 4360 1905 4430 ὅμοιον

317 4459 577 4512 οὐδέποτε
601 4455 796 4510 ταυτὸν
827 4451 964 4509 εἰναι
997 4453 1218 4508 δύναται
1244 4448 1305 4507 οὗ
1333 4454 1480 4506 ἐστιν
1510 4454 1713 4523 ὅμοιον,
1732 4452 1905 4506 δὰπό-

2021 3255 2274 3321 Verbum,
2303 3263 2352 3311 et
2385 3258 2679 3326 sapientia,
2729 3265 2782 3311 et
2831 3257 3006 3326 imago
3037 3273 3204 3312 unum
3241 3273 3486 3327 prorsus,
3527 3267 3584 3311 ut

2004 3355 2166 3403 antea
2204 3347 2413 3403 dictum
2445 3358 2552 3414 est,
2597 3349 2851 3419 idemque
2880 3348 3230 3417 signiﬁcent;
3259 3363 3324 3402 ac
3355 3347 3449 3403 Dei
3481 3347 3558 3402 Pa

2004 3443 2218 3512 trisque
2248 3441 2552 3497 secundum
2589 3443 2886 3497 essentiam
2919 3440 3091 3495 Filius
3125 3441 3492 3495 communiter
3514 3442 3584 3495 ab

2005 3535 2261 3589 ominibus
2294 3542 2662 3589 asseveretur.
2707 3534 2908 3588 Praeter
2945 3535 3061 3589 haec
3106 3548 3239 3589 vero
3277 3533 3444 3587 divini
3485 3549 3585 3588 nos

2006 3631 2280 3684 sermonis
2310 3630 2616 3684 auctoritas
2650 3629 2719 3683 ad
2758 3629 2906 3682 illam
2945 3628 3201 3684 essentia:
3230 3627 3376 3683 velut
3409 3629 3587 3681 mani-

2006 3723 2110 3775 hus
2139 3719 2590 3775 contrectandam
2635 3720 3050 3774 similitudinem
3072 3759 3086 3781 ,
3115 3716 3340 3772 Thoma:
3388 3718 3584 3778 instar.

2006 3813 2250 3876 adducit,
2282 3828 2407 3866 cum
2439 3813 2514 3866 ita
2542 3811 2786 3882 loquitur
2814 3831 2826 3865 :
2861 3809 3011 3865 Sicut
3041 3809 3210 3863 Pater
3243 3809 3396 3864 habet
3427 3811 3585 3864 vitam

2005 3905 2061 3958 in
2098 3919 2291 3972 seipso,
2316 3904 2392 3957 ita
2422 3913 2470 3957 et
2494 3901 2638 3956 Filio
2665 3901 2812 3954 dedit
2841 3902 3006 3955 vitam
3037 3899 3228 3954 habere
3261 3901 3315 3953 in
3344 3901 3519 3968 seipso
3540 3903 3582 3953 ⁵.

2005 3996 2219 4052 Etenim
2249 3996 2296 4052 si
2344 3996 2459 4050 haec
2483 3995 2672 4058 verba,
2695 3990 2842 4049 Sicut
2876 3992 3037 4046 Pater
3087 3991 3243 4044 habet
3269 4032 3283 4050 .
3323 3991 3404 4046 sic
3435 3994 3585 4046 acci-

2005 4091 2252 4160 piuntur,
2299 4095 2358 4142 ut
2409 4103 2516 4142 non
2557 4086 2622 4140 ad
2667 4087 2816 4142 aliud
2855 4086 3117 4158 quiddam
3153 4085 3482 4148 refcrantur,
3523 4101 3588 4139 ac

2004 4184 2304 4237 diversum.
2339 4178 2526 4250 Neque
2565 4180 2712 4234 enim
2747 4179 2895 4234 aliud
2931 4186 3015 4234 est
3041 4177 3227 4242 Pater,
3265 4177 3414 4232 aliud
3445 4177 3584 4237 vita,

2003 4288 2127 4344 quae
2157 4281 2242 4327 est
2268 4271 2323 4325 in
2355 4271 2494 4341 ipso,
2528 4270 2688 4340 quasi
2713 4269 2863 4324 aliud
2903 4270 2977 4324 sit
3001 4271 3146 4339 quod
3178 4269 3404 4332 habeat,
3437 4269 3603 4322 aliud.

2004 4365 2152 4435 quod
2199 4362 2394 4422 haberi
2432 4363 2672 4427 dicatur,
2719 4362 2815 4417 sed
2846 4364 2963 4433 ipse
3003 4363 3125 4417 sine
3170 4362 3280 4416 ulla
3312 4360 3586 4430 composi-

2005 4457 2157 4510 tione
2181 4455 2293 4508 vita
2320 4463 2407 4510 est
2439 4453 2635 4508 Pater:
2668 4469 2834 4523 porro
2865 4455 3010 4510 sicut
3057 4453 3220 4509 habet
3250 4454 3386 4524 ipse,
3417 4453 3497 4508 sic
3533 4460 3585 4508 et

315 4553 482 4618 δειξιν
531 4550 650 4611 τοῦ,
687 4551 745 4604 ὲν
773 4547 1079 4620 ὁμοιώματι
1128 4545 1430 4619 ἀνθρώπων
1475 4517 1767 4616 γενόμενον
1811 4545 1903 4600 τὸν

2008 4543 2149 4600 Filio
2201 4544 2434 4608 dederit,
2469 4517 2728 4600 nimirum
2761 4545 2899 4600 citra
2931 4547 3408 4618 compositionem,
3437 4554 3497 4600 ut
3531 4555 3587 4600 et

319 4645 450 4698 Υἰὸν
501 4643 598 4697 τοῦ
647 4643 805 4705 Θεοῦ,
841 4640 1128 4713 ἄνθρωπον
1173 4639 1273 4709 μὲν
1316 4638 1593 4708 γενέσθαι,
1661 4638 1736 4709 μὴ
1761 4637 1906 4692 κατὰ

318 4739 502 4792 πάντα
557 4736 616 4790 δὲ
638 4735 833 4790 ταυτὸν
861 4733 1110 4803 γενέσθαι
1145 4731 1417 4804 ἀνθρώπῳ
1434 4748 1450 4762 ο
1480 4731 1572 4784 καὶ
1596 4727 1904 4802 ὁμοιώματι

319 4828 524 4900 σαρκὸς
573 4825 848 4898 ἁμαρτίας
915 4823 1226 4893 γενόμενον,
1289 4819 1540 4890 γενέσθαι
1569 4820 1668 4892 μὲν
1713 4821 1771 4874 ὲν
1791 4821 1902 4883 τοῖς

319 4921 520 4976 πάθεσι
575 4921 688 4982 τοῖς
718 4915 912 4980 αἰτίοις
968 4916 1066 4986 τῆς
1091 4916 1149 4966 ὲν
1207 4914 1370 4984 σαρκὶ
1427 4911 1722 4984 ἁμαρτίας,
1781 4911 1904 4964 πεί-

317 5032 416 5086 νης
469 5013 671 5083 φαμὲν,
733 5011 828 5064 καὶ
875 5007 1056 5077 δίψης,
1107 5006 1200 5058 καὶ
1253 5004 1362 5057 τῶν
1410 5003 1634 5066 λοιπῶν,
1683 5001 1759 5074 μὴ
1808 5019 1902 5071 γεο

316 5105 506 5158 νέσθαι
577 5102 634 5155 δὲ
701 5103 758 5154 ὲν
819 5099 1110 5169 ταυτότητι
1166 5097 1265 5167 τῆς
1330 5094 1532 5166 σαρκὸς
1601 5094 1897 5165 ἁμαρτίας.

321 5199 486 5249 Ὥστε
512 5193 607 5248 καὶ
633 5193 742 5246 ἀπὺ
773 5191 882 5244 τῶν
928 5188 1296 5244 ἀποστολικῶν
1329 5185 1646 5258 μαρτυριῶν
1683 5186 1780 5239 καὶ
1801 5185 1902 5256 τὴν

317 5291 440 5343 κατ’
465 5284 655 5340 οὐσίαν
681 5283 977 5354 ὁμοιότητα
1006 5281 1100 5334 τοῦ
1133 5277 1264 5332 Υἰοῦ
1297 5279 1432 5349 πρὸς
1456 5277 1680 5349 Πατέρα
1706 5295 1776 5349 κη
1785 5277 1905 5350 pii-:-

318 5379 525 5434 τεσθαι.

2005 4638 2188 4693 Pater.
2221 4637 2570 4696 Manifestum
2601 4645 2710 4702 est,
2733 4654 2859 4694 cum
2892 4640 2968 4693 ita
2993 4640 3138 4693 illam
3171 4639 3367 4696 habeat
3390 4637 3582 4703 Filius,

2008 4747 2108 4785 nec
2141 4739 2404 4802 tanquam
2435 4731 2713 4802 ingenitus
2753 4731 2954 4786 habeat
2977 4771 2992 4796 ,
3021 4730 3267 4788 eamdem
3308 4733 3583 4802 composi-

2007 4823 2174 4878 tionis
2205 4821 2372 4877 modo
2401 4837 2511 4876 non
2543 4822 2776 4890 habere;
2808 4837 2875 4878 ac
2917 4822 3196 4878 simillime
3225 4823 3281 4877 in
3305 4823 3581 4887 omnibus.

2003 4913 2170 4984 855
2191 4913 2339 4984 quod
2381 4912 2449 4967 ad
2476 4914 2774 4969 essentiam
2796 4913 3016 4978 attinet,
3043 4928 3107 4969 ac
3133 4913 3315 4979 Pater,
3337 4915 3585 4984 citraque

2007 5004 2482 5075 compositionem.
2530 5002 2642 5060 Nec
2681 5005 2830 5060 enim
2867 5012 2952 5061 est
2983 5006 3315 5071 obscurum,
3348 5006 3404 5061 id
3435 5008 3580 5077 quod

2006 5097 2186 5153 simile
2214 5104 2321 5161 est,
2350 5095 2495 5151 idem
2545 5099 2770 5169 penitus
2801 5113 2930 5154 cum
2967 5113 3055 5166 eo,
3087 5099 3249 5170 cujus
3273 5099 3452 5156 simile
3476 5108 3582 5164 est,

2005 5202 2132 5244 esse
2158 5203 2267 5243 non
2295 5201 2478 5257 posse.
2503 5185 2677 5257 Cujus
2699 5188 2778 5244 rei
2802 5198 3125 5260 argumento
3153 5190 3246 5255 sit,
3269 5190 3415 5260 quod
3440 5189 3584 5244 idem

2009 5280 2102 5337 ille
2126 5278 2305 5336 factus
2331 5282 2398 5335 ad
2429 5280 2711 5335 hominum
2737 5279 3157 5336 similitudinem
3188 5279 3284 5335 Dei
3310 5278 3584 5342 Filius,li-

2009 5382 2096 5429 cet
2121 5373 2286 5430 homo
2314 5373 2498 5434 fuerit,
2527 5389 2637 5428 non
2677 5381 2861 5428 tamen
2891 5372 3034 5428 idem
3065 5388 3190 5428 cum
3230 5372 3452 5426 homine
3488 5385 3583 5442 pe-

318 5474 472 5529 nitus
502 5470 684 5526 ruerit.
710 5468 784 5523 Ac
813 5464 1031 5521 tametsi
1062 5469 1317 5533 suscepta
1349 5461 1536 5516 carnis
1568 5458 1778 5531 peccati
1812 5461 2170 5519 similitudine
2201 5463 2242 5494 “
2291 5463 2663 5534 ,passionibus
2721 5463 2852 5530 illis,
2886 5477 2916 5517 a
2978 5463 3180 5535 quibus
3213 5463 3398 5518 carnis
3454 5476 3584 5530 pec-

383 5668 398 5699 ¹
437 5672 499 5730 Ρ.
528 5676 695 5744 ἥμην.
774 5675 793 5703 ⁹
822 5671 862 5724 F
913 5669 1253 5744 μαρτυρίαν,
1323 5665 1836 5744 ’,ϐοῇ-ἐναργείας.

322 5745 517 5800 ‘I’mv.
548 5736 664 5808 ἔιἰιί,
703 5744 789 5798 30.
874 5736 1077 5796 rtus...
1108 5736 1160 5802 ν,
1195 5740 1259 5792 19
1355 5736 1638 5791 'tbid.'26.

1913 5664 1935 5694 ⁸
1980 5662 2139 5718 Deest
2169 5667 2247 5729 εἰς
2279 5667 2445 5726 ἀπὸδ.
2514 5667 2534 5698 ⁸
2563 5663 2724 5722 Joan.
2779 5678 2817 5731 ι,
2877 5664 2896 5719 l
2959 5678 3080 5732 διιιι-

1716 5736 1758 5766 ¹⁰
1788 5737 1923 5790 ltom
1974 5750 2088 5802 \‘ltl,
2114 5736 2147 5792 5

3157 5663 3176 5692 ⁸
3203 5659 3362 5717 Prov.
3396 5676 3472 5728 ιι,
3527 5660 3580 5718 ί.
