4134 6386
522 321 627 376 M9

1916 304 1975 362 S.
2017 301 2122 358 EPI

2225 299 2358 355 ΑΝἰΙ
3681 292 3789 347 42η

522 451 706 497 catum
751 438 1146 511 proficiscitur,
1198 434 1472 491 obnoxius
1523 438 1670 488 esset
1717 447 1729 482 :
1787 425 2097 499 cujusmodi
2140 432 2270 482 sunt
2298 423 2488 488 fames,
2519 435 2583 476 ac
2613 419 2756 482 sitis,
2800 425 3120 487 czeteraeque
3148 414 3202 469 id
3233 427 3454 511 genus:
3499 409 3642 511 idem
3669 418 3786 511 “ta:

525 495 679 600 nien,
714 495 862 601 quod
908 528 976 582 ad
1020 495 1206 582 carnis
1238 532 1524 596 peccatum
1568 521 1830 592 pertinet,
1858 495 1974 571 non
2014 515 2138 572 fuit.
2175 511 2548 580 Quamobrem
2599 524 2666 567 ex
2711 507 3034 580 apostolicis
3093 505 3228 562 iisce
3276 500 3615 558 testimoniis
3669 495 3790 553 Filii

526 625 826 684 secundum
870 621 1166 677 essentiam
1208 633 1334 673 cum
1385 615 1552 670 Patre
1605 610 1908 670 similitudo
1947 607 2254 678 colligitur.

599 714 691 769 IX.
752 714 824 769 Ut
867 713 1013 767 enim
1065 709 1349 764 hominum
1403 706 1497 761 ille
1541 704 1742 761 similis
1791 701 2010 764 factus,
2043 705 2099 754 et

2270 693 2349 748 Θ’.
2391 691 2480 755 Ὠς
2503 699 2613 762 γὰρ
2664 691 2724 745 ὲν
2761 688 3066 760 ὁμοιώματι
3123 684 3430 759 ἀνθρώπων
3479 679 3790 751 γενόμενος,

527 805 690 860 homo
714 814 850 867 erat,
880 813 934 858 et
964 817 1074 856 non
1103 800 1158 854 in
1187 798 1444 854 omnibus
1470 805 1590 852 erat
1621 810 1636 848 :
1669 795 1837 850 homo
1861 791 2104 863 quidem,

526 905 798 968 quatenus
826 910 1048 949 carnem
1106 893 1348 961 suscepit
1380 889 1643 952 hominis,
1675 885 1934 958 quoniam
1975 882 2108 936 Ver-

528 989 650 1042 bum
675 1004 804 1042 caro
832 987 1035 1056 factum
1068 994 1146 1040 est
1167 985 1208 1038 ί.
1241 983 1384 1036 Idem
1413 987 1595 1035 autem
1632 979 1794 1032 homo
1822 991 1931 1030 non
1967 979 2108 1037 erat,

527 1087 798 1150 quatenus
827 1086 1148 1132 caeterorum
1201 1090 1352 1130 more
1403 1082 1568 1129 natus
1621 1087 1730 1125 non
1764 1069 1967 1132 fuerat,
2005 1066 2111 1120 hoc

531 1179 618 1227 est
647 1185 679 1225 e
704 1170 848 1224 virili
883 1178 1005 1224 satu
1028 1209 1042 1233 ,
1075 1176 1128 1224 et
1160 1168 1447 1236 utriusque
1500 1162 1890 1232 conjunctione
1923 1173 2107 1213 sexus.

530 1261 603 1316 Ita
634 1258 842 1326 Filius,
891 1261 982 1330 qui
1019 1259 1216 1313 sazcula
1255 1258 1552 1311 antecessit
1580 1254 1785 1318 omnia,
1831 1251 1974 1305 Deus
2004 1258 2108 1312 est,

529 1361 800 1425 quatenus
831 1351 927 1406 Dei
959 1350 1166 1417 Filius;
1198 1347 1426 1420 perinde
1459 1355 1623 1416 atque
1653 1344 1816 1398 homo
1842 1352 1950 1408 est,
1973 1355 2112 1411 qua-

530 1457 690 1500 tenus
737 1443 975 1498 hominis
1019 1440 1222 1505 Filius;
1260 1440 1352 1495 sed
1401 1453 1512 1492 non
1569 1437 1712 1490 idem
1757 1441 1843 1488 est
1887 1433 2114 1486 omnino

531 1550 658 1589 cum
690 1533 800 1589 Deo
830 1533 1010 1599 Patre,
1035 1547 1064 1586 a
1103 1546 1214 1602 quo
1241 1529 1459 1600 genitus
1490 1535 1576 1582 est
1602 1543 1616 1578 :
1652 1523 2114 1596 quemadmodum

532 1643 644 1682 non
679 1627 820 1681 idem
847 1633 931 1679 est
961 1639 1088 1678 cum
1114 1623 1354 1684 homine,
1374 1626 1647 1690 quatenus
1673 1617 1793 1672 sine
1821 1614 1967 1670 virili
1992 1620 2115 1668 satu

538 1726 647 1778 est,
687 1731 753 1771 ac
781 1715 1058 1786 voluptate
1110 1720 1464 1784 propagatus.
1500 1708 1644 1763 Idem
1693 1706 1878 1762 carnis
1906 1703 2117 1776 peccati

536 1807 951 1864 similitudinem
997 1805 1274 1872 habuit};
1309 1800 1752 1873 quandoquidem
1783 1800 2002 1863 famem,
2037 1797 2117 1854 si-

531 1910 634 1967 tim
702 1915 768 1955 ac
806 1913 1058 1956 somnum
1096 1897 1152 1952 in
1185 1911 1352 1952 carne
1385 1894 1638 1950 toleravit
1669 1912 1683 1948 :
1740 1893 1944 1964 quibus
1990 1891 2120 1946 alie-

540 1991 816 2046 ctionibus
845 1989 914 2044 ad
944 1987 1286 2060 peccandum
1331 2001 1566 2057 corpora
1603 1986 1974 2040 concitantur.
2016 1981 2118 2037 Ve-

543 2096 664 2135 rum
711 2079 841 2134 licet
889 2078 1076 2134 carnis
1108 2077 1426 2133 aﬂ‘ectiones
1469 2073 1742 2146 ejusmodi
1796 2075 2114 2140 sustineret,

540 2171 762 2227 minime
799 2180 981 2225 tamen
1016 2171 1086 2225 ab
1138 2169 1206 2224 iis
1234 2169 1301 2224 ad
1340 2168 1675 2240 peccandum
1704 2166 1975 2237 impulsus
2012 2173 2116 2222 est.

540 2261 743 2317 Eodem
776 2261 941 2316 modo
990 2258 1166 2315 Filius
1195 2275 1225 2314 a
1254 2257 1417 2314 Patre
1443 2257 1684 2330 genitus,
1719 2273 1784 2312 ac
1816 2257 1911 2313 Dei
1946 2257 2121 2314 forma

540 2353 803 2425 praeditus
827 2395 842 2420 ,
870 2353 1207 2425 aequalisque
1235 2351 1366 2418 Deo,
1412 2351 1717 2409 divinit’atis
1757 2353 2122 2424 proprietates

542 2447 754 2512 habuit,
782 2454 970 2516 utpote
989 2444 1238 2516 corporis
1261 2445 1564 2500 secundum
1585 2446 1882 2501 essentiam
1905 2461 2121 2516 expers,

543 2554 609 2593 ac
635 2537 784 2593 Patri
814 2539 1106 2595 divinitate
1152 2539 1300 2609 ipsa,
1334 2550 1388 2594 et
1419 2540 1741 2610 incorporea
1787 2537 2122 2603 conditione,

545 2638 600 2684 et
647 2633 860 2686 actione
889 2631 1085 2686 similis
1119 2648 1133 2686 :
1167 2630 1394 2700 perinde
1427 2645 1492 2684 ac
1519 2629 1729 2701 similis
1761 2636 1881 2684 erat
1907 2630 2123 2697 carnis,

545 2731 814 2792 quatenus
846 2737 978 2776 caro
1009 2720 1140 2780 fuit.
1192 2728 1248 2776 et
1281 2722 1467 2777 carnis
1511 2722 1798 2792 passiones
1837 2722 2124 2792 suscepit;

549 2827 657 2868 non
690 2822 872 2869 tamen
916 2815 1060 2869 idem
1110 2821 1196 2870 est
1234 2815 1494 2880 omnino,
1529 2813 1790 2885 quoniam
1839 2829 1947 2884 qua
1981 2813 2126 2870 Deus

545 2917 650 2974 est,
677 2922 789 2962 non
819 2906 995 2962 forma
1029 2906 1124 2963 Dei
1155 2915 1260 2975 est,
1289 2907 1385 2963 sed
1409 2907 1554 2963 Deus
1578 2925 1592 2974 ;
1623 2925 1724 2965 nec
1745 2911 1971 2980 aequalis
1994 2909 2125 2976 Deo,

548 2999 646 3053 sed
685 2996 860 3063 Deus;
892 3012 1070 3068 neque
1099 2998 1418 3068 principalis
1448 3005 1508 3052 ut
1544 2997 1724 3054 Pater.
1761 2999 2129 3067 Quemadmo-

547 3088 677 3144 dum
703 3089 851 3160 quod
889 3089 954 3144 ad
997 3091 1418 3161 propensionem
1468 3091 1524 3146 in
1559 3098 1839 3162 peccatum
1871 3093 2126 3164 pertinet,

549 3178 712 3234 homo
759 3195 869 3234 non
920 3188 1042 3244 est,
1084 3179 1180 3236 sed
1217 3181 1433 3236 actione
1473 3182 1681 3237 homini
1730 3183 1951 3239 similis.
1995 3183 2128 3250 Quae

546 3273 687 3326 enim
732 3272 863 3342 facit
904 3272 1086 3338 Pater,
1121 3273 1305 3329 eadem
1347 3275 1478 3344 facit
1505 3285 1556 3330 et
1590 3275 1768 3331 Filius
1787 3278 1831 3332 ³.
1866 3276 2008 3349 Ergo
2038 3277 2129 3333 hic

549 3365 995 3436 absquepeccati
1029 3366 1285 3422 illecebra
1314 3368 1568 3424 similiter
1587 3377 1752 3440 atque
1782 3370 1818 3424 ii
1843 3371 1939 3440 qui
1961 3384 2128 3425 carne
2154 3393 2197 3452 ο

549 3456 760 3525 ντεόίιί
787 3465 934 3520 sunt,
959 3455 1316 3514 incitabatur.
1347 3457 1660 3512 Absurdum
1686 3465 1771 3513 est
1803 3459 1947 3513 enim
1970 3459 2126 3512 illum

550 3547 623 3602 ab
651 3548 886 3602 naturali
913 3556 1062 3606 statu
1093 3549 1160 3604 ad
1187 3548 1357 3622 856
1379 3565 1502 3605 eum
1533 3549 1626 3621 qui
1658 3557 1854 3622 praeter
1879 3561 2127 3606 naturam

553 3647 660 3705 est,
711 3654 856 3720 esse.
876 3639 1201 3710 perductum
1249 3659 1264 3695 :
1303 3641 1409 3695 hoc
1458 3650 1542 3696 est
1585 3642 1759 3696 tilium
1809 3642 2046 3698 hominis
2095 3657 2128 3698 e

553 3728 664 3784 Deo
695 3727 936 3798 factum,
976 3731 1044 3786 iis
1073 3746 1308 3802 quorum
1355 3731 1626 3788 naturalis
1654 3741 1738 3787 est
1779 3732 1884 3789 iste
1925 3741 2126 3800 status,

552 3822 919 3890 naturalibus,
955 3823 1175 3894 inquam
1193 3867 1208 3891 ,
1243 3823 1558 3881 hominibus
1587 3825 1641 3878 in
1670 3841 1736 3882 eo
1762 3826 1908 3897 quod
1930 3835 2129 3897 praeter

554 3922 806 3966 naturam
834 3926 988 3969 suam
1020 3912 1275 3977 habebat,
1303 3913 1536 3970 similem
1564 3914 1768 3984 fuisse;
1802 3917 1856 3970 in
1882 3933 1947 3973 eo
1976 3933 2125 3985 vero,

553 4001 699 4072 quod
742 4002 846 4073 ipsi
885 4004 1132 4059 naturale
1167 4011 1273 4066 est,
1315 4006 1582 4060 naturalis
1623 4007 1774 4062 illum
1805 4007 1986 4065 Patris
2018 4024 2129 4064 non

558 4107 682 4148 esse
713 4092 947 4148 similem
967 4133 983 4158 ,
1014 4107 1139 4148 cum
1169 4093 1436 4164 originem
1470 4093 1612 4150 Deus
1652 4110 1681 4148 a
1729 4095 1840 4151 Deo
1877 4096 2125 4151 traxerit.

555 4181 693 4237 Illud
725 4198 852 4238 vero
875 4183 1034 4253 plane
1069 4191 1290 4238 constat
1321 4201 1333 4236 :
1366 4183 1472 4250 Qui
1503 4184 1736 4240 similem
1764 4186 2007 4241 essentia
2030 4186 2131 4240 Pa-

554 4275 626 4329 tri
666 4271 861 4328 Filium
897 4283 1129 4346 negant,
1167 4290 1240 4331 ne
1294 4275 1467 4332 lilium
1499 4276 1718 4346 quidem
1748 4276 1904 4333 illum
1945 4277 2127 4344 fateri,

554 4364 652 4420 sed
681 4375 990 4422 creaturam
1019 4366 1315 4434 duntaxat;
1357 4365 1575 4423 Patrem
1602 4384 1732 4424 vero
1755 4385 1861 4425 non
1890 4380 2126 4443 patrem,

555 4455 650 4512 sed
683 4463 1008 4513 creatorem.
1043 4456 1255 4529 Quippe
1287 4457 1660 4514 similitudinis
1694 4460 1811 4530 ipsa
1842 4465 1991 4518 notio
2019 4478 2130 4518 non

554 4563 621 4604 eo
648 4547 847 4604 Filium
877 4547 1131 4616 adducit,
1174 4557 1234 4604 ut
1263 4549 1410 4606 idem
1437 4551 1663 4608 omnino
1692 4567 1817 4608 cum
1843 4552 2005 4611 Patre
2033 4555 2128 4620 sit,

2211 787 2305 842 καὶ
2351 784 2641 857 ἄνθρωπος
2693 777 2784 854 ἦν,
2838 781 2932 836 καὶ
2980 782 3041 835 οὐ
3071 778 3214 834 κατά
3265 779 3446 832 πάντα
3475 773 3789 846 ἄνθρωπος·

2210 877 2496 948 ἄνθρωπος
2521 877 2620 946 μὲν
2649 875 2728 946 τῷ
2763 875 2855 928 καὶ
2898 873 3078 944 σάρκα
3107 870 3393 926 ἀναλαϐεῖν
3423 867 3792 939 ἀνθρωπίνην,

2210 970 2401 1040 ἐπειδὴ
2439 972 2471 1026 ό
2500 971 2691 1038 Λόγος
2744 965 2901 1034 σὰρξ
2948 965 3186 1034 ἐγένετο
3207 979 3222 994 ο
3257 963 3358 1014 οὐκ
3392 960 3678 1031 ἄνθρωπος
3738 957 3795 1010 δὲ

2209 1058 2300 1134 ἦν,
2330 1061 2452 1115 ἐπεὶ
2478 1061 2576 1131 οὺχ
2605 1059 2805 1130 ὁμοίως
2833 1048 3140 1128 ἀνθρώποις
3174 1053 3437 1125 ἐγεννήθη
3457 1069 3471 1083 ⁸
3500 1053 3560 1106 οὐ
3599 1052 3706 1121 γὰρ
3732 1051 3796 1103 ὲκ

2215 1153 2422 1224 σπορᾶς
2468 1152 2563 1204 καὶ
2615 1148 2991 1218 συνδυασμοῦ·
3044 1145 3185 1200 οὕτω
3240 1146 3333 1198 καὶ
3381 1147 3409 1198 ὁ
3439 1144 3546 1214 πρὸ
3587 1143 3797 1196 αἰώνων

2215 1243 2340 1306 Υἱὸς
2373 1242 2504 1304 Θεὸς
2538 1241 2657 1313 μὲν,
2699 1239 2836 1295 καθὸ
2866 1239 2994 1302 Υἱὸς
3032 1236 3191 1300 Θεοῦ,
3223 1235 3298 1298 ώς
3329 1235 3633 1308 ἄνθρωπος,
3664 1234 3797 1288 καθὸ

2215 1335 2341 1400 Υἱὸς
2381 1333 2668 1405 ἀνθρώπου
2693 1349 2707 1363 ⁸
2737 1335 2797 1387 οὐ
2827 1333 3020 1387 ταυτὸν
3048 1333 3106 1386 δὲ
3144 1333 3222 1403 τῷ
3251 1331 3369 1402 Θεῷ
3395 1331 3488 1383 καὶ
3517 1329 3693 1400 Πατρὶ
3719 1327 3798 1400 τῷ

2214 1431 2555 1502 γεννήσαντι,
2594 1429 2670 1493 ώς
2723 1429 2784 1482 οὐ
2812 1429 3008 1482 ταυτὸν
3035 1427 3113 1498 τῷ
3160 1427 3452 1499 ἀνθρώπῳ,
3489 1425 3624 1479 καθὸ
3671 1426 3799 1479 ἄνευ

2215 1521 2518 1594 ἀπορροίας
2545 1521 2640 1574 καὶ
2682 1521 2911 1584 πάθους,
2974 1520 3108 1574 καθὸ
3145 1520 3272 1575 ἄνευ
3317 1521 3524 1590 σπορᾶς
3553 1517 3650 1572 καὶ
3682 1517 3801 1587 ἡδο-

2216 1615 2333 1684 νῆς.
2371 1613 2479 1666 Kal
2505 1614 2563 1666 ὲν
2588 1611 2894 1684 ὁμοιώματι
2934 1613 3136 1684 σαρκὸς
3175 1611 3480 1683 ἁμαρτίας·
3514 1609 3650 1664 καθὸ
3679 1611 3799 1662 πεῖ-

2217 1706 2316 1760 νάν
2345 1723 2403 1760 τε
2437 1706 2532 1760 καὶ
2558 1705 2741 1775 δίψαν,
2775 1708 2872 1760 καὶ
2905 1705 3070 1758 ὕπνον
3097 1706 3156 1758 ὲν
3174 1707 3241 1776 τῇ
3278 1704 3440 1776 σαρκὶ
3473 1703 3762 1774 ὑπέμεινεν
3781 1718 3796 1732 ο

2219 1798 2279 1863 ἐξ
2316 1791 2390 1853 ὧν
2430 1796 2621 1852 παθῶν
2677 1796 3113 1870 ἀμαρτητικῶνδ
3171 1798 3402 1850 κινεῖται
3434 1794 3504 1848 τὰ
3551 1793 3800 1865 σώματα.

2231 1891 2550 1962 Ὑπμένων
2573 1891 2631 1945 δὲ
2679 1890 2748 1944 τά
2785 1891 2986 1963 σαρκὸς
3012 1889 3388 1962 προειρημένα
3420 1888 3588 1956 πάθη,
3613 1887 3714 1941 οὐκ
3741 1886 3803 1951 ἐξ

2221 1983 2398 2037 αὐτῶν
2427 1984 2820 2055 ἀμαρτητικῶς
2845 1984 3094 2038 ἐκινεῖτο.
3131 1981 3288 2035 Οῦτω
3329 1982 3424 2035 καὶ
3452 1979 3576 2044 Υἱὸς
3608 1978 3683 2033 ὢν
3708 1980 3803 2032 τοῦ

2219 2079 2355 2134 Θεοῦ
2389 2081 2484 2134 καὶ
2531 2082 2588 2134 ὲν
2623 2083 2802 2152 μορφῇ
2834 2081 3098 2150 ὑπάρχων
3127 2077 3284 2143 Θεοῦ,
3318 2079 3414 2132 καί
3445 2078 3534 2131 ἷσα
3563 2076 3638 2130 ὢν
3686 2075 3807 2145 Θεῷ

2219 2171 2290 2226 τὰ
2323 2173 2422 2244 μὲν
2481 2172 2748 2244 ἰδιώματα
2805 2167 2918 2242 εἶχε
2972 2171 3070 2242 τῆς
3117 2156 3399 2242 θεότητος,
3463 2172 3585 2224 κατ’
3618 2168 3807 2222 οὐσίαν

2220 2263 2511 2334 ἀσώματος
2537 2263 2634 2331 ὢν,
2668 2264 2766 2319 καὶ
2801 2265 2987 2336 ὅμοιος
3021 2263 3101 2335 τῷ
3128 2264 3307 2335 Πατρὶ
3359 2261 3504 2316 κατά
3538 2262 3636 2334 τὴν
3691 2261 3810 2314 θεό-

2221 2375 2361 2428 τητα
2398 2360 2493 2412 καὶ
2517 2358 2937 2429 ἀσωματότητα,
2988 2357 3210 2422 καὶτὰς
3259 2356 3561 2428 ἐνεργείας,
3617 2354 3807 2424 ὥσπερ

2222 2447 2422 2517 ὁμοίως
2476 2450 2538 2518 τῇ
2595 2448 2758 2519 σαρκὶ
2789 2447 2868 2518 τῷ
2907 2447 3043 2518 σὰρξ
3075 2443 3236 2509 εἶναι.
3290 2448 3385 2500 καὶ
3424 2445 3570 2518 πάθη
3605 2445 3808 2517 σαρκὸς

2226 2539 2515 2610 ὑπομένειν
2535 2558 2548 2571 ο
2579 2540 2653 2612 μὴ
2687 2539 2870 2612 μέντοι
2902 2544 2993 2594 τὸν
3019 2540 3180 2595 α’ὑτὸν
3215 2535 3374 2606 εἶναι,
3400 2539 3536 2593 καθὸ
3558 2539 3690 2603 Θεὸς
3710 2537 3810 2604 ὢν,

2225 2628 2348 2683 οὔτε
2381 2631 2561 2701 μορφή
2598 2631 2713 2683 ὲστι
2759 2630 2854 2683 τοῦ
2889 2629 3048 2695 Θεοῦ,
3099 2630 3235 2684 ἀλλά
3287 2629 3422 2682 Θεοῦ
3447 2631 3469 2661 ⁵
3492 2645 3506 2660 ο
3545 2629 3669 2685 οὗτε
3719 2627 3811 2682 ica

2226 2719 2344 2772 ἐστὶ
2373 2718 2452 2790 τῷ
2473 2718 2610 2789 Θεῷ,
2647 2718 2784 2772 ἀλλά
2822 2718 2940 2790 Θεῷ
2958 2734 2975 2751 ⁸
3029 2717 3151 2772 οὔτε
3176 2717 3506 2780 αὑθεντικῶς
3535 2715 3612 2778 ὡς
3640 2716 3669 2768 ὁ
3697 2716 3810 2769 Πα-

2226 2814 2351 2884 τήρ.
2382 2812 2592 2882 ’Ὠσπερ
2623 2810 2732 2883 γὰρ
2771 2811 2869 2881 οὐχ
2930 2809 3322 2882 ἀμαρτητικῶς
3361 2808 3666 2880 ἄνθρωπος,
3697 2806 3814 2860 ἀλλ’

2226 2904 2427 2974 ὁμοίως
2455 2903 2704 2974 ἐνεργείᾳ
2734 2902 2810 2967 ὡς
2842 2902 3148 2974 ἄνθρωπος.
3181 2902 3359 2970 Ἀπερ
3410 2900 3518 2971 γὰρ
3546 2899 3622 2953 ἂν
3644 2903 3675 2953 d
3697 2903 3814 2952 Ila-

2227 2993 2338 3064 τὴρ
2361 2995 2526 3064 ποιῇ,
2557 2995 2745 3051 ταῦτα
2769 2995 2867 3049 καί
2907 2997 2939 3048 ό
2977 2994 3109 3062 me
3139 2995 3353 3064 ὁμοίως
3389 2991 3564 3047 ποιεῖ.
3601 2992 3813 3061 Ὠσπερ

2228 3085 2321 3144 οὖν
2359 3089 2592 3143 ἐνταῦθα
2645 3089 2744 3158 οὐχ
2767 3086 3179 3159 ἀμαρτητικῶς,
3214 3085 3332 3139 ἀλλ’
3365 3085 3588 3155 ὁμοίως,
3618 3086 3728 3147 τοῖς
3754 3082 3814 3134 ἐν

2232 3183 2396 3255 σαρκὶ
2420 3184 2650 3236 ἐκινεῖτο
2669 3197 2682 3210 ·
2711 3180 2823 3234 τῶν
2877 3180 2989 3252 γὰρ
3015 3178 3229 3233 ἀτόπων
3255 3177 3400 3231 ἐστὶν
3439 3176 3547 3230 ἀπὸ
3588 3175 3688 3247 μὲν
3715 3175 3809 3229 τοῦ

2231 3276 2373 3331 κατά
2403 3277 2563 3347 φύσιν
2587 3275 2762 3329 ἐλθεῖν
2792 3274 2954 3329 αὐτὸν
2980 3274 3059 3336 εἰς
3085 3272 3146 3324 τὸ
3165 3272 3314 3342 παρά
3334 3271 3517 3340 φύσιν,
3541 3269 3815 3323 τουτέστιν

2230 3369 2340 3423 ἀπὸ
2368 3368 2504 3422 Θεοῦ
2553 3369 2847 3438 γενόμενον
2883 3365 3010 3421 Υἱὸν
3062 3363 3371 3436 ἀνθρώπου,
3423 3364 3607 3434 ὅμοιον
3650 3354 3818 3430 ’γενέ-

2235 3457 2356 3511 σθαι
2389 3460 2502 3522 τοῖς
2522 3457 2662 3512 κατά
2692 3456 2876 3526 φύσιν,
2912 3455 3156 3510 τουτέστι
3173 3455 3286 3518 τοῖς
3319 3451 3479 3522 φύσει
3510 3450 3817 3524 ἀνθρώποις

2232 3552 2291 3604 ὲν
2322 3549 2401 3621 τῷ
2431 3549 2625 3602 ἑαυτοῦ
2656 3549 2807 3620 παρὰ
2840 3548 3034 3618 φύσιν
3064 3549 3121 3602 ὲν
3143 3547 3199 3601 δὲ
3221 3545 3300 3616 τῷ
3327 3545 3469 3598 κατά
3503 3543 3664 3613 φύσιν
3694 3543 3811 3594 ἑαυ-

2231 3642 2328 3696 τοῦ
2355 3643 2446 3696 καὶ
2473 3638 2610 3697 εἶναι
2635 3642 2818 3713 ὅμοιον
2847 3641 3040 3695 ἑαυτὸν
3076 3639 3156 3712 τῷ
3190 3628 3332 3693 κατά
3359 3637 3519 3707 φύσιν
3549 3636 3724 3704 Πατρὶ
3753 3635 3816 3686 ὲκ

2232 3731 2368 3786 Θεοῦ
2395 3731 2526 3786 Θεὸν
2549 3730 2895 3802 γεννηθέντα.
2953 3730 3063 3784 Kal
3087 3728 3338 3798 φανερὸν,
3393 3727 3476 3780 ὅτι
3505 3725 3554 3778 οἱ
3591 3724 3666 3796 μὴ
3695 3723 3816 3776 κατ’

2233 3825 2418 3878 οὐσίαν
2442 3824 2691 3893 λέγοντες
2721 3823 2904 3894 ὅμοιον
2931 3819 3010 3892 τῷ
3039 3820 3216 3892 Πατρὶ
3247 3818 3338 3872 τὸν
3367 3817 3497 3870 Υίὸν
3535 3813 3658 3868 οὔτε
3702 3814 3815 3866 υἱὸν

2234 3919 2507 3987 λέγουσιν,
2541 3917 2676 3971 ἀλλὰ
2704 3915 2912 3987 κτίσμα
2960 3915 3143 3986 μόνον,
3172 3912 3297 3967 οὔτε
3325 3911 3417 3964 τὸν
3452 3907 3673 3982 Πατέρα
3702 3924 3814 3963 πα·

2233 4009 2389 4080 τέρα,
2408 4008 2546 4062 ἀλλά
2571 4007 2795 4077 κτίστην
2815 4023 2828 4036 ·
2861 4007 2961 4077 τῆς
3005 4004 3191 4076 ὁμοίου
3233 4003 3442 4065 ἐννοίας
3471 4002 3570 4055 οὐκ
3600 3999 3692 4052 ἐπὶ
3719 3997 3817 4068 τὴν

2234 4101 2537 4172 ταυτότητα
2557 4099 2653 4153 τοῦ
2694 4097 2907 4170 Πατρὸς
2946 4097 3185 4166 ἀγούσης
3227 4095 3318 4149 τὸν
3371 4094 3523 4188 ξὶὸν,
3562 4091 3674 4146 ἀλλ’
3725 4090 3818 4188 ἐπὶ

2235 4195 2334 4266 τὴν
2357 4194 2477 4248 κατ’
2521 4192 2710 4246 οὐσίαν
2743 4190 3036 4262 ὁμοιότητα
3070 4191 3166 4243 καὶ
3207 4181 3520 4260 ἀπόρρητον
3560 4185 3618 4251 ἐξ
3650 4181 3814 4237 αὐτοῦ

2237 4286 2466 4351 ἀπαθῶς
2499 4285 2856 4356 γνησιὸτητα.
2899 4283 2988 4346 Ὠς
3025 4283 3155 4354 γὰρ,
3187 4281 3349 4335 πάλιν
3377 4278 3508 4350 ὲρῶ,
3536 4280 3594 4331 ὲν
3621 4273 3818 4347 ὁμοιώ-

2241 4396 2372 4452 ματι
2401 4377 2727 4451 ἀνθρώπων,
2757 4377 2849 4430 καὶ⁴
2885 4377 2942 4428 ὲν
2969 4375 3276 4447 ὁμοιώματι
3307 4373 3507 4445 σαρκὸς
3545 4368 3818 4441 ἁμαρτίας

2239 4475 2338 4526 οὐκ
2393 4471 2487 4526 ἐπὶ
2532 4472 2632 4544 τὴν
2673 4471 2979 4541 ταυτότητα
3009 4469 3175 4540 ἤγετο
3217 4466 3310 4520 τοῦ
3353 4463 3666 4536 ἀνθρώπου,
3700 4459 3816 4516 ἀλλ’

2238 4564 2332 4617 ἐπὶ
2360 4563 2458 4635 τὴν
2484 4563 2584 4633 τῆς
2624 4562 2827 4634 σαρκὸς
2882 4561 3070 4626 οὐσίας
3113 4560 3408 4632 ὁμοιότητα
3447 4558 3536 4612 διὰ
3572 4556 3641 4609 τὰ
3668 4557 3819 4626 εἰρη-

555 4643 650 4698 sed
673 4651 734 4698 ut
761 4642 936 4699 eidem
968 4644 1042 4699 sit
1071 4645 1314 4701 essentia
1342 4645 1561 4712 similis,
1591 4655 1646 4702 et
1678 4653 1738 4701 ut
1761 4647 1830 4703 ab
1861 4648 1982 4720 ipso
2005 4665 2122 4720 pro-

2245 4657 2413 4728 μέναο
2446 4655 2619 4719 οὕτως
2665 4654 2788 4708 οὐδὲ
2834 4653 2864 4706 ὁ
2885 4653 3034 4718 Υἱὸς,
3065 4653 3251 4724 ὅμοιος
3296 4654 3416 4706 κατ’
3446 4650 3637 4704 οὐσίαν
3667 4647 3820 4718 γενό-

553 4735 755 4792 cedens
785 4750 1043 4790 arcanam
1069 4736 1363 4807 quamdam
1412 4751 1538 4792 cum
1582 4737 1676 4794 illo
1711 4741 2122 4810 germanitatem

2238 4764 2397 4821 μενος
2425 4746 2502 4817 τῷ
2528 4746 2848 4818 γεννήσαντι
2877 4745 3072 4816 Πατρὶ,
3100 4745 3178 4808 είς
3223 4744 3524 4815 ταυτότητα
3556 4741 3674 4807 ἄξει
3726 4738 3818 4793 τοῦ

557 4829 801 4884 obtineat
834 4844 848 4880 :
884 4842 1036 4893 nam,
1067 4837 1129 4882 ut
1171 4829 1314 4884 idem
1347 4827 1528 4884 denuo
1561 4839 1802 4900 repetam
1823 4870 1839 4895 ,
1866 4833 2122 4902 quemad-

2236 4837 2452 4908 Πατρὸς
2510 4837 2612 4906 τὴν
2663 4834 2859 4889 ἑαυτοῦ
2911 4835 3134 4904 οὐσίαν,
3186 4835 3302 4890 ἀλλ’
3354 4836 3444 4888 ἐπὶ
3477 4835 3576 4898 τὴν
3634 4831 3819 4902 ὁμοιό-

555 4919 777 4975 inodum
805 4935 932 4976 cum
963 4920 1206 4976 hominis
1254 4934 1321 4975 ac
1345 4919 1529 4976 carnis
1560 4922 1771 4991 peccati
1810 4922 2128 4978 similitudi-
2235 4947 2392 5002 τητα.

556 5029 680 5070 nem
728 5025 956 5085 gereret,
988 5031 1098 5071 non
1125 5031 1192 5071 eo
1231 5015 1498 5071 deductus
1536 5023 1643 5080 est,
1677 5017 1822 5073 idem
1858 5025 1918 5073 ut
1977 5034 2105 5075 cum
2175 5023 2394 5102 homine
2459 5038 2691 5094 prorsus
2722 5023 2882 5090 foret,
2931 5022 3027 5080 sed
3071 5032 3133 5079 ut
3179 5031 3391 5078 natura:
3453 5022 3636 5077 carnis
3675 5029 3823 5074 esset

559 5107 776 5174 similis,
803 5118 862 5164 ut
887 5124 954 5164 ex
983 5109 1049 5165 iis
1068 5126 1190 5180 qua:
1221 5110 1485 5166 hactenus
1506 5111 1652 5167 dicta
1678 5120 1829 5178 sunt,
1853 5125 2109 5185 apparet:
2142 5119 2334 5174 eodem
2372 5120 2538 5174 modo
2565 5117 2739 5174 Filius
2767 5119 2941 5186 Patri,
2976 5136 3006 5174 a
3048 5135 3158 5190 quo
3187 5119 3406 5190 genitus
3462 5127 3570 5184 est,
3630 5131 3821 5172 essen-

559 5203 634 5255 tia
670 5203 865 5259 similis
910 5218 1065 5260 suam
1105 5204 1252 5258 illam
1281 5207 1577 5261 essentiam
1619 5222 1731 5262 non
1763 5210 1829 5262 ad
1869 5209 2209 5269 identitatem
2239 5230 2364 5268 eum
2401 5215 2582 5280 Patre,
2611 5216 2706 5271 sed
2737 5216 2802 5270 ad
2839 5217 3253 5272 similitudinem
3288 5215 3570 5286 perducet.

635 5297 697 5352 Χ.
737 5298 942 5365 Quodsi
990 5302 1116 5371 quis
1148 5301 1336 5357 mundi
1381 5304 1662 5373 sapientiae
1687 5305 1925 5369 deditus,
1966 5323 2122 5377 quam

2312 5316 2367 5368 I'.
2399 5296 2508 5370 Καὶ
2531 5318 2685 5380 εἴτις
2708 5319 2774 5386 τῇ
2807 5317 2970 5388 σοφίᾳ
2999 5315 3110 5385 (48)
3141 5315 3235 5368 τοῦ
3281 5315 3486 5383 κόσμου
3517 5311 3822 5383 προσέχων,

559 5389 704 5445 Deus
735 5392 982 5447 stultitiae
1011 5394 1271 5457 convicit,
1319 5395 1739 5465 sapientissimae
1767 5397 1938 5451 divini
1979 5402 2122 5454 verbi

2245 5404 2305 5474 ἣν
2335 5407 2617 5479 ἐμώρανεν
2641 5413 2670 5463 ὁ
2697 5409 2852 5473 Θεὸς,
2883 5409 2957 5480 μὴ
2989 5408 3246 5480 προσέχοι
3267 5406 3344 5477 τῷ
3374 5409 3431 5460 ὲν
3464 5406 3626 5476 σοφίᾳ
3666 5403 3822 5468 λόγου

634 5502 652 5533 ι
697 5499 855 5555 Joau.
904 5503 1068 5569 ι,14.
1179 5507 1199 5536 ⁸
1237 5503 1397 5560 Rom.
1453 5521 1571 5574 vm,
1621 5506 1676 5562 ’5.
1751 5509 1772 5539 ³
1833 5507 1985 5564 loan.
2027 5528 2079 5576 ν,
2120 5534 2122 5541 ι

561 5571 697 5625 ἀλλὰ
728 5571 869 5642 Θεῷ.

2282 5516 2304 5546 ⁵
2336 5517 2394 5572 F.
2436 5521 2854 5593 ἀμαρτητικῶς.
2935 5521 2956 5552 ⁸
3009 5519 3073 5575 C.
3131 5520 3268 5574 ἀλλά
3322 5519 3456 5582 Θεός
3477 5525 3697 5599 et'mox
3724 5532 3823 5586 pro

581 5761 597 5794 ἰ
623 5691 1112 5794 :(ﬁgtlfflmfl’
1141 5714 1215 5794 ἴῃ
1248 5698 1825 5794 σοερι’ρ.¹1ξοηιιιιηιιιιδ
1857 5704 2122 5760 anathem:

2227 5711 2319 5779 nii,
2349 5716 2629 5785 paululum
2671 5717 2740 5772 ab
2782 5717 2850 5772 iis
2891 5715 3112 5785 diversi,
3165 5731 3304 5788 quos
3363 5731 3430 5772 ex
3485 5715 3674 5770 eadem
3726 5709 3822 5766 Se-

565 5767 956 5826 ii-Jarianorum
985 5767 1194 5838 synodo
1224 5771 1418 5824 recitat
1457 5767 1710 5827 llilar’ius.
