4134 6386
491 294 597 353 623

1908 289 1964 344 S.
2015 288 2356 346 ΕΡΙΡΠΑΝΠ

3557 303 3570 314 ’
3663 295 3769 349 όῗ-ῑ

496 427 598 476 me,
625 423 702 474 et,
737 407 928 464 creavit
963 422 1062 472 me,
1095 413 1357 475 tauquam
1397 403 1595 459 Filium
1642 405 1762 461 sine
1810 405 1917 460 ulla
1951 423 2081 478 pas-

2187 409 2369 479 γεννᾷ
2412 427 2512 480 με,
2547 409 2646 482 τῷ,
2697 409 2901 464 ἔκτισέ
2925 427 3023 480 με,
3073 411 3150 474 ὡς
3180 411 3256 484 μὴ
3291 411 3464 483 λέγων
3500 413 3591 467 τὸν
3639 413 3768 468 Υίδν

495 504 652 558 sione
690 501 990 571 perlectum
1048 514 1114 553 ex
1156 497 1372 555 duobus
1432 497 1541 553 illis
1577 497 1859 554 vocabulis
1909 501 2081 554 conli~

491 607 636 659 lens,
674 595 870 648 creavit
900 607 998 656 me,
1026 599 1102 653 et,
1127 591 1309 660 genuit
1345 606 1444 653 me,
1479 589 1573 646 sed
1604 597 1916 646 creaturam
1945 590 2082 646 duu-

488 693 793 746 taxat,non
816 683 1010 737 Filium
1035 681 1332 743 afﬁrmans,
1365 681 1678 751 cujusmodi
1733 682 1883 753 pium
1918 683 2078 739 nobis

490 791 556 830 es
588 774 802 828 duabus
833 773 942 826 illis
991 772 1219 826 vocibus
1249 787 1474 828 sensum
1513 771 1796 844 Sapientia
1829 774 2077 839 tradidit,

491 866 778 919 anathema
803 864 894 918 sit.
930 861 987 917 Si
1022 863 1168 933 quis,
1193 861 1332 917 Filio
1357 879 1514 918 suam
1539 881 1662 920 cum
1694 864 1857 921 Patre
1891 883 2082 924 secun-

491 956 620 1011 dum
649 956 950 1011 essentiam
978 955 1390 1011 similitudinem
1429 957 1589 1013 nobis
1613 958 1700 1014 his
1724 960 1907 1015 verbis
1933 962 2080 1016 indi--

491 1057 694 1104 caute:
730 1047 882 1102 Sicut
936 1049 1077 1102 enim
1110 1047 1272 1102 Pater
1298 1050 1461 1103 vitam
1498 1049 1653 1105 habet
1690 1053 1743 1105 in
1784 1054 1974 1121 διείρεο,
2003 1056 2080 1108 sic

487 1149 537 1194 et
562 1137 707 1193 Filio
727 1140 871 1193 dedit
899 1142 1060 1194 vitam
1086 1141 1277 1194 habere
1305 1143 1359 1195 in
1382 1143 1589 1211 seipse;
1613 1159 1731 1198 eam
1769 1161 1899 1201 vero
1925 1147 2081 1201 simi-

489 1234 936 1304 litudinequuae
958 1237 1012 1288 in
1032 1236 1246 1291 actione
1272 1237 1474 1306 posita,
1507 1238 1594 1293 his
1621 1239 1800 1294 verbis
1816 1241 2077 1298 docente:

489 1329 827 1400 Quaecunque
872 1331 1011 1384 enim
1058 1327 1222 1382 Pater
1254 1328 1408 1396 facit,
1462 1345 1525 1382 ea
1547 1340 1595 1383 et
1628 1328 1805 1384 Filius
1836 1333 2081 1387 similiter

489 1423 698 1493 facit‘,
759 1423 932 1478 solam
974 1423 1115 1476 hanc
1165 1421 1402 1476 actionis
1445 1420 1616 1492 858
1664 1423 2079 1480 similitudinem

487 1515 814 1580 concedens,
847 1514 1092 1578 alteram,
1116 1528 1238 1583 qua:
1265 1512 1330 1564 ad
1351 1517 1650 1567 essentiam
1680 1525 1913 1584 spectat,
1931 1532 2082 1586 quae-

487 1621 594 1677 que
625 1605 960 1676 priecipuum
1013 1603 1135 1658 ﬁdei
1174 1611 1377 1657 nostrae
1412 1611 1575 1673 caput
1624 1613 1729 1668 est,
1764 1605 1900 1660 Filio
1945 1608 2080 1662 sul)-

487 1700 688 1762 trahat,
717 1709 977 1769 tanquam
1011 1707 1214 1752 aeterna
1239 1699 1369 1761 vita,
1407 1713 1530 1767 qua:
1569 1698 1623 1752 in
1652 1697 1832 1755 Patris
1857 1715 1920 1755 ac
1954 1699 2076 1754 Filii

486 1789 803 1862 cognitione
829 1789 1105 1852 consistit,
1130 1790 1370 1860 seipsum
1396 1791 1639 1860 privans,
1668 1793 1960 1848 anathema
1982 1795 2076 1850 sit.

488 1880 546 1938 Si
581 1883 707 1953 quis
745 1883 798 1936 in
823 1879 1041 1937 Patrem
1070 1897 1136 1936 ac
1173 1880 1372 1936 Filium
1395 1881 1620 1938 credere
1645 1898 1766 1939 sese
1795 1884 2074 1954 promens,

488 1973 704 2029 Patrem
738 1989 845 2027 non
877 1974 1076 2028 similis
1103 1989 1228 2028 cum
1283 1971 1424 2027 Filio
1450 1975 1706 2029 essentia:
1759 1975 1907 2030 dicat
1932 1993 2076 2044 esse,

487 2067 582 2124 sed
613 2068 868 2133 actionis,
920 2074 1176 2137 tanquam
1206 2065 1467 2139 profanas
1509 2081 1706 2122 vocum
1753 2069 2024 2125 novitates
2057 2072 2077 2101 '

486 2158 554 2213 de
581 2156 704 2213 Filii
735 2158 830 2214 Dei
872 2160 1112 2214 essentia
1147 2159 1509 2229 pronuntiare
1562 2176 1753 2225 ausus,
1803 2169 1858 2216 et
1891 2178 2078 2219 veram

487 2249 610 2304 Filii
651 2252 1036 2323 proprietatem
1091 2259 1362 2316 evertens,
1398 2251 1692 2306 anathema
1727 2253 1820 2308 sit.
1858 2251 1915 2306 Si
1951 2256 2078 2326 quis

495 2347 664 2402 tilium
727 2344 959 2400 similem
985 2344 1227 2400 essentia
1262 2344 1408 2398 illius
1432 2344 1763 2416 intelligens,
1792 2345 1954 2416 cujus
2015 2348 2098 2403 ﬁo-

488 2439 594 2494 lius
630 2437 968 2508 intelligitur,
997 2439 1080 2492 vel
1106 2437 1248 2492 idem
1279 2453 1509 2509 prorsus
1541 2452 1667 2493 cum
1687 2439 1852 2493 Patre
1877 2436 2078 2496 Filium

487 2544 610 2584 esse
633 2529 797 2588 dicat.
835 2529 915 2584 vel
947 2527 1127 2583 Patris
1157 2537 1388 2598 partem,
1420 2529 1506 2584 vel
1541 2528 1812 2599 proﬂuvio
1837 2531 2078 2600 quodam

487 2637 552 2676 ac
583 2623 858 2693 passione,
886 2635 1278 2691 corporeorum
1306 2622 1480 2698 instar
1521 2621 1786 2688 ﬁliorum,
1824 2622 2081 2694 incorpo-

489 2731 640 2770 reum
666 2714 735 2767 ab
763 2715 1092 2785 incorporeo
1117 2712 1279 2769 Patre
1311 2714 1584 2784 prodiisse
1610 2713 1808 2769 Filium
1839 2724 2074 2783 asserat,

488 2809 777 2863 anathema
807 2807 900 2862 sit.
929 2805 985 2861 Si
1011 2807 1157 2877 quis,
1192 2816 1480 2878 propterea
1515 2808 1662 2879 quod
1705 2823 1884 2878 neque
1915 2807 2080 2862 Pater

489 2899 684 2962 Filius,
721 2916 902 2970 neque
928 2897 1101 2954 Filius
1128 2916 1254 2956 esse
1269 2899 1432 2957 Pater
1459 2901 1794 2974 intelligatur
1815 2919 2075 2975 unquam,

489 2993 720 3049 alterum
754 3008 784 3046 a
819 2993 977 3048 Patre
1025 2991 1223 3047 Filium
1259 3009 1382 3049 esse
1403 2994 1616 3060 dicens,
1659 3011 1725 3051 co
1757 2997 1905 3068 quod
1940 2999 2080 3054 alter

489 3085 560 3140 sit
590 3084 748 3140 Pater
773 3101 838 3142 ac
867 3084 1062 3151 Filius,
1091 3094 1152 3188 ut
1173 3085 1383 3141 dictum
1413 3094 1500 3142 est
1529 3101 1541 3136 :
1593 3087 1747 3144 Alius
1775 3098 1856 3142 est
1888 3092 1976 3159 qui
2005 3099 2081 3146 te-
2111 3127 2155 3188 ϐ

487 3177 796 3231 stimonium
830 3175 1060 3246 perhibet
1115 3174 1180 3230 de
1236 3192 1317 3230 me
1340 3176 1361 3208 ⁸
1391 3193 1406 3242 ;
1463 3177 1588 3232 item
1624 3194 1640 3232 :
1700 3176 2080 3234 Testimonium
2114 3174 2120 3224 ἶ

488 3268 718 3337 perhibet
744 3269 834 3339 qui
859 3270 1002 3323 misit
1032 3285 1114 3323 me
1141 3269 1305 3324 Pater
1336 3269 1394 3323 δι
1438 3271 1484 3326 si
1511 3271 1918 3341 quis,inquam,
1953 3288 2080 3344 pro-

491 3370 608 3432 pter
641 3361 786 3432 piam
820 3361 969 3415 illam
998 3376 1122 3431 quae
1157 3361 1212 3416 in
1246 3360 1494 3418 Ecclesia
1529 3364 1845 3434 concipitur
1883 3381 2079 3436 perso-

489 3469 684 3508 narqu
720 3451 900 3508 Patris
929 3468 994 3507 ac
1016 3451 1137 3507 Filii
1170 3454 1578 3524 proprietatem,
1600 3457 1808 3511 veritus
1836 3473 1905 3512 ne
1936 3457 2079 3512 idem

489 3543 714 3598 omnino
743 3559 868 3598 cum
910 3542 1072 3598 Patre
1107 3543 1279 3600 Filius
1332 3546 1669 3617 intelligatur
1698 3587 1713 3612 ,
1752 3547 2080 3606 dissimilem

490 3637 729 3691 essentia
778 3635 959 3690 Patris
997 3651 1122 3692 esse
1155 3634 1354 3691 Filium
1407 3637 1575 3702 dicat,
1635 3640 1928 3695 anathema
1985 3641 2076 3696 sit.

494 3725 550 3781 Si
587 3726 714 3796 quis
741 3724 964 3780 Patrem
1001 3727 1265 3797 unigeniti
1315 3727 1439 3782 Filii
1486 3730 1540 3784 in
1577 3739 1820 3800 tempore
1866 3739 2080 3801 patrem

493 3818 662 3873 fuisse
689 3818 793 3873 sibi
826 3819 1170 3890 persuadeat,
1209 3835 1388 3890 neque
1413 3828 1538 3876 ante
1563 3828 1780 3890 tempus
1802 3836 2080 3884 omne,cae

493 3925 661 3980 supra
689 3911 981 3966 humanam
1033 3925 1256 3968 omnem
1283 3913 1700 3982 cogitationem,
1739 3915 2077 3984 unigenitum

493 4003 691 4059 Filium
725 4019 756 4058 a
788 4003 949 4060 Patre
975 4005 1096 4061 sine
1127 4005 1236 4060 ulla
1276 4007 1534 4076 passione
1564 4007 1754 4063 credat
1803 4022 1927 4063 esse
1952 4022 2080 4077 pro~

493 4097 742 4162 ductum,
802 4106 1066 4168 tanquam
1125 4101 1489 4171 apostolicum
1540 4102 1739 4172 dogma
1803 4111 2080 4171 transgre-

493 4191 672 4256 diens,
704 4192 846 4261 quod
870 4207 900 4246 a
919 4189 1098 4255 Patre,
1113 4190 1364 4263 Filioque
1387 4195 1652 4264 temporis
1669 4196 1904 4265 spatium
1921 4211 2083 4253 omne

495 4282 675 4352 rejicit
705 4300 718 4336 :
753 4284 857 4338 hoc
890 4299 1022 4339 vero
1060 4301 1164 4340 nos
1207 4285 1441 4340 ﬁdeliter
1478 4286 1672 4342 edocet
1709 4306 1722 4344 :
1774 4287 1841 4342 In
1880 4291 2081 4359 princi-

493 4373 581 4439 pio
633 4379 749 4424 erat
799 4368 1046 4438 Verbum,
1097 4381 1144 4426 et
1209 4370 1432 4426 Verbum
1458 4382 1574 4426 erat
1606 4374 1747 4441 apud
1793 4374 1982 4440 Deum,
2033 4385 2082 4431 et

495 4463 636 4519 Deus
657 4475 772 4518 erat
813 4461 1041 4518 Verbum
1073 4465 1134 4519 ':
1165 4464 1456 4520 anathema
1490 4467 1583 4522 sit.
1618 4465 1674 4520 Si
1709 4469 1834 4539 quis
1869 4467 2080 4525 Patrem
2116 4495 2160 4550 ι)

496 4553 802 4624 uuigenito,
824 4570 987 4624 quem
1026 4556 1310 4624 produxit,
1368 4554 1510 4611 Filio
1549 4565 1796 4630 tempore
1837 4561 2083 4617 anterio-
2127 4565 2132 4570 ’

499 4663 610 4702 rem
642 4662 767 4706 esse
791 4648 969 4710 dicat;
998 4645 1198 4702 Filium
1226 4662 1358 4702 vero
1405 4649 1570 4704 Patre
1596 4649 1872 4720 juniorem
1903 4667 1916 4704 :
1951 4667 2084 4706 ana-

494 4739 680 4794 thema
729 4738 821 4794 sit.
877 4736 936 4792 Si
993 4739 1120 4808 quis
1149 4738 1416 4808 temporis
1470 4748 1746 4811 expertem
1814 4742 2082 4813 unigeniti

497 4831 702 4886 Christi
732 4846 762 4884 a
801 4829 963 4887 Patre
1001 4831 1375 4901 procedentis,
1403 4830 1742 4902 hypostasim
1771 4834 1840 4889 ad
1881 4834 2084 4906 ingeni-

499 4933 608 4978 tam
635 4919 733 4976 Dei
765 4921 1067 4975 essentiam
1091 4918 1313 4984 referat,
1341 4927 1600 4990 tanquam
1623 4921 1956 4991 Υἰοπάτορα,
1983 4921 2085 4976 hoc

498 5020 584 5067 est
635 5009 1009 5080 Filiopatrent,
1060 5011 1362 5082 appellans,
1395 5011 1684 5068 anathema
1747 5014 1836 5068 sit.
1873 5012 1928 5066 Si
1961 5013 2085 5082 quis

501 5106 618 5160 sola
643 5112 915 5176 potestate
943 5102 1161 5160 Patrem
1191 5104 1462 5176 unigeniti
1497 5102 1646 5170 Filii,
1677 5121 1786 5161 non
1818 5114 2087 5176 potestate

502 5199 688 5262 simul,
707 5206 763 5253 et
790 5198 1030 5254 essentia
1064 5213 1191 5253 esse
1219 5198 1464 5261 delluiat,
1493 5207 1753 5272 tanquam
1787 5199 1957 5255 solam
1984 5214 2085 5269 po-

502 5297 755 5346 testatem
802 5305 1101 5360 usurpans,
1155 5300 1209 5343 et
1241 5305 1587 5346 communem
1621 5293 1669 5346 ei
1713 5308 1837 5346 cum
1869 5295 2084 5348 caeteris

501 5381 762 5452 operibus
789 5381 1160 5437 conditionem
1192 5382 1462 5442 tribuens.
1495 5398 1671 5453 neque
1696 5398 2016 5453 germanum
2052 5398 2084 5436 a

2183 501 2272 555 τὸν
2297 502 2522 565 ἀπαθῶς
2545 502 2746 557 τέλειον
2763 505 2826 556 ἐκ
2847 502 2954 556 τῶν
2975 503 3067 556 δύο
3095 504 3395 574 ὀνομάτων,
3427 505 3543 572 τοῦ,
3566 506 3770 562 ἔκτισέ

2179 611 2276 665 με,
2310 594 2542 658 καὶτοῦ,
2567 593 2754 665 γεννᾷ
2776 612 2873 665 με,
2907 596 3114 667 κτίσμα
3145 597 3304 666 μόνον
3343 599 3643 668 ὁμολογῶν,
3675 601 3770 652 καὶ

2187 688 2386 758 μηκέτι
2442 688 2575 755 υἱὸν,
2607 687 2682 752 ὼς
2727 687 3110 760 παραδέδωκεν
3147 691 3180 761 ἡ
3223 690 3393 759 Σοφία
3439 691 3505 744 ὲκ
3537 691 3647 744 τῶν
3676 690 3769 745 δύο

2184 779 2426 843 εὐσεϐῶς
2454 781 2554 851 τὴν
2585 779 2792 833 ἔννοιαν
2814 797 2825 808 °
2857 781 3103 852 ἀνάθεμα
3133 782 3290 835 ἔστω.
3319 783 3429 836 Kal
3459 784 3512 834 εί
3538 801 3640 847 τις,
3673 784 3768 837 τοῦ

2184 872 2316 926 Υίοῦ
2349 873 2448 944 τὴν
2484 874 2582 942 μὲν
2635 873 2755 928 κατ’
2791 874 2979 927 οὐσίαν
3018 873 3153 948 πρὸς
3187 873 3278 927 τὸν
3309 874 3504 928 ἐαυτοῦ
3549 874 3769 945 Πατέρα

2182 964 2474 1037 ὁμοιότητα
2491 968 2625 1036 ἡμῖν
2653 965 3130 1029 ἀποκαλύπτοντος
3154 965 3221 1019 δι’
3248 959 3323 1020 ὧν
3347 983 3479 1037 φησι
3495 983 3510 998 ο
3544 968 3769 1036 ’Ὠσπερ

2183 1056 2293 1126 γὰρ
2323 1059 2356 1110 ό
2387 1057 2590 1125 Πατὴρ
2635 1055 2789 1122 ζωὴν
2831 1056 2955 1126 ἔχει
2987 1057 3058 1110 ἐν
3083 1057 3291 1122 ἐαυτῷ,
3321 1057 3508 1124 οὕτως
3535 1057 3636 1112 καί
3687 1057 3769 1124 τῷ

2193 1147 2303 1213 Υἱῷ
2360 1148 2545 1202 ἔδωκε
2594 1145 2747 1215 ζωὴν
2788 1148 2954 1217 ἔχειν
2996 1148 3068 1201 ἐν
3116 1147 3307 1214 ἑαυτῷ
3332 1165 3345 1177 ⁸
3393 1149 3492 1220 τὴν
3539 1147 3596 1201 δὲ
3647 1149 3767 1202 κατ’
3819 1193 3832 1196 -

2184 1240 2463 1312 ἐνέργειαν
2494 1240 2560 1293 δι’
2615 1233 2690 1293 ὧν
2745 1240 3024 1295 παιδεύει·
3086 1242 3144 1295 Ἃ
3196 1241 3304 1310 γὰρ
3351 1240 3429 1294 ἂν
3485 1244 3518 1295 d
3563 1239 3768 1310 Πατὴρ

2183 1332 2347 1402 ποιῇ,
2383 1333 2572 1387 ταῦτα
2600 1333 2696 1387 καὶ
2741 1337 2775 1389 ὁ
2825 1333 2956 1400 Υἱὸς
2987 1335 3202 1403 ὁμοίως
3244 1334 3426 1387 ποιεῖ’
3471 1335 3640 1406 μόνην
3669 1336 3768 1407 τὴν

2184 1427 2305 1479 κατ’
2351 1422 2642 1496 ’ἐνέργειαν
2680 1426 2975 1496 ὁμοιότητα
3019 1424 3269 1494 διδούσης
3304 1439 3422 1478 κατ’
3471 1426 3680 1489 οὐσίαν,
3731 1427 3768 1498 ἦ

2183 1519 2299 1571 ἐστι
2331 1517 2391 1571 τὸ
2421 1517 2958 1588 κεφαλαιωδέστατον
3000 1517 3159 1588 ἡμῶν
3191 1517 3290 1588 τῆς
3325 1517 3581 1582 πίστεως,
3635 1519 3770 1571 ἀπο-

2186 1607 2400 1680 στεροίη
2435 1608 2529 1661 τοῦ
2567 1607 2719 1668 Υἰοῦ,
2746 1608 2822 1672 ὼς
2852 1608 3044 1662 ἐαυτὸν
3074 1607 3392 1679 ἀποστερῶν
3419 1609 3518 1676 τῆς
3545 1612 3602 1662 ἐν
3630 1606 3771 1676 γνώ-

2185 1716 2267 1753 σει
2302 1699 2515 1772 Πατρδς
2546 1701 2638 1754 καὶ
2679 1699 2811 1754 Υἱοῦ
2848 1700 3066 1755 αἰωνίου
3104 1698 3282 1772 ζωῆς’
3323 1699 3571 1770 ἀνάθεμα
3606 1700 3767 1754 ἔστω.

2186 1792 2297 1846 Kal.
2329 1791 2384 1845 εί
2416 1810 2519 1857 τις,
2551 1794 2630 1855 είς
2664 1792 2882 1864 Πατέρα
2918 1792 3015 1846 καὶ
3044 1792 3172 1845 Υίδν
3204 1790 3478 1846 πιστεύειν
3503 1788 3771 1858 ἐπαγγελ-

2185 1885 2433 1956 λόμενος,
2467 1884 2560 1938 τὸν
2603 1883 2824 1955 Πατέρα
2859 1882 2935 1954 μὴ
2968 1883 3158 1946 οὐσίας
3187 1883 3380 1952 ὁμοίας
3426 1880 3592 1934 αὐτοῦ
3622 1880 3771 1948 λέγοι

2187 1976 2426 2047 Πατέρα,
2475 1975 2612 2028 ἀλλά
2659 1974 2959 2046 ἐνεργείας,
2992 1974 3067 2038 ὠς
3111 1973 3367 2045 βεϐήλους
3407 1972 3771 2044 καινοφωνίας

2186 2068 2328 2122 κατά
2355 2071 2454 2139 τῆς
2485 2068 2674 2131 οὐσίας
2699 2066 2790 2120 τοῦ
2826 2065 2957 2120 Υίοῦ
2996 2065 3090 2120 τοῦ
3119 2066 3254 2120 Θεοῦ
3283 2066 3613 2135 φθέγγεσθαι
3649 2063 3772 2117 τολ-

2189 2159 2328 2228 μῶν,
2363 2157 2730 2211 καΥάναιοῶν
2774 2156 2836 2209 τὸ
2878 2151 3017 2210 εἶναι
3043 2155 3260 2226 ἀληθῶς
3324 2157 3468 2209 υἱόν·
3520 2155 3771 2224 ἀνάθεμα

2185 2251 2344 2303 ἔστω.
2381 2251 2488 2304 Kal
2522 2250 2576 2302 εἴ
2599 2266 2683 2312 τ.ς
2712 2249 2842 2302 Υίὸν
2865 2250 3050 2320 ὅμοιον
3079 2251 3199 2301 κατ’
3224 2247 3412 2301 οὐσίαν
3444 2248 3579 2302 νοῶν
3625 2248 3770 2302 ἐκεί-

2185 2360 2298 2404 νου,
2330 2337 2390 2396 οῦ
2420 2342 2515 2394 καὶ
2545 2344 2746 2395 νοεῖται
2786 2340 2922 2405 υίὸς,
2962 2340 2996 2413 ἦ
3045 2341 3240 2394 ταυτὸν
3287 2339 3436 2408 λέγοι
3483 2341 3561 2412 τῷ
3598 2340 3772 2412 Πατρὶ

2184 2433 2277 2487 τὸν
2317 2433 2463 2495 Υἰὸν,
2494 2432 2528 2502 ἦ
2581 2434 2747 2504 μέρος
2785 2433 2878 2487 τοῦ
2927 2433 3160 2505 Πατρὸς,
3195 2434 3230 2503 ἢ
3280 2433 3424 2486 κατά
3471 2434 3772 2506 ἀπόρροιαν

2186 2527 2281 2579 καὶ
2329 2525 2468 2579 κατά
2505 2525 2697 2591 πάθος,
2732 2525 2809 2588 ὡς
2851 2527 3201 2595 σωματικοὺς
3247 2525 3416 2590 υἱοὺς,
3448 2525 3538 2577 τὸν
3571 2526 3635 2578 ἐκ
3675 2522 3771 2578 τοῦ

2186 2619 2482 2690 ἀσωμάτου
2521 2619 2733 2689 Πατρὸς
2774 2618 3063 2690 ἀσώματον
3115 2618 3241 2673 Υἱὸν
3280 2619 3608 2685 ὑποστάντα,
3639 2616 3772 2672 ἀνά-

2187 2710 2330 2782 θεμα
2362 2712 2522 2764 ἔστω.
2558 2712 2669 2765 Καὶ
2710 2712 2762 2764 εί
2790 2729 2874 2774 τις
2905 2711 2996 2765 διὰ
3046 2712 3109 2766 τὸ
3153 2713 3244 2765 τὸν
3291 2712 3510 2784 Πατέρα
3562 2713 3772 2784 μήποτε

2187 2805 2319 2858 Υίὸν
2366 2803 2624 2866 νοεῖσθαι,
2672 2803 2767 2856 καὶ
2827 2804 2918 2858 τὸν
2977 2805 3099 2858 Υίὸν
3139 2806 3347 2876 μήποτε
3385 2805 3605 2877 Πατέρα
3637 2807 3772 2858 νοεῖ-

2189 2896 2335 2960 σθαι,
2367 2896 2555 2967 ἕτερον
2587 2895 2760 2964 λέγων
2793 2894 2884 2948 τὸν
2927 2896 3054 2950 Υἱὸν
3090 2897 3242 2968 παρά
3277 2897 3366 2950 τὸν
3394 2898 3634 2968 Πατέρα,
3684 2897 3774 2951 διά

2185 2990 2249 3042 τὸ
2277 2989 2366 3043 τὸν
2419 2989 2641 3060 Πατέρα
2682 2987 2871 3060 ἐτερον
2924 2983 3085 3052 εἶναι,
3133 2989 3228 3042 καὶ
3270 2987 3360 3043 τὸν
3395 2987 3542 3050 Υἰὸν.
3591 2987 3774 3052 καθὼς

2187 3083 2434 3154 είρηταιυ
2491 3081 2708 3146 Ἄλλος
2757 3080 2933 3134 ἐστὶν
2966 3084 3000 3134 ὁ
3043 3080 3358 3154 μαρτυρῶν
3408 3082 3542 3150 περὶ
3590 3080 3771 3150 ἐμοῦ·

2190 3176 2306 3241 καὶ,
2328 3175 2631 3243 Μαρτυρεῖ
2660 3174 2790 3246 γὰρ,
2848 3178 3033 3248 φησὶν,
3069 3179 3101 3229 ό
3147 3174 3389 3245 πέμψας
3423 3193 3501 3244 με
3533 3175 3768 3243 Πατήρ.

2187 3265 2276 3319 διὰ
2303 3265 2506 3334 ταύτην
2552 3263 2648 3336 τὴν
2678 3265 2878 3335 εὐσεϐῆ
2917 3269 2976 3319 ἐν
3019 3270 3086 3338 τῇ
3133 3266 3431 3339 Ἐκκλησία
3475 3267 3774 3338 νοουμένην

2193 3358 2432 3428 ἰδιότητα
2459 3357 2569 3410 τῶν
2601 3356 2929 3428 προσώπων,
2975 3358 3187 3430 Πατρδς
3233 3359 3330 3428 μὲν
3369 3359 3463 3412 καὶ
3508 3358 3660 3422 Υίοῦ,
3690 3360 3774 3410 6e:-

2187 3450 2336 3515 διὼς,
2392 3451 2602 3521 μήποτε
2667 3450 2862 3503 ταυτὸν
2911 3449 3076 3522 νοηθῇ
3114 3451 3241 3516 Υἱὸς
3278 3452 3472 3522 Πατρὶ,
3521 3452 3773 3523 ἀνόμοιον

2187 3542 2336 3612 λέγοι
2370 3545 2488 3595 κατ’
2515 3539 2702 3596 οὐσίαν
2727 3543 2817 3595 τὸν
2846 3541 2972 3596 Υίὸν
3001 3543 3080 3612 τῷ
3112 3544 3304 3615 Πατρὶ,
3335 3543 3582 3613 ἀνάθεμα
3611 3544 3769 3597 ἔστω.

2189 3637 2299 3690 Καὶ
2346 3636 2398 3688 εἴ
2425 3653 2508 3698 τις
2554 3637 2612 3687 ἐν
2651 3636 2827 3707 χρόνῳ
2855 3637 2948 3689 τὸν
2995 3637 3218 3707 Πατέρα
3262 3638 3480 3709 πατέρα
3525 3641 3638 3692 νοοῖ
3676 3637 3770 3690 τοῦ

2191 3727 2514 3798 μονογενοῦς
2543 3726 2699 3792 Υἱοῦ,
2749 3728 2846 3780 καὶ
2883 3727 2957 3798 μὴ
2995 3728 3134 3799 ὑπὲρ
3166 3729 3410 3800 χρόνους,
3443 3730 3535 3782 καὶ
3586 3729 3726 3783 κατὰ
3751 3730 3772 3758 ⁸

2189 3820 2369 3884 πάσας
2419 3819 2770 3891 ἀνθρωπίνας
2818 3821 3029 3886 ἐννοίας
3084 3821 3330 3874 πιστεύει
3375 3821 3465 3874 τὸν
3509 3823 3771 3894 μονογενῆ

2190 3912 2318 3965 Υίὸν
2373 3913 2438 3965 ἐκ
2485 3912 2579 3965 τοῦ
2612 3911 2826 3984 Πατρδς
2876 3913 3102 3976 ἀπαθῶς
3133 3913 3451 3983 ὑφεστάναι,
3482 3915 3558 3978 ὡς
3593 3932 3770 3985 παρα-

2191 4004 2394 4058 δαίνων
2425 4004 2488 4057 τὸ
2535 4004 2892 4058 ἀποστολικὸν
2940 4005 3222 4078 κήρυγμα,
3253 4005 3477 4076 χρόνους
3513 4005 3610 4075 μὲν
3644 4005 3772 4076 περὶ

2189 4097 2401 4168 Πατρὺς
2452 4098 2547 4151 καὶ
2598 4097 2727 4150 Υίοῦ
2779 4097 3200 4170 παρωσάμενον,
3254 4097 3462 4161 πιστῶς
3513 4098 3569 4151 δὲ
3625 4100 3772 4167 ἡμᾶς

2191 4189 2485 4244 παιδεῦσαν
2513 4189 2601 4243 τό*
2647 4191 2750 4243 Ἐν
2786 4188 2944 4259 ἀρχῇ
2977 4186 3055 4260 ἦν
3080 4194 3112 4244 ὀ
3139 4191 3349 4259 Λόγος,
3383 4190 3480 4243 καὶ
3511 4193 3544 4242 ό
3583 4191 3772 4258 Λόγος

2189 4281 2271 4351 ἦν
2303 4281 2452 4350 πρὸς
2481 4280 2588 4334 τὸν
2617 4281 2786 4346 Θεὸν,
2812 4283 2908 4334 καὶ
2937 4278 3176 4352 Θεὸς-ἦν
3204 4285 3237 4336 ό
3269 4285 3490 4352 Λόγος,
3524 4281 3775 4354 ἀνάθεμα

2191 4374 2350 4428 ἔστω.
2405 4373 2513 4427 Kal
2553 4374 2608 4426 εί
2648 4391 2732 4437 τις
2771 4375 2862 4427 τὸν
2911 4375 3132 4446 Πατέρα
3181 4374 3550 4447 πρεσϐύτερον
3598 4375 3774 4448 χρόνῳ

2189 4466 2338 4536 λέγοι
2381 4466 2476 4520 τοῦ
2509 4466 2570 4531 ἐξ
2617 4466 2812 4521 ἐαυτοῦ
2844 4467 3166 4538 μονογενοῦς
3213 4467 3377 4522 Υἱοῦ·
3430 4467 3690 4539 νεώτερον
3714 4451 3774 4521 δὲ

2189 4561 2368 4634 χρόνῳ
2395 4561 2487 4614 τὸν
2519 4561 2650 4614 Υίὸν
2679 4561 2774 4614 τοῦ
2808 4561 3043 4634 Πατρδς,
3076 4561 3326 4632 ἀνάθεμα
3362 4561 3519 4618 ἔστω.
3573 4560 3682 4614 Kal.
3723 4563 3776 4615 εἰ

2189 4670 2274 4717 τις
2306 4653 2368 4706 τὸ
2397 4653 2625 4723 ἄχρονον
2657 4653 2758 4722 τῆς
2795 4651 2888 4706 τοῦ
2932 4653 3255 4724 μονογενοῦς
3287 4652 3524 4723 Χριστοῦ
3558 4654 3621 4705 ἐκ
3665 4655 3776 4706 Πα-

2189 4744 2317 4815 τρὸς
2383 4744 2733 4808 ὑποστάσεως
2795 4745 2888 4797 ἐπὶ
2942 4744 3043 4814 τὴν
3110 4744 3405 4812 ἀγέννητον
3464 4742 3558 4795 τοῦ
3637 4740 3773 4796 Θεοῦ

2190 4834 2380 4888 οὐσίαν
2439 4835 2742 4907 ἀναφέροι,
2775 4835 2850 4898 ῶς
2905 4836 3206 4907 υἱοπάτορα
3261 4834 3471 4902 λέγων,
3525 4831 3774 4902 ἀνάθεμα

2193 4925 2352 4978 ἔστω.
2386 4925 2500 4979 Kal.
2534 4924 2589 4978 εί
2612 4942 2696 4990 τις
2728 4923 2945 4997 ἐξουσίᾳ
2975 4925 3112 4997 μόνῃ
3141 4925 3232 4977 τὸν
3261 4922 3481 4994 Πατέρα
3507 4921 3654 4990 λέγοι
3679 4922 3773 4974 τοῦ

2195 5017 2518 5089 μονογενοῦς
2565 5017 2719 5084 Υἱοῦ,
2762 5019 2858 5071 καὶ
2909 5018 2986 5089 μὴ
3025 5016 3245 5087 ἐξουσία
3299 5015 3437 5086 ὁμοῦ
3494 5014 3588 5068 καὶ
3616 5013 3776 5084 οὐσίᾳ

2192 5110 2408 5181 Πατρὸς
2457 5109 2781 5181 μονογενοῦς
2834 5108 2986 5174 Υἱοῦ,
3035 5109 3112 5173 ὡς
3165 5109 3333 5180 μόνην
3380 5107 3478 5180 τὴν
3528 5105 3775 5172 ἐξουσίαν

2190 5201 2504 5273 λαμϐάνων,
2533 5202 2627 5256 καὶ
2652 5202 2970 5255 κοινοποιῶν
2991 5201 3153 5254 αὐτὸν
3182 5201 3318 5270 πρὸς
3339 5199 3406 5253 τὰ
3431 5198 3593 5252 λοιπὰ
3620 5197 3776 5268 ποιή-

2195 5311 2360 5363 ματα,
2395 5294 2491 5350 καὶ
2521 5295 2581 5348 οὐ
2612 5294 2786 5362 λέγων
2809 5293 3022 5364 ἀληθῶς
3051 5295 3115 5345 ἐκ
3138 5292 3352 5363 Πατρός
3380 5293 3602 5362 γνήσιον
3623 5290 3774 5352 Υίὸν,

2191 5384 2440 5455 ἀνάθεμα
2493 5384 2652 5438 ἔστω.
2706 5386 2815 5439 Καὶ
2865 5385 2918 5438 εί
2937 5402 3021 5448 τις
3066 5383 3286 5454 ἐξουσίᾳ
3317 5383 3412 5436 καὶ
3460 5381 3616 5452 οὐσίᾳ
3663 5381 3774 5451 (49)

575 5543 591 5572 ’
619 5539 780 5594 Joan.
818 5558 869 5605 ν,
905 5540 989 5595 19.
1063 5539 1282 5594 ²1ἰ“ἰιιι.
1319 5554 1396 5606 vt,
1438 5537 1521 5591 10.
1595 5537 1616 5567 ³
1646 5535 1804 5591 Joan.
1836 5553 1888 5602 v,
1925 5536 2014 5591 52.

2187 5553 2308 5591 nan.
2355 5553 2474 5602 vm,
2499 5538 2591 5593 28.
2668 5541 2689 5571 ⁵
2719 5535 2879 5593 Joan.
2913 5539 3031 5604 1,1.
3106 5539 3127 5570 ⁶
3155 5539 3215 5593 F.
3249 5538 3418 5608 παρά.

578 5697 695 5769 (49)
733 5698 837 5751 Kal
875 5700 930 5750 εἴ
974 5715 1064 5763 τις·
1091 5698 1344 5762 ἐξουσίᾳ
1367 5695 1501 5769 eral
1524 5697 1724 5762 οὐσίᾳ.
1766 5695 2084 5750 Postremus

509 5767 598 5824 hic
646 5771 1126 5826 anatIu-ntatismus
1162 5769 1302 5840 apud
1343 5767 1604 5822 Hilarium
1643 5785 1747 5821 non
1780 5777 2079 5831 comparet,

2194 5697 2285 5765 qui
2329 5698 2446 5751 sine
2469 5697 2634 5750 duhiu
2661 5699 2950 5754 hrcreticus
2976 5706 3080 5758 est,
3111 5708 3386 5767 quatenus
3415 5698 3768 5752 consubstan-

2194 5769 2374 5820 t.a!om
2404 5785 2525 5823 esse
2552 5769 2698 5822 Patri
2731 5769 2924 5823 Filium
2959 5777 3115 5832 negat
3149 5789 3161 5824 :
3196 5772 3297 5822 hoc
3326 5783 3408 5824 est
3435 5787 3613 5841 neque
3646 5771 3770 5837 ὀμο-
