4134 6386
539 285 645 342 ητ

1944 285 2002 343 S.
2060 283 2400 338 EPIPIIANII

3673 292 3779 348 ιιιε

542 397 741 464 Veteri,
771 400 853 455 vel
897 399 1046 454 Novo
1068 399 1414 455 Testamento
1441 406 1625 472 aperte
1661 401 1948 470 reperitur,
1999 398 2092 453 sed

2214 397 2341 468 λαιᾷ
2382 395 2476 449 καὶ
2506 395 2680 466 Καινῇ
2715 399 2776 451 οὑ
2817 400 2989 452 κεῖται
3016 400 3226 471 Γραφῆ,
3245 402 3406 466 όνοῦς
3423 402 3479 457 δὲ
3505 404 3778 475 πανταχοῦ

538 493 683 562 quod
727 509 792 549 eo
840 492 1197 563 signiﬁcatur,
1253 495 1452 563 passim
1508 509 1824 562 expressum
1871 492 2100 560 legitur:

539 587 594 640 in
616 586 808 655 primis
836 586 891 642 in
922 602 987 639 eo
1017 585 1152 650 loco,
1190 585 1242 637 in
1267 600 1374 653 quo
1410 584 1553 640 Deus
1584 585 1818 655 Moysem
1858 586 2102 647 mittens,

538 679 619 743 sic
645 678 695 732 ei
744 678 958 732 locutus
986 686 1068 730 est
1099 696 1112 730 :
1158 675 1247 729 Sic
1285 677 1422 730 dices
1453 677 1581 744 ﬁliis
1601 675 1775 730 Israel
1797 691 1814 729 :
1839 676 1941 743 Qui
1964 686 2040 730 est
2066 677 2102 740 ¹,

538 776 646 820 etc.
679 767 835 832 Quod
881 768 948 822 de
977 766 1136 822 Patre
1188 766 1486 836 praesertim
1517 767 1736 830 dicitur,
1793 768 1885 837 qui
1919 767 2108 821 ordine

537 857 747 926 primus
805 857 1146 927 intelligitur,
1179 873 1212 910 α
1245 873 1346 927 quo
1374 860 1542 910 omnis
1573 858 1866 923 paternitas
1901 858 1955 910 in
1981 857 2106 910 caelo

535 949 660 1000 etin
688 955 828 1000 terra
879 949 1182 1001 nominatur
1216 948 1256 1000 ³.
1297 946 1398 1012 Qui
1431 963 1606 1017 neque
1637 948 1705 1001 ab
1760 949 1872 1002 ullo
1919 956 2022 1012 est,
2057 956 2108 1002 et

536 1037 606 1091 iis
631 1051 752 1106 quae
781 1045 928 1101 sunt,
962 1052 1126 1090 causa
1161 1043 1244 1091 est
1279 1048 1338 1090 ut
1366 1037 1496 1092 siut.
1549 1036 1748 1092 Verum
1790 1053 1913 1091 cum
1939 1045 1992 1093 et
2017 1036 2106 1090 Fi-

536 1131 642 1184 lius
675 1131 746 1185 sit
769 1129 1060 1194 exsistens,
1089 1137 1143 1183 et
1172 1128 1305 1183 illud
1336 1129 1436 1182 sibi
1464 1130 1928 1184 conuuunicatum
1953 1145 2107 1183 acce-

536 1220 696 1290 perit,
748 1218 952 1275 Paulus
1003 1220 1395 1276 Samosatenus
1444 1229 1498 1274 et
1554 1221 1848 1276 Marcellus
1881 1221 1968 1274 .ab
2018 1221 2106 1272 illa

532 1309 761 1366 Joannis
806 1313 1094 1375 sententia,
1130 1327 1235 1382 qua
1263 1313 1527 1383 scriptum
1559 1320 1642 1367 est
1673 1332 1683 1366 :
1731 1311 1797 1365 In
1848 1313 2106 1381 principio

533 1412 648 1456 erat
707 1401 931 1455 Verbum
967 1402 1016 1467 ³,
1066 1409 1200 1469 etc.,
1247 1404 1453 1458 erroris
1485 1403 1828 1456 occasionem
1862 1404 2106 1473 arripue-

535 1503 682 1558 runt,
711 1503 768 1547 ut
799 1493 892 1548 Dei
920 1492 1114 1546 Filium
1147 1507 1276 1548 vere
1303 1507 1425 1550 esse
1475 1491 1674 1546 Filium
1710 1494 1918 1548 nollent
1942 1509 2109 1564 agno-

533 1597 710 1638 scere.
749 1580 852 1638 Sed
885 1597 950 1636 cx
998 1583 1115 1652 ipsa
1156 1579 1312 1635 Verbi
1354 1582 1718 1653 appellatione
1770 1597 1980 1646 ausam,
2024 1585 2101 1636 uti

532 1675 790 1738 diximus,
814 1675 1159 1743 arripientes,
1211 1672 1408 1727 Filium
1439 1672 1532 1729 Dei
1583 1674 1927 1740 vocabulum,
1958 1675 2104 1746 quod

2207 486 2428 556 φέρεται
2450 502 2461 514 ’
2499 487 2591 540 καὶ
2615 488 2832 558 πρῶτον
2852 490 2944 558 ἀφ’
2972 485 3046 545 ὧν
3070 494 3097 544 6
3127 493 3258 555 Θεὸς
3285 494 3516 564 πέμπων
3543 496 3778 550 Μωῦσέα

2207 581 2426 651 εἴρηκεν
2444 596 2456 608 ·
2485 581 2683 647 Οὕτως
2706 583 2860 649 ἐρεῖς
2879 587 3002 650 τοῖς
3016 585 3167 650 υἱοῖς
3194 586 3437 653 Ἰσραήλ
3457 605 3469 616 ·
3507 590 3566 641 '0
3585 589 3688 653 ὢν,
3705 589 3780 651 ὡς

2206 671 2296 722 ἐπὶ
2308 670 2399 724 τοῦ
2418 669 2647 741 πρώτως
2663 675 2947 744 νοουμένου
2965 677 3197 746 Πατρὸς,
3215 677 3282 740 ἐξ
3299 673 3367 732 οὗ
3387 678 3554 732 πᾶσα
3568 681 3779 747 πατριὰ

2206 763 2276 815 ἐν
2315 764 2548 831 οὐρανῷ
2600 765 2697 818 καὶ
2755 765 2853 818 ἐπὶ
2884 766 2997 834 γῆς
3041 768 3400 835 ὀνομάζεται.
3451 770 3480 821 6
3530 771 3665 840 μήτε
3715 771 3779 822 ἔκ

2206 869 2348 918 τινος
2380 854 2478 921 ὢν,
2513 857 2606 909 καὶ
2637 859 2748 919 τοῖς
2803 853 2952 910 οὖσιν
2995 858 3165 921 αἴτιος
3196 858 3294 914 ὢν.
3342 860 3557 931 Ἐπειδὴ
3584 861 3641 912 δὲ
3686 863 3779 914 καὶ

2209 946 2335 1010 Υἱός
2383 951 2530 1002 ἐστιν
2557 951 2585 1002 6
2629 948 2724 1014 ὢν,
2776 949 2934 1002 ἔλαϐε
2967 950 3022 1003 δὲ
3070 952 3176 1003 ἀπὸ
3215 951 3310 1003 τοῦ
3340 951 3480 1004 κατὰ
3533 953 3778 1022 Ἰωάννην

2208 1040 2538 1109 Εὑαγγελίου
2570 1041 2794 1109 λέγοντα
2818 1082 2831 1106 ,
2888 1043 2983 1095 Ἐν
3009 1042 3166 1112 ἀρχῇ
3202 1039 3280 1113 ἦν
3305 1047 3338 1097 ὁ
3366 1045 3575 1118 Λόγος,
3619 1046 3779 1116 ἀςιςορ⁸

2211 1129 2315 1199 μὴν
2348 1129 2546 1200 εύρατο
2574 1131 2784 1194 Παῦλος
2830 1134 2859 1184 6
2904 1133 3248 1201 Σαμοσατεὺς
3292 1133 3384 1186 καὶ
3438 1133 3775 1203 Μάρκελλος,

2207 1221 2386 1274 οὐκέτι
2418 1221 2660 1284 Θέλοντες
2711 1222 2889 1289 λέγειν
2920 1223 3010 1275 τὸν
3040 1223 3165 1275 Υἱὸν
3193 1223 3286 1276 τοῦ
3311 1223 3444 1277 Θεοῦ
3486 1225 3616 1277 Υὶὸν
3647 1226 3778 1295 ἀλη-

2209 1311 2335 1374 θῶς,
2370 1311 2503 1364 ἀλλὰ
2530 1313 2636 1364 ἀπὸ
2669 1313 2761 1364 τοῦ
2796 1316 2985 1382 Λόγος
3012 1314 3272 1384 ὀνόματος
3305 1315 3555 1387 ἀφορμὴν
3592 1318 3779 1370 λαϐόν-

2207 1414 2318 1464 τες,
2351 1400 2514 1470 φημὶ,
2543 1402 2608 1454 ἐκ
2642 1403 2904 1473 στόματος
2936 1405 3084 1474 ῥῆμα
3112 1406 3204 1456 καὶ
3231 1404 3447 1476 φθέγμα
3476 1407 3778 1478 ἠϐουλήθη-

2210 1508 2308 1544 σαν
2360 1495 2530 1546 εἰπεῖν
2584 1496 2676 1548 τὸν
2728 1495 2854 1547 Υἰὺν
2903 1496 2996 1548 τοῦ
3051 1495 3206 1558 Θεοῦ,
3258 1497 3679 1566 ἡναγκάσθησαν
3728 1499 3779 1550 οἱ

2209 1569 2467 1655 Πατέρες,
2502 1585 2552 1636 οἱ
2591 1585 2872 1656 κρίναντες
2916 1586 3128 1638 Παῦλον
3160 1586 3250 1638 τὸν
3299 1587 3638 1656 Σαμοσατέα,
3685 1588 3778 1639 ἐπὶ

2207 1673 2284 1742 τῷ
2329 1673 2553 1744 τοιούτῳ
2610 1674 2922 1746 ὲρωτισμῷ,
2979 1677 3063 1728 ἵνα
3114 1676 3374 1738 δείξωσιν,
3431 1679 3511 1729 ὅτι
3562 1679 3590 1730 6
3650 1677 3778 1740 Υἱὸς

533 1766 601 1819 ab
630 1780 724 1819 ore
754 1763 1018 1835 procedit,
1062 1779 1124 1819 ac
1147 1779 1334 1819 vocem
1369 1766 1643 1819 nominari
1678 1767 1983 1822 voluerunt.
2021 1766 2103 1822 Ob

2209 1765 2501 1818 ὑπόστασιν
2554 1764 2686 1836 ἔχει,
2739 1769 2833 1820 καὶ
2879 1767 3138 1837 ὑπάρχων
3181 1769 3318 1831 ἐστὶ,
3373 1769 3466 1821 καὶ
3492 1769 3566 1820 ῶν
3606 1770 3774 1835 ἐστιν,

532 1855 589 1910 id
618 1855 810 1912 Patres
837 1857 933 1921 illi,
953 1857 1045 1926 qui
1068 1855 1296 1910 Paulum
1321 1855 1734 1911 Samosatenum
1753 1857 2099 1924 damnarunt,

531 1950 602 2003 ob
636 1950 794 2004 talem
825 1949 1428 2020 interrogatiunculam,
1462 1957 1519 2002 ut
1547 1949 1743 2003 Filium
1795 1950 2102 2006 subsisten-

530 2050 662 2105 tem,
691 2050 744 2096 et
765 2042 1144 2107 exsistentem,
1175 2049 1228 2096 et
1274 2056 1398 2095 eum
1430 2042 1522 2110 qui
1553 2050 1657 2107 est,
1711 2057 1832 2098 esse
1878 2044 2103 2098 demon-

531 2142 788 2199 strarent,
835 2151 945 2190 non
1016 2141 1195 2189 autem
1236 2134 1560 2188 vocabulum
1602 2134 1858 2203 aliquod,
1907 2135 2102 2190 Filium

532 2228 894 2283 substantiam
929 2234 987 2280 ut
1021 2232 1277 2280 vocarent
1307 2225 1530 2279 adducti
1589 2232 1718 2281 sunt
1762 2241 1773 2276 :
1820 2241 1924 2296 qua
1975 2228 2104 2282 sub-

532 2319 747 2372 stantia:
787 2318 1148 2388 appellatione
1200 2318 1252 2371 id
1308 2318 1452 2387 quod
1491 2333 1586 2388 per
1618 2318 1854 2387 seipsum
1887 2319 2104 2373 exsistit

531 2407 600 2462 ab
625 2423 689 2462 eo
729 2408 874 2477 quod
913 2421 1005 2476 per
1057 2423 1116 2462 se
1163 2422 1272 2461 non
1324 2407 1540 2462 exsistit
1574 2408 1756 2478 aliquo
1786 2409 2103 2464 discrimine

533 2511 866 2571 separarent.
895 2500 1104 2554 Etenim
1143 2501 1466 2555 vocabulum
1499 2515 1595 2568 per
1632 2515 1752 2554 sese
1784 2515 1890 2554 non
1922 2500 2102 2555 subsi-

533 2593 650 2654 stit,
697 2607 799 2646 nec
849 2607 969 2646 esse
1027 2590 1122 2644 Dei
1176 2589 1345 2644 Filius
1403 2597 1602 2660 potest.
1661 2589 1878 2659 Alioqui
1915 2591 2100 2659 plures

532 2688 692 2733 erunt
721 2681 822 2734 hoc
851 2680 1011 2733 modo
1044 2679 1136 2732 filii
1179 2678 1290 2733 Dei.
1312 2678 1446 2731 Nam
1482 2677 1645 2733 Pater
1664 2680 1829 2732 multa
1862 2681 2102 2734 omnium

533 2769 880 2825 confessione
926 2768 1064 2822 Filio
1103 2769 1321 2823 locutus
1366 2777 1467 2833 est,
1505 2778 1563 2823 ut
1593 2784 1715 2822 cum
1745 2770 1883 2823 dixit
1921 2789 1931 2823 :
1978 2769 2104 2823 Fiat

534 2861 960 2928 firmamentum;
995 2858 1157 2913 Fiant
1205 2860 1525 2922 luminaria;
1558 2859 1826 2912 Producat
1883 2869 2020 2913 terra
2051 2862 2096 2924 ‘,

533 2958 638 3006 etc.
693 2951 872 3005 Item:
932 2948 1219 3004 Faciamus
1264 2951 1524 3004 hominem
1569 2951 1611 3003 ⁵.
1671 2948 1858 3020 Itaque
1905 2949 2100 3004 Filium

2203 1854 2323 1923 οὐχὶ
2355 1854 2411 1907 δὲ
2440 1855 2592 1926 ῥῆμά
2632 1857 2799 1922 ἐστιν,
2833 1857 3020 1910 οὐσίαν
3053 1860 3224 1910 εἰπεῖν
3260 1859 3352 1910 καὶ
3378 1859 3471 1910 τὸν
3498 1859 3646 1926 Υἱὸν,
3677 1860 3777 1929 τὴν

2203 1943 2466 2014 διαφορὰν
2497 1945 2592 1998 τοῦ
2631 1963 2689 1998 τε
2745 1947 2864 2000 καθ’
2898 1948 3088 2001 ἑαυτὸν
3139 1950 3484 2020 ἀνυπάρκτου
3535 1951 3629 2003 καὶ
3679 1950 3774 2003 τοῦ

2205 2031 2537 2103 ὑπάρχοντος
2574 2034 2650 2105 τῷ
2697 2037 2796 2108 τῆς
2848 2039 3034 2101 οὐσίας
3085 2041 3306 2110 ὀνόματι
3357 2042 3772 2105 ἐπιδεικνύντες.

2205 2121 2278 2175 Τὸ
2313 2125 2410 2194 μὲν
2453 2124 2561 2196 γὰρ
2588 2127 2738 2197 ῥῆμα
2774 2128 2894 2180 καθ’
2927 2131 3086 2182 ἑαυτὸ
3129 2132 3470 2204 ἀνύπαρκτόν
3501 2135 3649 2186 ἐστι’
3680 2135 3777 2186 καὶ

2205 2215 2263 2266 οὑ
2294 2215 2514 2269 δύναται
2560 2214 2699 2270 εἶναι
2732 2218 2858 2282 Υἱὸς
2904 2221 3058 2287 Θεοῦ,
3115 2224 3234 2275 ἐπεὶ
3280 2223 3461 2275 πολλοί
3507 2241 3570 2293 γε
3602 2224 3776 2287 cii-nu;

2204 2304 2417 2362 ἔσονται
2459 2309 2565 2362 υἱοὶ
2602 2310 2756 2364 Θεοῦ.
2794 2312 2970 2365 Πολλὰ
3004 2313 3111 2384 γὰρ
3139 2317 3167 2367 6
3205 2316 3393 2386 Πατὴρ
3437 2315 3780 2384 ὁμολογεῖται

2205 2396 2377 2451 λαλῶν
2427 2401 2504 2472 τῷ
2552 2401 2686 2472 Υἱῴ,
2719 2402 2846 2456 ὅταν
2888 2403 3050 2474 λέγῃ·
3088 2405 3401 2473 Γενηθήτω
3452 2409 3772 2475 στερέωμα,

2207 2493 2650 2562 Γενηθήτωσαν
2667 2495 2978 2567 φωστῆρες
2998 2513 3012 2528 ·
3041 2495 3408 2568 Ἐαξγαγέτω
3427 2495 3465 2562 ἡ
3509 2495 3588 2564 γῆ
3607 2512 3620 2525 ο
3656 2500 3774 2551 καὶ⁶

2203 2578 2551 2648 Ποιήσωμεν
2606 2581 2937 2650 ἄνθρωπον.
2997 2584 3161 2637 ’Ὥστε
3213 2588 3242 2639 6
3293 2586 3483 2656 Πατὴρ
3537 2587 3613 2658 τῷ
3660 2589 3773 2658 Υἱῷ

2203 2668 2371 2723 λαλεῖ.
2413 2673 2522 2724 Καὶ
2545 2675 2592 2725 oi
2626 2673 2723 2743 μὲν
2751 2673 2895 2742 λόγοι
2931 2674 3023 2726 τοῦ
3057 2674 3190 2729 Θεοῦ
3217 2675 3308 2739 οὓς
3335 2675 3486 2730 λαλεί
3521 2677 3599 2747 τῷ
3634 2678 3771 2748 Υξῷ,

2203 2760 2302 2812 οὑκ
2331 2762 2466 2814 εἰσὶν
2506 2763 2642 2816 υἱοί·
2677 2765 2705 2816 6
2737 2764 2793 2816 δὲ
2841 2765 2982 2831 Υἱὸς,
3014 2767 3149 2837 πρὸς
3190 2767 3248 2819 ὃν
3295 2768 3447 2821 λαλεί
3487 2771 3516 2822 6
3561 2769 3770 2840 Πατὴρ,

2207 2852 2344 2921 μετὰ
2383 2853 2495 2906 τῶν
2530 2854 2702 2909 ἄλλων
2728 2856 2963 2918 εὐσεϐῶς
3001 2858 3238 2910 καλεῖται
3279 2861 3460 2930 ἄρτος,
3511 2860 3604 2914 καὶ
3634 2861 3770 2931 ζωὴ,

2204 2943 2295 2994 καὶ
2326 2943 2638 3009 ἀνάστασις,
2696 2945 2777 2998 ἔτι
2841 2947 2932 2998 καὶ
2968 2948 3136 3015 Λόγος
3192 2949 3540 3018 ὀνομάζεται·
3587 2949 3774 3018 ἐπειδὴ

531 3041 693 3097 Pater
727 3043 1040 3112 alloquitur.
1069 3041 1239 3096 Porro
1282 3043 1359 3095 illi
1407 3041 1509 3111 ipsi
1564 3056 1868 3104 sermones,
1905 3042 2100 3110 quibus

2210 3033 2477 3105 ἑρμηνεύς
2522 3037 2637 3088 ἐστι
2663 3036 2770 3089 τῶν
2794 3036 2888 3089 τοῦ
2927 3038 3060 3090 Θεοῦ
3105 3039 3474 3110 βουλημάτων.
3527 3041 3642 3093 Ἵνα
3698 3042 3774 3111 μὴ

535 3134 601 3188 ad
651 3133 846 3186 Filium
894 3132 1051 3188 Pater
1084 3135 1272 3197 utitur,
1308 3132 1403 3187 ﬁlii
1458 3148 1565 3188 non
1618 3140 1767 3187 sunt.
1824 3133 1893 3188 At
1917 3133 2102 3199 Filius,

533 3237 696 3292 quem
727 3220 888 3275 Pater
921 3221 1234 3290 alloquitur,
1262 3222 1404 3276 inter
1424 3229 1650 3276 caeteras
1688 3219 2104 3290 appellationes,

538 3316 714 3384 panis,
759 3315 892 3378 vita,
927 3314 1256 3368 resurrectio
1305 3328 1369 3367 ac
1394 3312 1629 3382 denique
1655 3310 1893 3366 Verbum
1946 3313 2110 3366 etiam

536 3406 762 3469 dicitur,
791 3421 855 3460 eo
876 3405 1020 3476 quod
1053 3405 1145 3460 Dei
1178 3406 1250 3460 sit
1295 3405 1594 3460 voluntatis
1635 3405 1924 3474 interpres.
1947 3405 2112 3475 860

538 3495 807 3562 Quocirca
833 3511 899 3549 ne
922 3494 1159 3549 haeretici
1198 3494 1512 3549 rudioribus
1537 3494 1880 3563 imponentes
1913 3491 2110 3547 Filium

537 3585 680 3638 idem
713 3599 835 3638 esse
864 3599 986 3638 cum
1029 3585 1113 3638 his
1137 3585 1336 3648 verbis,
1370 3599 1489 3653 quae
1536 3582 1699 3637 Pater
1743 3585 1956 3637 locutus
1985 3591 2068 3637 est
2094 3624 2109 3650 ,

537 3682 846 3738 censerent,
873 3675 938 3727 ad
961 3673 1053 3729 Dei
1087 3672 1207 3727 Filii
1235 3673 1618 3729 declarandum
1668 3674 1736 3727 ab
1773 3673 1924 3728 hisce
1954 3688 2112 3727 voca-

537 3767 704 3830 bulis,
734 3782 855 3835 quae
876 3766 1090 3820 locutus
1111 3773 1196 3821 est
1219 3765 1400 3829 Pater,
1419 3766 1735 3830 discrimen,
1758 3764 1955 3820 Filium
1983 3765 2113 3821 sub-

543 3857 800 3912 stantiam
833 3857 1091 3927 appellari
1125 3865 1375 3926 oportere
1400 3856 1794 3923 decreverunt;
1848 3863 2009 3926 atque
2038 3857 2112 3908 ita

541 3948 838 4004 discrimen
868 3947 1002 4001 illud
1033 3949 1463 4011 constituerunt,
1499 3958 1556 4002 ut
1601 3955 1654 4002 et
1705 3947 1846 4002 Deus
1872 3947 1941 4000 sit
1970 3947 2114 4000 exsi-

484 4049 490 4054 '
544 4035 718 4103 s'tens,
747 4048 800 4094 et
831 4041 996 4095 verba
1050 4041 1138 4094 illa
1167 4055 1287 4110 quae
1320 4038 1696 4111 pronuntiavit
1747 4039 1911 4099 Deus,
1943 4037 2111 4091 exsti~

544 4133 682 4187 tisse
719 4133 994 4196 dicantur,
1028 4131 1122 4187 sed
1171 4146 1513 4202 nequaquam
1547 4129 1886 4191 substantiae,
1921 4143 2111 4182 verum

540 4222 932 4293 pronuntiandi
952 4221 1197 4276 actiones
1216 4237 1339 4278 esse
1355 4230 1706 4276 censeantur:
1731 4227 1785 4272 at
1810 4217 1976 4271 Filius
1990 4231 2113 4270 cum

543 4311 782 4368 Verbum
812 4314 907 4377 sit,
939 4329 1046 4369 non
1087 4315 1229 4368 actio
1260 4313 1506 4382 quazdam
1558 4312 1836 4382 loquendi,
1886 4309 2000 4373 sed,
2031 4312 2116 4362 u't-

2208 3123 2323 3189 οὑν,
2369 3127 2683 3192 ἀπατῶντες
2702 3130 2827 3192 τοὺς
2857 3129 3273 3202 ἁπλουστέρους,
3313 3134 3403 3185 τὸν
3429 3133 3556 3185 Υἱὸν
3582 3133 3776 3186 ταυτὸν

2208 3215 2436 3285 λέγωσιν
2498 3221 2547 3271 οἱ
2600 3221 2861 3290 αἱρετικοὶ
2920 3226 3030 3284 τοῖς
3079 3223 3256 3291 λόγοις
3316 3229 3426 3288 τοῖς
3477 3225 3627 3296 παρὰ
3681 3225 3775 3277 τοῦ

2209 3305 2342 3358 Θεοῦ
2376 3306 2739 3378 λαλουμένοις,
2776 3311 2835 3363 τὸ
2861 3312 3114 3382 διάφορον
3137 3315 3230 3367 τοῦ
3259 3314 3388 3367 Υἱοῦ
3414 3315 3508 3368 τοῦ
3542 3315 3675 3368 Θεοῦ
3701 3315 3778 3378 ὡς

2211 3395 2344 3466 πρὸς
2379 3397 2448 3448 τὰ
2476 3399 2695 3468 ῥήματα
2723 3399 2816 3451 τοῦ
2859 3401 2992 3454 Θεοῦ
3024 3403 3431 3467 ὑποδεικνύντες
3463 3405 3511 3457 οἱ
3535 3405 3777 3476 Πατέρες

2212 3486 2301 3539 τὸν
2337 3488 2484 3554 Υἱὺν,
2541 3491 2703 3559 φημὶ,
2738 3491 2924 3544 ούσίαν
2962 3493 3259 3546 ἐκάλεσαν·
3281 3545 3286 3552 ,
3308 3494 3480 3557 οὕτως
3528 3494 3626 3566 τὴν
3656 3496 3775 3548 δια*

2213 3580 2382 3650 φορὰν
2420 3582 2809 3652 παριστῶντες,
2845 3585 2926 3636 ὃτι
2955 3584 2984 3632 6
3018 3585 3147 3648 Θεὸς
3179 3585 3252 3638 ὧν
3278 3587 3447 3650 ἐστιν,
3487 3586 3580 3638 καὶ
3617 3589 3663 3639 οἱ
3693 3586 3778 3637 λό-

2213 3687 2318 3738 γοι,
2369 3670 2464 3734 οὓς
2509 3672 2676 3736 λαλεῖ,
2723 3675 2909 3738 ὄντεςο
2950 3675 3064 3729 ἀλλ’
3116 3677 3214 3728 οὑκ
3265 3678 3442 3731 οὐσίαι
3487 3678 3581 3730 τοῦ
3619 3677 3775 3739 Θεοῦ,

2211 3761 2459 3814 lex-ctua).
2505 3763 2562 3815 δὲ
2602 3763 2890 3834 ἐνέργειαι.
2937 3765 2996 3819 Ὁ
3041 3767 3096 3820 δὲ
3151 3767 3276 3830 Υἱὸς
3322 3770 3492 3837 Λόγος
3521 3770 3621 3835 ὢν,
3657 3771 3778 3842 οὐχὶ

2215 3853 2463 3922 ἐνέργεια
2510 3853 2730 3926 λεκτική
2761 3857 2876 3909 ἐστι
2903 3857 2996 3910 τοῦ
3031 3859 3186 3923 Θεοῦ,
3217 3859 3330 3913 ἀλλ’
3362 3861 3489 3924 Υἱὸς
3523 3859 3597 3914 ὣν
3625 3864 3780 3916 οὐσία

2215 3944 2379 3996 ἐστίν.
2420 3946 2483 3997 Ei
2511 3945 2620 4016 γὰρ
2651 3949 2680 3998 6
2721 3947 2910 4018 Πατὴρ
2949 3947 3044 4014 ὢν,
3078 3951 3171 4003 καὶ
3197 3951 3324 4014 Υἱὸς
3352 3951 3426 4004 ὧν
3446 3970 3458 3982 ’
3499 3952 3574 4005 ὢν
3601 3953 3656 4004 δὲ
3687 3953 3779 4005 οὖ-

2216 4051 2321 4097 τως
2349 4035 2377 4086 6
2419 4035 2566 4099 Υἱὸς,
2597 4036 2672 4099 ὡς
2700 4039 2763 4090 ὲκ
2810 4039 2901 4091 τοῦ
2933 4039 3066 4092 Θεοῦ
3097 4041 3234 4110 ἔχων
3266 4043 3501 4113 γνησίως
3533 4044 3593 4096 τὸ
3621 4039 3780 4110 εἶναι,

2217 4123 2387 4191 Λόγος
2437 4126 2756 4197 νοηοήσεται
2807 4129 2836 4181 6
2887 4129 3034 4194 Υἱὸς,
3081 4133 3180 4203 οὑχ
3212 4134 3287 4196 ὡς
3318 4135 3365 4186 οἱ
3403 4134 3570 4202 λόγοι,
3603 4137 3654 4188 oi
3697 4135 3784 4190 διὰ

2214 4214 2348 4268 Θεοῦ
2381 4216 2718 4289 λαλούμενοι.
2755 4222 2983 4276 Ἐκεῖνοι
3017 4224 3124 4294 γὰρ
3185 4225 3243 4277 τὸ
3287 4221 3424 4280 εἶναι
3469 4229 3526 4280 ἐν
3569 4228 3646 4299 τῷ
3692 4229 3786 4281 λα-

2214 4305 2394 4359 λοῦντι
2427 4307 2671 4378 ἔχουσινο
2702 4312 2730 4363 6
2766 4312 2820 4365 δὲ
2848 4313 2907 4365 τὸ
2942 4309 3079 4367 εἶναι
3113 4315 3188 4386 τῷ
3219 4317 3282 4369 ἐκ
3313 4317 3408 4369 τοῦ
3447 4319 3656 4388 Πατρὸς
3695 4336 3786 4386 γε-

543 4413 669 4474 pote
703 4403 893 4467 Filius,
925 4404 1230 4459 substantia
1264 4404 1358 4458 sit.
1396 4401 1531 4456 Nam
1557 4403 1603 4457 si
1634 4401 1794 4455 Pater
1816 4414 1937 4454 esse
1966 4399 2106 4453 dica«

2221 4397 2531 4466 γεννῆσθαι,
2567 4400 2660 4452 καὶ
2689 4401 2902 4456 ἀκούειν
2945 4403 3036 4457 τοῦ
3081 4407 3311 4477 Πατρὸς,
3356 4407 3448 4460 καὶ
3496 4409 3786 4480 ὑπουργεῖν

546 4506 657 4560 tur,
685 4506 739 4551 et
769 4513 890 4552 esse
915 4497 1139 4566 perinde
1195 4495 1403 4561 Filius;
1454 4511 1576 4550 esse
1622 4509 1750 4548 vero
1796 4501 2050 4559 tauquam
2084 4505 2114 4543 ιι

548 4586 658 4642 Deo
697 4588 916 4657 proprie
949 4602 1012 4641 ac
1041 4602 1295 4657 germane
1325 4594 1385 4640 ut
1430 4586 1502 4640 sit
1547 4585 1842 4654 accipiens,
1878 4581 2115 4636 Verbum

2221 4487 2299 4557 τῷ
2343 4491 2517 4560 Πατρὶ
2559 4491 2688 4561 ἔχει.
2745 4495 2957 4566 Ταύτην
2998 4494 3090 4552 οῦν
3137 4500 3235 4570 τὴν
3268 4501 3563 4555 ὑπόστασιν
3600 4503 3788 4555 ούσίαν

2223 4577 2486 4632 ἐκάλεσαν
2519 4583 2568 4633 οἱ
2602 4585 2742 4636 Πατέ
2752 4602 2857 4655 ρες.

549 4681 720 4738 Filius
750 4698 893 4748 esse,
932 4698 1038 4737 non
1073 4689 1132 4736 ut
1159 4691 1353 4736 caetera
1398 4697 1519 4751 quae
1548 4695 1577 4734 a
1627 4679 1739 4735 Deo
1769 4678 2116 4751 pronuntiata
2150 4682 2297 4738 sunt,
2329 4674 2667 4747 intelligitur.
2701 4679 2825 4736 Haec
2849 4683 2990 4737 enim
3019 4684 3072 4737 in
3101 4700 3167 4739 eo
3216 4688 3308 4756 qui
3365 4687 3606 4756 loquitur
3665 4705 3790 4743 esse

551 4780 682 4834 illud
703 4794 862 4832 suum
893 4779 1117 4841 habent,
1150 4777 1281 4831 illud
1310 4791 1440 4831 vero
1465 4776 1518 4829 in
1541 4791 1606 4831 eo
1639 4791 1760 4831 esse
1812 4789 1970 4829 suum
2025 4768 2260 4840 positum
2316 4769 2498 4831 habet,
2555 4775 2697 4842 quod
2756 4791 2787 4828 a
2851 4775 3012 4833 Patre
3060 4781 3276 4849 genitus
3328 4781 3434 4845 sit;
3499 4793 3552 4836 et
3613 4783 3789 4837 eidem

546 4870 821 4924 auscultet
888 4883 952 4922 ac
1014 4867 1306 4923 ministret.
1358 4867 1510 4922 lianc
1564 4868 1728 4940 igitur
1779 4864 2098 4938 hypostasin
2169 4858 2356 4914 Patres
2403 4864 2760 4920 substantiam
2799 4879 3081 4924 vocarunt.

611 4962 745 5017 Xlll.
773 4961 1129 5031 Quapmptcr
1157 4958 1354 5013 Filium
1386 4959 1533 5013 Patri
1579 4959 1809 5014 similem
1862 4960 1914 5012 in
1940 4955 2119 5011 omni-

536 5059 639 5110 bus
673 5053 1045 5124 intelligimus,
1076 5060 1131 5107 et
1159 5051 1352 5105 haeresi
1384 5051 1459 5104 illi
1493 5065 1613 5121 quae
1641 5051 1903 5106 adversus
1927 5049 2124 5104 Eccle-

538 5209 697 5263 mulaa
728 5208 1072 5263 subscribere
1106 5207 1175 5261 ab
1218 5206 1543 5277 imperatore
1575 5215 1797 5262 coactus
1833 5215 1936 5271 cst,
1983 5223 2102 5277 qua:

540 5279 731 5332 Filium
767 5293 859 5346 per
888 5278 1069 5330 omnia
1102 5277 1278 5330 Patris
1304 5291 1425 5330 esse
1453 5277 1683 5331 similem
1715 5279 2008 5340 asserebat,
2046 5285 2103 5330 ut

538 5365 602 5402 ex
654 5366 708 5402 ιι,
759 5347 830 5399 ‘22
875 5348 1168 5410 constabit,
1206 5347 1465 5416 adﬂquem
1513 5348 1792 5408 nonnulla,
1827 5363 1947 5416 qua:
1998 5348 2103 5400 huc

538 5419 831 5489 pertinent,
872 5417 1238 5489 conferemus.
1281 5414 1459 5489 Yides,
1502 5418 1689 5489 lector,
1745 5414 1931 5485 quanti
1988 5433 2104 5489 mo-

542 5486 701 5542 rienti
736 5501 842 5552 res,
879 5495 987 5540 tam
1021 5487 1126 5555 levi
1152 5502 1218 5541 ex
1257 5486 1636 5540 observatione
1665 5496 1957 5542 consecuta
2008 5488 2101 5552 sit,

609 5667 632 5705 ι
657 5664 831 5724 Exod.
874 5684 956 5732 ιιι,
991 5669 1074 5723 14.
1154 5670 1172 5698 ²
1209 5667 1406 5737 Eplics.
1453 5683 1532 5734 In,
1567 5665 1650 5720 15.
1729 5664 1928 5721 3.loan.
1960 5680 1997 5731 t,
2036 5666 2085 5721 l.

2162 5666 2183 5698 "
2213 5664 2347 5720 Gen.
2383 5683 2421 5730 ι,
2446 5665 2614 5731 6,14,
2649 5666 2733 5720 Η.

2299 4951 2394 5010 II".
2441 4955 2661 5025 Ὅμοιον
2693 4953 2784 5011 οὑν
2811 4959 3036 5030 νοοῦμεν
3055 4962 3146 5014 τὸν
3170 4963 3295 5015 Υἱὸν
3323 4962 3401 5033 τῷ
3430 4964 3628 5035 Πατρὶ,
3653 4966 3794 5018 κατὰ

2231 5051 2407 5104 πάντα
2467 5051 2759 5120 μαχόμενοι
2803 5052 2896 5104 καὶ
2947 5053 3079 5123 πρὸς
3127 5054 3225 5123 τὴν
3283 5053 3376 5107 νῦν
3427 5056 3794 5128 ἐπιφυομένην

2209 5217 2269 5282 ut
2325 5207 2718 5282 haereticorum
2758 5207 3092 5277 disputatio,
3141 5224 3264 5282 qua:
3316 5224 3596 5282 perperam
3650 5210 3790 5282 Epi~

2163 5303 2165 5305 ι
2211 5279 2396 5347 phauii
2427 5293 2548 5332 sese
2576 5277 2794 5332 nomine
2842 5287 2895 5332 et
2944 5280 3270 5333 auctoritate
3298 5277 3626 5339 venditabat.
3655 5277 3777 5335 tan-

2210 5349 2333 5401 dem
2376 5349 2540 5418 longo
2586 5348 2868 5402 intervallo
2901 5350 3138 5418 cognita,
3193 5365 3256 5403 ac
3304 5351 3418 5404 suis
3466 5354 3781 5405 auctoribus

2210 5418 2455 5483 reddita,
2519 5417 2702 5470 fucum
2759 5417 3052 5472 lectoribus
3115 5420 3291 5474 facere
3348 5421 3483 5474 tanti
3546 5424 3790 5479 nominis

2212 5489 2390 5557 specie
2432 5504 2495 5541 ac
2532 5487 2880 5543 simulatione
2913 5489 3154 5543 desierit.

2813 5667 2833 5698 ⁸
2864 5667 2990 5720 ibid.
3027 5667 3114 5721 ‘26.
