4134 6386
400 317 542 376 129

1034 318 1401 374 ADVEllSUS
1443 315 1783 373 ΙΙΑΞΒΕΞΕΞ
1823 316 1949 371 LIB.
1992 317 2023 371 ll

2124 316 2285 375 TOM.
2328 316 2367 370 ι.
2392 347 2462 357 -
2500 315 2772 372 uanas.
2814 280 3069 370 ιχχιιιζ

3572 313 3677 371 430

430 432 646 502 αἰρεσιν
698 434 1013 506 Ἐκκλησία.
1056 436 1118 487 Ἢ
1164 440 1273 506 γὰρ
1309 435 1405 490 νῦν
1450 435 1659 506 αἵρεσις
1714 434 1857 488 κατὰ
1909 434 2007 504 μὲν

2124 434 2247 487 siam
2279 449 2450 503 nuper
2488 444 2568 487 est
2594 433 2849 495 excitata,
2898 429 3231 486 resistimus.
3280 425 3410 493 Quae
3457 427 3677 497 quidem

437 524 691 595 βούλησιν
709 526 805 578 καὶ
831 525 931 596 τὴν
962 526 1241 597 ἐνέργειαν
1270 526 1631 595 ἀποφαίνεται
1658 522 1795 580 εἶναι
1825 527 2010 595 ὅμοιον

433 616 527 669 τὸν
556 617 685 670 Υίδν
717 617 795 688 τῷ
820 617 995 689 Πατρί
1015 635 1028 648 ·
1073 618 1216 671 κατά
1240 618 1296 671 δὲ
1321 618 1381 670 τὸ
1413 618 1428 648 ¹
1461 618 1714 689 ἀνόμοιον
1754 614 1888 671 εἶναι
1920 618 2011 670 τὸν

434 708 568 761 Υίδν
594 707 674 778 τῷ
705 709 880 779 Πατρί
898 724 914 740 ·
946 709 1022 770 ὡς
1050 709 1550 773 κατασκευάζεσθαι
1591 710 1741 780 παρά
1782 709 1888 761 τῶν
1919 708 2012 761 νῦν

435 801 638 856 καινῶν
668 803 978 874 αίρετικῶν,
1008 804 1089 856 ὅτι
1114 805 1147 873 ἡ
1190 804 1289 873 μὲν
1330 803 1580 874 βούλησις
1614 802 1709 855 τοῦ
1735 803 1890 865 Υἰοῦ,
1920 804 2013 855 καὶ

432 893 471 962 ἠ
500 892 860 962 ἐνέργειατοῦ
887 893 1038 954 Υἱοῦ,
1079 894 1240 964 ὁμοία
1267 896 1334 964 τῇ
1370 893 1620 963 βουλήσει
1654 892 1746 946 τοῦ
1778 892 2011 963 Πατρὸς,

430 987 529 1038 καὶ
558 989 624 1057 τῇ
660 986 911 1057 ἐνεργείᾳ
943 986 1036 1039 τοῦ
1065 986 1279 1057 Πατρός
1300 1004 1315 1018 ·
1366 986 1528 1048 αὐτὸς
1563 986 1620 1038 δὲ
1667 988 1696 1038 0
1751 984 1880 1047 Υἱὸς
1921 986 2016 1038 ἀν-

433 1074 622 1144 όμοιος
666 1076 745 1145 τῷ
790 1077 986 1146 Πατρί.
1035 1077 1144 1130 Καὶ
1183 1077 1270 1132 διὰ
1298 1077 1458 1131 τοῦτο
1485 1077 1585 1149 τὴν
1631 1078 1728 1148 μὲν
1763 1076 2015 1147 βούλησιν

435 1164 536 1216 τοῦ
581 1164 714 1218 Υἱοῦ
754 1166 848 1219 καὶ
876 1166 975 1237 τὴν
1014 1167 1293 1237 ἐνέργειαν
1344 1167 1622 1237 βούλονται
1656 1163 1793 1221 εἶναι
1825 1168 2015 1239 ὁμοίαν

434 1260 506 1327 τῇ
555 1256 804 1329 βουλήσει
849 1257 945 1312 τοῦ
985 1259 1199 1333 Πατρδς
1249 1260 1346 1313 καὶ
1385 1263 1452 1331 τῇ
1503 1260 1787 1332 ἐνεργείᾳ·
1837 1260 1930 1313 τὸν
1960 1260 2016 1314 δὲ

440 1348 570 1400 Υἱὸν
614 1350 676 1403 οὐ
716 1349 994 1420 βούλονται
1039 1352 1224 1421 ὅμοιον
1270 1346 1411 1405 εἶναι
1456 1351 1536 1422 τῷ
1577 1352 1785 1424 Πατρί·
1832 1351 2018 1423 ἐπειδὴ

438 1440 872 1496 διαϐεϐαιοῦνται
912 1444 986 1514 μὴ
1030 1439 1169 1497 εἶναι
1210 1444 1274 1496 ὲκ
1315 1442 1409 1498 τοῦ
1455 1443 1591 1497 Θεοῦ
1621 1444 2016 1517 γεγεννημένον

436 1534 530 1587 τὸν
563 1534 714 1601 Υἱὺν,
748 1536 883 1591 ἀλλὰ
916 1537 1075 1608 μόνον
1099 1538 1304 1609 κτίσμα
1326 1534 1466 1592 εῖναι
1499 1537 1681 1603 αὑτὸν,
1714 1538 1808 1591 καὶ
1831 1537 2018 1592 τοῦτον

437 1624 719 1698 διαφέρειν
763 1626 874 1683 τῶν
924 1627 1124 1682 λοιπῶν
1163 1629 1500 1702 κτισμάτων,
1535 1631 1618 1685 ὅτι
1659 1647 1720 1683 τε
1763 1630 2018 1702 ὑπερέχει

444 1714 687 1785 μεγέθει,
722 1718 818 1770 καὶ
855 1719 937 1772 ὅτι
982 1720 1197 1790 πρῶτος
1228 1720 1336 1773 τῶν
1367 1722 1623 1776 ἁπάντων
1657 1721 1890 1791 ὑπέστη,
1923 1720 2019 1775 καὶ

2115 526 2336 581 haeresis
2362 525 2638 579 voluntate
2677 532 2731 578 et
2755 525 2970 579 actione
3017 523 3133 577 sola
3162 519 3342 576 Patris
3372 518 3567 574 Filium
3600 521 3678 575 si-

2113 617 2291 670 milem
2326 631 2447 671 esse
2476 616 2827 686 pronuntiat;
2864 614 3099 671 essentia
3127 628 3256 668 vero
3292 611 3512 666 eosdem
3539 611 3681 666 inter

2114 723 2173 762 se
2212 723 2334 762 esse
2362 708 2658 762 dissimiles
2693 726 2707 761 :
2741 707 2878 761 adeo
2917 714 2979 759 ut
3020 720 3086 759 ex
3139 702 3440 758 recentium
3483 702 3679 755 borum

2113 800 2490 855 haereticorum
2509 799 2729 854 decreto
2766 797 2888 853 Filii
2908 798 3183 861 voluntas,
3210 805 3264 850 et
3296 796 3462 857 actio,
3490 796 3683 848 volnu-

2115 892 2212 945 tati
2242 893 2315 946 sit
2350 892 2526 947 Patris
2556 891 2869 959 actionique
2889 889 3085 945 similis
3133 907 3145 943 :
3176 885 3346 943 Filius
3364 896 3544 942 tamen
3569 887 3683 954 ipse

2112 983 2296 1040 Patris
2326 985 2397 1039 sit
2430 983 2735 1039 dissimilis.
2770 981 3071 1051 Propterea
3100 993 3232 1034 vero
3261 977 3385 1032 Filii
3430 977 3683 1032 volunta-

2116 1085 2242 1142 tem,
2267 1087 2321 1131 et
2351 1078 2620 1132 actionem
2669 1083 2911 1145 paternae
2963 1072 3282 1133 voluntatis,
3343 1078 3399 1126 et
3451 1069 3685 1125 actionis

2115 1170 2348 1224 similem
2377 1183 2499 1223 esse
2523 1168 2746 1231 volunt;
2789 1165 2984 1220 Filium
3036 1165 3217 1233 ipsum
3250 1161 3430 1217 Patris
3455 1175 3576 1216 esse
3609 1162 3684 1214 si-

2116 1263 2295 1316 milem
2323 1271 2554 1332 negant;
2583 1260 2729 1331 quod
2760 1258 2956 1313 Filium
2988 1272 3020 1311 a
3073 1256 3233 1311 Patre
3264 1256 3507 1310 minime.
3531 1254 3681 1326 geni-

2117 1361 2252 1418 tmn,
2288 1352 2385 1407 sed
2436 1360 2744 1407 creaturam
2798 1349 3064 1404 duntaxat
3106 1362 3229 1404 esse
3270 1347 3372 1403 sibi
3399 1361 3686 1416 persuase-

2118 1446 2267 1511 rint;
2292 1452 2453 1517 atque
2482 1446 2536 1500 in
2568 1459 2634 1499 eo
2667 1458 2695 1497 a
2731 1444 2933 1498 creatis
2978 1442 3143 1497 rebus
3185 1440 3397 1496 distare
3447 1439 3684 1501 caeteris,

2117 1535 2261 1607 quod
2296 1545 2350 1591 et
2382 1535 2756 1607 magnitudine
2787 1533 3087 1597 antecellit,
3116 1541 3169 1587 et
3220 1538 3347 1585 ante
3383 1529 3565 1585 omnia
3591 1545 3689 1584 ex-

2119 1630 2277 1692 stitit,
2308 1636 2364 1684 et
2420 1628 2610 1683 eodem
2663 1628 2808 1683 velut
2869 1625 3195 1682 administro
3244 1623 3581 1693 reliquorum
3618 1621 3689 1676 ad

2118 1718 2530 1790 productionem
2554 1735 2689 1774 usus
2710 1727 2793 1772 est
2817 1716 2983 1773 Deus.
3014 1714 3498 1790 Quandoquidem,
3530 1714 3686 1769 aiunt

440 1806 523 1859 ὅτι
548 1808 804 1880 ὑπουργῷ
850 1809 998 1881 αὐτῷ
1026 1812 1296 1883 ἐχρήσατο
1323 1812 1402 1875 είς
1430 1813 1528 1883 τὴν
1560 1812 1670 1866 τῶν
1697 1810 1898 1866 λοιπῶν
1926 1812 2019 1883 δη-

2124 1811 2383 1875 haeretici,
2414 1821 2607 1865 extera
2634 1809 2779 1865 Deus
2797 1825 2892 1880 per
2906 1806 3104 1863 Filium
3125 1807 3455 1878 procreavit,
3478 1806 3687 1876 ipsum-

445 1900 736 1970 μιουργίαν
781 1903 810 1955 0
848 1902 999 1966 Θεός.
1047 1904 1287 1975 Ἐπειδὴ,
1321 1906 1484 1974 φασιν
1526 1906 1575 1957 οἱ
1623 1904 1909 1977 αἱρετικοὶ,
1949 1903 2019 1957 τὰ

447 1990 549 2052 μὲν
575 1991 707 2045 ἄλλα
730 1992 798 2045 δι’
828 1993 959 2047 Υίοῦ
992 1996 1020 2048 0
1044 1994 1175 2059 Θεὸς
1203 1996 1397 2058 ἐποίει,
1430 1995 1593 2048 αὐτὸν
1634 1995 1689 2049 δὲ
1729 1995 1788 2048 ού
1823 1994 1913 2049 διά
1935 2011 2018 2047 τι-

458 2098 553 2147 δος,
592 2082 705 2136 ἀλλ’
740 2085 901 2148 αὐτὸς
942 2085 1105 2157 αὐτὸν
1143 2086 1507 2159 αὑτούργησε,
1556 2087 1649 2141 καὶ
1681 2086 2019 2155 ὑπερέχοντα

446 2172 667 2241 μεγέθει
714 2174 809 2228 καὶ
853 2174 1081 2247 δυνάμει
1124 2177 1380 2232 ἁπάντων
1434 2178 1676 2249 ἐποίησε.
1725 2178 1825 2233 Διὰ
1861 2178 2021 2232 τοῦτο

444 2264 608 2317 αὐτὸν
637 2265 864 2318 ἐκάλεσε
898 2268 1160 2340 μονογενῆ
1190 2268 1341 2323 Υίόν.
1928 2280 1932 2285 ’

518 2357 613 2412 lA'.
645 2360 835 2431 Ἡμεῖς
862 2359 918 2413 δὲ
937 2362 984 2414 οἱ
1007 2362 1105 2431 τῆς
1130 2361 1421 2435 καθολικῆς
1454 2363 1781 2436 Ἑκκλησίας
1816 2364 1881 2416 ἐκ
1912 2362 2021 2415 τῶν

444 2449 603 2503 θείων
618 2450 851 2521 Γραφῶν
865 2450 963 2523 τὴν
978 2453 1263 2523 ὁμολογίαν
1274 2454 1372 2525 τῆς
1385 2455 1619 2518 πίστεως
1631 2454 2023 2527 παρειληφότες

442 2544 616 2608 οὕτως
645 2544 861 2616 ἔχομεν,
896 2546 977 2599 ὅτι
997 2548 1024 2598 ὁ
1044 2545 1233 2617 Πατὴρ
1261 2549 1447 2616 ὁμοίου
1486 2549 1633 2601 ἐστὶν
1673 2549 1865 2603 ἑαυτοῦ
1890 2546 2022 2601 Υἰοῦ

445 2635 658 2706 Πατὴρ,
690 2636 782 2690 καὶ
805 2638 833 2688 0
861 2635 986 2700 Υἱὸς
1007 2638 1186 2708 ὅμοιός
1211 2638 1324 2690 ἐστι
1348 2638 1439 2691 τοῦ
1467 2640 1700 2710 Πατρὺς,
1730 2640 1788 2705 ἐξ
1818 2633 1879 2694 οὗ
1908 2640 2023 2694 Πα-

442 2727 572 2798 τρδς
602 2731 800 2782 νοεῖται
838 2728 986 2793 Υἱός.
1039 2727 1209 2782 Τοῦτο
1233 2729 1390 2800 ἡμῶν
1431 2733 1949 2805 προσδιοριζομένων
1979 2735 2022 2794 ',

446 2819 541 2871 καὶ
581 2816 755 2880 οὕτως
806 2815 1210 2889 καθαιρούντων
1245 2817 1266 2848 ³
1296 2816 1386 2871 τὸν
1416 2818 1565 2881 νοῦν,
1604 2819 1681 2883 ὡς
1709 2820 1847 2890 πρὸς
1899 2819 2026 2881 τοὺς

444 2908 769 2973 Σαϐελλίους
823 2909 1076 2973 καὶτοὺς
1117 2909 1355 2976 λοιποὺς,
1398 2912 1479 2965 ὅτι
1522 2909 1642 2964 ούτε
1698 2913 1727 2964 0
1763 2912 1890 2975 Υἱὸς
1940 2910 2028 2963 δύ-

445 3020 604 3056 ναται
659 2996 798 3055 εἶναι
860 3001 1085 3074 Πατὴρ,
1142 3001 1319 3055 οῦντεὸ
1360 3001 1549 3073 Πατὴρ
1613 3001 1834 3054 δύναται
1888 2996 2027 3054 εἶναι

2118 1911 2229 1957 met
2257 1918 2386 1957 vero
2415 1901 2615 1956 Filium
2666 1916 2776 1955 non
2805 1901 3032 1955 alterius
3087 1899 3415 1962 interventu,
3470 1897 3564 1954 sed
3596 1914 3690 1969 per

2120 1994 2471 2063 semetipsum
2528 1991 2795 2054 condidit,
2836 1991 3213 2062 magnitudine
3264 2000 3319 2046 et
3350 1990 3552 2046 virtute
3581 2005 3689 2045 rae-

2121 2085 2254 2139 teris
2291 2093 2659 2153 praestantem.
2680 2083 2819 2140 Hinc
2842 2082 3093 2139 eumdem
3122 2083 3462 2155 unigenitum
3491 2082 3689 2139 Filium

2119 2178 2424 2249 appellavit.

2190 2352 2332 2410 XIV.
2365 2354 2477 2411 Nos
2501 2369 2704 2423 autem,
2729 2358 2821 2428 qui
2846 2357 2901 2412 in
2933 2356 3192 2414 Ecclesiae
3222 2356 3508 2413 catholicae
3538 2366 3693 2427 parte

2126 2461 2505 2515 numeramur,
2539 2464 2665 2504 cum
2696 2466 2727 2504 e
2770 2449 3070 2521 Scripturis
3118 2450 3292 2506 sacris
3328 2450 3452 2505 ﬁdei
3487 2450 3694 2519 profes-

2124 2539 2332 2593 sionem
2366 2539 2528 2612 861
2571 2541 2952 2609 bauserimus,
2994 2545 3077 2600 sic
3125 2544 3431 2598 habemus:
3478 2541 3693 2598 Patrem

2125 2631 2209 2684 sui
2234 2630 2433 2686 similis
2462 2648 2581 2687 esse
2598 2631 2721 2687 Filii
2746 2633 2985 2700 Patrem,
3012 2645 3067 2693 et
3088 2636 3286 2693 Filium
3310 2640 3541 2695 similem
3572 2655 3695 2695 esse

2126 2720 2326 2786 Patris,
2354 2738 2465 2793 quo
2502 2739 2568 2779 ex
2619 2723 2779 2782 Patre
2810 2726 2981 2783 Filius
3031 2730 3371 2804 intelligitur.
3422 2732 3559 2787 Tum
3594 2732 3696 2786 hoc

2128 2813 2352 2883 insuper
2381 2816 2694 2881 statuimus,
2722 2832 2894 2887 eoque
2918 2819 3168 2889 dogmate
3192 2831 3430 2878 mentem
3457 2823 3526 2879 ab
3547 2823 3696 2878 omni

2130 2901 2491 2959 Sabelliorum
2539 2921 2604 2960 ac
2644 2915 2964 2963 ea’terorum
2999 2925 3190 2967 errore
3230 2929 3562 2983 purgamus;
3604 2930 3696 2969 ne-

2128 3011 2235 3064 que
2275 2995 2471 3051 Filium
2520 2997 2736 3054 Patrem
2798 3015 2921 3055 esse
2976 3016 3175 3069 posse,
3240 3019 3418 3074 neque
3481 3004 3696 3059 Patrem

445 3094 605 3157 Υἱός·
646 3092 760 3148 ἀλλ’
797 3095 827 3147 0
856 3092 985 3157 Υἱὸς
1032 3091 1180 3158 Υἱὸς,
1228 3092 1321 3145 καὶ
1372 3093 1401 3145 ὁ
1439 3092 1630 3164 Πατὴρ
1666 3091 1877 3163 Πατὴρ,
1935 3092 2023 3144 καὶ

2131 3085 2347 3155 Filium,
2384 3088 2480 3143 sed
2529 3086 2726 3143 Filium
2782 3106 2905 3147 esse
2953 3090 3186 3159 Filium,
3222 3101 3276 3149 et
3322 3094 3533 3150 Patrem
3575 3111 3697 3151 esse

442 3151 566 3256 ούχ⁷
584 3185 733 3248 Υἱός.
789 3186 878 3238 Ἐν
919 3151 1125 3249 τούτοις
1140 3151 1267 3257 *γάρ
1286 3187 1482 3254 ἐστινὴ
1506 3151 1760 3254 ἀκρίϐεια
1917 3182 2023 3236 τῶν

2131 3176 2374 3243 Patrem,
2418 3194 2526 3233 non
2580 3178 2797 3235 Filium.
2831 3181 2890 3235 In
2942 3181 3027 3238 bis
3055 3184 3256 3254 quippe
3289 3193 3542 3239 accurata
3576 3203 3695 3257 per-

448 3276 757 3349 προσώπων
810 3276 1157 3345 ἐπιγνώσεως
1182 3317 1195 3340 ,
1253 3277 1331 3349 τῷ
1386 3277 1478 3330 τὸν
1537 3276 1756 3347 Πατέρα
1809 3275 2027 3346 Πατέρα

446 3370 538 3425 ἀεὶ
598 3368 728 3421 ὄντα
773 3367 1016 3440 ἅσαρκον
1077 3368 1174 3439 μὲν
1215 3363 1353 3423 εἶναι
1392 3368 1486 3420 καὶ
1523 3367 1807 3430 ἀθάνατον,
1845 3365 1936 3418 τὸν
1971 3365 2027 3417 δὲ

450 3458 578 3510 Υίὸν
606 3457 732 3510 Υἱὺν
766 3457 896 3511 ὄντα
918 3460 1024 3522 ἀεὶ,
1055 3459 1151 3511 καὶ
1182 3457 1433 3511 οὐδέποτε
1471 3457 1599 3512 ὁντα
1634 3457 1871 3529 Πατέρα.
1911 3456 2025 3510 Ἀεὶ

445 3551 504 3604 δὲ
540 3550 809 3620 λεγόντων
837 3548 863 3582 ⁷⁸
892 3549 980 3604 διὰ
1021 3552 1083 3603 τὸ
1110 3550 1336 3622 ἄχρονον
1390 3551 1483 3603 καὶ
1518 3548 1897 3619 ἀκατάληπτον
1932 3548 2030 3618 τῆς

450 3643 804 3707 ὑποστάσεως
859 3642 1039 3714 σάρκα
1086 3642 1433 3713 ἀνειληφέναι
1478 3641 1619 3695 κατά
1653 3640 1905 3710 βούλησιν
1934 3638 2027 3693 τοῦ

370 3782 393 3805 ,
451 3735 685 3806 Πατρὸς,
719 3734 814 3788 καὶ
846 3733 1074 3788 θάνατον
1104 3733 1244 3804 ὑπὲρ
1273 3731 1429 3803 ἡμῶν
1461 3732 1779 3800 ὑποστῆναι.
1809 3729 2026 3783 Τούτων

446 3825 935 3898 διευκρινημένων,
970 3826 1021 3878 οἱ
1072 3824 1375 3896 θαυμαστοὶ
1415 3825 1464 3877 οί
1498 3822 1789 3894 τῇαίρέσει
1814 3838 2028 3892 συμμα-

448 3920 676 3989 χοῦντες
726 3918 820 3972 δύο
876 3914 1402 3990 πραγματεύσασθαι
1443 3914 1799 3968 σπεύδουσιν·
1836 3913 1893 3966 ἓν
1930 3913 2028 3984 μὲν

450 4010 514 4062 τὺ
544 4009 739 4081 μηκέτι
767 4008 947 4077 λέγειν
988 4006 1209 4079 Πατέρα
1240 4005 1334 4059 καὶ
1359 4004 1504 4069 Υίὸν,
1535 4003 1700 4066 ἀλλά,
1738 4003 2029 4072 ἀγέννητον

454 4102 553 4156 καὶ
583 4102 868 4170 γεννητόν·
892 4099 986 4152 καὶ
1021 4097 1108 4151 διά
1151 4095 1310 4151 τοῦτο
1355 4096 1593 4165 σόφισμα
1633 4093 1733 4162 τῆς
1768 4093 2030 4165 αἱρέσεως

456 4190 693 4259 οἰόμενοι
735 4187 1047 4255 ἐπεισάγειν
1083 4187 1152 4257 τῇ
1194 4182 1505 4254 Ἐκκλησία.
1542 4181 1799 4235 Συνίσασι
1830 4181 1940 4251 γὰρ
1980 4181 2029 4233 οἱ

460 4283 614 4351 σοφοὶ
647 4280 715 4334 τὰ
760 4278 854 4333 τοῦ
895 4276 1055 4343 Θεοῦ,
1097 4277 1177 4329 ὅτι
1222 4275 1284 4328 τὸ
1311 4275 1603 4344 ἀγέννητον
1640 4273 1861 4327 ἔλαττον
1890 4270 2030 4326 εἶναι

452 4375 548 4428 τοῦ
572 4369 801 4440 Πατρός
828 4372 1110 4440 ὀνόματος.
1141 4368 1214 4421 Τὸ
1246 4368 1352 4439 γὰρ
1378 4367 1692 4437 ἀγέννητον,
1723 4366 1803 4419 ὅτι
1830 4365 1859 4419 0
1888 4366 1985 4437 μὲν
2007 4368 2028 4398 ⁵

450 4465 554 4516 οὐκ
585 4462 866 4532 ἐγεννήθη,
898 4461 1167 4529 νενόηται,
1184 4459 1395 4513 οὐδέπω
1422 4459 1477 4512 δὲ
1503 4460 1552 4512 εἰ
1574 4459 1667 4513 καὶ
1697 4460 1887 4531 Πατήρ
1913 4461 2029 4513 ἐστι

454 4555 730 4627 σημαίνει.
778 4554 850 4606 Τὸ
904 4552 959 4605 δὲ
1012 4552 1215 4619 Πατὴρ
1265 4550 1425 4604 πλέον
1455 4552 1573 4604 ἐστὶ
1606 4550 1701 4604 τοῦ
1737 4553 2030 4623 ἀγεννήτου

452 4647 715 4717 ὀνόματος
734 4644 812 4698 δν.
858 4645 944 4696 Ἐν
995 4644 1091 4714 μὲν
1124 4643 1233 4716 γὰρ
1279 4644 1356 4715 τῷ
1400 4644 1699 4714 ἀγεννήτῳ,
1746 4645 2031 4717 φημὶ,ούκ

404 4724 413 4733 ’
452 4736 779 4806 ἐμφαίνεται
807 4736 840 4803 ὴ
871 4732 964 4786 τοῦ
999 4732 1207 4803 Πατρός
1242 4733 1498 4803 δύναμις·
1527 4736 1585 4786 ἐν
1612 4733 1669 4785 δὲ
1715 4732 1792 4803 τῷ
1826 4733 2030 4801 Πατὴρ

450 4828 678 4897 ὀνόματι
698 4826 834 4898 ὁμοῦ
859 4842 917 4877 τε
944 4823 1214 4894 φαίνεται,
1232 4825 1312 4876 ὅτι
1339 4825 1438 4877 οὐκ
1464 4822 1609 4876 ἔστιν
1627 4824 1753 4887 Υἱὸς
1774 4825 1802 4877 ὁ
1819 4824 2029 4896 Πατὴρ,

450 4919 804 4995 εἴτεικυρίως
847 4919 1048 4970 νοεῖται
1091 4918 1120 4969 0
1163 4915 1371 4987 Πατὴρ,
1411 4917 1506 4969 καὶ
1544 4915 1625 4968 ὅτι
1670 4915 1841 4980 αἴτιός
1883 4916 2033 4969 ἐστιν

449 5009 638 5079 ὁμοίου
688 5006 882 5061 ἑαυτοῦ
943 5005 1094 5059 Υἱοῦ.
1136 5006 1233 5059 Ἓν
1276 5006 1373 5076 μὲν
1401 5005 1464 5077 δὴ
1491 5005 1668 5059 τοῦτο.
1700 5007 1924 5077 ’Ἕτερον
1950 5006 2028 5072 δὲ,

451 5101 535 5152 ὅτι
567 5097 871 5168 φθάσαντες
905 5096 1153 5168 ἀνόμοιον
1180 5098 1302 5151 κατ’
1329 5097 1517 5150 οὐσίαν
1546 5096 1755 5168 γράψαι
1783 5097 1873 5150 τὸν
1906 5097 2034 5150 Υίὸν

448 5191 531 5261 τῷ
559 5192 755 5262 Πατρί.
784 5191 994 5262 Ὥσπερ
1021 5188 1114 5244 οὖν
1143 5191 1399 5261 ἐνόμισαν
1433 5189 1910 5261 καταψηφίζεσθαι
1934 5191 2031 5261 τὴν

464 5283 792 5355 Ἐκκλησίαν
831 5283 897 5336 δι’
947 5278 1023 5337 ὧν
1076 5284 1353 5354 ἑθήρασαν
1410 5281 1561 5352 παρά
1599 5282 1693 5336 τοῦ
1751 5283 2029 5355 αἰδεσίμου

400 5448 409 5455 ἲ
451 5379 753 5431 ἐπισκόπου
805 5378 980 5430 Ὀσίου
1019 5376 1389 5449 γραμμάτων·
1451 5378 1508 5428 ἐν
1557 5370 1639 5439 οἷς
1695 5375 1920 5447 φέρεται
1966 5376 2027 5429 τὸ

448 5470 704 5540 ἀνόμοιον
760 5470 966 5524 οὐσίαν.
1032 5470 1248 5538 Ἐπειδὴ
1308 5468 1363 5520 δὲ
1405 5467 1721 5531 ἀνελθόντες
1745 5468 1795 5520 οἱ
1838 5471 1901 5522 ἐκ
1927 5468 2030 5539 τῆς

526 5650 545 5681 ί
580 5648 640 5704 F.
678 5649 774 5720 τὴν
821 5647 1035 5720 κούσίαν.

526 5650 545 5681 ί
580 5649 640 5704 F.
678 5649 774 5720 τὴν
830 5649 1035 5702 οὐσίαν.
1161 5652 1182 5680 ²
1221 5668 1309 5721 γρ.
1346 5649 1859 5723 προδιορθουμένων.

447 5719 683 5778 videtur.
760 5722 780 5751 ⁸
815 5719 874 5773 F.
901 5722 930 5772 0
952 5719 1070 5790 μέν.
1755 5779 1768 5790 ἱ

1969 5649 1993 5682 ³
2022 5648 2084 5705 F.
2118 5652 2513 5717 καθαιρόντων.

2130 3285 2390 3325 sonarum
2432 3270 2715 3327 distinctio
2761 3275 3103 3340 continetur,
3147 3283 3207 3329 ut
3241 3274 3454 3332 Patrem
3492 3281 3696 3348 sempi-

2132 3371 2346 3417 ternum
2395 3378 2517 3420 esse
2556 3362 2797 3429 Patrem,
2842 3374 2897 3420 et
2951 3369 3135 3422 carnis
3184 3378 3495 3438 expertem,
3536 3379 3698 3441 atque

2132 3454 2531 3522 immortalem;
2559 3454 2757 3511 Filium
2788 3472 2917 3513 vero
2944 3456 3138 3512 Filium
3170 3474 3293 3514 esse
3331 3475 3562 3531 semper,
3599 3478 3698 3517 nec

2132 3561 2371 3616 unquam
2400 3546 2615 3602 Patrem
2656 3563 2779 3602 esse
2812 3548 3159 3605 deﬁniamus.
3192 3553 3365 3607 Porro
3404 3569 3527 3608 eum
3561 3570 3698 3607 scm-

2130 3652 2223 3705 per
2248 3636 2500 3702 dicimus,
2550 3638 2653 3693 hoc
2694 3641 2871 3710 ipsum
2901 3642 3194 3698 volumus:
3231 3645 3350 3711 ejus
3381 3644 3697 3716 liypostasin

2133 3736 2287 3783 extra
2342 3736 2556 3801 tempus
2591 3747 2753 3787 omne
2812 3740 2866 3787 et
2923 3732 3292 3805 intelligentiae
3335 3738 3700 3808 comprehen-

2133 3821 2342 3876 sionem
2375 3838 2525 3890 esse;
2573 3824 2669 3879 sed
2702 3825 2853 3880 illum
2887 3825 3121 3899 denique
3168 3843 3385 3884 carnem
3414 3829 3483 3884 de
3523 3829 3701 3885 Patris

2090 3950 2096 3955 -
2132 3914 2410 3969 voluntate
2438 3917 2761 3988 suscepisse,
2780 3934 2844 3974 ac
2872 3928 3097 3975 mortem
3129 3928 3314 3976 nostra
3343 3936 3509 3977 causa
3537 3924 3701 3979 susti-

2136 4006 2344 4060 nuisse.
2376 4006 2587 4072 Quibus
2624 4009 2769 4064 hunc
2806 4010 2862 4065 in
2907 4013 3127 4065 modum
3170 4011 3376 4081 liquido
3418 4013 3699 4080 stabilitis,

2133 4098 2335 4169 egregii
2384 4100 2462 4154 illi
2515 4102 2720 4157 erroris
2764 4104 2980 4173 patroni
3028 4104 3138 4159 duo
3187 4105 3439 4175 quaedam
3487 4105 3701 4165 efﬁcere

2106 4181 2401 4245 'nituutur.
2434 4191 2678 4248 Primum
2708 4203 2767 4249 ut
2813 4211 2882 4250 ne
2930 4194 3094 4251 Pater
3130 4197 3361 4266 amplius
3395 4212 3459 4253 ac
3507 4196 3700 4263 Filius,

2135 4281 2231 4335 sed
2285 4282 2560 4353 ingenitus
2625 4298 2691 4339 ac
2751 4287 2966 4355 genitus
3019 4288 3259 4341 dicatur.
3314 4287 3433 4354 Qua
3491 4292 3703 4344 ratione

2134 4368 2319 4424 fucum
2380 4387 2439 4426 se
2490 4371 2708 4437 facere,
2743 4384 2905 4444 atque
2953 4374 3256 4431 Ecclesiam
3304 4378 3703 4434 circumvenire

2062 4492 2106 4546 ι)
2135 4471 2329 4534 putant
2350 4480 2530 4533 posse.
2550 4464 2754 4519 Verum
2781 4468 2873 4537 qui
2899 4467 3204 4543 divinarum
3226 4485 3406 4524 rerum
3436 4471 3703 4541 sapientia

2140 4557 2364 4626 pollent,
2394 4573 2739 4627 nequaquam
2784 4559 2888 4615 hoc
2918 4561 3212 4627 ignorant:
3256 4560 3483 4631 ingeniti
3517 4576 3703 4616 vocem

2139 4645 2451 4701 inferiorem
2502 4663 2625 4702 esse
2673 4646 2854 4702 Patris
2912 4651 3161 4714 nomine,
3221 4657 3507 4720 propterea
3558 4650 3703 4720 quod

2139 4738 2365 4807 ingeniti
2395 4740 2544 4793 notio
2572 4756 2686 4810 pra:
2719 4757 2778 4797 se
2812 4742 2945 4796 illud
2979 4757 3144 4796 unum
3168 4740 3294 4805 fert,
3328 4750 3389 4795 ut
3422 4757 3531 4795 non
3581 4758 3704 4796 esse

2136 4830 2355 4899 genitus
2398 4831 2766 4903 intelligatur,
2818 4833 3059 4887 nondum
3109 4840 3289 4886 tamen
3350 4833 3493 4886 sitne
3543 4830 3705 4887 Pater

2136 4919 2397 4973 declarat.
2450 4919 2520 4973 At
2587 4937 2718 4976 vero
2787 4921 2947 4977 Pater
3002 4922 3240 4992 amplius
3307 4920 3566 4992 quiddam
3624 4933 3706 4976 est

2136 5012 2361 5082 iugeniti
2412 5013 2702 5075 vocabulo,
2737 5016 2995 5083 quoniam
3048 5016 3101 5069 in
3147 5016 3272 5079 hoc,
3311 5013 3389 5068 uti
3441 5014 3574 5078 dixi,
3625 5015 3708 5067 vis

2137 5103 2227 5158 illa
2277 5101 2456 5158 Patris
2495 5119 2602 5159 non
2634 5106 2979 5173 exprimitur.
3014 5103 3121 5159 Sed
3176 5105 3232 5158 in
3264 5103 3444 5157 Patris
3486 5103 3709 5157 nomine

2136 5196 2270 5250 illud
2300 5211 2408 5250 una
2460 5197 2822 5268 signiﬁcatur,
2855 5196 3070 5251 Patrem
3104 5211 3214 5250 non
3247 5211 3371 5251 esse
3395 5193 3618 5258 Filium,
3659 5195 3707 5249 si

2135 5288 2357 5356 proprie
2383 5285 2542 5341 Pater
2583 5288 2944 5358 intelligatur,
2978 5303 3043 5343 ac
3074 5287 3160 5342 sui
3190 5287 3386 5342 similis
3432 5300 3556 5341 esse
3584 5283 3708 5338 Filii

2136 5380 2487 5450 principium.
2547 5379 2791 5434 Alterum
2839 5379 2989 5449 quod
3054 5378 3313 5449 perlicere
3380 5377 3713 5432 studuerunt

2139 5470 2278 5536 fuit,
2330 5478 2387 5525 ut
2440 5471 2759 5528 dissimilem
2812 5470 3050 5528 essentia
3105 5468 3301 5525 Filium
3358 5466 3538 5523 Patris
3590 5482 3714 5521 esse

2624 5657 2645 5687 ³⁸
2676 5656 2733 5715 F,
2780 5655 3028 5727 λέγομεν,
3084 5654 3179 5713 sed
3231 5652 3480 5709 nonnihil
3515 5651 3709 5708 deesse
