4134 6386
485 321 580 383 151

1881 313 1938 369 S.
2001 311 2344 368 EPIPHANH

3623 305 3729 364 432

487 445 705 514 scriptis
761 443 1098 496 mandarent.
1144 440 1263 506 Quo
1312 439 1530 492 nomine
1581 435 1877 490 Ecclesiam
1914 450 2044 490 con—

2165 434 2448 505 Ἀνατολῆς
2493 435 2584 487 ἐπὶ
2617 433 2678 487 τὺ
2707 435 2950 506 Σίρμιον,
2997 432 3472 506 περισυνελέξαντο
3504 429 3596 483 καὶ
3627 446 3728 484 κα-

488 537 745 590 demnare
788 549 846 589 se
891 549 1049 604 posse
1097 539 1356 602 putarunt
1419 529 1486 584 iis
1534 528 1762 592 litteris,
1805 541 1940 596 quas
1981 525 2050 581 ab

487 624 786 680 venerabili
827 625 1083 692 episcopo
1109 619 1238 676 Osio
1272 635 1368 690 per
1399 618 1644 672 fraudem
1670 615 2048 680 abstulerunt;

451 719 544 770 -in
579 717 774 786 quibus
823 713 1102 768 dissimilis
1139 711 1376 766 essentia
1421 709 1639 778 legitur.
1677 705 1878 760 Verum
1924 719 2049 758 cum

489 802 792 858 Orientales
825 800 1084 854 Sirmium
1114 797 1344 869 profecti
1379 797 1542 866 hujus
1568 811 1786 867 quoque
1825 793 2051 850 haeresis

489 889 894 961 improbitatem
931 903 1040 944 una
1083 903 1207 944 cum
1259 888 1379 944 aliis
1421 895 1608 943 essent
1663 885 1952 955 complexi,
1985 901 2055 940 ne

489 991 710 1053 propter
725 995 839 1046 eos,
863 981 954 1050 qui
979 979 1308 1035 Orientalem
1339 979 1459 1034 fidei
1489 978 1884 1049 professionem
1924 991 2046 1047 per-

2157 526 2447 597 κούργημα
2493 528 2684 580 τούτου
2731 527 2824 580 τοῦ
2859 526 3195 598 αἱρετισμοῦ,
3249 525 3336 578 ἵνα
3389 524 3462 595 μὴ
3500 521 3730 584 εὐθύνας

2158 615 2430 686 ὑπέχωσιν
2467 617 2558 669 ἐπὶ
2586 619 2698 680 τοῖς
2735 619 2813 680 εἰς
2837 617 2939 688 τὴν
2972 613 3290 685 ἀνατολικὴν
3321 613 3502 666 πίστιν
3530 610 3732 681 τολμή-

2158 723 2336 772 σασιν,
2390 708 2724 760 ἐσπούδασαν
2778 707 2838 761 τὺ
2883 707 2982 778 τῆς
3027 707 3214 769 οὐσίας
3251 705 3420 774 ὄνομα
3452 705 3510 755 ὲν
3537 701 3732 772 χρήσει

2157 799 2400 870 ὑπάρχον
2423 801 2534 864 τοῖς
2569 802 2843 871 Πατράσιν
2871 800 2959 854 διὰ
2976 800 3076 862 τὰς
3121 796 3521 870 προειρημένας
3553 793 3729 856 αἰτίας

2155 890 2362 944 ἀνελεῖν
2427 891 2528 962 τῆς
2589 891 3044 963 ἐκκλησιαστικῆς
3101 887 3469 950 διδασκαλίας.
3509 885 3595 938 ἵνα
3634 882 3730 936 καὶ

2155 981 2296 1034 κατὰ
2319 981 2476 1035 τοῦτο
2505 982 2698 1048 δόξωσι
2749 984 3038 1054 κρατύνειν
3092 981 3300 1035 ἑαυτῶν
3350 980 3447 1051 τὴν
3491 977 3722 1048 αἵρεσιν.

485 1087 696 1131 vertere
721 1090 828 1130 non
859 1073 1209 1138 dubitarent,
1245 1075 1310 1126 ad
1340 1071 1668 1128 reddendam
1703 1071 1965 1124 rationem
2002 1069 2440 1138 impellerentur,
2481 1077 2802 1131 substantiae
2845 1091 3064 1139 nomen,
3091 1075 3236 1145 quod
3283 1088 3312 1126 a
3345 1072 3600 1126 Patribus
3659 1072 3728 1125 ad

487 1183 583 1222 eas
617 1181 836 1228 causas,
875 1179 1012 1235 quas
1060 1165 1338 1235 attigimus
1384 1165 1440 1218 in
1484 1177 1642 1218 usum
1675 1169 1950 1230 receptum
1987 1160 2196 1228 fuerat,
2231 1164 2300 1219 ab
2347 1167 2718 1224 ecclesiastica
2759 1168 2906 1222 omni
2949 1167 3196 1222 doctrina
3227 1163 3513 1236 proﬂigare
3545 1159 3729 1217 conati

485 1269 633 1326 sunt,
665 1271 724 1313 ut
751 1259 852 1313 hac
888 1257 1098 1311 ratione
1127 1271 1284 1312 suam
1319 1255 1566 1310 haeresim
1594 1255 2031 1310 corroborarent.

552 1369 718 1442 862
754 1367 868 1422 XV.
923 1366 1016 1422 Sic
1061 1368 1204 1422 enim
1259 1367 1402 1439 apud
1461 1384 1520 1422 se
1565 1369 1880 1439 cogitarunt
1918 1385 1931 1421 :
1971 1364 2050 1428 Si,

485 1463 712 1516 excluso
746 1459 1068 1515 substantia:
1097 1461 1339 1522 nomine,
1370 1459 1586 1514 actione
1616 1460 1731 1514 sola
1772 1475 1835 1514 ac
1862 1459 2052 1512 volun-

484 1561 594 1606 tate
643 1551 876 1606 similem
921 1549 1103 1604 Patris
1147 1565 1269 1604 esse
1317 1549 1516 1603 Filium
1564 1549 1842 1614 dicerent,
1889 1549 2054 1602 licere

485 1643 630 1709 sibi,
689 1643 904 1697 sublato
966 1657 1196 1712 prorsus
1233 1641 1549 1696 substantiae
1595 1641 1847 1707 nomine,
1893 1639 2054 1693 dissi-

487 1736 668 1791 milem
699 1735 978 1804 deinceps,
1011 1732 1156 1804 quod
1191 1731 1256 1786 ad
1294 1733 1469 1803 ipsum
1519 1747 1642 1788 esse
1685 1739 1740 1787 et
1791 1731 2053 1788 exsistere

487 1827 742 1896 pertinet.
795 1824 976 1880 Patris
1027 1826 1384 1895 pronuntiare
1437 1823 1654 1880 Filium.
1697 1823 1803 1880 Sed
1851 1825 2052 1880 vindex

487 1919 733 1972 veritatis
790 1917 976 1984 Deus,
1047 1917 1141 1988 qui
1203 1915 1613 1986 comprehendit
1665 1915 1939 1985 sapientes
1991 1917 2047 1968 in

487 2011 684 2064 astutia
707 2025 803 2065 sua
824 2009 934 2065 ¹....
962 2009 1052 2080 qui
1083 2009 1344 2079 unigeniti
1363 2009 1484 2077 ejus
1503 2007 1624 2062 Filii
1649 2007 2050 2078 cognationem,

487 2103 721 2157 similem
757 2119 881 2158 eum
912 2103 969 2156 in
1021 2102 1274 2156 omnibus
1319 2115 1442 2156 esse
1486 2099 1663 2155 Patris
1715 2101 2051 2163 asserendo,

489 2209 676 2248 coram
712 2195 970 2266 religioso
1011 2193 1338 2263 imperatore
1381 2192 1662 2262 professus
1703 2201 1802 2246 est.
1837 2191 1970 2246 Nam
2001 2201 2054 2248 et

497 2291 633 2354 ipse,
667 2295 856 2356 utpote
891 2287 1034 2358 pius,
1091 2301 1198 2340 non
1237 2286 1393 2339 aliter
1435 2285 1502 2340 de
1543 2294 1772 2355 patrono
1813 2301 1934 2346 suo,
1991 2301 2054 2339 ac

499 2385 806 2448 protectore
843 2393 943 2434 suo
987 2377 1150 2432 unico
1179 2377 1272 2432 Dei
1317 2375 1455 2432 Filio
1500 2379 1787 2441 sentiebat,
1819 2387 1872 2432 et
1903 2377 2044 2448 quod

493 2470 762 2524 sentiebat
790 2471 878 2540 pio
905 2471 960 2524 in
989 2469 1243 2524 omnibus
1271 2457 1364 2524 ore
1389 2469 1787 2538 pronuntiavit:
1819 2469 1871 2522 id
1901 2469 2043 2539 quod

487 2575 589 2612 nos
610 2557 874 2612 Catholici
905 2557 1204 2621 credimus,
1223 2557 1453 2612 similem
1479 2573 1602 2612 esse
1623 2555 1800 2612 Patris
1823 2556 2015 2611 Filium
2038 2575 2052 2625 ;

489 2665 666 2720 neque
697 2665 792 2720 per
825 2649 1002 2719 ipsum
1035 2647 1418 2702 haereticorum
1449 2647 1765 2704 insidiosam
1794 2648 2054 2703 adversus

487 2737 922 2798 ecclesiasticam
979 2739 1136 2794 fidem
1178 2739 1528 2794 calliditatem
1563 2755 1693 2796 suos
1737 2755 2056 2810 progressus

485 2836 797 2890 habituram
848 2853 861 2888 :
909 2847 1030 2904 quae
1080 2833 1403 2888 substantiae
1455 2847 1652 2888 nomen
1705 2847 1770 2886 eo
1826 2834 2057 2887 consilio

487 2935 718 2980 conatur
765 2925 1133 2994 exstinguere,
1167 2931 1228 2976 ut
1277 2937 1384 2976 non
1427 2923 1777 2992 pronuntiata
1825 2923 2056 2992 amplius

487 3031 625 3071 voce
655 3016 1000 3082 substantiae,
1034 3015 1252 3070 demum
1293 3016 1348 3068 in
1393 3013 1706 3084 pectoribus
1733 3013 2056 3072 delitescens

2230 1368 2329 1421 IE'.
2395 1365 2691 1420 Ὑπέλαὸον
2732 1367 2861 1437 γὰρ,
2903 1367 3003 1432 ὅτι,
3035 1367 3083 1418 εἰ
3128 1365 3189 1418 τὸ
3220 1365 3318 1434 τῆς
3343 1361 3526 1424 οὐσίας
3561 1361 3729 1430 ὄνομα

2159 1459 2469 1529 ἐκϐληθείη,
2505 1459 2645 1513 κατὰ
2687 1459 2938 1530 βούλησιν
2985 1459 3143 1530 μόνον
3177 1457 3446 1526 λέγοντες,
3485 1455 3577 1508 καὶ
3605 1453 3726 1507 κατ’

2160 1551 2438 1624 ἐνέργειαν
2466 1553 2650 1622 ὅμοιον
2682 1551 2761 1622 τῷ
2783 1552 2956 1622 Πατρὶ
2987 1551 3079 1604 τὸν
3093 1550 3242 1614 Υἱδν,
3269 1547 3517 1614 ἐξουσίαν
3542 1545 3730 1604 οὐσίας

2158 1643 2336 1709 ἕξουσι
2366 1643 2438 1714 μὴ
2453 1642 2878 1714 ὀνομαζομένης,
2906 1641 3089 1695 λοιπὸν
3105 1641 3359 1711 ἀνόμοιον
3385 1639 3560 1706 λέγειν
3590 1638 3731 1690 κατά

2155 1735 2218 1788 τὸ
2276 1729 2433 1802 εἶναι,
2465 1737 2561 1789 καὶ
2589 1735 2730 1789 κατὰ
2757 1735 2819 1788 τὸ
2861 1734 3125 1806 ὑπάρχειν
3147 1733 3236 1785 τὸν
3263 1730 3390 1784 Υίὸν
3418 1729 3495 1799 τῷ
3531 1727 3727 1798 ΙΙατρί.

2168 1827 2304 1879 Ἀλλ’
2329 1827 2477 1897 ὅμως
2518 1829 2545 1880 ὁ
2575 1825 2785 1888 ἔκδικος
2813 1825 2912 1896 τῆς
2957 1822 3212 1894 ἀληθείας
3257 1821 3409 1884 Θεὸς.
3445 1821 3472 1871 ὁ
3502 1816 3731 1889 δρασσό-

2158 1933 2317 1986 μενος
2363 1919 2490 1980 τοὺς
2525 1917 2722 1984 σοφοὺς
2756 1917 2813 1968 ὲν
2837 1917 2903 1986 τῇ
2931 1913 3236 1984 πανουργίᾳ
3265 1909 3464 1974 αὐτῶν,
3497 1911 3518 1940 ²
3552 1909 3610 1970 ὃς
3633 1905 3731 1979 τὴν

2157 2009 2475 2080 συγγένειαν
2526 2007 2621 2062 τοῦ
2672 2006 3010 2076 Μονογενοῦς
3056 2003 3242 2070 αὐτοῦ,
3274 2005 3334 2056 τὸ
3375 2003 3516 2057 κατά
3555 2001 3732 2056 πάντα

2155 2101 2337 2170 ὅμοιον
2359 2099 2450 2152 τὴν
2473 2099 2600 2154 Υἱὸν
2621 2098 2698 2169 τῷ
2721 2101 2836 2152 Πατ
2847 2097 2898 2169 pi
2927 2093 3083 2160 εἶναι,
3106 2096 3198 2148 ἐπὶ
3225 2093 3317 2146 τοῦ
3345 2091 3600 2155 εὐσεϐοῦς
3637 2091 3732 2162 βα-

2159 2192 2349 2254 σιλέως
2379 2192 2839 2264 ἐπαρρησιάσατο.
2873 2189 3028 2242 Οὕτω
3055 2190 3164 2260 γὰρ
3193 2187 3284 2240 καὶ
3305 2187 3465 2248 αὐτὸς
3493 2183 3728 2254 ἐφρόνει,

2156 2281 2383 2350 εὐσεϐὴς
2405 2279 2479 2332 ὢν
2516 2280 2656 2352 ὑπὲρ
2697 2279 2791 2332 τοῦ
2829 2277 3278 2350 ὑπερμαχοῦντος
3311 2275 3476 2329 αὐτοῦ
3513 2289 3733 2344 μονογε-

2156 2373 2279 2438 νοῦς
2332 2371 2461 2426 Υἱοῦ
2523 2373 2614 2426 τοῦ
2667 2371 2824 2438 Θεοῦ,
2865 2373 2958 2425 καὶ
2990 2369 3202 2442 φρονῶν
3245 2368 3460 2421 εὐσεϐεῖ
3507 2367 3733 2436 στόματι

2155 2467 2440 2538 διωρίσατο
2477 2466 2616 2520 κατὰ
2662 2466 2866 2519 πάντα’
2899 2465 2974 2528 ὡς
3001 2465 3050 2517 oi
3071 2463 3343 2518 καθολικοὶ
3369 2459 3734 2515 πεπιστεύκα-

2163 2579 2281 2632 μεν,
2309 2563 2492 2632 ὅμοιον
2523 2556 2662 2614 εἶναι
2695 2562 2786 2614 τὸν
2839 2561 2965 2613 Υίδν
3007 2559 3086 2630 τῷ
3119 2559 3314 2630 Πατρὶ,
3341 2558 3437 2610 καὶ
3473 2555 3539 2608 δι’
3567 2553 3732 2610 αὐτοῦ

2163 2652 2236 2722 μὴ
2293 2654 2647 2722 προχωρῆσαι
2694 2649 2792 2721 τὴν
2840 2651 2978 2703 κατά
3019 2651 3118 2720 τῆς
3159 2647 3618 2718 ὲκκλησιαστικῆς
3641 2641 3733 2694 πί-

2159 2761 2326 2807 στεως
2373 2743 2668 2814 μεθοδείαν,
2701 2743 2943 2812 ἀναιρεῖν
2987 2740 3311 2812 βουλομένης
3339 2738 3400 2792 τὸ
3439 2739 3606 2807 ὄνομα
3635 2735 3734 2806 τῆς

2156 2835 2361 2900 οὐσίας,
2394 2836 2478 2887 ἴνα
2521 2835 2600 2905 τῷ
2641 2835 2868 2905 στόματι
2907 2833 2982 2905 μὴ
3023 2833 3357 2902 λαλουμένης
3383 2829 3592 2894 οὐσίας,
3623 2827 3734 2880 λοι-

2158 2927 2256 2979 πὸν
2305 2930 2362 2978 ὲν
2401 2930 2520 2990 ταῖς
2571 2926 2817 2994 καρδίαις
2855 2925 3168 2996 φωλεύουσα
3213 2925 3247 2994 ἡ
3306 2924 3530 2998 αἵρεσις⁸
3563 2919 3732 2988 νέμη-

2158 3034 2267 3072 ται.
2340 3018 2477 3070 Ἀλλ’
2525 3019 2720 3082 αὐτοὺς
2789 3017 3082 3089 φθάσωμεν
3115 3019 3134 3048 ³
3187 3015 3502 3088 γράφοντας
3552 3015 3738 3083 ὅμοιον

489 3110 715 3164 haeresis
747 3109 970 3179 impune
999 3117 1301 3180 grassetur.
1328 3105 1527 3162 Verum
1555 3107 1648 3177 qui
1679 3107 1910 3164 similem
1936 3123 2055 3163 esse

2162 3109 2301 3162 κατὰ
2334 3109 2608 3180 βούλησιν,
2653 3109 2905 3180 ἀνόμοιον
2937 3109 2993 3162 δὲ
3031 3109 3149 3162 κατ’
3183 3109 3369 3161 οὐσίαν
3390 3124 3402 3137 ·
3449 3107 3504 3159 εῐ
3532 3122 3596 3174 γε
3642 3105 3738 3156 ἁν-

487 3204 792 3264 voluntate,
846 3201 1150 3256 substantia
1194 3216 1325 3256 vero
1357 3200 1675 3256 dissimilem
1717 3199 1909 3254 Filium
1941 3217 2062 3257 esse

491 3295 856 3363 scripserunt,
894 3291 1080 3356 iidem,
1113 3291 1162 3346 si
1194 3293 1334 3346 bona
1361 3291 1464 3346 fide
1495 3307 1558 3346 ac
1584 3291 1796 3346 sincere
1829 3292 2059 3348 similem

489 3387 740 3442 eumdem
771 3389 826 3440 in
859 3387 1114 3440 omnibus
1137 3399 1259 3440 esse
1293 3383 1529 3440 confessi
1561 3391 1707 3450 sunt,
1739 3387 2060 3440 vanissimos

489 3494 680 3532 eorum
726 3487 959 3534 conatus
1019 3493 1140 3532 esse
1200 3475 1695 3546 deprehendamus.
1749 3476 1876 3530 dum
1929 3479 2061 3531 sub—

492 3567 705 3622 stantire
741 3583 938 3622 nomen
974 3568 1184 3636 eripere
1219 3567 1366 3620 omni
1418 3566 1767 3620 contentione
1815 3567 2056 3622 student.

491 3661 704 3714 Etenim
737 3659 782 3714 si
838 3659 890 3712 in
925 3659 1202 3720 omnibus,
1235 3665 1296 3710 ut
1333 3666 1607 3724 asserunt,
1651 3658 1845 3712 similis
1877 3661 1966 3724 sit,
2002 3673 2060 3712 ut

491 3760 577 3806 est
619 3765 828 3812 revera,
873 3748 1018 3802 Patri
1047 3747 1240 3810 Filius,
1289 3763 1394 3802 non
1440 3748 1718 3801 voluntate
1763 3759 1816 3803 et
1849 3751 2061 3805 actione

494 3843 632 3908 sola,
663 3850 721 3896 ut
764 3843 871 3896 illis
903 3841 1102 3911 placet,
1155 3841 1248 3896 sed
1297 3839 1618 3896 exsistentia
1655 3855 1719 3894 ac
1754 3841 2060 3896 substantia

492 3945 546 3988 et
584 3936 638 3989 in
680 3951 746 3990 eo
778 3938 900 4006 ipso
929 3933 1074 4004 quod
1123 3941 1227 3997 est,
1281 3941 1467 4004 utpote
1518 3931 1712 3992 Filius.
1762 3935 1957 3990 similis
1990 3936 2062 3990 sit

494 4042 722 4082 necesse
754 4037 839 4081 est
868 4045 882 4080 :
921 4041 1046 4080 nam
1077 4026 1192 4080 haec
1223 4024 1479 4094 loquendi
1513 4024 1766 4088 formula,
1801 4027 1856 4077 iu
1888 4027 2059 4080 omni-

495 4119 614 4182 bus,
642 4119 894 4172 universa
945 4117 1324 4188 complectitur
1349 4155 1363 4180 ,
1415 4131 1516 4171 nec
1549 4117 1718 4170 ullum
1767 4117 2058 4172 discrimen

493 4210 757 4274 admittit,
810 4210 1250 4280 quandoquidem
1290 4209 1346 4262 in
1394 4208 1650 4264 confesso
1699 4209 1842 4278 apud
1871 4223 2058 4264 omnes

497 4302 645 4358 istud
704 4310 806 4358 est.
861 4317 962 4355 nec
1014 4301 1246 4356 similem
1277 4315 1400 4356 esse
1441 4301 1542 4355 sibi
1601 4299 1840 4362 Patrem,
1883 4299 2060 4371 neq'ue

495 4395 598 4448 sibi
638 4393 741 4464 ipsi
795 4393 1012 4455 Filium,
1045 4393 1140 4446 sed
1187 4391 1385 4447 Filium
1411 4407 1532 4448 esse
1569 4391 1750 4447 Patris
1803 4395 2054 4460 similem,

2167 3201 2412 3266 υπούλως
2437 3202 2530 3255 καὶ
2563 3202 2818 3273 καθαρῶς
2848 3203 2907 3254 τὸ
2936 3201 3078 3255 κατὰ
3107 3201 3286 3255 πάντα
3335 3203 3518 3272 ὅμοιον
3545 3196 3737 3268 ὁμολο-

2161 3293 2368 3360 γοῦσιν,
2400 3295 2566 3348 ἕωλον
2593 3295 2775 3358 αὐτοῖς
2805 3295 3269 3366 ἀπελεγχθήσεται
3295 3295 3355 3348 τὸ
3379 3295 3730 3366 ἐπιχείρημα,

2161 3386 2524 3440 σπουδάσασιν
2569 3383 2701 3457 ἆραι
2754 3387 2812 3439 τὸ
2858 3388 3029 3458 ὅνομα
3052 3388 3151 3458 τῆς
3191 3385 3394 3452 οὐσίας.
3429 3389 3594 3440 Οὐδὲν
3623 3387 3733 3458 γὰρ

2161 3476 2488 3547 ἐκέρδαινον,
2538 3477 2973 3544 ἀναγκασθέντες
3021 3479 3347 3548 ὁμολογῆσαι
3385 3477 3478 3531 τὸν
3503 3477 3632 3532 Υἰὸν
3659 3478 3737 3549 τῷ

2161 3569 2335 3639 Ila-cpi.
2377 3567 2520 3622 κατά
2567 3571 2743 3625 πάντα
2795 3573 2999 3641 ὅμοιον.
3043 3573 3110 3627 Εἰ
3139 3575 3244 3645 γὰρ
3271 3573 3412 3628 κατὰ
3439 3575 3636 3638 πάντα,
3661 3573 3736 3637 ὡς

2161 3663 2536 3734 ὡμολόγησαν,
2582 3663 2726 3718 ἐστιν
2771 3665 2971 3736 ὅμοιος.
3021 3667 3208 3738 ὥσπερ
3248 3665 3340 3722 οὖν
3369 3672 3515 3722 ἐστιν
3543 3673 3571 3723 ό
3609 3671 3734 3733 Υἱὸς

2161 3755 2238 3824 τῷ
2266 3757 2438 3826 Πατρὶ
2471 3757 2674 3826 ὅμοιος,
2707 3756 2852 3810 ἔστιν
2882 3759 3062 3828 ὅμοιος
3095 3759 3153 3810 οὐ
3188 3760 3328 3813 κατὰ
3353 3761 3452 3832 τὴν
3484 3759 3756 3832 βούλησιν·

2162 3845 2252 3896 καὶ
2268 3843 2363 3914 τὴν
2381 3845 2659 3914 ἐνέργειαν
2675 3845 2862 3916 μόνην,
2894 3849 3036 3902 καθά
3067 3851 3220 3903 αὐτοὶ
3237 3851 3575 3922 διορίζονται,
3601 3853 3735 3906 ἀλλά

2161 3933 2302 3985 κατὰ
2323 3934 2422 4004 τὴν
2443 3933 2696 4006 ὓπαρξιν,
2731 3939 2822 3990 καὶ
2850 3938 2988 3990 κατά
3000 3939 3098 4010 τὴν
3129 3941 3445 4004 ὑπόστασιν,
3473 3947 3567 3997 καὶ
3595 3945 3732 3997 κατὰ

2160 4024 2220 4076 τὸ
2239 4020 2374 4076 εἶναι
2395 4025 2636 4078 ὼθΥἱόου
2733 4027 2756 4080 ὶ
2901 4029 2910 4041 ’
3199 4031 3210 4048 ⁸
3305 4032 3314 4050 ’
3621 4054 3623 4058 ·

2237 4061 2260 4076 υ
2445 4061 2466 4087 ς
2585 4063 2607 4086 ς
2663 4045 2733 4080 κα
2777 4029 3052 4096 καθάπαξ,
3074 4047 3221 4084 κατα
3235 4049 3448 4096 παντα,
3481 4035 3735 4088 ἁπάντων

2161 4115 2276 4166 ἐστὶ
2300 4114 2710 4186 περιληπτικω,
2737 4120 2828 4170 καὶ
2859 4118 3404 4192 οὐδεμίανδιαφορὰν
3430 4125 3734 4194 προσίεται,

2161 4207 2587 4278 ὁμολογουμένου
2625 4210 2717 4262 τοῦ
2766 4213 2902 4281 μήτε
2943 4213 3105 4266 αὐτὸν
3159 4215 3333 4284 ἑαυτῷ
3369 4217 3551 4286 ὅμοιον
3595 4214 3735 4271 εἶναι

2161 4299 2250 4350 τὸν
2273 4299 2512 4370 Πατέρα,
2541 4299 2678 4368 μήτε
2702 4301 2794 4352 τὸν
2813 4301 2938 4354 Υἱὺν
2963 4303 3125 4355 αὐτὸν
3160 4303 3362 4377 [αὐτὸν]
3385 4307 3563 4376 ἑαυτῷ
3595 4303 3734 4359 εἶναι
3809 4327 3812 4330 ’

2162 4389 2368 4458 ὅμοιον,
2399 4389 2533 4442 ἀλλὰ
2559 4391 2687 4444 Υἰὸν
2719 4389 2858 4444 εἶναι
2891 4395 3075 4463 ὅμοιον
3115 4395 3192 4465 τῷ
3221 4397 3417 4466 Πατρὶ,
3449 4401 3543 4451 καὶ
3575 4401 3631 4450 ἐν
3658 4399 3736 4469 τῷ

492 4493 547 4538 et
585 4459 676 4538 eor
705 4486 858 4553 ipso,
905 4483 1050 4552 quod
1103 4484 1158 4536 in
1216 4483 1467 4538 omnibus
1512 4482 1660 4536 Patri
1713 4484 1909 4539 similis
1951 4459 2054 4548 est,

2167 4480 2305 4531 κατὰ
2348 4479 2520 4532 πάντα
2570 4481 2752 4552 ὅμοιον
2806 4479 3051 4554 εἶναιτῷ
3083 4487 3260 4558 Πατρὶ¹
3309 4487 3438 4540 Υἱὸν
3464 4489 3614 4552 ὅντα,
3641 4490 3737 4544 καὶ

491 4575 690 4628 Filium
725 4591 866 4640 esse,
904 4592 1012 4630 non
1058 4575 1311 4638 Patrem,
1361 4574 1454 4644 qui
1498 4575 1718 4641 quidem
1754 4574 1992 4644 perfecte
2029 4591 2058 4630 a

493 4668 734 4734 perfecto
767 4665 926 4722 Patre
953 4676 1080 4720 ante
1103 4665 1515 4736 intelligentiam
1545 4681 1781 4725 omnem,
1807 4681 2058 4721 omnem-

493 4773 598 4827 que
635 4762 922 4824 rationem,
965 4773 1027 4812 ac
1072 4765 1318 4826 tempora
1357 4755 1662 4825 saeculaque
1703 4771 1732 4810 ο
1765 4756 1946 4811 Patris
1977 4767 2061 4813 est

493 4849 850 4904 similitudine
889 4849 1128 4918 genitus,
1169 4863 1235 4902 eo
1281 4848 1445 4901 modo
1474 4863 1634 4914 quem
1669 4847 1818 4901 solus
1854 4863 2059 4918 cogno-

493 4940 594 4994 scit
623 4938 802 5002 Pater,
837 4940 930 5008 qui
965 4939 1116 4991 illum
1148 4953 1177 4990 e
1209 4940 1386 5006 seipse
1422 4937 1558 4991 citra
1599 4937 1904 5006 passionem
1941 4953 2060 4992 om-

491 5045 616 5084 nem
649 5029 856 5099 genuit,
889 5029 982 5083 sed
1013 5036 1064 5082 et
1101 5027 1270 5082 Filius
1299 5029 1473 5092 novit,
1505 5029 1597 5097 qui
1630 5027 1697 5081 ab
1728 5043 1792 5083 eo
1821 5039 1880 5082 ut
1913 5039 2059 5084 esset

491 5122 736 5189 accepit;
775 5121 925 5174 novit
971 5129 1244 5189 postremo
1281 5129 1334 5174 et
1381 5120 1454 5182 is,
1513 5121 1602 5174 cui
1653 5121 1740 5174 ille
1781 5123 2057 5187 revelarit,

490 5216 686 5284 Cuique
711 5215 763 5267 in
791 5216 872 5270 sui
907 5214 1359 5284 contemplatione
1395 5213 1574 5269 Patris
1603 5215 1710 5278 sui,
1745 5223 1802 5269 ut
1829 5233 1926 5286 par
1959 5232 2059 5287 est,

491 5308 901 5378 intelligentiam
935 5309 1291 5362 concesserit.

560 5399 722 5470 863
763 5397 898 5452 XVI.
948 5397 1145 5453 Verum
1179 5416 1246 5454 ne
1275 5416 1432 5468 quem
1469 5401 1832 5470 bypostaseon
1869 5408 2055 5476 appel-

493 5485 623 5538 latio
679 5488 794 5554 ipsa
840 5487 1142 5554 perturbet.
1195 5486 1276 5542 0b
1325 5487 1377 5542 id
1425 5491 1573 5542 enim
1611 5489 1936 5560 hypostases
1989 5497 2058 5551 ab

495 5573 864 5629 Orientalibus
904 5587 1272 5644 usurpentur,
1317 5589 1372 5632 ut
1407 5587 1761 5648 personar‘rm
1815 5590 2060 5654 proprie-

2161 4571 2221 4622 οὐ
2247 4571 2485 4641 Πατέρα,
2521 4571 2582 4635 ἐξ
2609 4566 2668 4625 οὐ
2704 4575 2726 4604 ⁸
2757 4576 2968 4645 Πατρὸς
2997 4577 3217 4640 τελείως
3269 4579 3334 4631 ὲκ
3371 4580 3596 4645 τελείου,
3630 4581 3738 4652 πρὸ

2163 4663 2340 4732 πάσης
2365 4664 2592 4726 ἐννοίας,
2623 4667 2718 4718 καὶ
2765 4667 2982 4721 πάντων
3029 4668 3323 4739 λογισμῶν,
3372 4672 3466 4724 καὶ
3506 4673 3736 4743 χρόνων,

2163 4757 2254 4808 καὶ
2287 4756 2496 4809 αἰώνων
2518 4759 2582 4811 ὲκ
2629 4759 2723 4811 τοῦ
2751 4761 2965 4832 Πατρὸς
2993 4762 3306 4832 ὁμοιότητος
3337 4765 3638 4834 γεννηθεὶς,
3663 4765 3738 4828 ὡς

2163 4841 2272 4898 οἶδε
2313 4846 2466 4915 μόνος
2489 4849 2518 4899 ὀ
2551 4849 2740 4920 Πατὴρ
2762 4852 2790 4902 ὁ
2819 4849 2878 4914 ἐξ
2898 4851 3059 4904 αὐτοῦ
3094 4854 3253 4906 αὐτὸν
3287 4855 3510 4918 ἀπαθῶς
3543 4858 3737 4926 γεννή-

2170 4955 2287 5004 σας,
2305 4941 2397 4990 καὶ
2420 4942 2447 4992 ὁ
2467 4940 2598 5004 Υίὸς
2631 4943 2658 4993 ὁ
2687 4941 2745 5005 ἐξ
2765 4941 2927 4994 αὐτοῦ
2953 4944 3012 4996 τὸ
3041 4940 3176 4996 εἶναι
3209 4943 3366 5016 ἔχων,
3393 4947 3486 4998 καὶ
3578 4947 3738 5009 αὐτὸς

2167 5031 2502 5100 ἀποκαλύψει
2523 5034 2580 5085 ὲν
2617 5037 2681 5104 τῇ
2719 5035 2837 5088 κατ’
2859 5035 3018 5089 αὐτὸν
3045 5035 3246 5107 θεωρίᾳ
3281 5037 3444 5102 ἀξίως
3472 5041 3617 5110 ἡμᾶς
3648 5033 3740 5091 τὸν

2167 5125 2360 5179 ἑαυτοῦ
2391 5127 2607 5198 Πατέρα
2645 5129 2901 5198 παρέχειν
2933 5138 2954 5169 ⁸
2987 5131 3144 5184 νοεῖν.

2224 5405 2342 5470 ις’.
2371 5404 2480 5456 Καὶ
2512 5404 2585 5474 μὴ
2625 5406 2942 5474 ταρασσέτω
2973 5407 3034 5459 τὸ
3062 5407 3169 5460 τῶν
3201 5407 3548 5463 ὑποστάσεων
3573 5409 3742 5479 ὄνομα

2157 5514 2325 5559 τινας.
2364 5495 2462 5547 Διά
2504 5495 2662 5548 τοῦτο
2701 5496 2810 5567 γὰρ
2854 5499 3177 5562 ὑποστάσεις
3213 5503 3261 5553 οἱ
3309 5501 3612 5554 ἀνατολικοὶ
3653 5501 3741 5552 λέ-

2155 5606 2364 5658 γουσιν,
2399 5587 2484 5640 ἵνα
2505 5587 2601 5650 τὰς
2641 5589 2902 5660 ἰδιότητας
2936 5589 3045 5642 τῶν
3074 5590 3380 5660 προσώπων
3423 5592 3738 5662 ὑφεστώσας

569 5730 585 5759 ³
609 5727 732 5784 Job.
760 5747 810 5794 ν,
851 5733 941 5796 15;
973 5733 989 5786 1
1021 5731 1146 5786 Cor.
1183 5749 1261 5800 ιιι,
1295 5735 1379 5790 l9.
1477 5739 1497 5766 '
1535 5735 1688 5792 Deest
1731 5739 1934 5809 aliquid
2011 5742 2031 5772 ³

2159 5743 2498 5814 φωράσομεν.
2581 5746 2599 5776 ³
2623 5746 2681 5800 F.
2719 5748 2778 5799 ἐκ
2809 5747 2923 5801 τοῦ.
3001 5749 3020 5778 ⁸
3056 5747 3115 5801 F.
3147 5754 3417 5820 παρέχων.
