  <div class='ocr_page' id='page_1' title='image "/cluster/home/n/w/nwhite01/storage/ocr_20150623/42/nnc1.0046978682/242.png"; bbox 0 0 4134 6386; ppageno 0'>
   <div class='ocr_carea' id='block_1_1' title="bbox 414 414 525 472">
    <p class='ocr_par' dir='ltr' id='par_1_1' title="bbox 414 414 525 472">
     <span class='ocr_line' id='line_1_1' title="bbox 414 414 525 472; baseline 0.009 -1"><span class='ocrx_word' id='word_1_1' title='bbox 414 414 525 472; x_wconf 64' lang='grc' dir='ltr'>ὥό</span> 
     </span>
    </p>
   </div>
   <div class='ocr_carea' id='block_1_2' title="bbox 1047 414 3067 477">
    <p class='ocr_par' dir='ltr' id='par_1_2' title="bbox 1047 414 3067 477">
     <span class='ocr_line' id='line_1_2' title="bbox 1047 414 3067 477; baseline 0.005 -11"><span class='ocrx_word' id='word_1_2' title='bbox 1047 414 1419 473; x_wconf 75' lang='lat' dir='ltr'><strong>ADVERSUS</strong></span> <span class='ocrx_word' id='word_1_3' title='bbox 1459 417 1800 473; x_wconf 61' lang='lat' dir='ltr'><strong>HrEliESES</strong></span> <span class='ocrx_word' id='word_1_4' title='bbox 1836 418 1966 474; x_wconf 85' lang='lat' dir='ltr'><strong>LIB.</strong></span> <span class='ocrx_word' id='word_1_5' title='bbox 2007 418 2099 476; x_wconf 92' lang='lat' dir='ltr'>III.</span> <span class='ocrx_word' id='word_1_6' title='bbox 2139 420 2304 476; x_wconf 85' lang='lat' dir='ltr'><strong>TOM.</strong></span> <span class='ocrx_word' id='word_1_7' title='bbox 2335 420 2377 476; x_wconf 94' lang='lat' dir='ltr'><strong>I.</strong></span> <span class='ocrx_word' id='word_1_8' title='bbox 2414 452 2480 461; x_wconf 95' lang='lat'><strong>—</strong></span> <span class='ocrx_word' id='word_1_9' title='bbox 2520 420 2795 476; x_wconf 64' lang='lat' dir='ltr'><strong>HIERES.</strong></span> <span class='ocrx_word' id='word_1_10' title='bbox 2838 421 3067 477; x_wconf 74' lang='lat' dir='ltr'>LXXIII.</span> 
     </span>
    </p>
   </div>
   <div class='ocr_carea' id='block_1_3' title="bbox 3565 420 3673 479">
    <p class='ocr_par' dir='ltr' id='par_1_3' title="bbox 3565 420 3673 479">
     <span class='ocr_line' id='line_1_3' title="bbox 3565 420 3673 479; baseline 0.019 -2"><span class='ocrx_word' id='word_1_11' title='bbox 3565 420 3673 479; x_wconf 62' lang='grc'><strong>454</strong></span> 
     </span>
    </p>
   </div>
   <div class='ocr_carea' id='block_1_4' title="bbox 416 533 2019 608">
    <p class='ocr_par' dir='ltr' id='par_1_4' title="bbox 416 533 1996 608">
     <span class='ocr_line' id='line_1_4' title="bbox 416 533 1996 608; baseline -0.003 -15"><span class='ocrx_word' id='word_1_12' title='bbox 416 539 517 593; x_wconf 76' lang='grc' dir='ltr'><strong>καὶ</strong></span> <span class='ocrx_word' id='word_1_13' title='bbox 534 533 883 607; x_wconf 75' lang='grc' dir='ltr'><strong>ὑπαρχούσας</strong></span> <span class='ocrx_word' id='word_1_14' title='bbox 908 534 1267 605; x_wconf 89' lang='grc' dir='ltr'>γνωρίσωσιν.</span> <span class='ocrx_word' id='word_1_15' title='bbox 1292 536 1356 589; x_wconf 85' lang='lat' dir='ltr'><strong>El</strong></span> <span class='ocrx_word' id='word_1_16' title='bbox 1371 535 1478 607; x_wconf 86' lang='grc' dir='ltr'>γὰρ</span> <span class='ocrx_word' id='word_1_17' title='bbox 1496 535 1711 606; x_wconf 87' lang='grc' dir='ltr'>πνεῦμα</span> <span class='ocrx_word' id='word_1_18' title='bbox 1728 538 1757 589; x_wconf 89' lang='lat'><strong>6</strong></span> <span class='ocrx_word' id='word_1_19' title='bbox 1786 536 1996 608; x_wconf 88' lang='grc' dir='ltr'>Πατὴρ,</span> 
     </span>
    </p>
   </div>
   <div class='ocr_carea' id='block_1_5' title="bbox 2123 533 3669 608">
    <p class='ocr_par' dir='ltr' id='par_1_5' title="bbox 2123 535 3669 606">
     <span class='ocr_line' id='line_1_5' title="bbox 2123 535 3669 606; baseline 0.003 -20"><span class='ocrx_word' id='word_1_20' title='bbox 2123 544 2250 592; x_wconf 68' lang='lat' dir='ltr'><strong>,ates</strong></span> <span class='ocrx_word' id='word_1_21' title='bbox 2306 537 2667 593; x_wconf 78' lang='lat' dir='ltr'><strong>subsistentes</strong></span> <span class='ocrx_word' id='word_1_22' title='bbox 2714 535 3153 606; x_wconf 81' lang='lat' dir='ltr'><strong>exsisteutesque</strong></span> <span class='ocrx_word' id='word_1_23' title='bbox 3207 536 3496 592; x_wconf 74' lang='lat' dir='ltr'><strong>declat‘e‘nt.</strong></span> <span class='ocrx_word' id='word_1_24' title='bbox 3535 535 3669 590; x_wconf 69' lang='lat' dir='ltr'><strong>Nam</strong></span> 
     </span>
    </p>
   </div>
   <div class='ocr_carea' id='block_1_6' title="bbox 422 622 1994 695">
    <p class='ocr_par' dir='ltr' id='par_1_6' title="bbox 422 622 1994 695">
     <span class='ocr_line' id='line_1_6' title="bbox 422 622 1994 695; baseline -0.002 -16"><span class='ocrx_word' id='word_1_25' title='bbox 422 626 638 695; x_wconf 83' lang='grc' dir='ltr'>πνεῦμα</span> <span class='ocrx_word' id='word_1_26' title='bbox 676 624 823 677; x_wconf 75' lang='grc' dir='ltr'>κα.ὶὸ</span> <span class='ocrx_word' id='word_1_27' title='bbox 855 622 1003 686; x_wconf 83' lang='grc' dir='ltr'>Υἱὸς,</span> <span class='ocrx_word' id='word_1_28' title='bbox 1072 622 1287 693; x_wconf 89' lang='grc' dir='ltr'>πνεῦμα</span> <span class='ocrx_word' id='word_1_29' title='bbox 1329 624 1423 675; x_wconf 79' lang='grc' dir='ltr'><strong>καὶ</strong></span> <span class='ocrx_word' id='word_1_30' title='bbox 1468 623 1528 678; x_wconf 87' lang='grc' dir='ltr'>τὸ</span> <span class='ocrx_word' id='word_1_31' title='bbox 1567 624 1720 692; x_wconf 73' lang='grc' dir='ltr'>ἅγιον</span> <span class='ocrx_word' id='word_1_32' title='bbox 1750 624 1994 695; x_wconf 82' lang='grc' dir='ltr'><strong>Πνεῦμα,</strong></span> 
     </span>
    </p>
   </div>
   <div class='ocr_carea' id='block_1_7' title="bbox 420 696 1995 793">
    <p class='ocr_par' dir='ltr' id='par_1_7' title="bbox 420 696 1995 793">
     <span class='ocr_line' id='line_1_7' title="bbox 420 696 1995 793; baseline -0.001 -23"><span class='ocrx_word' id='word_1_33' title='bbox 420 718 487 770; x_wconf 82' lang='grc' dir='ltr'><strong>οὑ</strong></span> <span class='ocrx_word' id='word_1_34' title='bbox 514 718 710 769; x_wconf 77' lang='grc' dir='ltr'><strong>νοεῖται</strong></span> <span class='ocrx_word' id='word_1_35' title='bbox 733 714 922 783; x_wconf 74' lang='grc' dir='ltr'>Πατὴρ</span> <span class='ocrx_word' id='word_1_36' title='bbox 946 716 975 767; x_wconf 98' lang='lat'><strong>6</strong></span> <span class='ocrx_word' id='word_1_37' title='bbox 1000 713 1145 793; x_wconf 67' lang='lat' dir='ltr'><strong>Yiég.</strong></span> <span class='ocrx_word' id='word_1_38' title='bbox 1165 714 1463 784; x_wconf 80' lang='grc' dir='ltr'>Ὺφέστηκε</span> <span class='ocrx_word' id='word_1_39' title='bbox 1489 696 1544 768; x_wconf 85' lang='grc' dir='ltr'>δὲ</span> <span class='ocrx_word' id='word_1_40' title='bbox 1567 715 1660 768; x_wconf 76' lang='grc' dir='ltr'><strong>καὶ</strong></span> <span class='ocrx_word' id='word_1_41' title='bbox 1678 714 1739 767; x_wconf 81' lang='grc' dir='ltr'>τὸ</span> <span class='ocrx_word' id='word_1_42' title='bbox 1752 713 1995 786; x_wconf 79' lang='grc' dir='ltr'><strong>Πνεῦμα,</strong></span> 
     </span>
    </p>
   </div>
   <div class='ocr_carea' id='block_1_8' title="bbox 420 802 1997 874">
    <p class='ocr_par' dir='ltr' id='par_1_8' title="bbox 420 802 1997 874">
     <span class='ocr_line' id='line_1_8' title="bbox 420 802 1997 874; baseline -0.003 -14"><span class='ocrx_word' id='word_1_43' title='bbox 420 807 455 859; x_wconf 83' lang='grc' dir='ltr'><strong>ὅ</strong></span> <span class='ocrx_word' id='word_1_44' title='bbox 497 807 560 859; x_wconf 88' lang='grc' dir='ltr'><strong>οὑ</strong></span> <span class='ocrx_word' id='word_1_45' title='bbox 592 806 789 860; x_wconf 83' lang='grc' dir='ltr'><strong>νοεῖται</strong></span> <span class='ocrx_word' id='word_1_46' title='bbox 830 803 976 869; x_wconf 85' lang='grc' dir='ltr'>Υἱὸς,</span> <span class='ocrx_word' id='word_1_47' title='bbox 1029 802 1058 856; x_wconf 87' lang='lat'><strong>6</strong></span> <span class='ocrx_word' id='word_1_48' title='bbox 1118 803 1209 855; x_wconf 78' lang='grc' dir='ltr'><strong>καὶ</strong></span> <span class='ocrx_word' id='word_1_49' title='bbox 1265 803 1365 855; x_wconf 88' lang='grc' dir='ltr'>οὑκ</span> <span class='ocrx_word' id='word_1_50' title='bbox 1406 802 1520 856; x_wconf 72' lang='grc' dir='ltr'>ἔστι</span> <span class='ocrx_word' id='word_1_51' title='bbox 1553 803 1635 872; x_wconf 87' lang='grc' dir='ltr'><strong>(τὸ</strong></span> <span class='ocrx_word' id='word_1_52' title='bbox 1671 802 1895 874; x_wconf 83' lang='grc' dir='ltr'>Πνεῦμα</span> <span class='ocrx_word' id='word_1_53' title='bbox 1936 803 1997 855; x_wconf 92' lang='grc' dir='ltr'><strong>οὑ</strong></span> 
     </span>
    </p>
   </div>
   <div class='ocr_carea' id='block_1_9' title="bbox 426 894 1996 966">
    <p class='ocr_par' dir='ltr' id='par_1_9' title="bbox 426 894 1996 966">
     <span class='ocr_line' id='line_1_9' title="bbox 426 894 1996 966; baseline -0.003 -15"><span class='ocrx_word' id='word_1_54' title='bbox 426 900 625 953; x_wconf 80' lang='grc' dir='ltr'><strong>νοεῖται</strong></span> <span class='ocrx_word' id='word_1_55' title='bbox 650 895 797 960; x_wconf 79' lang='grc' dir='ltr'>Υἱὸς,</span> <span class='ocrx_word' id='word_1_56' title='bbox 836 894 1106 964; x_wconf 81' lang='grc' dir='ltr'><strong>ὑφέστηκε</strong></span> <span class='ocrx_word' id='word_1_57' title='bbox 1144 894 1201 947; x_wconf 80' lang='grc' dir='ltr'>δὲ</span> <span class='ocrx_word' id='word_1_58' title='bbox 1229 894 1321 948; x_wconf 79' lang='grc' dir='ltr'><strong>καὶ</strong></span> <span class='ocrx_word' id='word_1_59' title='bbox 1354 898 1413 948; x_wconf 88' lang='grc' dir='ltr'>τὸ</span> <span class='ocrx_word' id='word_1_60' title='bbox 1460 894 1681 966; x_wconf 82' lang='grc' dir='ltr'>Πνεῦμα</span> <span class='ocrx_word' id='word_1_61' title='bbox 1711 894 1772 947; x_wconf 87' lang='grc' dir='ltr'>τὸ</span> <span class='ocrx_word' id='word_1_62' title='bbox 1800 894 1996 964; x_wconf 75' lang='grc' dir='ltr'>ἅγιον).</span> 
     </span>
    </p>
   </div>
   <div class='ocr_carea' id='block_1_10' title="bbox 422 985 1997 1057">
    <p class='ocr_par' dir='ltr' id='par_1_10' title="bbox 422 985 1997 1057">
     <span class='ocr_line' id='line_1_10' title="bbox 422 985 1997 1057; baseline -0.003 -15"><span class='ocrx_word' id='word_1_63' title='bbox 422 990 538 1044; x_wconf 80' lang='grc' dir='ltr'>Καὶ</span> <span class='ocrx_word' id='word_1_64' title='bbox 590 988 772 1043; x_wconf 88' lang='grc' dir='ltr'>οὑκέτι</span> <span class='ocrx_word' id='word_1_65' title='bbox 826 988 886 1040; x_wconf 83' lang='grc' dir='ltr'>τὸ</span> <span class='ocrx_word' id='word_1_66' title='bbox 944 986 1165 1056; x_wconf 86' lang='grc' dir='ltr'>Πνεῦμα</span> <span class='ocrx_word' id='word_1_67' title='bbox 1217 985 1278 1039; x_wconf 84' lang='grc' dir='ltr'>τὸ</span> <span class='ocrx_word' id='word_1_68' title='bbox 1323 986 1506 1055; x_wconf 78' lang='grc' dir='ltr'>ἅγιον,</span> <span class='ocrx_word' id='word_1_69' title='bbox 1539 987 1659 1040; x_wconf 78' lang='grc' dir='ltr'>οὑδὲ</span> <span class='ocrx_word' id='word_1_70' title='bbox 1719 989 1747 1040; x_wconf 90' lang='lat'><strong>6</strong></span> <span class='ocrx_word' id='word_1_71' title='bbox 1786 985 1997 1057; x_wconf 81' lang='grc' dir='ltr'>Πατὴρ,</span> 
     </span>
    </p>
   </div>
   <div class='ocr_carea' id='block_1_11' title="bbox 421 1074 2000 1150">
    <p class='ocr_par' dir='ltr' id='par_1_11' title="bbox 421 1074 2000 1150">
     <span class='ocr_line' id='line_1_11' title="bbox 421 1074 2000 1150; baseline -0.001 -14"><span class='ocrx_word' id='word_1_72' title='bbox 421 1074 544 1136; x_wconf 69' lang='grc' dir='ltr'>οὑδὲ</span> <span class='ocrx_word' id='word_1_73' title='bbox 588 1083 619 1134; x_wconf 90' lang='lat'><strong>6</strong></span> <span class='ocrx_word' id='word_1_74' title='bbox 670 1080 833 1144; x_wconf 71' lang='grc' dir='ltr'>Υἱὸς,</span> <span class='ocrx_word' id='word_1_75' title='bbox 873 1078 1011 1137; x_wconf 82' lang='grc' dir='ltr'><strong>ἀλλά</strong></span> <span class='ocrx_word' id='word_1_76' title='bbox 1057 1078 1282 1149; x_wconf 84' lang='grc' dir='ltr'>Πνεῦμα</span> <span class='ocrx_word' id='word_1_77' title='bbox 1327 1078 1480 1146; x_wconf 76' lang='grc' dir='ltr'>ἅγιον</span> <span class='ocrx_word' id='word_1_78' title='bbox 1538 1080 1602 1134; x_wconf 82' lang='grc' dir='ltr'><strong>ὲκ</strong></span> <span class='ocrx_word' id='word_1_79' title='bbox 1648 1078 1879 1150; x_wconf 87' lang='grc' dir='ltr'>Πατρὸς,</span> <span class='ocrx_word' id='word_1_80' title='bbox 1933 1078 2000 1135; x_wconf 85' lang='grc' dir='ltr'><strong>δι’</strong></span> 
     </span>
    </p>
   </div>
   <div class='ocr_carea' id='block_1_12' title="bbox 425 1171 2002 1242">
    <p class='ocr_par' dir='ltr' id='par_1_12' title="bbox 425 1171 2002 1242">
     <span class='ocr_line' id='line_1_12' title="bbox 425 1171 2002 1242; baseline -0.003 -14"><span class='ocrx_word' id='word_1_81' title='bbox 425 1173 563 1228; x_wconf 83' lang='grc' dir='ltr'>Υίοῦ</span> <span class='ocrx_word' id='word_1_82' title='bbox 629 1174 839 1236; x_wconf 84' lang='grc' dir='ltr'>πιστοῖς</span> <span class='ocrx_word' id='word_1_83' title='bbox 891 1171 1188 1242; x_wconf 87' lang='grc' dir='ltr'>διδόμενον.</span> <span class='ocrx_word' id='word_1_84' title='bbox 1253 1172 1491 1236; x_wconf 82' lang='grc' dir='ltr'><strong>Εἰκότως</strong></span> <span class='ocrx_word' id='word_1_85' title='bbox 1544 1171 1851 1240; x_wconf 82' lang='grc' dir='ltr'>ὑφεστῶτος</span> <span class='ocrx_word' id='word_1_86' title='bbox 1909 1172 2002 1225; x_wconf 80' lang='grc' dir='ltr'><strong>καὶ</strong></span> 
     </span>
    </p>
   </div>
   <div class='ocr_carea' id='block_1_13' title="bbox 428 1263 2003 1337">
    <p class='ocr_par' dir='ltr' id='par_1_13' title="bbox 428 1263 2003 1337">
     <span class='ocr_line' id='line_1_13' title="bbox 428 1263 2003 1337; baseline 0 -19"><span class='ocrx_word' id='word_1_87' title='bbox 428 1264 767 1337; x_wconf 89' lang='grc' dir='ltr'>ὑπάρχοντος</span> <span class='ocrx_word' id='word_1_88' title='bbox 788 1266 829 1327; x_wconf 77' lang='grc'>⁸,</span> <span class='ocrx_word' id='word_1_89' title='bbox 876 1264 965 1318; x_wconf 82' lang='grc' dir='ltr'>καὶ</span> <span class='ocrx_word' id='word_1_90' title='bbox 1008 1264 1103 1316; x_wconf 87' lang='grc' dir='ltr'><strong>τοῦ</strong></span> <span class='ocrx_word' id='word_1_91' title='bbox 1169 1263 1482 1335; x_wconf 80' lang='grc' dir='ltr'>Πνεῦματος</span> <span class='ocrx_word' id='word_1_92' title='bbox 1527 1264 1621 1318; x_wconf 85' lang='grc' dir='ltr'><strong>τοῦ</strong></span> <span class='ocrx_word' id='word_1_93' title='bbox 1671 1265 1856 1332; x_wconf 85' lang='grc' dir='ltr'>ἁγίου,</span> <span class='ocrx_word' id='word_1_94' title='bbox 1906 1263 2003 1328; x_wconf 87' lang='grc' dir='ltr'><strong>τὰς</strong></span> 
     </span>
    </p>
   </div>
   <div class='ocr_carea' id='block_1_14' title="bbox 431 1354 2004 1429">
    <p class='ocr_par' dir='ltr' id='par_1_14' title="bbox 431 1354 2004 1429">
     <span class='ocr_line' id='line_1_14' title="bbox 431 1354 2004 1429; baseline -0.001 -19"><span class='ocrx_word' id='word_1_95' title='bbox 431 1355 735 1427; x_wconf 76' lang='grc' dir='ltr'>ἰδιότητας,</span> <span class='ocrx_word' id='word_1_96' title='bbox 791 1356 867 1420; x_wconf 87' lang='grc' dir='ltr'>ὡς</span> <span class='ocrx_word' id='word_1_97' title='bbox 918 1357 1359 1429; x_wconf 85' lang='grc' dir='ltr'>προειρήκαμεν,</span> <span class='ocrx_word' id='word_1_98' title='bbox 1405 1355 1710 1429; x_wconf 84' lang='grc' dir='ltr'>προσώπων</span> <span class='ocrx_word' id='word_1_99' title='bbox 1759 1354 2004 1425; x_wconf 62' lang='grc' dir='ltr'>ὑφεστὼς</span> 
     </span>
    </p>
   </div>
   <div class='ocr_carea' id='block_1_15' title="bbox 427 1440 2005 1519">
    <p class='ocr_par' dir='ltr' id='par_1_15' title="bbox 427 1440 2005 1519">
     <span class='ocr_line' id='line_1_15' title="bbox 427 1440 2005 1519; baseline -0.001 -17"><span class='ocrx_word' id='word_1_100' title='bbox 427 1465 536 1502; x_wconf 85' lang='grc' dir='ltr'><strong>των</strong></span> <span class='ocrx_word' id='word_1_101' title='bbox 604 1448 929 1519; x_wconf 79' lang='grc' dir='ltr'>ὑποστάσεις</span> <span class='ocrx_word' id='word_1_102' title='bbox 967 1447 1318 1518; x_wconf 76' lang='grc' dir='ltr'>ὀνομάζουσιν</span> <span class='ocrx_word' id='word_1_103' title='bbox 1398 1449 1448 1499; x_wconf 81' lang='grc' dir='ltr'>οἱ</span> <span class='ocrx_word' id='word_1_104' title='bbox 1513 1440 1846 1513; x_wconf 60' lang='grc' dir='ltr'>ἀνατολιὸιοὶ,</span> <span class='ocrx_word' id='word_1_105' title='bbox 1885 1446 2005 1517; x_wconf 76' lang='grc' dir='ltr'>οὑχὶ</span> 
     </span>
    </p>
   </div>
   <div class='ocr_carea' id='block_1_16' title="bbox 426 1539 2007 1613">
    <p class='ocr_par' dir='ltr' id='par_1_16' title="bbox 426 1539 2007 1613">
     <span class='ocr_line' id='line_1_16' title="bbox 426 1539 2007 1613; baseline -0.001 -19"><span class='ocrx_word' id='word_1_106' title='bbox 426 1539 527 1604; x_wconf 75' lang='grc' dir='ltr'>τὰς</span> <span class='ocrx_word' id='word_1_107' title='bbox 579 1543 727 1611; x_wconf 83' lang='grc' dir='ltr'>τρεῖς</span> <span class='ocrx_word' id='word_1_108' title='bbox 775 1539 1119 1606; x_wconf 82' lang='grc' dir='ltr'>ὑποστάσεις,</span> <span class='ocrx_word' id='word_1_109' title='bbox 1169 1543 1317 1613; x_wconf 83' lang='grc' dir='ltr'>τρεῖς</span> <span class='ocrx_word' id='word_1_110' title='bbox 1365 1540 1556 1611; x_wconf 83' lang='grc' dir='ltr'>ἀρχὰς,</span> <span class='ocrx_word' id='word_1_111' title='bbox 1606 1540 1817 1611; x_wconf 85' lang='grc' dir='ltr'>ῆτρεῖς</span> <span class='ocrx_word' id='word_1_112' title='bbox 1854 1541 2007 1605; x_wconf 85' lang='grc' dir='ltr'>θεοὺς</span> 
     </span>
    </p>
   </div>
   <div class='ocr_carea' id='block_1_17' title="bbox 428 1630 2007 1703">
    <p class='ocr_par' dir='ltr' id='par_1_17' title="bbox 428 1630 2007 1703">
     <span class='ocr_line' id='line_1_17' title="bbox 428 1630 2007 1703; baseline 0 -20"><span class='ocrx_word' id='word_1_113' title='bbox 428 1631 699 1701; x_wconf 87' lang='grc' dir='ltr'>λέγοντες.</span> <span class='ocrx_word' id='word_1_114' title='bbox 753 1630 1235 1702; x_wconf 76' lang='grc' dir='ltr'>Ἀναθεματίζουσι</span> <span class='ocrx_word' id='word_1_115' title='bbox 1289 1631 1429 1703; x_wconf 85' lang='grc' dir='ltr'>γάρ,</span> <span class='ocrx_word' id='word_1_116' title='bbox 1480 1632 1531 1685; x_wconf 72' lang='grc' dir='ltr'><strong>εί</strong></span> <span class='ocrx_word' id='word_1_117' title='bbox 1564 1649 1646 1695; x_wconf 89' lang='grc' dir='ltr'><strong>τις</strong></span> <span class='ocrx_word' id='word_1_118' title='bbox 1680 1632 1827 1700; x_wconf 81' lang='grc' dir='ltr'>λέγει</span> <span class='ocrx_word' id='word_1_119' title='bbox 1858 1633 2007 1701; x_wconf 85' lang='grc' dir='ltr'>τρεῖς</span> 
     </span>
    </p>
   </div>
   <div class='ocr_carea' id='block_1_18' title="bbox 429 1722 2009 1794">
    <p class='ocr_par' dir='ltr' id='par_1_18' title="bbox 429 1722 2009 1794">
     <span class='ocr_line' id='line_1_18' title="bbox 429 1722 2009 1794; baseline 0 -19"><span class='ocrx_word' id='word_1_120' title='bbox 429 1722 604 1786; x_wconf 83' lang='grc' dir='ltr'>Θεοὺς.</span> <span class='ocrx_word' id='word_1_121' title='bbox 654 1722 792 1793; x_wconf 80' lang='grc' dir='ltr'>Ἀλλ’</span> <span class='ocrx_word' id='word_1_122' title='bbox 819 1723 939 1775; x_wconf 75' lang='grc' dir='ltr'>οὑδὲ</span> <span class='ocrx_word' id='word_1_123' title='bbox 982 1723 1204 1794; x_wconf 82' lang='grc' dir='ltr'>Πατέρα</span> <span class='ocrx_word' id='word_1_124' title='bbox 1248 1723 1339 1777; x_wconf 80' lang='grc' dir='ltr'><strong>καὶ</strong></span> <span class='ocrx_word' id='word_1_125' title='bbox 1371 1723 1495 1776; x_wconf 78' lang='grc' dir='ltr'>Υίὸν</span> <span class='ocrx_word' id='word_1_126' title='bbox 1529 1722 1619 1775; x_wconf 80' lang='grc' dir='ltr'>δύο</span> <span class='ocrx_word' id='word_1_127' title='bbox 1643 1723 1798 1786; x_wconf 84' lang='grc' dir='ltr'>θεοὺς</span> <span class='ocrx_word' id='word_1_128' title='bbox 1825 1723 2009 1791; x_wconf 85' lang='grc' dir='ltr'>λέγου-</span> 
     </span>
    </p>
   </div>
   <div class='ocr_carea' id='block_1_19' title="bbox 434 1810 2009 1886">
    <p class='ocr_par' dir='ltr' id='par_1_19' title="bbox 434 1810 2009 1886">
     <span class='ocr_line' id='line_1_19' title="bbox 434 1810 2009 1886; baseline 0.001 -19"><span class='ocrx_word' id='word_1_129' title='bbox 434 1831 539 1870; x_wconf 90' lang='grc' dir='ltr'>σιν.</span> <span class='ocrx_word' id='word_1_130' title='bbox 590 1814 937 1885; x_wconf 86' lang='grc' dir='ltr'>Ὁμολογοῦσι</span> <span class='ocrx_word' id='word_1_131' title='bbox 986 1815 1094 1885; x_wconf 81' lang='grc' dir='ltr'><strong>γάρ</strong></span> <span class='ocrx_word' id='word_1_132' title='bbox 1140 1815 1266 1885; x_wconf 88' lang='grc' dir='ltr'>μίαν</span> <span class='ocrx_word' id='word_1_133' title='bbox 1309 1810 1446 1869; x_wconf 82' lang='grc' dir='ltr'>εῖναι</span> <span class='ocrx_word' id='word_1_134' title='bbox 1472 1814 1719 1885; x_wconf 86' lang='grc' dir='ltr'>θεότητα,</span> <span class='ocrx_word' id='word_1_135' title='bbox 1780 1816 2009 1886; x_wconf 80' lang='grc' dir='ltr'>ἐμπερι-</span> 
     </span>
    </p>
   </div>
   <div class='ocr_carea' id='block_1_20' title="bbox 2105 626 3672 699">
    <p class='ocr_par' dir='ltr' id='par_1_20' title="bbox 2105 626 3672 699">
     <span class='ocr_line' id='line_1_20' title="bbox 2105 626 3672 699; baseline -0.002 -17"><span class='ocrx_word' id='word_1_136' title='bbox 2105 629 2211 684; x_wconf 89' lang='lat' dir='ltr'><strong>etsi</strong></span> <span class='ocrx_word' id='word_1_137' title='bbox 2256 628 2482 698; x_wconf 78' lang='lat' dir='ltr'><strong>spiritus</strong></span> <span class='ocrx_word' id='word_1_138' title='bbox 2522 626 2681 682; x_wconf 89' lang='lat' dir='ltr'><strong>Pater</strong></span> <span class='ocrx_word' id='word_1_139' title='bbox 2712 634 2817 692; x_wconf 87' lang='lat' dir='ltr'><strong>est,</strong></span> <span class='ocrx_word' id='word_1_140' title='bbox 2859 633 2913 683; x_wconf 85' lang='lat' dir='ltr'><strong>et</strong></span> <span class='ocrx_word' id='word_1_141' title='bbox 2945 626 3117 684; x_wconf 88' lang='lat' dir='ltr'><strong>Filius</strong></span> <span class='ocrx_word' id='word_1_142' title='bbox 3164 628 3417 699; x_wconf 72' lang='lat' dir='ltr'><strong>spiritus,</strong></span> <span class='ocrx_word' id='word_1_143' title='bbox 3445 637 3500 683; x_wconf 86' lang='lat' dir='ltr'><strong>et</strong></span> <span class='ocrx_word' id='word_1_144' title='bbox 3546 627 3672 697; x_wconf 85' lang='lat' dir='ltr'><strong>Spi-</strong></span> 
     </span>
    </p>
   </div>
   <div class='ocr_carea' id='block_1_21' title="bbox 2106 718 3674 793">
    <p class='ocr_par' dir='ltr' id='par_1_21' title="bbox 2106 718 3674 793">
     <span class='ocr_line' id='line_1_21' title="bbox 2106 718 3674 793; baseline 0.001 -21"><span class='ocrx_word' id='word_1_145' title='bbox 2106 720 2246 775; x_wconf 91' lang='lat' dir='ltr'><strong>ritus</strong></span> <span class='ocrx_word' id='word_1_146' title='bbox 2278 728 2501 793; x_wconf 75' lang='lat' dir='ltr'><strong>sanctus</strong></span> <span class='ocrx_word' id='word_1_147' title='bbox 2535 720 2649 791; x_wconf 88' lang='lat' dir='ltr'><strong>ipse</strong></span> <span class='ocrx_word' id='word_1_148' title='bbox 2678 718 2926 789; x_wconf 79' lang='lat' dir='ltr'><strong>spiritus,</strong></span> <span class='ocrx_word' id='word_1_149' title='bbox 2955 735 3062 773; x_wconf 92' lang='lat' dir='ltr'><strong>non</strong></span> <span class='ocrx_word' id='word_1_150' title='bbox 3094 728 3273 775; x_wconf 87' lang='lat' dir='ltr'><strong>tamen</strong></span> <span class='ocrx_word' id='word_1_151' title='bbox 3301 718 3513 773; x_wconf 83' lang='lat' dir='ltr'><strong>Patrem</strong></span> <span class='ocrx_word' id='word_1_152' title='bbox 3550 732 3674 773; x_wconf 80' lang='lat' dir='ltr'><strong>esse</strong></span> 
     </span>
    </p>
   </div>
   <div class='ocr_carea' id='block_1_22' title="bbox 2106 809 3675 881">
    <p class='ocr_par' dir='ltr' id='par_1_22' title="bbox 2106 809 3675 881">
     <span class='ocr_line' id='line_1_22' title="bbox 2106 809 3675 881; baseline -0.001 -18"><span class='ocrx_word' id='word_1_153' title='bbox 2106 809 2303 867; x_wconf 88' lang='lat' dir='ltr'><strong>Filium</strong></span> <span class='ocrx_word' id='word_1_154' title='bbox 2350 811 2690 881; x_wconf 82' lang='lat' dir='ltr'><strong>concipimus</strong></span> <span class='ocrx_word' id='word_1_155' title='bbox 2736 811 2938 865; x_wconf 89' lang='lat' dir='ltr'><strong>animo.</strong></span> <span class='ocrx_word' id='word_1_156' title='bbox 2976 810 3119 877; x_wconf 87' lang='lat' dir='ltr'><strong>Quin</strong></span> <span class='ocrx_word' id='word_1_157' title='bbox 3173 819 3226 866; x_wconf 90' lang='lat' dir='ltr'><strong>et</strong></span> <span class='ocrx_word' id='word_1_158' title='bbox 3275 809 3514 880; x_wconf 85' lang='lat' dir='ltr'><strong>Spiritus</strong></span> <span class='ocrx_word' id='word_1_159' title='bbox 3558 809 3675 878; x_wconf 85' lang='lat' dir='ltr'><strong>ipse</strong></span> 
     </span>
    </p>
   </div>
   <div class='ocr_carea' id='block_1_23' title="bbox 2108 901 3675 975">
    <p class='ocr_par' dir='ltr' id='par_1_23' title="bbox 2108 901 3675 975">
     <span class='ocr_line' id='line_1_23' title="bbox 2108 901 3675 975; baseline -0.004 -16"><span class='ocrx_word' id='word_1_160' title='bbox 2108 904 2383 969; x_wconf 84' lang='lat' dir='ltr'><strong>subsistit,</strong></span> <span class='ocrx_word' id='word_1_161' title='bbox 2415 904 2509 975; x_wconf 88' lang='lat' dir='ltr'><strong>qui</strong></span> <span class='ocrx_word' id='word_1_162' title='bbox 2538 918 2881 974; x_wconf 87' lang='lat' dir='ltr'><strong>nequaquam</strong></span> <span class='ocrx_word' id='word_1_163' title='bbox 2912 903 3083 962; x_wconf 81' lang='lat' dir='ltr'><strong>Filius</strong></span> <span class='ocrx_word' id='word_1_164' title='bbox 3115 903 3455 973; x_wconf 80' lang='lat' dir='ltr'><strong>intelligitur,</strong></span> <span class='ocrx_word' id='word_1_165' title='bbox 3488 901 3675 968; x_wconf 82' lang='lat' dir='ltr'><strong>cujus-</strong></span> 
     </span>
    </p>
   </div>
   <div class='ocr_carea' id='block_1_24' title="bbox 2108 994 3677 1066">
    <p class='ocr_par' dir='ltr' id='par_1_24' title="bbox 2108 994 3677 1066">
     <span class='ocr_line' id='line_1_24' title="bbox 2108 994 3677 1066; baseline -0.002 -17"><span class='ocrx_word' id='word_1_166' title='bbox 2108 995 2254 1050; x_wconf 93' lang='lat' dir='ltr'><strong>modi</strong></span> <span class='ocrx_word' id='word_1_167' title='bbox 2300 1011 2412 1050; x_wconf 90' lang='lat' dir='ltr'><strong>non</strong></span> <span class='ocrx_word' id='word_1_168' title='bbox 2460 1003 2564 1061; x_wconf 87' lang='lat' dir='ltr'><strong>est,</strong></span> <span class='ocrx_word' id='word_1_169' title='bbox 2615 994 2711 1050; x_wconf 92' lang='lat' dir='ltr'><strong>sed</strong></span> <span class='ocrx_word' id='word_1_170' title='bbox 2751 1011 2846 1066; x_wconf 90' lang='lat' dir='ltr'><strong>per</strong></span> <span class='ocrx_word' id='word_1_171' title='bbox 2884 995 3126 1066; x_wconf 87' lang='lat' dir='ltr'><strong>seipsum</strong></span> <span class='ocrx_word' id='word_1_172' title='bbox 3170 994 3406 1065; x_wconf 85' lang='lat' dir='ltr'><strong>Spiritus</strong></span> <span class='ocrx_word' id='word_1_173' title='bbox 3453 1000 3677 1049; x_wconf 84' lang='lat' dir='ltr'><strong>sanctus</strong></span> 
     </span>
    </p>
   </div>
   <div class='ocr_carea' id='block_1_25' title="bbox 2110 1081 3678 1157">
    <p class='ocr_par' dir='ltr' id='par_1_25' title="bbox 2110 1081 3678 1157">
     <span class='ocr_line' id='line_1_25' title="bbox 2110 1081 3678 1157; baseline -0.003 -21"><span class='ocrx_word' id='word_1_174' title='bbox 2110 1083 2200 1157; x_wconf 85' lang='lat' dir='ltr'><strong>ille</strong></span> <span class='ocrx_word' id='word_1_175' title='bbox 2249 1084 2520 1139; x_wconf 86' lang='lat' dir='ltr'><strong>subsistit.</strong></span> <span class='ocrx_word' id='word_1_176' title='bbox 2568 1081 2668 1139; x_wconf 85' lang='lat' dir='ltr'><strong>Hic</strong></span> <span class='ocrx_word' id='word_1_177' title='bbox 2706 1083 2853 1139; x_wconf 89' lang='lat' dir='ltr'><strong>enim</strong></span> <span class='ocrx_word' id='word_1_178' title='bbox 2900 1098 3082 1152; x_wconf 90' lang='lat' dir='ltr'><strong>neque</strong></span> <span class='ocrx_word' id='word_1_179' title='bbox 3131 1081 3291 1137; x_wconf 88' lang='lat' dir='ltr'><strong>Pater</strong></span> <span class='ocrx_word' id='word_1_180' title='bbox 3343 1089 3448 1147; x_wconf 90' lang='lat' dir='ltr'><strong>est,</strong></span> <span class='ocrx_word' id='word_1_181' title='bbox 3500 1093 3678 1149; x_wconf 84' lang='lat' dir='ltr'><strong>neque</strong></span> 
     </span>
    </p>
   </div>
   <div class='ocr_carea' id='block_1_26' title="bbox 2110 1170 3677 1253">
    <p class='ocr_par' dir='ltr' id='par_1_26' title="bbox 2110 1170 3677 1253">
     <span class='ocr_line' id='line_1_26' title="bbox 2110 1170 3677 1253; baseline -0.004 -24"><span class='ocrx_word' id='word_1_182' title='bbox 2110 1174 2321 1240; x_wconf 89' lang='lat' dir='ltr'><strong>Filius,</strong></span> <span class='ocrx_word' id='word_1_183' title='bbox 2378 1175 2474 1231; x_wconf 88' lang='lat' dir='ltr'><strong>sed</strong></span> <span class='ocrx_word' id='word_1_184' title='bbox 2533 1173 2785 1244; x_wconf 76' lang='lat' dir='ltr'><strong>Spiritus.</strong></span> <span class='ocrx_word' id='word_1_185' title='bbox 2823 1182 3067 1253; x_wconf 86' lang='lat' dir='ltr'><strong>sanctus,</strong></span> <span class='ocrx_word' id='word_1_186' title='bbox 3120 1188 3281 1241; x_wconf 88' lang='lat' dir='ltr'><strong>quem</strong></span> <span class='ocrx_word' id='word_1_187' title='bbox 3329 1187 3425 1242; x_wconf 85' lang='lat' dir='ltr'><strong>per</strong></span> <span class='ocrx_word' id='word_1_188' title='bbox 3480 1170 3677 1225; x_wconf 88' lang='lat' dir='ltr'><strong>Filium</strong></span> 
     </span>
    </p>
   </div>
   <div class='ocr_carea' id='block_1_27' title="bbox 2111 1264 3683 1343">
    <p class='ocr_par' dir='ltr' id='par_1_27' title="bbox 2111 1264 3683 1343">
     <span class='ocr_line' id='line_1_27' title="bbox 2111 1264 3683 1343; baseline -0.001 -22"><span class='ocrx_word' id='word_1_189' title='bbox 2111 1267 2271 1324; x_wconf 87' lang='lat' dir='ltr'><strong>Pater</strong></span> <span class='ocrx_word' id='word_1_190' title='bbox 2302 1266 2552 1325; x_wconf 91' lang='lat' dir='ltr'><strong>ﬁdelibus</strong></span> <span class='ocrx_word' id='word_1_191' title='bbox 2581 1267 2830 1343; x_wconf 84' lang='lat' dir='ltr'><strong>largitur.</strong></span> <span class='ocrx_word' id='word_1_192' title='bbox 2877 1266 3057 1334; x_wconf 82' lang='lat' dir='ltr'><strong>Quare</strong></span> <span class='ocrx_word' id='word_1_193' title='bbox 3101 1265 3296 1322; x_wconf 88' lang='lat' dir='ltr'><strong>merito</strong></span> <span class='ocrx_word' id='word_1_194' title='bbox 3331 1264 3683 1341; x_wconf 82' lang='lat' dir='ltr'><strong>subsistentis</strong></span> 
     </span>
    </p>
   </div>
   <div class='ocr_carea' id='block_1_28' title="bbox 2111 1355 3684 1430">
    <p class='ocr_par' dir='ltr' id='par_1_28' title="bbox 2111 1355 3684 1430">
     <span class='ocr_line' id='line_1_28' title="bbox 2111 1355 3684 1430; baseline -0.003 -15"><span class='ocrx_word' id='word_1_195' title='bbox 2111 1360 2536 1430; x_wconf 84' lang='lat' dir='ltr'><strong>exsistentisque</strong></span> <span class='ocrx_word' id='word_1_196' title='bbox 2580 1357 2780 1424; x_wconf 88' lang='lat' dir='ltr'><strong>Patris,</strong></span> <span class='ocrx_word' id='word_1_197' title='bbox 2816 1374 2881 1412; x_wconf 87' lang='lat' dir='ltr'><strong>ac</strong></span> <span class='ocrx_word' id='word_1_198' title='bbox 2927 1357 3087 1423; x_wconf 86' lang='lat' dir='ltr'><strong>Filii,</strong></span> <span class='ocrx_word' id='word_1_199' title='bbox 3128 1364 3182 1413; x_wconf 92' lang='lat' dir='ltr'><strong>et</strong></span> <span class='ocrx_word' id='word_1_200' title='bbox 3216 1355 3456 1427; x_wconf 89' lang='lat' dir='ltr'><strong>Spiritus</strong></span> <span class='ocrx_word' id='word_1_201' title='bbox 3502 1355 3684 1411; x_wconf 88' lang='lat' dir='ltr'><strong>sancti</strong></span> 
     </span>
    </p>
   </div>
   <div class='ocr_carea' id='block_1_29' title="bbox 2112 1448 3684 1529">
    <p class='ocr_par' dir='ltr' id='par_1_29' title="bbox 2112 1448 3684 1529">
     <span class='ocr_line' id='line_1_29' title="bbox 2112 1448 3684 1529; baseline -0.004 -23"><span class='ocrx_word' id='word_1_202' title='bbox 2112 1451 2502 1529; x_wconf 77' lang='lat' dir='ltr'><strong>proprietates,</strong></span> <span class='ocrx_word' id='word_1_203' title='bbox 2538 1457 2599 1507; x_wconf 89' lang='lat' dir='ltr'><strong>ut</strong></span> <span class='ocrx_word' id='word_1_204' title='bbox 2649 1449 2917 1515; x_wconf 81' lang='lat' dir='ltr'><strong>diximus,</strong></span> <span class='ocrx_word' id='word_1_205' title='bbox 2964 1448 3385 1505; x_wconf 85' lang='lat' dir='ltr'><strong>subsistentium</strong></span> <span class='ocrx_word' id='word_1_206' title='bbox 3422 1462 3684 1521; x_wconf 83' lang='lat' dir='ltr'><strong>persona-</strong></span> 
     </span>
    </p>
   </div>
   <div class='ocr_carea' id='block_1_30' title="bbox 2114 1539 3686 1615">
    <p class='ocr_par' dir='ltr' id='par_1_30' title="bbox 2114 1539 3686 1615">
     <span class='ocr_line' id='line_1_30' title="bbox 2114 1539 3686 1615; baseline -0.005 -15"><span class='ocrx_word' id='word_1_207' title='bbox 2114 1560 2236 1600; x_wconf 83' lang='lat' dir='ltr'><strong>rum</strong></span> <span class='ocrx_word' id='word_1_208' title='bbox 2275 1544 2601 1615; x_wconf 86' lang='lat' dir='ltr'><strong>bypostases</strong></span> <span class='ocrx_word' id='word_1_209' title='bbox 2632 1539 2938 1597; x_wconf 87' lang='lat' dir='ltr'><strong>Orientales</strong></span> <span class='ocrx_word' id='word_1_210' title='bbox 2982 1539 3289 1603; x_wconf 89' lang='lat' dir='ltr'><strong>nominant,</strong></span> <span class='ocrx_word' id='word_1_211' title='bbox 3324 1554 3432 1593; x_wconf 92' lang='lat' dir='ltr'><strong>non</strong></span> <span class='ocrx_word' id='word_1_212' title='bbox 3478 1546 3538 1593; x_wconf 92' lang='lat' dir='ltr'><strong>ut</strong></span> <span class='ocrx_word' id='word_1_213' title='bbox 3569 1547 3686 1593; x_wconf 85' lang='lat' dir='ltr'><strong>tres</strong></span> 
     </span>
    </p>
   </div>
   <div class='ocr_carea' id='block_1_31' title="bbox 2117 1632 3686 1707">
    <p class='ocr_par' dir='ltr' id='par_1_31' title="bbox 2117 1632 3686 1707">
     <span class='ocr_line' id='line_1_31' title="bbox 2117 1632 3686 1707; baseline -0.003 -18"><span class='ocrx_word' id='word_1_214' title='bbox 2117 1636 2238 1690; x_wconf 86' lang='lat' dir='ltr'><strong>illas</strong></span> <span class='ocrx_word' id='word_1_215' title='bbox 2290 1636 2617 1707; x_wconf 82' lang='lat' dir='ltr'><strong>hypostases</strong></span> <span class='ocrx_word' id='word_1_216' title='bbox 2651 1633 2758 1686; x_wconf 89' lang='lat' dir='ltr'><strong>tria</strong></span> <span class='ocrx_word' id='word_1_217' title='bbox 2805 1633 3097 1704; x_wconf 88' lang='lat' dir='ltr'><strong>principia,</strong></span> <span class='ocrx_word' id='word_1_218' title='bbox 3147 1641 3331 1688; x_wconf 87' lang='lat' dir='ltr'><strong>tresve</strong></span> <span class='ocrx_word' id='word_1_219' title='bbox 3377 1632 3509 1687; x_wconf 88' lang='lat' dir='ltr'><strong>deos</strong></span> <span class='ocrx_word' id='word_1_220' title='bbox 3563 1646 3686 1687; x_wconf 84' lang='lat' dir='ltr'><strong>esse</strong></span> 
     </span>
    </p>
   </div>
   <div class='ocr_carea' id='block_1_32' title="bbox 2117 1725 3687 1797">
    <p class='ocr_par' dir='ltr' id='par_1_32' title="bbox 2117 1725 3687 1797">
     <span class='ocr_line' id='line_1_32' title="bbox 2117 1725 3687 1797; baseline -0.003 -14"><span class='ocrx_word' id='word_1_221' title='bbox 2117 1729 2325 1784; x_wconf 84' lang='lat' dir='ltr'><strong>dicant.</strong></span> <span class='ocrx_word' id='word_1_222' title='bbox 2380 1726 2516 1781; x_wconf 78' lang='lat' dir='ltr'><strong>Nam</strong></span> <span class='ocrx_word' id='word_1_223' title='bbox 2568 1740 2662 1782; x_wconf 92' lang='lat' dir='ltr'><strong>eos</strong></span> <span class='ocrx_word' id='word_1_224' title='bbox 2696 1726 3043 1783; x_wconf 80' lang='lat' dir='ltr'><strong>anathemate</strong></span> <span class='ocrx_word' id='word_1_225' title='bbox 3095 1725 3388 1789; x_wconf 88' lang='lat' dir='ltr'><strong>damnant,</strong></span> <span class='ocrx_word' id='word_1_226' title='bbox 3421 1726 3515 1797; x_wconf 89' lang='lat' dir='ltr'><strong>qui</strong></span> <span class='ocrx_word' id='word_1_227' title='bbox 3577 1735 3687 1780; x_wconf 83' lang='lat' dir='ltr'><strong>tres</strong></span> 
     </span>
    </p>
   </div>
   <div class='ocr_carea' id='block_1_33' title="bbox 2118 1816 3689 1889">
    <p class='ocr_par' dir='ltr' id='par_1_33' title="bbox 2118 1816 3689 1889">
     <span class='ocr_line' id='line_1_33' title="bbox 2118 1816 3689 1889; baseline -0.002 -15"><span class='ocrx_word' id='word_1_228' title='bbox 2118 1820 2249 1875; x_wconf 91' lang='lat' dir='ltr'><strong>deos</strong></span> <span class='ocrx_word' id='word_1_229' title='bbox 2275 1824 2550 1876; x_wconf 89' lang='lat' dir='ltr'><strong>asserunt.</strong></span> <span class='ocrx_word' id='word_1_230' title='bbox 2581 1816 2771 1889; x_wconf 83' lang='lat' dir='ltr'><strong>Neque</strong></span> <span class='ocrx_word' id='word_1_231' title='bbox 2800 1833 2929 1874; x_wconf 88' lang='lat' dir='ltr'><strong>vero</strong></span> <span class='ocrx_word' id='word_1_232' title='bbox 2962 1816 3177 1873; x_wconf 91' lang='lat' dir='ltr'><strong>Patrem</strong></span> <span class='ocrx_word' id='word_1_233' title='bbox 3222 1825 3277 1874; x_wconf 92' lang='lat' dir='ltr'><strong>et</strong></span> <span class='ocrx_word' id='word_1_234' title='bbox 3321 1816 3515 1873; x_wconf 83' lang='lat' dir='ltr'><strong>Filium</strong></span> <span class='ocrx_word' id='word_1_235' title='bbox 3548 1816 3689 1873; x_wconf 89' lang='lat' dir='ltr'><strong>duos</strong></span> 
     </span>
    </p>
   </div>
   <div class='ocr_carea' id='block_1_34' title="bbox 432 1896 2019 1977">
    <p class='ocr_par' dir='ltr' id='par_1_34' title="bbox 432 1904 2014 1977">
     <span class='ocr_line' id='line_1_34' title="bbox 432 1904 2014 1977; baseline -0.001 -19"><span class='ocrx_word' id='word_1_236' title='bbox 432 1906 664 1975; x_wconf 87' lang='grc' dir='ltr'>έχουσαν</span> <span class='ocrx_word' id='word_1_237' title='bbox 717 1906 784 1959; x_wconf 86' lang='grc' dir='ltr'><strong>δι’</strong></span> <span class='ocrx_word' id='word_1_238' title='bbox 816 1906 947 1959; x_wconf 81' lang='grc' dir='ltr'>Υίοῦ</span> <span class='ocrx_word' id='word_1_239' title='bbox 974 1907 1033 1957; x_wconf 84' lang='grc' dir='ltr'>ὲν</span> <span class='ocrx_word' id='word_1_240' title='bbox 1076 1904 1354 1977; x_wconf 82' lang='grc' dir='ltr'>Πνεὺματι</span> <span class='ocrx_word' id='word_1_241' title='bbox 1391 1905 1531 1976; x_wconf 83' lang='grc' dir='ltr'>ἁγίῳ</span> <span class='ocrx_word' id='word_1_242' title='bbox 1555 1906 1623 1959; x_wconf 85' lang='grc' dir='ltr'>τὰ</span> <span class='ocrx_word' id='word_1_243' title='bbox 1652 1906 1850 1968; x_wconf 86' lang='grc' dir='ltr'>πάντα,</span> <span class='ocrx_word' id='word_1_244' title='bbox 1886 1906 2014 1975; x_wconf 88' lang='grc' dir='ltr'>ὁμο-</span> 
     </span>
    </p>
   </div>
   <div class='ocr_carea' id='block_1_35' title="bbox 2123 1896 3691 1977">
    <p class='ocr_par' dir='ltr' id='par_1_35' title="bbox 2123 1896 3691 1977">
     <span class='ocr_line' id='line_1_35' title="bbox 2123 1896 3691 1977; baseline -0.003 -10"><span class='ocrx_word' id='word_1_245' title='bbox 2123 1928 2243 1967; x_wconf 89' lang='lat' dir='ltr'><strong>esse</strong></span> <span class='ocrx_word' id='word_1_246' title='bbox 2277 1910 2410 1966; x_wconf 86' lang='lat' dir='ltr'><strong>deos</strong></span> <span class='ocrx_word' id='word_1_247' title='bbox 2452 1911 2661 1966; x_wconf 89' lang='lat' dir='ltr'><strong>dicunt.</strong></span> <span class='ocrx_word' id='word_1_248' title='bbox 2706 1908 2821 1965; x_wconf 86' lang='lat' dir='ltr'><strong>Hoc</strong></span> <span class='ocrx_word' id='word_1_249' title='bbox 2858 1908 3002 1965; x_wconf 91' lang='lat' dir='ltr'><strong>enim</strong></span> <span class='ocrx_word' id='word_1_250' title='bbox 3053 1896 3335 1964; x_wconf 80' lang='lat' dir='ltr'><strong>fatentur:</strong></span> <span class='ocrx_word' id='word_1_251' title='bbox 3377 1924 3541 1977; x_wconf 86' lang='lat' dir='ltr'><strong>unam</strong></span> <span class='ocrx_word' id='word_1_252' title='bbox 3570 1923 3691 1964; x_wconf 89' lang='lat' dir='ltr'><strong>esse</strong></span> 
     </span>
    </p>
   </div>
   <div class='ocr_carea' id='block_1_36' title="bbox 430 1974 2019 2072">
    <p class='ocr_par' dir='ltr' id='par_1_36' title="bbox 430 1974 2013 2070">
     <span class='ocr_line' id='line_1_36' title="bbox 430 1974 2013 2070; baseline 0 -22"><span class='ocrx_word' id='word_1_253' title='bbox 430 1974 650 2066; x_wconf 72' lang='grc' dir='ltr'>λογοῦσι</span> <span class='ocrx_word' id='word_1_254' title='bbox 681 1997 811 2067; x_wconf 91' lang='grc' dir='ltr'>μίαν</span> <span class='ocrx_word' id='word_1_255' title='bbox 838 1997 1088 2069; x_wconf 85' lang='grc' dir='ltr'>θεότητα,</span> <span class='ocrx_word' id='word_1_256' title='bbox 1127 1974 1236 2050; x_wconf 19' lang='grc' dir='ltr'><strong>καὶ*</strong></span> <span class='ocrx_word' id='word_1_257' title='bbox 1264 1996 1391 2070; x_wconf 89' lang='grc' dir='ltr'>μίαν</span> <span class='ocrx_word' id='word_1_258' title='bbox 1433 1974 1727 2067; x_wconf 80' lang='grc' dir='ltr'>βασιλείαν,</span> <span class='ocrx_word' id='word_1_259' title='bbox 1757 1997 1849 2049; x_wconf 74' lang='grc' dir='ltr'><strong>καὶ</strong></span> <span class='ocrx_word' id='word_1_260' title='bbox 1883 1974 2013 2067; x_wconf 82' lang='grc' dir='ltr'>μίαν</span> 
     </span>
    </p>
   </div>
   <div class='ocr_carea' id='block_1_37' title="bbox 2123 1974 3689 2072">
    <p class='ocr_par' dir='ltr' id='par_1_37' title="bbox 2123 1974 3689 2072">
     <span class='ocr_line' id='line_1_37' title="bbox 2123 1974 3689 2072; baseline -0.003 -15"><span class='ocrx_word' id='word_1_261' title='bbox 2123 2003 2477 2067; x_wconf 79' lang='lat' dir='ltr'><strong>divinitatem,</strong></span> <span class='ocrx_word' id='word_1_262' title='bbox 2508 2017 2629 2072; x_wconf 69' lang='lat' dir='ltr'><strong>qua:</strong></span> <span class='ocrx_word' id='word_1_263' title='bbox 2658 2016 2755 2071; x_wconf 83' lang='lat' dir='ltr'><strong>per</strong></span> <span class='ocrx_word' id='word_1_264' title='bbox 2779 1999 2978 2054; x_wconf 87' lang='lat' dir='ltr'><strong>Filium</strong></span> <span class='ocrx_word' id='word_1_265' title='bbox 3013 2002 3069 2055; x_wconf 91' lang='lat' dir='ltr'><strong>in</strong></span> <span class='ocrx_word' id='word_1_266' title='bbox 3095 2000 3302 2072; x_wconf 89' lang='lat' dir='ltr'><strong>Spiritu</strong></span> <span class='ocrx_word' id='word_1_267' title='bbox 3333 1974 3526 2055; x_wconf 74' lang='lat' dir='ltr'><strong>sancto</strong></span> <span class='ocrx_word' id='word_1_268' title='bbox 3553 2014 3689 2053; x_wconf 67' lang='lat' dir='ltr'><strong>con-</strong></span> 
     </span>
    </p>
   </div>
   <div class='ocr_carea' id='block_1_38' title="bbox 432 2085 2014 2161">
    <p class='ocr_par' dir='ltr' id='par_1_38' title="bbox 432 2085 2014 2161">
     <span class='ocr_line' id='line_1_38' title="bbox 432 2085 2014 2161; baseline -0.001 -22"><span class='ocrx_word' id='word_1_269' title='bbox 432 2087 637 2161; x_wconf 52' lang='grc' dir='ltr'>ἀρχήν,</span> <span class='ocrx_word' id='word_1_270' title='bbox 665 2085 857 2155; x_wconf 85' lang='grc' dir='ltr'>Ὅμως</span> <span class='ocrx_word' id='word_1_271' title='bbox 887 2085 956 2139; x_wconf 84' lang='grc' dir='ltr'>τὰ</span> <span class='ocrx_word' id='word_1_272' title='bbox 981 2086 1243 2159; x_wconf 84' lang='grc' dir='ltr'>πρόσωπα</span> <span class='ocrx_word' id='word_1_273' title='bbox 1269 2089 1326 2140; x_wconf 81' lang='grc' dir='ltr'>ὲν</span> <span class='ocrx_word' id='word_1_274' title='bbox 1349 2088 1469 2149; x_wconf 86' lang='grc' dir='ltr'>ταῖς</span> <span class='ocrx_word' id='word_1_275' title='bbox 1500 2086 1721 2158; x_wconf 80' lang='grc' dir='ltr'>ἰδιότησι</span> <span class='ocrx_word' id='word_1_276' title='bbox 1753 2086 1860 2139; x_wconf 89' lang='grc' dir='ltr'><strong>τῶν</strong></span> <span class='ocrx_word' id='word_1_277' title='bbox 1882 2086 2014 2139; x_wconf 89' lang='grc' dir='ltr'>ὑπο-</span> 
     </span>
    </p>
   </div>
   <div class='ocr_carea' id='block_1_39' title="bbox 436 2176 2015 2249">
    <p class='ocr_par' dir='ltr' id='par_1_39' title="bbox 436 2176 2015 2249">
     <span class='ocr_line' id='line_1_39' title="bbox 436 2176 2015 2249; baseline 0.001 -19"><span class='ocrx_word' id='word_1_278' title='bbox 436 2178 678 2232; x_wconf 85' lang='grc' dir='ltr'>στάσεων</span> <span class='ocrx_word' id='word_1_279' title='bbox 710 2177 950 2249; x_wconf 79' lang='grc' dir='ltr'>εὑσεῦῶς</span> <span class='ocrx_word' id='word_1_280' title='bbox 976 2176 1322 2249; x_wconf 76' lang='grc' dir='ltr'>γνωρίζουσι,</span> <span class='ocrx_word' id='word_1_281' title='bbox 1349 2178 1441 2233; x_wconf 83' lang='grc' dir='ltr'>τὸν</span> <span class='ocrx_word' id='word_1_282' title='bbox 1472 2178 1690 2249; x_wconf 80' lang='grc' dir='ltr'>Πατέρα</span> <span class='ocrx_word' id='word_1_283' title='bbox 1718 2181 1775 2231; x_wconf 87' lang='grc' dir='ltr'>ὲν</span> <span class='ocrx_word' id='word_1_284' title='bbox 1803 2181 1868 2248; x_wconf 75' lang='grc' dir='ltr'><strong>τῇ</strong></span> <span class='ocrx_word' id='word_1_285' title='bbox 1911 2194 2015 2232; x_wconf 86' lang='grc' dir='ltr'>πα-</span> 
     </span>
    </p>
   </div>
   <div class='ocr_carea' id='block_1_40' title="bbox 434 2266 2011 2341">
    <p class='ocr_par' dir='ltr' id='par_1_40' title="bbox 434 2266 2011 2341">
     <span class='ocr_line' id='line_1_40' title="bbox 434 2266 2011 2341; baseline 0.001 -21"><span class='ocrx_word' id='word_1_286' title='bbox 434 2269 602 2341; x_wconf 74' lang='grc' dir='ltr'>τρικῇ</span> <span class='ocrx_word' id='word_1_287' title='bbox 631 2266 887 2339; x_wconf 82' lang='grc' dir='ltr'>αὑθεντίᾳ</span> <span class='ocrx_word' id='word_1_288' title='bbox 920 2267 1207 2337; x_wconf 82' lang='grc' dir='ltr'>ὑφεστῶτα</span> <span class='ocrx_word' id='word_1_289' title='bbox 1239 2268 1503 2334; x_wconf 85' lang='grc' dir='ltr'>νοοῦντες,</span> <span class='ocrx_word' id='word_1_290' title='bbox 1545 2269 1638 2322; x_wconf 82' lang='grc' dir='ltr'><strong>καὶ</strong></span> <span class='ocrx_word' id='word_1_291' title='bbox 1664 2269 1754 2322; x_wconf 85' lang='grc' dir='ltr'>τὸν</span> <span class='ocrx_word' id='word_1_292' title='bbox 1783 2268 1911 2321; x_wconf 81' lang='grc' dir='ltr'>Υίδν</span> <span class='ocrx_word' id='word_1_293' title='bbox 1952 2268 2011 2322; x_wconf 91' lang='grc' dir='ltr'><strong>οὑ</strong></span> 
     </span>
    </p>
   </div>
   <div class='ocr_carea' id='block_1_41' title="bbox 434 2358 2016 2433">
    <p class='ocr_par' dir='ltr' id='par_1_41' title="bbox 434 2358 2016 2433">
     <span class='ocr_line' id='line_1_41' title="bbox 434 2358 2016 2433; baseline 0 -21"><span class='ocrx_word' id='word_1_294' title='bbox 434 2360 604 2433; x_wconf 77' lang='grc' dir='ltr'>μέρος</span> <span class='ocrx_word' id='word_1_295' title='bbox 642 2359 770 2412; x_wconf 76' lang='grc' dir='ltr'>ὄντα</span> <span class='ocrx_word' id='word_1_296' title='bbox 802 2358 897 2411; x_wconf 91' lang='grc' dir='ltr'><strong>τοῦ</strong></span> <span class='ocrx_word' id='word_1_297' title='bbox 945 2359 1179 2431; x_wconf 81' lang='grc' dir='ltr'>Πατρὸς,</span> <span class='ocrx_word' id='word_1_298' title='bbox 1230 2359 1367 2413; x_wconf 86' lang='grc' dir='ltr'><strong>ἀλλά</strong></span> <span class='ocrx_word' id='word_1_299' title='bbox 1406 2360 1662 2432; x_wconf 74' lang='grc' dir='ltr'>καθαρῶς</span> <span class='ocrx_word' id='word_1_300' title='bbox 1705 2361 1770 2413; x_wconf 84' lang='grc' dir='ltr'><strong>ὲκ</strong></span> <span class='ocrx_word' id='word_1_301' title='bbox 1803 2358 2016 2432; x_wconf 82' lang='grc' dir='ltr'>Πατρὺς</span> 
     </span>
    </p>
   </div>
   <div class='ocr_carea' id='block_1_42' title="bbox 432 2450 2018 2523">
    <p class='ocr_par' dir='ltr' id='par_1_42' title="bbox 432 2450 2018 2523">
     <span class='ocr_line' id='line_1_42' title="bbox 432 2450 2018 2523; baseline -0.001 -19"><span class='ocrx_word' id='word_1_302' title='bbox 432 2451 638 2505; x_wconf 82' lang='grc' dir='ltr'>τέλειον</span> <span class='ocrx_word' id='word_1_303' title='bbox 674 2450 740 2503; x_wconf 84' lang='grc' dir='ltr'>ὲκ</span> <span class='ocrx_word' id='word_1_304' title='bbox 792 2451 999 2504; x_wconf 75' lang='grc' dir='ltr'>τελείου</span> <span class='ocrx_word' id='word_1_305' title='bbox 1024 2451 1419 2523; x_wconf 80' lang='grc' dir='ltr'>γεγεννημένον</span> <span class='ocrx_word' id='word_1_306' title='bbox 1446 2453 1539 2506; x_wconf 76' lang='grc' dir='ltr'><strong>καὶ</strong></span> <span class='ocrx_word' id='word_1_307' title='bbox 1563 2451 1848 2522; x_wconf 84' lang='grc' dir='ltr'>ὑφεστῶτα</span> <span class='ocrx_word' id='word_1_308' title='bbox 1888 2452 2018 2521; x_wconf 88' lang='grc' dir='ltr'>όμο-</span> 
     </span>
    </p>
   </div>
   <div class='ocr_carea' id='block_1_43' title="bbox 433 2530 2015 2615">
    <p class='ocr_par' dir='ltr' id='par_1_43' title="bbox 433 2530 2015 2615">
     <span class='ocr_line' id='line_1_43' title="bbox 433 2530 2015 2615; baseline 0.001 -19"><span class='ocrx_word' id='word_1_309' title='bbox 433 2544 745 2613; x_wconf 80' lang='grc' dir='ltr'>λογοῦντες,</span> <span class='ocrx_word' id='word_1_310' title='bbox 781 2543 875 2596; x_wconf 67' lang='grc' dir='ltr'><strong>καὶ</strong></span> <span class='ocrx_word' id='word_1_311' title='bbox 901 2543 963 2597; x_wconf 85' lang='grc' dir='ltr'>τὸ</span> <span class='ocrx_word' id='word_1_312' title='bbox 1002 2530 1309 2615; x_wconf 82' lang='grc' dir='ltr'>Πνεῦματὸ</span> <span class='ocrx_word' id='word_1_313' title='bbox 1338 2543 1511 2612; x_wconf 85' lang='grc' dir='ltr'>ἆγιον,</span> <span class='ocrx_word' id='word_1_314' title='bbox 1547 2543 1576 2597; x_wconf 83' lang='grc' dir='ltr'><strong>ὃ</strong></span> <span class='ocrx_word' id='word_1_315' title='bbox 1605 2546 1638 2615; x_wconf 84' lang='grc' dir='ltr'>ἡ</span> <span class='ocrx_word' id='word_1_316' title='bbox 1671 2542 1788 2596; x_wconf 86' lang='grc' dir='ltr'>Θεία</span> <span class='ocrx_word' id='word_1_317' title='bbox 1825 2542 2015 2614; x_wconf 78' lang='grc' dir='ltr'>Γραφὴ</span> 
     </span>
    </p>
   </div>
   <div class='ocr_carea' id='block_1_44' title="bbox 435 2634 2018 2708">
    <p class='ocr_par' dir='ltr' id='par_1_44' title="bbox 435 2634 2018 2708">
     <span class='ocr_line' id='line_1_44' title="bbox 435 2634 2018 2708; baseline -0.003 -18"><span class='ocrx_word' id='word_1_318' title='bbox 435 2636 795 2708; x_wconf 78' lang='grc' dir='ltr'>Παράκλητον</span> <span class='ocrx_word' id='word_1_319' title='bbox 816 2636 1091 2707; x_wconf 73' lang='grc' dir='ltr'>ὀνομάζει,</span> <span class='ocrx_word' id='word_1_320' title='bbox 1118 2637 1184 2689; x_wconf 88' lang='grc' dir='ltr'><strong>ὲκ</strong></span> <span class='ocrx_word' id='word_1_321' title='bbox 1228 2634 1439 2707; x_wconf 66' lang='grc' dir='ltr'>Πατρός</span> <span class='ocrx_word' id='word_1_322' title='bbox 1483 2636 1548 2689; x_wconf 74' lang='grc' dir='ltr'><strong>δι’</strong></span> <span class='ocrx_word' id='word_1_323' title='bbox 1576 2635 1706 2689; x_wconf 84' lang='grc' dir='ltr'>Υἱοῦ</span> <span class='ocrx_word' id='word_1_324' title='bbox 1735 2634 2018 2705; x_wconf 85' lang='grc' dir='ltr'>ὑφεστῶτα</span> 
     </span>
    </p>
   </div>
   <div class='ocr_carea' id='block_1_45' title="bbox 435 2713 2016 2805">
    <p class='ocr_par' dir='ltr' id='par_1_45' title="bbox 435 2713 2016 2805">
     <span class='ocr_line' id='line_1_45' title="bbox 435 2713 2016 2805; baseline -0.003 -22"><span class='ocrx_word' id='word_1_325' title='bbox 435 2730 811 2802; x_wconf 79' lang='grc' dir='ltr'>γνωρίζοντες.</span> <span class='ocrx_word' id='word_1_326' title='bbox 852 2729 940 2793; x_wconf 84' lang='grc' dir='ltr'>Ὦς</span> <span class='ocrx_word' id='word_1_327' title='bbox 971 2730 999 2782; x_wconf 94' lang='lat'><strong>6</strong></span> <span class='ocrx_word' id='word_1_328' title='bbox 1028 2713 1384 2800; x_wconf 61' lang='lat' dir='ltr'><strong>ﬂapditln&#39;co;</strong></span> <span class='ocrx_word' id='word_1_329' title='bbox 1411 2728 1471 2782; x_wconf 84' lang='grc' dir='ltr'>τὸ</span> <span class='ocrx_word' id='word_1_330' title='bbox 1504 2726 1718 2805; x_wconf 89' lang='grc' dir='ltr'>πνεῦμα</span> <span class='ocrx_word' id='word_1_331' title='bbox 1754 2727 1852 2797; x_wconf 82' lang='grc' dir='ltr'>τῆς</span> <span class='ocrx_word' id='word_1_332' title='bbox 1882 2726 2016 2797; x_wconf 83' lang='grc' dir='ltr'><strong>ἀλη-</strong></span> 
     </span>
    </p>
   </div>
   <div class='ocr_carea' id='block_1_46' title="bbox 437 2818 2014 2895">
    <p class='ocr_par' dir='ltr' id='par_1_46' title="bbox 437 2818 2014 2895">
     <span class='ocr_line' id='line_1_46' title="bbox 437 2818 2014 2895; baseline -0.002 -21"><span class='ocrx_word' id='word_1_333' title='bbox 437 2822 591 2885; x_wconf 84' lang='grc' dir='ltr'>θείας</span> <span class='ocrx_word' id='word_1_334' title='bbox 621 2822 864 2875; x_wconf 83' lang='grc' dir='ltr'>διδάσκει</span> <span class='ocrx_word' id='word_1_335' title='bbox 892 2821 1041 2892; x_wconf 80' lang='grc' dir='ltr'><strong>ήμᾶς</strong></span> <span class='ocrx_word' id='word_1_336' title='bbox 1062 2821 1162 2892; x_wconf 85' lang='grc' dir='ltr'>τὴν</span> <span class='ocrx_word' id='word_1_337' title='bbox 1183 2819 1460 2891; x_wconf 83' lang='grc' dir='ltr'>ἀλήθειαν,</span> <span class='ocrx_word' id='word_1_338' title='bbox 1482 2820 1609 2895; x_wconf 12' lang='grc' dir='ltr'>,ἥτις</span> <span class='ocrx_word' id='word_1_339' title='bbox 1629 2820 1773 2872; x_wconf 75' lang='grc' dir='ltr'>ἐστὶν</span> <span class='ocrx_word' id='word_1_340' title='bbox 1798 2819 1827 2871; x_wconf 87' lang='lat'><strong>6</strong></span> <span class='ocrx_word' id='word_1_341' title='bbox 1863 2818 2014 2882; x_wconf 84' lang='grc' dir='ltr'>Υίός·</span> 
     </span>
    </p>
   </div>
   <div class='ocr_carea' id='block_1_47' title="bbox 440 2908 2020 2982">
    <p class='ocr_par' dir='ltr' id='par_1_47' title="bbox 440 2908 2020 2982">
     <span class='ocr_line' id='line_1_47' title="bbox 440 2908 2020 2982; baseline -0.002 -18"><span class='ocrx_word' id='word_1_342' title='bbox 440 2911 653 2981; x_wconf 73' lang='grc' dir='ltr'>Οὐδεὶς</span> <span class='ocrx_word' id='word_1_343' title='bbox 682 2911 793 2982; x_wconf 84' lang='grc' dir='ltr'><strong>γὰρ</strong></span> <span class='ocrx_word' id='word_1_344' title='bbox 819 2911 1002 2980; x_wconf 74' lang='grc' dir='ltr'>λέγει,</span> <span class='ocrx_word' id='word_1_345' title='bbox 1030 2911 1244 2980; x_wconf 85' lang='grc' dir='ltr'>Κύριος</span> <span class='ocrx_word' id='word_1_346' title='bbox 1281 2910 1533 2980; x_wconf 87' lang='grc' dir='ltr'>Ἰησοῦς,</span> <span class='ocrx_word' id='word_1_347' title='bbox 1559 2910 1612 2962; x_wconf 77' lang='lat' dir='ltr'><strong>el</strong></span> <span class='ocrx_word' id='word_1_348' title='bbox 1633 2908 1719 2979; x_wconf 83' lang='grc' dir='ltr'>μὴ</span> <span class='ocrx_word' id='word_1_349' title='bbox 1747 2908 1817 2961; x_wconf 83' lang='grc' dir='ltr'><strong>ἐν</strong></span> <span class='ocrx_word' id='word_1_350' title='bbox 1834 2909 2020 2975; x_wconf 76' lang='grc' dir='ltr'>Πνεύ-</span> 
     </span>
    </p>
   </div>
   <div class='ocr_carea' id='block_1_48' title="bbox 436 2994 2021 3072">
    <p class='ocr_par' dir='ltr' id='par_1_48' title="bbox 436 2994 2021 3072">
     <span class='ocr_line' id='line_1_48' title="bbox 436 2994 2021 3072; baseline -0.002 -17"><span class='ocrx_word' id='word_1_351' title='bbox 436 3020 577 3072; x_wconf 83' lang='grc' dir='ltr'>ματι</span> <span class='ocrx_word' id='word_1_352' title='bbox 608 3004 774 3072; x_wconf 76' lang='grc' dir='ltr'>ἁγίῳ.</span> <span class='ocrx_word' id='word_1_353' title='bbox 821 3000 977 3055; x_wconf 82' lang='grc' dir='ltr'><strong>υὺτω</strong></span> <span class='ocrx_word' id='word_1_354' title='bbox 1010 3003 1104 3055; x_wconf 75' lang='grc' dir='ltr'><strong>καὶ</strong></span> <span class='ocrx_word' id='word_1_355' title='bbox 1145 3004 1173 3054; x_wconf 86' lang='lat'><strong>6</strong></span> <span class='ocrx_word' id='word_1_356' title='bbox 1214 3001 1363 3066; x_wconf 72' lang='grc' dir='ltr'>Υἱὸς,</span> <span class='ocrx_word' id='word_1_357' title='bbox 1393 3002 1451 3064; x_wconf 84' lang='grc' dir='ltr'>ὃς</span> <span class='ocrx_word' id='word_1_358' title='bbox 1482 3002 1626 3054; x_wconf 78' lang='grc' dir='ltr'>ἐστιν</span> <span class='ocrx_word' id='word_1_359' title='bbox 1657 2994 1911 3070; x_wconf 83' lang='grc' dir='ltr'>ἀλήθεια,</span> <span class='ocrx_word' id='word_1_360' title='bbox 1930 2998 2021 3052; x_wconf 81' lang='grc' dir='ltr'>τὸν</span> 
     </span>
    </p>
   </div>
   <div class='ocr_carea' id='block_1_49' title="bbox 438 3077 2020 3165">
    <p class='ocr_par' dir='ltr' id='par_1_49' title="bbox 438 3077 2020 3165">
     <span class='ocr_line' id='line_1_49' title="bbox 438 3077 2020 3165; baseline -0.005 -16"><span class='ocrx_word' id='word_1_361' title='bbox 438 3095 692 3165; x_wconf 75' lang='grc' dir='ltr'>ἀληθινὸν</span> <span class='ocrx_word' id='word_1_362' title='bbox 750 3094 904 3158; x_wconf 78' lang='grc' dir='ltr'>Θεὸν,</span> <span class='ocrx_word' id='word_1_363' title='bbox 964 3094 1057 3147; x_wconf 85' lang='grc' dir='ltr'>τὸν</span> <span class='ocrx_word' id='word_1_364' title='bbox 1108 3091 1302 3146; x_wconf 81' lang='grc' dir='ltr'>ἑαυτοῦ</span> <span class='ocrx_word' id='word_1_365' title='bbox 1354 3077 1574 3164; x_wconf 82' lang='grc' dir='ltr'>Πατέρα</span> <span class='ocrx_word' id='word_1_366' title='bbox 1610 3091 1756 3162; x_wconf 81' lang='grc' dir='ltr'>ἡμᾶς</span> <span class='ocrx_word' id='word_1_367' title='bbox 1784 3089 2020 3154; x_wconf 77' lang='grc' dir='ltr'>εὐσεϐῶς</span> 
     </span>
    </p>
   </div>
   <div class='ocr_carea' id='block_1_50' title="bbox 438 3181 2015 3255">
    <p class='ocr_par' dir='ltr' id='par_1_50' title="bbox 438 3181 2015 3255">
     <span class='ocr_line' id='line_1_50' title="bbox 438 3181 2015 3255; baseline -0.004 -14"><span class='ocrx_word' id='word_1_368' title='bbox 438 3188 639 3241; x_wconf 79' lang='grc' dir='ltr'>εἰδέναι</span> <span class='ocrx_word' id='word_1_369' title='bbox 702 3186 923 3252; x_wconf 84' lang='grc' dir='ltr'>διδάξει,</span> <span class='ocrx_word' id='word_1_370' title='bbox 974 3184 1154 3249; x_wconf 84' lang='grc' dir='ltr'>καθὼς</span> <span class='ocrx_word' id='word_1_371' title='bbox 1187 3185 1333 3255; x_wconf 86' lang='grc' dir='ltr'>λέγει</span> <span class='ocrx_word' id='word_1_372' title='bbox 1362 3201 1377 3215; x_wconf 72' lang='grc' dir='ltr'><strong>ο</strong></span> <span class='ocrx_word' id='word_1_373' title='bbox 1435 3185 1497 3238; x_wconf 87' lang='lat'><strong>&#39;0</strong></span> <span class='ocrx_word' id='word_1_374' title='bbox 1556 3182 1827 3251; x_wconf 78' lang='grc' dir='ltr'>ἑωρακὼς</span> <span class='ocrx_word' id='word_1_375' title='bbox 1885 3181 2015 3252; x_wconf 84' lang='grc' dir='ltr'>ἐμὲ,</span> 
     </span>
    </p>
   </div>
   <div class='ocr_carea' id='block_1_51' title="bbox 440 3270 2023 3344">
    <p class='ocr_par' dir='ltr' id='par_1_51' title="bbox 440 3270 2023 3344">
     <span class='ocr_line' id='line_1_51' title="bbox 440 3270 2023 3344; baseline -0.003 -15"><span class='ocrx_word' id='word_1_376' title='bbox 440 3274 665 3344; x_wconf 76' lang='grc' dir='ltr'>ἑώρακε</span> <span class='ocrx_word' id='word_1_377' title='bbox 684 3275 791 3328; x_wconf 81' lang='grc' dir='ltr'><strong>τὸν</strong></span> <span class='ocrx_word' id='word_1_378' title='bbox 811 3275 1058 3342; x_wconf 82' lang='grc' dir='ltr'>Πατέρα.</span> <span class='ocrx_word' id='word_1_379' title='bbox 1090 3273 1301 3327; x_wconf 86' lang='grc' dir='ltr'>Οὑκοῦν</span> <span class='ocrx_word' id='word_1_380' title='bbox 1337 3274 1395 3326; x_wconf 82' lang='grc' dir='ltr'>ὲν</span> <span class='ocrx_word' id='word_1_381' title='bbox 1422 3271 1698 3342; x_wconf 85' lang='grc' dir='ltr'>Πνεὺματι</span> <span class='ocrx_word' id='word_1_382' title='bbox 1733 3272 1871 3341; x_wconf 85' lang='grc' dir='ltr'>ἁγίῳ</span> <span class='ocrx_word' id='word_1_383' title='bbox 1893 3270 2023 3325; x_wconf 87' lang='grc' dir='ltr'>Υἱὺν</span> 
     </span>
    </p>
   </div>
   <div class='ocr_carea' id='block_1_52' title="bbox 442 3362 2026 3438">
    <p class='ocr_par' dir='ltr' id='par_1_52' title="bbox 442 3362 2026 3438">
     <span class='ocr_line' id='line_1_52' title="bbox 442 3362 2026 3438; baseline -0.005 -15"><span class='ocrx_word' id='word_1_384' title='bbox 442 3369 609 3437; x_wconf 82' lang='grc' dir='ltr'>ἀξίως</span> <span class='ocrx_word' id='word_1_385' title='bbox 643 3366 889 3438; x_wconf 87' lang='grc' dir='ltr'>νοοῦμεν,</span> <span class='ocrx_word' id='word_1_386' title='bbox 930 3368 987 3418; x_wconf 81' lang='grc' dir='ltr'>ὲν</span> <span class='ocrx_word' id='word_1_387' title='bbox 1022 3365 1137 3436; x_wconf 87' lang='grc' dir='ltr'><strong>Υίῷ</strong></span> <span class='ocrx_word' id='word_1_388' title='bbox 1156 3364 1213 3418; x_wconf 81' lang='grc' dir='ltr'>δὲ</span> <span class='ocrx_word' id='word_1_389' title='bbox 1240 3367 1516 3436; x_wconf 87' lang='grc' dir='ltr'>μονογενεῖ</span> <span class='ocrx_word' id='word_1_390' title='bbox 1543 3364 1760 3435; x_wconf 87' lang='grc' dir='ltr'>Πατέρα</span> <span class='ocrx_word' id='word_1_391' title='bbox 1790 3362 2026 3428; x_wconf 75' lang='grc' dir='ltr'>εὐσεϐῶς</span> 
     </span>
    </p>
   </div>
   <div class='ocr_carea' id='block_1_53' title="bbox 442 3455 2027 3528">
    <p class='ocr_par' dir='ltr' id='par_1_53' title="bbox 442 3455 2027 3528">
     <span class='ocr_line' id='line_1_53' title="bbox 442 3455 2027 3528; baseline -0.004 -15"><span class='ocrx_word' id='word_1_392' title='bbox 442 3458 539 3513; x_wconf 72' lang='grc' dir='ltr'>καὶ</span> <span class='ocrx_word' id='word_1_393' title='bbox 570 3458 736 3524; x_wconf 82' lang='grc' dir='ltr'>ἀξίως</span> <span class='ocrx_word' id='word_1_394' title='bbox 757 3457 1070 3528; x_wconf 75' lang='grc' dir='ltr'>δοξάζομεν.</span> <span class='ocrx_word' id='word_1_395' title='bbox 1106 3458 1216 3511; x_wconf 72' lang='grc' dir='ltr'>Καὶ</span> <span class='ocrx_word' id='word_1_396' title='bbox 1249 3456 1389 3528; x_wconf 78' lang='grc' dir='ltr'>αῦτη</span> <span class='ocrx_word' id='word_1_397' title='bbox 1419 3456 1564 3509; x_wconf 71' lang='grc' dir='ltr'>ἐστὶν</span> <span class='ocrx_word' id='word_1_398' title='bbox 1599 3458 1632 3527; x_wconf 83' lang='grc' dir='ltr'>ἡ</span> <span class='ocrx_word' id='word_1_399' title='bbox 1667 3455 1904 3527; x_wconf 71' lang='grc' dir='ltr'>σφραγὶς</span> <span class='ocrx_word' id='word_1_400' title='bbox 1926 3456 2027 3527; x_wconf 78' lang='grc' dir='ltr'>τῆς</span> 
     </span>
    </p>
   </div>
   <div class='ocr_carea' id='block_1_54' title="bbox 445 3544 2029 3625">
    <p class='ocr_par' dir='ltr' id='par_1_54' title="bbox 445 3544 2029 3625">
     <span class='ocr_line' id='line_1_54' title="bbox 445 3544 2029 3625; baseline -0.004 -19"><span class='ocrx_word' id='word_1_401' title='bbox 445 3552 700 3616; x_wconf 86' lang='grc' dir='ltr'>πίστεως,</span> <span class='ocrx_word' id='word_1_402' title='bbox 752 3553 810 3604; x_wconf 79' lang='grc' dir='ltr'>ὲν</span> <span class='ocrx_word' id='word_1_403' title='bbox 941 3551 1194 3621; x_wconf 76' lang='grc' dir='ltr'>σφραγῖδι</span> <span class='ocrx_word' id='word_1_404' title='bbox 1248 3547 1609 3620; x_wconf 83' lang='grc' dir='ltr'>βαπτισθῆναι</span> <span class='ocrx_word' id='word_1_405' title='bbox 1650 3547 2029 3619; x_wconf 82' lang='grc' dir='ltr'>προσέταξενὸ</span> 
     </span>
    </p>
   </div>
   <div class='ocr_carea' id='block_1_55' title="bbox 444 3638 2029 3713">
    <p class='ocr_par' dir='ltr' id='par_1_55' title="bbox 444 3638 2029 3713">
     <span class='ocr_line' id='line_1_55' title="bbox 444 3638 2029 3713; baseline -0.004 -18"><span class='ocrx_word' id='word_1_406' title='bbox 444 3641 636 3713; x_wconf 75' lang='grc' dir='ltr'>Σωτὴρ</span> <span class='ocrx_word' id='word_1_407' title='bbox 669 3642 762 3694; x_wconf 70' lang='grc' dir='ltr'><strong>καὶ</strong></span> <span class='ocrx_word' id='word_1_408' title='bbox 777 3640 980 3711; x_wconf 83' lang='grc' dir='ltr'>Κύριος</span> <span class='ocrx_word' id='word_1_409' title='bbox 1020 3638 1226 3710; x_wconf 85' lang='grc' dir='ltr'>Ἰησοῦς</span> <span class='ocrx_word' id='word_1_410' title='bbox 1253 3638 1504 3709; x_wconf 84' lang='grc' dir='ltr'>Χριστὸς,</span> <span class='ocrx_word' id='word_1_411' title='bbox 1531 3638 1742 3707; x_wconf 86' lang='grc' dir='ltr'>όλέγων</span> <span class='ocrx_word' id='word_1_412' title='bbox 1761 3654 1774 3667; x_wconf 90' lang='grc'><strong>·</strong></span> <span class='ocrx_word' id='word_1_413' title='bbox 1813 3639 2029 3713; x_wconf 74' lang='grc' dir='ltr'>Πορευ-</span> 
     </span>
    </p>
   </div>
   <div class='ocr_carea' id='block_1_56' title="bbox 444 3704 2029 3803">
    <p class='ocr_par' dir='ltr' id='par_1_56' title="bbox 444 3704 2029 3803">
     <span class='ocr_line' id='line_1_56' title="bbox 444 3704 2029 3803; baseline -0.006 -15"><span class='ocrx_word' id='word_1_414' title='bbox 444 3704 656 3799; x_wconf 60' lang='grc' dir='ltr'>θέντες</span> <span class='ocrx_word' id='word_1_415' title='bbox 681 3704 1096 3803; x_wconf 66' lang='grc' dir='ltr'>μαθητεύσατε</span> <span class='ocrx_word' id='word_1_416' title='bbox 1121 3704 1320 3783; x_wconf 71' lang='grc' dir='ltr'>πάντά</span> <span class='ocrx_word' id='word_1_417' title='bbox 1339 3730 1408 3783; x_wconf 85' lang='grc' dir='ltr'>τὰ</span> <span class='ocrx_word' id='word_1_418' title='bbox 1432 3729 1575 3798; x_wconf 72' lang='grc' dir='ltr'><strong>ἔθνη</strong></span> <span class='ocrx_word' id='word_1_419' title='bbox 1599 3769 1615 3795; x_wconf 91' lang='grc'><strong>,</strong></span> <span class='ocrx_word' id='word_1_420' title='bbox 1640 3704 2029 3793; x_wconf 47' lang='grc' dir='ltr'>,βαπτίζοντες</span> 
     </span>
    </p>
   </div>
   <div class='ocr_carea' id='block_1_57' title="bbox 443 3817 2026 3891">
    <p class='ocr_par' dir='ltr' id='par_1_57' title="bbox 443 3817 2026 3891">
     <span class='ocr_line' id='line_1_57' title="bbox 443 3817 2026 3891; baseline -0.002 -15"><span class='ocrx_word' id='word_1_421' title='bbox 443 3824 671 3891; x_wconf 83' lang='grc' dir='ltr'>αὐτοὺς</span> <span class='ocrx_word' id='word_1_422' title='bbox 702 3826 788 3890; x_wconf 79' lang='grc' dir='ltr'><strong>είς</strong></span> <span class='ocrx_word' id='word_1_423' title='bbox 810 3823 874 3876; x_wconf 84' lang='grc' dir='ltr'>τὸ</span> <span class='ocrx_word' id='word_1_424' title='bbox 917 3822 1104 3890; x_wconf 81' lang='grc' dir='ltr'>ὄνομα</span> <span class='ocrx_word' id='word_1_425' title='bbox 1140 3821 1245 3874; x_wconf 84' lang='grc' dir='ltr'><strong>τοῦ</strong></span> <span class='ocrx_word' id='word_1_426' title='bbox 1289 3820 1539 3889; x_wconf 81' lang='grc' dir='ltr'>Πατρὸς,</span> <span class='ocrx_word' id='word_1_427' title='bbox 1584 3819 1684 3873; x_wconf 79' lang='grc' dir='ltr'><strong>καὶ</strong></span> <span class='ocrx_word' id='word_1_428' title='bbox 1725 3820 1833 3875; x_wconf 86' lang='grc' dir='ltr'><strong>τοῦ</strong></span> <span class='ocrx_word' id='word_1_429' title='bbox 1867 3817 2026 3886; x_wconf 71' lang='lat' dir='ltr'><strong>Tini),</strong></span> 
     </span>
    </p>
   </div>
   <div class='ocr_carea' id='block_1_58' title="bbox 446 3900 1705 3986">
    <p class='ocr_par' dir='ltr' id='par_1_58' title="bbox 446 3900 1705 3986">
     <span class='ocr_line' id='line_1_58' title="bbox 446 3900 1705 3986; baseline -0.006 -15"><span class='ocrx_word' id='word_1_430' title='bbox 446 3917 549 3972; x_wconf 74' lang='grc' dir='ltr'><strong>καὶ</strong></span> <span class='ocrx_word' id='word_1_431' title='bbox 578 3916 687 3971; x_wconf 83' lang='grc' dir='ltr'><strong>τοῦ</strong></span> <span class='ocrx_word' id='word_1_432' title='bbox 725 3916 898 3986; x_wconf 77' lang='grc' dir='ltr'>ἁγίου</span> <span class='ocrx_word' id='word_1_433' title='bbox 928 3916 1296 3984; x_wconf 81' lang='grc' dir='ltr'>Πνεύματος.</span> <span class='ocrx_word' id='word_1_434' title='bbox 1702 3900 1705 3901; x_wconf 32' lang='grc'><strong><em>⁷</em></strong></span> 
     </span>
    </p>
   </div>
   <div class='ocr_carea' id='block_1_59' title="bbox 521 4080 2031 4159">
    <p class='ocr_par' dir='ltr' id='par_1_59' title="bbox 521 4080 2031 4159">
     <span class='ocr_line' id='line_1_59' title="bbox 521 4080 2031 4159; baseline -0.003 -17"><span class='ocrx_word' id='word_1_435' title='bbox 521 4085 621 4141; x_wconf 85' lang='lat' dir='ltr'><strong>IZ&#39;.</strong></span> <span class='ocrx_word' id='word_1_436' title='bbox 649 4086 789 4159; x_wconf 77' lang='grc' dir='ltr'>Περὶ</span> <span class='ocrx_word' id='word_1_437' title='bbox 811 4084 921 4156; x_wconf 85' lang='grc' dir='ltr'><strong>γὰρ</strong></span> <span class='ocrx_word' id='word_1_438' title='bbox 960 4082 1058 4158; x_wconf 81' lang='grc' dir='ltr'>τῆς</span> <span class='ocrx_word' id='word_1_439' title='bbox 1094 4083 1236 4138; x_wconf 85' lang='grc' dir='ltr'>κατά</span> <span class='ocrx_word' id='word_1_440' title='bbox 1276 4084 1454 4138; x_wconf 89' lang='grc' dir='ltr'>πάντα</span> <span class='ocrx_word' id='word_1_441' title='bbox 1494 4080 1587 4136; x_wconf 89' lang='grc' dir='ltr'><strong>τοῦ</strong></span> <span class='ocrx_word' id='word_1_442' title='bbox 1618 4081 1751 4136; x_wconf 87' lang='grc' dir='ltr'>Υίοῦ</span> <span class='ocrx_word' id='word_1_443' title='bbox 1781 4082 1918 4154; x_wconf 85' lang='grc' dir='ltr'>πρὸς</span> <span class='ocrx_word' id='word_1_444' title='bbox 1939 4082 2031 4137; x_wconf 78' lang='grc' dir='ltr'>τὸν</span> 
     </span>
    </p>
   </div>
   <div class='ocr_carea' id='block_1_60' title="bbox 450 4173 2027 4251">
    <p class='ocr_par' dir='ltr' id='par_1_60' title="bbox 450 4173 2027 4251">
     <span class='ocr_line' id='line_1_60' title="bbox 450 4173 2027 4251; baseline -0.004 -18"><span class='ocrx_word' id='word_1_445' title='bbox 450 4178 677 4251; x_wconf 88' lang='grc' dir='ltr'><strong>Πατέρα¹</strong></span> <span class='ocrx_word' id='word_1_446' title='bbox 695 4176 1009 4249; x_wconf 80' lang='grc' dir='ltr'>ὁμοιότητος</span> <span class='ocrx_word' id='word_1_447' title='bbox 1040 4175 1372 4247; x_wconf 80' lang='grc' dir='ltr'>πλατύτερον</span> <span class='ocrx_word' id='word_1_448' title='bbox 1397 4175 1493 4246; x_wconf 80' lang='grc' dir='ltr'>μὲν</span> <span class='ocrx_word' id='word_1_449' title='bbox 1522 4174 1755 4245; x_wconf 81' lang='grc' dir='ltr'>ἀλλαχοῦ</span> <span class='ocrx_word' id='word_1_450' title='bbox 1777 4173 1990 4246; x_wconf 75' lang='grc' dir='ltr'>εἴρηται</span> <span class='ocrx_word' id='word_1_451' title='bbox 2013 4191 2027 4205; x_wconf 91' lang='grc'><strong>·</strong></span> 
     </span>
    </p>
   </div>
   <div class='ocr_carea' id='block_1_61' title="bbox 449 4263 2033 4340">
    <p class='ocr_par' dir='ltr' id='par_1_61' title="bbox 449 4263 2033 4340">
     <span class='ocr_line' id='line_1_61' title="bbox 449 4263 2033 4340; baseline -0.004 -18"><span class='ocrx_word' id='word_1_452' title='bbox 449 4267 654 4340; x_wconf 82' lang='grc' dir='ltr'>ὁμοίως</span> <span class='ocrx_word' id='word_1_453' title='bbox 680 4267 737 4321; x_wconf 82' lang='grc' dir='ltr'>δὲ</span> <span class='ocrx_word' id='word_1_454' title='bbox 765 4267 860 4320; x_wconf 81' lang='grc' dir='ltr'><strong>καὶ</strong></span> <span class='ocrx_word' id='word_1_455' title='bbox 890 4265 984 4318; x_wconf 89' lang='grc' dir='ltr'><strong>νῦν</strong></span> <span class='ocrx_word' id='word_1_456' title='bbox 1012 4266 1069 4317; x_wconf 81' lang='grc' dir='ltr'>ὲν</span> <span class='ocrx_word' id='word_1_457' title='bbox 1109 4264 1302 4337; x_wconf 84' lang='grc' dir='ltr'>βραχεῖ</span> <span class='ocrx_word' id='word_1_458' title='bbox 1344 4263 1905 4336; x_wconf 84' lang='grc' dir='ltr'>παρασημειὼσασοαι</span> <span class='ocrx_word' id='word_1_459' title='bbox 1932 4264 2033 4316; x_wconf 87' lang='grc' dir='ltr'>οὑκ</span> 
     </span>
    </p>
   </div>
   <div class='ocr_carea' id='block_1_62' title="bbox 449 4354 2031 4429">
    <p class='ocr_par' dir='ltr' id='par_1_62' title="bbox 449 4354 2031 4429">
     <span class='ocr_line' id='line_1_62' title="bbox 449 4354 2031 4429; baseline -0.003 -17"><span class='ocrx_word' id='word_1_460' title='bbox 449 4360 777 4429; x_wconf 83' lang='grc' dir='ltr'>όκνήσομεν,</span> <span class='ocrx_word' id='word_1_461' title='bbox 805 4358 886 4411; x_wconf 87' lang='grc' dir='ltr'>ὅτι</span> <span class='ocrx_word' id='word_1_462' title='bbox 906 4359 935 4410; x_wconf 92' lang='lat'><strong>6</strong></span> <span class='ocrx_word' id='word_1_463' title='bbox 971 4356 1309 4420; x_wconf 85' lang='grc' dir='ltr'>Ἀπόστολος,</span> <span class='ocrx_word' id='word_1_464' title='bbox 1332 4355 1514 4409; x_wconf 81' lang='grc' dir='ltr'>εἰκόνα</span> <span class='ocrx_word' id='word_1_465' title='bbox 1538 4355 1629 4409; x_wconf 89' lang='grc' dir='ltr'><strong>τοῦ</strong></span> <span class='ocrx_word' id='word_1_466' title='bbox 1649 4355 1880 4427; x_wconf 89' lang='grc' dir='ltr'>ἀοράτου</span> <span class='ocrx_word' id='word_1_467' title='bbox 1897 4354 2031 4409; x_wconf 90' lang='grc' dir='ltr'>Θεοῦ</span> 
     </span>
    </p>
   </div>
   <div class='ocr_carea' id='block_1_63' title="bbox 451 4447 2033 4522">
    <p class='ocr_par' dir='ltr' id='par_1_63' title="bbox 451 4447 2033 4522">
     <span class='ocr_line' id='line_1_63' title="bbox 451 4447 2033 4522; baseline -0.003 -17"><span class='ocrx_word' id='word_1_468' title='bbox 451 4452 547 4505; x_wconf 83' lang='grc' dir='ltr'><strong>τὸν</strong></span> <span class='ocrx_word' id='word_1_469' title='bbox 572 4451 703 4504; x_wconf 82' lang='grc' dir='ltr'>Υίὸν</span> <span class='ocrx_word' id='word_1_470' title='bbox 740 4448 1000 4522; x_wconf 77' lang='grc' dir='ltr'>εἰρηκὼς,</span> <span class='ocrx_word' id='word_1_471' title='bbox 1023 4450 1116 4504; x_wconf 79' lang='grc' dir='ltr'><strong>καὶ</strong></span> <span class='ocrx_word' id='word_1_472' title='bbox 1154 4450 1212 4503; x_wconf 79' lang='grc' dir='ltr'>ὲν</span> <span class='ocrx_word' id='word_1_473' title='bbox 1239 4447 1417 4519; x_wconf 83' lang='grc' dir='ltr'>τούτῳ</span> <span class='ocrx_word' id='word_1_474' title='bbox 1459 4447 1693 4513; x_wconf 85' lang='grc' dir='ltr'>διδάξας,</span> <span class='ocrx_word' id='word_1_475' title='bbox 1728 4449 1809 4502; x_wconf 83' lang='grc' dir='ltr'>ὅτι</span> <span class='ocrx_word' id='word_1_476' title='bbox 1849 4449 2033 4520; x_wconf 83' lang='grc' dir='ltr'>ὅμοιός</span> 
     </span>
    </p>
   </div>
   <div class='ocr_carea' id='block_1_64' title="bbox 455 4537 2033 4611">
    <p class='ocr_par' dir='ltr' id='par_1_64' title="bbox 455 4537 2033 4611">
     <span class='ocr_line' id='line_1_64' title="bbox 455 4537 2033 4611; baseline -0.001 -15"><span class='ocrx_word' id='word_1_477' title='bbox 455 4545 606 4597; x_wconf 69' lang='grc' dir='ltr'>ἐστιν</span> <span class='ocrx_word' id='word_1_478' title='bbox 646 4543 676 4595; x_wconf 94' lang='lat'><strong>6</strong></span> <span class='ocrx_word' id='word_1_479' title='bbox 721 4541 850 4604; x_wconf 82' lang='grc' dir='ltr'>Υίὸς</span> <span class='ocrx_word' id='word_1_480' title='bbox 879 4538 959 4611; x_wconf 79' lang='grc' dir='ltr'>τῷ</span> <span class='ocrx_word' id='word_1_481' title='bbox 1002 4539 1199 4609; x_wconf 75' lang='grc' dir='ltr'>Πατρὶ,</span> <span class='ocrx_word' id='word_1_482' title='bbox 1248 4537 1481 4609; x_wconf 86' lang='grc' dir='ltr'>ἀλλαχοῦ</span> <span class='ocrx_word' id='word_1_483' title='bbox 1510 4538 1629 4603; x_wconf 88' lang='grc' dir='ltr'><strong>πῶς</strong></span> <span class='ocrx_word' id='word_1_484' title='bbox 1659 4538 1741 4593; x_wconf 86' lang='grc' dir='ltr'><strong>δεῖ</strong></span> <span class='ocrx_word' id='word_1_485' title='bbox 1760 4541 1902 4593; x_wconf 92' lang='grc' dir='ltr'>νοεῖν</span> <span class='ocrx_word' id='word_1_486' title='bbox 1941 4538 2033 4594; x_wconf 78' lang='grc' dir='ltr'>τὸν</span> 
     </span>
    </p>
   </div>
   <div class='ocr_carea' id='block_1_65' title="bbox 2118 3550 2694 3629">
    <p class='ocr_par' dir='ltr' id='par_1_65' title="bbox 2118 3550 2694 3629">
     <span class='ocr_line' id='line_1_65' title="bbox 2118 3550 2694 3629; baseline -0.003 -22"><span class='ocrx_word' id='word_1_487' title='bbox 2118 3560 2232 3629; x_wconf 80' lang='lat' dir='ltr'><strong>est,</strong></span> <span class='ocrx_word' id='word_1_488' title='bbox 2283 3550 2633 3623; x_wconf 80' lang='lat' dir='ltr'><strong>intelligimus</strong></span> <span class='ocrx_word' id='word_1_489' title='bbox 2679 3567 2694 3616; x_wconf 87' lang='lat'><strong>;</strong></span> 
     </span>
    </p>
   </div>
   <div class='ocr_carea' id='block_1_66' title="bbox 2117 2093 3694 2163">
    <p class='ocr_par' dir='ltr' id='par_1_66' title="bbox 2117 2093 3694 2163">
     <span class='ocr_line' id='line_1_66' title="bbox 2117 2093 3694 2163; baseline -0.003 -16"><span class='ocrx_word' id='word_1_490' title='bbox 2117 2093 2288 2149; x_wconf 88' lang='lat' dir='ltr'><strong>tineat</strong></span> <span class='ocrx_word' id='word_1_491' title='bbox 2314 2094 2567 2149; x_wconf 88' lang='lat' dir='ltr'><strong>universa</strong></span> <span class='ocrx_word' id='word_1_492' title='bbox 2594 2111 2609 2162; x_wconf 88' lang='lat'><strong>;</strong></span> <span class='ocrx_word' id='word_1_493' title='bbox 2639 2107 2827 2157; x_wconf 88' lang='lat' dir='ltr'><strong>unam,</strong></span> <span class='ocrx_word' id='word_1_494' title='bbox 2854 2093 3100 2163; x_wconf 85' lang='lat' dir='ltr'><strong>inquam,</strong></span> <span class='ocrx_word' id='word_1_495' title='bbox 3127 2093 3494 2153; x_wconf 87' lang='lat' dir='ltr'><strong>divinitatem,</strong></span> <span class='ocrx_word' id='word_1_496' title='bbox 3520 2107 3694 2153; x_wconf 76' lang='lat' dir='ltr'><strong>unum</strong></span> 
     </span>
    </p>
   </div>
   <div class='ocr_carea' id='block_1_67' title="bbox 2116 2182 3690 2258">
    <p class='ocr_par' dir='ltr' id='par_1_67' title="bbox 2116 2182 3690 2258">
     <span class='ocr_line' id='line_1_67' title="bbox 2116 2182 3690 2258; baseline -0.004 -17"><span class='ocrx_word' id='word_1_497' title='bbox 2116 2202 2343 2258; x_wconf 82' lang='lat' dir='ltr'><strong>regnum</strong></span> <span class='ocrx_word' id='word_1_498' title='bbox 2411 2193 2575 2257; x_wconf 91' lang='lat' dir='ltr'><strong>atque</strong></span> <span class='ocrx_word' id='word_1_499' title='bbox 2616 2200 2783 2241; x_wconf 90' lang='lat' dir='ltr'><strong>unum</strong></span> <span class='ocrx_word' id='word_1_500' title='bbox 2830 2184 3121 2255; x_wconf 88' lang='lat' dir='ltr'><strong>imperium</strong></span> <span class='ocrx_word' id='word_1_501' title='bbox 3167 2199 3293 2241; x_wconf 88' lang='lat' dir='ltr'><strong>esse</strong></span> <span class='ocrx_word' id='word_1_502' title='bbox 3341 2182 3690 2238; x_wconf 80' lang='lat' dir='ltr'><strong>conﬁtentur.</strong></span> 
     </span>
    </p>
   </div>
   <div class='ocr_carea' id='block_1_68' title="bbox 2118 2274 3693 2347">
    <p class='ocr_par' dir='ltr' id='par_1_68' title="bbox 2118 2274 3693 2347">
     <span class='ocr_line' id='line_1_68' title="bbox 2118 2274 3693 2347; baseline -0.003 -17"><span class='ocrx_word' id='word_1_503' title='bbox 2118 2276 2183 2330; x_wconf 88' lang='lat' dir='ltr'><strong>Et</strong></span> <span class='ocrx_word' id='word_1_504' title='bbox 2225 2276 2581 2333; x_wconf 86' lang='lat' dir='ltr'><strong>nihilominus</strong></span> <span class='ocrx_word' id='word_1_505' title='bbox 2634 2290 2900 2347; x_wconf 88' lang='lat' dir='ltr'><strong>personas</strong></span> <span class='ocrx_word' id='word_1_506' title='bbox 2958 2274 3015 2330; x_wconf 92' lang='lat' dir='ltr'><strong>in</strong></span> <span class='ocrx_word' id='word_1_507' title='bbox 3060 2274 3428 2346; x_wconf 86' lang='lat' dir='ltr'><strong>hypostaseon</strong></span> <span class='ocrx_word' id='word_1_508' title='bbox 3468 2289 3693 2329; x_wconf 88' lang='lat' dir='ltr'><strong>suarum</strong></span> 
     </span>
    </p>
   </div>
   <div class='ocr_carea' id='block_1_69' title="bbox 2117 2366 3695 2441">
    <p class='ocr_par' dir='ltr' id='par_1_69' title="bbox 2117 2366 3695 2441">
     <span class='ocr_line' id='line_1_69' title="bbox 2117 2366 3695 2441; baseline -0.002 -17"><span class='ocrx_word' id='word_1_509' title='bbox 2117 2369 2544 2441; x_wconf 88' lang='lat' dir='ltr'><strong>proprietatibus</strong></span> <span class='ocrx_word' id='word_1_510' title='bbox 2580 2370 2669 2440; x_wconf 89' lang='lat' dir='ltr'><strong>pie</strong></span> <span class='ocrx_word' id='word_1_511' title='bbox 2705 2369 3049 2433; x_wconf 89' lang='lat' dir='ltr'><strong>discernunt,</strong></span> <span class='ocrx_word' id='word_1_512' title='bbox 3091 2367 3313 2423; x_wconf 89' lang='lat' dir='ltr'><strong>Patrem</strong></span> <span class='ocrx_word' id='word_1_513' title='bbox 3358 2366 3610 2424; x_wconf 81' lang='lat' dir='ltr'><strong>videlicet</strong></span> <span class='ocrx_word' id='word_1_514' title='bbox 3638 2366 3695 2421; x_wconf 91' lang='lat' dir='ltr'><strong>in</strong></span> 
     </span>
    </p>
   </div>
   <div class='ocr_carea' id='block_1_70' title="bbox 2119 2459 3696 2537">
    <p class='ocr_par' dir='ltr' id='par_1_70' title="bbox 2119 2459 3696 2537">
     <span class='ocr_line' id='line_1_70' title="bbox 2119 2459 3696 2537; baseline -0.001 -22"><span class='ocrx_word' id='word_1_515' title='bbox 2119 2469 2346 2537; x_wconf 84' lang='lat' dir='ltr'><strong>paterna</strong></span> <span class='ocrx_word' id='word_1_516' title='bbox 2395 2461 2684 2533; x_wconf 85' lang='lat' dir='ltr'><strong>majestate</strong></span> <span class='ocrx_word' id='word_1_517' title='bbox 2721 2459 3142 2526; x_wconf 86' lang='lat' dir='ltr'><strong>subsistentem;</strong></span> <span class='ocrx_word' id='word_1_518' title='bbox 3179 2459 3378 2514; x_wconf 85' lang='lat' dir='ltr'><strong>Filium</strong></span> <span class='ocrx_word' id='word_1_519' title='bbox 3411 2474 3541 2516; x_wconf 82' lang='lat' dir='ltr'><strong>vero</strong></span> <span class='ocrx_word' id='word_1_520' title='bbox 3586 2474 3696 2514; x_wconf 90' lang='lat' dir='ltr'><strong>non</strong></span> 
     </span>
    </p>
   </div>
   <div class='ocr_carea' id='block_1_71' title="bbox 2118 2542 3696 2629">
    <p class='ocr_par' dir='ltr' id='par_1_71' title="bbox 2118 2542 3696 2629">
     <span class='ocr_line' id='line_1_71' title="bbox 2118 2542 3696 2629; baseline -0.003 -21"><span class='ocrx_word' id='word_1_521' title='bbox 2118 2559 2326 2622; x_wconf 88' lang='lat' dir='ltr'><strong>partem</strong></span> <span class='ocrx_word' id='word_1_522' title='bbox 2358 2568 2479 2609; x_wconf 90' lang='lat' dir='ltr'><strong>esse</strong></span> <span class='ocrx_word' id='word_1_523' title='bbox 2532 2551 2710 2608; x_wconf 88' lang='lat' dir='ltr'><strong>Patris</strong></span> <span class='ocrx_word' id='word_1_524' title='bbox 2754 2552 3084 2624; x_wconf 87' lang='lat' dir='ltr'><strong>intelligunt,</strong></span> <span class='ocrx_word' id='word_1_525' title='bbox 3120 2551 3214 2629; x_wconf 89' lang='lat' dir='ltr'><strong>sed</strong></span> <span class='ocrx_word' id='word_1_526' title='bbox 3258 2567 3288 2606; x_wconf 90' lang='lat' dir='ltr'><strong>a</strong></span> <span class='ocrx_word' id='word_1_527' title='bbox 3322 2550 3565 2623; x_wconf 76' lang='lat' dir='ltr'><strong>perfecto</strong></span> <span class='ocrx_word' id='word_1_528' title='bbox 3585 2542 3696 2604; x_wconf 88' lang='lat' dir='ltr'><strong>Pa-</strong></span> 
     </span>
    </p>
   </div>
   <div class='ocr_carea' id='block_1_72' title="bbox 2118 2643 3690 2716">
    <p class='ocr_par' dir='ltr' id='par_1_72' title="bbox 2118 2643 3690 2716">
     <span class='ocr_line' id='line_1_72' title="bbox 2118 2643 3690 2716; baseline -0.002 -17"><span class='ocrx_word' id='word_1_529' title='bbox 2118 2657 2200 2700; x_wconf 88' lang='lat' dir='ltr'><strong>tre</strong></span> <span class='ocrx_word' id='word_1_530' title='bbox 2247 2643 2588 2714; x_wconf 85' lang='lat' dir='ltr'><strong>pert‘ectum,</strong></span> <span class='ocrx_word' id='word_1_531' title='bbox 2637 2644 2882 2716; x_wconf 89' lang='lat' dir='ltr'><strong>genitum</strong></span> <span class='ocrx_word' id='word_1_532' title='bbox 2950 2659 3013 2700; x_wconf 89' lang='lat' dir='ltr'><strong>ac</strong></span> <span class='ocrx_word' id='word_1_533' title='bbox 3064 2643 3457 2701; x_wconf 85' lang='lat' dir='ltr'><strong>subsistentem</strong></span> <span class='ocrx_word' id='word_1_534' title='bbox 3516 2658 3690 2714; x_wconf 89' lang='lat' dir='ltr'><strong>agno-</strong></span> 
     </span>
    </p>
   </div>
   <div class='ocr_carea' id='block_1_73' title="bbox 2120 2728 3685 2813">
    <p class='ocr_par' dir='ltr' id='par_1_73' title="bbox 2120 2728 3685 2813">
     <span class='ocr_line' id='line_1_73' title="bbox 2120 2728 3685 2813; baseline -0.003 -22"><span class='ocrx_word' id='word_1_535' title='bbox 2120 2741 2300 2813; x_wconf 82' lang='lat' dir='ltr'><strong>scunt.</strong></span> <span class='ocrx_word' id='word_1_536' title='bbox 2342 2734 2420 2791; x_wconf 87' lang='lat' dir='ltr'><strong>Ac</strong></span> <span class='ocrx_word' id='word_1_537' title='bbox 2451 2735 2686 2805; x_wconf 90' lang='lat' dir='ltr'><strong>denique</strong></span> <span class='ocrx_word' id='word_1_538' title='bbox 2732 2728 2994 2806; x_wconf 84' lang='lat' dir='ltr'><strong>Spiritum</strong></span> <span class='ocrx_word' id='word_1_539' title='bbox 3037 2742 3310 2800; x_wconf 90' lang='lat' dir='ltr'><strong>sanctum,</strong></span> <span class='ocrx_word' id='word_1_540' title='bbox 3334 2749 3496 2807; x_wconf 86' lang='lat' dir='ltr'><strong>quem</strong></span> <span class='ocrx_word' id='word_1_541' title='bbox 3528 2732 3685 2787; x_wconf 83' lang='lat' dir='ltr'><strong>Scri-</strong></span> 
     </span>
    </p>
   </div>
   <div class='ocr_carea' id='block_1_74' title="bbox 2122 2818 3697 2893">
    <p class='ocr_par' dir='ltr' id='par_1_74' title="bbox 2122 2818 3697 2893">
     <span class='ocr_line' id='line_1_74' title="bbox 2122 2818 3697 2893; baseline -0.003 -16"><span class='ocrx_word' id='word_1_542' title='bbox 2122 2830 2285 2892; x_wconf 88' lang='lat' dir='ltr'><strong>ptura</strong></span> <span class='ocrx_word' id='word_1_543' title='bbox 2322 2837 2479 2879; x_wconf 91' lang='lat' dir='ltr'><strong>sacra</strong></span> <span class='ocrx_word' id='word_1_544' title='bbox 2511 2821 2860 2878; x_wconf 88' lang='lat' dir='ltr'><strong>Paracletum</strong></span> <span class='ocrx_word' id='word_1_545' title='bbox 2891 2829 3074 2889; x_wconf 89' lang='lat' dir='ltr'><strong>vocat,</strong></span> <span class='ocrx_word' id='word_1_546' title='bbox 3116 2837 3148 2876; x_wconf 91' lang='lat' dir='ltr'><strong>a</strong></span> <span class='ocrx_word' id='word_1_547' title='bbox 3174 2821 3337 2877; x_wconf 88' lang='lat' dir='ltr'><strong>Patre</strong></span> <span class='ocrx_word' id='word_1_548' title='bbox 3366 2837 3461 2893; x_wconf 90' lang='lat' dir='ltr'><strong>per</strong></span> <span class='ocrx_word' id='word_1_549' title='bbox 3492 2818 3697 2874; x_wconf 87' lang='lat' dir='ltr'><strong>Filium</strong></span> 
     </span>
    </p>
   </div>
   <div class='ocr_carea' id='block_1_75' title="bbox 2120 2911 3701 2991">
    <p class='ocr_par' dir='ltr' id='par_1_75' title="bbox 2120 2911 3701 2991">
     <span class='ocr_line' id='line_1_75' title="bbox 2120 2911 3701 2991; baseline -0.003 -22"><span class='ocrx_word' id='word_1_550' title='bbox 2120 2913 2481 2985; x_wconf 82' lang='lat' dir='ltr'><strong>prodeuntem</strong></span> <span class='ocrx_word' id='word_1_551' title='bbox 2512 2928 2607 2991; x_wconf 83' lang='lat' dir='ltr'><strong>ac</strong></span> <span class='ocrx_word' id='word_1_552' title='bbox 2639 2913 3036 2971; x_wconf 78' lang='lat' dir='ltr'><strong>subsistentem</strong></span> <span class='ocrx_word' id='word_1_553' title='bbox 3090 2913 3381 2970; x_wconf 90' lang='lat' dir='ltr'><strong>deﬁniunt.</strong></span> <span class='ocrx_word' id='word_1_554' title='bbox 3425 2911 3701 2979; x_wconf 82' lang='lat' dir='ltr'><strong>Quemad-</strong></span> 
     </span>
    </p>
   </div>
   <div class='ocr_carea' id='block_1_76' title="bbox 2121 3005 3698 3079">
    <p class='ocr_par' dir='ltr' id='par_1_76' title="bbox 2121 3005 3698 3079">
     <span class='ocr_line' id='line_1_76' title="bbox 2121 3005 3698 3079; baseline -0.002 -18"><span class='ocrx_word' id='word_1_555' title='bbox 2121 3005 2342 3079; x_wconf 70' lang='lat' dir='ltr'><strong>modum</strong></span> <span class='ocrx_word' id='word_1_556' title='bbox 2367 3005 2710 3072; x_wconf 90' lang='lat' dir='ltr'><strong>Paracletus,</strong></span> <span class='ocrx_word' id='word_1_557' title='bbox 2739 3006 2832 3063; x_wconf 91' lang='lat' dir='ltr'><strong>ille</strong></span> <span class='ocrx_word' id='word_1_558' title='bbox 2856 3007 3107 3062; x_wconf 88' lang='lat' dir='ltr'><strong>veritatis</strong></span> <span class='ocrx_word' id='word_1_559' title='bbox 3136 3005 3386 3076; x_wconf 87' lang='lat' dir='ltr'><strong>spiritus,</strong></span> <span class='ocrx_word' id='word_1_560' title='bbox 3416 3005 3698 3060; x_wconf 77' lang='lat' dir='ltr'><strong>veritatem</strong></span> 
     </span>
    </p>
   </div>
   <div class='ocr_carea' id='block_1_77' title="bbox 2122 3092 3700 3166">
    <p class='ocr_par' dir='ltr' id='par_1_77' title="bbox 2122 3092 3700 3166">
     <span class='ocr_line' id='line_1_77' title="bbox 2122 3092 3700 3166; baseline -0.002 -18"><span class='ocrx_word' id='word_1_561' title='bbox 2122 3094 2299 3165; x_wconf 88' lang='lat' dir='ltr'><strong>ipsam</strong></span> <span class='ocrx_word' id='word_1_562' title='bbox 2325 3109 2425 3150; x_wconf 91' lang='lat' dir='ltr'><strong>nos</strong></span> <span class='ocrx_word' id='word_1_563' title='bbox 2445 3093 2626 3156; x_wconf 88' lang='lat' dir='ltr'><strong>docet,</strong></span> <span class='ocrx_word' id='word_1_564' title='bbox 2657 3109 2780 3166; x_wconf 72' lang='lat' dir='ltr'><strong>quae</strong></span> <span class='ocrx_word' id='word_1_565' title='bbox 2821 3103 2907 3151; x_wconf 91' lang='lat' dir='ltr'><strong>est</strong></span> <span class='ocrx_word' id='word_1_566' title='bbox 2936 3093 3109 3151; x_wconf 89' lang='lat' dir='ltr'><strong>Filius</strong></span> <span class='ocrx_word' id='word_1_567' title='bbox 3138 3113 3150 3148; x_wconf 89' lang='lat'><strong>:</strong></span> <span class='ocrx_word' id='word_1_568' title='bbox 3184 3092 3352 3148; x_wconf 83' lang='lat' dir='ltr'><strong>Nemo</strong></span> <span class='ocrx_word' id='word_1_569' title='bbox 3379 3094 3523 3149; x_wconf 89' lang='lat' dir='ltr'><strong>enim</strong></span> <span class='ocrx_word' id='word_1_570' title='bbox 3549 3092 3700 3156; x_wconf 77' lang='lat' dir='ltr'><strong>dicit,</strong></span> 
     </span>
    </p>
   </div>
   <div class='ocr_carea' id='block_1_78' title="bbox 2122 3181 3703 3255">
    <p class='ocr_par' dir='ltr' id='par_1_78' title="bbox 2122 3181 3703 3255">
     <span class='ocr_line' id='line_1_78' title="bbox 2122 3181 3703 3255; baseline -0.002 -16"><span class='ocrx_word' id='word_1_571' title='bbox 2122 3183 2378 3239; x_wconf 80' lang='lat' dir='ltr'><strong>Dominus</strong></span> <span class='ocrx_word' id='word_1_572' title='bbox 2414 3183 2594 3250; x_wconf 83' lang='lat' dir='ltr'><strong>Jesus,</strong></span> <span class='ocrx_word' id='word_1_573' title='bbox 2623 3185 2729 3239; x_wconf 87' lang='lat' dir='ltr'><strong>nisi</strong></span> <span class='ocrx_word' id='word_1_574' title='bbox 2767 3185 2823 3238; x_wconf 89' lang='lat' dir='ltr'><strong>in</strong></span> <span class='ocrx_word' id='word_1_575' title='bbox 2863 3184 3071 3255; x_wconf 84' lang='lat' dir='ltr'><strong>Spiritu</strong></span> <span class='ocrx_word' id='word_1_576' title='bbox 3110 3193 3294 3239; x_wconf 85' lang='lat' dir='ltr'><strong>sancto</strong></span> <span class='ocrx_word' id='word_1_577' title='bbox 3319 3183 3359 3237; x_wconf 85' lang='grc'><strong>³.</strong></span> <span class='ocrx_word' id='word_1_578' title='bbox 3398 3182 3490 3238; x_wconf 90' lang='lat' dir='ltr'><strong>Sic</strong></span> <span class='ocrx_word' id='word_1_579' title='bbox 3521 3191 3576 3238; x_wconf 90' lang='lat' dir='ltr'><strong>et</strong></span> <span class='ocrx_word' id='word_1_580' title='bbox 3609 3181 3703 3236; x_wconf 65' lang='grc' dir='ltr'><strong>Εἰς</strong></span> 
     </span>
    </p>
   </div>
   <div class='ocr_carea' id='block_1_79' title="bbox 2124 3274 3699 3348">
    <p class='ocr_par' dir='ltr' id='par_1_79' title="bbox 2124 3274 3699 3348">
     <span class='ocr_line' id='line_1_79' title="bbox 2124 3274 3699 3348; baseline -0.003 -16"><span class='ocrx_word' id='word_1_581' title='bbox 2124 3278 2255 3341; x_wconf 90' lang='lat' dir='ltr'><strong>lius,</strong></span> <span class='ocrx_word' id='word_1_582' title='bbox 2299 3277 2394 3348; x_wconf 90' lang='lat' dir='ltr'><strong>qui</strong></span> <span class='ocrx_word' id='word_1_583' title='bbox 2420 3277 2625 3333; x_wconf 86' lang='lat' dir='ltr'><strong>veritas</strong></span> <span class='ocrx_word' id='word_1_584' title='bbox 2674 3285 2779 3343; x_wconf 90' lang='lat' dir='ltr'><strong>est,</strong></span> <span class='ocrx_word' id='word_1_585' title='bbox 2832 3274 3003 3332; x_wconf 89' lang='lat' dir='ltr'><strong>Deum</strong></span> <span class='ocrx_word' id='word_1_586' title='bbox 3037 3291 3227 3331; x_wconf 87' lang='lat' dir='ltr'><strong>verum</strong></span> <span class='ocrx_word' id='word_1_587' title='bbox 3274 3275 3491 3330; x_wconf 90' lang='lat' dir='ltr'><strong>Patrem</strong></span> <span class='ocrx_word' id='word_1_588' title='bbox 3539 3289 3699 3329; x_wconf 90' lang='lat' dir='ltr'><strong>suum</strong></span> 
     </span>
    </p>
   </div>
   <div class='ocr_carea' id='block_1_80' title="bbox 2125 3364 3694 3438">
    <p class='ocr_par' dir='ltr' id='par_1_80' title="bbox 2125 3364 3694 3438">
     <span class='ocr_line' id='line_1_80' title="bbox 2125 3364 3694 3438; baseline -0.004 -16"><span class='ocrx_word' id='word_1_589' title='bbox 2125 3383 2245 3423; x_wconf 88' lang='lat' dir='ltr'><strong>esse</strong></span> <span class='ocrx_word' id='word_1_590' title='bbox 2278 3367 2364 3438; x_wconf 91' lang='lat' dir='ltr'><strong>pie</strong></span> <span class='ocrx_word' id='word_1_591' title='bbox 2398 3382 2500 3423; x_wconf 93' lang='lat' dir='ltr'><strong>nos</strong></span> <span class='ocrx_word' id='word_1_592' title='bbox 2549 3367 2789 3431; x_wconf 87' lang='lat' dir='ltr'><strong>edocuit,</strong></span> <span class='ocrx_word' id='word_1_593' title='bbox 2831 3367 3057 3423; x_wconf 90' lang='lat' dir='ltr'><strong>dicens:</strong></span> <span class='ocrx_word' id='word_1_594' title='bbox 3099 3367 3205 3433; x_wconf 82' lang='lat' dir='ltr'><strong>Qui</strong></span> <span class='ocrx_word' id='word_1_595' title='bbox 3249 3366 3384 3420; x_wconf 81' lang='lat' dir='ltr'><strong>videt</strong></span> <span class='ocrx_word' id='word_1_596' title='bbox 3422 3381 3523 3431; x_wconf 87' lang='lat' dir='ltr'><strong>me,</strong></span> <span class='ocrx_word' id='word_1_597' title='bbox 3558 3364 3694 3419; x_wconf 82' lang='lat' dir='ltr'><strong>videt</strong></span> 
     </span>
    </p>
   </div>
   <div class='ocr_carea' id='block_1_81' title="bbox 2126 3457 3706 3530">
    <p class='ocr_par' dir='ltr' id='par_1_81' title="bbox 2126 3457 3706 3530">
     <span class='ocr_line' id='line_1_81' title="bbox 2126 3457 3706 3530; baseline -0.003 -15"><span class='ocrx_word' id='word_1_598' title='bbox 2126 3468 2176 3515; x_wconf 88' lang='lat' dir='ltr'><strong>et</strong></span> <span class='ocrx_word' id='word_1_599' title='bbox 2198 3458 2475 3514; x_wconf 70' lang='lat' dir='ltr'><strong>Patrem‘.</strong></span> <span class='ocrx_word' id='word_1_600' title='bbox 2508 3457 2683 3530; x_wconf 86' lang='lat' dir='ltr'><strong>Igitur</strong></span> <span class='ocrx_word' id='word_1_601' title='bbox 2713 3458 2915 3513; x_wconf 87' lang='lat' dir='ltr'><strong>Filium</strong></span> <span class='ocrx_word' id='word_1_602' title='bbox 2952 3459 3007 3513; x_wconf 91' lang='lat' dir='ltr'><strong>in</strong></span> <span class='ocrx_word' id='word_1_603' title='bbox 3031 3458 3239 3529; x_wconf 90' lang='lat' dir='ltr'><strong>Spiritu</strong></span> <span class='ocrx_word' id='word_1_604' title='bbox 3270 3465 3482 3523; x_wconf 88' lang='lat' dir='ltr'><strong>sancto,</strong></span> <span class='ocrx_word' id='word_1_605' title='bbox 3513 3465 3572 3512; x_wconf 91' lang='lat' dir='ltr'><strong>ut</strong></span> <span class='ocrx_word' id='word_1_606' title='bbox 3605 3471 3706 3528; x_wconf 86' lang='lat' dir='ltr'><strong>par</strong></span> 
     </span>
    </p>
   </div>
   <div class='ocr_carea' id='block_1_82' title="bbox 2752 3547 3704 3619">
    <p class='ocr_par' dir='ltr' id='par_1_82' title="bbox 2752 3547 3704 3619">
     <span class='ocr_line' id='line_1_82' title="bbox 2752 3547 3704 3619; baseline -0.001 -16"><span class='ocrx_word' id='word_1_607' title='bbox 2752 3549 2808 3604; x_wconf 93' lang='lat' dir='ltr'><strong>in</strong></span> <span class='ocrx_word' id='word_1_608' title='bbox 2837 3547 3116 3619; x_wconf 87' lang='lat' dir='ltr'><strong>unigenito</strong></span> <span class='ocrx_word' id='word_1_609' title='bbox 3157 3564 3285 3604; x_wconf 84' lang='lat' dir='ltr'><strong>vero</strong></span> <span class='ocrx_word' id='word_1_610' title='bbox 3324 3548 3463 3603; x_wconf 84' lang='lat' dir='ltr'><strong>Filio</strong></span> <span class='ocrx_word' id='word_1_611' title='bbox 3505 3549 3614 3619; x_wconf 84' lang='lat' dir='ltr'><strong>pie.</strong></span> <span class='ocrx_word' id='word_1_612' title='bbox 3646 3558 3704 3602; x_wconf 85' lang='lat' dir='ltr'><strong>et</strong></span> 
     </span>
    </p>
   </div>
   <div class='ocr_carea' id='block_1_83' title="bbox 2128 3638 3705 3712">
    <p class='ocr_par' dir='ltr' id='par_1_83' title="bbox 2128 3638 3705 3712">
     <span class='ocr_line' id='line_1_83' title="bbox 2128 3638 3705 3712; baseline -0.002 -16"><span class='ocrx_word' id='word_1_613' title='bbox 2128 3650 2190 3696; x_wconf 82' lang='lat' dir='ltr'><strong>ut</strong></span> <span class='ocrx_word' id='word_1_614' title='bbox 2232 3657 2334 3712; x_wconf 91' lang='lat' dir='ltr'><strong>par</strong></span> <span class='ocrx_word' id='word_1_615' title='bbox 2369 3651 2474 3704; x_wconf 83' lang='lat' dir='ltr'><strong>est,</strong></span> <span class='ocrx_word' id='word_1_616' title='bbox 2508 3639 2729 3695; x_wconf 87' lang='lat' dir='ltr'><strong>Patrem</strong></span> <span class='ocrx_word' id='word_1_617' title='bbox 2772 3654 2895 3696; x_wconf 90' lang='lat' dir='ltr'><strong>esse</strong></span> <span class='ocrx_word' id='word_1_618' title='bbox 2942 3655 3250 3696; x_wconf 90' lang='lat' dir='ltr'><strong>censemus.</strong></span> <span class='ocrx_word' id='word_1_619' title='bbox 3304 3638 3421 3694; x_wconf 85' lang='lat' dir='ltr'><strong>Hoc</strong></span> <span class='ocrx_word' id='word_1_620' title='bbox 3463 3648 3547 3694; x_wconf 90' lang='lat' dir='ltr'><strong>est</strong></span> <span class='ocrx_word' id='word_1_621' title='bbox 3581 3639 3705 3695; x_wconf 87' lang='lat' dir='ltr'><strong>ﬁdei</strong></span> 
     </span>
    </p>
   </div>
   <div class='ocr_carea' id='block_1_84' title="bbox 2127 3722 3709 3811">
    <p class='ocr_par' dir='ltr' id='par_1_84' title="bbox 2127 3722 3709 3811">
     <span class='ocr_line' id='line_1_84' title="bbox 2127 3722 3709 3811; baseline -0.002 -22"><span class='ocrx_word' id='word_1_622' title='bbox 2127 3722 2276 3811; x_wconf 71' lang='lat' dir='ltr'><strong>velut</strong></span> <span class='ocrx_word' id='word_1_623' title='bbox 2322 3733 2595 3805; x_wconf 89' lang='lat' dir='ltr'><strong>sigillum;</strong></span> <span class='ocrx_word' id='word_1_624' title='bbox 2635 3732 2688 3786; x_wconf 91' lang='lat' dir='ltr'><strong>in</strong></span> <span class='ocrx_word' id='word_1_625' title='bbox 2718 3746 2828 3802; x_wconf 92' lang='lat' dir='ltr'><strong>quo</strong></span> <span class='ocrx_word' id='word_1_626' title='bbox 2869 3730 3141 3801; x_wconf 85' lang='lat' dir='ltr'><strong>baptizari</strong></span> <span class='ocrx_word' id='word_1_627' title='bbox 3187 3747 3291 3788; x_wconf 83' lang='lat' dir='ltr'><strong>nos</strong></span> <span class='ocrx_word' id='word_1_628' title='bbox 3353 3730 3603 3785; x_wconf 85' lang='lat' dir='ltr'><strong>Salvator</strong></span> <span class='ocrx_word' id='word_1_629' title='bbox 3643 3745 3709 3786; x_wconf 88' lang='lat' dir='ltr'><strong>ac</strong></span> 
     </span>
    </p>
   </div>
   <div class='ocr_carea' id='block_1_85' title="bbox 2130 3820 3705 3892">
    <p class='ocr_par' dir='ltr' id='par_1_85' title="bbox 2130 3820 3705 3892">
     <span class='ocr_line' id='line_1_85' title="bbox 2130 3820 3705 3892; baseline -0.002 -15"><span class='ocrx_word' id='word_1_630' title='bbox 2130 3823 2396 3879; x_wconf 90' lang='lat' dir='ltr'><strong>Dominus</strong></span> <span class='ocrx_word' id='word_1_631' title='bbox 2431 3820 2594 3878; x_wconf 78' lang='lat' dir='ltr'><strong>Jcsus</strong></span> <span class='ocrx_word' id='word_1_632' title='bbox 2624 3821 2881 3877; x_wconf 84' lang='lat' dir='ltr'><strong>Christus</strong></span> <span class='ocrx_word' id='word_1_633' title='bbox 2909 3822 3208 3892; x_wconf 87' lang='lat' dir='ltr'><strong>aliquando</strong></span> <span class='ocrx_word' id='word_1_634' title='bbox 3245 3822 3434 3891; x_wconf 87' lang='lat' dir='ltr'><strong>jussit,</strong></span> <span class='ocrx_word' id='word_1_635' title='bbox 3466 3822 3552 3877; x_wconf 91' lang='lat' dir='ltr'><strong>his</strong></span> <span class='ocrx_word' id='word_1_636' title='bbox 3581 3836 3705 3877; x_wconf 81' lang='lat' dir='ltr'><strong>vcr-</strong></span> 
     </span>
    </p>
   </div>
   <div class='ocr_carea' id='block_1_86' title="bbox 2128 3913 3707 3983">
    <p class='ocr_par' dir='ltr' id='par_1_86' title="bbox 2128 3913 3707 3983">
     <span class='ocr_line' id='line_1_86' title="bbox 2128 3913 3707 3983; baseline -0.002 -12"><span class='ocrx_word' id='word_1_637' title='bbox 2128 3915 2249 3971; x_wconf 89' lang='lat' dir='ltr'><strong>bis:</strong></span> <span class='ocrx_word' id='word_1_638' title='bbox 2285 3914 2483 3969; x_wconf 84' lang='lat' dir='ltr'><strong>Euntes</strong></span> <span class='ocrx_word' id='word_1_639' title='bbox 2524 3913 2702 3969; x_wconf 82' lang='lat' dir='ltr'><strong>docete</strong></span> <span class='ocrx_word' id='word_1_640' title='bbox 2732 3931 2908 3970; x_wconf 88' lang='lat' dir='ltr'><strong>omnes</strong></span> <span class='ocrx_word' id='word_1_641' title='bbox 2948 3925 3143 3978; x_wconf 84' lang='lat' dir='ltr'><strong>qentes,</strong></span> <span class='ocrx_word' id='word_1_642' title='bbox 3179 3913 3507 3983; x_wconf 78' lang='lat' dir='ltr'><strong>baptizanles</strong></span> <span class='ocrx_word' id='word_1_643' title='bbox 3537 3931 3623 3968; x_wconf 86' lang='lat' dir='ltr'><strong>eos</strong></span> <span class='ocrx_word' id='word_1_644' title='bbox 3651 3918 3707 3968; x_wconf 73' lang='grc' dir='ltr'>επ</span> 
     </span>
    </p>
   </div>
   <div class='ocr_carea' id='block_1_87' title="bbox 2130 4003 3447 4076">
    <p class='ocr_par' dir='ltr' id='par_1_87' title="bbox 2130 4003 3447 4076">
     <span class='ocr_line' id='line_1_87' title="bbox 2130 4003 3447 4076; baseline 0 -16"><span class='ocrx_word' id='word_1_645' title='bbox 2130 4008 2339 4062; x_wconf 85' lang='lat' dir='ltr'><strong>nomine</strong></span> <span class='ocrx_word' id='word_1_646' title='bbox 2374 4005 2573 4070; x_wconf 79' lang='lat' dir='ltr'><strong>Patris,</strong></span> <span class='ocrx_word' id='word_1_647' title='bbox 2611 4018 2659 4060; x_wconf 89' lang='lat' dir='ltr'><strong>et</strong></span> <span class='ocrx_word' id='word_1_648' title='bbox 2682 4003 2838 4069; x_wconf 84' lang='lat' dir='ltr'><strong>Filii,</strong></span> <span class='ocrx_word' id='word_1_649' title='bbox 2860 4023 2922 4061; x_wconf 81' lang='lat' dir='ltr'><strong>ac</strong></span> <span class='ocrx_word' id='word_1_650' title='bbox 2957 4006 3187 4076; x_wconf 81' lang='lat' dir='ltr'><strong>Spiritus</strong></span> <span class='ocrx_word' id='word_1_651' title='bbox 3214 4006 3447 4060; x_wconf 67' lang='lat' dir='ltr'><strong>sancti“.</strong></span> 
     </span>
    </p>
   </div>
   <div class='ocr_carea' id='block_1_88' title="bbox 2205 4094 3710 4167">
    <p class='ocr_par' dir='ltr' id='par_1_88' title="bbox 2205 4094 3710 4167">
     <span class='ocr_line' id='line_1_88' title="bbox 2205 4094 3710 4167; baseline 0.001 -17"><span class='ocrx_word' id='word_1_652' title='bbox 2205 4096 2373 4151; x_wconf 84' lang='lat' dir='ltr'>XVII.</span> <span class='ocrx_word' id='word_1_653' title='bbox 2420 4096 2691 4152; x_wconf 67' lang='lat' dir='ltr'><strong>Cmterum</strong></span> <span class='ocrx_word' id='word_1_654' title='bbox 2726 4112 2849 4153; x_wconf 93' lang='lat' dir='ltr'><strong>cum</strong></span> <span class='ocrx_word' id='word_1_655' title='bbox 2881 4097 2949 4152; x_wconf 90' lang='lat' dir='ltr'><strong>de</strong></span> <span class='ocrx_word' id='word_1_656' title='bbox 2980 4096 3220 4167; x_wconf 83' lang='lat' dir='ltr'><strong>perfecta</strong></span> <span class='ocrx_word' id='word_1_657' title='bbox 3250 4094 3372 4151; x_wconf 90' lang='lat' dir='ltr'><strong>Filii</strong></span> <span class='ocrx_word' id='word_1_658' title='bbox 3399 4111 3523 4150; x_wconf 91' lang='lat' dir='ltr'><strong>cum</strong></span> <span class='ocrx_word' id='word_1_659' title='bbox 3549 4094 3710 4151; x_wconf 87' lang='lat' dir='ltr'><strong>Patre</strong></span> 
     </span>
    </p>
   </div>
   <div class='ocr_carea' id='block_1_89' title="bbox 2132 4174 3710 4259">
    <p class='ocr_par' dir='ltr' id='par_1_89' title="bbox 2132 4174 3710 4259">
     <span class='ocr_line' id='line_1_89' title="bbox 2132 4174 3710 4259; baseline -0.003 -14"><span class='ocrx_word' id='word_1_660' title='bbox 2132 4174 2497 4245; x_wconf 85' lang='lat' dir='ltr'><strong>similitudine</strong></span> <span class='ocrx_word' id='word_1_661' title='bbox 2536 4188 2646 4243; x_wconf 89' lang='lat' dir='ltr'><strong>alio</strong></span> <span class='ocrx_word' id='word_1_662' title='bbox 2698 4189 2823 4245; x_wconf 91' lang='lat' dir='ltr'><strong>loco</strong></span> <span class='ocrx_word' id='word_1_663' title='bbox 2874 4189 3054 4245; x_wconf 82' lang='lat' dir='ltr'><strong>fusius</strong></span> <span class='ocrx_word' id='word_1_664' title='bbox 3082 4188 3583 4259; x_wconf 84' lang='lat' dir='ltr'><strong>disputaverimus,</strong></span> <span class='ocrx_word' id='word_1_665' title='bbox 3618 4187 3710 4241; x_wconf 90' lang='lat' dir='ltr'><strong>hic</strong></span> 
     </span>
    </p>
   </div>
   <div class='ocr_carea' id='block_1_90' title="bbox 2134 4275 3695 4348">
    <p class='ocr_par' dir='ltr' id='par_1_90' title="bbox 2134 4275 3695 4348">
     <span class='ocr_line' id='line_1_90' title="bbox 2134 4275 3695 4348; baseline -0.004 -14"><span class='ocrx_word' id='word_1_666' title='bbox 2134 4288 2319 4334; x_wconf 89' lang='lat' dir='ltr'><strong>tamen</strong></span> <span class='ocrx_word' id='word_1_667' title='bbox 2351 4279 2590 4334; x_wconf 86' lang='lat' dir='ltr'><strong>breviter</strong></span> <span class='ocrx_word' id='word_1_668' title='bbox 2618 4279 2913 4334; x_wconf 90' lang='lat' dir='ltr'><strong>observare</strong></span> <span class='ocrx_word' id='word_1_669' title='bbox 2957 4292 3065 4332; x_wconf 92' lang='lat' dir='ltr'><strong>non</strong></span> <span class='ocrx_word' id='word_1_670' title='bbox 3094 4277 3319 4348; x_wconf 76' lang='lat' dir='ltr'><strong>pigebit,</strong></span> <span class='ocrx_word' id='word_1_671' title='bbox 3348 4275 3695 4346; x_wconf 81' lang='lat' dir='ltr'><strong>Apostolum,</strong></span> 
     </span>
    </p>
   </div>
   <div class='ocr_carea' id='block_1_91' title="bbox 2132 4364 3709 4441">
    <p class='ocr_par' dir='ltr' id='par_1_91' title="bbox 2132 4364 3709 4441">
     <span class='ocr_line' id='line_1_91' title="bbox 2132 4364 3709 4441; baseline -0.001 -16"><span class='ocrx_word' id='word_1_672' title='bbox 2132 4371 2223 4441; x_wconf 91' lang='lat' dir='ltr'><strong>qui</strong></span> <span class='ocrx_word' id='word_1_673' title='bbox 2243 4368 2408 4441; x_wconf 69' lang='grc'><strong>864</strong></span> <span class='ocrx_word' id='word_1_674' title='bbox 2434 4368 2524 4424; x_wconf 91' lang='lat' dir='ltr'><strong>Dei</strong></span> <span class='ocrx_word' id='word_1_675' title='bbox 2556 4383 2667 4424; x_wconf 90' lang='lat' dir='ltr'><strong>non</strong></span> <span class='ocrx_word' id='word_1_676' title='bbox 2684 4368 3033 4440; x_wconf 88' lang='lat' dir='ltr'><strong>aspectabilis</strong></span> <span class='ocrx_word' id='word_1_677' title='bbox 3063 4368 3351 4438; x_wconf 82' lang='lat' dir='ltr'><strong>imaginem</strong></span> <span class='ocrx_word' id='word_1_678' title='bbox 3374 4364 3569 4423; x_wconf 88' lang='lat' dir='ltr'><strong>Filium</strong></span> <span class='ocrx_word' id='word_1_679' title='bbox 3585 4381 3709 4423; x_wconf 86' lang='lat' dir='ltr'><strong>esse</strong></span> 
     </span>
    </p>
   </div>
   <div class='ocr_carea' id='block_1_92' title="bbox 2137 4451 3705 4533">
    <p class='ocr_par' dir='ltr' id='par_1_92' title="bbox 2137 4451 3705 4533">
     <span class='ocr_line' id='line_1_92' title="bbox 2137 4451 3705 4533; baseline -0.003 -15"><span class='ocrx_word' id='word_1_680' title='bbox 2137 4451 2296 4525; x_wconf 88' lang='lat' dir='ltr'><strong>dixit,</strong></span> <span class='ocrx_word' id='word_1_681' title='bbox 2331 4477 2506 4533; x_wconf 90' lang='lat' dir='ltr'><strong>eoque</strong></span> <span class='ocrx_word' id='word_1_682' title='bbox 2531 4461 2691 4518; x_wconf 82' lang='lat' dir='ltr'><strong>modo</strong></span> <span class='ocrx_word' id='word_1_683' title='bbox 2722 4461 2903 4518; x_wconf 89' lang='lat' dir='ltr'><strong>Patris</strong></span> <span class='ocrx_word' id='word_1_684' title='bbox 2931 4477 3057 4518; x_wconf 86' lang='lat' dir='ltr'><strong>esse</strong></span> <span class='ocrx_word' id='word_1_685' title='bbox 3083 4460 3318 4517; x_wconf 89' lang='lat' dir='ltr'><strong>similem</strong></span> <span class='ocrx_word' id='word_1_686' title='bbox 3353 4459 3560 4522; x_wconf 89' lang='lat' dir='ltr'><strong>docuit,</strong></span> <span class='ocrx_word' id='word_1_687' title='bbox 3594 4459 3705 4513; x_wconf 89' lang='lat' dir='ltr'><strong>alio</strong></span> 
     </span>
    </p>
   </div>
   <div class='ocr_carea' id='block_1_93' title="bbox 2136 4548 3708 4633">
    <p class='ocr_par' dir='ltr' id='par_1_93' title="bbox 2136 4548 3708 4633">
     <span class='ocr_line' id='line_1_93' title="bbox 2136 4548 3708 4633; baseline -0.004 -25"><span class='ocrx_word' id='word_1_688' title='bbox 2136 4554 2374 4624; x_wconf 89' lang='lat' dir='ltr'><strong>quodam</strong></span> <span class='ocrx_word' id='word_1_689' title='bbox 2431 4554 2487 4608; x_wconf 90' lang='lat' dir='ltr'><strong>in</strong></span> <span class='ocrx_word' id='word_1_690' title='bbox 2534 4552 2658 4609; x_wconf 88' lang='lat' dir='ltr'><strong>loco</strong></span> <span class='ocrx_word' id='word_1_691' title='bbox 2693 4551 3155 4633; x_wconf 84' lang='lat' dir='ltr'><strong>quemadmodum</strong></span> <span class='ocrx_word' id='word_1_692' title='bbox 3206 4549 3280 4606; x_wconf 87' lang='lat' dir='ltr'><strong>sit</strong></span> <span class='ocrx_word' id='word_1_693' title='bbox 3316 4548 3708 4619; x_wconf 86' lang='lat' dir='ltr'><strong>intelligendus</strong></span> 
     </span>
    </p>
   </div>
   <div class='ocr_carea' id='block_1_94' title="bbox 456 4630 2019 4723">
    <p class='ocr_par' dir='ltr' id='par_1_94' title="bbox 456 4630 2019 4704">
     <span class='ocr_line' id='line_1_94' title="bbox 456 4630 2019 4704; baseline -0.003 -16"><span class='ocrx_word' id='word_1_694' title='bbox 456 4634 585 4688; x_wconf 85' lang='grc' dir='ltr'>Υἱὺν</span> <span class='ocrx_word' id='word_1_695' title='bbox 601 4632 932 4704; x_wconf 82' lang='grc' dir='ltr'>παρέδωκεν.</span> <span class='ocrx_word' id='word_1_696' title='bbox 975 4632 1063 4685; x_wconf 86' lang='grc' dir='ltr'>Ἐν</span> <span class='ocrx_word' id='word_1_697' title='bbox 1076 4630 1184 4702; x_wconf 85' lang='grc' dir='ltr'>γὰρ</span> <span class='ocrx_word' id='word_1_698' title='bbox 1206 4632 1270 4702; x_wconf 80' lang='grc' dir='ltr'>τῇ</span> <span class='ocrx_word' id='word_1_699' title='bbox 1292 4631 1428 4702; x_wconf 83' lang='grc' dir='ltr'>πρὸς</span> <span class='ocrx_word' id='word_1_700' title='bbox 1453 4630 1842 4703; x_wconf 80' lang='grc' dir='ltr'>Φιλιππησίους</span> <span class='ocrx_word' id='word_1_701' title='bbox 1885 4633 2019 4684; x_wconf 84' lang='grc' dir='ltr'>Ἐπι‹</span> 
     </span>
    </p>
   </div>
   <div class='ocr_carea' id='block_1_95' title="bbox 2123 4630 3704 4723">
    <p class='ocr_par' dir='ltr' id='par_1_95' title="bbox 2136 4630 3704 4713">
     <span class='ocr_line' id='line_1_95' title="bbox 2136 4630 3704 4713; baseline -0.003 -17"><span class='ocrx_word' id='word_1_702' title='bbox 2136 4640 2307 4698; x_wconf 90' lang='lat' dir='ltr'><strong>Filius</strong></span> <span class='ocrx_word' id='word_1_703' title='bbox 2350 4643 2652 4713; x_wconf 90' lang='lat' dir='ltr'><strong>aperuisse.</strong></span> <span class='ocrx_word' id='word_1_704' title='bbox 2707 4640 2843 4698; x_wconf 88' lang='lat' dir='ltr'><strong>Nam</strong></span> <span class='ocrx_word' id='word_1_705' title='bbox 2879 4642 2933 4695; x_wconf 92' lang='lat' dir='ltr'><strong>in</strong></span> <span class='ocrx_word' id='word_1_706' title='bbox 2972 4630 3239 4711; x_wconf 67' lang='lat' dir='ltr'><strong>EpiStola,</strong></span> <span class='ocrx_word' id='word_1_707' title='bbox 3273 4655 3437 4710; x_wconf 90' lang='lat' dir='ltr'><strong>quam</strong></span> <span class='ocrx_word' id='word_1_708' title='bbox 3473 4638 3542 4693; x_wconf 89' lang='lat' dir='ltr'><strong>ad</strong></span> <span class='ocrx_word' id='word_1_709' title='bbox 3583 4637 3704 4692; x_wconf 78' lang='lat' dir='ltr'><strong>Plii-</strong></span> 
     </span>
    </p>
   </div>
   <div class='ocr_carea' id='block_1_96' title="bbox 458 4722 2019 4802">
    <p class='ocr_par' dir='ltr' id='par_1_96' title="bbox 458 4722 2019 4799">
     <span class='ocr_line' id='line_1_96' title="bbox 458 4722 2019 4799; baseline -0.002 -18"><span class='ocrx_word' id='word_1_710' title='bbox 458 4726 618 4799; x_wconf 84' lang='grc' dir='ltr'>στολῇ</span> <span class='ocrx_word' id='word_1_711' title='bbox 642 4742 838 4797; x_wconf 82' lang='grc' dir='ltr'>φησιν’</span> <span class='ocrx_word' id='word_1_712' title='bbox 878 4727 995 4790; x_wconf 86' lang='grc' dir='ltr'>Ὃς,</span> <span class='ocrx_word' id='word_1_713' title='bbox 1018 4724 1087 4778; x_wconf 78' lang='grc' dir='ltr'><strong>ἐν</strong></span> <span class='ocrx_word' id='word_1_714' title='bbox 1124 4722 1327 4793; x_wconf 74' lang='grc' dir='ltr'>μορφῇ</span> <span class='ocrx_word' id='word_1_715' title='bbox 1371 4723 1518 4778; x_wconf 83' lang='grc' dir='ltr'>Θεοῦ</span> <span class='ocrx_word' id='word_1_716' title='bbox 1575 4722 1881 4794; x_wconf 76' lang='grc' dir='ltr'>ὑπάρχων,</span> <span class='ocrx_word' id='word_1_717' title='bbox 1920 4727 2019 4794; x_wconf 61' lang='grc' dir='ltr'><strong>οὐχ</strong></span> 
     </span>
    </p>
   </div>
   <div class='ocr_carea' id='block_1_97' title="bbox 2123 4722 3709 4802">
    <p class='ocr_par' dir='ltr' id='par_1_97' title="bbox 2143 4727 3709 4802">
     <span class='ocr_line' id='line_1_97' title="bbox 2143 4727 3709 4802; baseline -0.003 -17"><span class='ocrx_word' id='word_1_718' title='bbox 2143 4731 2420 4802; x_wconf 85' lang='lat' dir='ltr'><strong>lippenses</strong></span> <span class='ocrx_word' id='word_1_719' title='bbox 2452 4730 2696 4802; x_wconf 86' lang='lat' dir='ltr'><strong>scripsit,</strong></span> <span class='ocrx_word' id='word_1_720' title='bbox 2725 4731 2801 4785; x_wconf 90' lang='lat' dir='ltr'><strong>ita</strong></span> <span class='ocrx_word' id='word_1_721' title='bbox 2834 4730 3114 4800; x_wconf 88' lang='lat' dir='ltr'><strong>loquitur:</strong></span> <span class='ocrx_word' id='word_1_722' title='bbox 3147 4728 3251 4796; x_wconf 83' lang='lat' dir='ltr'><strong>Qui</strong></span> <span class='ocrx_word' id='word_1_723' title='bbox 3287 4744 3409 4782; x_wconf 83' lang='lat' dir='ltr'><strong>cum</strong></span> <span class='ocrx_word' id='word_1_724' title='bbox 3440 4729 3496 4782; x_wconf 85' lang='lat' dir='ltr'><strong>in</strong></span> <span class='ocrx_word' id='word_1_725' title='bbox 3530 4727 3709 4797; x_wconf 76' lang='lat' dir='ltr'><strong>[arma</strong></span> 
     </span>
    </p>
   </div>
   <div class='ocr_carea' id='block_1_98' title="bbox 456 4812 2033 4889">
    <p class='ocr_par' dir='ltr' id='par_1_98' title="bbox 456 4812 2033 4889">
     <span class='ocr_line' id='line_1_98' title="bbox 456 4812 2033 4889; baseline -0.004 -15"><span class='ocrx_word' id='word_1_726' title='bbox 456 4819 772 4889; x_wconf 61' lang='grc' dir='ltr'>ἁρπαγμὸν</span> <span class='ocrx_word' id='word_1_727' title='bbox 806 4816 1077 4888; x_wconf 70' lang='grc' dir='ltr'>ἡγήσατο</span> <span class='ocrx_word' id='word_1_728' title='bbox 1115 4816 1180 4869; x_wconf 86' lang='grc' dir='ltr'>τὸ</span> <span class='ocrx_word' id='word_1_729' title='bbox 1228 4812 1381 4869; x_wconf 75' lang='grc' dir='ltr'>εἶναι</span> <span class='ocrx_word' id='word_1_730' title='bbox 1410 4815 1517 4869; x_wconf 77' lang='grc' dir='ltr'>ἶσα</span> <span class='ocrx_word' id='word_1_731' title='bbox 1545 4814 1666 4881; x_wconf 86' lang='grc' dir='ltr'><strong>Θεῷ</strong></span> <span class='ocrx_word' id='word_1_732' title='bbox 1684 4832 1697 4844; x_wconf 93' lang='grc'><strong>·</strong></span> <span class='ocrx_word' id='word_1_733' title='bbox 1733 4815 1870 4869; x_wconf 75' lang='grc' dir='ltr'><em>ἀλλ’</em></span> <span class='ocrx_word' id='word_1_734' title='bbox 1897 4815 2033 4869; x_wconf 86' lang='grc' dir='ltr'>ἐαυ-</span> 
     </span>
    </p>
   </div>
   <div class='ocr_carea' id='block_1_99' title="bbox 458 4906 2032 4978">
    <p class='ocr_par' dir='ltr' id='par_1_99' title="bbox 458 4906 2032 4978">
     <span class='ocr_line' id='line_1_99' title="bbox 458 4906 2032 4978; baseline -0.005 -12"><span class='ocrx_word' id='word_1_735' title='bbox 458 4912 567 4966; x_wconf 77' lang='grc' dir='ltr'><strong>τὸν</strong></span> <span class='ocrx_word' id='word_1_736' title='bbox 612 4910 892 4976; x_wconf 80' lang='grc' dir='ltr'>ἐκένωσε,</span> <span class='ocrx_word' id='word_1_737' title='bbox 925 4906 1167 4978; x_wconf 70' lang='grc' dir='ltr'>μορφὴν</span> <span class='ocrx_word' id='word_1_738' title='bbox 1207 4907 1434 4961; x_wconf 77' lang='grc' dir='ltr'>δούλου</span> <span class='ocrx_word' id='word_1_739' title='bbox 1473 4906 1693 4970; x_wconf 78' lang='grc' dir='ltr'>λαϐὼν,</span> <span class='ocrx_word' id='word_1_740' title='bbox 1731 4906 1799 4960; x_wconf 80' lang='grc' dir='ltr'><strong>ἐν</strong></span> <span class='ocrx_word' id='word_1_741' title='bbox 1826 4906 2032 4977; x_wconf 78' lang='grc' dir='ltr'>ὁμοιώ-</span> 
     </span>
    </p>
   </div>
   <div class='ocr_carea' id='block_1_100' title="bbox 456 4997 2034 5075">
    <p class='ocr_par' dir='ltr' id='par_1_100' title="bbox 456 4997 2034 5075">
     <span class='ocr_line' id='line_1_100' title="bbox 456 4997 2034 5075; baseline -0.003 -17"><span class='ocrx_word' id='word_1_742' title='bbox 456 5020 596 5075; x_wconf 82' lang='grc' dir='ltr'>ματι</span> <span class='ocrx_word' id='word_1_743' title='bbox 655 5001 981 5069; x_wconf 76' lang='grc' dir='ltr'>ἀνθρώπων</span> <span class='ocrx_word' id='word_1_744' title='bbox 1027 5001 1375 5070; x_wconf 77' lang='grc' dir='ltr'>γενόμενος’</span> <span class='ocrx_word' id='word_1_745' title='bbox 1432 4999 1490 5051; x_wconf 85' lang='grc' dir='ltr'>ὲν</span> <span class='ocrx_word' id='word_1_746' title='bbox 1540 4997 1597 5051; x_wconf 86' lang='grc' dir='ltr'>δὲ</span> <span class='ocrx_word' id='word_1_747' title='bbox 1628 4999 1694 5070; x_wconf 82' lang='grc' dir='ltr'><strong>τῇ</strong></span> <span class='ocrx_word' id='word_1_748' title='bbox 1727 4999 1861 5070; x_wconf 81' lang='grc' dir='ltr'>πρὸς</span> <span class='ocrx_word' id='word_1_749' title='bbox 1900 4998 2034 5053; x_wconf 73' lang='grc' dir='ltr'>Ῥωσ</span> 
     </span>
    </p>
   </div>
   <div class='ocr_carea' id='block_1_101' title="bbox 464 5083 2034 5165">
    <p class='ocr_par' dir='ltr' id='par_1_101' title="bbox 464 5083 2034 5165">
     <span class='ocr_line' id='line_1_101' title="bbox 464 5083 2034 5165; baseline -0.003 -19"><span class='ocrx_word' id='word_1_750' title='bbox 464 5096 684 5165; x_wconf 86' lang='grc' dir='ltr'>μαίους·</span> <span class='ocrx_word' id='word_1_751' title='bbox 721 5092 790 5148; x_wconf 83' lang='grc' dir='ltr'><em>Τὸ</em></span> <span class='ocrx_word' id='word_1_752' title='bbox 813 5091 926 5162; x_wconf 77' lang='grc' dir='ltr'>γὰρ</span> <span class='ocrx_word' id='word_1_753' title='bbox 947 5091 1246 5146; x_wconf 74' lang='grc' dir='ltr'>ἀδύνατον</span> <span class='ocrx_word' id='word_1_754' title='bbox 1264 5090 1371 5144; x_wconf 85' lang='grc' dir='ltr'><strong>τοῦ</strong></span> <span class='ocrx_word' id='word_1_755' title='bbox 1395 5090 1604 5160; x_wconf 80' lang='grc' dir='ltr'>νόμου,</span> <span class='ocrx_word' id='word_1_756' title='bbox 1624 5091 1695 5144; x_wconf 79' lang='grc' dir='ltr'><strong>ἐν</strong></span> <span class='ocrx_word' id='word_1_757' title='bbox 1716 5083 1764 5157; x_wconf 82' lang='grc' dir='ltr'>ᾧ</span> <span class='ocrx_word' id='word_1_758' title='bbox 1791 5088 2034 5159; x_wconf 77' lang='grc' dir='ltr'>ἠσθένει</span> 
     </span>
    </p>
   </div>
   <div class='ocr_carea' id='block_1_102' title="bbox 459 5181 2037 5254">
    <p class='ocr_par' dir='ltr' id='par_1_102' title="bbox 459 5181 2037 5254">
     <span class='ocr_line' id='line_1_102' title="bbox 459 5181 2037 5254; baseline -0.004 -13"><span class='ocrx_word' id='word_1_759' title='bbox 459 5187 560 5241; x_wconf 80' lang='grc' dir='ltr'>διὰ</span> <span class='ocrx_word' id='word_1_760' title='bbox 574 5186 687 5254; x_wconf 82' lang='grc' dir='ltr'>τῆς</span> <span class='ocrx_word' id='word_1_761' title='bbox 712 5185 958 5253; x_wconf 80' lang='grc' dir='ltr'>σαρκὸς,</span> <span class='ocrx_word' id='word_1_762' title='bbox 987 5187 1020 5238; x_wconf 83' lang='grc' dir='ltr'><strong>ό</strong></span> <span class='ocrx_word' id='word_1_763' title='bbox 1048 5183 1190 5249; x_wconf 83' lang='grc' dir='ltr'>Θεὸς</span> <span class='ocrx_word' id='word_1_764' title='bbox 1227 5182 1337 5237; x_wconf 78' lang='grc' dir='ltr'><strong>τὸν</strong></span> <span class='ocrx_word' id='word_1_765' title='bbox 1366 5181 1585 5236; x_wconf 79' lang='grc' dir='ltr'>ἑαυτοῦ</span> <span class='ocrx_word' id='word_1_766' title='bbox 1628 5182 1764 5235; x_wconf 80' lang='grc' dir='ltr'><em>Υἱὸν</em></span> <span class='ocrx_word' id='word_1_767' title='bbox 1794 5183 2037 5251; x_wconf 70' lang='grc' dir='ltr'>πέμψας</span> 
     </span>
    </p>
   </div>
   <div class='ocr_carea' id='block_1_103' title="bbox 461 5275 2033 5348">
    <p class='ocr_par' dir='ltr' id='par_1_103' title="bbox 461 5275 2033 5348">
     <span class='ocr_line' id='line_1_103' title="bbox 461 5275 2033 5348; baseline -0.004 -14"><span class='ocrx_word' id='word_1_768' title='bbox 461 5282 531 5335; x_wconf 67' lang='grc' dir='ltr'><strong>ἐν</strong></span> <span class='ocrx_word' id='word_1_769' title='bbox 575 5278 888 5348; x_wconf 81' lang='grc' dir='ltr'>ὁμοιώματι</span> <span class='ocrx_word' id='word_1_770' title='bbox 936 5276 1182 5345; x_wconf 82' lang='grc' dir='ltr'>σαρκὸς,</span> <span class='ocrx_word' id='word_1_771' title='bbox 1236 5276 1337 5329; x_wconf 80' lang='grc' dir='ltr'><strong>καὶ</strong></span> <span class='ocrx_word' id='word_1_772' title='bbox 1373 5275 1508 5344; x_wconf 79' lang='grc' dir='ltr'>περὶ</span> <span class='ocrx_word' id='word_1_773' title='bbox 1551 5275 1839 5345; x_wconf 82' lang='grc' dir='ltr'>ἁμαρτίας</span> <span class='ocrx_word' id='word_1_774' title='bbox 1893 5292 2033 5329; x_wconf 76' lang='grc' dir='ltr'>κατ-</span> 
     </span>
    </p>
   </div>
   <div class='ocr_carea' id='block_1_104' title="bbox 461 5367 2040 5440">
    <p class='ocr_par' dir='ltr' id='par_1_104' title="bbox 461 5367 2040 5440">
     <span class='ocr_line' id='line_1_104' title="bbox 461 5367 2040 5440; baseline -0.003 -14"><span class='ocrx_word' id='word_1_775' title='bbox 461 5373 660 5440; x_wconf 77' lang='grc' dir='ltr'>έκρινε</span> <span class='ocrx_word' id='word_1_776' title='bbox 686 5371 801 5439; x_wconf 79' lang='grc' dir='ltr'><strong>τὴν</strong></span> <span class='ocrx_word' id='word_1_777' title='bbox 827 5371 1119 5439; x_wconf 80' lang='grc' dir='ltr'>ἁμαρτίαν</span> <span class='ocrx_word' id='word_1_778' title='bbox 1150 5370 1219 5422; x_wconf 74' lang='grc' dir='ltr'><strong>ἐν</strong></span> <span class='ocrx_word' id='word_1_779' title='bbox 1241 5367 1315 5436; x_wconf 75' lang='grc' dir='ltr'>τῇ</span> <span class='ocrx_word' id='word_1_780' title='bbox 1345 5370 1548 5437; x_wconf 81' lang='grc' dir='ltr'>σαρκί.</span> <span class='ocrx_word' id='word_1_781' title='bbox 1584 5368 1670 5432; x_wconf 86' lang='grc' dir='ltr'><strong>Ὡς</strong></span> <span class='ocrx_word' id='word_1_782' title='bbox 1699 5369 1789 5421; x_wconf 76' lang='grc' dir='ltr'><strong>ἐπὶ</strong></span> <span class='ocrx_word' id='word_1_783' title='bbox 1804 5386 1913 5426; x_wconf 84' lang='grc' dir='ltr'><strong>των</strong></span> <span class='ocrx_word' id='word_1_784' title='bbox 1948 5368 2040 5421; x_wconf 79' lang='grc' dir='ltr'>δύο</span> 
     </span>
    </p>
   </div>
   <div class='ocr_carea' id='block_1_105' title="bbox 468 5458 2042 5533">
    <p class='ocr_par' dir='ltr' id='par_1_105' title="bbox 468 5458 2042 5533">
     <span class='ocr_line' id='line_1_105' title="bbox 468 5458 2042 5533; baseline -0.003 -18"><span class='ocrx_word' id='word_1_785' title='bbox 468 5462 781 5533; x_wconf 86' lang='grc' dir='ltr'>μαρτυριῶν</span> <span class='ocrx_word' id='word_1_786' title='bbox 810 5462 874 5513; x_wconf 79' lang='grc' dir='ltr'>ἐκ</span> <span class='ocrx_word' id='word_1_787' title='bbox 900 5461 1008 5512; x_wconf 89' lang='grc' dir='ltr'><strong>τῶν</strong></span> <span class='ocrx_word' id='word_1_788' title='bbox 1028 5460 1120 5512; x_wconf 84' lang='grc' dir='ltr'>δύο</span> <span class='ocrx_word' id='word_1_789' title='bbox 1142 5458 1471 5512; x_wconf 83' lang='grc' dir='ltr'>Ἐπιστολῶν</span> <span class='ocrx_word' id='word_1_790' title='bbox 1496 5458 1605 5512; x_wconf 75' lang='grc' dir='ltr'><strong>ἀπὸ</strong></span> <span class='ocrx_word' id='word_1_791' title='bbox 1637 5461 1658 5490; x_wconf 79' lang='grc'>⁸</span> <span class='ocrx_word' id='word_1_792' title='bbox 1678 5458 1770 5511; x_wconf 85' lang='grc' dir='ltr'><strong>τοῦ</strong></span> <span class='ocrx_word' id='word_1_793' title='bbox 1805 5476 2042 5530; x_wconf 86' lang='grc' dir='ltr'>σωματι-</span> 
     </span>
    </p>
   </div>
   <div class='ocr_carea' id='block_1_106' title="bbox 464 5550 2031 5622">
    <p class='ocr_par' dir='ltr' id='par_1_106' title="bbox 464 5550 2031 5622">
     <span class='ocr_line' id='line_1_106' title="bbox 464 5550 2031 5622; baseline -0.003 -15"><span class='ocrx_word' id='word_1_794' title='bbox 464 5553 564 5608; x_wconf 80' lang='grc' dir='ltr'>κοῦ</span> <span class='ocrx_word' id='word_1_795' title='bbox 599 5552 839 5615; x_wconf 76' lang='grc' dir='ltr'>εὐσεϐῶς</span> <span class='ocrx_word' id='word_1_796' title='bbox 866 5552 960 5605; x_wconf 71' lang='grc' dir='ltr'><strong>καὶ</strong></span> <span class='ocrx_word' id='word_1_797' title='bbox 988 5552 1086 5622; x_wconf 81' lang='grc' dir='ltr'>τὴν</span> <span class='ocrx_word' id='word_1_798' title='bbox 1114 5551 1244 5621; x_wconf 72' lang='grc' dir='ltr'>περὶ</span> <span class='ocrx_word' id='word_1_799' title='bbox 1272 5550 1366 5604; x_wconf 89' lang='grc' dir='ltr'><strong>τοῦ</strong></span> <span class='ocrx_word' id='word_1_800' title='bbox 1395 5550 1582 5617; x_wconf 86' lang='grc' dir='ltr'>ὁμοίου</span> <span class='ocrx_word' id='word_1_801' title='bbox 1621 5552 1788 5621; x_wconf 73' lang='grc' dir='ltr'>ἡμᾶς,</span> <span class='ocrx_word' id='word_1_802' title='bbox 1816 5551 1910 5605; x_wconf 80' lang='grc' dir='ltr'><strong>καὶ</strong></span> <span class='ocrx_word' id='word_1_803' title='bbox 1939 5552 2031 5604; x_wconf 75' lang='grc' dir='ltr'><strong>ἐπὶ</strong></span> 
     </span>
    </p>
   </div>
   <div class='ocr_carea' id='block_1_107' title="bbox 464 5640 2035 5715">
    <p class='ocr_par' dir='ltr' id='par_1_107' title="bbox 464 5640 2035 5715">
     <span class='ocr_line' id='line_1_107' title="bbox 464 5640 2035 5715; baseline -0.003 -17"><span class='ocrx_word' id='word_1_804' title='bbox 464 5645 562 5699; x_wconf 82' lang='grc' dir='ltr'><strong>τοῦ</strong></span> <span class='ocrx_word' id='word_1_805' title='bbox 591 5643 883 5715; x_wconf 83' lang='grc' dir='ltr'>ἀσωμάτου</span> <span class='ocrx_word' id='word_1_806' title='bbox 934 5642 1145 5713; x_wconf 86' lang='grc' dir='ltr'>Πατρός</span> <span class='ocrx_word' id='word_1_807' title='bbox 1199 5660 1258 5695; x_wconf 87' lang='grc' dir='ltr'><strong>τε</strong></span> <span class='ocrx_word' id='word_1_808' title='bbox 1297 5642 1391 5696; x_wconf 72' lang='grc' dir='ltr'><strong>καὶ</strong></span> <span class='ocrx_word' id='word_1_809' title='bbox 1433 5640 1562 5695; x_wconf 82' lang='grc' dir='ltr'>Υίοῦ</span> <span class='ocrx_word' id='word_1_810' title='bbox 1592 5642 1926 5712; x_wconf 80' lang='grc' dir='ltr'>διδαχθῆναι.</span> <span class='ocrx_word' id='word_1_811' title='bbox 1960 5641 2035 5694; x_wconf 85' lang='grc' dir='ltr'>Τὸ</span> 
     </span>
    </p>
   </div>
   <div class='ocr_carea' id='block_1_108' title="bbox 541 5755 1787 5828">
    <p class='ocr_par' dir='ltr' id='par_1_108' title="bbox 541 5755 1787 5828">
     <span class='ocr_line' id='line_1_108' title="bbox 541 5755 1787 5828; baseline 0.004 -20"><span class='ocrx_word' id='word_1_812' title='bbox 541 5761 555 5828; x_wconf 52' lang='grc' dir='ltr'><strong>Ξ</strong></span> <span class='ocrx_word' id='word_1_813' title='bbox 596 5755 806 5828; x_wconf 85' lang='grc' dir='ltr'>Πατρδς</span> <span class='ocrx_word' id='word_1_814' title='bbox 842 5757 937 5828; x_wconf 63' lang='grc' dir='ltr'><strong>καὶ</strong></span> <span class='ocrx_word' id='word_1_815' title='bbox 984 5755 1114 5828; x_wconf 55' lang='lat' dir='ltr'><strong>Ilo?)</strong></span> <span class='ocrx_word' id='word_1_816' title='bbox 1155 5756 1313 5828; x_wconf 57' lang='lat' dir='ltr'><strong>addo.</strong></span> <span class='ocrx_word' id='word_1_817' title='bbox 1390 5757 1408 5785; x_wconf 83' lang='lat'>&#39;</span> <span class='ocrx_word' id='word_1_818' title='bbox 1442 5755 1633 5828; x_wconf 42' lang='lat' dir='ltr'><strong>FLrhv</strong></span> <span class='ocrx_word' id='word_1_819' title='bbox 1663 5757 1787 5814; x_wconf 67' lang='grc' dir='ltr'>ἀπό,</span> 
     </span>
    </p>
   </div>
   <div class='ocr_carea' id='block_1_109' title="bbox 469 5824 1547 5897">
    <p class='ocr_par' dir='ltr' id='par_1_109' title="bbox 469 5824 1547 5897">
     <span class='ocr_line' id='line_1_109' title="bbox 469 5824 1547 5897; baseline -0.002 -13"><span class='ocrx_word' id='word_1_820' title='bbox 469 5829 499 5862; x_wconf 77' lang='grc'>⁸</span> <span class='ocrx_word' id='word_1_821' title='bbox 524 5824 760 5897; x_wconf 80' lang='lat' dir='ltr'><strong>Philipp.</strong></span> <span class='ocrx_word' id='word_1_822' title='bbox 805 5842 866 5893; x_wconf 85' lang='lat' dir='ltr'><strong>it,</strong></span> <span class='ocrx_word' id='word_1_823' title='bbox 902 5826 955 5894; x_wconf 84' lang='lat'><em>6,</em></span> <span class='ocrx_word' id='word_1_824' title='bbox 988 5824 1043 5879; x_wconf 85' lang='lat'><strong>&#39;7.</strong></span> <span class='ocrx_word' id='word_1_825' title='bbox 1120 5828 1138 5858; x_wconf 86' lang='grc'><strong>⁷</strong></span> <span class='ocrx_word' id='word_1_826' title='bbox 1168 5824 1322 5881; x_wconf 76' lang='lat' dir='ltr'><strong>Boni.</strong></span> <span class='ocrx_word' id='word_1_827' title='bbox 1350 5840 1470 5894; x_wconf 80' lang='lat' dir='ltr'><strong>vui,</strong></span> <span class='ocrx_word' id='word_1_828' title='bbox 1494 5825 1547 5882; x_wconf 76' lang='lat'><strong>3.</strong></span> 
     </span>
    </p>
   </div>
   <div class='ocr_carea' id='block_1_110' title="bbox 1895 5754 2388 5825">
    <p class='ocr_par' dir='ltr' id='par_1_110' title="bbox 1895 5754 2388 5825">
     <span class='ocr_line' id='line_1_110' title="bbox 1895 5754 2388 5825; baseline 0.006 -14"><span class='ocrx_word' id='word_1_829' title='bbox 1895 5757 1913 5788; x_wconf 86' lang='grc'><strong>³</strong></span> <span class='ocrx_word' id='word_1_830' title='bbox 1947 5757 1965 5811; x_wconf 87' lang='lat' dir='ltr'><strong>l</strong></span> <span class='ocrx_word' id='word_1_831' title='bbox 2001 5754 2128 5812; x_wconf 88' lang='lat' dir='ltr'><strong>Cor.</strong></span> <span class='ocrx_word' id='word_1_832' title='bbox 2188 5773 2285 5825; x_wconf 73' lang='lat' dir='ltr'><strong>xit,</strong></span> <span class='ocrx_word' id='word_1_833' title='bbox 2336 5757 2388 5815; x_wconf 77' lang='grc'><strong>5.</strong></span> 
     </span>
    </p>
   </div>
   <div class='ocr_carea' id='block_1_111' title="bbox 2138 4816 3705 4889">
    <p class='ocr_par' dir='ltr' id='par_1_111' title="bbox 2138 4816 3705 4889">
     <span class='ocr_line' id='line_1_111' title="bbox 2138 4816 3705 4889; baseline -0.004 -13"><span class='ocrx_word' id='word_1_834' title='bbox 2138 4816 2237 4876; x_wconf 89' lang='lat' dir='ltr'><strong>Dei</strong></span> <span class='ocrx_word' id='word_1_835' title='bbox 2263 4831 2419 4887; x_wconf 86' lang='lat' dir='ltr'><strong>esset,</strong></span> <span class='ocrx_word' id='word_1_836' title='bbox 2449 4839 2552 4876; x_wconf 91' lang='lat' dir='ltr'><strong>non</strong></span> <span class='ocrx_word' id='word_1_837' title='bbox 2577 4822 2821 4889; x_wconf 80' lang='lat' dir='ltr'><strong>rapinam</strong></span> <span class='ocrx_word' id='word_1_838' title='bbox 2869 4821 3162 4877; x_wconf 85' lang='lat' dir='ltr'><strong>arbitratus</strong></span> <span class='ocrx_word' id='word_1_839' title='bbox 3190 4827 3267 4875; x_wconf 87' lang='lat' dir='ltr'><strong>est</strong></span> <span class='ocrx_word' id='word_1_840' title='bbox 3294 4835 3404 4874; x_wconf 84' lang='lat' dir='ltr'><strong>esse</strong></span> <span class='ocrx_word' id='word_1_841' title='bbox 3432 4835 3487 4873; x_wconf 90' lang='lat' dir='ltr'><strong>se</strong></span> <span class='ocrx_word' id='word_1_842' title='bbox 3526 4833 3705 4889; x_wconf 72' lang='lat' dir='ltr'><strong>requa-</strong></span> 
     </span>
    </p>
   </div>
   <div class='ocr_carea' id='block_1_112' title="bbox 2138 4910 3712 4983">
    <p class='ocr_par' dir='ltr' id='par_1_112' title="bbox 2138 4910 3712 4983">
     <span class='ocr_line' id='line_1_112' title="bbox 2138 4910 3712 4983; baseline -0.004 -16"><span class='ocrx_word' id='word_1_843' title='bbox 2138 4911 2236 4967; x_wconf 89' lang='lat' dir='ltr'><strong>lem</strong></span> <span class='ocrx_word' id='word_1_844' title='bbox 2270 4912 2410 4977; x_wconf 87' lang='lat' dir='ltr'><strong>Deo;</strong></span> <span class='ocrx_word' id='word_1_845' title='bbox 2444 4913 2534 4968; x_wconf 85' lang='lat' dir='ltr'><strong>sed</strong></span> <span class='ocrx_word' id='word_1_846' title='bbox 2567 4914 2904 4983; x_wconf 82' lang='lat' dir='ltr'><strong>semetipsum</strong></span> <span class='ocrx_word' id='word_1_847' title='bbox 2946 4912 3260 4978; x_wconf 73' lang='lat' dir='ltr'><strong>exinanivit,</strong></span> <span class='ocrx_word' id='word_1_848' title='bbox 3309 4911 3538 4981; x_wconf 86' lang='lat' dir='ltr'><strong>formam</strong></span> <span class='ocrx_word' id='word_1_849' title='bbox 3575 4910 3712 4964; x_wconf 81' lang='lat' dir='ltr'><strong>servi</strong></span> 
     </span>
    </p>
   </div>
   <div class='ocr_carea' id='block_1_113' title="bbox 2136 4994 3710 5071">
    <p class='ocr_par' dir='ltr' id='par_1_113' title="bbox 2136 4994 3710 5071">
     <span class='ocr_line' id='line_1_113' title="bbox 2136 4994 3710 5071; baseline -0.001 -15"><span class='ocrx_word' id='word_1_850' title='bbox 2136 4994 2427 5070; x_wconf 81' lang='lat' dir='ltr'><strong>accipiens,</strong></span> <span class='ocrx_word' id='word_1_851' title='bbox 2475 5004 2531 5058; x_wconf 87' lang='lat' dir='ltr'><strong>in</strong></span> <span class='ocrx_word' id='word_1_852' title='bbox 2564 5002 2964 5058; x_wconf 79' lang='lat' dir='ltr'><strong>similitudinem</strong></span> <span class='ocrx_word' id='word_1_853' title='bbox 3014 5004 3288 5057; x_wconf 81' lang='lat' dir='ltr'><strong>hominum</strong></span> <span class='ocrx_word' id='word_1_854' title='bbox 3341 5002 3513 5071; x_wconf 77' lang='lat' dir='ltr'><strong>[actus</strong></span> <span class='ocrx_word' id='word_1_855' title='bbox 3538 5001 3601 5068; x_wconf 79' lang='grc'><strong>⁶;</strong></span> <span class='ocrx_word' id='word_1_856' title='bbox 3641 5002 3710 5055; x_wconf 84' lang='lat' dir='ltr'><strong>ad</strong></span> 
     </span>
    </p>
   </div>
   <div class='ocr_carea' id='block_1_114' title="bbox 2136 5084 3705 5162">
    <p class='ocr_par' dir='ltr' id='par_1_114' title="bbox 2136 5084 3705 5162">
     <span class='ocr_line' id='line_1_114' title="bbox 2136 5084 3705 5162; baseline -0.002 -14"><span class='ocrx_word' id='word_1_857' title='bbox 2136 5093 2417 5151; x_wconf 81' lang='lat' dir='ltr'><strong>Romanos</strong></span> <span class='ocrx_word' id='word_1_858' title='bbox 2445 5110 2577 5150; x_wconf 89' lang='lat' dir='ltr'><strong>vero</strong></span> <span class='ocrx_word' id='word_1_859' title='bbox 2619 5095 2912 5151; x_wconf 91' lang='lat' dir='ltr'><strong>scribens:</strong></span> <span class='ocrx_word' id='word_1_860' title='bbox 2949 5088 3105 5160; x_wconf 82' lang='lat' dir='ltr'><strong>Quod</strong></span> <span class='ocrx_word' id='word_1_861' title='bbox 3142 5095 3282 5149; x_wconf 90' lang='lat' dir='ltr'><strong>enim</strong></span> <span class='ocrx_word' id='word_1_862' title='bbox 3301 5084 3418 5149; x_wconf 81' lang='lat' dir='ltr'><strong>erat</strong></span> <span class='ocrx_word' id='word_1_863' title='bbox 3458 5094 3705 5162; x_wconf 82' lang='lat' dir='ltr'><strong>impossi-</strong></span> 
     </span>
    </p>
   </div>
   <div class='ocr_carea' id='block_1_115' title="bbox 2138 5182 3708 5258">
    <p class='ocr_par' dir='ltr' id='par_1_115' title="bbox 2138 5182 3708 5258">
     <span class='ocr_line' id='line_1_115' title="bbox 2138 5182 3708 5258; baseline -0.002 -19"><span class='ocrx_word' id='word_1_864' title='bbox 2138 5185 2239 5241; x_wconf 85' lang='lat' dir='ltr'><strong>bile</strong></span> <span class='ocrx_word' id='word_1_865' title='bbox 2282 5186 2413 5258; x_wconf 86' lang='lat' dir='ltr'><strong>legi,</strong></span> <span class='ocrx_word' id='word_1_866' title='bbox 2461 5189 2518 5240; x_wconf 85' lang='lat' dir='ltr'><strong>in</strong></span> <span class='ocrx_word' id='word_1_867' title='bbox 2568 5203 2671 5258; x_wconf 85' lang='lat' dir='ltr'><strong>quo</strong></span> <span class='ocrx_word' id='word_1_868' title='bbox 2710 5186 3087 5257; x_wconf 81' lang='lat' dir='ltr'><strong>inﬁrmabatur</strong></span> <span class='ocrx_word' id='word_1_869' title='bbox 3139 5201 3231 5255; x_wconf 88' lang='lat' dir='ltr'><strong>per</strong></span> <span class='ocrx_word' id='word_1_870' title='bbox 3284 5201 3519 5249; x_wconf 85' lang='lat' dir='ltr'><strong>carnem,</strong></span> <span class='ocrx_word' id='word_1_871' title='bbox 3568 5182 3708 5237; x_wconf 85' lang='lat' dir='ltr'><strong>Deus</strong></span> 
     </span>
    </p>
   </div>
   <div class='ocr_carea' id='block_1_116' title="bbox 2140 5274 3711 5341">
    <p class='ocr_par' dir='ltr' id='par_1_116' title="bbox 2140 5274 3711 5341">
     <span class='ocr_line' id='line_1_116' title="bbox 2140 5274 3711 5341; baseline -0.001 -11"><span class='ocrx_word' id='word_1_872' title='bbox 2140 5276 2344 5331; x_wconf 86' lang='lat' dir='ltr'><strong>Filium</strong></span> <span class='ocrx_word' id='word_1_873' title='bbox 2375 5295 2529 5331; x_wconf 82' lang='lat' dir='ltr'><strong>suum</strong></span> <span class='ocrx_word' id='word_1_874' title='bbox 2578 5276 2791 5333; x_wconf 84' lang='lat' dir='ltr'><strong>mittens</strong></span> <span class='ocrx_word' id='word_1_875' title='bbox 2839 5278 2893 5332; x_wconf 87' lang='lat' dir='ltr'><strong>in</strong></span> <span class='ocrx_word' id='word_1_876' title='bbox 2936 5276 3285 5332; x_wconf 82' lang='lat' dir='ltr'><strong>similitudine</strong></span> <span class='ocrx_word' id='word_1_877' title='bbox 3324 5277 3522 5341; x_wconf 79' lang='lat' dir='ltr'><strong>carnis,</strong></span> <span class='ocrx_word' id='word_1_878' title='bbox 3565 5284 3615 5330; x_wconf 88' lang='lat' dir='ltr'><strong>et</strong></span> <span class='ocrx_word' id='word_1_879' title='bbox 3646 5274 3711 5328; x_wconf 83' lang='lat' dir='ltr'><strong>de</strong></span> 
     </span>
    </p>
   </div>
   <div class='ocr_carea' id='block_1_117' title="bbox 2138 5363 3711 5439">
    <p class='ocr_par' dir='ltr' id='par_1_117' title="bbox 2138 5363 3711 5439">
     <span class='ocr_line' id='line_1_117' title="bbox 2138 5363 3711 5439; baseline -0.002 -17"><span class='ocrx_word' id='word_1_880' title='bbox 2138 5380 2348 5437; x_wconf 84' lang='lat' dir='ltr'><strong>peccato</strong></span> <span class='ocrx_word' id='word_1_881' title='bbox 2376 5370 2739 5424; x_wconf 86' lang='lat' dir='ltr'><strong>condemnavit</strong></span> <span class='ocrx_word' id='word_1_882' title='bbox 2767 5375 3037 5439; x_wconf 84' lang='lat' dir='ltr'><strong>peccatum</strong></span> <span class='ocrx_word' id='word_1_883' title='bbox 3066 5369 3123 5421; x_wconf 84' lang='lat' dir='ltr'><strong>in</strong></span> <span class='ocrx_word' id='word_1_884' title='bbox 3157 5383 3314 5421; x_wconf 90' lang='lat' dir='ltr'><strong>carne</strong></span> <span class='ocrx_word' id='word_1_885' title='bbox 3334 5367 3377 5421; x_wconf 88' lang='grc'><strong>⁷.</strong></span> <span class='ocrx_word' id='word_1_886' title='bbox 3415 5363 3521 5422; x_wconf 66' lang='grc' dir='ltr'><strong>δίο</strong></span> <span class='ocrx_word' id='word_1_887' title='bbox 3542 5366 3711 5434; x_wconf 78' lang='lat' dir='ltr'><strong>igitur</strong></span> 
     </span>
    </p>
   </div>
   <div class='ocr_carea' id='block_1_118' title="bbox 2142 5457 3709 5531">
    <p class='ocr_par' dir='ltr' id='par_1_118' title="bbox 2142 5457 3709 5531">
     <span class='ocr_line' id='line_1_118' title="bbox 2142 5457 3709 5531; baseline -0.002 -17"><span class='ocrx_word' id='word_1_888' title='bbox 2142 5461 2249 5516; x_wconf 88' lang='lat' dir='ltr'><strong>hoc</strong></span> <span class='ocrx_word' id='word_1_889' title='bbox 2288 5462 2494 5531; x_wconf 83' lang='lat' dir='ltr'><strong>duplici</strong></span> <span class='ocrx_word' id='word_1_890' title='bbox 2544 5461 2860 5515; x_wconf 84' lang='lat' dir='ltr'><strong>testimonio</strong></span> <span class='ocrx_word' id='word_1_891' title='bbox 2887 5476 2952 5515; x_wconf 88' lang='lat' dir='ltr'><strong>ex</strong></span> <span class='ocrx_word' id='word_1_892' title='bbox 2999 5459 3266 5515; x_wconf 88' lang='lat' dir='ltr'><strong>ambabus</strong></span> <span class='ocrx_word' id='word_1_893' title='bbox 3310 5457 3577 5528; x_wconf 76' lang='lat' dir='ltr'><strong>Epistolis</strong></span> <span class='ocrx_word' id='word_1_894' title='bbox 3612 5459 3709 5512; x_wconf 88' lang='lat' dir='ltr'><strong>de-</strong></span> 
     </span>
    </p>
   </div>
   <div class='ocr_carea' id='block_1_119' title="bbox 2140 5547 3711 5623">
    <p class='ocr_par' dir='ltr' id='par_1_119' title="bbox 2140 5547 3711 5623">
     <span class='ocr_line' id='line_1_119' title="bbox 2140 5547 3711 5623; baseline -0.004 -16"><span class='ocrx_word' id='word_1_895' title='bbox 2140 5552 2413 5623; x_wconf 82' lang='lat' dir='ltr'><strong>promptu,</strong></span> <span class='ocrx_word' id='word_1_896' title='bbox 2450 5553 2518 5607; x_wconf 86' lang='lat' dir='ltr'><strong>ab</strong></span> <span class='ocrx_word' id='word_1_897' title='bbox 2559 5568 2820 5623; x_wconf 84' lang='lat' dir='ltr'><strong>corporea</strong></span> <span class='ocrx_word' id='word_1_898' title='bbox 2864 5562 3058 5606; x_wconf 88' lang='lat' dir='ltr'><strong>natura</strong></span> <span class='ocrx_word' id='word_1_899' title='bbox 3101 5549 3477 5604; x_wconf 88' lang='lat' dir='ltr'><strong>similitudinis</strong></span> <span class='ocrx_word' id='word_1_900' title='bbox 3527 5547 3711 5602; x_wconf 86' lang='lat' dir='ltr'><strong>notio-</strong></span> 
     </span>
    </p>
   </div>
   <div class='ocr_carea' id='block_1_120' title="bbox 2141 5637 3711 5714">
    <p class='ocr_par' dir='ltr' id='par_1_120' title="bbox 2141 5637 3711 5714">
     <span class='ocr_line' id='line_1_120' title="bbox 2141 5637 3711 5714; baseline -0.004 -17"><span class='ocrx_word' id='word_1_901' title='bbox 2141 5659 2266 5698; x_wconf 91' lang='lat' dir='ltr'><strong>nem</strong></span> <span class='ocrx_word' id='word_1_902' title='bbox 2328 5645 2383 5698; x_wconf 93' lang='lat' dir='ltr'><strong>in</strong></span> <span class='ocrx_word' id='word_1_903' title='bbox 2439 5644 2762 5714; x_wconf 87' lang='lat' dir='ltr'><strong>incorporeo</strong></span> <span class='ocrx_word' id='word_1_904' title='bbox 2810 5640 2972 5697; x_wconf 88' lang='lat' dir='ltr'><strong>Patre</strong></span> <span class='ocrx_word' id='word_1_905' title='bbox 3024 5639 3270 5711; x_wconf 72' lang='lat' dir='ltr'><strong>Filioque</strong></span> <span class='ocrx_word' id='word_1_906' title='bbox 3323 5637 3711 5708; x_wconf 75' lang='lat' dir='ltr'><strong>perdiscimus.</strong></span> 
     </span>
    </p>
   </div>
   <div class='ocr_carea' id='block_1_121' title="bbox 2501 5747 3717 5835">
    <p class='ocr_par' dir='ltr' id='par_1_121' title="bbox 2501 5747 3717 5835">
     <span class='ocr_line' id='line_1_121' title="bbox 2501 5747 3717 5835; baseline -0.002 -25"><span class='ocrx_word' id='word_1_907' title='bbox 2501 5754 2708 5813; x_wconf 66' lang='lat' dir='ltr'><strong>*Joan.</strong></span> <span class='ocrx_word' id='word_1_908' title='bbox 2766 5768 2876 5817; x_wconf 82' lang='lat' dir='ltr'><strong>xtv,</strong></span> <span class='ocrx_word' id='word_1_909' title='bbox 2905 5753 2957 5808; x_wconf 88' lang='lat'><strong>9.</strong></span> <span class='ocrx_word' id='word_1_910' title='bbox 3056 5752 3301 5835; x_wconf 39' lang='lat' dir='ltr'><strong>.‘Matlh.</strong></span> <span class='ocrx_word' id='word_1_911' title='bbox 3366 5766 3554 5820; x_wconf 74' lang='lat' dir='ltr'><strong>xxvut,</strong></span> <span class='ocrx_word' id='word_1_912' title='bbox 3624 5747 3717 5809; x_wconf 65' lang='grc'><strong>19.</strong></span> 
     </span>
    </p>
   </div>
  </div>
