4134 6386
417 452 526 508 ιτς

1814 449 1870 505 S.
1916 445 2257 502 EPlPﬂANll

3572 441 3733 502 ιω·

421 569 708 638 Siquidem
741 567 829 622 illa
869 566 1052 631 verba,
1096 565 1348 621 Formam
1376 569 1511 624 servi
1541 567 1820 637 accipiens,
1859 577 1907 622 et
1943 570 1994 620 in

2126 567 2200 620 ιὲν
2232 565 2360 636 γὰρ,
2396 562 2649 634 Μορφὴν
2663 564 2887 618 δούλου
2911 563 3131 619 λαϐὼν.
3164 563 3344 618 καὶέν
3363 565 3679 634 ὁμοιώματι

419 659 824 716 similitudinem
851 660 1122 714 hominum
1153 659 1348 728 factus,
1370 675 1590 715 carnem
1629 661 1780 714 illum
1817 675 1848 714 e
1875 657 1998 712 Vir-

423 755 548 824 gine
594 753 900 822 sumpsisse
962 753 1268 806 declarant.
1321 751 1685 816 Quamobrem
1737 753 1830 806 illa
1881 751 1998 822 ipsa

423 859 575 907 caeo,
617 861 781 913 quam
817 845 908 898 Dei
941 843 1112 898 Filius
1147 844 1346 908 induit,
1379 846 1567 900 eadem
1611 853 1695 899 est
1740 859 1864 898 cum
1896 860 2001 898 cae-

423 945 668 988 tcrorum
711 934 991 988 hominum
1031 949 1232 989 carne:
1269 935 1337 990 ad
1373 936 1654 990 hominum
1699 951 1828 990 vero
1851 935 2002 990 simi-

425 1027 710 1081 litudinem
743 1041 866 1080 esse
894 1025 1118 1090 dicitur,
1157 1028 1416 1097 quoniam
1445 1043 1552 1082 non
1583 1027 1726 1081 virili
1772 1037 1890 1082 satu
1936 1043 2000 1080 ac

425 1119 726 1175 coiieubitu
757 1119 1041 1174 hominum
1065 1134 1220 1174 more
1241 1129 1540 1191 prognatus
1569 1127 1672 1174 est.
1695 1117 1812 1174 Non
1840 1134 2001 1174 secus

427 1227 490 1264 ac
519 1209 690 1266 Filius
726 1226 852 1264 eum
888 1212 1118 1281 spiritus
1164 1213 1236 1267 sit
1273 1251 1289 1276 ,
1365 1223 1418 1268 et
1471 1213 1695 1279 spiritus
1745 1227 1775 1266 a
1841 1211 2002 1268 Patre

427 1303 668 1374 genitus,
713 1311 988 1374 quatenus
1028 1305 1258 1376 spiritus
1287 1321 1316 1358 a
1353 1305 1546 1376 spiritu
1587 1304 1809 1374 prodiit,
1859 1303 2003 1358 idem

427 1405 511 1450 est
546 1410 671 1450 eum
721 1397 837 1458 illo,
871 1397 1013 1450 sicut
1041 1405 1318 1467 quatenus
1357 1411 1486 1451 caro
1529 1413 1592 1451 ex
1626 1411 1790 1450 carne
1828 1395 2004 1450 factus

429 1495 538 1550 est,
582 1485 751 1541 Maria
793 1487 1071 1546 videlicet.
1119 1488 1264 1542 idem
1308 1499 1392 1543 est
1425 1505 1549 1543 cum
1601 1503 1787 1543 carne.
1832 1485 2005 1542 Porro

429 1581 700 1641 qimtenus
733 1575 852 1630 sine
885 1573 1177 1646 proﬂuvio,
1211 1577 1466 1645 passione
1495 1593 1560 1632 ac
1590 1577 1860 1632 divisione
1896 1578 2006 1632 ulla

431 1679 462 1715 a
495 1663 654 1720 Patre
686 1665 904 1732 genitus
945 1675 1047 1732 est,
1091 1665 1268 1722 Patris
1307 1677 1391 1722 est
1431 1669 1663 1734 similis;
1719 1685 1822 1724 nec
1862 1668 2004 1724 idem

431 1771 554 1808 cum
579 1772 666 1820 eo,
711 1759 789 1812 sic
838 1767 892 1813 et
927 1757 1102 1812 Filius
1147 1761 1450 1814 secundum
1482 1777 1726 1828 carnem,
1757 1761 1826 1816 ad
1855 1763 2008 1816 simi-

434 1848 710 1902 litutlinem
745 1851 1012 1904 hominum
1041 1852 1216 1920 factus
1237 1863 1330 1920 est,
1363 1869 1463 1908 nec
1491 1862 1576 1909 est
1607 1853 1752 1910 idem
1785 1855 2008 1909 omnino

435 1956 558 1990 ςιιιιι
595 1939 838 1995 homine.

506 2027 693 2084 XVIII.
725 2029 894 2101 Igitur
923 2033 978 2086 in
1011 2033 1253 2104 Epistola
1287 2035 1353 2090 ad
1384 2035 1763 2107 Philippenses
1791 2037 1894 2092 hoc
1917 2037 2007 2092 ille

437 2134 538 2172 nos
569 2118 777 2184 docuit,
811 2125 1086 2191 quomodo
1112 2125 1236 2180 Filii
1269 2126 1583 2196 hypostasis
1623 2125 1801 2182 Patris
1837 2127 2008 2199 hypo-

435 2209 574 2262 stasi
604 2210 676 2263 sit
705 2211 932 2278 similis;
965 2211 1206 2284 Spiritus
1229 2219 1374 2270 enim
1401 2230 1430 2268 a
1451 2215 1614 2271 Patre
1639 2217 2004 2288 progreditur.

437 2301 620 2365 Quare
662 2303 706 2358 si
737 2305 978 2373 spiritus
1031 2307 1310 2364 notionem
1360 2311 1700 2376 consideres,
1743 2313 1884 2367 idem
1927 2325 2010 2369 est

439 2411 566 2449 cum
618 2396 800 2460 Patre,
841 2401 1066 2470 perinde
1122 2418 1185 2458 ac
1216 2406 1401 2460 carnis
1456 2406 1608 2460 illum
1661 2408 1815 2462 notio
1867 2408 2008 2462 idem

441 2501 578 2538 cmw
623 2485 844 2544 homine
888 2492 1194 2546 constituit.
1244 2491 1360 2548 Non
1417 2495 1556 2550 idem
1603 2511 1734 2551 vero
1779 2505 1884 2558 est,
1918 2497 2014 2552 sed

440 2575 638 2630 similis
665 2577 953 2642 duntaxat,
981 2589 1255 2652 quatenus
1290 2584 1519 2654 spiritus
1571 2586 1680 2651 ille,
1709 2587 1799 2657 qui
1843 2583 2012 2644 Filius

444 2679 550 2728 est,
581 2683 688 2722 non
722 2678 804 2724 est
833 2669 1016 2726 Pater.
1053 2671 1118 2724 Et.
1155 2674 1245 2728 illa
1270 2689 1422 2740 caro,
1445 2691 1608 2745 quam
1645 2679 1746 2730 sibi
1777 2677 2011 2734 Verbum

442 2760 714 2827 atljunxit,
735 2777 843 2816 non
863 2779 898 2818 e
919 2765 1063 2819 virili
1093 2775 1214 2820 satu
1239 2783 1302 2821 ac
1326 2769 1601 2838 voluptate
1628 2773 2011 2840 proﬁciscitur,

444 2852 542 2904 sed
561 2867 626 2906 eo
649 2856 830 2918 modo,
861 2860 951 2926 qui
983 2858 1038 2912 in
1077 2857 1368 2930 Evangelia
1397 2861 1690 2917 traditur‘.
1727 2863 1821 2918 llis
1857 2866 2018 2934 igitur

446 2944 726 3008 muni-bus,
754 2955 812 3000 ut
859 2956 1020 3004 antea
1060 2950 1268 3004 dictum
1299 2937 1403 3015 est,
1437 2955 1894 3023 quemadmodum
1925 2955 2019 3010 Fi-

451 3031 582 3092 lius.
615 3045 886 3103 quatenus
914 3049 998 3092 est
1033 3055 1098 3094 ac
1131 3041 1386 3096 subsistit
1421 3041 1558 3112 ipse,
1586 3043 1732 3098 Patri
1757 3046 1810 3098 in
1840 3047 2020 3100 enmi-

449 3121 552 3176 hus
582 3123 655 3178 sit
690 3125 906 3192 similis,
943 3125 1116 3183 Filius
1147 3145 1248 3185 nos
1286 3129 1525 3184 edocuit.
1555 3131 2018 3198 Quemadmodum

2105 659 2428 727 ἀνθρώπων
2452 659 2793 727 γενόμενος.
2826 657 3110 720 δείκνυσιν,
3147 657 3301 709 ὅτιέκ
3331 658 3428 728 τῆς
3461 659 3676 729 Παρθέ-

2103 769 2194 805 νου
2237 751 2414 822 σάρκα
2443 749 2720 803 ἀνέλαϐεν.
2764 749 2970 802 Οὐκοῦν
3011 753 3042 820 ἠ
3076 750 3231 821 σὰρξ,
3261 751 3328 820 ἣν
3365 751 3623 804 ἀνέλαϐεν
3651 753 3714 805 δ”

2105 845 2233 908 Υἱὸς
2266 843 2360 896 τοῦ
2405 843 2563 904 Θεοῦ,
2615 841 2750 912 αὑτὴ
2786 843 2881 912 μὲν
2905 842 3020 894 ἐστι
3047 843 3112 914 τῇ
3146 844 3306 913 σαρκὶ
3339 842 3447 894 τῶν
3471 841 3679 912 ἀνθρὼ-

2107 955 2243 990 πων.
2290 937 2376 990 Ἐν
2408 935 2714 1006 ὁμοιώματι
2747 935 2802 987 δὲ
2835 933 3137 1006 ἀνθρώπων
3167 935 3333 998 ἐστὶν,
3366 935 3550 1008 ἐπειδὴ
3579 935 3681 990 οὑκ

2103 1034 2167 1084 ὲκ
2199 1033 2407 1102 σπορᾶς
2431 1031 2506 1094 ὡς
2535 1029 2829 1104 ἄνθρωποι,
2855 1029 2973 1082 οὐδὲ
2997 1031 3061 1080 ἐκ
3095 1027 3276 1094 κοίτης
3309 1027 3500 1099 ἀνδρὸς
3531 1031 3681 1096 ἐγεν-

2104 1121 2264 1193 νήθη,
2283 1123 2370 1185 Ὡς
2403 1121 2546 1175 κατὰ
2567 1122 2656 1174 τὸν
2690 1122 2870 1191 ὅμοιον
2891 1121 3107 1191 τρόπον,
3135 1121 3227 1173 καὶ
3263 1121 3432 1183 όΥίὸς
3465 1121 3681 1190 πνεῦμα

2105 1216 2202 1280 ὢν,
2237 1216 2328 1270 καὶ
2355 1219 2417 1269 ὲκ
2444 1213 2538 1267 τοῦ
2577 1215 2788 1285 Πατρὸς
2831 1213 3042 1283 πνεῦμα
3077 1212 3377 1285 γεννηθεὶς,
3414 1213 3555 1267 κατὰ
3581 1213 3678 1285 μὲν

2106 1307 2165 1361 τὸ
2194 1307 2409 1378 πνεῦμα
2429 1311 2493 1360 ὲκ
2525 1305 2833 1376 πνεύματος
2865 1301 3021 1368 εἶναι,
3047 1305 3108 1358 τὸ
3131 1305 3260 1359 αὑτό
3289 1308 3455 1372 ἐστιν,
3493 1303 3680 1377 ὥσπερ

2111 1398 2214 1472 (τὸ)
2240 1398 2380 1454 κατὰ
2403 1399 2463 1452 τὸ
2494 1399 2628 1470 σὰρξ
2667 1399 2732 1451 ἐκ
2763 1397 2962 1470 σαρκὸς
2985 1394 3232 1469 εἷναιτῆς
3259 1398 3476 1468 Μαρίας
3495 1415 3506 1428 ·
3541 1397 3681 1450 κατὰ

2107 1491 2164 1546 δὲ
2205 1491 2266 1543 τὸ
2315 1491 2441 1546 ἄνευ
2500 1489 2796 1562 ἀπορροίας
2824 1491 2917 1543 καί⁴
2949 1488 3152 1552 πάθους
3183 1489 3278 1542 καὶ
3313 1487 3578 1559 μερισμοῦ
3617 1489 3682 1544 ὲκ

2108 1581 2201 1637 τοῦ
2247 1582 2458 1654 Πατρὸς
2483 1580 2828 1654 γεννηθῆναι,
2870 1579 3052 1650 ὅμοιός
3095 1581 3207 1633 ἐστι
3240 1578 3317 1649 τῷ
3349 1579 3546 1650 Πατρί·
3589 1581 3682 1634 καὶ

2109 1675 2208 1727 οὑκ
2237 1673 2398 1735 αὑτὸς
2423 1674 2451 1725 6
2479 1671 2619 1724 κατὰ
2647 1671 2822 1744 σάρκα
2849 1670 2997 1733 Υἱὸς,
3027 1670 3095 1723 ἐν
3119 1669 3436 1740 ὁμοιώματι
3459 1670 3680 1740 ἀνθρὼ-

2112 1782 2240 1818 πων
2262 1764 2414 1828 ἐστὶ,
2451 1763 2546 1817 καὶ
2571 1763 2670 1816 οὑκ
2698 1763 2829 1816 αὐτὸ
2861 1763 3000 1818 κατὰ
3030 1761 3206 1815 πάντα
3237 1761 3540 1834 ἄνθρωπος.

2181 2025 2286 2078 lil'.
2327 2025 2534 2080 Οὐκοῦν
2553 2027 2638 2080 διὰ
2665 2026 2764 2098 τῆς
2783 2027 2920 2098 πρὸς
2943 2025 3333 2098 Φιλιππησίους
3369 2026 3686 2099 Ἐπιστολῆς

2109 2119 2346 2186 ἐδίδαξεν
2393 2121 2563 2191 ἡμᾶς,
2617 2119 2736 2184 πῶς
2793 2121 2826 2190 ἠ
2875 2119 3170 2182 ὑπόστασις
3213 2119 3304 2171 τοῦ
3345 2119 3470 2172 Υἱοῦ
3523 2121 3685 2190 ὁμοία

2111 2213 2226 2265 ἐστὶ
2257 2215 2322 2283 τῇ
2349 2212 2642 2265 ὑποστάσει
2681 2210 2774 2263 τοῦ
2815 2209 3046 2280 Πατρός·
3098 2207 3310 2279 πνεῦμα
3344 2209 3448 2280 γὰρ
3479 2212 3543 2263 ὲκ
3572 2211 3686 2263 Πα-

2110 2303 2254 2373 τρός.
2289 2303 2397 2355 Kal
2453 2301 2593 2355 κατὰ
2643 2301 2741 2372 μὲν
2768 2301 2868 2370 τὴν
2896 2299 2990 2352 τοῦ
3027 2299 3239 2369 Πατρὸς
3271 2299 3293 2330 ⁸
3323 2299 3530 2353 ἔννοιαν
3559 2319 3688 2353 ταυ-

2110 2397 2221 2462 τὸν,
2252 2397 2326 2459 ὼς
2349 2395 2490 2448 κατὰ
2512 2395 2614 2465 τὴν
2636 2395 2736 2464 τῆς
2759 2393 2958 2465 σαρκὸς
2979 2393 3187 2446 ἔννοιαν
3211 2393 3424 2448 ταυτὸν.
3456 2395 3529 2446 Οὑ
3556 2411 3686 2450 ταυ-

2113 2491 2201 2543 τὸν
2218 2489 2294 2554 δὲ,
2329 2487 2440 2542 ἀλλ’
2479 2489 2684 2558 ὅμοιον,
2719 2487 2853 2539 διότι
2877 2485 2936 2538 τὸ
2972 2483 3187 2554 πνεῦμα
3227 2486 3254 2538 ὃ
3291 2487 3436 2537 ἐστιν
3464 2487 3492 2538 6
3525 2485 3684 2551 Υἱὸς,

2114 2585 2213 2636 οὑκ
2250 2582 2397 2634 ἐστιν
2426 2582 2454 2632 6
2485 2581 2694 2649 Πατήρ.
2725 2578 2834 2630 Kal.
2857 2579 2890 2647 ὴ
2923 2576 3057 2648 σὰρξ
3073 2577 3138 2646 ἣν
3165 2576 3378 2645 ὁΛόγος
3402 2577 3682 2642 ἀνέλαϐεν,

2115 2677 2214 2730 οὐκ
2244 2675 2388 2728 ἔστιν
2440 2675 2504 2726 ἐκ
2540 2672 2850 2742 σπέρματος
2889 2671 2980 2722 καὶ
3009 2669 3231 2740 ἡδονῆς·
3261 2669 3375 2722 ἀλλ’
3405 2670 3576 2733 οὑτως
3610 2669 3686 2735 ὡς

2116 2770 2175 2821 τὸ
2209 2763 2533 2835 Εὑαγγέλιον
2572 2765 2717 2833 ἡμᾶς
2753 2761 2976 2825 ἐδίδαξε.
3000 2761 3096 2814 Διὰ
3131 2761 3229 2832 μὲν
3253 2761 3314 2831 δὴ
3353 2760 3576 2826 τούτων,
3611 2763 3688 2826 ὼς

2119 2861 2460 2931 προείρηται,
2506 2857 2623 2919 πῶς
2667 2855 2694 2907 6
2737 2855 2864 2917 Υἱὸς
2897 2853 3040 2908 κατὰ
3075 2853 3135 2906 τὸ
3168 2851 3307 2906 εἶναι
3350 2853 3565 2918 ἑαυτοῦ,
3595 2855 3692 2906 καὶ

2120 2953 2262 3007 κατὰ
2308 2952 2367 3005 τὸ
2423 2947 2668 3020 ὑφεστὼς
2709 2941 2846 3000 εἶναι
2886 2945 3099 3010 ἑαυτοῦ,
3155 2946 3340 3015 ὅμοιός
3388 2945 3506 2998 ἐστι
3552 2945 3692 3000 κατὰ

2124 3047 2302 3098 πάντα
2333 3041 2410 3114 τῷ
2461 3041 2657 3110 Πατρὶ,
2693 3041 2719 3092 ό
2753 3038 2880 3100 Υἱὸς
2932 3037 3242 3090 ἐπαίδευσεν
3272 3040 3416 3108 ἡμᾶς
3443 3055 3455 3066 ·
3497 3039 3612 3102 πῶς
3638 3037 3694 3090 δὲ

2122 3139 2304 3210 ὅμοιός
2357 3137 2472 3188 ἐστι
2530 3133 2671 3187 κατὰ
2703 3131 2799 3202 τὴν
2849 3129 3096 3202 βούλησιν
3141 3132 3233 3182 καὶ
3267 3131 3364 3200 τὴν
3395 3130 3693 3200 ἐνέργειαν,

450 3229 584 3268 vero
616 3218 896 3275 voluntate
940 3229 992 3274 et
1023 3223 1240 3277 actione
1287 3226 1654 3295 operibusque
1691 3227 1761 3280 sit
1802 3228 2022 3293 similis,

2129 3232 2222 3285 καὶ
2254 3229 2321 3282 τὰ
2347 3227 2712 3298 ἐνεργήματα,
2741 3223 2828 3275 διὰ
2857 3223 2954 3292 τῆς
2981 3224 3115 3291 πρὸς
3149 3221 3469 3292 Ῥωμαίους,
3498 3223 3590 3290 ἀφ’
3623 3215 3698 3275 ὧν

451 3321 518 3362 ex
553 3309 789 3380 Epistula
821 3313 888 3367 ad
921 3313 1200 3370 Romanos
1235 3316 1552 3380 didicimus,
1586 3319 1678 3372 ubi
1721 3319 1811 3373 ille
1844 3320 1980 3374 dixit
2008 3341 2022 3375 :

451 3398 528 3456 In
568 3403 913 3459 similitudine
954 3405 1118 3478 865
1173 3409 1351 3462 carnis
1406 3411 1606 3478 peccati
1665 3411 2028 3465 condemnavit

450 3501 725 3562 peccatum
749 3495 802 3546 in
833 3499 1050 3552 carne'.
1074 3495 1208 3550 Nam
1241 3499 1330 3552 illa
1366 3515 1514 3566 caro,
1546 3516 1708 3570 quam
1734 3501 1826 3556 Dei
1857 3502 2030 3558 Filius

455 3579 663 3646 induit,
695 3583 823 3636 licet
875 3585 1065 3638 eadem
1121 3595 1270 3640 esset
1324 3603 1449 3641 cum
1497 3604 1664 3644 carne
1701 3592 1934 3660 peccati,
1978 3599 2032 3645 et

455 3674 656 3727 eodem
693 3675 858 3728 modo
914 3676 982 3730 ad
1036 3675 1267 3744 famem,
1331 3681 1476 3734 sitim
1539 3689 1703 3751 atque
1757 3697 2030 3748 somnum,

458 3778 574 3835 quo
625 3765 833 3835 reliqua
866 3781 998 3820 caro
1047 3768 1227 3822 omnis
1279 3769 1667 3838 impelleretur,
1717 3772 1803 3827 his
1851 3778 2034 3825 tamen

461 3857 722 3913 omnibus
746 3873 1093 3928 nequaquam
1125 3859 1194 3913 ad
1225 3871 1448 3931 peccata
1477 3863 1876 3918 concitabatur.
1901 3863 2034 3918 Pro-

465 3959 652 4018 pterea
690 3949 828 4004 dixit
866 3950 1186 4019 Apostolus.
1227 3951 1292 4005 In
1329 3953 1680 4009 similitudine
1709 3956 1887 4008 carnis
1919 3971 2038 4023 pec-

465 4043 609 4107 cati,
657 4039 804 4111 quod
861 4040 1050 4096 eodem
1105 4057 1228 4097 cum
1283 4043 1374 4098 illo
1419 4044 1653 4099 recidit:
1705 4047 2039 4116 Qnmcunque

465 4137 607 4188 enim
651 4133 817 4187 Pater
861 4134 1014 4205 facit,
1067 4135 1175 4188 huic
1218 4144 1268 4189 et
1319 4135 1494 4190 Filius
1541 4137 1788 4190 similiter
1833 4137 1968 4206 facit
1993 4139 2036 4191 ³.

468 4225 606 4281 Nam
637 4225 802 4282 Pater
843 4243 964 4281 cum
1009 4227 1082 4281 sit
1131 4227 1394 4297 spiritus,
1442 4237 1702 4298 tanquam
1751 4229 2040 4299 principali

472 4321 636 4374 mmlo
666 4315 819 4383 facit,
843 4318 1016 4374 Filius
1042 4333 1171 4373 vero
1195 4321 1285 4390 qui
1312 4329 1364 4375 et
1395 4321 1513 4390 ipse
1539 4323 1766 4390 Spiritus
1798 4332 1902 4387 est,
1931 4339 2040 4377 non

470 4412 758 4482 principali
803 4413 987 4476 modo,
1036 4412 1184 4467 velut
1219 4413 1399 4478 Pater,
1447 4413 1544 4469 sed
1589 4414 1841 4470 similiter
1889 4413 2038 4470 facit.

468 4501 741 4570 Quocirca
769 4503 814 4558 si
849 4517 1071 4558 carnem
1100 4505 1356 4575 utrinque
1376 4515 1588 4574 spectes
1608 4548 1621 4571 ,
1647 4505 1786 4560 idem
1810 4517 1892 4560 est
1917 4521 2042 4560 cum

2129 3325 2344 3396 εἴρηκεν
2360 3335 2374 3350 ·
2413 3321 2506 3372 Ἐν
2517 3317 2826 3388 ὁμοιώματι
2842 3314 3067 3382 σαρκὸς
3089 3316 3373 3382 ἁμαρτίας
3396 3311 3701 3382 κατέκρινε

2131 3417 2244 3484 τὴν
2264 3413 2554 3482 ἁμαρτίαν
2577 3407 2732 3476 ἐνῖῇ
2755 3408 2954 3476 σαρκί.
3003 3407 3063 3458 ἸΙ
3089 3404 3195 3477 γὰρ
3215 3405 3350 3476 αὑτὴ
3381 3405 3516 3475 σὰρξ
3545 3401 3700 3472 οὖσα,

2132 3508 2198 3576 ἦν
2252 3501 2512 3558 ἀνέλαϐεν
2545 3503 2573 3553 6
2603 3500 2728 3562 Υἱὸς
2760 3497 2853 3550 τεῦ
2896 3495 3052 3560 Θεοῦ,
3096 3499 3162 3568 τῇ
3217 3497 3487 3566 ἁμαρτίας
3517 3497 3701 3566 σαρκὶ,

2134 3597 2228 3650 κα)¹
2277 3593 2475 3665 ὁμοίιος
2518 3589 2808 3661 κινουμένη
2849 3589 2988 3660 πρὸς
3035 3591 3242 3650 πεῖναν,
3281 3589 3373 3641 καὶ
3399 3587 3579 3655 δίψαν,
3613 3589 3706 3639 καὶ

2137 3689 2323 3750 ὕπνον,
2353 3687 2428 3749 ὡς
2474 3687 2623 3737 πᾶσα
2665 3683 2818 3752 σὰρξ,
2859 3684 2922 3734 ἐκ
2959 3679 3162 3734 τούτων
3187 3680 3575 3750 ἁμαρτητικῶς
3608 3681 3707 3732 οὑκ

2137 3782 2383 3834 ἐκινεῖτο,
2408 3777 2497 3830 Διὸ
2528 3777 2769 3846 εἴρηται·
2792 3773 2891 3826 Ἐν
2915 3771 3229 3840 ὁμοιώματι
3267 3769 3492 3838 σαρκὸς
3529 3771 3714 3838 ἁμαρ-

2137 3871 2288 3934 τίας,
2348 3871 2485 3938 ὅπερ
2535 3864 2716 3936 ὅμοιόν
2746 3865 2860 3916 ἐστι
2894 3861 3006 3932 τῷ,
3037 3861 3222 3928 Ἀπερ
3250 3859 3361 3928 γὰρ
3402 3861 3434 3912 ὁ
3485 3859 3708 3926 Πατὴρ,

2138 3959 2328 4014 ταῦτα
2355 3957 2453 4011 καὶ
2498 3960 2530 4011 ὁ
2597 3953 2728 4020 Υἱὸς
2767 3951 2981 4020 ὁμοίως
3035 3949 3206 4002 ποιεῖ.
3268 3949 3326 4001 'O
3368 3947 3476 4018 γὰρ
3524 3945 3712 4016 Πατὴρ

2141 4051 2360 4120 πνεῦμα
2409 4049 2507 4112 ὢν,
2557 4043 2886 4106 αὑθεντικῶς
2939 4044 3101 4095 ποιεῖ.
3145 4041 3202 4094 '0
3241 4040 3296 4093 δὲ
3351 4037 3714 4107 ι⁴ἱὸς,πνεῦμα

2141 4141 2237 4210 ὢν,
2283 4141 2381 4194 οὑκ
2431 4135 2763 4198 αὑθεντικῶς
2825 4136 2986 4196 ποιεῖ,
3047 4131 3122 4195 ὡς
3197 4132 3226 4183 ὁ
3295 4130 3515 4202 Πατὴρ,
3600 4127 3713 4182 ἀλλ’

2142 4234 2362 4306 ὁμοίως.
2415 4228 2621 4283 Οὐκοῦν
2675 4226 2807 4280 καθὸ
2859 4225 2956 4296 μὲν
2987 4223 3124 4294 σὰρξ
3167 4221 3261 4275 καὶ
3311 4221 3468 4296 σὰρξ,
3499 4219 3715 4283 ταυτὸν,

2145 4325 2332 4394 ὥσπερ
2378 4319 2513 4374 καθὸ
2559 4318 2775 4388 πνεῦμα
2818 4315 2911 4369 καὶ
2965 4315 3208 4384 πνεῦμα,
3248 4313 3630 4366 ταυτὸν-καθὸ
3661 4311 3718 4364 δὲ

2145 4417 2270 4470 ἄνευ
2297 4411 2523 4481 σπορᾶς,
2554 4409 2614 4462 οὐ
2640 4407 2855 4470 ταυτὸν,
2872 4406 2983 4459 ἀλλ’
3001 4407 3203 4475 ὅμοιον·
3232 4403 3380 4456 ὥσπε
3390 4421 3418 4473 ρ
3443 4403 3572 4455 καθὸ
3591 4403 3718 4455 ἄνευ

2151 4505 2452 4578 ἀπορροίας
2483 4503 2578 4556 καὶ
2611 4501 2816 4564 πάθους
2834 4501 2861 4552 6
2878 4499 3025 4563 Υἱὸς,
3053 4499 3113 4551 οὑ
3143 4497 3354 4562 ταυτὸν,
3377 4495 3490 4549 ἀλλ’
3513 4497 3716 4566 ὅμοιον.

474 4595 787 4650 hominibus
833 4595 1108 4660 Christus,
1170 4587 1330 4668 quem
1366 4596 1655 4651 admodum
1697 4597 1743 4652 si
1793 4598 2022 4668 spiritun

2158 4599 2290 4672 [Καὶ
2311 4595 2443 4650 καθὸ
2470 4595 2570 4665 μὲν
2602 4593 2739 4664 σὰρξ
2765 4593 2858 4645 καὶ
2880 4589 3266 4661 σὰρξ,ταυτὸν,
3285 4589 3359 4652 ὡς
3394 4587 3526 4641 καθὸ
3555 4587 3722 4640 πνεῦ-

475 4691 728 4758 utrinque
749 4695 982 4758 spectes,
1001 4689 1142 4744 idem
1177 4697 1260 4744 est
1283 4703 1405 4742 cum
1429 4687 1750 4744 Patre..Jam
1776 4698 2045 4759 quatenus

475 4781 593 4835 sine
620 4779 828 4834 semine
853 4781 1070 4850 genitus
1091 4787 1193 4844 est,
1221 4797 1328 4834 non
1378 4780 1520 4834 idem
1553 4791 1656 4844 est,
1687 4781 1780 4836 sed
1815 4781 2044 4848 similis;

475 4873 704 4944 perinde
753 4881 916 4942 atque
963 4880 1234 4942 quatenus
1287 4872 1406 4928 sine
1468 4872 1736 4943 proﬂuvio
1791 4875 1922 4940 ullo,
1983 4888 2049 4928 ac

475 4965 734 5036 passione
773 4966 1042 5035 processit
1065 4963 1255 5032 Filius,
1301 4981 1408 5020 non
1443 4967 1584 5021 idem
1619 4976 1724 5029 est,
1757 4967 1852 5021 sed
1892 4967 2045 5020 simi.

477 5063 564 5114 lis.
595 5061 874 5127 Quatenus
898 5075 1028 5118 vero
1051 5061 1105 5114 in
1137 5061 1485 5116 similitudine
1513 5071 1588 5115 est
1609 5061 1784 5116 carnis
1825 5063 2046 5130 peccati,

476 5169 590 5214 non~
625 5153 766 5208 idem
810 5161 894 5207 est
935 5167 1062 5206 cum
1105 5153 1289 5205 carnis
1325 5153 1806 5217 commotionibus,
1845 5151 1939 5207 sed
1975 5153 2049 5208 si-

477 5247 644 5300 milis.
668 5245 785 5302 Non
825 5246 980 5300 aliter
1010 5251 1172 5316 atque
1193 5245 1336 5299 idem
1363 5245 1457 5314 qui
1489 5245 1874 5301 eommotionis
1933 5245 2081 5300 illius
2116 5242 2536 5299 similitudinem
2591 5239 2793 5301 habet,

2160 4710 2236 4763 μα
2252 4692 2346 4744 καὶ
2367 4689 2606 4756 πνεῦμα,
2627 4686 2820 4740 ταυτόν
2907 4685 3040 4737 καθὸ
3065 4686 3120 4737 δὲ
3149 4685 3218 4736 ἐν
3243 4681 3555 4752 ὁμοιώματι
3577 4697 3724 4750 σαρ-

2156 4784 2262 4849 κὸς
2305 4781 2612 4851 ἁμαρτίας,
2646 4779 2828 4847 ὅμοιος
2855 4780 2967 4840 τοῖς
3008 4775 3205 4848 σαρκὸς
3233 4779 3515 4847 κινήμασι,
3543 4775 3635 4828 καὶ
3661 4775 3722 4830 οὐ

2154 4875 2369 4930 ταυτόν,
2407 4873 2617 4942 ’Ὠσπερ
2645 4865 2737 4922 οὖν
2785 4870 2841 4920 ὲν
2884 4869 3185 4938 ὁμοιώματι
3225 4870 3490 4938 κινήσεως
3522 4867 3549 4918 6
3575 4867 3723 4930 Υἱὸς,

2153 4966 2520 5037 ὑπουργικῶς,
2549 4965 2643 5016 καὶ
2671 4963 2731 5016 οὐ
2769 4961 2984 5025 ταυτὸν,
3011 4960 3084 5023 ὡς
3113 4962 3140 5012 6
3164 4960 3353 5030 Πατὴρ
3375 4959 3722 5022 αὑθεντικῶς.

2160 5063 2226 5113 "A
2256 5060 2363 5130 γὰρ
2386 5061 2412 5110 ὀ
2443 5057 2632 5126 Πατὴρ
2661 5057 2823 5116 ποιεῖ,
2866 5052 3041 5106 ταῦτα
3078 5052 3171 5105 καὶ
3196 5053 3224 5102 6
3253 5051 3401 5114 Υἱὸς,
3431 5052 3528 5120 οὑχ
3555 5049 3727 5114 οὑτως

2157 5150 2318 5213 αὑτὸς
2345 5151 2504 5212 ποιεῖ,
2535 5147 2647 5202 ἀλλ’
2669 5146 2886 5217 ὁμοίως.

2873 5235 3044 5290 Filius
3103 5235 3538 5290 administrando
3602 5253 3723 5292 cum

479 5339 638 5391 Patre
672 5338 851 5394 facere
897 5339 1120 5403 dicitur,
1151 5354 1263 5393 non
1309 5339 1452 5393 idem
1490 5357 1612 5396 esse
1666 5357 1790 5395 cum
1833 5341 1947 5405 illo,
2003 5345 2096 5393 aut
2153 5338 2440 5409 principali
2499 5335 2662 5390 modo
2724 5334 2922 5389 facere.
2983 5331 3116 5385 Nam
3171 5348 3509 5402 quaecunque
3567 5332 3731 5390 Pater

482 5431 630 5492 facit,
672 5428 859 5484 eadem
891 5436 944 5482 et
965 5427 1159 5491 Filius,
1195 5445 1306 5490 non
1342 5429 1531 5483 eodem
1565 5437 1744 5484 tamen
1789 5429 1968 5494 modo,
2004 5429 2100 5483 sed
2141 5427 2393 5482 similiter
2425 5425 2576 5479 facit.

555 5521 630 5572 Ex
657 5519 742 5574 bis
773 5533 898 5573 vero
927 5520 1183 5574 omnibus
1221 5521 1564 5590 perspicuum
1600 5531 1706 5585 est,
1753 5519 1949 5574 Filium
1997 5521 2054 5573 in

485 5613 736 5666 omnibus
765 5611 942 5668 Patris
967 5629 1092 5668 esse
1117 5613 1370 5678 similem,
1405 5615 1859 5685 quemadmodum
1885 5613 2055 5668 Filius

489 5694 660 5749 Patris
683 5715 804 5754 esse
831 5702 1023 5757 similis
1053 5703 1234 5770 debet,
1269 5720 1300 5757 a
1324 5720 1434 5774 quo
1465 5704 1680 5782 preprie
1707 5715 1792 5759 est
1827 5721 1888 5758 ac
1923 5705 2055 5775 legi-

565 5851 582 5884 ¹
609 5850 740 5908 Luc.
781 5869 824 5920 ι,
855 5853 942 5910 55.
1020 5853 1216 5912 ’Rom.
1252 5873 1368 5923 vin,
1394 5859 1445 5914 5.
1524 5859 1542 5890 ³
1582 5857 1738 5913 Juan.
1775 5874 1824 5929 ν,
1858 5857 1944 5914 19.

2231 5521 2339 5573 Καὶ
2386 5519 2616 5588 φανερὸν
2657 5520 2720 5571 ὲκ
2753 5515 2978 5581 τούτων,
3025 5515 3106 5568 ὅτι
3151 5515 3290 5568 κατὰ
3335 5516 3510 5568 πάντα
3543 5517 3570 5568 ὁ
3604 5519 3732 5583 Υἱὸς

2156 5611 2338 5681 ὅμοιός
2369 5612 2483 5662 ἐστι
2511 5607 2587 5679 τῷ
2610 5609 2806 5678 Πατρὶ,
2835 5607 2909 5670 ὡς
2939 5609 2966 5660 ὁ
2996 5606 3121 5668 Υἱὸς
3147 5606 3320 5675 Πατρὶ
3343 5605 3400 5669 ἐξ
3422 5606 3583 5659 αὑτοῦ
3608 5625 3710 5680 γνη

2161 5704 2290 5765 σίως
2341 5701 2752 5770 γεγεννημένος.
2801 5699 2920 5752 Τῶν
2959 5696 3066 5771 γὰρ
3110 5697 3324 5750 ἀτόπων
3379 5698 3547 5762 ἐστὶν,
3603 5700 3738 5758 Υίὸυ

2023 5857 2044 5888 δ
2068 5856 2126 5912 F.
2157 5855 2498 5928 Πνεύματος.
