4134 6386
470 360 591 419 J39

1882 372 1937 429 S.
1970 374 2319 433 'EPiPHA‘Vll

3607 390 3739 447 ιω·

475 480 757 550 prietatcm
791 494 1132 551 communem
1184 499 1308 539 cum
1355 488 1587 551 caeteris,
1631 504 1751 559 quae
1785 478 2035 560 produt-ta

2149 501 2240 554 τοῦ
2272 498 2398 552 Υἱοῦ
2432 500 2531 569 τὴν
2559 500 2813 570 ἰδιότητα·
2839 500 2898 552 οὐ
2922 498 3184 570 δεξόμεθα
3220 500 3320 571 μὲν
3343 500 3430 554 διὰ
3456 502 3553 572 τὴν
3579 504 3715 574 πρὸς

474 580 621 632 sunt,
655 571 905 639 eiliciant‘,
949 590 1018 629 ne
1062 575 1129 629 ad
1179 577 1509 645 impietatem
1557 581 1668 634 ullo
1724 583 2043 640 insidiarum

471 662 703 716 artificio
750 663 1293 737 deducantur,”
1344 669 1650 726 istiusmodi
1694 676 1914 730 nomina
1961 693 2047 733 reb

467 756 756 823 jieiemus;
811 757 986 815 Patris
1027 776 1155 814 vero
1208 778 1273 817 ac
1309 762 1426 817 Filii
1466 769 1880 835 appellationem
1914 788 2059 827 san--

471 857 557 903 cte
586 864 648 904 ac
693 862 952 921 perpetuo
994 855 1395 923 usurpabimus.
1452 841 1690 914 Primum
1746 866 1888 932 quod
1944 881 2043 921 nos

468 954 501 993 e
528 942 818 1011 gentilibus
841 946 1013 997 vocali
1049 944 1103 999 in
1144 946 1438 1017 ingenitum
1485 967 1548 1006 ac
1588 955 1823 1020 genitum
1863 957 2041 1027 bapti-

469 1032 571 1084 zati
600 1046 709 1085 non
750 1049 962 1099 sumus,
995 1038 1091 1091 sed
1126 1038 1180 1092 in
1210 1037 1424 1094 Patrem
1477 1058 1541 1097 ac
1584 1044 1817 1112 Filium;
1848 1049 2044 1105 deinde

468 1125 610 1194 quod
642 1124 811 1182 Filius
839 1144 1115 1199 nunquam
1164 1131 1376 1188 Patrem
1417 1151 1576 1191 suum
1608 1139 1904 1209 ingenitum
1947 1160 2041 1213 ap-

466 1215 696 1284 pellasse
724 1221 1067 1289 reperiatur;
1097 1224 1191 1278 sed
1230 1224 1444 1279 Patrem
1483 1243 1697 1299 semper
1724 1235 2040 1290 nominave‘

464 1306 534 1359 rit
563 1306 751 1372 Deum,
784 1311 1026 1380 seipsutn
1056 1329 1183 1368 vero
1213 1314 1301 1369 Dei
1332 1316 1546 1374 Filium.
1577 1321 1785 1387 Quibus
1808 1340 1872 1379 ex
1905 1328 2038 1382 locis

463 1414 634 1468 pauca
678 1403 922 1472 quaedam
978 1407 1297 1462 ascribenda
1344 1422 1493 1467 sunt.
1545 1413 1697 1469 Hunc
1745 1418 1908 1486 igitur
1957 1420 2037 1475 sic

462 1493 770 1562 loquentem
789 1496 1074 1554 audiamus
1093 1518 1105 1553 :
1123 1498 1183 1555 Si
1200 1501 1478 1572 diligeritie
1490 1522 1588 1570 me,
1607 1509 1904 1577 gauderetis
1930 1515 2039 1566 uti-‘-

460 1594 576 1652 qu'e.
596 1586 722 1654 quia
739 1586 869 1642 vada
903 1590 973 1641 ad
1010 1588 1227 1644 Patrem
1247 1610 1416 1648 meum
1438 1598 1479 1652 ¹.
1500 1596 1628 1652 Item
1653 1619 1665 1653 :
1689 1600 1853 1665 Quem
1879 1603 2039 1658 Pater

462 1679 812 1745 sanctiﬁcavit
829 1688 877 1734 et
903 1684 1047 1736 misit
1067 1685 1121 1738 in
1156 1686 1429 1750 mundum,
1452 1705 1540 1743 vos
1564 1691 1693 1744 mihi
1718 1694 2031 1760 irascimini,

457 1766 596 1832 quod
611 1767 833 1822 dixerim
857 1786 874 1823 :
896 1768 1065 1826 Filius
1084 1773 1179 1828 Dei
1194 1792 1310 1829 sum
1332 1780 1371 1829 '.
1397 1777 1523 1833 item
1550 1798 1563 1833 :
1597 1780 1703 1850 Ego
1727 1794 1775 1836 et
1808 1802 1840 1837 a
1874 1785 2037 1841 Patre

2145 592 2399 645 ἀσέϐειαν
2423 592 2701 663 μεθοδείαν
2725 593 2793 645 τά
2818 593 3075 662 ὀνόματα’
3097 593 3181 645 ἀεὶ
3204 592 3262 644 δὲ
3290 593 3367 662 τῷ
3382 591 3475 645 τοῦ
3503 595 3715 664 Πατρὸς

2146 684 2240 737 καὶ
2262 683 2392 736 Tia?)
2420 684 2584 747 ὁσίως
2612 684 2947 755 χρησόμεθα.
2978 682 3201 753 Πρῶτον
3234 683 3330 752 μὲν
3359 679 3452 737 οὖν
3475 684 3555 737 ὅτι
3580 686 3628 736 oi
3653 684 3714 748 ἐξ

2145 772 2313 826 ἐθνῶν
2355 773 2641 843 κληθέντες
2690 776 2790 826 οὐκ
2833 772 3238 842 ἐϐαπτίσθημεν
3286 774 3368 835 εἰς
3420 773 3714 843 ἀγέννητον

2145 865 2237 917 καὶ
2261 865 2539 935 γεννητὸν,
2579 864 2694 917 ἀλλ’
2730 867 2810 928 εἰς
2853 864 3069 935 Πατέρα
3100 866 3195 918 καὶ
3223 864 3372 919 Υἱόνο
3409 864 3601 918 ἔπειτα
3627 866 3713 918 ὃτι
3810 938 3813 941 Α

2142 956 2378 1027 οὐδαμοῦ
2417 957 2728 1027 εὑρίσκεται
2756 957 2786 1008 6
2816 956 2944 1020 Υἱὸς
2975 955 3211 1028 εἰρηκὼς
3251 956 3342 1009 τὸν
3383 954 3575 1009 ἑαυτοῦ
3598 957 3713 1009 Πα-

2141 1049 2276 1120 τέρα
2302 1048 2616 1118 ἁγέννητον,
2642 1049 2778 1102 ἀλλά
2809 1048 2898 1101 ἀεὶ
2928 1048 3149 1118 Πατέρα
3177 1046 3412 1119 εἰρηκὼς
3441 1047 3530 1101 τὸν
3551 1047 3706 1109 Θεὸν,

2140 1139 2235 1192 καὶ
2271 1138 2358 1191 ἀεὶ
2381 1138 2569 1191 ἑαυτὸν
2601 1137 2727 1191 Υἱὸν
2751 1136 2845 1190 τοῦ
2875 1136 3010 1191 Θεοῦ
3041 1138 3220 1206 (ὀλίγα
3251 1137 3294 1168 ¹⁰
3323 1152 3710 1207 παρασημειω-

2140 1230 2300 1299 τέον),
2335 1230 2625 1293 ἀκούοντες
2662 1228 2828 1283 αὑτοῦ
2878 1229 3145 1297 λέγοντος·
3187 1231 3256 1282 El
3291 1227 3571 1298 ,ἠγαπᾶτέ
3610 1245 3706 1297 με,

2137 1321 2393 1390 ἐχάρητε
2419 1322 2515 1384 ἂν,
2542 1322 2633 1375 ὅτι
2655 1323 2980 1390 πορεύομαι
3008 1321 3158 1389 πρὸς
3182 1321 3287 1373 τὸν
3314 1319 3545 1387 Πατέρα
3567 1337 3707 1388 μου·

2139 1413 2253 1475 καὶ,
2296 1415 2401 1466 Ὃν
2423 1416 2456 1467 ό
2490 1412 2693 1481 Πατὴρ
2721 1413 2938 1481 virtue-8
2975 1411 3075 1465 καὶ
3103 1411 3463 1466 ἀπέστειλεν
3494 1413 3582 1468 εὶ(-
3603 1410 3711 1462 τὸν

2138 1505 2390 1573 κόσμον,
2422 1504 2551 1574 ἐμοὶ
2599 1503 2838 1573 χολᾶτε,
2870 1503 2959 1557 ὅτι
3000 1492 3189 1556 sieta)"
3235 1501 3367 1567 Υἱὸς
3392 1500 3540 1555 Θεοῦ
3567 1502 3702 1568 εἰμι·

2136 1594 2249 1657 καὶ,
2287 1594 2426 1662 Ἐγὼ
2437 1595 2508 1647 ἐκ
2527 1595 2632 1648 τοῦ
2650 1595 2874 1661 Πατρός
2893 1592 3177 1660 ἐξῆλθον,
3201 1591 3299 1645 καὶ
3320 1591 3465 1658 ἤχῳ.
3501 1591 3594 1654 Ἐξ
3603 1589 3705 1657 ῆλ-

2136 1689 2243 1738 θον
2265 1686 2333 1738 ἐκ
2365 1685 2470 1738 τοῦ
2498 1684 2746 1752 Πατρός,
2777 1683 2875 1739 καὶ
2906 1685 3178 1749 ἐλήλυθα
3203 1684 3290 1745 εὶς
3312 1681 3419 1733 τὸν
3451 1680 3702 1748 κόσμον·

2135 1773 2320 1829 πάλιν
2350 1775 2562 1844 ἀφίημι
2610 1775 2717 1827 τὸν
2758 1775 3014 1841 κόσμον,
3061 1771 3161 1825 καὶ
3201 1772 3521 1839 πορεύομαι
3555 1768 3705 1832 πρὸς

457 1857 613 1922 exivi,
639 1868 686 1912 et
722 1861 871 1915 vado.
890 1861 1043 1916 Exivi
1065 1880 1097 1917 a
1114 1863 1362 1925 Patre.et
1392 1871 1505 1922 veni
1544 1871 1600 1924 in
1616 1873 1865 1926 mundum
1889 1891 1906 1929 :
1930 1877 2034 1931 ite-

2138 1868 2243 1920 τὸν
2273 1867 2522 1935 Πατέρα.
2550 1868 2660 1921 Καὶ
2687 1869 2723 1938 ἡ
2745 1866 3001 1938 ὁμολογία
3022 1865 3080 1919 δὲ
3104 1864 3199 1918 τοῦ
3229 1864 3457 1934 Πέτρου·
3481 1862 3564 1915 Σὺ
3594 1857 3652 1914 εἷ
3672 1864 3705 1913 ό

457 1958 575 2003 ru'm
604 1950 841 2019 relinquo
860 1961 1131 2022 mundum,
1158 1968 1209 2012 et
1229 1960 1360 2013 vado
1388 1961 1457 2013 ad
1477 1961 1691 2017 Patrem
1707 1965 1747 2020 ³.
1771 1966 1920 2022 Adde
1938 1967 2036 2024 Pe-

458 2044 531 2097 tri
547 2044 967 2103 confessionem:
994 2049 1072 2103 Tu
1096 2068 1150 2106 es
1168 2050 1410 2109 Christus
1440 2054 1615 2111 Filius
1646 2058 1739 2113 Dei
1763 2061 1806 2114 δ.
1845 2062 1949 2119 Sed
1977 2075 2034 2119 et

458 2132 618 2190 Pater
642 2152 672 2191 e
701 2138 871 2193 ccelo:
896 2138 995 2207 Hie
1022 2151 1122 2206 est,
1148 2144 1340 2214 inquit,
1368 2145 1416 2199 F
1419 2148 1541 2203 ilius
1576 2166 1718 2205 meus
1735 2151 1954 2207 dilectus
1988 2156 2031 2208 ⁸.

458 2222 591 2291 Quae
625 2243 748 2282 cum
791 2231 865 2283 ita
899 2233 1027 2297 sint,
1059 2249 1292 2306 cumque
1330 2248 1384 2293 et
1420 2239 1580 2295 Pater
1610 2240 1754 2303 Filii,
1782 2252 1834 2298 et
1862 2244 2033 2301 Filius

460 2308 639 2377 Patris
676 2323 743 2377 ad
769 2336 889 2378 eum
918 2326 1138 2381 modum
1171 2331 1497 2398 meminerit,
1525 2341 1578 2388 et
1602 2348 1727 2399 nos,
1752 2349 1809 2391 ut
1837 2338 2032 2394 iterum

457 2409 656 2477 dicam,
698 2414 846 2470 hisce
898 2419 1211 2477 nominibus
1262 2423 1534 2495 obsignati
1594 2426 1787 2491 simus,
1841 2430 2032 2485 iisdem

456 2502 566 2559 illis
591 2518 807 2576 semper
829 2517 1063 2576 utemur,
1097 2526 1159 2566 ac
1192 2514 1448 2583 profanas
1472 2531 1665 2571 vocum
1695 2520 1963 2576 novitates
1988 2524 2030 2589 ⁸,

455 2610 579 2681 qua;
612 2600 965 2668 apostolicam
1006 2602 1160 2659 iidem
1191 2617 1526 2677 oppugnant,
1555 2597 1745 2681 procul
1781 2614 2031 2683 repudia-

456 2672 657 2745 bimus.
690 2688 843 2756 Quod
876 2694 1020 2747 enim
1065 2710 1096 2750 a
1147 2672 1303 2752 Patre
1335 2672 1688 2766 dictum-est,
1760 2701 1825 2755 In
1844 2672 2033 2771 splen-

453 2779 672 2835 tioribus
727 2793 1029 2843 sanctorum
1074 2802 1138 2841 ea:
1191 2799 1337 2844 utero
1397 2801 1518 2846 ante
1568 2793 1843 2862 luciferum
1881 2798 2034 2865 genui

456 2881 507 2929 te
541 2872 586 2934 ⁷,
617 2876 927 2932 necessario
955 2889 1275 2949 usurpatum
1315 2890 1419 2947 est,
1449 2893 1500 2937 et
1549 2886 1617 2939 ab
1654 2888 2034 2942 communione

454 2980 578 3021 cum
608 2969 807 3023 creatis
851 2970 1016 3026 rebus
1064 2970 1258 3026 Filium
1306 2972 1482 3030 Patris
1529 2977 1799 3033 abducet:
1835 2980 1926 3049 qui
1964 2981 2034 3035 ab

453 3058 575 3129 ipso
622 3076 912 3129 germanus
955 3065 1278 3136 proprieque
1327 3066 1544 3137 genitus
1589 3078 1672 3126 est
1718 3069 1925 3141 Filius;
1979 3072 2029 3127 id

2138 1963 2391 2029 Χριστὸς
2428 1965 2461 2015 ό
2509 1962 2639 2026 Υἱὸς
2677 1961 2783 2015 τοῦ
2821 1959 2991 2014 Θεοῦ.
3040 1959 3149 2012 Καὶ
3179 1960 3208 2010 ὁ
3248 1956 3441 2026 Πατὴρ
3479 1953 3701 2009 ἄνωθεν-

2142 2050 2331 2119 Οὗτός
2348 2054 2519 2107 ἐστιν
2539 2056 2571 2107 ό
2595 2054 2724 2118 Υἱός
2741 2069 2859 2120 μου
2879 2053 2911 2104 ό
2933 2051 3260 2119 ἀγαπητός.
3285 2048 3395 2101 Καὶ
3415 2045 3506 2099 διὰ
3524 2044 3706 2105 τοῦτο,

2138 2146 2325 2217 ἐπειδὴ
2371 2146 2541 2210 οὕτως
2586 2145 2681 2199 καὶ
2725 2143 2912 2211 Πατὴρ
2953 2142 3101 2196 Υἰοῦ⁶
3129 2143 3420 2212 μέμνηται,
3457 2140 3554 2192 καὶ
3581 2138 3709 2199 Υἱὸς

2138 2242 2350 2312 Πατρὺς
2394 2242 2489 2294 xui.
2549 2240 2607 2292 ὲν
2657 2239 2867 2301 τούτοις
2917 2239 3027 2299 τοῖς
3073 2236 3299 2307 ὀνόμασι
3347 2231 3534 2301 (πάλιν
3576 2229 3707 2300 ἐρῶ)

2138 2334 2602 2407 ἑσφραγὶσθημεν,
2653 2330 2860 2393 τούτοις
2902 2329 2997 2382 καὶ
3033 2328 3119 2382 ἀεὶ
3170 2323 3504 2397 χρησόμεθα,
3570 2323 3708 2375 ἀπο-

2138 2426 2454 2498 κρουόμενοι
2483 2422 2582 2486 τὰς
2609 2420 2751 2475 κατά
2780 2421 2876 2490 τῆς
2903 2415 3263 2485 ἁποστολικῆς
3289 2414 3523 2476 πίστεως
3545 2411 3707 2482 βεϐή-

2137 2515 2261 2577 λους
2289 2513 2640 2582 κενοφωνίας.
2678 2511 2751 2564 Τὸ
2786 2513 2895 2580 γὰρ
2929 2506 3079 2579 παρὰ
3110 2507 3205 2559 τοῦ
3234 2505 3445 2577 Πατρὸς
3483 2502 3708 2574 εἰρημέ-

2139 2624 2246 2672 νον,
2281 2605 2420 2673 Ταῖς
2449 2605 2828 2673 λαμπρότησι
2856 2599 2976 2653 τῶν
2999 2598 3183 2667 ἁγίων
3205 2598 3274 2650 ἐκ
3296 2594 3558 2665 γαστρὸς
3590 2592 3707 2661 πρὸ

2136 2699 2445 2767 ἐωσφόρου
2481 2693 2783 2766 ἐγέννησά
2826 2706 2919 2756 σε,
2968 2689 3279 2760 ἀναγκαίως
3326 2689 3560 2759 εἴρηται·
3613 2686 3710 2747 καὶ

2137 2791 2334 2857 ἀπάξει
2365 2790 2464 2861 τῆς
2495 2787 2803 2857 κοινότητος
2840 2786 2939 2856 τῆς
2977 2784 3113 2855 πρὸς
3143 2781 3213 2837 τὰ
3240 2782 3522 2858 ποιήματα
3549 2786 3711 2856 (τοῖς)

2134 2884 2225 2936 τὸν
2256 2882 2382 2935 Υἱὸν
2406 2868 2500 2934 τοῦ
2532 2879 2767 2952 Πατρδς.
2809 2878 2902 2931 καὶ
2931 2876 3021 2930 τὸν
3061 2874 3119 2947 ἐξ
3152 2875 3317 2934 αὒτοῦ
3361 2880 3582 2948 γνήσιον
3615 2879 3710 2930 καὶ

2140 2975 2281 3038 ἰδίως
2302 2970 2699 3045 γεγεννημένον
2714 2971 2843 3028 Υἱὺν
2867 2973 2955 3027 διὰ
2973 2972 3090 3037 τοῦ,
3118 2972 3268 3025 κατὰ
3291 2971 3406 3037 τὴν
3425 2969 3706 3039 γαστέρα.

2135 3068 2396 3141 ὀνόματος
2433 3067 2793 3132 παιδεύοντος·
2819 3066 2893 3129 ὡς
2918 3065 3117 3136 ὁμοίως
3144 3065 3238 3117 καὶ
3262 3066 3290 3117 6
3313 3064 3460 3126 Υἱὸς,
3491 3064 3712 3131 Κύριος

453 3151 602 3224 quod
649 3164 702 3208 et
745 3168 807 3209 ea
856 3155 1019 3209 verba
1065 3165 1340 3227 praestant,
1371 3175 1435 3213 ea:
1484 3172 1649 3215 utero.
1684 3161 1945 3219 Similiter
1980 3173 2033 3220 et

2137 3160 2340 3215 ἔκτισέ
2368 3176 2464 3230 με,
2496 3158 2685 3224 εἰπὼν,
2731 3158 2818 3211 ἵνα
2857 3155 3341 3226 καινοποιουμένην
3374 3154 3539 3208 αὐτοῦ
3571 3155 3709 3224 πρὸς

454 3242 627 3314 Eilius
651 3260 775 3298 cum
808 3245 1056 3311 dixisset,
1109 3247 1365 3303 Dominus
1393 3253 1584 3306 creavit
1619 3270 1699 3308 me
1719 3256 1760 3321 ⁸,
1792 3272 1860 3311 ne
1885 3273 2033 3310 com-

456 3349 674 3389 munem
719 3334 840 3405 ejus
896 3353 1020 3390 cum
1074 3339 1271 3394 creatis
1322 3340 1486 3395 rebus
1523 3342 1729 3396 cmteris
1778 3353 2028 3399 naturam

454 3406 578 3485 ιέεθ
605 3431 1033 3499 suspicaremur,
1065 3437 1376 3489 necessario
1431 3437 1701 3506 subjecit:
1742 3438 1877 3493 Ante
1921 3457 2033 3493 om-

456 3537 547 3574 nes
573 3521 731 3575 colles
758 3523 932 3592 genuit
972 3540 1051 3578 me
1083 3524 1122 3579 '.
1178 3525 1387 3590 Quibus
1426 3529 1567 3598 piam
1601 3530 1756 3584 uohis
1802 3546 1865 3584 ac
1907 3546 2033 3601 pas-

458 3611 632 3667 sionis
655 3614 832 3669 omnis
860 3625 1134 3693 expertem
1167 3616 1337 3687 ipsius
1365 3633 1431 3672 ex
1461 3617 1620 3675 Patre
1639 3619 1760 3674 Filii
1788 3623 2031 3693 proprie-

457 3711 623 3759 tatem
652 3707 940 3775 expressit.
977 3690 1176 3764 Verum
1216 3712 1382 3766 semel
1430 3712 1698 3768 duntaxat
1738 3712 1918 3782 Pater,
1945 3718 2032 3772 se?

458 3798 671 3866 meique
719 3797 886 3855 Filius
931 3802 1002 3856 ob
1048 3800 1215 3865 illam,
1245 3819 1407 3875 quam
1455 3806 1714 3871 diximus,
1746 3809 1886 3877 piam
1938 3804 2031 3865 Dei

457 3888 898 3961 perm-anitatem,
940 3892 1106 3962 geniti
1148 3893 1309 3950 nobis
1352 3896 1679 3977 rvocabulum
1725 3897 2031 3973 ediderunt.

456 3981 528 4053 At
581 3980 754 4035 Patris
802 3990 858 4038 et
906 3981 1028 4038 Filii
1076 3986 1387 4043 nominibus
1427 3987 1645 4058 plenum
1696 4001 1780 4043 est
1819 3986 2032 4045 Novum

455 4088 620 4133 uiuite
653 4072 1083 4131 Testamentum.

528 4162 668 4219 XXI.
709 4166 813 4220 Sed
848 4175 906 4221 ut
941 4169 1172 4239 propriis
1204 4171 1319 4225 suis
1362 4173 1506 4226 notis
1548 4188 1700 4227 nova:
1738 4172 1883 4227 illius
1917 4172 2027 4227 lue-

457 4254 596 4313 résis
637 4260 963 4316 architectos
1010 4262 1321 4333 discernere
1372 4264 1667 4334 possimus,
1709 4282 1772 4319 ex
1821 4263 2025 4330 multis,

457 4364 578 4417 qua
607 4350 673 4415 de
710 4350 801 4405 illo
846 4362 1162 4423 argumento
1201 4356 1556 4424 scripserunt,
1580 4372 1772 4425 pauca.
1804 4374 1870 4410 ne
1907 4357 2027 4411 lon-

456 4442 575 4509 gior
597 4441 720 4505 sim,
745 4442 1051 4497 adnotanda
1078 4447 1281 4514 putavi.
1310 4444 1386 4502 Ex
1413 4446 1609 4515 quibus
1631 4446 1895 4501 Catholici
1918 4455 2028 4501 tota

2136 3258 2204 3307 τὰ
2236 3254 2399 3307 λοιπά
2440 3252 2714 3322 κτίσμματα
2760 3247 3186 3318 ὑποπτεύσωμεν
3236 3246 3334 3317 τὴν
3382 3246 3575 3315 φύσιν,
3605 3248 3708 3299 ἐπ·-

2135 3348 2364 3417 ήνεγκεν
2396 3343 2730 3411 ἀναγκαίωςο
2753 3341 2874 3409 Πρὸ
2904 3341 2971 3393 δὲ
3004 3340 3244 3393 πάντων
3258 3338 3506 3403 ,βουνῶν
3527 3337 3712 3408 γεννᾷ

2127 3454 2224 3506 με,
2263 3435 2460 3505 εὐσεϐῆ
2497 3436 2628 3505 ἡμῖν
2653 3434 2748 3487 καὶ
2777 3430 2959 3503 ἀπαθῆ
2994 3430 3091 3502 τὴν
3120 3432 3187 3484 ὲκ
3212 3431 3347 3507 Θεοῦ
3374 3431 3586 3503 Πατρὺς
3609 3433 3710 3502 τῆς

2138 3527 2386 3598 υἱότητος
2420 3525 2586 3579 αὐτοῦ
2620 3525 2827 3579 ἔννοιαν
2858 3523 3147 3595 παριστὰς.
3199 3522 3339 3576 Ἀλλ’
3373 3521 3523 3586 ἅπαξ
3557 3523 3657 3593 μὲν
3678 3520 3710 3574 6

2138 3620 2328 3690 Πατὴρ
2358 3616 2454 3673 ‘xati.
2474 3618 2620 3682 ἅπαξ
2652 3620 2680 3671 6
2702 3617 2831 3680 Υἱὸς
2850 3615 2937 3670 διὰ
2958 3615 3059 3687 τὴν
3080 3615 3485 3688 προειρημένην
3513 3613 3709 3684 εὑσεόῆ

2137 3709 2466 3779 γνησιότητα
2518 3708 2612 3761 τοῦ
2664 3706 2799 3761 Θεοῦ
2845 3708 2906 3761 τὸ
2958 3707 3217 3777 γεννητὸν
3267 3708 3399 3778 ἡμῖν
3440 3705 3705 3772 ἐξέθεντο-

2139 3802 2287 3853 πᾶσα
2328 3800 2385 3852 δὲ
2423 3802 2456 3873 ἡ
2498 3799 2674 3871 Καινὴ
2718 3800 2955 3871 Διαθήκη
3004 3799 3163 3870 γέμει
3201 3797 3413 3869 Πατρὺς
3453 3798 3548 3851 καὶ
3578 3795 3709 3849 Tim}

2135 3891 2433 3962 ὀνομάτων.

2210 4164 2340 4216 KA'.
2381 4163 2497 4216 Ἵνα
2522 4162 2578 4215 δὲ
2599 4159 2706 4213 ἀπὸ
2729 4158 2837 4211 τῶν
2875 4159 3022 4212 ἰδίων
3050 4158 3427 4229 γνωρισθῶσιν
3451 4159 3504 4210 oi
3531 4174 3713 4212 καινο-

2139 4255 2430 4326 τομοῦντες
2467 4255 2565 4325 τὴν
2608 4254 2849 4326 αἵρεσιν,
2889 4256 2954 4306 ἐκ
2996 4251 3205 4306 πολλῶν
3233 4252 3340 4304 τῶν
3376 4251 3504 4323 παρ’
3531 4250 3710 4304 αὐτῶν

2139 4350 2218 4414 εἰς
2261 4348 2358 4418 τὴν
2398 4348 2654 4400 ὑπόθεσιν
2682 4346 3087 4418 γεγραμμένων
3130 4342 3288 4412 ὀλίγα
3318 4344 3408 4397 διὰ
3438 4345 3500 4397 τὸ
3536 4344 3712 4413 μῆκος

2142 4440 2731 4512 παρεσημειωσάμεθα·
2774 4442 2866 4508 ἀφ’
2896 4432 2971 4492 ὧν
3007 4438 3127 4492 ὅλον
3154 4438 3205 4490 οἱ
3235 4435 3514 4489 καθολικοὶ
3543 4452 3711 4488 κατα-

458 4534 605 4587 illius
632 4532 854 4587 haeresis
871 4543 1051 4589 mente
1067 4545 1369 4606 perspecta,
1390 4539 1722 4605 necessario,
1743 4548 1800 4594 ut
1820 4539 2033 4610 opinor,

2145 4532 2406 4602 μαθόντες
2432 4531 2521 4583 τὸν
2554 4531 2679 4586 νοῦν
2707 4532 2804 4602 τῆς
2842 4530 3127 4600 αἱρέσεως,
3172 4528 3505 4597 ἀναγκαίως.
3533 4524 3710 4595 οἶμαι,

457 4631 732 4687 statuent:
763 4624 930 4696 868
965 4629 1059 4699 qui
1110 4627 1225 4682 meo
1275 4630 1634 4700 scripserint,
1692 4631 1878 4686 eadem
1920 4631 2034 4700 ipsa

454 4714 779 4780 damnasse’;
816 4721 871 4768 et
897 4713 1128 4784 ipsamet
1174 4717 1426 4788 dogmata
1475 4735 1574 4775 sua
1620 4721 1691 4775 ab
1727 4722 2036 4792 apostolica:

457 4804 578 4860 ﬁdei
611 4808 891 4864 consortio
930 4809 1178 4878 rejicere.
1230 4811 1336 4867 Sed
1383 4819 1438 4867 et
1487 4828 1580 4868 eos
1621 4811 1903 4879 damnare,
1941 4816 2033 4885 qui

364 4916 365 4921 π
454 4896 642 4951 eadem
677 4913 862 4953 secum
891 4900 1126 4955 sentiant
1152 4916 1216 4955 ac
1238 4902 1486 4959 doceant.
1516 4904 1792 4976 Siquidem
1832 4906 1884 4959 in
1922 4906 2036 4961 haec

455 4987 620 5042 verba
666 4989 1038 5061 scripserunt:
1070 5011 1089 5044 ι
1123 4992 1254 5047 Nam
1286 4995 1544 5065 praeclara
1597 4995 1804 5049 scilicet
1853 4994 2036 5049 divina

453 5081 618 5135 verba
645 5084 1049 5141 communicare
1082 5086 1360 5141 vobiscum
1384 5102 1545 5156 quam
1572 5087 1897 5159 brevissimo
1927 5102 2036 5141 ser-

452 5186 618 5225 mone
655 5175 937 5230 constitui.
984 5175 1306 5246 Quicunque
1353 5178 1674 5233 substantiae
1721 5177 2034 5233 similitudi-

456 5274 578 5313 nem
614 5276 833 5318 servare
871 5280 995 5319 cum
1045 5265 1203 5321 Patre
1238 5265 1435 5321 Filium
1476 5276 1690 5338 putant,
1737 5284 1769 5321 a
1806 5273 2035 5323 veritate

455 5351 671 5422 longius
701 5338 1045 5422 aberrarunt,
1078 5373 1144 5413 eo
1170 5359 1315 5429 quod
1344 5358 1706 5430 appellatione
1732 5359 1850 5431 ipsa
1879 5360 2033 5430 inge-

457 5444 576 5506 niti,
603 5445 778 5502 simile
798 5449 1098 5504 secundum
1135 5461 1381 5505 naturam
1413 5453 1803 5507 condemnant.
1836 5472 1856 5503 ι
1890 5454 2035 5507 Rur-

458 5544 554 5588 sus
575 5533 649 5587 ita
672 5535 985 5607 disputant:
1023 5559 1041 5590 ι
1063 5538 1102 5594 F
1108 5541 1234 5596 ilius
1274 5556 1436 5611 porro
1469 5544 1820 5613 generatione
1855 5543 2035 5598 minor

2141 4624 2381 4695 κρινοῦσι
2409 4624 2534 4687 τοὺς
2566 4623 2738 4676 ταῦτα
2769 4623 3082 4693 γράψαντας
3121 4619 3514 4694 ἀναθεματίσαι
3546 4616 3710 4681 αὐτὰ,

2140 4716 2235 4770 xui.
2269 4715 2464 4779 αὐτοὺς
2498 4714 2566 4768 τά
2598 4715 2806 4769 ἑαυτῶν
2833 4715 3081 4767 ἐκϐαλεῖν
3111 4713 3211 4783 τῆς
3233 4710 3594 4778 ἀποπολικῆς
3623 4709 3712 4760 πί-

2140 4826 2325 4872 στεως·
2370 4808 2764 4879 ἀναθεματίσαι
2810 4808 2869 4861 δὲ
2911 4808 3006 4860 καὶ
3043 4808 3168 4869 τοὺς
3213 4806 3282 4858 τὰ
3329 4804 3470 4857 αὑτά
3527 4802 3711 4865 αὐτοῖς

2138 4901 2469 4973 φρονοῦντας
2509 4900 2603 4953 καὶ
2634 4899 3001 4962 διδάσκοντας.
3054 4899 3328 4969 Γράφουσι
3368 4896 3477 4966 γὰρ
3520 4896 3710 4955 αὑταῖς

2135 4995 2344 5061 λέξεσιν
2371 4993 2560 5057 οὕτως’
2594 5012 2612 5044 ι
2645 4993 2718 5045 Τὸ
2739 4992 2845 5064 γὰρ
2874 4990 3194 5062 μεταδοῦναι
3222 4991 3349 5059 ὑμῖν
3368 4989 3477 5040 τῶν
3511 4990 3567 5039 ὲν
3592 4984 3712 5056 Θεῷ

2138 5086 2399 5161 ῥημάτων
2424 5087 2725 5140 καλλίστων
2751 5086 2819 5139 τὰ
2852 5086 3083 5155 μάλιστα
3113 5084 3200 5136 διὰ
3222 5082 3464 5153 βραχέων
3491 5079 3711 5151 προεθυ-

2138 5178 2338 5249 μήθην.
2370 5177 2523 5231 Ὅσοι
2554 5178 2654 5247 τὴν
2691 5178 2812 5230 κατ’
2843 5176 3033 5229 οὐσίαν
3073 5174 3365 5244 ὁμοιότητα
3405 5168 3711 5232 ἀποσώζειν

2130 5271 2220 5324 τὸν
2250 5269 2376 5321 Υἱὸν
2415 5268 2491 5338 τῷ
2536 5270 2709 5339 Πατρὶ
2755 5267 3250 5337 ὑπολαμϐάνουσιν,
3298 5264 3403 5330 ἔξω
3444 5266 3545 5335 τῆς
3573 5264 3708 5332 ἁλησ

2132 5359 2281 5427 θείας
2339 5357 2622 5430 βεϐήκασι,
2684 5358 2773 5411 διὰ
2825 5359 2924 5428 τῆς
2980 5358 3280 5426 ἀγεννήτου
3333 5357 3709 5428 προσηγορίας

2132 5446 2563 5522 κατηγοροῦντες
2604 5448 2696 5501 τοῦ
2728 5449 2914 5519 ὁμοίου
2954 5449 3072 5503 κατ’
3105 5448 3310 5502 οὐσίαν.
3354 5467 3372 5497 ι
3410 5448 3519 5502 Καὶ
3549 5446 3709 5500 πάλιν

2132 5540 2366 5612 ἐροῦσιψ
2403 5558 2424 5591 ‹
2473 5540 2529 5591 Ὀ
2550 5539 2606 5592 δὲ
2633 5540 2758 5603 Υἱὸς
2790 5540 3026 5594 ἐλάττων
3055 5539 3321 5607 γενέσεως
3349 5540 3443 5592 καὶ
3472 5538 3587 5593 ἔστι
3612 5535 3708 5598 xui.

529 5715 547 5747 ⁸
574 5716 730 5789 Joan.
765 5738 870 5779 xiv.
899 5722 987 5777 ΞΒ.
1065 5724 1085 5753 ²
1113 5722 1269 5777 Joan.
1302 5742 1355 5787 κ,
1387 5725 1474 5778 '56.
1552 5725 1572 5755 ³
1602 5724 1756 5779 Joan.
1788 5742 1896 5782 xw.
1940 5726 2029 5779 ‘28.

2158 5723 2344 5780 Matth.
2378 5742 2487 5787 xvt,
2510 5727 2599 5780 ‘16.
2678 5729 2698 5759 ε
2734 5726 2921 5781 Matth.
2948 5742 3026 5789 ιιι,
3055 5726 3121 5780 17
3146 5744 3159 5787 ;
3184 5741 3316 5785 xvu,
3351 5726 3402 5779 5.
3480 5722 3538 5776 ‘i
3562 5723 3704 5776 Tim.

460 5801 539 5852 τι,
559 5788 649 5843 ‘20.
726 5792 744 5820 ⁷
787 5791 926 5845 Psal.
959 5808 1068 5855 cur,
1096 5794 1147 5845 5.
1222 5796 1242 5823 ⁸
1279 5794 1434 5848 Prov.
1461 5811 1575 5859 νιιι,
1597 5795 1683 5847 ‘22.
1762 5797 1780 5827 θ
1812 5796 1939 5849 ihid.
1967 5797 2059 5849 23.

2140 5798 2182 5828 ‘°
2221 5796 2281 5852 F.
2310 5797 2465 5865 ὀλίγα
2507 5798 2560 5849 δὲ
2592 5816 2755 5863 παρα.
2804 5808 2855 5852 ct
2888 5798 3194 5867 parenthesi
3226 5794 3547 5877 includenda
3579 5795 3707 5872 ista.
