  <div class='ocr_page' id='page_1' title='image "/cluster/home/n/w/nwhite01/storage/ocr_20150623/42/nnc1.0046978682/246.png"; bbox 0 0 4134 6386; ppageno 0'>
   <div class='ocr_carea' id='block_1_1' title="bbox 410 398 503 459">
    <p class='ocr_par' dir='ltr' id='par_1_1' title="bbox 410 398 503 459">
     <span class='ocr_line' id='line_1_1' title="bbox 410 398 503 459; baseline 0.054 -4"><span class='ocrx_word' id='word_1_1' title='bbox 410 398 503 459; x_wconf 65' lang='grc'><strong>141</strong></span> 
     </span>
    </p>
   </div>
   <div class='ocr_carea' id='block_1_2' title="bbox 1108 399 1992 465">
    <p class='ocr_par' dir='ltr' id='par_1_2' title="bbox 1108 399 1992 463">
     <span class='ocr_line' id='line_1_2' title="bbox 1108 399 1992 463; baseline 0.012 -11"><span class='ocrx_word' id='word_1_2' title='bbox 1108 399 1478 457; x_wconf 79' lang='lat' dir='ltr'><strong>ADVERSUS</strong></span> <span class='ocrx_word' id='word_1_3' title='bbox 1523 402 1864 462; x_wconf 69' lang='lat' dir='ltr'><strong>[UERESES</strong></span> <span class='ocrx_word' id='word_1_4' title='bbox 1889 407 1992 463; x_wconf 79' lang='lat' dir='ltr'><strong>LII]</strong></span> 
     </span>
    </p>
   </div>
   <div class='ocr_carea' id='block_1_3' title="bbox 2087 399 3087 465">
    <p class='ocr_par' dir='ltr' id='par_1_3' title="bbox 2087 407 3087 465">
     <span class='ocr_line' id='line_1_3' title="bbox 2087 407 3087 465; baseline -0.002 -2"><span class='ocrx_word' id='word_1_5' title='bbox 2087 410 2143 465; x_wconf 86' lang='lat' dir='ltr'><strong>ll.</strong></span> <span class='ocrx_word' id='word_1_6' title='bbox 2176 407 2345 463; x_wconf 77' lang='lat' dir='ltr'><strong>&#39;I&#39;OM.</strong></span> <span class='ocrx_word' id='word_1_7' title='bbox 2388 408 2428 462; x_wconf 87' lang='grc' dir='ltr'>Ι.</span> <span class='ocrx_word' id='word_1_8' title='bbox 2454 407 2808 463; x_wconf 69' lang='grc' dir='ltr'><strong>-ΗιΕΙὶΕ5.</strong></span> <span class='ocrx_word' id='word_1_9' title='bbox 2852 408 3087 462; x_wconf 71' lang='lat' dir='ltr'><strong>LXXIII.</strong></span> 
     </span>
    </p>
   </div>
   <div class='ocr_carea' id='block_1_4' title="bbox 3562 406 3670 466">
    <p class='ocr_par' dir='ltr' id='par_1_4' title="bbox 3562 406 3670 466">
     <span class='ocr_line' id='line_1_4' title="bbox 3562 406 3670 466; baseline 0 -1"><span class='ocrx_word' id='word_1_10' title='bbox 3562 406 3670 466; x_wconf 59' lang='grc' dir='ltr'><strong>ΗΞ</strong></span> 
     </span>
    </p>
   </div>
   <div class='ocr_carea' id='block_1_5' title="bbox 409 512 1992 604">
    <p class='ocr_par' dir='ltr' id='par_1_5' title="bbox 409 512 1984 604">
     <span class='ocr_line' id='line_1_5' title="bbox 409 512 1984 604; baseline 0.006 -38"><span class='ocrx_word' id='word_1_11' title='bbox 409 512 764 604; x_wconf 69' lang='grc' dir='ltr'>ξιμολόγηται.</span> <span class='ocrx_word' id='word_1_12' title='bbox 814 514 928 604; x_wconf 75' lang='grc' dir='ltr'>Οὐκ</span> <span class='ocrx_word' id='word_1_13' title='bbox 982 513 1092 587; x_wconf 77' lang='grc' dir='ltr'>ἄρα</span> <span class='ocrx_word' id='word_1_14' title='bbox 1140 516 1242 588; x_wconf 75' lang='grc' dir='ltr'>τὴν</span> <span class='ocrx_word' id='word_1_15' title='bbox 1288 519 1408 571; x_wconf 85' lang='grc' dir='ltr'>κατ’</span> <span class='ocrx_word' id='word_1_16' title='bbox 1457 520 1646 575; x_wconf 82' lang='grc' dir='ltr'>οὐσίαν</span> <span class='ocrx_word' id='word_1_17' title='bbox 1694 522 1984 593; x_wconf 76' lang='grc' dir='ltr'>ὁμοιότητα</span> 
     </span>
    </p>
   </div>
   <div class='ocr_carea' id='block_1_6' title="bbox 2087 512 3671 604">
    <p class='ocr_par' dir='ltr' id='par_1_6' title="bbox 2088 521 3671 604">
     <span class='ocr_line' id='line_1_6' title="bbox 2088 521 3671 604; baseline -0.003 -25"><span class='ocrx_word' id='word_1_18' title='bbox 2088 533 2189 590; x_wconf 85' lang='lat' dir='ltr'><strong>est,</strong></span> <span class='ocrx_word' id='word_1_19' title='bbox 2219 532 2428 580; x_wconf 76' lang='lat' dir='ltr'><strong>etesse</strong></span> <span class='ocrx_word' id='word_1_20' title='bbox 2455 523 2677 577; x_wconf 90' lang='lat' dir='ltr'><strong>dicitur.</strong></span> <span class='ocrx_word' id='word_1_21' title='bbox 2728 521 2845 574; x_wconf 79' lang='lat' dir='ltr'><strong>Non</strong></span> <span class='ocrx_word' id='word_1_22' title='bbox 2880 521 3052 591; x_wconf 83' lang='lat' dir='ltr'><strong>igitur</strong></span> <span class='ocrx_word' id='word_1_23' title='bbox 3094 528 3312 604; x_wconf 66' lang='lat' dir='ltr'><strong>natura:</strong></span> <span class='ocrx_word' id='word_1_24' title='bbox 3360 521 3671 577; x_wconf 82' lang='lat' dir='ltr'><strong>similitudi-</strong></span> 
     </span>
    </p>
   </div>
   <div class='ocr_carea' id='block_1_7' title="bbox 409 598 1991 684">
    <p class='ocr_par' dir='ltr' id='par_1_7' title="bbox 409 598 1991 684">
     <span class='ocr_line' id='line_1_7' title="bbox 409 598 1991 684; baseline 0.006 -27"><span class='ocrx_word' id='word_1_25' title='bbox 409 603 710 666; x_wconf 70' lang='grc' dir='ltr'>ὶποσώζειν</span> <span class='ocrx_word' id='word_1_26' title='bbox 736 604 753 634; x_wconf 83' lang='grc'>¹</span> <span class='ocrx_word' id='word_1_27' title='bbox 786 598 922 678; x_wconf 76' lang='grc' dir='ltr'>πρὸς</span> <span class='ocrx_word' id='word_1_28' title='bbox 944 605 1008 659; x_wconf 85' lang='grc' dir='ltr'>τὸ</span> <span class='ocrx_word' id='word_1_29' title='bbox 1037 607 1350 679; x_wconf 77' lang='grc' dir='ltr'><strong>ἀγέννητον.</strong></span> <span class='ocrx_word' id='word_1_30' title='bbox 1398 611 1693 677; x_wconf 82' lang='grc' dir='ltr'>Ἀποσώζει</span> <span class='ocrx_word' id='word_1_31' title='bbox 1714 614 1772 666; x_wconf 81' lang='grc' dir='ltr'>δὲ</span> <span class='ocrx_word' id='word_1_32' title='bbox 1797 615 1991 684; x_wconf 85' lang='grc' dir='ltr'>ἀκραι-</span> 
     </span>
    </p>
   </div>
   <div class='ocr_carea' id='block_1_8' title="bbox 409 697 1987 776">
    <p class='ocr_par' dir='ltr' id='par_1_8' title="bbox 409 697 1987 776">
     <span class='ocr_line' id='line_1_8' title="bbox 409 697 1987 776; baseline 0.005 -23"><span class='ocrx_word' id='word_1_33' title='bbox 409 699 509 768; x_wconf 68' lang='grc' dir='ltr'>φνῆ</span> <span class='ocrx_word' id='word_1_34' title='bbox 537 697 720 767; x_wconf 77' lang='grc' dir='ltr'><strong>φέρων</strong></span> <span class='ocrx_word' id='word_1_35' title='bbox 751 698 809 749; x_wconf 81' lang='grc' dir='ltr'><strong>ὲν</strong></span> <span class='ocrx_word' id='word_1_36' title='bbox 834 700 900 770; x_wconf 80' lang='grc' dir='ltr'>τῇ</span> <span class='ocrx_word' id='word_1_37' title='bbox 934 699 1112 773; x_wconf 77' lang='grc' dir='ltr'>οἰκείᾳ</span> <span class='ocrx_word' id='word_1_38' title='bbox 1142 701 1436 757; x_wconf 70' lang='grc' dir='ltr'><strong>ὑποστάσει</strong></span> <span class='ocrx_word' id='word_1_39' title='bbox 1455 704 1552 775; x_wconf 82' lang='grc' dir='ltr'>τὴν</span> <span class='ocrx_word' id='word_1_40' title='bbox 1573 706 1667 769; x_wconf 81' lang='grc' dir='ltr'>τοῦ</span> <span class='ocrx_word' id='word_1_41' title='bbox 1698 706 1832 760; x_wconf 82' lang='grc' dir='ltr'>Θεοῦ</span> <span class='ocrx_word' id='word_1_42' title='bbox 1862 706 1987 776; x_wconf 85' lang='grc' dir='ltr'>βού-</span> 
     </span>
    </p>
   </div>
   <div class='ocr_carea' id='block_1_9' title="bbox 409 789 1987 867">
    <p class='ocr_par' dir='ltr' id='par_1_9' title="bbox 409 789 1987 867">
     <span class='ocr_line' id='line_1_9' title="bbox 409 789 1987 867; baseline 0.008 -28"><span class='ocrx_word' id='word_1_43' title='bbox 409 789 828 859; x_wconf 54' lang='grc' dir='ltr'>λησινιούκοῦν</span> <span class='ocrx_word' id='word_1_44' title='bbox 862 790 1160 862; x_wconf 82' lang='grc' dir='ltr'>ὁμοιότητα</span> <span class='ocrx_word' id='word_1_45' title='bbox 1187 791 1461 858; x_wconf 79' lang='grc' dir='ltr'><strong>διασώζει,</strong></span> <span class='ocrx_word' id='word_1_46' title='bbox 1504 796 1566 849; x_wconf 88' lang='grc' dir='ltr'><strong>οὐ</strong></span> <span class='ocrx_word' id='word_1_47' title='bbox 1601 797 1740 850; x_wconf 84' lang='grc' dir='ltr'>κατὰ</span> <span class='ocrx_word' id='word_1_48' title='bbox 1775 796 1872 867; x_wconf 81' lang='grc' dir='ltr'>τὴν</span> <span class='ocrx_word' id='word_1_49' title='bbox 1897 797 1987 851; x_wconf 92' lang='grc' dir='ltr'>οὐ-</span> 
     </span>
    </p>
   </div>
   <div class='ocr_carea' id='block_1_10' title="bbox 409 880 1988 959">
    <p class='ocr_par' dir='ltr' id='par_1_10' title="bbox 409 880 1988 959">
     <span class='ocr_line' id='line_1_10' title="bbox 409 880 1988 959; baseline 0.007 -26"><span class='ocrx_word' id='word_1_50' title='bbox 409 880 717 943; x_wconf 77' lang='grc' dir='ltr'>σίαν,.ἀλλὰ</span> <span class='ocrx_word' id='word_1_51' title='bbox 751 883 894 935; x_wconf 83' lang='grc' dir='ltr'>κατὰ</span> <span class='ocrx_word' id='word_1_52' title='bbox 923 882 1018 935; x_wconf 83' lang='grc' dir='ltr'>τὸν</span> <span class='ocrx_word' id='word_1_53' title='bbox 1044 882 1441 957; x_wconf 39' lang='grc' dir='ltr'>τῆς-θελήσεως</span> <span class='ocrx_word' id='word_1_54' title='bbox 1475 887 1650 956; x_wconf 85' lang='grc' dir='ltr'>λόγον,</span> <span class='ocrx_word' id='word_1_55' title='bbox 1681 884 1793 943; x_wconf 76' lang='grc' dir='ltr'>οἷον</span> <span class='ocrx_word' id='word_1_56' title='bbox 1819 893 1838 920; x_wconf 82' lang='grc'>⁸</span> <span class='ocrx_word' id='word_1_57' title='bbox 1870 890 1988 959; x_wconf 80' lang='grc' dir='ltr'><strong>ἠθέ-</strong></span> 
     </span>
    </p>
   </div>
   <div class='ocr_carea' id='block_1_11' title="bbox 408 973 1988 1050">
    <p class='ocr_par' dir='ltr' id='par_1_11' title="bbox 408 973 1988 1050">
     <span class='ocr_line' id='line_1_11' title="bbox 408 973 1988 1050; baseline 0.007 -27"><span class='ocrx_word' id='word_1_58' title='bbox 408 977 566 1040; x_wconf 78' lang='grc' dir='ltr'>λησεν</span> <span class='ocrx_word' id='word_1_59' title='bbox 588 973 950 1044; x_wconf 77' lang='grc' dir='ltr'><strong>ὑπεστήσατο.</strong></span> <span class='ocrx_word' id='word_1_60' title='bbox 977 994 997 1026; x_wconf 72' lang='grc' dir='ltr'><strong>ι</strong></span> <span class='ocrx_word' id='word_1_61' title='bbox 1022 975 1132 1029; x_wconf 71' lang='grc' dir='ltr'>Καὶ</span> <span class='ocrx_word' id='word_1_62' title='bbox 1155 977 1336 1031; x_wconf 85' lang='grc' dir='ltr'>πάλιν·</span> <span class='ocrx_word' id='word_1_63' title='bbox 1363 998 1381 1029; x_wconf 75' lang='grc' dir='ltr'><strong>ι</strong></span> <span class='ocrx_word' id='word_1_64' title='bbox 1411 979 1537 1043; x_wconf 82' lang='grc' dir='ltr'>Πῶς</span> <span class='ocrx_word' id='word_1_65' title='bbox 1558 982 1681 1050; x_wconf 79' lang='grc' dir='ltr'>οὐχὶ</span> <span class='ocrx_word' id='word_1_66' title='bbox 1710 982 1803 1035; x_wconf 75' lang='grc' dir='ltr'>καὶ</span> <span class='ocrx_word' id='word_1_67' title='bbox 1827 983 1988 1043; x_wconf 82' lang='grc' dir='ltr'>αὐτός</span> 
     </span>
    </p>
   </div>
   <div class='ocr_carea' id='block_1_12' title="bbox 408 1065 1989 1138">
    <p class='ocr_par' dir='ltr' id='par_1_12' title="bbox 408 1065 1989 1138">
     <span class='ocr_line' id='line_1_12' title="bbox 408 1065 1989 1138; baseline 0.008 -22"><span class='ocrx_word' id='word_1_68' title='bbox 408 1083 500 1134; x_wconf 88' lang='grc' dir='ltr'><strong>μοι</strong></span> <span class='ocrx_word' id='word_1_69' title='bbox 546 1065 949 1136; x_wconf 82' lang='grc' dir='ltr'>συνομολογείς,</span> <span class='ocrx_word' id='word_1_70' title='bbox 998 1068 1079 1121; x_wconf 77' lang='grc' dir='ltr'>ὅτι</span> <span class='ocrx_word' id='word_1_71' title='bbox 1129 1069 1249 1123; x_wconf 80' lang='grc' dir='ltr'>κατ’</span> <span class='ocrx_word' id='word_1_72' title='bbox 1285 1070 1469 1124; x_wconf 80' lang='grc' dir='ltr'>οὐσίαν</span> <span class='ocrx_word' id='word_1_73' title='bbox 1498 1073 1599 1126; x_wconf 81' lang='grc' dir='ltr'><strong>οὐκ</strong></span> <span class='ocrx_word' id='word_1_74' title='bbox 1631 1073 1776 1128; x_wconf 77' lang='grc' dir='ltr'>ἔστιν</span> <span class='ocrx_word' id='word_1_75' title='bbox 1805 1077 1834 1128; x_wconf 92' lang='grc' dir='ltr'>ὁ</span> <span class='ocrx_word' id='word_1_76' title='bbox 1863 1074 1989 1138; x_wconf 79' lang='grc' dir='ltr'>Υἱὸς</span> 
     </span>
    </p>
   </div>
   <div class='ocr_carea' id='block_1_13' title="bbox 407 1157 1989 1237">
    <p class='ocr_par' dir='ltr' id='par_1_13' title="bbox 407 1157 1989 1237">
     <span class='ocr_line' id='line_1_13' title="bbox 407 1157 1989 1237; baseline 0.007 -28"><span class='ocrx_word' id='word_1_77' title='bbox 407 1158 593 1226; x_wconf 80' lang='grc' dir='ltr'>ὅμοιος</span> <span class='ocrx_word' id='word_1_78' title='bbox 617 1157 697 1228; x_wconf 80' lang='grc' dir='ltr'><strong>τῷ</strong></span> <span class='ocrx_word' id='word_1_79' title='bbox 727 1159 930 1229; x_wconf 85' lang='grc' dir='ltr'>Πατρί;</span> <span class='ocrx_word' id='word_1_80' title='bbox 962 1178 980 1210; x_wconf 77' lang='grc' dir='ltr'><strong>ι</strong></span> <span class='ocrx_word' id='word_1_81' title='bbox 1004 1161 1113 1214; x_wconf 85' lang='grc' dir='ltr'><strong>Καὶ</strong></span> <span class='ocrx_word' id='word_1_82' title='bbox 1142 1160 1320 1216; x_wconf 87' lang='grc' dir='ltr'>πάλιν·</span> <span class='ocrx_word' id='word_1_83' title='bbox 1356 1183 1374 1214; x_wconf 78' lang='grc' dir='ltr'><strong>ι</strong></span> <span class='ocrx_word' id='word_1_84' title='bbox 1408 1164 1576 1221; x_wconf 87' lang='grc' dir='ltr'>Ὅταν</span> <span class='ocrx_word' id='word_1_85' title='bbox 1595 1166 1706 1237; x_wconf 77' lang='grc' dir='ltr'><strong>δὴό</strong></span> <span class='ocrx_word' id='word_1_86' title='bbox 1731 1167 1829 1237; x_wconf 84' lang='grc' dir='ltr'>μὲν</span> <span class='ocrx_word' id='word_1_87' title='bbox 1858 1167 1989 1230; x_wconf 83' lang='grc' dir='ltr'>Υἱὸς</span> 
     </span>
    </p>
   </div>
   <div class='ocr_carea' id='block_1_14' title="bbox 407 1248 1990 1329">
    <p class='ocr_par' dir='ltr' id='par_1_14' title="bbox 407 1248 1990 1329">
     <span class='ocr_line' id='line_1_14' title="bbox 407 1248 1990 1329; baseline 0.008 -29"><span class='ocrx_word' id='word_1_88' title='bbox 407 1248 764 1320; x_wconf 77' lang='grc' dir='ltr'>ἁτελεύτητος</span> <span class='ocrx_word' id='word_1_89' title='bbox 791 1251 1157 1322; x_wconf 80' lang='grc' dir='ltr'>ὁμολογεῖται,</span> <span class='ocrx_word' id='word_1_90' title='bbox 1192 1256 1293 1308; x_wconf 89' lang='grc' dir='ltr'><strong>οὐκ</strong></span> <span class='ocrx_word' id='word_1_91' title='bbox 1326 1257 1389 1309; x_wconf 78' lang='grc' dir='ltr'><strong>ὲκ</strong></span> <span class='ocrx_word' id='word_1_92' title='bbox 1426 1257 1526 1328; x_wconf 85' lang='grc' dir='ltr'><strong>τῆς</strong></span> <span class='ocrx_word' id='word_1_93' title='bbox 1546 1259 1753 1321; x_wconf 81' lang='grc' dir='ltr'>οἰκείας</span> <span class='ocrx_word' id='word_1_94' title='bbox 1776 1259 1990 1329; x_wconf 80' lang='grc' dir='ltr'>φύσεως</span> 
     </span>
    </p>
   </div>
   <div class='ocr_carea' id='block_1_15' title="bbox 407 1342 1984 1422">
    <p class='ocr_par' dir='ltr' id='par_1_15' title="bbox 407 1342 1984 1422">
     <span class='ocr_line' id='line_1_15' title="bbox 407 1342 1984 1422; baseline 0.008 -28"><span class='ocrx_word' id='word_1_95' title='bbox 407 1343 467 1394; x_wconf 85' lang='grc' dir='ltr'><strong>τὸ</strong></span> <span class='ocrx_word' id='word_1_96' title='bbox 489 1344 586 1413; x_wconf 78' lang='grc' dir='ltr'><strong>ζῇν</strong></span> <span class='ocrx_word' id='word_1_97' title='bbox 612 1342 771 1413; x_wconf 80' lang='grc' dir='ltr'><strong>ἔχων,</strong></span> <span class='ocrx_word' id='word_1_98' title='bbox 804 1344 920 1398; x_wconf 79' lang='grc' dir='ltr'><strong>ἀλλ’</strong></span> <span class='ocrx_word' id='word_1_99' title='bbox 948 1346 1013 1398; x_wconf 82' lang='grc' dir='ltr'><strong>ὲκ</strong></span> <span class='ocrx_word' id='word_1_100' title='bbox 1048 1346 1149 1416; x_wconf 80' lang='grc' dir='ltr'>τῆς</span> <span class='ocrx_word' id='word_1_101' title='bbox 1190 1347 1286 1400; x_wconf 79' lang='grc' dir='ltr'>τοῦ</span> <span class='ocrx_word' id='word_1_102' title='bbox 1319 1349 1616 1419; x_wconf 81' lang='grc' dir='ltr'>ἁγεννήτου</span> <span class='ocrx_word' id='word_1_103' title='bbox 1651 1352 1918 1417; x_wconf 77' lang='grc' dir='ltr'>ἐξουσίας·</span> <span class='ocrx_word' id='word_1_104' title='bbox 1951 1355 1984 1422; x_wconf 83' lang='grc' dir='ltr'><strong>ἡ</strong></span> 
     </span>
    </p>
   </div>
   <div class='ocr_carea' id='block_1_16' title="bbox 406 1431 1988 1511">
    <p class='ocr_par' dir='ltr' id='par_1_16' title="bbox 406 1431 1988 1511">
     <span class='ocr_line' id='line_1_16' title="bbox 406 1431 1988 1511; baseline 0.008 -29"><span class='ocrx_word' id='word_1_105' title='bbox 406 1431 451 1482; x_wconf 83' lang='grc' dir='ltr'>δ’</span> <span class='ocrx_word' id='word_1_106' title='bbox 490 1431 784 1502; x_wconf 84' lang='grc' dir='ltr'>ἁγέννητος</span> <span class='ocrx_word' id='word_1_107' title='bbox 842 1433 1003 1502; x_wconf 82' lang='grc' dir='ltr'><strong>φύσις</strong></span> <span class='ocrx_word' id='word_1_108' title='bbox 1059 1435 1435 1508; x_wconf 73' lang='grc' dir='ltr'>ἀτελευτήτως</span> <span class='ocrx_word' id='word_1_109' title='bbox 1498 1440 1680 1511; x_wconf 83' lang='grc' dir='ltr'><strong>πάσης</strong></span> <span class='ocrx_word' id='word_1_110' title='bbox 1742 1440 1988 1506; x_wconf 79' lang='grc' dir='ltr'>ἐξουσίας</span> 
     </span>
    </p>
   </div>
   <div class='ocr_carea' id='block_1_17' title="bbox 411 1523 1988 1602">
    <p class='ocr_par' dir='ltr' id='par_1_17' title="bbox 411 1523 1988 1602">
     <span class='ocr_line' id='line_1_17' title="bbox 411 1523 1988 1602; baseline 0.008 -29"><span class='ocrx_word' id='word_1_111' title='bbox 411 1523 679 1592; x_wconf 76' lang='grc' dir='ltr'>κρείττων</span> <span class='ocrx_word' id='word_1_112' title='bbox 712 1524 848 1577; x_wconf 72' lang='grc' dir='ltr'>ἐστί·</span> <span class='ocrx_word' id='word_1_113' title='bbox 884 1525 1003 1589; x_wconf 84' lang='grc' dir='ltr'><strong>πῶς</strong></span> <span class='ocrx_word' id='word_1_114' title='bbox 1035 1525 1184 1597; x_wconf 84' lang='grc' dir='ltr'>δῆλοί</span> <span class='ocrx_word' id='word_1_115' title='bbox 1208 1530 1347 1582; x_wconf 78' lang='grc' dir='ltr'>εἰσιν</span> <span class='ocrx_word' id='word_1_116' title='bbox 1374 1532 1422 1583; x_wconf 82' lang='grc' dir='ltr'>οἱ</span> <span class='ocrx_word' id='word_1_117' title='bbox 1445 1530 1682 1595; x_wconf 77' lang='grc' dir='ltr'>ἀσεϐεῖς.</span> <span class='ocrx_word' id='word_1_118' title='bbox 1713 1534 1988 1602; x_wconf 83' lang='grc' dir='ltr'>ὁμοιότητι</span> 
     </span>
    </p>
   </div>
   <div class='ocr_carea' id='block_1_18' title="bbox 406 1614 1991 1689">
    <p class='ocr_par' dir='ltr' id='par_1_18' title="bbox 406 1614 1991 1689">
     <span class='ocr_line' id='line_1_18' title="bbox 406 1614 1991 1689; baseline 0.008 -24"><span class='ocrx_word' id='word_1_119' title='bbox 406 1614 592 1678; x_wconf 77' lang='grc' dir='ltr'>οὐσίας</span> <span class='ocrx_word' id='word_1_120' title='bbox 625 1614 686 1668; x_wconf 82' lang='grc' dir='ltr'><strong>τὸ</strong></span> <span class='ocrx_word' id='word_1_121' title='bbox 725 1616 1062 1687; x_wconf 82' lang='grc' dir='ltr'>ὲτεροούσιον</span> <span class='ocrx_word' id='word_1_122' title='bbox 1110 1619 1209 1689; x_wconf 82' lang='grc' dir='ltr'>τῆς</span> <span class='ocrx_word' id='word_1_123' title='bbox 1253 1620 1535 1686; x_wconf 79' lang='grc' dir='ltr'>εὐσεϐείας</span> <span class='ocrx_word' id='word_1_124' title='bbox 1579 1624 1991 1688; x_wconf 81' lang='grc' dir='ltr'>ὲναλλάττοντες</span> 
     </span>
    </p>
   </div>
   <div class='ocr_carea' id='block_1_19' title="bbox 406 1707 1992 1786">
    <p class='ocr_par' dir='ltr' id='par_1_19' title="bbox 406 1707 1992 1786">
     <span class='ocr_line' id='line_1_19' title="bbox 406 1707 1992 1786; baseline 0.007 -28"><span class='ocrx_word' id='word_1_125' title='bbox 406 1707 703 1777; x_wconf 83' lang='grc' dir='ltr'>κήρυγμα;</span> <span class='ocrx_word' id='word_1_126' title='bbox 738 1726 756 1758; x_wconf 77' lang='grc' dir='ltr'><strong>ι</strong></span> <span class='ocrx_word' id='word_1_127' title='bbox 790 1709 904 1762; x_wconf 78' lang='grc' dir='ltr'><strong>Καὶ</strong></span> <span class='ocrx_word' id='word_1_128' title='bbox 927 1710 1110 1765; x_wconf 63' lang='grc' dir='ltr'>πάλιν</span> <span class='ocrx_word' id='word_1_129' title='bbox 1140 1729 1160 1762; x_wconf 77' lang='grc' dir='ltr'><strong>ι</strong></span> <span class='ocrx_word' id='word_1_130' title='bbox 1195 1713 1288 1766; x_wconf 85' lang='grc' dir='ltr'><strong>Διὸ</strong></span> <span class='ocrx_word' id='word_1_131' title='bbox 1325 1713 1386 1766; x_wconf 83' lang='grc' dir='ltr'><strong>τὸ</strong></span> <span class='ocrx_word' id='word_1_132' title='bbox 1413 1714 1583 1783; x_wconf 72' lang='grc' dir='ltr'>ὄνομα</span> <span class='ocrx_word' id='word_1_133' title='bbox 1619 1715 1650 1767; x_wconf 83' lang='grc' dir='ltr'><strong>ό</strong></span> <span class='ocrx_word' id='word_1_134' title='bbox 1681 1715 1866 1786; x_wconf 82' lang='grc' dir='ltr'>Πατὴρ</span> <span class='ocrx_word' id='word_1_135' title='bbox 1898 1717 1992 1769; x_wconf 89' lang='grc' dir='ltr'>οὐ-</span> 
     </span>
    </p>
   </div>
   <div class='ocr_carea' id='block_1_20' title="bbox 406 1795 1990 1876">
    <p class='ocr_par' dir='ltr' id='par_1_20' title="bbox 406 1795 1990 1876">
     <span class='ocr_line' id='line_1_20' title="bbox 406 1795 1990 1876; baseline 0.008 -30"><span class='ocrx_word' id='word_1_136' title='bbox 406 1795 530 1857; x_wconf 85' lang='grc' dir='ltr'>σίας</span> <span class='ocrx_word' id='word_1_137' title='bbox 559 1796 661 1849; x_wconf 77' lang='grc' dir='ltr'>οὐκ</span> <span class='ocrx_word' id='word_1_138' title='bbox 687 1796 802 1850; x_wconf 77' lang='grc' dir='ltr'>ἔστι</span> <span class='ocrx_word' id='word_1_139' title='bbox 834 1797 1151 1867; x_wconf 82' lang='grc' dir='ltr'>δηλωτικὸν,</span> <span class='ocrx_word' id='word_1_140' title='bbox 1173 1800 1288 1854; x_wconf 80' lang='grc' dir='ltr'><strong>ἀλλ’</strong></span> <span class='ocrx_word' id='word_1_141' title='bbox 1312 1799 1581 1866; x_wconf 70' lang='grc' dir='ltr'>ἐξουσίας,</span> <span class='ocrx_word' id='word_1_142' title='bbox 1604 1804 1990 1876; x_wconf 79' lang='grc' dir='ltr'>ὑποστησάσης</span> 
     </span>
    </p>
   </div>
   <div class='ocr_carea' id='block_1_21' title="bbox 2082 610 3670 682">
    <p class='ocr_par' dir='ltr' id='par_1_21' title="bbox 2082 610 3670 682">
     <span class='ocr_line' id='line_1_21' title="bbox 2082 610 3670 682; baseline -0.001 -11"><span class='ocrx_word' id='word_1_143' title='bbox 2082 632 2207 672; x_wconf 88' lang='lat' dir='ltr'><strong>nem</strong></span> <span class='ocrx_word' id='word_1_144' title='bbox 2230 631 2455 672; x_wconf 82' lang='lat' dir='ltr'><strong>servare</strong></span> <span class='ocrx_word' id='word_1_145' title='bbox 2480 630 2606 668; x_wconf 88' lang='lat' dir='ltr'><strong>cum</strong></span> <span class='ocrx_word' id='word_1_146' title='bbox 2631 615 2874 677; x_wconf 69' lang='lat' dir='ltr'><strong>ingenito</strong></span> <span class='ocrx_word' id='word_1_147' title='bbox 2907 620 3102 682; x_wconf 77' lang='lat' dir='ltr'><strong>potest.</strong></span> <span class='ocrx_word' id='word_1_148' title='bbox 3131 610 3333 667; x_wconf 83' lang='lat' dir='ltr'><strong>Verum</strong></span> <span class='ocrx_word' id='word_1_149' title='bbox 3350 611 3455 670; x_wconf 84' lang='lat' dir='ltr'><strong>.Dei</strong></span> <span class='ocrx_word' id='word_1_150' title='bbox 3480 612 3670 669; x_wconf 83' lang='lat' dir='ltr'><strong>veluu-</strong></span> 
     </span>
    </p>
   </div>
   <div class='ocr_carea' id='block_1_22' title="bbox 2087 705 3670 779">
    <p class='ocr_par' dir='ltr' id='par_1_22' title="bbox 2087 705 3670 779">
     <span class='ocr_line' id='line_1_22' title="bbox 2087 705 3670 779; baseline -0.003 -16"><span class='ocrx_word' id='word_1_151' title='bbox 2087 717 2276 772; x_wconf 90' lang='lat' dir='ltr'><strong>tatem,</strong></span> <span class='ocrx_word' id='word_1_152' title='bbox 2300 723 2465 779; x_wconf 87' lang='lat' dir='ltr'><strong>quam</strong></span> <span class='ocrx_word' id='word_1_153' title='bbox 2515 709 2570 762; x_wconf 91' lang='lat' dir='ltr'><strong>in</strong></span> <span class='ocrx_word' id='word_1_154' title='bbox 2612 707 2832 777; x_wconf 88' lang='lat' dir='ltr'><strong>propria</strong></span> <span class='ocrx_word' id='word_1_155' title='bbox 2876 705 3162 777; x_wconf 86' lang='lat' dir='ltr'><strong>hypostasi</strong></span> <span class='ocrx_word' id='word_1_156' title='bbox 3192 706 3473 775; x_wconf 78' lang='lat' dir='ltr'><strong>integram</strong></span> <span class='ocrx_word' id='word_1_157' title='bbox 3507 705 3670 760; x_wconf 81' lang='lat' dir='ltr'><strong>habet</strong></span> 
     </span>
    </p>
   </div>
   <div class='ocr_carea' id='block_1_23' title="bbox 2087 794 3668 860">
    <p class='ocr_par' dir='ltr' id='par_1_23' title="bbox 2087 794 3668 860">
     <span class='ocr_line' id='line_1_23' title="bbox 2087 794 3668 860; baseline -0.002 -7"><span class='ocrx_word' id='word_1_158' title='bbox 2087 814 2152 855; x_wconf 90' lang='lat' dir='ltr'><strong>ac</strong></span> <span class='ocrx_word' id='word_1_159' title='bbox 2211 801 2515 860; x_wconf 80' lang='lat' dir='ltr'><strong>sinceram,</strong></span> <span class='ocrx_word' id='word_1_160' title='bbox 2558 803 2866 852; x_wconf 81' lang='lat' dir='ltr'><strong>conservat.</strong></span> <span class='ocrx_word' id='word_1_161' title='bbox 2928 794 3200 860; x_wconf 79' lang='lat' dir='ltr'><strong>Quocirca</strong></span> <span class='ocrx_word' id='word_1_162' title='bbox 3257 795 3668 851; x_wconf 70' lang='lat' dir='ltr'><strong>similitudinum</strong></span> 
     </span>
    </p>
   </div>
   <div class='ocr_carea' id='block_1_24' title="bbox 2088 887 3669 962">
    <p class='ocr_par' dir='ltr' id='par_1_24' title="bbox 2088 887 3669 962">
     <span class='ocr_line' id='line_1_24' title="bbox 2088 887 3669 962; baseline -0.003 -17"><span class='ocrx_word' id='word_1_163' title='bbox 2088 892 2307 962; x_wconf 88' lang='lat' dir='ltr'><strong>quidem</strong></span> <span class='ocrx_word' id='word_1_164' title='bbox 2350 896 2679 953; x_wconf 81' lang='lat' dir='ltr'><strong>conservat;</strong></span> <span class='ocrx_word' id='word_1_165' title='bbox 2727 888 2820 943; x_wconf 90' lang='lat' dir='ltr'><strong>sed</strong></span> <span class='ocrx_word' id='word_1_166' title='bbox 2864 902 2974 940; x_wconf 90' lang='lat' dir='ltr'><strong>non</strong></span> <span class='ocrx_word' id='word_1_167' title='bbox 3016 887 3073 941; x_wconf 90' lang='lat' dir='ltr'><strong>in</strong></span> <span class='ocrx_word' id='word_1_168' title='bbox 3116 896 3332 949; x_wconf 87' lang='lat' dir='ltr'><strong>natura,</strong></span> <span class='ocrx_word' id='word_1_169' title='bbox 3377 903 3565 942; x_wconf 79' lang='lat' dir='ltr'><strong>verum</strong></span> <span class='ocrx_word' id='word_1_170' title='bbox 3615 888 3669 940; x_wconf 90' lang='lat' dir='ltr'><strong>in</strong></span> 
     </span>
    </p>
   </div>
   <div class='ocr_carea' id='block_1_25' title="bbox 2087 977 3671 1051">
    <p class='ocr_par' dir='ltr' id='par_1_25' title="bbox 2087 977 3671 1051">
     <span class='ocr_line' id='line_1_25' title="bbox 2087 977 3671 1051; baseline -0.006 -14"><span class='ocrx_word' id='word_1_171' title='bbox 2087 983 2368 1037; x_wconf 82' lang='lat' dir='ltr'><strong>voluntate</strong></span> <span class='ocrx_word' id='word_1_172' title='bbox 2391 982 2647 1051; x_wconf 81' lang='lat' dir='ltr'><strong>positam,</strong></span> <span class='ocrx_word' id='word_1_173' title='bbox 2676 995 2742 1034; x_wconf 93' lang='lat' dir='ltr'><strong>eo</strong></span> <span class='ocrx_word' id='word_1_174' title='bbox 2783 978 2926 1048; x_wconf 81' lang='lat' dir='ltr'><strong>quod</strong></span> <span class='ocrx_word' id='word_1_175' title='bbox 2954 978 3170 1046; x_wconf 84' lang='lat' dir='ltr'><strong>qualem</strong></span> <span class='ocrx_word' id='word_1_176' title='bbox 3200 977 3374 1031; x_wconf 89' lang='lat' dir='ltr'><strong>voluit</strong></span> <span class='ocrx_word' id='word_1_177' title='bbox 3402 978 3520 1046; x_wconf 87' lang='lat' dir='ltr'><strong>ipse</strong></span> <span class='ocrx_word' id='word_1_178' title='bbox 3547 992 3671 1046; x_wconf 88' lang='lat' dir='ltr'><strong>prn-</strong></span> 
     </span>
    </p>
   </div>
   <div class='ocr_carea' id='block_1_26' title="bbox 2087 1069 3667 1137">
    <p class='ocr_par' dir='ltr' id='par_1_26' title="bbox 2087 1069 3667 1137">
     <span class='ocr_line' id='line_1_26' title="bbox 2087 1069 3667 1137; baseline -0.004 -8"><span class='ocrx_word' id='word_1_179' title='bbox 2087 1074 2261 1129; x_wconf 75' lang='lat' dir='ltr'><strong>duxit.</strong></span> <span class='ocrx_word' id='word_1_180' title='bbox 2295 1092 2314 1124; x_wconf 77' lang='grc' dir='ltr'><strong>ι</strong></span> <span class='ocrx_word' id='word_1_181' title='bbox 2348 1073 2412 1126; x_wconf 86' lang='lat' dir='ltr'><strong>Et</strong></span> <span class='ocrx_word' id='word_1_182' title='bbox 2442 1087 2661 1127; x_wconf 83' lang='lat' dir='ltr'><strong>rursum</strong></span> <span class='ocrx_word' id='word_1_183' title='bbox 2688 1090 2702 1125; x_wconf 93' lang='lat'><strong>:</strong></span> <span class='ocrx_word' id='word_1_184' title='bbox 2735 1091 2756 1124; x_wconf 76' lang='grc' dir='ltr'><strong>ι</strong></span> <span class='ocrx_word' id='word_1_185' title='bbox 2794 1071 3081 1137; x_wconf 83' lang='lat' dir='ltr'><strong>Quomodo</strong></span> <span class='ocrx_word' id='word_1_186' title='bbox 3103 1084 3209 1123; x_wconf 91' lang='lat' dir='ltr'><strong>non</strong></span> <span class='ocrx_word' id='word_1_187' title='bbox 3231 1079 3283 1124; x_wconf 88' lang='lat' dir='ltr'><strong>et</strong></span> <span class='ocrx_word' id='word_1_188' title='bbox 3312 1084 3521 1124; x_wconf 89' lang='lat' dir='ltr'><strong>mecum</strong></span> <span class='ocrx_word' id='word_1_189' title='bbox 3552 1069 3667 1137; x_wconf 84' lang='lat' dir='ltr'><strong>ipsc</strong></span> 
     </span>
    </p>
   </div>
   <div class='ocr_carea' id='block_1_27' title="bbox 2086 1158 3671 1233">
    <p class='ocr_par' dir='ltr' id='par_1_27' title="bbox 2086 1158 3671 1233">
     <span class='ocr_line' id='line_1_27' title="bbox 2086 1158 3671 1233; baseline -0.005 -13"><span class='ocrx_word' id='word_1_190' title='bbox 2086 1165 2296 1233; x_wconf 82' lang='lat' dir='ltr'><strong>fateris,</strong></span> <span class='ocrx_word' id='word_1_191' title='bbox 2320 1164 2521 1223; x_wconf 76' lang='lat' dir='ltr'><strong>Filium</strong></span> <span class='ocrx_word' id='word_1_192' title='bbox 2538 1162 2684 1218; x_wconf 85' lang='lat' dir='ltr'><strong>Patri</strong></span> <span class='ocrx_word' id='word_1_193' title='bbox 2711 1173 2906 1225; x_wconf 80' lang='lat' dir='ltr'><strong>natura</strong></span> <span class='ocrx_word' id='word_1_194' title='bbox 2926 1178 3036 1216; x_wconf 87' lang='lat' dir='ltr'><strong>non</strong></span> <span class='ocrx_word' id='word_1_195' title='bbox 3053 1176 3175 1219; x_wconf 84' lang='lat' dir='ltr'><strong>esse</strong></span> <span class='ocrx_word' id='word_1_196' title='bbox 3191 1160 3460 1218; x_wconf 84' lang='lat' dir='ltr'><strong>similem?</strong></span> <span class='ocrx_word' id='word_1_197' title='bbox 3482 1179 3505 1210; x_wconf 67' lang='grc' dir='ltr'><strong>ι</strong></span> <span class='ocrx_word' id='word_1_198' title='bbox 3529 1158 3671 1214; x_wconf 80' lang='lat' dir='ltr'><strong>Rur-</strong></span> 
     </span>
    </p>
   </div>
   <div class='ocr_carea' id='block_1_28' title="bbox 2087 1251 3669 1319">
    <p class='ocr_par' dir='ltr' id='par_1_28' title="bbox 2087 1251 3669 1319">
     <span class='ocr_line' id='line_1_28' title="bbox 2087 1251 3669 1319; baseline -0.007 -5"><span class='ocrx_word' id='word_1_199' title='bbox 2087 1273 2250 1314; x_wconf 88' lang='lat' dir='ltr'><strong>sum:</strong></span> <span class='ocrx_word' id='word_1_200' title='bbox 2288 1276 2307 1309; x_wconf 85' lang='grc'><strong><em>‹</em></strong></span> <span class='ocrx_word' id='word_1_201' title='bbox 2331 1257 2466 1311; x_wconf 87' lang='lat' dir='ltr'><strong>Cum</strong></span> <span class='ocrx_word' id='word_1_202' title='bbox 2514 1254 2686 1310; x_wconf 89' lang='lat' dir='ltr'><strong>Filius</strong></span> <span class='ocrx_word' id='word_1_203' title='bbox 2720 1255 3097 1309; x_wconf 72' lang='lat' dir='ltr'><strong>exitucarere</strong></span> <span class='ocrx_word' id='word_1_204' title='bbox 3131 1252 3289 1305; x_wconf 86' lang='lat' dir='ltr'><strong>omni</strong></span> <span class='ocrx_word' id='word_1_205' title='bbox 3319 1252 3553 1314; x_wconf 86' lang='lat' dir='ltr'><strong>dicatur,</strong></span> <span class='ocrx_word' id='word_1_206' title='bbox 3576 1251 3669 1319; x_wconf 83' lang='lat' dir='ltr'><strong>qui</strong></span> 
     </span>
    </p>
   </div>
   <div class='ocr_carea' id='block_1_29' title="bbox 2089 1342 3669 1419">
    <p class='ocr_par' dir='ltr' id='par_1_29' title="bbox 2089 1342 3669 1419">
     <span class='ocr_line' id='line_1_29' title="bbox 2089 1342 3669 1419; baseline -0.006 -15"><span class='ocrx_word' id='word_1_207' title='bbox 2089 1350 2250 1404; x_wconf 88' lang='lat' dir='ltr'><strong>vitam</strong></span> <span class='ocrx_word' id='word_1_208' title='bbox 2281 1347 2504 1419; x_wconf 87' lang='lat' dir='ltr'><strong>propria</strong></span> <span class='ocrx_word' id='word_1_209' title='bbox 2532 1363 2597 1402; x_wconf 85' lang='lat' dir='ltr'><strong>ex</strong></span> <span class='ocrx_word' id='word_1_210' title='bbox 2630 1352 2824 1403; x_wconf 86' lang='lat' dir='ltr'><strong>natura</strong></span> <span class='ocrx_word' id='word_1_211' title='bbox 2855 1360 2964 1400; x_wconf 87' lang='lat' dir='ltr'><strong>non</strong></span> <span class='ocrx_word' id='word_1_212' title='bbox 3003 1343 3185 1409; x_wconf 86' lang='lat' dir='ltr'><strong>habet,</strong></span> <span class='ocrx_word' id='word_1_213' title='bbox 3223 1342 3319 1397; x_wconf 88' lang='lat' dir='ltr'><strong>sed</strong></span> <span class='ocrx_word' id='word_1_214' title='bbox 3348 1357 3414 1397; x_wconf 83' lang='lat' dir='ltr'><strong>ex</strong></span> <span class='ocrx_word' id='word_1_215' title='bbox 3447 1343 3669 1412; x_wconf 82' lang='lat' dir='ltr'><strong>ingeniti</strong></span> 
     </span>
    </p>
   </div>
   <div class='ocr_carea' id='block_1_30' title="bbox 2085 1432 3669 1512">
    <p class='ocr_par' dir='ltr' id='par_1_30' title="bbox 2085 1432 3669 1512">
     <span class='ocr_line' id='line_1_30' title="bbox 2085 1432 3669 1512; baseline -0.007 -15"><span class='ocrx_word' id='word_1_216' title='bbox 2085 1448 2385 1512; x_wconf 83' lang='lat' dir='ltr'><strong>potestate;</strong></span> <span class='ocrx_word' id='word_1_217' title='bbox 2434 1438 2675 1506; x_wconf 85' lang='lat' dir='ltr'><strong>ingenita</strong></span> <span class='ocrx_word' id='word_1_218' title='bbox 2730 1451 2896 1507; x_wconf 92' lang='lat' dir='ltr'><strong>porro</strong></span> <span class='ocrx_word' id='word_1_219' title='bbox 2960 1443 3159 1490; x_wconf 87' lang='lat' dir='ltr'><strong>natura</strong></span> <span class='ocrx_word' id='word_1_220' title='bbox 3213 1434 3334 1489; x_wconf 88' lang='lat' dir='ltr'><strong>sine</strong></span> <span class='ocrx_word' id='word_1_221' title='bbox 3396 1433 3507 1486; x_wconf 92' lang='lat' dir='ltr'><strong>ullo</strong></span> <span class='ocrx_word' id='word_1_222' title='bbox 3565 1432 3669 1486; x_wconf 78' lang='lat' dir='ltr'><strong>fine</strong></span> 
     </span>
    </p>
   </div>
   <div class='ocr_carea' id='block_1_31' title="bbox 2088 1524 3667 1603">
    <p class='ocr_par' dir='ltr' id='par_1_31' title="bbox 2088 1524 3667 1603">
     <span class='ocr_line' id='line_1_31' title="bbox 2088 1524 3667 1603; baseline -0.008 -16"><span class='ocrx_word' id='word_1_223' title='bbox 2088 1534 2235 1588; x_wconf 89' lang='lat' dir='ltr'><strong>omni</strong></span> <span class='ocrx_word' id='word_1_224' title='bbox 2264 1533 2334 1588; x_wconf 85' lang='lat' dir='ltr'><strong>sit</strong></span> <span class='ocrx_word' id='word_1_225' title='bbox 2363 1538 2645 1603; x_wconf 25' lang='lat' dir='ltr'><strong>potestate.</strong></span> <span class='ocrx_word' id='word_1_226' title='bbox 2672 1528 2945 1599; x_wconf 88' lang='lat' dir='ltr'><strong>superior,</strong></span> <span class='ocrx_word' id='word_1_227' title='bbox 2975 1541 3157 1581; x_wconf 86' lang='lat' dir='ltr'><strong>nonne</strong></span> <span class='ocrx_word' id='word_1_228' title='bbox 3198 1524 3487 1581; x_wconf 89' lang='lat' dir='ltr'><strong>manifeste</strong></span> <span class='ocrx_word' id='word_1_229' title='bbox 3520 1524 3667 1594; x_wconf 81' lang='lat' dir='ltr'><strong>impii</strong></span> 
     </span>
    </p>
   </div>
   <div class='ocr_carea' id='block_1_32' title="bbox 2087 1614 3672 1692">
    <p class='ocr_par' dir='ltr' id='par_1_32' title="bbox 2087 1614 3672 1692">
     <span class='ocr_line' id='line_1_32' title="bbox 2087 1614 3672 1692; baseline -0.008 -10"><span class='ocrx_word' id='word_1_230' title='bbox 2087 1641 2210 1682; x_wconf 85' lang='lat' dir='ltr'><strong>sese</strong></span> <span class='ocrx_word' id='word_1_231' title='bbox 2231 1624 2481 1679; x_wconf 85' lang='lat' dir='ltr'><strong>homines</strong></span> <span class='ocrx_word' id='word_1_232' title='bbox 2534 1620 2792 1692; x_wconf 90' lang='lat' dir='ltr'><strong>produnt,</strong></span> <span class='ocrx_word' id='word_1_233' title='bbox 2846 1622 2974 1674; x_wconf 90' lang='lat' dir='ltr'><strong>dum</strong></span> <span class='ocrx_word' id='word_1_234' title='bbox 3024 1618 3276 1674; x_wconf 57' lang='lat' dir='ltr'><strong>essentia</strong></span> <span class='ocrx_word' id='word_1_235' title='bbox 3317 1614 3672 1671; x_wconf 86' lang='lat' dir='ltr'><strong>similitudine</strong></span> 
     </span>
    </p>
   </div>
   <div class='ocr_carea' id='block_1_33' title="bbox 2087 1708 3671 1781">
    <p class='ocr_par' dir='ltr' id='par_1_33' title="bbox 2087 1708 3671 1781">
     <span class='ocr_line' id='line_1_33' title="bbox 2087 1708 3671 1781; baseline -0.007 -10"><span class='ocrx_word' id='word_1_236' title='bbox 2087 1718 2315 1772; x_wconf 68' lang='lat' dir='ltr'><strong>diversae</strong></span> <span class='ocrx_word' id='word_1_237' title='bbox 2353 1714 2672 1770; x_wconf 83' lang='lat' dir='ltr'><strong>substantiae</strong></span> <span class='ocrx_word' id='word_1_238' title='bbox 2723 1712 2942 1781; x_wconf 88' lang='lat' dir='ltr'><strong>dogma.</strong></span> <span class='ocrx_word' id='word_1_239' title='bbox 2969 1711 3113 1780; x_wconf 89' lang='lat' dir='ltr'><strong>quod</strong></span> <span class='ocrx_word' id='word_1_240' title='bbox 3147 1708 3335 1779; x_wconf 83' lang='lat' dir='ltr'><strong>pietati</strong></span> <span class='ocrx_word' id='word_1_241' title='bbox 3376 1713 3671 1762; x_wconf 87' lang='lat' dir='ltr'><strong>consenta-</strong></span> 
     </span>
    </p>
   </div>
   <div class='ocr_carea' id='block_1_34' title="bbox 2089 1799 3669 1868">
    <p class='ocr_par' dir='ltr' id='par_1_34' title="bbox 2089 1799 3669 1868">
     <span class='ocr_line' id='line_1_34' title="bbox 2089 1799 3669 1868; baseline -0.004 -7"><span class='ocrx_word' id='word_1_242' title='bbox 2089 1821 2249 1861; x_wconf 90' lang='lat' dir='ltr'><strong>neum</strong></span> <span class='ocrx_word' id='word_1_243' title='bbox 2300 1812 2405 1865; x_wconf 87' lang='lat' dir='ltr'><strong>est.</strong></span> <span class='ocrx_word' id='word_1_244' title='bbox 2434 1801 2808 1858; x_wconf 85' lang='lat' dir='ltr'><strong>commutant?</strong></span> <span class='ocrx_word' id='word_1_245' title='bbox 2840 1814 2858 1851; x_wconf 76' lang='grc' dir='ltr'><strong>ι</strong></span> <span class='ocrx_word' id='word_1_246' title='bbox 2891 1800 3112 1864; x_wconf 90' lang='lat' dir='ltr'><strong>Deinde,</strong></span> <span class='ocrx_word' id='word_1_247' title='bbox 3150 1799 3501 1868; x_wconf 75' lang='lat' dir='ltr'><strong>«Propterea,</strong></span> <span class='ocrx_word' id='word_1_248' title='bbox 3583 1799 3669 1854; x_wconf 91' lang='lat' dir='ltr'><strong>in-</strong></span> 
     </span>
    </p>
   </div>
   <div class='ocr_carea' id='block_1_35' title="bbox 405 1888 1992 1985">
    <p class='ocr_par' dir='ltr' id='par_1_35' title="bbox 405 1889 1987 1967">
     <span class='ocr_line' id='line_1_35' title="bbox 405 1889 1987 1967; baseline 0.006 -26"><span class='ocrx_word' id='word_1_249' title='bbox 405 1889 498 1941; x_wconf 85' lang='grc' dir='ltr'>τὸν</span> <span class='ocrx_word' id='word_1_250' title='bbox 527 1889 654 1944; x_wconf 80' lang='grc' dir='ltr'>Υὶὸν</span> <span class='ocrx_word' id='word_1_251' title='bbox 682 1889 789 1961; x_wconf 77' lang='grc' dir='ltr'><strong>πρὸ</strong></span> <span class='ocrx_word' id='word_1_252' title='bbox 815 1890 1026 1945; x_wconf 76' lang='grc' dir='ltr'>αἰώνων</span> <span class='ocrx_word' id='word_1_253' title='bbox 1053 1893 1188 1947; x_wconf 85' lang='grc' dir='ltr'>Θεὸν</span> <span class='ocrx_word' id='word_1_254' title='bbox 1210 1894 1381 1963; x_wconf 80' lang='grc' dir='ltr'><strong>Λόγον</strong></span> <span class='ocrx_word' id='word_1_255' title='bbox 1408 1895 1781 1966; x_wconf 84' lang='grc' dir='ltr'>ἁτελευτήτως</span> <span class='ocrx_word' id='word_1_256' title='bbox 1799 1893 1868 1967; x_wconf 85' lang='grc' dir='ltr'>ἧν</span> <span class='ocrx_word' id='word_1_257' title='bbox 1885 1897 1906 1928; x_wconf 86' lang='grc'>³</span> <span class='ocrx_word' id='word_1_258' title='bbox 1930 1899 1987 1950; x_wconf 85' lang='grc' dir='ltr'><strong>ὲν</strong></span> 
     </span>
    </p>
   </div>
   <div class='ocr_carea' id='block_1_36' title="bbox 2087 1888 3657 1985">
    <p class='ocr_par' dir='ltr' id='par_1_36' title="bbox 2087 1888 3657 1968">
     <span class='ocr_line' id='line_1_36' title="bbox 2087 1888 3657 1968; baseline -0.006 -16"><span class='ocrx_word' id='word_1_259' title='bbox 2087 1898 2303 1968; x_wconf 89' lang='lat' dir='ltr'><strong>quiunt,</strong></span> <span class='ocrx_word' id='word_1_260' title='bbox 2375 1895 2557 1950; x_wconf 85' lang='lat' dir='ltr'><strong>Patris</strong></span> <span class='ocrx_word' id='word_1_261' title='bbox 2580 1909 2780 1949; x_wconf 84' lang='lat' dir='ltr'><strong>nomen</strong></span> <span class='ocrx_word' id='word_1_262' title='bbox 2828 1892 3188 1947; x_wconf 84' lang='lat' dir='ltr'><strong>substantiam</strong></span> <span class='ocrx_word' id='word_1_263' title='bbox 3223 1905 3333 1945; x_wconf 88' lang='lat' dir='ltr'><strong>non</strong></span> <span class='ocrx_word' id='word_1_264' title='bbox 3367 1888 3657 1960; x_wconf 87' lang='lat' dir='ltr'><strong>signiﬁcat,</strong></span> 
     </span>
    </p>
   </div>
   <div class='ocr_carea' id='block_1_37' title="bbox 404 1981 1989 2058">
    <p class='ocr_par' dir='ltr' id='par_1_37' title="bbox 404 1981 1989 2058">
     <span class='ocr_line' id='line_1_37' title="bbox 404 1981 1989 2058; baseline 0.008 -26"><span class='ocrx_word' id='word_1_265' title='bbox 404 1981 556 2051; x_wconf 84' lang='grc' dir='ltr'>αὐτῷ</span> <span class='ocrx_word' id='word_1_266' title='bbox 586 1982 943 2054; x_wconf 67' lang='grc' dir='ltr'>δωρηθεῇταν,</span> <span class='ocrx_word' id='word_1_267' title='bbox 991 1986 1057 2057; x_wconf 80' lang='grc' dir='ltr'>ἢν</span> <span class='ocrx_word' id='word_1_268' title='bbox 1101 1985 1242 2058; x_wconf 75' lang='grc' dir='ltr'>ἔχων</span> <span class='ocrx_word' id='word_1_269' title='bbox 1287 1987 1521 2045; x_wconf 82' lang='grc' dir='ltr'>διατελεῖ</span> <span class='ocrx_word' id='word_1_270' title='bbox 1565 1989 1755 2045; x_wconf 87' lang='grc' dir='ltr'>οὐσίαν</span> <span class='ocrx_word' id='word_1_271' title='bbox 1796 2007 1858 2043; x_wconf 87' lang='grc' dir='ltr'><strong>τε</strong></span> <span class='ocrx_word' id='word_1_272' title='bbox 1895 1991 1989 2044; x_wconf 75' lang='grc' dir='ltr'>καὶ</span> 
     </span>
    </p>
   </div>
   <div class='ocr_carea' id='block_1_38' title="bbox 405 2072 1988 2150">
    <p class='ocr_par' dir='ltr' id='par_1_38' title="bbox 405 2072 1988 2150">
     <span class='ocr_line' id='line_1_38' title="bbox 405 2072 1988 2150; baseline 0.007 -27"><span class='ocrx_word' id='word_1_273' title='bbox 405 2072 681 2135; x_wconf 78' lang='grc' dir='ltr'>ἐξουσίαν.</span> <span class='ocrx_word' id='word_1_274' title='bbox 727 2094 745 2125; x_wconf 75' lang='grc' dir='ltr'><strong>ι</strong></span> <span class='ocrx_word' id='word_1_275' title='bbox 784 2076 896 2130; x_wconf 80' lang='grc' dir='ltr'><strong>Καὶ</strong></span> <span class='ocrx_word' id='word_1_276' title='bbox 930 2077 1113 2131; x_wconf 81' lang='grc' dir='ltr'>πάλιν·</span> <span class='ocrx_word' id='word_1_277' title='bbox 1153 2096 1172 2129; x_wconf 79' lang='grc' dir='ltr'><strong>ι</strong></span> <span class='ocrx_word' id='word_1_278' title='bbox 1210 2079 1412 2143; x_wconf 85' lang='grc' dir='ltr'>Οὐσίας</span> <span class='ocrx_word' id='word_1_279' title='bbox 1436 2073 1580 2134; x_wconf 81' lang='grc' dir='ltr'>εἶναι</span> <span class='ocrx_word' id='word_1_280' title='bbox 1614 2079 1896 2150; x_wconf 84' lang='grc' dir='ltr'>βούλονται</span> <span class='ocrx_word' id='word_1_281' title='bbox 1927 2082 1988 2134; x_wconf 81' lang='grc' dir='ltr'>τὸ</span> 
     </span>
    </p>
   </div>
   <div class='ocr_carea' id='block_1_39' title="bbox 406 2164 1988 2244">
    <p class='ocr_par' dir='ltr' id='par_1_39' title="bbox 406 2164 1988 2244">
     <span class='ocr_line' id='line_1_39' title="bbox 406 2164 1988 2244; baseline 0.006 -28"><span class='ocrx_word' id='word_1_282' title='bbox 406 2164 610 2232; x_wconf 81' lang='grc' dir='ltr'>Πατὴρ</span> <span class='ocrx_word' id='word_1_283' title='bbox 643 2165 961 2236; x_wconf 82' lang='grc' dir='ltr'>δηλωτικὸν,</span> <span class='ocrx_word' id='word_1_284' title='bbox 1001 2168 1125 2222; x_wconf 52' lang='grc' dir='ltr'><strong>ἀλλ’</strong></span> <span class='ocrx_word' id='word_1_285' title='bbox 1163 2170 1266 2223; x_wconf 80' lang='grc' dir='ltr'>οὐκ</span> <span class='ocrx_word' id='word_1_286' title='bbox 1318 2170 1587 2236; x_wconf 77' lang='grc' dir='ltr'>ἐξουσίας,</span> <span class='ocrx_word' id='word_1_287' title='bbox 1641 2171 1720 2243; x_wconf 80' lang='grc' dir='ltr'>τῷ</span> <span class='ocrx_word' id='word_1_288' title='bbox 1764 2174 1938 2244; x_wconf 83' lang='grc' dir='ltr'>Πατρὶ</span> <span class='ocrx_word' id='word_1_289' title='bbox 1966 2173 1988 2204; x_wconf 77' lang='grc'><strong>’⁸</strong></span> 
     </span>
    </p>
   </div>
   <div class='ocr_carea' id='block_1_40' title="bbox 403 2252 1990 2332">
    <p class='ocr_par' dir='ltr' id='par_1_40' title="bbox 403 2252 1990 2332">
     <span class='ocr_line' id='line_1_40' title="bbox 403 2252 1990 2332; baseline 0.007 -28"><span class='ocrx_word' id='word_1_290' title='bbox 403 2252 633 2322; x_wconf 80' lang='grc' dir='ltr'>ὀνόματι</span> <span class='ocrx_word' id='word_1_291' title='bbox 667 2255 758 2307; x_wconf 80' lang='grc' dir='ltr'>καὶ</span> <span class='ocrx_word' id='word_1_292' title='bbox 785 2254 885 2327; x_wconf 69' lang='grc' dir='ltr'>τὴν</span> <span class='ocrx_word' id='word_1_293' title='bbox 899 2255 994 2309; x_wconf 80' lang='grc' dir='ltr'>τοῦ</span> <span class='ocrx_word' id='word_1_294' title='bbox 1019 2256 1359 2327; x_wconf 81' lang='grc' dir='ltr'>Μονογενοῦς</span> <span class='ocrx_word' id='word_1_295' title='bbox 1391 2259 1689 2317; x_wconf 79' lang='grc' dir='ltr'>ὑπόστασιν</span> <span class='ocrx_word' id='word_1_296' title='bbox 1723 2278 1990 2332; x_wconf 85' lang='grc' dir='ltr'>προσαγο-</span> 
     </span>
    </p>
   </div>
   <div class='ocr_carea' id='block_1_41' title="bbox 406 2347 798 2416">
    <p class='ocr_par' dir='ltr' id='par_1_41' title="bbox 406 2347 798 2416">
     <span class='ocr_line' id='line_1_41' title="bbox 406 2347 798 2416; baseline 0.008 -17"><span class='ocrx_word' id='word_1_297' title='bbox 406 2347 741 2416; x_wconf 79' lang='grc' dir='ltr'>ρευέτωσαν.</span> <span class='ocrx_word' id='word_1_298' title='bbox 776 2367 798 2402; x_wconf 72' lang='grc' dir='ltr'><strong>ι</strong></span> 
     </span>
    </p>
   </div>
   <div class='ocr_carea' id='block_1_42' title="bbox 478 2612 1988 2687">
    <p class='ocr_par' dir='ltr' id='par_1_42' title="bbox 478 2612 1988 2687">
     <span class='ocr_line' id='line_1_42' title="bbox 478 2612 1988 2687; baseline 0.002 -20"><span class='ocrx_word' id='word_1_299' title='bbox 478 2614 607 2667; x_wconf 71' lang='lat' dir='ltr'><strong>KB’.</strong></span> <span class='ocrx_word' id='word_1_300' title='bbox 650 2612 917 2685; x_wconf 81' lang='grc' dir='ltr'>Ἐροῦμεν</span> <span class='ocrx_word' id='word_1_301' title='bbox 959 2612 1055 2669; x_wconf 78' lang='grc' dir='ltr'><strong>νῦν</strong></span> <span class='ocrx_word' id='word_1_302' title='bbox 1085 2613 1223 2687; x_wconf 78' lang='grc' dir='ltr'>πρὸς</span> <span class='ocrx_word' id='word_1_303' title='bbox 1249 2616 1377 2683; x_wconf 73' lang='grc' dir='ltr'>τοὺς</span> <span class='ocrx_word' id='word_1_304' title='bbox 1413 2614 1506 2670; x_wconf 83' lang='grc' dir='ltr'><strong>νῦν</strong></span> <span class='ocrx_word' id='word_1_305' title='bbox 1544 2616 1874 2686; x_wconf 77' lang='grc' dir='ltr'>αἱρετικοὺς,</span> <span class='ocrx_word' id='word_1_306' title='bbox 1905 2617 1988 2671; x_wconf 85' lang='grc' dir='ltr'>ὅτι</span> 
     </span>
    </p>
   </div>
   <div class='ocr_carea' id='block_1_43' title="bbox 414 2703 1989 2777">
    <p class='ocr_par' dir='ltr' id='par_1_43' title="bbox 414 2703 1989 2777">
     <span class='ocr_line' id='line_1_43' title="bbox 414 2703 1989 2777; baseline 0.004 -21"><span class='ocrx_word' id='word_1_307' title='bbox 414 2703 603 2774; x_wconf 86' lang='grc' dir='ltr'>Ὑμεῖς</span> <span class='ocrx_word' id='word_1_308' title='bbox 654 2705 930 2775; x_wconf 72' lang='grc' dir='ltr'><strong>ἐγράψατε</strong></span> <span class='ocrx_word' id='word_1_309' title='bbox 977 2706 1161 2776; x_wconf 84' lang='grc' dir='ltr'>ὅμοιον</span> <span class='ocrx_word' id='word_1_310' title='bbox 1208 2705 1349 2760; x_wconf 86' lang='grc' dir='ltr'>κατὰ</span> <span class='ocrx_word' id='word_1_311' title='bbox 1406 2705 1679 2777; x_wconf 83' lang='grc' dir='ltr'>βούλησιν,</span> <span class='ocrx_word' id='word_1_312' title='bbox 1735 2706 1989 2777; x_wconf 85' lang='grc' dir='ltr'>ἀνόμοιον</span> 
     </span>
    </p>
   </div>
   <div class='ocr_carea' id='block_1_44' title="bbox 404 2796 1986 2869">
    <p class='ocr_par' dir='ltr' id='par_1_44' title="bbox 404 2796 1986 2869">
     <span class='ocr_line' id='line_1_44' title="bbox 404 2796 1986 2869; baseline 0.002 -20"><span class='ocrx_word' id='word_1_313' title='bbox 404 2797 527 2851; x_wconf 80' lang='grc' dir='ltr'>κατ’</span> <span class='ocrx_word' id='word_1_314' title='bbox 557 2798 765 2850; x_wconf 87' lang='grc' dir='ltr'>οὐσίαν·</span> <span class='ocrx_word' id='word_1_315' title='bbox 808 2796 890 2851; x_wconf 81' lang='grc' dir='ltr'><strong>διὸ</strong></span> <span class='ocrx_word' id='word_1_316' title='bbox 925 2799 1088 2868; x_wconf 76' lang='grc' dir='ltr'>ἡμεῖς</span> <span class='ocrx_word' id='word_1_317' title='bbox 1127 2796 1569 2869; x_wconf 82' lang='grc' dir='ltr'>ἀντεγράψαμεν,</span> <span class='ocrx_word' id='word_1_318' title='bbox 1601 2799 1683 2852; x_wconf 82' lang='grc' dir='ltr'>ὅτι</span> <span class='ocrx_word' id='word_1_319' title='bbox 1711 2799 1894 2869; x_wconf 83' lang='grc' dir='ltr'>ὅμοιος</span> <span class='ocrx_word' id='word_1_320' title='bbox 1925 2798 1986 2852; x_wconf 89' lang='grc' dir='ltr'><strong>οὐ</strong></span> 
     </span>
    </p>
   </div>
   <div class='ocr_carea' id='block_1_45' title="bbox 404 2886 1987 2962">
    <p class='ocr_par' dir='ltr' id='par_1_45' title="bbox 404 2886 1987 2962">
     <span class='ocr_line' id='line_1_45' title="bbox 404 2886 1987 2962; baseline 0.002 -22"><span class='ocrx_word' id='word_1_321' title='bbox 404 2889 549 2941; x_wconf 73' lang='grc' dir='ltr'>κατὰ</span> <span class='ocrx_word' id='word_1_322' title='bbox 582 2886 814 2957; x_wconf 77' lang='grc' dir='ltr'>μίμησιν</span> <span class='ocrx_word' id='word_1_323' title='bbox 845 2887 1027 2958; x_wconf 86' lang='grc' dir='ltr'>μόνον,</span> <span class='ocrx_word' id='word_1_324' title='bbox 1057 2888 1195 2942; x_wconf 82' lang='grc' dir='ltr'><strong>ἀλλὰ</strong></span> <span class='ocrx_word' id='word_1_325' title='bbox 1235 2890 1329 2942; x_wconf 74' lang='grc' dir='ltr'>καὶ</span> <span class='ocrx_word' id='word_1_326' title='bbox 1365 2891 1485 2942; x_wconf 86' lang='grc' dir='ltr'>κατ’</span> <span class='ocrx_word' id='word_1_327' title='bbox 1519 2889 1724 2949; x_wconf 86' lang='grc' dir='ltr'>οὐσίαν.</span> <span class='ocrx_word' id='word_1_328' title='bbox 1772 2890 1987 2962; x_wconf 82' lang='grc' dir='ltr'>Ἐπειδὴ</span> 
     </span>
    </p>
   </div>
   <div class='ocr_carea' id='block_1_46' title="bbox 403 2978 1989 3052">
    <p class='ocr_par' dir='ltr' id='par_1_46' title="bbox 403 2978 1989 3052">
     <span class='ocr_line' id='line_1_46' title="bbox 403 2978 1989 3052; baseline 0.003 -22"><span class='ocrx_word' id='word_1_329' title='bbox 403 2978 585 3045; x_wconf 80' lang='grc' dir='ltr'>τοίνυν</span> <span class='ocrx_word' id='word_1_330' title='bbox 635 2980 841 3049; x_wconf 81' lang='grc' dir='ltr'>πρῶτοι</span> <span class='ocrx_word' id='word_1_331' title='bbox 893 2981 1052 3050; x_wconf 71' lang='grc' dir='ltr'>ὑμεῖς</span> <span class='ocrx_word' id='word_1_332' title='bbox 1111 2980 1299 3043; x_wconf 80' lang='grc' dir='ltr'>οὐσίας</span> <span class='ocrx_word' id='word_1_333' title='bbox 1352 2979 1684 3052; x_wconf 79' lang='grc' dir='ltr'>ἐμνήσθητε,</span> <span class='ocrx_word' id='word_1_334' title='bbox 1740 2979 1989 3050; x_wconf 80' lang='grc' dir='ltr'>λέγοντες</span> 
     </span>
    </p>
   </div>
   <div class='ocr_carea' id='block_1_47' title="bbox 403 3070 1990 3143">
    <p class='ocr_par' dir='ltr' id='par_1_47' title="bbox 403 3070 1990 3143">
     <span class='ocr_line' id='line_1_47' title="bbox 403 3070 1990 3143; baseline 0.001 -18"><span class='ocrx_word' id='word_1_335' title='bbox 403 3072 662 3141; x_wconf 79' lang='grc' dir='ltr'>ἀνόμοιον</span> <span class='ocrx_word' id='word_1_336' title='bbox 690 3074 811 3125; x_wconf 83' lang='grc' dir='ltr'>κατ’</span> <span class='ocrx_word' id='word_1_337' title='bbox 845 3072 1054 3139; x_wconf 84' lang='grc' dir='ltr'>οὐσίαν,</span> <span class='ocrx_word' id='word_1_338' title='bbox 1089 3073 1185 3127; x_wconf 75' lang='grc' dir='ltr'>καὶ</span> <span class='ocrx_word' id='word_1_339' title='bbox 1210 3072 1301 3128; x_wconf 84' lang='grc' dir='ltr'>διὰ</span> <span class='ocrx_word' id='word_1_340' title='bbox 1332 3070 1491 3126; x_wconf 78' lang='grc' dir='ltr'>τοῦτο</span> <span class='ocrx_word' id='word_1_341' title='bbox 1530 3072 1859 3137; x_wconf 77' lang='grc' dir='ltr'>σπουδάζετε</span> <span class='ocrx_word' id='word_1_342' title='bbox 1889 3074 1990 3143; x_wconf 83' lang='grc' dir='ltr'><strong>ἀρ-</strong></span> 
     </span>
    </p>
   </div>
   <div class='ocr_carea' id='block_1_48' title="bbox 407 3161 1988 3236">
    <p class='ocr_par' dir='ltr' id='par_1_48' title="bbox 407 3161 1988 3236">
     <span class='ocr_line' id='line_1_48' title="bbox 407 3161 1988 3236; baseline 0.001 -21"><span class='ocrx_word' id='word_1_343' title='bbox 407 3161 568 3231; x_wconf 76' lang='grc' dir='ltr'>θῆναι</span> <span class='ocrx_word' id='word_1_344' title='bbox 600 3163 660 3216; x_wconf 85' lang='grc' dir='ltr'><strong>τὸ</strong></span> <span class='ocrx_word' id='word_1_345' title='bbox 682 3162 854 3234; x_wconf 78' lang='grc' dir='ltr'>ὄνομα</span> <span class='ocrx_word' id='word_1_346' title='bbox 875 3164 976 3235; x_wconf 87' lang='grc' dir='ltr'>τῆς</span> <span class='ocrx_word' id='word_1_347' title='bbox 1004 3165 1212 3228; x_wconf 84' lang='grc' dir='ltr'>οὐσίας,</span> <span class='ocrx_word' id='word_1_348' title='bbox 1238 3165 1325 3219; x_wconf 74' lang='grc' dir='ltr'>ἵνα</span> <span class='ocrx_word' id='word_1_349' title='bbox 1351 3164 1494 3219; x_wconf 84' lang='grc' dir='ltr'>κατὰ</span> <span class='ocrx_word' id='word_1_350' title='bbox 1524 3164 1775 3236; x_wconf 82' lang='grc' dir='ltr'>βούλησιν</span> <span class='ocrx_word' id='word_1_351' title='bbox 1803 3166 1988 3235; x_wconf 83' lang='grc' dir='ltr'>ὅμοιον</span> 
     </span>
    </p>
   </div>
   <div class='ocr_carea' id='block_1_49' title="bbox 405 3249 2058 3327">
    <p class='ocr_par' dir='ltr' id='par_1_49' title="bbox 405 3249 2058 3327">
     <span class='ocr_line' id='line_1_49' title="bbox 405 3249 2058 3327; baseline 0.003 -22"><span class='ocrx_word' id='word_1_352' title='bbox 405 3249 549 3306; x_wconf 82' lang='grc' dir='ltr'>εἶναι</span> <span class='ocrx_word' id='word_1_353' title='bbox 590 3255 750 3324; x_wconf 72' lang='grc' dir='ltr'>μόνον</span> <span class='ocrx_word' id='word_1_354' title='bbox 775 3254 987 3324; x_wconf 75' lang='grc' dir='ltr'>λέγοιτε</span> <span class='ocrx_word' id='word_1_355' title='bbox 1023 3257 1113 3309; x_wconf 83' lang='grc' dir='ltr'><strong>τὸν</strong></span> <span class='ocrx_word' id='word_1_356' title='bbox 1150 3256 1300 3321; x_wconf 83' lang='grc' dir='ltr'><strong>Υἱδν,</strong></span> <span class='ocrx_word' id='word_1_357' title='bbox 1331 3259 1381 3309; x_wconf 87' lang='grc' dir='ltr'>εἰ</span> <span class='ocrx_word' id='word_1_358' title='bbox 1419 3255 1634 3327; x_wconf 84' lang='grc' dir='ltr'>ἀληθῶς</span> <span class='ocrx_word' id='word_1_359' title='bbox 1677 3255 1985 3313; x_wconf 83' lang='grc' dir='ltr'>συντίθεσθε</span> <span class='ocrx_word' id='word_1_360' title='bbox 2015 3308 2058 3327; x_wconf 58' lang='grc' dir='ltr'><strong><em>η</em></strong></span> 
     </span>
    </p>
   </div>
   <div class='ocr_carea' id='block_1_50' title="bbox 406 3345 1986 3419">
    <p class='ocr_par' dir='ltr' id='par_1_50' title="bbox 406 3345 1986 3419">
     <span class='ocr_line' id='line_1_50' title="bbox 406 3345 1986 3419; baseline 0.003 -21"><span class='ocrx_word' id='word_1_361' title='bbox 406 3345 754 3413; x_wconf 30' lang='grc' dir='ltr'>κατὰεπάντα</span> <span class='ocrx_word' id='word_1_362' title='bbox 781 3348 968 3417; x_wconf 85' lang='grc' dir='ltr'>ὅμοιον</span> <span class='ocrx_word' id='word_1_363' title='bbox 1006 3348 1097 3401; x_wconf 87' lang='grc' dir='ltr'>τὸν</span> <span class='ocrx_word' id='word_1_364' title='bbox 1130 3348 1256 3402; x_wconf 85' lang='grc' dir='ltr'>Υἱὺν</span> <span class='ocrx_word' id='word_1_365' title='bbox 1295 3347 1374 3419; x_wconf 79' lang='grc' dir='ltr'>τῷ</span> <span class='ocrx_word' id='word_1_366' title='bbox 1418 3349 1615 3419; x_wconf 72' lang='grc' dir='ltr'>Πατρὶ,</span> <span class='ocrx_word' id='word_1_367' title='bbox 1658 3347 1986 3417; x_wconf 82' lang='grc' dir='ltr'>ἀναθεματί-</span> 
     </span>
    </p>
   </div>
   <div class='ocr_carea' id='block_1_51' title="bbox 409 3439 1989 3515">
    <p class='ocr_par' dir='ltr' id='par_1_51' title="bbox 409 3439 1989 3515">
     <span class='ocr_line' id='line_1_51' title="bbox 409 3439 1989 3515; baseline 0.004 -25"><span class='ocrx_word' id='word_1_368' title='bbox 409 3455 543 3515; x_wconf 65' lang='grc' dir='ltr'>σατε</span> <span class='ocrx_word' id='word_1_369' title='bbox 575 3440 702 3507; x_wconf 77' lang='grc' dir='ltr'>τοὺς</span> <span class='ocrx_word' id='word_1_370' title='bbox 747 3439 1009 3511; x_wconf 80' lang='grc' dir='ltr'>διαφορὰν</span> <span class='ocrx_word' id='word_1_371' title='bbox 1051 3439 1305 3509; x_wconf 80' lang='grc' dir='ltr'>λέγοντας</span> <span class='ocrx_word' id='word_1_372' title='bbox 1348 3441 1682 3512; x_wconf 75' lang='grc' dir='ltr'><strong>ὁμοιότητος⁸</strong></span> <span class='ocrx_word' id='word_1_373' title='bbox 1719 3441 1813 3494; x_wconf 75' lang='grc' dir='ltr'><strong>καὶ</strong></span> <span class='ocrx_word' id='word_1_374' title='bbox 1851 3441 1989 3513; x_wconf 84' lang='grc' dir='ltr'>γρά-</span> 
     </span>
    </p>
   </div>
   <div class='ocr_carea' id='block_1_52' title="bbox 406 3530 1988 3604">
    <p class='ocr_par' dir='ltr' id='par_1_52' title="bbox 406 3530 1988 3604">
     <span class='ocr_line' id='line_1_52' title="bbox 406 3530 1988 3604; baseline 0.004 -23"><span class='ocrx_word' id='word_1_375' title='bbox 406 3530 551 3599; x_wconf 78' lang='grc' dir='ltr'>ψατε</span> <span class='ocrx_word' id='word_1_376' title='bbox 576 3531 769 3597; x_wconf 74' lang='grc' dir='ltr'>οὕτως,</span> <span class='ocrx_word' id='word_1_377' title='bbox 820 3533 903 3586; x_wconf 81' lang='grc' dir='ltr'>ὅτι</span> <span class='ocrx_word' id='word_1_378' title='bbox 936 3531 1004 3585; x_wconf 79' lang='grc' dir='ltr'><strong>Εἴ</strong></span> <span class='ocrx_word' id='word_1_379' title='bbox 1023 3549 1108 3597; x_wconf 88' lang='grc' dir='ltr'><strong>τις</strong></span> <span class='ocrx_word' id='word_1_380' title='bbox 1145 3533 1218 3603; x_wconf 83' lang='grc' dir='ltr'><strong>μὴ</strong></span> <span class='ocrx_word' id='word_1_381' title='bbox 1244 3531 1387 3586; x_wconf 84' lang='grc' dir='ltr'>κατὰ</span> <span class='ocrx_word' id='word_1_382' title='bbox 1410 3532 1585 3586; x_wconf 84' lang='grc' dir='ltr'>πάντα</span> <span class='ocrx_word' id='word_1_383' title='bbox 1626 3531 1775 3602; x_wconf 85' lang='grc' dir='ltr'>λέγοι</span> <span class='ocrx_word' id='word_1_384' title='bbox 1803 3534 1988 3604; x_wconf 88' lang='grc' dir='ltr'>ὅμοιον</span> 
     </span>
    </p>
   </div>
   <div class='ocr_carea' id='block_1_53' title="bbox 406 3622 1989 3696">
    <p class='ocr_par' dir='ltr' id='par_1_53' title="bbox 406 3622 1989 3696">
     <span class='ocr_line' id='line_1_53' title="bbox 406 3622 1989 3696; baseline 0.002 -21"><span class='ocrx_word' id='word_1_385' title='bbox 406 3622 501 3675; x_wconf 80' lang='grc' dir='ltr'><strong>τὸν</strong></span> <span class='ocrx_word' id='word_1_386' title='bbox 531 3622 657 3676; x_wconf 81' lang='grc' dir='ltr'>Υίδν</span> <span class='ocrx_word' id='word_1_387' title='bbox 681 3622 761 3693; x_wconf 84' lang='grc' dir='ltr'>τῷ</span> <span class='ocrx_word' id='word_1_388' title='bbox 790 3625 986 3694; x_wconf 76' lang='grc' dir='ltr'>Πατρὶ,</span> <span class='ocrx_word' id='word_1_389' title='bbox 1019 3623 1094 3688; x_wconf 84' lang='grc' dir='ltr'><strong>ὡς</strong></span> <span class='ocrx_word' id='word_1_390' title='bbox 1130 3624 1244 3676; x_wconf 78' lang='grc' dir='ltr'>υἱὸν</span> <span class='ocrx_word' id='word_1_391' title='bbox 1294 3623 1479 3695; x_wconf 77' lang='grc' dir='ltr'>πατρὶ,</span> <span class='ocrx_word' id='word_1_392' title='bbox 1532 3623 1671 3676; x_wconf 84' lang='grc' dir='ltr'><strong>ἀλλὰ</strong></span> <span class='ocrx_word' id='word_1_393' title='bbox 1716 3625 1854 3679; x_wconf 87' lang='grc' dir='ltr'>κατὰ</span> <span class='ocrx_word' id='word_1_394' title='bbox 1887 3625 1989 3696; x_wconf 85' lang='grc' dir='ltr'>μὲν</span> 
     </span>
    </p>
   </div>
   <div class='ocr_carea' id='block_1_54' title="bbox 410 3714 1987 3787">
    <p class='ocr_par' dir='ltr' id='par_1_54' title="bbox 410 3714 1987 3787">
     <span class='ocr_line' id='line_1_54' title="bbox 410 3714 1987 3787; baseline 0.003 -21"><span class='ocrx_word' id='word_1_395' title='bbox 410 3714 668 3784; x_wconf 72' lang='grc' dir='ltr'>βούλησιν</span> <span class='ocrx_word' id='word_1_396' title='bbox 697 3715 848 3785; x_wconf 84' lang='grc' dir='ltr'>λέγοι</span> <span class='ocrx_word' id='word_1_397' title='bbox 875 3716 1080 3785; x_wconf 83' lang='grc' dir='ltr'>ὅμοιον,</span> <span class='ocrx_word' id='word_1_398' title='bbox 1121 3715 1264 3770; x_wconf 82' lang='grc' dir='ltr'><strong>κατὰ</strong></span> <span class='ocrx_word' id='word_1_399' title='bbox 1296 3715 1354 3768; x_wconf 83' lang='grc' dir='ltr'><strong>δὲ</strong></span> <span class='ocrx_word' id='word_1_400' title='bbox 1377 3714 1475 3786; x_wconf 83' lang='grc' dir='ltr'>τὴν</span> <span class='ocrx_word' id='word_1_401' title='bbox 1502 3715 1691 3771; x_wconf 87' lang='grc' dir='ltr'>οὐσίαν</span> <span class='ocrx_word' id='word_1_402' title='bbox 1716 3716 1987 3787; x_wconf 80' lang='grc' dir='ltr'>ἀνόμοιον,</span> 
     </span>
    </p>
   </div>
   <div class='ocr_carea' id='block_1_55' title="bbox 408 3802 1987 3875">
    <p class='ocr_par' dir='ltr' id='par_1_55' title="bbox 408 3802 1987 3875">
     <span class='ocr_line' id='line_1_55' title="bbox 408 3802 1987 3875; baseline 0.002 -19"><span class='ocrx_word' id='word_1_403' title='bbox 408 3804 660 3874; x_wconf 80' lang='grc' dir='ltr'>ἀνάθεμα</span> <span class='ocrx_word' id='word_1_404' title='bbox 694 3804 857 3858; x_wconf 77' lang='grc' dir='ltr'>ἔστω.</span> <span class='ocrx_word' id='word_1_405' title='bbox 887 3804 997 3857; x_wconf 80' lang='grc' dir='ltr'><strong>Καὶ</strong></span> <span class='ocrx_word' id='word_1_406' title='bbox 1037 3804 1175 3875; x_wconf 86' lang='grc' dir='ltr'>μετὰ</span> <span class='ocrx_word' id='word_1_407' title='bbox 1206 3802 1381 3857; x_wconf 80' lang='grc' dir='ltr'>ταῦτα</span> <span class='ocrx_word' id='word_1_408' title='bbox 1409 3805 1460 3857; x_wconf 84' lang='grc' dir='ltr'>εἰ</span> <span class='ocrx_word' id='word_1_409' title='bbox 1489 3804 1769 3875; x_wconf 79' lang='grc' dir='ltr'>βούλονται</span> <span class='ocrx_word' id='word_1_410' title='bbox 1801 3806 1987 3868; x_wconf 87' lang='grc' dir='ltr'>οὐσίας</span> 
     </span>
    </p>
   </div>
   <div class='ocr_carea' id='block_1_56' title="bbox 409 3892 1987 3967">
    <p class='ocr_par' dir='ltr' id='par_1_56' title="bbox 409 3892 1987 3967">
     <span class='ocr_line' id='line_1_56' title="bbox 409 3892 1987 3967; baseline 0.001 -21"><span class='ocrx_word' id='word_1_411' title='bbox 409 3895 672 3967; x_wconf 63' lang='grc' dir='ltr'>ὀνόματος</span> <span class='ocrx_word' id='word_1_412' title='bbox 716 3894 1046 3966; x_wconf 78' lang='grc' dir='ltr'>μεμνῆσθαι,</span> <span class='ocrx_word' id='word_1_413' title='bbox 1080 3896 1175 3948; x_wconf 75' lang='grc' dir='ltr'><strong>καὶ</strong></span> <span class='ocrx_word' id='word_1_414' title='bbox 1210 3892 1462 3948; x_wconf 81' lang='grc' dir='ltr'>ἀθετοῢσι</span> <span class='ocrx_word' id='word_1_415' title='bbox 1494 3896 1592 3959; x_wconf 86' lang='grc' dir='ltr'>τὰς</span> <span class='ocrx_word' id='word_1_416' title='bbox 1619 3894 1827 3950; x_wconf 80' lang='grc' dir='ltr'>ἑαυτῶν</span> <span class='ocrx_word' id='word_1_417' title='bbox 1851 3895 1987 3948; x_wconf 84' lang='grc' dir='ltr'>ὐπο-</span> 
     </span>
    </p>
   </div>
   <div class='ocr_carea' id='block_1_57' title="bbox 409 3986 1990 4059">
    <p class='ocr_par' dir='ltr' id='par_1_57' title="bbox 409 3986 1990 4059">
     <span class='ocr_line' id='line_1_57' title="bbox 409 3986 1990 4059; baseline 0.001 -19"><span class='ocrx_word' id='word_1_418' title='bbox 409 3988 651 4059; x_wconf 79' lang='grc' dir='ltr'>γραφὰς,</span> <span class='ocrx_word' id='word_1_419' title='bbox 699 3987 885 4050; x_wconf 84' lang='grc' dir='ltr'>οὐσίας</span> <span class='ocrx_word' id='word_1_420' title='bbox 934 3986 1209 4057; x_wconf 85' lang='grc' dir='ltr'>πανταχοῦ</span> <span class='ocrx_word' id='word_1_421' title='bbox 1254 3986 1744 4057; x_wconf 83' lang='grc' dir='ltr'>μνημονεύσαντες,</span> <span class='ocrx_word' id='word_1_422' title='bbox 1787 3987 1881 4040; x_wconf 78' lang='grc' dir='ltr'>καὶ</span> <span class='ocrx_word' id='word_1_423' title='bbox 1918 3987 1990 4041; x_wconf 81' lang='grc' dir='ltr'>τὰ</span> 
     </span>
    </p>
   </div>
   <div class='ocr_carea' id='block_1_58' title="bbox 407 4074 1986 4149">
    <p class='ocr_par' dir='ltr' id='par_1_58' title="bbox 407 4074 1986 4149">
     <span class='ocr_line' id='line_1_58' title="bbox 407 4074 1986 4149; baseline -0.001 -20"><span class='ocrx_word' id='word_1_424' title='bbox 407 4077 522 4131; x_wconf 85' lang='grc' dir='ltr'>τῶν</span> <span class='ocrx_word' id='word_1_425' title='bbox 563 4077 822 4149; x_wconf 85' lang='grc' dir='ltr'>Πατέρων</span> <span class='ocrx_word' id='word_1_426' title='bbox 870 4076 1324 4147; x_wconf 80' lang='grc' dir='ltr'>ὁμολογείτωσαν,</span> <span class='ocrx_word' id='word_1_427' title='bbox 1384 4074 1462 4145; x_wconf 85' lang='grc' dir='ltr'>μὴ</span> <span class='ocrx_word' id='word_1_428' title='bbox 1513 4075 1671 4144; x_wconf 90' lang='grc' dir='ltr'>μόνον</span> <span class='ocrx_word' id='word_1_429' title='bbox 1709 4074 1851 4128; x_wconf 81' lang='grc' dir='ltr'>κατὰ</span> <span class='ocrx_word' id='word_1_430' title='bbox 1888 4075 1986 4146; x_wconf 83' lang='grc' dir='ltr'><strong>τὴν</strong></span> 
     </span>
    </p>
   </div>
   <div class='ocr_carea' id='block_1_59' title="bbox 411 4159 1983 4238">
    <p class='ocr_par' dir='ltr' id='par_1_59' title="bbox 411 4159 1983 4238">
     <span class='ocr_line' id='line_1_59' title="bbox 411 4159 1983 4238; baseline -0.003 -18"><span class='ocrx_word' id='word_1_431' title='bbox 411 4167 687 4238; x_wconf 74' lang='grc' dir='ltr'>βούλησιν,</span> <span class='ocrx_word' id='word_1_432' title='bbox 732 4165 868 4221; x_wconf 81' lang='grc' dir='ltr'><strong>ἀλλὰ</strong></span> <span class='ocrx_word' id='word_1_433' title='bbox 900 4165 1042 4220; x_wconf 86' lang='grc' dir='ltr'>κατὰ</span> <span class='ocrx_word' id='word_1_434' title='bbox 1068 4165 1128 4218; x_wconf 85' lang='grc' dir='ltr'><strong>τὸ</strong></span> <span class='ocrx_word' id='word_1_435' title='bbox 1158 4159 1317 4230; x_wconf 84' lang='grc' dir='ltr'>εἶναι,</span> <span class='ocrx_word' id='word_1_436' title='bbox 1370 4165 1463 4218; x_wconf 72' lang='grc' dir='ltr'>καὶ</span> <span class='ocrx_word' id='word_1_437' title='bbox 1490 4164 1631 4218; x_wconf 78' lang='grc' dir='ltr'>κατὰ</span> <span class='ocrx_word' id='word_1_438' title='bbox 1669 4163 1983 4233; x_wconf 80' lang='grc' dir='ltr'>ὑφεστάναι,</span> 
     </span>
    </p>
   </div>
   <div class='ocr_carea' id='block_1_60' title="bbox 407 4255 1985 4328">
    <p class='ocr_par' dir='ltr' id='par_1_60' title="bbox 407 4255 1985 4328">
     <span class='ocr_line' id='line_1_60' title="bbox 407 4255 1985 4328; baseline -0.003 -15"><span class='ocrx_word' id='word_1_439' title='bbox 407 4261 507 4313; x_wconf 76' lang='grc' dir='ltr'><strong>καὶ</strong></span> <span class='ocrx_word' id='word_1_440' title='bbox 548 4258 689 4313; x_wconf 76' lang='grc' dir='ltr'>κατὰ</span> <span class='ocrx_word' id='word_1_441' title='bbox 729 4258 788 4311; x_wconf 88' lang='grc' dir='ltr'><strong>τὸ</strong></span> <span class='ocrx_word' id='word_1_442' title='bbox 834 4258 1100 4328; x_wconf 82' lang='grc' dir='ltr'>ὑπάρχειν</span> <span class='ocrx_word' id='word_1_443' title='bbox 1131 4256 1270 4309; x_wconf 81' lang='grc' dir='ltr'>κατὰ</span> <span class='ocrx_word' id='word_1_444' title='bbox 1298 4255 1477 4309; x_wconf 86' lang='grc' dir='ltr'>πάντα</span> <span class='ocrx_word' id='word_1_445' title='bbox 1515 4255 1771 4320; x_wconf 81' lang='grc' dir='ltr'>καθάπαξ</span> <span class='ocrx_word' id='word_1_446' title='bbox 1798 4257 1985 4327; x_wconf 86' lang='grc' dir='ltr'>ὅμοιον</span> 
     </span>
    </p>
   </div>
   <div class='ocr_carea' id='block_1_61' title="bbox 408 4345 1985 4420">
    <p class='ocr_par' dir='ltr' id='par_1_61' title="bbox 408 4345 1985 4420">
     <span class='ocr_line' id='line_1_61' title="bbox 408 4345 1985 4420; baseline -0.003 -16"><span class='ocrx_word' id='word_1_447' title='bbox 408 4347 548 4411; x_wconf 77' lang='grc' dir='ltr'>εἶναι</span> <span class='ocrx_word' id='word_1_448' title='bbox 576 4350 668 4404; x_wconf 79' lang='grc' dir='ltr'>τὸν</span> <span class='ocrx_word' id='word_1_449' title='bbox 699 4350 828 4403; x_wconf 84' lang='grc' dir='ltr'>Υἰὸν</span> <span class='ocrx_word' id='word_1_450' title='bbox 856 4349 1052 4420; x_wconf 72' lang='lat' dir='ltr'><strong>[lat-pl,</strong></span> <span class='ocrx_word' id='word_1_451' title='bbox 1084 4347 1160 4411; x_wconf 81' lang='grc' dir='ltr'>ὡς</span> <span class='ocrx_word' id='word_1_452' title='bbox 1186 4347 1299 4417; x_wconf 82' lang='grc' dir='ltr'>υἱὸν</span> <span class='ocrx_word' id='word_1_453' title='bbox 1328 4348 1517 4418; x_wconf 84' lang='grc' dir='ltr'>πατρὶ,</span> <span class='ocrx_word' id='word_1_454' title='bbox 1544 4345 1726 4411; x_wconf 86' lang='grc' dir='ltr'>καθὼς</span> <span class='ocrx_word' id='word_1_455' title='bbox 1756 4348 1812 4400; x_wconf 87' lang='grc' dir='ltr'>αἱ</span> <span class='ocrx_word' id='word_1_456' title='bbox 1844 4346 1985 4400; x_wconf 86' lang='grc' dir='ltr'>θεῖαι</span> 
     </span>
    </p>
   </div>
   <div class='ocr_carea' id='block_1_62' title="bbox 406 4441 957 4514">
    <p class='ocr_par' dir='ltr' id='par_1_62' title="bbox 406 4441 957 4514">
     <span class='ocr_line' id='line_1_62' title="bbox 406 4441 957 4514; baseline -0.002 -18"><span class='ocrx_word' id='word_1_457' title='bbox 406 4443 629 4511; x_wconf 68' lang='grc' dir='ltr'>λέγουσι</span> <span class='ocrx_word' id='word_1_458' title='bbox 658 4441 893 4514; x_wconf 83' lang='grc' dir='ltr'>Γραφαί.</span> <span class='ocrx_word' id='word_1_459' title='bbox 952 4470 957 4475; x_wconf 83' lang='lat'><strong><em>~</em></strong></span> 
     </span>
    </p>
   </div>
   <div class='ocr_carea' id='block_1_63' title="bbox 2088 1978 3669 2054">
    <p class='ocr_par' dir='ltr' id='par_1_63' title="bbox 2088 1978 3669 2054">
     <span class='ocr_line' id='line_1_63' title="bbox 2088 1978 3669 2054; baseline -0.004 -15"><span class='ocrx_word' id='word_1_460' title='bbox 2088 1984 2185 2039; x_wconf 88' lang='lat' dir='ltr'><strong>sed</strong></span> <span class='ocrx_word' id='word_1_461' title='bbox 2206 1991 2561 2054; x_wconf 87' lang='lat' dir='ltr'><strong>potestatem:</strong></span> <span class='ocrx_word' id='word_1_462' title='bbox 2591 1998 2713 2051; x_wconf 73' lang='lat' dir='ltr'><strong>quae</strong></span> <span class='ocrx_word' id='word_1_463' title='bbox 2728 1980 2924 2035; x_wconf 85' lang='lat' dir='ltr'><strong>Filium</strong></span> <span class='ocrx_word' id='word_1_464' title='bbox 2937 1988 3062 2036; x_wconf 87' lang='lat' dir='ltr'><strong>ante</strong></span> <span class='ocrx_word' id='word_1_465' title='bbox 3084 1981 3280 2035; x_wconf 63' lang='lat' dir='ltr'><strong>satcula</strong></span> <span class='ocrx_word' id='word_1_466' title='bbox 3297 1982 3480 2035; x_wconf 89' lang='lat' dir='ltr'><strong>omnia</strong></span> <span class='ocrx_word' id='word_1_467' title='bbox 3503 1978 3669 2034; x_wconf 88' lang='lat' dir='ltr'><strong>Deum</strong></span> 
     </span>
    </p>
   </div>
   <div class='ocr_carea' id='block_1_64' title="bbox 2092 2071 3673 2145">
    <p class='ocr_par' dir='ltr' id='par_1_64' title="bbox 2092 2071 3673 2145">
     <span class='ocr_line' id='line_1_64' title="bbox 2092 2071 3673 2145; baseline -0.004 -14"><span class='ocrx_word' id='word_1_468' title='bbox 2092 2075 2323 2132; x_wconf 84' lang='lat' dir='ltr'><strong>Verbum</strong></span> <span class='ocrx_word' id='word_1_469' title='bbox 2360 2075 2640 2145; x_wconf 80' lang='lat' dir='ltr'><strong>produxit,</strong></span> <span class='ocrx_word' id='word_1_470' title='bbox 2667 2073 2762 2145; x_wconf 87' lang='lat' dir='ltr'><strong>qui</strong></span> <span class='ocrx_word' id='word_1_471' title='bbox 2816 2071 3180 2128; x_wconf 87' lang='lat' dir='ltr'><strong>substantiam</strong></span> <span class='ocrx_word' id='word_1_472' title='bbox 3220 2071 3366 2124; x_wconf 89' lang='lat' dir='ltr'><strong>illam</strong></span> <span class='ocrx_word' id='word_1_473' title='bbox 3415 2085 3479 2124; x_wconf 89' lang='lat' dir='ltr'><strong>ac</strong></span> <span class='ocrx_word' id='word_1_474' title='bbox 3524 2077 3673 2141; x_wconf 90' lang='lat' dir='ltr'><strong>pote-</strong></span> 
     </span>
    </p>
   </div>
   <div class='ocr_carea' id='block_1_65' title="bbox 2087 2160 3671 2225">
    <p class='ocr_par' dir='ltr' id='par_1_65' title="bbox 2087 2160 3671 2225">
     <span class='ocr_line' id='line_1_65' title="bbox 2087 2160 3671 2225; baseline -0.005 -3"><span class='ocrx_word' id='word_1_475' title='bbox 2087 2174 2281 2223; x_wconf 88' lang='lat' dir='ltr'><strong>statem</strong></span> <span class='ocrx_word' id='word_1_476' title='bbox 2307 2166 2413 2225; x_wconf 89' lang='lat' dir='ltr'><strong>sibi</strong></span> <span class='ocrx_word' id='word_1_477' title='bbox 2447 2167 2502 2220; x_wconf 90' lang='lat' dir='ltr'><strong>in</strong></span> <span class='ocrx_word' id='word_1_478' title='bbox 2530 2174 2794 2220; x_wconf 64' lang='lat' dir='ltr'><strong>aeternum</strong></span> <span class='ocrx_word' id='word_1_479' title='bbox 2819 2162 3274 2219; x_wconf 87' lang='lat' dir='ltr'><strong>communicatam</strong></span> <span class='ocrx_word' id='word_1_480' title='bbox 3298 2160 3353 2214; x_wconf 91' lang='lat' dir='ltr'><strong>in</strong></span> <span class='ocrx_word' id='word_1_481' title='bbox 3387 2175 3508 2215; x_wconf 88' lang='lat' dir='ltr'><strong>sese</strong></span> <span class='ocrx_word' id='word_1_482' title='bbox 3536 2175 3671 2214; x_wconf 74' lang='lat' dir='ltr'><strong>con-</strong></span> 
     </span>
    </p>
   </div>
   <div class='ocr_carea' id='block_1_66' title="bbox 2089 2251 3662 2327">
    <p class='ocr_par' dir='ltr' id='par_1_66' title="bbox 2089 2251 3662 2327">
     <span class='ocr_line' id='line_1_66' title="bbox 2089 2251 3662 2327; baseline -0.004 -16"><span class='ocrx_word' id='word_1_483' title='bbox 2089 2259 2246 2323; x_wconf 84' lang='lat' dir='ltr'><strong>tinet,</strong></span> <span class='ocrx_word' id='word_1_484' title='bbox 2279 2277 2297 2308; x_wconf 67' lang='grc'><strong>»</strong></span> <span class='ocrx_word' id='word_1_485' title='bbox 2320 2257 2558 2327; x_wconf 87' lang='lat' dir='ltr'><strong>Pergunt</strong></span> <span class='ocrx_word' id='word_1_486' title='bbox 2578 2258 2773 2310; x_wconf 90' lang='lat' dir='ltr'><strong>iterum</strong></span> <span class='ocrx_word' id='word_1_487' title='bbox 2809 2273 2821 2309; x_wconf 92' lang='lat'>:</span> <span class='ocrx_word' id='word_1_488' title='bbox 2864 2273 2883 2306; x_wconf 78' lang='grc' dir='ltr'><strong>ι</strong></span> <span class='ocrx_word' id='word_1_489' title='bbox 2917 2253 2973 2308; x_wconf 90' lang='lat' dir='ltr'><strong>Si</strong></span> <span class='ocrx_word' id='word_1_490' title='bbox 2992 2251 3173 2308; x_wconf 88' lang='lat' dir='ltr'><strong>Patris</strong></span> <span class='ocrx_word' id='word_1_491' title='bbox 3200 2251 3521 2305; x_wconf 87' lang='lat' dir='ltr'><strong>vocabulum</strong></span> <span class='ocrx_word' id='word_1_492' title='bbox 3540 2251 3662 2305; x_wconf 83' lang='lat' dir='ltr'><strong>sub-</strong></span> 
     </span>
    </p>
   </div>
   <div class='ocr_carea' id='block_1_67' title="bbox 2000 2342 3669 2419">
    <p class='ocr_par' dir='ltr' id='par_1_67' title="bbox 2000 2342 3669 2419">
     <span class='ocr_line' id='line_1_67' title="bbox 2000 2342 3669 2419; baseline -0.01 -13"><span class='ocrx_word' id='word_1_493' title='bbox 2000 2379 2007 2385; x_wconf 86' lang='lat'><strong>-</strong></span> <span class='ocrx_word' id='word_1_494' title='bbox 2087 2350 2343 2406; x_wconf 87' lang='lat' dir='ltr'><strong>stantiam</strong></span> <span class='ocrx_word' id='word_1_495' title='bbox 2394 2347 2721 2419; x_wconf 84' lang='lat' dir='ltr'><strong>signiﬁcare,</strong></span> <span class='ocrx_word' id='word_1_496' title='bbox 2748 2360 2860 2401; x_wconf 86' lang='lat' dir='ltr'><strong>non</strong></span> <span class='ocrx_word' id='word_1_497' title='bbox 2894 2351 3217 2415; x_wconf 89' lang='lat' dir='ltr'><strong>potestatem</strong></span> <span class='ocrx_word' id='word_1_498' title='bbox 3259 2343 3448 2405; x_wconf 86' lang='lat' dir='ltr'><strong>velint,</strong></span> <span class='ocrx_word' id='word_1_499' title='bbox 3480 2342 3669 2396; x_wconf 83' lang='lat' dir='ltr'><strong>eadem</strong></span> 
     </span>
    </p>
   </div>
   <div class='ocr_carea' id='block_1_68' title="bbox 2087 2433 3672 2514">
    <p class='ocr_par' dir='ltr' id='par_1_68' title="bbox 2087 2433 3672 2514">
     <span class='ocr_line' id='line_1_68' title="bbox 2087 2433 3672 2514; baseline -0.009 -15"><span class='ocrx_word' id='word_1_500' title='bbox 2087 2444 2215 2514; x_wconf 84' lang='lat' dir='ltr'><strong>ipsa</strong></span> <span class='ocrx_word' id='word_1_501' title='bbox 2245 2441 2424 2496; x_wconf 88' lang='lat' dir='ltr'><strong>Patris</strong></span> <span class='ocrx_word' id='word_1_502' title='bbox 2467 2455 2600 2497; x_wconf 85' lang='lat' dir='ltr'><strong>voce</strong></span> <span class='ocrx_word' id='word_1_503' title='bbox 2630 2437 2907 2510; x_wconf 85' lang='lat' dir='ltr'><strong>Unigeniti</strong></span> <span class='ocrx_word' id='word_1_504' title='bbox 2950 2450 3169 2508; x_wconf 90' lang='lat' dir='ltr'><strong>quoque</strong></span> <span class='ocrx_word' id='word_1_505' title='bbox 3212 2446 3498 2506; x_wconf 86' lang='lat' dir='ltr'><strong>personam</strong></span> <span class='ocrx_word' id='word_1_506' title='bbox 3546 2433 3672 2486; x_wconf 87' lang='lat' dir='ltr'><strong>licet</strong></span> 
     </span>
    </p>
   </div>
   <div class='ocr_carea' id='block_1_69' title="bbox 2089 2533 2436 2605">
    <p class='ocr_par' dir='ltr' id='par_1_69' title="bbox 2089 2533 2436 2605">
     <span class='ocr_line' id='line_1_69' title="bbox 2089 2533 2436 2605; baseline -0.012 -17"><span class='ocrx_word' id='word_1_507' title='bbox 2089 2533 2381 2605; x_wconf 88' lang='lat' dir='ltr'><strong>appellent.</strong></span> <span class='ocrx_word' id='word_1_508' title='bbox 2418 2551 2436 2584; x_wconf 72' lang='grc' dir='ltr'><strong>ι</strong></span> 
     </span>
    </p>
   </div>
   <div class='ocr_carea' id='block_1_70' title="bbox 2157 2614 3671 2680">
    <p class='ocr_par' dir='ltr' id='par_1_70' title="bbox 2157 2614 3671 2680">
     <span class='ocr_line' id='line_1_70' title="bbox 2157 2614 3671 2680; baseline -0.012 -1"><span class='ocrx_word' id='word_1_509' title='bbox 2157 2623 2323 2679; x_wconf 81' lang='lat' dir='ltr'><strong>XXII.</strong></span> <span class='ocrx_word' id='word_1_510' title='bbox 2358 2623 2464 2680; x_wconf 90' lang='lat' dir='ltr'><strong>Sed</strong></span> <span class='ocrx_word' id='word_1_511' title='bbox 2506 2623 2768 2679; x_wconf 88' lang='lat' dir='ltr'><strong>adversus</strong></span> <span class='ocrx_word' id='word_1_512' title='bbox 2813 2636 2984 2676; x_wconf 87' lang='lat' dir='ltr'><strong>novos</strong></span> <span class='ocrx_word' id='word_1_513' title='bbox 3023 2620 3160 2675; x_wconf 88' lang='lat' dir='ltr'><strong>istos</strong></span> <span class='ocrx_word' id='word_1_514' title='bbox 3193 2616 3478 2673; x_wconf 63' lang='lat' dir='ltr'><strong>hereticos</strong></span> <span class='ocrx_word' id='word_1_515' title='bbox 3524 2614 3671 2669; x_wconf 79' lang='lat' dir='ltr'><strong>hune</strong></span> 
     </span>
    </p>
   </div>
   <div class='ocr_carea' id='block_1_71' title="bbox 2089 2707 3673 2786">
    <p class='ocr_par' dir='ltr' id='par_1_71' title="bbox 2089 2707 3673 2786">
     <span class='ocr_line' id='line_1_71' title="bbox 2089 2707 3673 2786; baseline -0.008 -14"><span class='ocrx_word' id='word_1_516' title='bbox 2089 2719 2146 2772; x_wconf 92' lang='lat' dir='ltr'><strong>in</strong></span> <span class='ocrx_word' id='word_1_517' title='bbox 2194 2717 2414 2772; x_wconf 89' lang='lat' dir='ltr'><strong>modum</strong></span> <span class='ocrx_word' id='word_1_518' title='bbox 2460 2715 2863 2786; x_wconf 85' lang='lat' dir='ltr'><strong>disputabimus</strong></span> <span class='ocrx_word' id='word_1_519' title='bbox 2903 2732 2918 2768; x_wconf 90' lang='lat'><strong>:</strong></span> <span class='ocrx_word' id='word_1_520' title='bbox 2976 2712 3249 2783; x_wconf 89' lang='lat' dir='ltr'><strong>Scriptum</strong></span> <span class='ocrx_word' id='word_1_521' title='bbox 3306 2725 3337 2764; x_wconf 88' lang='lat' dir='ltr'><strong>a</strong></span> <span class='ocrx_word' id='word_1_522' title='bbox 3386 2707 3540 2761; x_wconf 87' lang='lat' dir='ltr'><strong>vobis</strong></span> <span class='ocrx_word' id='word_1_523' title='bbox 3587 2711 3673 2761; x_wconf 83' lang='lat' dir='ltr'><strong>est</strong></span> 
     </span>
    </p>
   </div>
   <div class='ocr_carea' id='block_1_72' title="bbox 2089 2797 3672 2871">
    <p class='ocr_par' dir='ltr' id='par_1_72' title="bbox 2089 2797 3672 2871">
     <span class='ocr_line' id='line_1_72' title="bbox 2089 2797 3672 2871; baseline -0.009 -6"><span class='ocrx_word' id='word_1_524' title='bbox 2089 2810 2320 2865; x_wconf 89' lang='lat' dir='ltr'><strong>similem</strong></span> <span class='ocrx_word' id='word_1_525' title='bbox 2348 2823 2471 2864; x_wconf 88' lang='lat' dir='ltr'><strong>esse</strong></span> <span class='ocrx_word' id='word_1_526' title='bbox 2497 2809 2779 2863; x_wconf 87' lang='lat' dir='ltr'><strong>voluntate</strong></span> <span class='ocrx_word' id='word_1_527' title='bbox 2815 2805 3036 2871; x_wconf 85' lang='lat' dir='ltr'><strong>Filium,</strong></span> <span class='ocrx_word' id='word_1_528' title='bbox 3072 2802 3377 2860; x_wconf 86' lang='lat' dir='ltr'><strong>substantia</strong></span> <span class='ocrx_word' id='word_1_529' title='bbox 3428 2797 3672 2854; x_wconf 83' lang='lat' dir='ltr'><strong>dissimi—</strong></span> 
     </span>
    </p>
   </div>
   <div class='ocr_carea' id='block_1_73' title="bbox 2089 2891 3673 2966">
    <p class='ocr_par' dir='ltr' id='par_1_73' title="bbox 2089 2891 3673 2966">
     <span class='ocr_line' id='line_1_73' title="bbox 2089 2891 3673 2966; baseline -0.007 -13"><span class='ocrx_word' id='word_1_530' title='bbox 2089 2900 2192 2953; x_wconf 84' lang='lat' dir='ltr'><strong>lem</strong></span> <span class='ocrx_word' id='word_1_531' title='bbox 2220 2917 2235 2954; x_wconf 90' lang='lat'>:</span> <span class='ocrx_word' id='word_1_532' title='bbox 2272 2899 2415 2953; x_wconf 89' lang='lat' dir='ltr'><strong>unde</strong></span> <span class='ocrx_word' id='word_1_533' title='bbox 2440 2898 2571 2952; x_wconf 91' lang='lat' dir='ltr'><strong>illud</strong></span> <span class='ocrx_word' id='word_1_534' title='bbox 2601 2906 2791 2952; x_wconf 90' lang='lat' dir='ltr'><strong>contra</strong></span> <span class='ocrx_word' id='word_1_535' title='bbox 2818 2897 3162 2966; x_wconf 87' lang='lat' dir='ltr'><strong>scripsimus,</strong></span> <span class='ocrx_word' id='word_1_536' title='bbox 3187 2908 3304 2948; x_wconf 81' lang='lat' dir='ltr'><strong>non</strong></span> <span class='ocrx_word' id='word_1_537' title='bbox 3334 2892 3450 2948; x_wconf 88' lang='lat' dir='ltr'><strong>sola</strong></span> <span class='ocrx_word' id='word_1_538' title='bbox 3475 2891 3673 2945; x_wconf 89' lang='lat' dir='ltr'><strong>volun-</strong></span> 
     </span>
    </p>
   </div>
   <div class='ocr_carea' id='block_1_74' title="bbox 2091 2980 3672 3049">
    <p class='ocr_par' dir='ltr' id='par_1_74' title="bbox 2091 2980 3672 3049">
     <span class='ocr_line' id='line_1_74' title="bbox 2091 2980 3672 3049; baseline -0.004 -10"><span class='ocrx_word' id='word_1_539' title='bbox 2091 2995 2220 3049; x_wconf 85' lang='lat' dir='ltr'><strong>tate,</strong></span> <span class='ocrx_word' id='word_1_540' title='bbox 2254 2988 2349 3042; x_wconf 85' lang='lat' dir='ltr'><strong>sed</strong></span> <span class='ocrx_word' id='word_1_541' title='bbox 2378 2995 2432 3042; x_wconf 90' lang='lat' dir='ltr'><strong>et</strong></span> <span class='ocrx_word' id='word_1_542' title='bbox 2462 2986 2771 3043; x_wconf 89' lang='lat' dir='ltr'><strong>substantia</strong></span> <span class='ocrx_word' id='word_1_543' title='bbox 2805 2986 3036 3040; x_wconf 88' lang='lat' dir='ltr'><strong>similem</strong></span> <span class='ocrx_word' id='word_1_544' title='bbox 3066 3000 3209 3039; x_wconf 89' lang='lat' dir='ltr'><strong>esse.</strong></span> <span class='ocrx_word' id='word_1_545' title='bbox 3255 2981 3525 3049; x_wconf 84' lang='lat' dir='ltr'><strong>Quoniam</strong></span> <span class='ocrx_word' id='word_1_546' title='bbox 3574 2980 3672 3049; x_wconf 64' lang='grc' dir='ltr'><strong>ἱεὶς</strong></span> 
     </span>
    </p>
   </div>
   <div class='ocr_carea' id='block_1_75' title="bbox 2090 3066 3673 3147">
    <p class='ocr_par' dir='ltr' id='par_1_75' title="bbox 2090 3066 3673 3147">
     <span class='ocr_line' id='line_1_75' title="bbox 2090 3066 3673 3147; baseline -0.005 -17"><span class='ocrx_word' id='word_1_547' title='bbox 2090 3085 2180 3130; x_wconf 81' lang='lat' dir='ltr'><strong>tur</strong></span> <span class='ocrx_word' id='word_1_548' title='bbox 2213 3076 2373 3147; x_wconf 90' lang='lat' dir='ltr'><strong>primi</strong></span> <span class='ocrx_word' id='word_1_549' title='bbox 2405 3077 2725 3132; x_wconf 67' lang='lat' dir='ltr'><strong>substantia:</strong></span> <span class='ocrx_word' id='word_1_550' title='bbox 2765 3074 3095 3130; x_wconf 90' lang='lat' dir='ltr'><strong>mentionem</strong></span> <span class='ocrx_word' id='word_1_551' title='bbox 3139 3071 3368 3135; x_wconf 83' lang='lat' dir='ltr'><strong>fecistis,</strong></span> <span class='ocrx_word' id='word_1_552' title='bbox 3399 3083 3525 3123; x_wconf 91' lang='lat' dir='ltr'><strong>cum</strong></span> <span class='ocrx_word' id='word_1_553' title='bbox 3555 3066 3673 3122; x_wconf 88' lang='lat' dir='ltr'><strong>dis-</strong></span> 
     </span>
    </p>
   </div>
   <div class='ocr_carea' id='block_1_76' title="bbox 2091 3158 3672 3232">
    <p class='ocr_par' dir='ltr' id='par_1_76' title="bbox 2091 3158 3672 3232">
     <span class='ocr_line' id='line_1_76' title="bbox 2091 3158 3672 3232; baseline -0.007 -8"><span class='ocrx_word' id='word_1_554' title='bbox 2091 3169 2320 3224; x_wconf 88' lang='lat' dir='ltr'><strong>similem</strong></span> <span class='ocrx_word' id='word_1_555' title='bbox 2356 3183 2479 3224; x_wconf 88' lang='lat' dir='ltr'><strong>esse</strong></span> <span class='ocrx_word' id='word_1_556' title='bbox 2506 3167 2813 3223; x_wconf 85' lang='lat' dir='ltr'><strong>substantia</strong></span> <span class='ocrx_word' id='word_1_557' title='bbox 2835 3163 3120 3229; x_wconf 81' lang='lat' dir='ltr'><strong>dixeritis;</strong></span> <span class='ocrx_word' id='word_1_558' title='bbox 3162 3173 3323 3232; x_wconf 82' lang='lat' dir='ltr'><strong>atque</strong></span> <span class='ocrx_word' id='word_1_559' title='bbox 3376 3158 3498 3213; x_wconf 89' lang='lat' dir='ltr'><strong>ideo</strong></span> <span class='ocrx_word' id='word_1_560' title='bbox 3539 3158 3672 3213; x_wconf 84' lang='lat' dir='ltr'><strong>sub-</strong></span> 
     </span>
    </p>
   </div>
   <div class='ocr_carea' id='block_1_77' title="bbox 2093 3254 3671 3320">
    <p class='ocr_par' dir='ltr' id='par_1_77' title="bbox 2093 3254 3671 3320">
     <span class='ocr_line' id='line_1_77' title="bbox 2093 3254 3671 3320; baseline -0.01 -3"><span class='ocrx_word' id='word_1_561' title='bbox 2093 3260 2305 3317; x_wconf 83' lang='lat' dir='ltr'><strong>stantiae</strong></span> <span class='ocrx_word' id='word_1_562' title='bbox 2335 3276 2531 3315; x_wconf 89' lang='lat' dir='ltr'><strong>nomen</strong></span> <span class='ocrx_word' id='word_1_563' title='bbox 2564 3276 2596 3315; x_wconf 90' lang='lat' dir='ltr'><strong>e</strong></span> <span class='ocrx_word' id='word_1_564' title='bbox 2625 3259 2802 3314; x_wconf 89' lang='lat' dir='ltr'><strong>medio</strong></span> <span class='ocrx_word' id='word_1_565' title='bbox 2848 3257 3039 3311; x_wconf 91' lang='lat' dir='ltr'><strong>tollere</strong></span> <span class='ocrx_word' id='word_1_566' title='bbox 3068 3254 3336 3310; x_wconf 87' lang='lat' dir='ltr'><strong>studeatis</strong></span> <span class='ocrx_word' id='word_1_567' title='bbox 3365 3272 3376 3306; x_wconf 96' lang='lat'>:</span> <span class='ocrx_word' id='word_1_568' title='bbox 3415 3268 3523 3320; x_wconf 90' lang='lat' dir='ltr'><strong>quo</strong></span> <span class='ocrx_word' id='word_1_569' title='bbox 3557 3254 3671 3303; x_wconf 85' lang='lat' dir='ltr'><strong>sola</strong></span> 
     </span>
    </p>
   </div>
   <div class='ocr_carea' id='block_1_78' title="bbox 2090 3340 3669 3410">
    <p class='ocr_par' dir='ltr' id='par_1_78' title="bbox 2090 3340 3669 3410">
     <span class='ocr_line' id='line_1_78' title="bbox 2090 3340 3669 3410; baseline -0.011 0"><span class='ocrx_word' id='word_1_570' title='bbox 2090 3354 2368 3410; x_wconf 81' lang='lat' dir='ltr'><strong>voluntate</strong></span> <span class='ocrx_word' id='word_1_571' title='bbox 2419 3352 2652 3407; x_wconf 91' lang='lat' dir='ltr'><strong>similem</strong></span> <span class='ocrx_word' id='word_1_572' title='bbox 2703 3365 2826 3405; x_wconf 91' lang='lat' dir='ltr'><strong>esse</strong></span> <span class='ocrx_word' id='word_1_573' title='bbox 2878 3346 3185 3402; x_wconf 80' lang='lat' dir='ltr'><strong>defendatis</strong></span> <span class='ocrx_word' id='word_1_574' title='bbox 3233 3342 3464 3405; x_wconf 90' lang='lat' dir='ltr'><strong>Filium,</strong></span> <span class='ocrx_word' id='word_1_575' title='bbox 3518 3340 3566 3396; x_wconf 93' lang='lat' dir='ltr'><strong>si</strong></span> <span class='ocrx_word' id='word_1_576' title='bbox 3606 3355 3669 3398; x_wconf 83' lang='lat' dir='ltr'><strong>ex</strong></span> 
     </span>
    </p>
   </div>
   <div class='ocr_carea' id='block_1_79' title="bbox 2089 3433 3673 3497">
    <p class='ocr_par' dir='ltr' id='par_1_79' title="bbox 2089 3433 3673 3497">
     <span class='ocr_line' id='line_1_79' title="bbox 2089 3433 3673 3497; baseline -0.008 -2"><span class='ocrx_word' id='word_1_577' title='bbox 2089 3442 2257 3495; x_wconf 91' lang='lat' dir='ltr'><strong>animi</strong></span> <span class='ocrx_word' id='word_1_578' title='bbox 2300 3441 2466 3497; x_wconf 87' lang='lat' dir='ltr'><strong>vestri</strong></span> <span class='ocrx_word' id='word_1_579' title='bbox 2519 3440 2788 3496; x_wconf 89' lang='lat' dir='ltr'><strong>sententia</strong></span> <span class='ocrx_word' id='word_1_580' title='bbox 2838 3437 3071 3493; x_wconf 88' lang='lat' dir='ltr'><strong>similem</strong></span> <span class='ocrx_word' id='word_1_581' title='bbox 3131 3436 3188 3489; x_wconf 92' lang='lat' dir='ltr'><strong>in</strong></span> <span class='ocrx_word' id='word_1_582' title='bbox 3238 3433 3493 3488; x_wconf 90' lang='lat' dir='ltr'><strong>omnibus</strong></span> <span class='ocrx_word' id='word_1_583' title='bbox 3550 3446 3673 3485; x_wconf 81' lang='lat' dir='ltr'><strong>esse</strong></span> 
     </span>
    </p>
   </div>
   <div class='ocr_carea' id='block_1_80' title="bbox 2088 3522 3672 3603">
    <p class='ocr_par' dir='ltr' id='par_1_80' title="bbox 2088 3522 3672 3603">
     <span class='ocr_line' id='line_1_80' title="bbox 2088 3522 3672 3603; baseline -0.009 -16"><span class='ocrx_word' id='word_1_584' title='bbox 2088 3531 2237 3587; x_wconf 91' lang='lat' dir='ltr'><strong>Patri</strong></span> <span class='ocrx_word' id='word_1_585' title='bbox 2269 3532 2438 3603; x_wconf 75' lang='lat'><strong>869</strong></span> <span class='ocrx_word' id='word_1_586' title='bbox 2462 3529 2660 3585; x_wconf 88' lang='lat' dir='ltr'><strong>Filium</strong></span> <span class='ocrx_word' id='word_1_587' title='bbox 2694 3530 2970 3592; x_wconf 88' lang='lat' dir='ltr'><strong>statuatis,</strong></span> <span class='ocrx_word' id='word_1_588' title='bbox 2999 3530 3252 3583; x_wconf 84' lang='lat' dir='ltr'><strong>damnate</strong></span> <span class='ocrx_word' id='word_1_589' title='bbox 3289 3526 3413 3579; x_wconf 91' lang='lat' dir='ltr'><strong>illos</strong></span> <span class='ocrx_word' id='word_1_590' title='bbox 3443 3522 3672 3576; x_wconf 86' lang='lat' dir='ltr'><strong>anathe-</strong></span> 
     </span>
    </p>
   </div>
   <div class='ocr_carea' id='block_1_81' title="bbox 2091 3620 3673 3692">
    <p class='ocr_par' dir='ltr' id='par_1_81' title="bbox 2091 3620 3673 3692">
     <span class='ocr_line' id='line_1_81' title="bbox 2091 3620 3673 3692; baseline -0.007 -15"><span class='ocrx_word' id='word_1_591' title='bbox 2091 3631 2258 3684; x_wconf 87' lang='lat' dir='ltr'><strong>mate,</strong></span> <span class='ocrx_word' id='word_1_592' title='bbox 2306 3622 2401 3692; x_wconf 91' lang='lat' dir='ltr'><strong>qui</strong></span> <span class='ocrx_word' id='word_1_593' title='bbox 2444 3621 2819 3678; x_wconf 85' lang='lat' dir='ltr'><strong>similitudinis</strong></span> <span class='ocrx_word' id='word_1_594' title='bbox 2867 3620 3161 3674; x_wconf 89' lang='lat' dir='ltr'><strong>discrimen</strong></span> <span class='ocrx_word' id='word_1_595' title='bbox 3208 3622 3549 3687; x_wconf 87' lang='lat' dir='ltr'><strong>agnoscunt;</strong></span> <span class='ocrx_word' id='word_1_596' title='bbox 3594 3623 3673 3666; x_wconf 86' lang='lat' dir='ltr'><strong>at-</strong></span> 
     </span>
    </p>
   </div>
   <div class='ocr_carea' id='block_1_82' title="bbox 2092 3707 3671 3784">
    <p class='ocr_par' dir='ltr' id='par_1_82' title="bbox 2092 3707 3671 3784">
     <span class='ocr_line' id='line_1_82' title="bbox 2092 3707 3671 3784; baseline -0.007 -16"><span class='ocrx_word' id='word_1_597' title='bbox 2092 3730 2199 3784; x_wconf 88' lang='lat' dir='ltr'><strong>que</strong></span> <span class='ocrx_word' id='word_1_598' title='bbox 2229 3713 2299 3766; x_wconf 91' lang='lat' dir='ltr'><strong>ita</strong></span> <span class='ocrx_word' id='word_1_599' title='bbox 2331 3713 2608 3768; x_wconf 89' lang='lat' dir='ltr'><strong>scribitote</strong></span> <span class='ocrx_word' id='word_1_600' title='bbox 2635 3732 2648 3767; x_wconf 91' lang='lat'><strong>:</strong></span> <span class='ocrx_word' id='word_1_601' title='bbox 2687 3711 2743 3766; x_wconf 91' lang='lat' dir='ltr'><strong>Si</strong></span> <span class='ocrx_word' id='word_1_602' title='bbox 2774 3714 2899 3782; x_wconf 89' lang='lat' dir='ltr'><strong>quis</strong></span> <span class='ocrx_word' id='word_1_603' title='bbox 2929 3728 3039 3766; x_wconf 91' lang='lat' dir='ltr'><strong>non</strong></span> <span class='ocrx_word' id='word_1_604' title='bbox 3067 3713 3120 3765; x_wconf 93' lang='lat' dir='ltr'><strong>in</strong></span> <span class='ocrx_word' id='word_1_605' title='bbox 3153 3710 3408 3764; x_wconf 89' lang='lat' dir='ltr'><strong>omnibus</strong></span> <span class='ocrx_word' id='word_1_606' title='bbox 3442 3707 3671 3761; x_wconf 86' lang='lat' dir='ltr'><strong>similem</strong></span> 
     </span>
    </p>
   </div>
   <div class='ocr_carea' id='block_1_83' title="bbox 2091 3800 3668 3874">
    <p class='ocr_par' dir='ltr' id='par_1_83' title="bbox 2091 3800 3668 3874">
     <span class='ocr_line' id='line_1_83' title="bbox 2091 3800 3668 3874; baseline -0.006 -13"><span class='ocrx_word' id='word_1_607' title='bbox 2091 3822 2214 3861; x_wconf 88' lang='lat' dir='ltr'><strong>esse</strong></span> <span class='ocrx_word' id='word_1_608' title='bbox 2257 3804 2403 3859; x_wconf 83' lang='lat' dir='ltr'><strong>Patri</strong></span> <span class='ocrx_word' id='word_1_609' title='bbox 2448 3803 2643 3858; x_wconf 83' lang='lat' dir='ltr'><strong>Filium</strong></span> <span class='ocrx_word' id='word_1_610' title='bbox 2672 3803 2891 3866; x_wconf 81' lang='lat' dir='ltr'><strong>dixerit,</strong></span> <span class='ocrx_word' id='word_1_611' title='bbox 2926 3802 3380 3874; x_wconf 85' lang='lat' dir='ltr'><strong>quemadmodum</strong></span> <span class='ocrx_word' id='word_1_612' title='bbox 3421 3800 3561 3871; x_wconf 86' lang='lat' dir='ltr'><strong>patri</strong></span> <span class='ocrx_word' id='word_1_613' title='bbox 3591 3800 3668 3853; x_wconf 93' lang='lat' dir='ltr'><strong>si-</strong></span> 
     </span>
    </p>
   </div>
   <div class='ocr_carea' id='block_1_84' title="bbox 2092 3891 3672 3960">
    <p class='ocr_par' dir='ltr' id='par_1_84' title="bbox 2092 3891 3672 3960">
     <span class='ocr_line' id='line_1_84' title="bbox 2092 3891 3672 3960; baseline -0.005 -10"><span class='ocrx_word' id='word_1_614' title='bbox 2092 3896 2238 3951; x_wconf 90' lang='lat' dir='ltr'><strong>milis</strong></span> <span class='ocrx_word' id='word_1_615' title='bbox 2291 3906 2376 3951; x_wconf 89' lang='lat' dir='ltr'><strong>est</strong></span> <span class='ocrx_word' id='word_1_616' title='bbox 2414 3895 2586 3960; x_wconf 85' lang='lat' dir='ltr'><strong>filius;</strong></span> <span class='ocrx_word' id='word_1_617' title='bbox 2617 3895 2709 3950; x_wconf 90' lang='lat' dir='ltr'><strong>sed</strong></span> <span class='ocrx_word' id='word_1_618' title='bbox 2743 3896 3025 3950; x_wconf 80' lang='lat' dir='ltr'><strong>voluntate</strong></span> <span class='ocrx_word' id='word_1_619' title='bbox 3073 3895 3327 3957; x_wconf 87' lang='lat' dir='ltr'><strong>similem,</strong></span> <span class='ocrx_word' id='word_1_620' title='bbox 3369 3891 3672 3945; x_wconf 85' lang='lat' dir='ltr'><strong>substantia</strong></span> 
     </span>
    </p>
   </div>
   <div class='ocr_carea' id='block_1_85' title="bbox 2092 3980 3675 4049">
    <p class='ocr_par' dir='ltr' id='par_1_85' title="bbox 2092 3980 3675 4049">
     <span class='ocr_line' id='line_1_85' title="bbox 2092 3980 3675 4049; baseline -0.005 -10"><span class='ocrx_word' id='word_1_621' title='bbox 2092 3984 2412 4041; x_wconf 84' lang='lat' dir='ltr'><strong>dissimilem</strong></span> <span class='ocrx_word' id='word_1_622' title='bbox 2446 4000 2570 4040; x_wconf 87' lang='lat' dir='ltr'><strong>esse</strong></span> <span class='ocrx_word' id='word_1_623' title='bbox 2613 3984 2832 4049; x_wconf 76' lang='lat' dir='ltr'><strong>dixerit,</strong></span> <span class='ocrx_word' id='word_1_624' title='bbox 2862 3985 3148 4038; x_wconf 82' lang='lat' dir='ltr'><strong>anathema</strong></span> <span class='ocrx_word' id='word_1_625' title='bbox 3194 3984 3284 4038; x_wconf 90' lang='lat' dir='ltr'><strong>sit.</strong></span> <span class='ocrx_word' id='word_1_626' title='bbox 3329 3980 3594 4035; x_wconf 61' lang='lat' dir='ltr'><strong>Praeterea</strong></span> <span class='ocrx_word' id='word_1_627' title='bbox 3627 3981 3675 4033; x_wconf 80' lang='lat' dir='ltr'><strong>st</strong></span> 
     </span>
    </p>
   </div>
   <div class='ocr_carea' id='block_1_86' title="bbox 2092 4070 3674 4133">
    <p class='ocr_par' dir='ltr' id='par_1_86' title="bbox 2092 4070 3674 4133">
     <span class='ocr_line' id='line_1_86' title="bbox 2092 4070 3674 4133; baseline -0.005 -1"><span class='ocrx_word' id='word_1_628' title='bbox 2092 4076 2411 4132; x_wconf 73' lang='lat' dir='ltr'><strong>substantiae</strong></span> <span class='ocrx_word' id='word_1_629' title='bbox 2458 4084 2656 4131; x_wconf 86' lang='lat' dir='ltr'><strong>nomen</strong></span> <span class='ocrx_word' id='word_1_630' title='bbox 2702 4089 3131 4133; x_wconf 89' lang='lat' dir='ltr'><strong>commemorare</strong></span> <span class='ocrx_word' id='word_1_631' title='bbox 3192 4073 3392 4131; x_wconf 82' lang='lat' dir='ltr'><strong>velint.</strong></span> <span class='ocrx_word' id='word_1_632' title='bbox 3446 4085 3509 4124; x_wconf 91' lang='lat' dir='ltr'><strong>ac</strong></span> <span class='ocrx_word' id='word_1_633' title='bbox 3559 4070 3674 4124; x_wconf 87' lang='lat' dir='ltr'><strong>suis</strong></span> 
     </span>
    </p>
   </div>
   <div class='ocr_carea' id='block_1_87' title="bbox 2090 4161 3675 4241">
    <p class='ocr_par' dir='ltr' id='par_1_87' title="bbox 2090 4161 3675 4241">
     <span class='ocr_line' id='line_1_87' title="bbox 2090 4161 3675 4241; baseline -0.006 -17"><span class='ocrx_word' id='word_1_634' title='bbox 2090 4169 2335 4241; x_wconf 89' lang='lat' dir='ltr'><strong>ipsorum</strong></span> <span class='ocrx_word' id='word_1_635' title='bbox 2389 4169 2887 4239; x_wconf 87' lang='lat' dir='ltr'><strong>subscriptionibus</strong></span> <span class='ocrx_word' id='word_1_636' title='bbox 2935 4164 3224 4234; x_wconf 78' lang='lat' dir='ltr'><strong>refragari,</strong></span> <span class='ocrx_word' id='word_1_637' title='bbox 3274 4161 3415 4217; x_wconf 88' lang='lat' dir='ltr'><strong>facta</strong></span> <span class='ocrx_word' id='word_1_638' title='bbox 3475 4162 3675 4230; x_wconf 87' lang='lat' dir='ltr'><strong>ubique</strong></span> 
     </span>
    </p>
   </div>
   <div class='ocr_carea' id='block_1_88' title="bbox 2091 4250 3673 4328">
    <p class='ocr_par' dir='ltr' id='par_1_88' title="bbox 2091 4250 3673 4328">
     <span class='ocr_line' id='line_1_88' title="bbox 2091 4250 3673 4328; baseline -0.008 -13"><span class='ocrx_word' id='word_1_639' title='bbox 2091 4259 2413 4316; x_wconf 74' lang='lat' dir='ltr'><strong>substantia:</strong></span> <span class='ocrx_word' id='word_1_640' title='bbox 2456 4265 2728 4314; x_wconf 82' lang='lat' dir='ltr'><strong>mentione</strong></span> <span class='ocrx_word' id='word_1_641' title='bbox 2776 4259 2845 4313; x_wconf 90' lang='lat' dir='ltr'><strong>iis</strong></span> <span class='ocrx_word' id='word_1_642' title='bbox 2891 4271 3013 4328; x_wconf 69' lang='lat' dir='ltr'><strong>qua:</strong></span> <span class='ocrx_word' id='word_1_643' title='bbox 3047 4253 3240 4309; x_wconf 87' lang='lat' dir='ltr'><strong>Patres</strong></span> <span class='ocrx_word' id='word_1_644' title='bbox 3272 4250 3506 4322; x_wconf 86' lang='lat' dir='ltr'><strong>professi</strong></span> <span class='ocrx_word' id='word_1_645' title='bbox 3548 4262 3673 4305; x_wconf 87' lang='lat' dir='ltr'><strong>sunt</strong></span> 
     </span>
    </p>
   </div>
   <div class='ocr_carea' id='block_1_89' title="bbox 2090 4339 3672 4414">
    <p class='ocr_par' dir='ltr' id='par_1_89' title="bbox 2090 4339 3672 4414">
     <span class='ocr_line' id='line_1_89' title="bbox 2090 4339 3672 4414; baseline -0.011 -8"><span class='ocrx_word' id='word_1_646' title='bbox 2090 4355 2480 4414; x_wconf 85' lang='lat' dir='ltr'><strong>assentiamur,</strong></span> <span class='ocrx_word' id='word_1_647' title='bbox 2509 4367 2618 4406; x_wconf 92' lang='lat' dir='ltr'><strong>non</strong></span> <span class='ocrx_word' id='word_1_648' title='bbox 2647 4349 2926 4405; x_wconf 87' lang='lat' dir='ltr'><strong>voluntate</strong></span> <span class='ocrx_word' id='word_1_649' title='bbox 2969 4344 3155 4412; x_wconf 91' lang='lat' dir='ltr'><strong>modo,</strong></span> <span class='ocrx_word' id='word_1_650' title='bbox 3193 4342 3291 4399; x_wconf 90' lang='lat' dir='ltr'><strong>sed</strong></span> <span class='ocrx_word' id='word_1_651' title='bbox 3336 4348 3392 4396; x_wconf 89' lang='lat' dir='ltr'><strong>et</strong></span> <span class='ocrx_word' id='word_1_652' title='bbox 3430 4339 3575 4410; x_wconf 88' lang='lat' dir='ltr'><strong>quod</strong></span> <span class='ocrx_word' id='word_1_653' title='bbox 3607 4339 3672 4391; x_wconf 84' lang='lat' dir='ltr'><strong>ad</strong></span> 
     </span>
    </p>
   </div>
   <div class='ocr_carea' id='block_1_90' title="bbox 2088 4436 3667 4512">
    <p class='ocr_par' dir='ltr' id='par_1_90' title="bbox 2088 4436 3667 4512">
     <span class='ocr_line' id='line_1_90' title="bbox 2088 4436 3667 4512; baseline -0.011 -15"><span class='ocrx_word' id='word_1_654' title='bbox 2088 4458 2211 4499; x_wconf 90' lang='lat' dir='ltr'><strong>esse</strong></span> <span class='ocrx_word' id='word_1_655' title='bbox 2245 4444 2423 4512; x_wconf 89' lang='lat' dir='ltr'><strong>ipsum</strong></span> <span class='ocrx_word' id='word_1_656' title='bbox 2458 4441 2682 4506; x_wconf 86' lang='lat' dir='ltr'><strong>attinet,</strong></span> <span class='ocrx_word' id='word_1_657' title='bbox 2732 4453 2796 4493; x_wconf 86' lang='lat' dir='ltr'><strong>ac</strong></span> <span class='ocrx_word' id='word_1_658' title='bbox 2838 4436 3268 4499; x_wconf 84' lang='lat' dir='ltr'><strong>subsistentiam,</strong></span> <span class='ocrx_word' id='word_1_659' title='bbox 3308 4441 3362 4486; x_wconf 89' lang='lat' dir='ltr'><strong>et</strong></span> <span class='ocrx_word' id='word_1_660' title='bbox 3407 4438 3667 4485; x_wconf 73' lang='lat' dir='ltr'><strong>exsistan-</strong></span> 
     </span>
    </p>
   </div>
   <div class='ocr_carea' id='block_1_91' title="bbox 408 4524 3672 4606">
    <p class='ocr_par' dir='ltr' id='par_1_91' title="bbox 408 4524 3672 4606">
     <span class='ocr_line' id='line_1_91' title="bbox 408 4524 3672 4606; baseline -0.004 -17"><span class='ocrx_word' id='word_1_661' title='bbox 408 4538 564 4601; x_wconf 86' lang='lat' dir='ltr'><strong>tiam,</strong></span> <span class='ocrx_word' id='word_1_662' title='bbox 599 4543 763 4606; x_wconf 88' lang='lat' dir='ltr'><strong>atque</strong></span> <span class='ocrx_word' id='word_1_663' title='bbox 812 4535 866 4590; x_wconf 90' lang='lat' dir='ltr'><strong>in</strong></span> <span class='ocrx_word' id='word_1_664' title='bbox 915 4532 1168 4589; x_wconf 82' lang='lat' dir='ltr'><strong>omnibus</strong></span> <span class='ocrx_word' id='word_1_665' title='bbox 1197 4532 1432 4602; x_wconf 90' lang='lat' dir='ltr'><strong>denique</strong></span> <span class='ocrx_word' id='word_1_666' title='bbox 1469 4532 1704 4588; x_wconf 89' lang='lat' dir='ltr'><strong>similem</strong></span> <span class='ocrx_word' id='word_1_667' title='bbox 1734 4547 1858 4588; x_wconf 90' lang='lat' dir='ltr'><strong>esse</strong></span> <span class='ocrx_word' id='word_1_668' title='bbox 1885 4531 2033 4589; x_wconf 89' lang='lat' dir='ltr'><strong>Patri</strong></span> <span class='ocrx_word' id='word_1_669' title='bbox 2061 4536 2260 4593; x_wconf 90' lang='lat' dir='ltr'><strong>Filium</strong></span> <span class='ocrx_word' id='word_1_670' title='bbox 2304 4543 2590 4601; x_wconf 83' lang='lat' dir='ltr'><strong>asseram,</strong></span> <span class='ocrx_word' id='word_1_671' title='bbox 2634 4529 3092 4606; x_wconf 89' lang='lat' dir='ltr'><strong>quemadmodum</strong></span> <span class='ocrx_word' id='word_1_672' title='bbox 3135 4525 3330 4583; x_wconf 91' lang='lat' dir='ltr'><strong>similis</strong></span> <span class='ocrx_word' id='word_1_673' title='bbox 3399 4530 3484 4578; x_wconf 84' lang='lat' dir='ltr'><strong>est</strong></span> <span class='ocrx_word' id='word_1_674' title='bbox 3535 4524 3672 4592; x_wconf 83' lang='lat' dir='ltr'><strong>patri</strong></span> 
     </span>
    </p>
   </div>
   <div class='ocr_carea' id='block_1_92' title="bbox 408 4624 1451 4689">
    <p class='ocr_par' dir='ltr' id='par_1_92' title="bbox 408 4624 1451 4689">
     <span class='ocr_line' id='line_1_92' title="bbox 408 4624 1451 4689; baseline 0 -8"><span class='ocrx_word' id='word_1_675' title='bbox 408 4626 574 4689; x_wconf 77' lang='lat' dir='ltr'><strong>filius,</strong></span> <span class='ocrx_word' id='word_1_676' title='bbox 609 4628 687 4681; x_wconf 89' lang='lat' dir='ltr'><strong>uti</strong></span> <span class='ocrx_word' id='word_1_677' title='bbox 716 4640 888 4682; x_wconf 71' lang='lat' dir='ltr'><strong>sacraa</strong></span> <span class='ocrx_word' id='word_1_678' title='bbox 913 4624 1129 4681; x_wconf 63' lang='lat' dir='ltr'><strong>Litterae</strong></span> <span class='ocrx_word' id='word_1_679' title='bbox 1154 4632 1451 4682; x_wconf 90' lang='lat' dir='ltr'><strong>testantur.</strong></span> 
     </span>
    </p>
   </div>
   <div class='ocr_carea' id='block_1_93' title="bbox 481 4714 1980 4790">
    <p class='ocr_par' dir='ltr' id='par_1_93' title="bbox 481 4714 1980 4790">
     <span class='ocr_line' id='line_1_93' title="bbox 481 4714 1980 4790; baseline -0.003 -17"><span class='ocrx_word' id='word_1_680' title='bbox 481 4719 576 4783; x_wconf 81' lang='grc' dir='ltr'><strong>Εἰς</strong></span> <span class='ocrx_word' id='word_1_681' title='bbox 618 4718 716 4790; x_wconf 85' lang='grc' dir='ltr'>τὴν</span> <span class='ocrx_word' id='word_1_682' title='bbox 750 4715 1062 4770; x_wconf 78' lang='grc' dir='ltr'>ἐκτεθείσαν</span> <span class='ocrx_word' id='word_1_683' title='bbox 1108 4716 1288 4771; x_wconf 87' lang='grc' dir='ltr'>πίστιν</span> <span class='ocrx_word' id='word_1_684' title='bbox 1325 4715 1437 4788; x_wconf 75' lang='lat' dir='ltr'><strong>(Si)</strong></span> <span class='ocrx_word' id='word_1_685' title='bbox 1493 4716 1621 4790; x_wconf 77' lang='grc' dir='ltr'>περὶ</span> <span class='ocrx_word' id='word_1_686' title='bbox 1666 4714 1760 4770; x_wconf 79' lang='grc' dir='ltr'>τοῦ</span> <span class='ocrx_word' id='word_1_687' title='bbox 1796 4718 1980 4789; x_wconf 85' lang='grc' dir='ltr'>ὅμοιον</span> 
     </span>
    </p>
   </div>
   <div class='ocr_carea' id='block_1_94' title="bbox 2159 4700 3670 4786">
    <p class='ocr_par' dir='ltr' id='par_1_94' title="bbox 2159 4700 3670 4786">
     <span class='ocr_line' id='line_1_94' title="bbox 2159 4700 3670 4786; baseline -0.011 -17"><span class='ocrx_word' id='word_1_688' title='bbox 2159 4712 2430 4770; x_wconf 80' lang='lat' dir='ltr'><strong>Caeterum</strong></span> <span class='ocrx_word' id='word_1_689' title='bbox 2454 4713 2747 4786; x_wconf 66' lang='lat' dir='ltr'><strong>propositas</strong></span> <span class='ocrx_word' id='word_1_690' title='bbox 2770 4713 2851 4769; x_wconf 89' lang='lat' dir='ltr'><strong>illi</strong></span> <span class='ocrx_word' id='word_1_691' title='bbox 2878 4712 3005 4768; x_wconf 87' lang='lat' dir='ltr'><strong>fidei</strong></span> <span class='ocrx_word' id='word_1_692' title='bbox 3041 4700 3400 4772; x_wconf 84' lang='lat' dir='ltr'><strong>confessioni,</strong></span> <span class='ocrx_word' id='word_1_693' title='bbox 3435 4721 3542 4777; x_wconf 90' lang='lat' dir='ltr'><strong>qua</strong></span> <span class='ocrx_word' id='word_1_694' title='bbox 3583 4701 3670 4755; x_wconf 81' lang='lat' dir='ltr'><strong>Fi—</strong></span> 
     </span>
    </p>
   </div>
   <div class='ocr_carea' id='block_1_95' title="bbox 486 4865 2180 4943">
    <p class='ocr_par' dir='ltr' id='par_1_95' title="bbox 486 4865 2180 4943">
     <span class='ocr_line' id='line_1_95' title="bbox 486 4865 2180 4943; baseline -0.003 -14"><span class='ocrx_word' id='word_1_695' title='bbox 486 4872 501 4903; x_wconf 83' lang='grc'>¹</span> <span class='ocrx_word' id='word_1_696' title='bbox 524 4872 651 4929; x_wconf 87' lang='lat' dir='ltr'><strong>Cor.</strong></span> <span class='ocrx_word' id='word_1_697' title='bbox 682 4870 974 4936; x_wconf 76' lang='grc' dir='ltr'>ἀποσώζει.</span> <span class='ocrx_word' id='word_1_698' title='bbox 1051 4873 1071 4902; x_wconf 78' lang='grc'><em>³</em></span> <span class='ocrx_word' id='word_1_699' title='bbox 1095 4868 1157 4927; x_wconf 84' lang='lat' dir='ltr'><strong>F.</strong></span> <span class='ocrx_word' id='word_1_700' title='bbox 1181 4870 1262 4925; x_wconf 86' lang='grc' dir='ltr'>ὅτι</span> <span class='ocrx_word' id='word_1_701' title='bbox 1284 4865 1415 4925; x_wconf 77' lang='grc' dir='ltr'>οἷον.</span> <span class='ocrx_word' id='word_1_702' title='bbox 1491 4873 1512 4903; x_wconf 85' lang='grc'><strong>³</strong></span> <span class='ocrx_word' id='word_1_703' title='bbox 1532 4870 1595 4926; x_wconf 89' lang='lat' dir='ltr'><strong>F.</strong></span> <span class='ocrx_word' id='word_1_704' title='bbox 1623 4871 1740 4943; x_wconf 86' lang='grc' dir='ltr'>τήν.</span> <span class='ocrx_word' id='word_1_705' title='bbox 1817 4868 1841 4902; x_wconf 70' lang='grc'><strong>⁴</strong></span> <span class='ocrx_word' id='word_1_706' title='bbox 1860 4867 1921 4923; x_wconf 85' lang='lat' dir='ltr'><strong>F.</strong></span> <span class='ocrx_word' id='word_1_707' title='bbox 1944 4868 2180 4941; x_wconf 83' lang='grc' dir='ltr'>Πατρός.</span> 
     </span>
    </p>
   </div>
   <div class='ocr_carea' id='block_1_96' title="bbox 481 5019 1992 5097">
    <p class='ocr_par' dir='ltr' id='par_1_96' title="bbox 481 5025 1983 5097">
     <span class='ocr_line' id='line_1_96' title="bbox 481 5025 1983 5097; baseline -0.001 -15"><span class='ocrx_word' id='word_1_708' title='bbox 481 5028 599 5097; x_wconf 77' lang='lat'><strong>(5|)</strong></span> <span class='ocrx_word' id='word_1_709' title='bbox 643 5029 746 5093; x_wconf 77' lang='grc' dir='ltr'><strong>Εἰς</strong></span> <span class='ocrx_word' id='word_1_710' title='bbox 795 5026 913 5096; x_wconf 81' lang='grc' dir='ltr'>τὴν</span> <span class='ocrx_word' id='word_1_711' title='bbox 943 5025 1294 5097; x_wconf 75' lang='grc' dir='ltr'>ἐκτεθεῐσαν</span> <span class='ocrx_word' id='word_1_712' title='bbox 1341 5027 1569 5080; x_wconf 82' lang='grc' dir='ltr'>πίστιν.</span> <span class='ocrx_word' id='word_1_713' title='bbox 1623 5025 1747 5081; x_wconf 71' lang='grc' dir='ltr'>Ητεο</span> <span class='ocrx_word' id='word_1_714' title='bbox 1790 5026 1877 5081; x_wconf 88' lang='lat' dir='ltr'><strong>vel</strong></span> <span class='ocrx_word' id='word_1_715' title='bbox 1914 5026 1983 5080; x_wconf 84' lang='lat' dir='ltr'><strong>ab</strong></span> 
     </span>
    </p>
   </div>
   <div class='ocr_carea' id='block_1_97' title="bbox 2087 5019 3668 5097">
    <p class='ocr_par' dir='ltr' id='par_1_97' title="bbox 2087 5019 3668 5097">
     <span class='ocr_line' id='line_1_97' title="bbox 2087 5019 3668 5097; baseline -0.006 -17"><span class='ocrx_word' id='word_1_716' title='bbox 2087 5041 2208 5095; x_wconf 66' lang='lat' dir='ltr'><strong>qua:</strong></span> <span class='ocrx_word' id='word_1_717' title='bbox 2257 5024 2515 5082; x_wconf 89' lang='lat' dir='ltr'><strong>Nicolaus</strong></span> <span class='ocrx_word' id='word_1_718' title='bbox 2571 5024 2750 5097; x_wconf 69' lang='lat' dir='ltr'><strong>Faber</strong></span> <span class='ocrx_word' id='word_1_719' title='bbox 2792 5021 2962 5097; x_wconf 61' lang='lat' dir='ltr'><strong>Praef.</strong></span> <span class='ocrx_word' id='word_1_720' title='bbox 3011 5020 3077 5075; x_wconf 88' lang='lat' dir='ltr'><strong>ad</strong></span> <span class='ocrx_word' id='word_1_721' title='bbox 3116 5020 3310 5097; x_wconf 75' lang='lat' dir='ltr'><strong>llilarii</strong></span> <span class='ocrx_word' id='word_1_722' title='bbox 3368 5019 3668 5097; x_wconf 76' lang='lat' dir='ltr'><strong>fragmenta</strong></span> 
     </span>
    </p>
   </div>
   <div class='ocr_carea' id='block_1_98' title="bbox 406 5095 1984 5169">
    <p class='ocr_par' dir='ltr' id='par_1_98' title="bbox 406 5095 1984 5169">
     <span class='ocr_line' id='line_1_98' title="bbox 406 5095 1984 5169; baseline -0.003 -15"><span class='ocrx_word' id='word_1_723' title='bbox 406 5095 716 5169; x_wconf 81' lang='lat' dir='ltr'><strong>Epiphanio</strong></span> <span class='ocrx_word' id='word_1_724' title='bbox 743 5098 827 5169; x_wconf 12' lang='lat' dir='ltr'><strong>ad,</strong></span> <span class='ocrx_word' id='word_1_725' title='bbox 844 5095 1181 5169; x_wconf 77' lang='lat' dir='ltr'><strong>superiorem</strong></span> <span class='ocrx_word' id='word_1_726' title='bbox 1210 5095 1984 5169; x_wconf 14' lang='lat' dir='ltr'><strong>ASemiarianorumcommen-</strong></span> 
     </span>
    </p>
   </div>
   <div class='ocr_carea' id='block_1_99' title="bbox 408 5166 1979 5234">
    <p class='ocr_par' dir='ltr' id='par_1_99' title="bbox 408 5166 1979 5234">
     <span class='ocr_line' id='line_1_99' title="bbox 408 5166 1979 5234; baseline -0.004 -9"><span class='ocrx_word' id='word_1_727' title='bbox 408 5166 669 5225; x_wconf 72' lang='lat' dir='ltr'><strong>tariolutn</strong></span> <span class='ocrx_word' id='word_1_728' title='bbox 702 5167 893 5225; x_wconf 81' lang='lat' dir='ltr'><strong>addita</strong></span> <span class='ocrx_word' id='word_1_729' title='bbox 919 5206 936 5230; x_wconf 88' lang='lat'><strong>,</strong></span> <span class='ocrx_word' id='word_1_730' title='bbox 988 5166 1071 5223; x_wconf 84' lang='lat' dir='ltr'><strong>vel</strong></span> <span class='ocrx_word' id='word_1_731' title='bbox 1121 5166 1293 5234; x_wconf 89' lang='lat' dir='ltr'><strong>ipsius</strong></span> <span class='ocrx_word' id='word_1_732' title='bbox 1343 5166 1776 5222; x_wconf 90' lang='lat' dir='ltr'><strong>commentarioli</strong></span> <span class='ocrx_word' id='word_1_733' title='bbox 1810 5174 1979 5221; x_wconf 91' lang='lat' dir='ltr'><strong>sunt:</strong></span> 
     </span>
    </p>
   </div>
   <div class='ocr_carea' id='block_1_100' title="bbox 409 5235 1984 5308">
    <p class='ocr_par' dir='ltr' id='par_1_100' title="bbox 409 5235 1984 5308">
     <span class='ocr_line' id='line_1_100' title="bbox 409 5235 1984 5308; baseline -0.004 -14"><span class='ocrx_word' id='word_1_734' title='bbox 409 5242 470 5294; x_wconf 91' lang='lat' dir='ltr'><strong>in</strong></span> <span class='ocrx_word' id='word_1_735' title='bbox 510 5255 620 5307; x_wconf 88' lang='lat' dir='ltr'><strong>quo</strong></span> <span class='ocrx_word' id='word_1_736' title='bbox 672 5245 870 5308; x_wconf 61' lang='lat' dir='ltr'><strong>printer</strong></span> <span class='ocrx_word' id='word_1_737' title='bbox 903 5235 1297 5306; x_wconf 81' lang='lat' dir='ltr'><strong>expositionem</strong></span> <span class='ocrx_word' id='word_1_738' title='bbox 1326 5235 1479 5308; x_wconf 14' lang='grc' dir='ltr'><strong>γῆᾱεί</strong></span> <span class='ocrx_word' id='word_1_739' title='bbox 1530 5237 1665 5290; x_wconf 84' lang='lat' dir='ltr'><strong>Acta</strong></span> <span class='ocrx_word' id='word_1_740' title='bbox 1722 5237 1984 5308; x_wconf 76' lang='lat' dir='ltr'><strong>nonnulla</strong></span> 
     </span>
    </p>
   </div>
   <div class='ocr_carea' id='block_1_101' title="bbox 410 5304 1987 5376">
    <p class='ocr_par' dir='ltr' id='par_1_101' title="bbox 410 5304 1987 5376">
     <span class='ocr_line' id='line_1_101' title="bbox 410 5304 1987 5376; baseline -0.002 -13"><span class='ocrx_word' id='word_1_741' title='bbox 410 5304 651 5363; x_wconf 77' lang='lat' dir='ltr'><strong>Basilius</strong></span> <span class='ocrx_word' id='word_1_742' title='bbox 676 5304 761 5360; x_wconf 65' lang='lat' dir='ltr'><strong>&#39;ac</strong></span> <span class='ocrx_word' id='word_1_743' title='bbox 798 5304 1064 5376; x_wconf 81' lang='lat' dir='ltr'><strong>Georgius</strong></span> <span class='ocrx_word' id='word_1_744' title='bbox 1115 5307 1595 5376; x_wconf 66' lang='lat' dir='ltr'><strong>praescripserant:</strong></span> <span class='ocrx_word' id='word_1_745' title='bbox 1631 5305 1775 5374; x_wconf 87' lang='lat' dir='ltr'><strong>quod</strong></span> <span class='ocrx_word' id='word_1_746' title='bbox 1806 5316 1987 5375; x_wconf 76' lang='lat' dir='ltr'><strong>poste-</strong></span> 
     </span>
    </p>
   </div>
   <div class='ocr_carea' id='block_1_102' title="bbox 411 5376 1984 5451">
    <p class='ocr_par' dir='ltr' id='par_1_102' title="bbox 411 5376 1984 5451">
     <span class='ocr_line' id='line_1_102' title="bbox 411 5376 1984 5451; baseline -0.004 -17"><span class='ocrx_word' id='word_1_747' title='bbox 411 5380 533 5451; x_wconf 83' lang='lat' dir='ltr'><strong>rius</strong></span> <span class='ocrx_word' id='word_1_748' title='bbox 591 5377 769 5451; x_wconf 73' lang='lat' dir='ltr'><strong>magis</strong></span> <span class='ocrx_word' id='word_1_749' title='bbox 818 5377 1059 5451; x_wconf 80' lang='lat' dir='ltr'><strong>a.rridet._</strong></span> <span class='ocrx_word' id='word_1_750' title='bbox 1101 5376 1395 5432; x_wconf 86' lang='lat' dir='ltr'><strong>Sciendum</strong></span> <span class='ocrx_word' id='word_1_751' title='bbox 1445 5385 1531 5451; x_wconf 72' lang='lat' dir='ltr'><strong>est</strong></span> <span class='ocrx_word' id='word_1_752' title='bbox 1582 5383 1762 5451; x_wconf 65' lang='lat' dir='ltr'><strong>autem</strong></span> <span class='ocrx_word' id='word_1_753' title='bbox 1802 5376 1984 5451; x_wconf 80' lang='grc' dir='ltr'>πίστιν</span> 
     </span>
    </p>
   </div>
   <div class='ocr_carea' id='block_1_103' title="bbox 411 5445 1984 5516">
    <p class='ocr_par' dir='ltr' id='par_1_103' title="bbox 411 5445 1984 5516">
     <span class='ocr_line' id='line_1_103' title="bbox 411 5445 1984 5516; baseline -0.003 -12"><span class='ocrx_word' id='word_1_754' title='bbox 411 5450 601 5511; x_wconf 90' lang='lat' dir='ltr'><strong>illam,</strong></span> <span class='ocrx_word' id='word_1_755' title='bbox 650 5445 717 5499; x_wconf 79' lang='lat' dir='ltr'><strong>de</strong></span> <span class='ocrx_word' id='word_1_756' title='bbox 761 5462 869 5515; x_wconf 90' lang='lat' dir='ltr'><strong>qua</strong></span> <span class='ocrx_word' id='word_1_757' title='bbox 917 5446 1192 5516; x_wconf 90' lang='lat' dir='ltr'><strong>loquitur,</strong></span> <span class='ocrx_word' id='word_1_758' title='bbox 1226 5461 1349 5502; x_wconf 90' lang='lat' dir='ltr'><strong>esse</strong></span> <span class='ocrx_word' id='word_1_759' title='bbox 1386 5446 1778 5515; x_wconf 88' lang='lat' dir='ltr'><strong>professionem</strong></span> <span class='ocrx_word' id='word_1_760' title='bbox 1838 5445 1984 5499; x_wconf 88' lang='lat' dir='ltr'><strong>illam</strong></span> 
     </span>
    </p>
   </div>
   <div class='ocr_carea' id='block_1_104' title="bbox 412 5515 1985 5585">
    <p class='ocr_par' dir='ltr' id='par_1_104' title="bbox 412 5515 1985 5585">
     <span class='ocr_line' id='line_1_104' title="bbox 412 5515 1985 5585; baseline -0.003 -14"><span class='ocrx_word' id='word_1_761' title='bbox 412 5520 669 5577; x_wconf 75' lang='lat' dir='ltr'><strong>tertiam,</strong></span> <span class='ocrx_word' id='word_1_762' title='bbox 705 5531 825 5584; x_wconf 72' lang='lat' dir='ltr'><strong>quae</strong></span> <span class='ocrx_word' id='word_1_763' title='bbox 865 5515 1052 5571; x_wconf 85' lang='lat' dir='ltr'><strong>Sirmii</strong></span> <span class='ocrx_word' id='word_1_764' title='bbox 1084 5524 1169 5570; x_wconf 83' lang='lat' dir='ltr'><strong>est</strong></span> <span class='ocrx_word' id='word_1_765' title='bbox 1208 5516 1386 5580; x_wconf 88' lang='lat' dir='ltr'><strong>edita,</strong></span> <span class='ocrx_word' id='word_1_766' title='bbox 1420 5531 1583 5585; x_wconf 89' lang='lat' dir='ltr'><strong>quam</strong></span> <span class='ocrx_word' id='word_1_767' title='bbox 1636 5518 1891 5569; x_wconf 79' lang='lat' dir='ltr'><strong>Socrates</strong></span> <span class='ocrx_word' id='word_1_768' title='bbox 1931 5523 1985 5570; x_wconf 90' lang='lat' dir='ltr'><strong>et</strong></span> 
     </span>
    </p>
   </div>
   <div class='ocr_carea' id='block_1_105' title="bbox 411 5584 1985 5657">
    <p class='ocr_par' dir='ltr' id='par_1_105' title="bbox 411 5584 1985 5657">
     <span class='ocr_line' id='line_1_105' title="bbox 411 5584 1985 5657; baseline -0.004 -14"><span class='ocrx_word' id='word_1_769' title='bbox 411 5587 758 5643; x_wconf 86' lang='lat' dir='ltr'><strong>Sozomenus</strong></span> <span class='ocrx_word' id='word_1_770' title='bbox 787 5585 936 5657; x_wconf 61' lang='lat' dir='ltr'><strong>falso</strong></span> <span class='ocrx_word' id='word_1_771' title='bbox 969 5586 1024 5641; x_wconf 91' lang='lat' dir='ltr'><strong>in</strong></span> <span class='ocrx_word' id='word_1_772' title='bbox 1055 5584 1343 5641; x_wconf 88' lang='lat' dir='ltr'><strong>Sirmiensi</strong></span> <span class='ocrx_word' id='word_1_773' title='bbox 1380 5584 1590 5657; x_wconf 68' lang='lat' dir='ltr'><strong>synodo</strong></span> <span class='ocrx_word' id='word_1_774' title='bbox 1617 5586 1985 5657; x_wconf 76' lang='lat' dir='ltr'><strong>conscriptam</strong></span> 
     </span>
    </p>
   </div>
   <div class='ocr_carea' id='block_1_106' title="bbox 411 5654 1986 5716">
    <p class='ocr_par' dir='ltr' id='par_1_106' title="bbox 411 5654 1986 5716">
     <span class='ocr_line' id='line_1_106' title="bbox 411 5654 1986 5716; baseline -0.003 -4"><span class='ocrx_word' id='word_1_775' title='bbox 411 5666 749 5713; x_wconf 86' lang='lat' dir='ltr'><strong>asseverant.</strong></span> <span class='ocrx_word' id='word_1_776' title='bbox 783 5654 920 5710; x_wconf 86' lang='lat' dir='ltr'><strong>Nata</strong></span> <span class='ocrx_word' id='word_1_777' title='bbox 968 5667 1052 5711; x_wconf 90' lang='lat' dir='ltr'><strong>est</strong></span> <span class='ocrx_word' id='word_1_778' title='bbox 1083 5657 1226 5711; x_wconf 89' lang='lat' dir='ltr'><strong>enim</strong></span> <span class='ocrx_word' id='word_1_779' title='bbox 1257 5654 1649 5710; x_wconf 60' lang='lat' dir='ltr'><strong>anno&#39;alemum</strong></span> <span class='ocrx_word' id='word_1_780' title='bbox 1677 5654 1986 5716; x_wconf 77' lang='lat' dir='ltr'><strong>559,Euse-</strong></span> 
     </span>
    </p>
   </div>
   <div class='ocr_carea' id='block_1_107' title="bbox 416 5725 1988 5797">
    <p class='ocr_par' dir='ltr' id='par_1_107' title="bbox 416 5725 1988 5797">
     <span class='ocr_line' id='line_1_107' title="bbox 416 5725 1988 5797; baseline -0.001 -17"><span class='ocrx_word' id='word_1_781' title='bbox 416 5728 508 5791; x_wconf 77' lang='lat' dir='ltr'><strong>bio</strong></span> <span class='ocrx_word' id='word_1_782' title='bbox 561 5734 618 5797; x_wconf 70' lang='lat' dir='ltr'><strong>et</strong></span> <span class='ocrx_word' id='word_1_783' title='bbox 647 5726 876 5797; x_wconf 83' lang='lat' dir='ltr'><strong>Hypatio</strong></span> <span class='ocrx_word' id='word_1_784' title='bbox 915 5740 1076 5797; x_wconf 86' lang='lat' dir='ltr'><strong>coss.,</strong></span> <span class='ocrx_word' id='word_1_785' title='bbox 1098 5742 1152 5782; x_wconf 79' lang='lat' dir='ltr'><strong>tu</strong></span> <span class='ocrx_word' id='word_1_786' title='bbox 1180 5725 1299 5781; x_wconf 85' lang='lat' dir='ltr'><strong>Kal.</strong></span> <span class='ocrx_word' id='word_1_787' title='bbox 1326 5725 1537 5797; x_wconf 71' lang='lat' dir='ltr'><strong>lunias,</strong></span> <span class='ocrx_word' id='word_1_788' title='bbox 1562 5725 1988 5797; x_wconf 34' lang='grc' dir='ltr'><strong>Διιι-Αιιιηιιειεοὶιλιε</strong></span> 
     </span>
    </p>
   </div>
   <div class='ocr_carea' id='block_1_108' title="bbox 416 5794 1988 5864">
    <p class='ocr_par' dir='ltr' id='par_1_108' title="bbox 416 5794 1988 5864">
     <span class='ocr_line' id='line_1_108' title="bbox 416 5794 1988 5864; baseline -0.003 -13"><span class='ocrx_word' id='word_1_789' title='bbox 416 5798 516 5853; x_wconf 85' lang='lat' dir='ltr'><strong>lib.</strong></span> <span class='ocrx_word' id='word_1_790' title='bbox 552 5796 626 5851; x_wconf 86' lang='lat' dir='ltr'><strong>De</strong></span> <span class='ocrx_word' id='word_1_791' title='bbox 677 5794 890 5864; x_wconf 26' lang='lat' dir='ltr'><strong>s&#39;y‘uodis</strong></span> <span class='ocrx_word' id='word_1_792' title='bbox 941 5796 1116 5850; x_wconf 83' lang='lat' dir='ltr'><strong>docet.</strong></span> <span class='ocrx_word' id='word_1_793' title='bbox 1160 5797 1263 5861; x_wconf 87' lang='lat' dir='ltr'><strong>Qtti</strong></span> <span class='ocrx_word' id='word_1_794' title='bbox 1305 5797 1422 5850; x_wconf 89' lang='lat' dir='ltr'><strong>dies</strong></span> <span class='ocrx_word' id='word_1_795' title='bbox 1458 5795 1595 5863; x_wconf 85' lang='lat' dir='ltr'><strong>prid.</strong></span> <span class='ocrx_word' id='word_1_796' title='bbox 1644 5794 1988 5864; x_wconf 76' lang='lat' dir='ltr'><strong>Pentecostcs</strong></span> 
     </span>
    </p>
   </div>
   <div class='ocr_carea' id='block_1_109' title="bbox 423 5863 1990 5938">
    <p class='ocr_par' dir='ltr' id='par_1_109' title="bbox 423 5863 1990 5938">
     <span class='ocr_line' id='line_1_109' title="bbox 423 5863 1990 5938; baseline -0.003 -15"><span class='ocrx_word' id='word_1_797' title='bbox 423 5866 566 5932; x_wconf 83' lang='lat' dir='ltr'><strong>fuit,</strong></span> <span class='ocrx_word' id='word_1_798' title='bbox 615 5863 759 5938; x_wconf 86' lang='lat' dir='ltr'><strong>quod</strong></span> <span class='ocrx_word' id='word_1_799' title='bbox 789 5864 1124 5938; x_wconf 83' lang='lat' dir='ltr'><strong>Epiphanius</strong></span> <span class='ocrx_word' id='word_1_800' title='bbox 1170 5869 1271 5922; x_wconf 86' lang='lat' dir='ltr'><strong>ltoc</strong></span> <span class='ocrx_word' id='word_1_801' title='bbox 1331 5867 1384 5921; x_wconf 88' lang='lat' dir='ltr'><strong>in</strong></span> <span class='ocrx_word' id='word_1_802' title='bbox 1419 5867 1534 5921; x_wconf 90' lang='lat' dir='ltr'><strong>loco</strong></span> <span class='ocrx_word' id='word_1_803' title='bbox 1573 5872 1824 5920; x_wconf 85' lang='lat' dir='ltr'><strong>testatur.</strong></span> <span class='ocrx_word' id='word_1_804' title='bbox 1860 5863 1990 5919; x_wconf 85' lang='lat' dir='ltr'><strong>Vide</strong></span> 
     </span>
    </p>
   </div>
   <div class='ocr_carea' id='block_1_110' title="bbox 2089 5089 3667 5166">
    <p class='ocr_par' dir='ltr' id='par_1_110' title="bbox 2089 5089 3667 5166">
     <span class='ocr_line' id='line_1_110' title="bbox 2089 5089 3667 5166; baseline -0.007 -17"><span class='ocrx_word' id='word_1_805' title='bbox 2089 5089 2360 5166; x_wconf 73' lang='lat' dir='ltr'><strong>disputat.</strong></span> <span class='ocrx_word' id='word_1_806' title='bbox 2392 5112 2515 5166; x_wconf 84' lang='lat' dir='ltr'><strong>pag.</strong></span> <span class='ocrx_word' id='word_1_807' title='bbox 2569 5095 2694 5150; x_wconf 76' lang='lat'><strong>375&#39;.</strong></span> <span class='ocrx_word' id='word_1_808' title='bbox 2731 5093 2900 5166; x_wconf 74' lang='lat' dir='ltr'><strong>Igitur</strong></span> <span class='ocrx_word' id='word_1_809' title='bbox 2932 5100 3059 5166; x_wconf 77' lang='lat' dir='ltr'><strong>post</strong></span> <span class='ocrx_word' id='word_1_810' title='bbox 3100 5089 3667 5166; x_wconf 66' lang='lat' dir='ltr'><strong>Ancyranumconci-</strong></span> 
     </span>
    </p>
   </div>
   <div class='ocr_carea' id='block_1_111' title="bbox 2088 5156 3667 5234">
    <p class='ocr_par' dir='ltr' id='par_1_111' title="bbox 2088 5156 3667 5234">
     <span class='ocr_line' id='line_1_111' title="bbox 2088 5156 3667 5234; baseline -0.007 -14"><span class='ocrx_word' id='word_1_811' title='bbox 2088 5156 2224 5221; x_wconf 80' lang='lat' dir='ltr'><strong>lium</strong></span> <span class='ocrx_word' id='word_1_812' title='bbox 2266 5156 2537 5229; x_wconf 53' lang='lat' dir='ltr'><strong>Basilius,</strong></span> <span class='ocrx_word' id='word_1_813' title='bbox 2595 5156 2797 5234; x_wconf 71' lang='lat' dir='ltr'><strong>aliique</strong></span> <span class='ocrx_word' id='word_1_814' title='bbox 2835 5156 3294 5234; x_wconf 81' lang='lat' dir='ltr'><strong>Semiarianorum</strong></span> <span class='ocrx_word' id='word_1_815' title='bbox 3325 5159 3503 5234; x_wconf 70' lang='lat' dir='ltr'><strong>legati</strong></span> <span class='ocrx_word' id='word_1_816' title='bbox 3550 5156 3667 5210; x_wconf 87' lang='lat' dir='ltr'><strong>Sir-</strong></span> 
     </span>
    </p>
   </div>
   <div class='ocr_carea' id='block_1_112' title="bbox 2088 5229 3670 5306">
    <p class='ocr_par' dir='ltr' id='par_1_112' title="bbox 2088 5229 3670 5306">
     <span class='ocr_line' id='line_1_112' title="bbox 2088 5229 3670 5306; baseline -0.004 -19"><span class='ocrx_word' id='word_1_817' title='bbox 2088 5236 2256 5306; x_wconf 72' lang='lat' dir='ltr'><strong>mium</strong></span> <span class='ocrx_word' id='word_1_818' title='bbox 2282 5236 2351 5290; x_wconf 92' lang='lat' dir='ltr'><strong>ad</strong></span> <span class='ocrx_word' id='word_1_819' title='bbox 2378 5229 2764 5306; x_wconf 77' lang='lat' dir='ltr'><strong>imperatorem</strong></span> <span class='ocrx_word' id='word_1_820' title='bbox 2794 5233 3023 5302; x_wconf 90' lang='lat' dir='ltr'><strong>profecti</strong></span> <span class='ocrx_word' id='word_1_821' title='bbox 3059 5233 3266 5284; x_wconf 88' lang='lat' dir='ltr'><strong>litteras</strong></span> <span class='ocrx_word' id='word_1_822' title='bbox 3290 5229 3358 5306; x_wconf 78' lang='lat' dir='ltr'><strong>a_l_)</strong></span> <span class='ocrx_word' id='word_1_823' title='bbox 3384 5243 3451 5281; x_wconf 92' lang='lat' dir='ltr'><strong>eo</strong></span> <span class='ocrx_word' id='word_1_824' title='bbox 3479 5236 3670 5306; x_wconf 75' lang='lat' dir='ltr'><strong>contra</strong></span> 
     </span>
    </p>
   </div>
   <div class='ocr_carea' id='block_1_113' title="bbox 2087 5296 3666 5373">
    <p class='ocr_par' dir='ltr' id='par_1_113' title="bbox 2087 5296 3666 5373">
     <span class='ocr_line' id='line_1_113' title="bbox 2087 5296 3666 5373; baseline -0.006 -15"><span class='ocrx_word' id='word_1_825' title='bbox 2087 5304 2392 5360; x_wconf 81' lang='lat' dir='ltr'><strong>Eudoxium</strong></span> <span class='ocrx_word' id='word_1_826' title='bbox 2439 5296 2493 5360; x_wconf 78' lang='lat' dir='ltr'><strong>et</strong></span> <span class='ocrx_word' id='word_1_827' title='bbox 2539 5296 2835 5359; x_wconf 72' lang='lat' dir='ltr'><strong>Anommos</strong></span> <span class='ocrx_word' id='word_1_828' title='bbox 2866 5296 3442 5373; x_wconf 80' lang='lat' dir='ltr'><strong>expresscrttnt._Tum</strong></span> <span class='ocrx_word' id='word_1_829' title='bbox 3473 5296 3540 5350; x_wconf 91' lang='lat' dir='ltr'><strong>de</strong></span> <span class='ocrx_word' id='word_1_830' title='bbox 3563 5313 3666 5373; x_wconf 47' lang='lat' dir='ltr'><strong>go-</strong></span> 
     </span>
    </p>
   </div>
   <div class='ocr_carea' id='block_1_114' title="bbox 2088 5366 3664 5443">
    <p class='ocr_par' dir='ltr' id='par_1_114' title="bbox 2088 5366 3664 5443">
     <span class='ocr_line' id='line_1_114' title="bbox 2088 5366 3664 5443; baseline -0.006 -14"><span class='ocrx_word' id='word_1_831' title='bbox 2088 5375 2334 5430; x_wconf 89' lang='lat' dir='ltr'><strong>rumdem</strong></span> <span class='ocrx_word' id='word_1_832' title='bbox 2366 5376 2598 5429; x_wconf 92' lang='lat' dir='ltr'><strong>consilio</strong></span> <span class='ocrx_word' id='word_1_833' title='bbox 2624 5366 3013 5443; x_wconf 44' lang='lat' dir='ltr'><strong>imperator-ad</strong></span> <span class='ocrx_word' id='word_1_834' title='bbox 3052 5387 3140 5424; x_wconf 90' lang='lat' dir='ltr'><strong>res</strong></span> <span class='ocrx_word' id='word_1_835' title='bbox 3161 5368 3517 5443; x_wconf 57' lang='lat' dir='ltr'><strong>Antiochense</strong></span> <span class='ocrx_word' id='word_1_836' title='bbox 3562 5366 3664 5419; x_wconf 77' lang='lat' dir='ltr'><strong>Ec—</strong></span> 
     </span>
    </p>
   </div>
   <div class='ocr_carea' id='block_1_115' title="bbox 2089 5440 3671 5513">
    <p class='ocr_par' dir='ltr' id='par_1_115' title="bbox 2089 5440 3671 5513">
     <span class='ocr_line' id='line_1_115' title="bbox 2089 5440 3671 5513; baseline -0.007 -14"><span class='ocrx_word' id='word_1_837' title='bbox 2089 5446 2273 5500; x_wconf 72' lang='lat' dir='ltr'><strong>clesiae</strong></span> <span class='ocrx_word' id='word_1_838' title='bbox 2304 5440 2729 5513; x_wconf 62' lang='lat' dir='ltr'><strong>componendas,</strong></span> <span class='ocrx_word' id='word_1_839' title='bbox 2757 5458 2919 5513; x_wconf 88' lang='lat' dir='ltr'><strong>quam</strong></span> <span class='ocrx_word' id='word_1_840' title='bbox 2966 5440 3242 5513; x_wconf 70' lang='lat' dir='ltr'><strong>Eutloxius</strong></span> <span class='ocrx_word' id='word_1_841' title='bbox 3273 5444 3469 5513; x_wconf 74' lang='lat' dir='ltr'><strong>prtetcr</strong></span> <span class='ocrx_word' id='word_1_842' title='bbox 3502 5449 3671 5489; x_wconf 74' lang='lat' dir='ltr'><strong>cano-</strong></span> 
     </span>
    </p>
   </div>
   <div class='ocr_carea' id='block_1_116' title="bbox 2087 5509 3669 5583">
    <p class='ocr_par' dir='ltr' id='par_1_116' title="bbox 2087 5509 3669 5583">
     <span class='ocr_line' id='line_1_116' title="bbox 2087 5509 3669 5583; baseline -0.008 -14"><span class='ocrx_word' id='word_1_843' title='bbox 2087 5530 2186 5569; x_wconf 88' lang='lat' dir='ltr'><strong>nes</strong></span> <span class='ocrx_word' id='word_1_844' title='bbox 2242 5509 2578 5583; x_wconf 82' lang='lat' dir='ltr'><strong>occuparat,</strong></span> <span class='ocrx_word' id='word_1_845' title='bbox 2642 5509 2803 5568; x_wconf 78' lang='lat' dir='ltr'><strong>simul</strong></span> <span class='ocrx_word' id='word_1_846' title='bbox 2854 5512 2921 5564; x_wconf 91' lang='lat' dir='ltr'><strong>ad</strong></span> <span class='ocrx_word' id='word_1_847' title='bbox 2979 5510 3118 5563; x_wconf 72' lang='lat' dir='ltr'><strong>A‘etii</strong></span> <span class='ocrx_word' id='word_1_848' title='bbox 3174 5517 3227 5562; x_wconf 89' lang='lat' dir='ltr'><strong>et</strong></span> <span class='ocrx_word' id='word_1_849' title='bbox 3279 5509 3669 5583; x_wconf 52' lang='lat' dir='ltr'><strong>Anomceorum</strong></span> 
     </span>
    </p>
   </div>
   <div class='ocr_carea' id='block_1_117' title="bbox 2088 5578 3670 5654">
    <p class='ocr_par' dir='ltr' id='par_1_117' title="bbox 2088 5578 3670 5654">
     <span class='ocr_line' id='line_1_117' title="bbox 2088 5578 3670 5654; baseline -0.008 -16"><span class='ocrx_word' id='word_1_850' title='bbox 2088 5578 2481 5654; x_wconf 82' lang='lat' dir='ltr'><strong>proﬂigandam</strong></span> <span class='ocrx_word' id='word_1_851' title='bbox 2520 5578 2875 5652; x_wconf 90' lang='lat' dir='ltr'><strong>impietatem,</strong></span> <span class='ocrx_word' id='word_1_852' title='bbox 2903 5595 3097 5654; x_wconf 76' lang='lat' dir='ltr'><strong>novam</strong></span> <span class='ocrx_word' id='word_1_853' title='bbox 3135 5578 3402 5648; x_wconf 79' lang='lat' dir='ltr'><strong>synodum</strong></span> <span class='ocrx_word' id='word_1_854' title='bbox 3435 5591 3670 5654; x_wconf 47' lang='lat' dir='ltr'><strong>congref</strong></span> 
     </span>
    </p>
   </div>
   <div class='ocr_carea' id='block_1_118' title="bbox 2088 5645 3672 5733">
    <p class='ocr_par' dir='ltr' id='par_1_118' title="bbox 2088 5645 3672 5733">
     <span class='ocr_line' id='line_1_118' title="bbox 2088 5645 3672 5733; baseline -0.008 -26"><span class='ocrx_word' id='word_1_855' title='bbox 2088 5645 2217 5733; x_wconf 63' lang='lat' dir='ltr'><strong>gare</strong></span> <span class='ocrx_word' id='word_1_856' title='bbox 2250 5645 2500 5733; x_wconf 48' lang='lat' dir='ltr'><strong>&quot;statuit;</strong></span> <span class='ocrx_word' id='word_1_857' title='bbox 2557 5645 2702 5733; x_wconf 73' lang='lat' dir='ltr'><strong>quod</strong></span> <span class='ocrx_word' id='word_1_858' title='bbox 2773 5667 2937 5720; x_wconf 89' lang='lat' dir='ltr'><strong>supra</strong></span> <span class='ocrx_word' id='word_1_859' title='bbox 2988 5651 3050 5733; x_wconf 79' lang='lat' dir='ltr'><strong>_in</strong></span> <span class='ocrx_word' id='word_1_860' title='bbox 3114 5645 3381 5733; x_wconf 70' lang='lat' dir='ltr'><strong>annorum</strong></span> <span class='ocrx_word' id='word_1_861' title='bbox 3444 5645 3672 5714; x_wconf 80' lang='lat' dir='ltr'><strong>synopsi</strong></span> 
     </span>
    </p>
   </div>
   <div class='ocr_carea' id='block_1_119' title="bbox 2091 5718 3665 5783">
    <p class='ocr_par' dir='ltr' id='par_1_119' title="bbox 2091 5718 3665 5783">
     <span class='ocr_line' id='line_1_119' title="bbox 2091 5718 3665 5783; baseline -0.009 -4"><span class='ocrx_word' id='word_1_862' title='bbox 2091 5718 2508 5779; x_wconf 28' lang='lat' dir='ltr'><strong>declar&#39;avimus’.</strong></span> <span class='ocrx_word' id='word_1_863' title='bbox 2558 5718 2751 5776; x_wconf 83' lang='lat' dir='ltr'><strong>Postea</strong></span> <span class='ocrx_word' id='word_1_864' title='bbox 2802 5718 2925 5775; x_wconf 83' lang='lat' dir='ltr'><strong>cum</strong></span> <span class='ocrx_word' id='word_1_865' title='bbox 2970 5721 3035 5773; x_wconf 86' lang='lat' dir='ltr'><strong>de</strong></span> <span class='ocrx_word' id='word_1_866' title='bbox 3076 5721 3245 5780; x_wconf 73' lang='lat' dir='ltr'><strong>urbe,</strong></span> <span class='ocrx_word' id='word_1_867' title='bbox 3281 5718 3334 5769; x_wconf 88' lang='lat' dir='ltr'><strong>in</strong></span> <span class='ocrx_word' id='word_1_868' title='bbox 3384 5730 3489 5783; x_wconf 87' lang='lat' dir='ltr'><strong>qua</strong></span> <span class='ocrx_word' id='word_1_869' title='bbox 3529 5730 3665 5767; x_wconf 81' lang='lat' dir='ltr'><strong>con—</strong></span> 
     </span>
    </p>
   </div>
   <div class='ocr_carea' id='block_1_120' title="bbox 2092 5785 3669 5863">
    <p class='ocr_par' dir='ltr' id='par_1_120' title="bbox 2092 5785 3669 5863">
     <span class='ocr_line' id='line_1_120' title="bbox 2092 5785 3669 5863; baseline -0.008 -14"><span class='ocrx_word' id='word_1_870' title='bbox 2092 5810 2276 5850; x_wconf 87' lang='lat' dir='ltr'><strong>sessus</strong></span> <span class='ocrx_word' id='word_1_871' title='bbox 2318 5794 2501 5847; x_wconf 84' lang='lat' dir='ltr'><strong>haberi</strong></span> <span class='ocrx_word' id='word_1_872' title='bbox 2558 5802 2777 5863; x_wconf 74' lang='lat' dir='ltr'><strong>posset,</strong></span> <span class='ocrx_word' id='word_1_873' title='bbox 2828 5804 3178 5863; x_wconf 77' lang='lat' dir='ltr'><strong>nequaquam</strong></span> <span class='ocrx_word' id='word_1_874' title='bbox 3233 5785 3498 5863; x_wconf 8' lang='lat' dir='ltr'><strong>cpiscopig</strong></span> <span class='ocrx_word' id='word_1_875' title='bbox 3533 5800 3669 5837; x_wconf 84' lang='lat' dir='ltr'><strong>con-</strong></span> 
     </span>
    </p>
   </div>
   <div class='ocr_carea' id='block_1_121' title="bbox 2092 5858 3672 5929">
    <p class='ocr_par' dir='ltr' id='par_1_121' title="bbox 2092 5858 3672 5929">
     <span class='ocr_line' id='line_1_121' title="bbox 2092 5858 3672 5929; baseline -0.004 -12"><span class='ocrx_word' id='word_1_876' title='bbox 2092 5865 2367 5929; x_wconf 80' lang='lat' dir='ltr'><strong>venirent,</strong></span> <span class='ocrx_word' id='word_1_877' title='bbox 2392 5858 2624 5920; x_wconf 82' lang='lat' dir='ltr'><strong>Basilius</strong></span> <span class='ocrx_word' id='word_1_878' title='bbox 2652 5879 2797 5918; x_wconf 87' lang='lat' dir='ltr'><strong>anno</strong></span> <span class='ocrx_word' id='word_1_879' title='bbox 2825 5861 2928 5917; x_wconf 68' lang='grc'><strong>’549</strong></span> <span class='ocrx_word' id='word_1_880' title='bbox 2959 5876 3150 5915; x_wconf 84' lang='lat' dir='ltr'><strong>rursus</strong></span> <span class='ocrx_word' id='word_1_881' title='bbox 3183 5858 3247 5913; x_wconf 85' lang='lat' dir='ltr'><strong>ad</strong></span> <span class='ocrx_word' id='word_1_882' title='bbox 3278 5858 3672 5925; x_wconf 72' lang='lat' dir='ltr'><strong>imperatorem</strong></span> 
     </span>
    </p>
   </div>
  </div>
