4134 6386
439 399 544 454 M5

1857 394 1911 448 S.
1947 392 2284 449 EPIPIIANII

3589 391 3696 446 ΗΔ

447 513 552 566 lius
589 512 644 565 in
695 513 950 570 omnibus
1011 511 1158 568 Patri
1202 512 1394 566 similis
1452 525 1574 565 esse
1623 509 1903 574 definitur,
1942 512 2016 564 ita

2150 508 2258 564 ἷναι
2312 511 2397 562 τὸν
2449 511 2575 562 Υἰὸν
2629 511 2704 594 τῷ
2761 509 2930 580 Ila-cpi
2983 509 3120 562 κατά
3157 507 3330 560 πάντα
3377 505 3696 576 ὑπέγραψαν

443 603 890 672 subscripserunt
921 626 934 660 :
965 602 1178 658 Marcus
1229 603 1522 672 episcopus
1584 603 1890 656 Arethusia:
1941 602 2014 656 ita

444 695 611 748 credo
663 703 717 748 et
754 695 970 756 sentio,
1017 703 1076 747 ut
1121 707 1290 762 supra
1339 693 1602 761 scriptum
1646 699 1752 746 est.
1818 691 2019 746 Eodem

446 787 608 841 modo
654 796 708 841 et
757 787 850 856 qui
910 787 1138 840 aderant
1193 785 1662 854 subscripserunt.
1709 783 1778 838 At
1823 783 2020 839 Valens

449 876 596 930 hunc
649 877 702 930 in
733 877 952 930 modum
992 896 1004 929 :
1033 875 1500 941 Quemadmodum
1535 891 1596 930 ea
1641 885 1821 940 nocte,
1856 890 2020 945 quam

448 969 566 1022 dies
605 966 954 1022 Pentecostes
991 977 1176 1022 secuta
1213 975 1316 1033 est,
1350 969 1686 1037 superiorem
1725 969 1864 1022 hanc
1889 967 2022 1022 sub-

451 1058 802 1128 scriptionem
824 1059 1180 1124 ediderimus,
1209 1067 1412 1114 norunt
1453 1061 1544 1128 qui
1577 1070 1684 1112 tam
1729 1069 2022 1126 praesentes

450 1157 629 1210 erant,
669 1165 730 1204 ac
763 1151 884 1220 pius
923 1152 976 1203 in
1015 1151 1206 1219 primis
1235 1151 1552 1220 imperator,
1586 1151 1726 1220 apud
1765 1165 1925 1220 quem
1970 1157 2024 1204 et

449 1242 569 1296 sine
601 1243 804 1310 scripto
837 1257 956 1298 sum
997 1251 1050 1296 et
1097 1243 1302 1312 scripto
1345 1251 1704 1296 contestatus.
1747 1241 1878 1296 Post
1911 1242 2025 1294 haec

451 1350 577 1387 cum
641 1333 844 1390 Valens
893 1349 994 1388 suo
1033 1351 1182 1388 more
1227 1335 1663 1402 subseripsisset,
1712 1341 1763 1387 ct
1803 1333 1868 1386 ad
1900 1333 2028 1388 sub-

455 1425 806 1492 scriptionem
869 1427 1188 1490 addidisset,
1259 1425 1490 1478 similem
1548 1441 1670 1478 esse
1729 1424 1876 1478 Patri
1938 1423 2028 1478 Fi-

455 1516 610 1580 lium,
668 1519 1047 1586 praetermissis
1089 1518 1174 1570 his
1219 1515 1464 1578 vocibus,
1505 1517 1558 1568 in
1589 1515 1851 1574 omnibus,
1885 1529 2030 1568 cum-

456 1623 566 1676 que
624 1623 686 1663 ea
745 1623 804 1662 re
851 1609 1204 1670 declarasset,
1239 1621 1398 1676 quem
1449 1609 1504 1660 in
1558 1621 1778 1660 sensum
1809 1621 1874 1660 ea
1911 1618 2032 1672 qua:

457 1699 660 1768 scripta
687 1697 900 1752 fuerant
923 1700 1298 1768 approbasset,
1325 1715 1387 1753 ac
1419 1695 1870 1768 quemadmodum
1903 1710 2034 1748 con-

460 1790 841 1844 substantialis
863 1806 1047 1844 vocem
1079 1789 1426 1858 intelligeret,
1457 1789 1578 1858 pius
1607 1787 1708 1841 hoc
1737 1788 2034 1855 imperator

2127 605 2332 667 οὕτως’
2366 604 2590 675 Μάρκος
2627 607 2656 655 ὁ
2708 603 3002 664 ἐπίσκοπος
3041 599 3386 671 Ἀρεθουσίας
3424 595 3565 650 οὕτω
3611 611 3700 646 πι-

2127 697 2300 749 στεύω
2321 699 2412 749 καὶ
2441 695 2623 766 φρονῶ
2644 698 2756 758 τοῖς
2791 692 3304 764 προγεγραμμένοις
3323 708 3334 720 ·
3373 690 3467 743 καὶ
3483 691 3530 741 οἱ
3553 703 3696 758 παρ-

2125 787 2276 850 όντες
2310 788 2530 858 ὁμοίως.
2567 786 2777 854 Οὐάλης
2799 785 2856 838 δὲ
2886 783 3057 847 οὕτως
3075 801 3087 815 ·
3119 785 3306 844 Ὅπως
3336 781 3431 851 μὲν
3459 781 3700 850 ὑπεγρά-

2121 879 2303 949 ψαμεν
2335 881 2399 948 τῇ
2425 877 2580 931 νυκτὶ
2611 875 3025 947 ὲπιφωσκούσης
3059 874 3158 940 τῆς
3189 872 3564 942 Πεντηκοστῆς
3602 870 3698 940 τὴν

2125 969 2622 1040 προγεγραμμένην
2664 967 3019 1038 ὑπογραφὴν,
3071 965 3276 1017 οἴδασιν
3328 964 3375 1015 οἱ
3433 961 3698 1032 παρόντες

2125 1061 2219 1114 καὶ
2244 1063 2272 1112 ὁ
2309 1059 2538 1129 εὐσεϐὴς
2583 1057 2864 1129 βασιλεὺς,
2897 1056 3036 1125 πρὸς
3079 1056 3135 1107 ὃν
3167 1055 3261 1107 καὶ
3306 1052 3700 1123 ἐμαρτυράμην

2126 1150 2389 1221 ἀγράφως
2415 1165 2474 1200 τε
2507 1149 2602 1200 καὶ
2661 1146 2979 1218 ἐγγράφως.
3011 1143 3167 1197 Μετὰ
3199 1143 3256 1196 δὲ
3299 1139 3472 1193 ταῦτα
3517 1140 3702 1208 οίκείῳ

2127 1241 2244 1310 ἤθει
2295 1239 2709 1310 ὑπογράψαντος
2757 1237 3083 1299 Οὐάλεντος,
3119 1235 3212 1287 καὶ
3260 1230 3702 1303 προστεθεικότος

2129 1334 2192 1400 τῇ
2229 1332 2538 1400 ὑπογραφῇ,
2579 1329 2761 1398 ὅμοιον
2793 1327 2884 1378 τὸν
2933 1325 3060 1378 Υἱὸν
3083 1323 3164 1392 τῷ
3193 1322 3386 1392 Πατρὶ,
3429 1321 3503 1391 μὴ
3531 1333 3702 1392 προσ-

2131 1421 2434 1482 τεθεικότος
2465 1420 2545 1486 δὲ,
2573 1419 2724 1471 κατὰ
2747 1417 2963 1480 πάντα,
2997 1416 3088 1468 καὶ
3121 1414 3393 1480 δείξαντος
3429 1413 3575 1474 ὅπως
3609 1411 3722 1462 xui»

2133 1513 2380 1565 συνέθετο
2405 1513 2517 1573 τοῖς
2543 1509 3080 1581 προγεγραμμένοις,
3121 1506 3153 1576 ἢ
3189 1506 3251 1557 τὸ
3273 1503 3556 1574 ὁμοούσιον
3585 1502 3704 1563 πῶς

2131 1607 2265 1666 νοεῖ,
2297 1600 2777 1672 ὲπισημηναμένου
2819 1617 2879 1651 τε
2911 1599 3098 1650 τοῦτον
3130 1595 3224 1647 τοῦ
3266 1593 3518 1656 εὐσεϐοῦς
3548 1593 3702 1660 βασι-

2135 1697 2292 1757 λέως,
2337 1695 2432 1750 καὶ
2481 1693 2887 1761 ἀναγκάσαντος
2917 1689 3078 1743 αὑτὸν
3101 1686 3412 1758 προσθεῖναι
3439 1685 3526 1748 τὸ,
3556 1683 3706 1736 κατὰ

2137 1786 2352 1847 πάντα,
2380 1786 2517 1854 ὅπερ
2549 1783 2642 1836 καὶ¹
2687 1779 3036 1851 προστέθεικε
3059 1819 3073 1843 ,
3121 1777 3398 1839 Βασίλειος
3437 1775 3704 1827 ὑποπτεύ-

459 1882 789 1944 observavit,
835 1890 888 1936 et
944 1891 1022 1944 ut,
1077 1884 1132 1936 iu
1172 1884 1410 1937 omnibus
1437 1920 1452 1943 ,
1511 1881 1770 1950 adjiceret
1810 1877 2030 1948 coegit:

2146 1900 2236 1945 σας
2263 1883 2357 1934 καὶ⁷
2391 1881 2473 1944 τὸ,
2499 1878 2649 1932 κατὰ
2688 1875 2904 1939 πάντα,
2947 1874 3060 1943 ἰδίῳ
3089 1873 3165 1942 νῷ
3197 1870 3356 1924 αὐτὸν
3391 1868 3706 1940 προστεθει-

459 1971 624 2042 idque
645 1979 703 2024 ut
725 1970 917 2039 jussus
953 1981 1072 2026 erat
1097 1973 1370 2041 praestitit.
1413 1971 1482 2024 At
1519 1969 1755 2024 Basilius
1783 1969 2034 2036 suspica-

461 2071 550 2118 tus
601 2077 762 2116 voccs
796 2061 935 2126 illas,
972 2063 1023 2116 in
1070 2062 1332 2128 omnibus,
1379 2078 1444 2116 ex
1485 2061 1704 2132 propria
1743 2068 1924 2115 mente
1971 2075 2036 2112 ac

461 2170 621 2210 sensu
675 2155 742 2208 ad
773 2153 1058 2208 formulam
1101 2155 1365 2224 adjectas,
1400 2170 1522 2210 cum
1568 2155 1874 2224 exemplum
1907 2169 2038 2224 pro-

462 2247 716 2302 fessionis
745 2247 893 2302 illius
921 2245 1118 2303 Valens
1148 2263 1271 2302 cum
1301 2249 1412 2302 suis
1445 2249 1646 2302 habere
1679 2249 1856 2311 vellet,
1883 2246 2026 2317 quod

462 2357 645 2396 secum
667 2341 734 2396 ad
755 2341 1152 2395 Ariminensem
1177 2340 1444 2411 synodum
1463 2340 1719 2405 deferret,
1747 2339 1851 2394 hoc
1875 2339 2036 2394 modo

463 2432 788 2501 subscripsit
825 2431 1104 2486 :Basilius
1163 2434 1455 2500 episcopus
1497 2432 1726 2502 Ancyra:
1753 2430 1938 2493 credo,
1984 2439 2036 2484 et

466 2523 734 2576 assentior
787 2522 854 2576 iis
904 2536 1024 2590 quae
1060 2535 1223 2590 supra
1258 2521 1464 2589 scripta
1515 2529 1664 2584 sunt,
1716 2519 1948 2575 similem
1977 2517 2030 2572 in

465 2613 720 2668 omnibus
766 2615 1030 2668 conﬁtens
1082 2611 1258 2668 Patris
1283 2629 1406 2668 esse
1442 2611 1661 2666 Filium.
1697 2610 1754 2664 In
1783 2610 2039 2664 omnibus

465 2719 596 2758 vero
623 2719 744 2759 cum
768 2703 914 2768 dico,
951 2719 1058 2757 non
1093 2703 1371 2758 voluntate
1425 2704 1600 2757 solum
1651 2702 1915 2768 intelligo,
1944 2698 2040 2754 sed

465 2806 520 2851 et
567 2797 942 2858 subsistentia,
983 2803 1037 2850 et
1104 2796 1446 2860 exsistentia,
1505 2792 1749 2861 adeoque
1801 2789 2040 2846 essentia

468 2889 604 2958 ipsa.
633 2895 820 2958 utpote
839 2886 1056 2950 Filium,
1079 2888 1222 2956 quod
1247 2902 1417 2942 sacra:
1441 2885 1660 2940 Littera:
1672 2883 2000 2938 confirmant
2025 2899 2040 2936 :

468 2982 719 3049 spiritum
749 2995 779 3034 e
813 2980 1032 3047 spiritu,
1067 2979 1230 3032 vitam
1261 2995 1292 3033 e
1319 2979 1448 3042 vita,
1487 2978 1670 3030 lumen
1724 2991 1755 3031 e
1801 2974 2024 3038 lumine,

469 3069 636 3124 Deum
701 3085 766 3124 ex
819 3069 946 3134 Deo,
979 3085 1166 3122 verum
1209 3067 1406 3120 Filium
1437 3083 1504 3120 ex
1539 3082 1692 3127 vero,
1719 3066 2040 3136 sapientiam

467 3157 662 3212 Filium
693 3173 723 3213 e
748 3157 958 3226 sapient
983 3155 1089 3210 Deo
1140 3171 1202 3208 ac
1235 3154 1412 3209 Patre.
1458 3154 1624 3224 870
1680 3155 1776 3216 Et,
1837 3159 1896 3206 ιιι
1931 3165 2042 3204 uno

467 3251 636 3304 verbo
667 3250 867 3310 dicam,
924 3245 1116 3300 Filium
1149 3245 1325 3300 Patris
1361 3247 1723 3314 undecunque
1775 3245 2038 3310 similem,

469 3343 548 3396 uti
612 3341 780 3394 tilium
821 3340 1010 3408 patris.
1039 3341 1115 3392 Ac
1140 3340 1184 3393 si
1211 3339 1336 3408 quis
1368 3339 1550 3407 aliqua
1583 3339 1760 3392 solum
1791 3353 1856 3390 ex
1887 3345 2040 3406 parte

2133 1975 2288 2028 κέναι
2323 1975 2402 2037 είς
2440 1972 2510 2026 τὰ
2541 1971 2630 2024 ἴσα
2667 1969 3036 2040 (ἐσπούδασαν
3056 1967 3106 2018 οἱ
3143 1965 3273 2036 περὶ
3297 1962 3570 2016 Οὐάλεντα
3607 1959 3704 2012 λα-

2133 2065 2267 2128 ϐεῖν,
2311 2065 2394 2132 ἐφ’
2433 2055 2534 2132 ᾧτε
2567 2059 2901 2130 ἀποκομίσαι
2951 2059 3029 2120 εἰς
3083 2055 3182 2125 τὴν
3243 2052 3386 2107 κατὰ
3434 2050 3712 2121 Ἀρίμινον

2135 2153 2412 2224 σύνοδον),
2459 2151 2774 2224 ὑπέγραψεν
2819 2148 3023 2212 οὕτως·
3079 2144 3362 2208 Βασίλειος
3411 2141 3710 2203 ἐπίσκοπος

2146 2247 2417 2317 Ἀγκύρας
2441 2243 2680 2298 πιστεύω
2707 2243 2802 2296 καὶ
2828 2239 3128 2293 συνευδοκῶ
3147 2240 3258 2300 τοῖς
3284 2234 3708 2307 προγεγραμμέ-

2135 2357 2264 2402 νοις,
2281 2339 2464 2408 ὅμοιον
2484 2333 2760 2406 ὁμολογῶν
2783 2334 2872 2386 τὸν
2891 2330 3020 2386 Υίδν
3040 2329 3118 2400 τῷ
3140 2329 3314 2399 Πατρὶ
3339 2327 3480 2381 κατὰ
3507 2325 3704 2377 πάντα.

2137 2431 2292 2484 Κατὰ
2327 2429 2504 2482 πάντα
2534 2427 2611 2489 δὲ,
2645 2425 2707 2477 οὐ
2754 2425 2911 2494 μόνον
2935 2420 3078 2475 κατὰ
3115 2419 3214 2490 τὴν
3261 2417 3512 2487 βούλησιν
3532 2454 3547 2478 ,
3577 2412 3712 2467 ἀλλὰ

2137 2523 2276 2576 κατὰ
2307 2521 2405 2590 τὴν
2459 2518 2788 2576 ὑπόστασιν,
2839 2515 2934 2568 καὶ
2989 2511 3128 2565 κατὰ
3161 2511 3260 2582 τὴν
3297 2507 3566 2578 ὓπαρξιν,
3617 2505 3713 2556 καὶ

2137 2613 2276 2668 κατὰ
2333 2612 2392 2664 τὸ
2421 2607 2593 2671 εἶναι,
2645 2609 2720 2670 ὡς
2764 2606 2890 2659 Υἱὸν
2928 2604 3070 2657 κατά
3116 2602 3216 2666 τὰς
3269 2600 3418 2662 θείας
3455 2597 3711 2669 Γραφὰς,

2142 2703 2362 2771 πνεῦμα
2388 2702 2451 2752 ὲκ
2473 2699 2802 2768 πνεύματος,
2827 2696 2970 2766 ζωὴν
3001 2697 3064 2747 ἐκ
3093 2693 3260 2762 ζωῆς,
3283 2693 3398 2760 φῶς
3421 2691 3485 2743 ὲκ
3515 2689 3711 2758 φωτὸς,

2140 2793 2270 2844 Θεὸν
2308 2793 2370 2842 ὲκ
2403 2789 2537 2842 Θεοῦ
2561 2829 2574 2850 ,
2623 2787 2873 2856 ἀληθινὸν
2911 2786 3037 2838 Υἰὸν
3083 2785 3144 2848 ἐξ
3190 2781 3444 2852 ἀληθινοῦ
3469 2821 3483 2844 ,
3527 2779 3718 2846 σοφίαν

2143 2884 2269 2935 Υἱὺν
2299 2883 2363 2934 ὲκ
2395 2880 2559 2948 σοφοῦ
2595 2879 2728 2932 Θεοῦ
2765 2879 2858 2930 καὶ
2893 2877 3124 2946 Πατρὸς,
3155 2874 3249 2928 καὶ
3293 2871 3550 2935 καθάπαξ
3579 2869 3718 2921 κατὰ

2144 2975 2318 3028 πάντα
2339 2973 2429 3025 τὸν
2455 2971 2580 3024 Υἰὸν
2605 2971 2789 3039 ὅμοιον
2817 2967 2895 3037 τῷ
2927 2968 3122 3038 “arpi,
3155 2965 3230 3027 ὡς
3255 2965 3368 3016 υἱὸν
3397 2962 3585 3032 πατρί.
3607 2960 3718 3012 Καὶ

2145 3067 2299 3129 εἴτις
2325 3065 2466 3118 κατά
2494 3081 2547 3115 τι
2579 3062 2728 3130 λέγοι
2759 3063 2964 3130 ὅμοιον,
2995 3060 3068 3121 ὡς
3099 3057 3530 3130 προγέγραπται,
3561 3053 3720 3106 ἀλλό-

2145 3173 2292 3227 τριον
2319 3151 2458 3208 εἶναι
2499 3154 2596 3224 τῆς
2629 3151 2928 3219 καθολικῆς
2971 3131 3316 3219 ’Ἑκκλησίας,
3352 3146 3426 3207 ὡς
3471 3145 3544 3213 μὴ
3579 3142 3721 3199 κατὰ

2143 3247 2240 3312 τὰς
2262 3246 2412 3309 θείας
2445 3243 2672 3316 Γραφὰς
2705 3245 2890 3313 ὂμοιον
2923 3241 3013 3296 τὸν
3048 3241 3176 3292 Υἱδν
3203 3239 3280 3310 τῷ
3321 3239 3494 3308 Πατρὶ
3525 3236 3718 3304 λέγων.

2151 3337 2489 3406 Ἀνεγνώσθη
2520 3339 2554 3406 ἡ
2589 3333 2913 3404 ὑπογραφὴ,
2953 3331 3046 3384 καὶ
3077 3330 3234 3400 ἐδόθη
3267 3329 3548 3390 Οὐάλεντι,
3580 3343 3722 3397 παρ-

478 3431 711 3486 similem
741 3444 862 3483 esse
893 3428 1058 3491 dicat,
1103 3439 1160 3481 ut
1182 3439 1306 3482 ante
1333 3428 1598 3496 scriptum
1629 3435 1734 3491 est,
1771 3427 1838 3480 ab
1859 3425 2042 3480 Eccle-

2146 3432 2290 3494 6vrog
2339 3431 2604 3502 Μάρκου,
2655 3427 2968 3496 Γεωργίου,
3019 3423 3356 3495 Οὑρσακίου,
3413 3420 3718 3492 Γερμανοῦ,

473 3521 553 3574 sia
586 3519 856 3573 catholica
889 3517 1125 3571 alienum
1165 3533 1288 3570 esse
1318 3531 1518 3571 censeo
1551 3534 1564 3568 :
1598 3531 1661 3570 eo
1697 3517 1842 3586 quod
1881 3531 1910 3569 e
1949 3531 2042 3570 sa.

472 3625 689 3664 crurum
725 3608 1053 3662 Litterarum
1096 3609 1416 3678 prazscripto
1465 3607 1874 3670 Patrisimilem
1923 3625 2045 3665 esse

2154 3521 2480 3576 ’Υπατιανοῦ
2531 3520 2642 3590 (52)
2691 3519 3032 3583 ἐπισκόπων,
3059 3517 3152 3570 κιιῖ¹
3201 3513 3586 3586 πρεσϐυτέρων
3629 3512 3726 3564 καὶ

2145 3612 2408 3666 διακόνων
2443 3611 2706 3664 πλειόνων
2717 3649 2730 3663 .

475 3699 668 3754 Filium
697 3715 802 3752 non
826 3705 1105 3768 agnoscat.
1139 3697 1301 3752 Lecta
1329 3705 1413 3752 est
1440 3699 1553 3752 hmc
1596 3699 1926 3768 subscriptio
1999 3711 2056 3754 et.
2118 3700 2334 3757 Valenti
2373 3701 2590 3755 tradita.
2624 3697 2886 3762 Adfuere,
2925 3695 3163 3760 Marcus,
3215 3694 3503 3766 Georgius,
3557 3691 3726 3747 Ursa-

473 3793 604 3850 tius.
641 3787 939 3843 Germanus
967 3795 1020 3842 et
1065 3787 1425 3858 Iiypatianus,
1467 3789 1730 3858 episcopi,
1772 3803 1895 3842 cum
1929 3791 2260 3863 presbyteris
2297 3807 2362 3846 ac
2391 3791 2636 3846 diaconis
2663 3791 2932 3860 pluribus.

549 3878 733 3934 XXIII.
791 3877 884 3934 Hae
937 3893 1099 3948 porro
1150 3879 1394 3948 epistola:
1435 3893 1464 3932 a
1519 3879 1677 3934 nobis
1710 3879 1798 3934 hic
1829 3887 2048 3934 attextze

476 3979 625 4036 sunt,
666 3983 724 4025 ιιι
761 3970 896 4024 illud
923 3971 1172 4026 eruditus
1217 3971 1446 4040 quisque
1504 3985 1568 4024 ac
1609 3987 1751 4026 vera:
1775 3971 1898 4026 fidei
1931 3979 2048 4026 stu-

478 4065 666 4118 diosus
689 4062 976 4132 intelligat,
1004 4077 1112 4116 non
1139 4061 1372 4116 inaniter
1419 4077 1484 4116 ac
1509 4063 1630 4117 sine
1657 4077 1826 4118 causa
1859 4079 1960 4118 nos
1989 4063 2046 4117 in

479 4155 712 4224 aliquem
749 4155 954 4220 invehi,
1009 4154 1102 4209 sed
1139 4155 1462 4210 certissimis
1499 4156 1916 4225 probationibus
1947 4157 2048 4211 niti

477 4245 633 4300 velIe.
664 4242 932 4297 Caeterum
959 4242 1100 4298 idem
1133 4243 1208 4296 illi
1227 4259 1420 4298 rursus
1450 4259 1480 4296 a
1507 4245 1624 4300 suis
1651 4244 2046 4308 discesserunt,

479 4353 602 4392 cum
661 4336 734 4392 ob
775 4335 986 4406 privata
1031 4337 1154 4391 odia
1211 4337 1585 4407 humanasque
1637 4338 1940 4393 simultates
1986 4346 2040 4393 et

478 4429 851 4486 aemulationes
869 4445 990 4485 sese
1014 4427 1243 4484 invicem
1273 4429 1470 4500 jurgiis
1509 4429 1864 4497 lacesserent,
1901 4439 1956 4486 et
1983 4429 2051 4484 de

2225 3885 2351 3936 Kl".
2395 3877 2563 3937 Αῦται
2610 3883 2667 3936 αί
2723 3879 3005 3934 ἐπιστολαὶ
3057 3875 3432 3948 μετετάγησαν
3477 3873 3612 3944 πρὸς
3665 3871 3730 3927 τὸ

2155 3975 2351 4028 εἰδέναι
2399 3975 2628 4028 ἕκαστον
2673 3973 2779 4027 τῶν
2821 3973 3140 4042 φιλολόγων,
3185 3969 3293 4022 τῶν
3323 3969 3392 4021 τά
3429 3967 3600 4037 ἀληθῆ
3627 3967 3728 4035 τῆς

2156 4067 2388 4129 πίστεως
2425 4064 2812 4136 ὲκζητούντων,
2841 4067 2923 4118 ὅτι
2968 4063 3028 4115 οὐ
3063 4060 3204 4114 κατὰ
3251 4059 3409 4113 κενοῦ
3452 4057 3728 4129 φερόμεθα

2157 4157 2292 4226 πρός
2313 4173 2465 4218 τινας
2489 4155 2687 4222 λέγειν,
2712 4153 2826 4208 ἀλλ’
2867 4151 2927 4216 ἐξ
2951 4149 3219 4220 ἀληθινῶν
3255 4147 3563 4202 συστάσεων
3589 4144 3734 4213 φιλο-

2155 4248 2462 4318 τιμούμεθα
2495 4247 2790 4317 ὁρμᾶσθαι.
2827 4243 3196 4315 Διηνέχθησαν
3226 4238 3320 4295 οὖν
3353 4243 3404 4292 oi
3435 4241 3590 4292 αὐτοὶ
3617 4239 3728 4306 (55)

2153 4340 2312 4393 πάλιν
2344 4339 2480 4411 πρὸς
2507 4340 2632 4402 τοὺς
2663 4339 2758 4391 σὺν
2784 4339 2986 4400 αὐτοῖς,
3023 4336 3112 4388 διὰ
3151 4335 3280 4404 μίση
3309 4332 3471 4385 τινῶν
3503 4333 3595 4384 καὶ
3633 4331 3732 4398 ζῆ-

2153 4429 2241 4484 λον
2271 4428 2607 4500 ἀνθρώπινον
2640 4425 3054 4502 ἐρεσχελοῦντες
3082 4425 3340 4496 ἑκάτερος
3369 4424 3506 4494 πρὸς
3535 4423 3731 4476 ἑκάτε-

483 4583 743 4637 Sirmium
776 4579 1012 4637 advolat.
1047 4580 1204 4653 Prior
1256 4581 1398 4637 enim
1443 4573 1707 4652 profectio
1755 4585 1808 4638 in
1847 4599 2049 4638 annum
2084 4590 2128 4646 D
2158 4585 2259 4638 fide
2293 4584 2626 4653 disputatio,
2677 4591 2732 4638 et
2778 4585 2844 4638 ad
2891 4591 3093 4648 certam
3143 4584 3384 4652 regulam
3441 4581 3731 4653 perducta,

483 4653 856 4722 superiorem,
884 4667 993 4720 quo
1018 4659 1071 4707 et
1099 4652 1444 4722 Ancyranum
1485 4655 1776 4709 concilium
1808 4656 2049 4710 celebra-

485 4721 598 4776 tum
638 4731 760 4786 est,
815 4721 1066 4776 incurrit.
1099 4721 1176 4777 lbi
1215 4721 1337 4776 cum
1380 4723 1671 4778 Ursacium
1699 4765 1712 4788 ,
1743 4723 2048 4788 Valentem,

485 4791 726 4846 Marcum
780 4789 1132 4848 Arethusium
1159 4834 1174 4859 ,
1214 4791 1523 4862 iGeorgium
1585 4795 2012 4849 Alexandrinum
2036 4835 2062 4862 ,_

483 4863 860 4934 Germinium,
911 4863 1153 4934 aliosque
1207 4861 1456 4916 factionis
1505 4863 2054 4934 Arianaexprincipes

485 4931 801 5004 offendisset
822 4973 836 4996 ,
870 4947 1001 5004 cum
1044 4931 1149 5004 illis
1178 4947 1507 5004 congressus
1533 4945 1645 4992 est.
1690 4950 1750 4987 ac
1783 4931 1909 5004 post
1940 4935 2056 4986 lon-

485 5017 607 5074 gam
643 5001 1067 5074 altercationem,
1099 5003 1313 5074 demum
1342 5003 1679 5058 allahorante
1709 5001 2052 5068 Constantio,

486 5071 542 5128 in
575 5087 694 5126 eam
735 5071 855 5125 fidei
891 5071 1282 5141 professionem
1338 5088 1663 5126 consensum
1713 5075 1780 5128 ab
1809 5076 2065 5130 omnibus

485 5150 602 5205 est,
645 5151 701 5212 ut
728 5141 948 5212 οὐσίας,
989 5151 1041 5196 et
1092 5141 1370 5212 ὁμοουσίου
1411 5143 1624 5196 abolitis
1672 5146 1898 5198 vocibus
1927 5187 1941 5211 ,
1977 5145 2065 5197 Fi-

491 5213 622 5266 lium
674 5210 821 5264 Patri
877 5228 973 5280 per
1023 5210 1204 5266 omnia
1261 5213 1493 5266 similem
1547 5213 1895 5268 afﬁrmarent.
1929 5210 1932 5211 ⁷
1963 5215 2065 5267 (iui

491 5281 692 5334 Valens
755 5281 955 5334 invitus
1015 5283 1370 5350 subscripsit;
1429 5282 1661 5337 Basilius
1711 5300 1875 5347 vero,
1916 5285 2064 5352 quod

491 5353 780 5422 impetrare
826 5353 1049 5406 minime
1087 5353 1388 5422 potuisset:
1436 5361 1496 5404 ut
1553 5355 1608 5406 in
1663 5353 1894 5406 formula
1947 5357 2062 5422 ipsa

493 5419 795 5492 substantia
823 5423 1009 5474 similis
1037 5419 1312 5476 diceretur
1341 5419 1511 5476 Filius
1533 5463 1546 5486 ,
1577 5423 1630 5476 in
1660 5419 2062 5492 subscriptione

495 5505 592 5544 sua
630 5490 760 5558 quid
809 5493 1066 5551 sentiret.
1121 5499 1377 5546 testatum
1425 5494 1635 5556 voluit,
1679 5501 1738 5546 ut
1789 5490 1896 5548 hoc
1941 5496 2063 5550 loco

497 5570 683 5630 narrat
717 5561 1070 5630 Epiphanius.
1113 5561 1311 5616 Valens
1345 5578 1470 5616 cum
1519 5565 1618 5617 hac
1673 5564 1904 5617 formula
1941 5567 2063 5619 fidei

497 5629 682 5704 statim
725 5629 1206 5704 ‘ad’Ariminense
1263 5633 1554 5704 concilium
1615 5635 1872 5702 perrexit.
1923 5635 2065 5690 Inter

500 5697 686 5774 liilarii
721 5699 1018 5771 fragmenta
1061 5711 1233 5756 exstat
1263 5703 1492 5774 cpistola
1525 5697 1784 5756 GernIinii
1813 5747 1826 5766 ,
1863 5723 1925 5758 ex
1960 5722 2066 5774 qua

501 5767 940 5843 illud_pr_:eterea
991 5767 1377 5841 cognoscitur:
1413 5773 1547 5825 Cum
1607 5785 1872 5843 przcsente
1923 5767 2067 5829 Con-

501 5837 708 5896 stantio
741 5839 950 5910 longius
1007 5837 1085 5897 ad'
1123 5850 1334 5898 noctem
1373 5859 1544 5914 usque
1578 5837 1784 5914 prolata
1828 5853 1969 5902 esset
2003 5846 2068 5902 de

2161 4651 2403 4708 Marcum
2449 4653 2801 4709 Arethusium
2852 4653 2919 4706 ab
2960 4662 3188 4722 utraque
3211 4651 3385 4722 iparte
3421 4668 3544 4706 esse
3587 4651 3734 4706 dele-

2161 4733 2331 4788 etum,
2370 4740 2399 4776 a
2451 4739 2560 4792 quo
2606 4723 2924 4778 Sirmiensis
2976 4725 3066 4776 illa
3115 4723 3344 4776 formula
3377 4723 3612 4786 dictata;
3645 4723 3734 4775 cui

2161 4810 2306 4848 coss.
2335 4793 2538 4862 praefixi
2568 4803 2716 4848 sunt.
2755 4793 2832 4846 Ex
2853 4793 3052 4862 quibus
3077 4800 3301 4861 apparet
3325 4833 3338 4856 ,
3371 4792 3735 4862 Germinium,

2162 4881 2284 4917 cum
2332 4861 2596 4919 hactenus
2637 4861 3022 4917 Anommorum
3067 4862 3302 4930 perfidia:
3333 4878 3456 4916 cum
3515 4861 3737 4914 Valente

2162 4941 2215 4988 et
2255 4935 2484 4990 Ursacio
2538 4933 2772 4988 fuisset:
2822 4935 3019 5000 quibus
3064 4948 3186 4984 cum
3225 4934 3388 4986 etiam
3433 4931 3621 4986 Osium
3669 4930 3738 4984 ad

2161 5005 2478 5073 ὸμοουσίου,
2511 5015 2566 5059 et
2614 5005 2919 5073 ὁμοιουσίου
2975 5001 3237 5056 tollendas
3267 5018 3297 5056 e
3350 5003 3528 5073 medio
3571 5015 3738 5054 voces

2165 5069 2450 5144 adegerat,
2489 5082 2548 5128 ut
2583 5069 2676 5128 lib.
2721 5090 2806 5135 tv,
2841 5089 2960 5140 cap.
3003 5074 3056 5124 II
3082 5111 3097 5136 ,
3133 5073 3327 5126 scribit
3375 5069 3735 5144 Sozomenus,

2165 5145 2234 5198 ab
2267 5143 2372 5200 illis
2399 5147 2676 5213 paululum
2720 5145 3071 5204 dissensisse,
3107 5149 3160 5194 et
3193 5157 3483 5213 suppressa
3519 5146 3619 5210 τῆς
3637 5143 3738 5213 οὑ-

2165 5215 2284 5278 σίας
2320 5211 2614 5278 mentione,
2643 5213 2764 5268 Filii
2796 5230 2890 5283 per
2923 5216 3106 5267 omnia
3149 5227 3272 5265 cum
3303 5211 3461 5266 Patre
3483 5212 3738 5265 similitu-

2163 5287 2346 5340 dinem
2388 5289 2697 5354 agnovisse.

2235 5355 2346 5422 (59.)
2398 5350 2707 5423 Γερμανοῦ
2733 5397 2747 5420 ,
2812 5351 3180 5406 Ὑπατιανοῦ.
3235 5351 3341 5404 Alii
3408 5350 3734 5420 Γερμανίου’

2167 5427 2260 5482 sed
2291 5427 2576 5496 Γερμινίου
2621 5427 2723 5493 leg.

2240 5489 2794 5566 (55)’Ᾰιηνέχθηξγαν
2821 5489 2936 5548 οὖν
2965 5496 3016 5546 οἱ
3041 5493 3235 5566 αὐτοιἸ
3289 5491 3524 5546 Basilius
3559 5489 3738 5560 Ancy-

2169 5563 2339 5619 ranus'
2367 5576 2487 5634 post
2515 5567 2868 5620 Sirmiensem
2897 5565 3192 5634 synodum,
3225 5563 3276 5614 in
3311 5578 3418 5630 qua
3455 5572 3738 5634 strenuam

2170 5633 2432 5690 adversus
2471 5636 2762 5690 Pbotinum
2793 5633 3014 5703 operam
3039 5641 3362 5692 navaverat,
3402 5633 3544 5701 apud
3569 5633 3739 5703 impe-

2171 5716 2404 5759 ratorem
2455 5708 2629 5775 gratia
2679 5702 2972 5774 plurimum
3001 5743 3015 5766 ,
3051 5704 3482 5775 etrauctoritate
3535 5702 3736 5775 valuit;

2173 5791 2297 5828 nam
2333 5775 2402 5828 ab
2429 5767 2716 5847 Avncyran'o
2761 5775 2995 5847 concilio
3027 5773 3091 5847 ad
3127 5774 3277 5826 illum
3300 5775 3575 5847 allegatus
3607 5767 3744 5847 nihil

2173 5861 2281 5901 non
2303 5839 2570 5915 obtinuit,
2608 5849 2741 5902 adeo
2784 5854 2840 5899 ut
2881 5845 3221 5913 Eudoxium,
3263 5839 3494 5915 ejusque
3541 5839 3742 5897 suifrao
