4134 6386
346 409 457 470 «HS

1016 416 1386 474 ADVERSUS
1424 418 1762 475 HERESES
1787 419 1916 477 LIB.
1957 420 2044 477 111.
2085 420 2248 476 ΤΟΜ.
2292 419 2333 475 l.
2370 451 2439 460 —
2479 418 2751 475 HATRES.
2794 420 3028 476 LXXIII.

3488 421 3595 479 446

350 546 463 599 ρον.
501 528 595 582 καὶ
620 528 1029 602 φιλαρχοῦντες.
1060 532 1162 586 Καὶ
1198 534 1501 622 ἐκρατύνθη
1533 536 1652 588 τότε
1679 536 1740 588 τὸ
1766 518 1928 607 μέρος

2044 536 2338 607 principatu
2396 538 2809 592 contenderent.
2856 538 2934 594 Ac
2974 547 3087 591 tum
3138 534 3595 591 Semiarianorum

342 619 550 677 τούτων
572 620 680 674 τῶν
719 621 1075 693 Ἠμιαρείων,
1099 624 1208 678 τῶν
1246 626 1378 695 περὶ
1416 619 1713 688 Βασίλειον,
1754 627 1919 696 φημὶ,

344 711 444 765 καὶ
492 710 793 782 Γεὼργιον,
851 713 946 766 καὶ
994 714 1277 769 Σιλουανὸν
1320 715 1433 785 (54)
1457 757 1471 779 ,
1532 717 1626 769 καὶ
1670 716 1923 778 λοιποὺς,

345 798 565 869 ἔχοντες
597 799 715 870 μεθ’
746 800 958 854 ἑαυτῶν
978 804 1178 873 σαρκὸς
1211 803 1390 867 δεξιὰν
1414 806 1792 859 Κωνστάντιον
1833 805 1924 858 τὸν

347 889 599 959 βασιλέα,
656 893 708 943 oi.
742 892 871 964 περὶ
912 893 1193 957 Εὑδόξιονι
1224 894 1337 966 (55)
1374 896 1468 950 καὶ
1524 896 1792 967 Γεώργιον
1834 896 1927 949 τὸν

360 971 745 1046 ’Δλεξανδρὲα,
804 975 898 1028 καὶ
947 976 1184 1039 Εὺζώῐον
1240 978 1331 1030 τὸν
1386 979 1680 1049 Ἀντιοχέα.
1717 982 1827 1035 Καὶ
1877 982 1925 1033 oi

351 1064 452 1133 μὲν
482 1065 611 1136 περὶ
643 1066 924 1119 Βασίλειον
953 1069 1046 1120 καὶ
1078 1068 1351 1139 Γεώργιον
1392 1072 1483 1123 τὸν
1505 1071 1769 1124 Λαώικέα
1805 1073 1929 1125 ὲτα·

348 1154 711 1226 πεινώθησαν,
739 1157 940 1227 καίπερ
966 1158 1136 1212 πολλὰ
1166 1159 1509 1230 ἰσχύσαντες.
1544 1160 1635 1225 Ἐξ
1660 1155 1735 1214 ὧν
1765 1161 1930 1216 πάλιν

352 1246 535 1318 ἕτεροι
562 1248 889 1320 διῃρέθησαν
930 1250 1028 1319 τῆς
1054 1250 1222 1321 αὐτῆς
1255 1250 1517 1323 αἱρέσεως
1543 1253 1635 1305 καὶ
1674 1252 1891 1307 συνόδου
1912 1270 1926 1282 ο

351 1339 447 1391 κα.)⁸
470 1338 662 1407 γέγονε
693 1340 753 1393 τὸ
781 1339 891 1393 τῶν
924 1340 1214 1411 ’Δρειανῶν
1270 1340 1435 1412 etiam
1446 1360 1520 1411 μα
1559 1344 1639 1406 είς
1679 1343 1806 1414 τρία
1836 1344 1933 1398 τά-

350 1444 565 1499 γματα.
582 1431 832 1494 ’Δκάκιος
857 1430 966 1503 γὰρ
990 1434 1018 1484 ὁ
1036 1431 1388 1497 Παλαιστῖνος
1409 1437 1437 1487 ὁ
1455 1437 1790 1508 Καισαρείας
1815 1438 1931 1507 ἅμα

351 1518 622 1587 Μεὶετίῳ,
656 1519 752 1572 καὶ
793 1520 1043 1590 Οὐρανίῳ
1074 1520 1154 1591 τῷ
1184 1521 1366 1597 Τυρίῳ
1391 1523 1524 1593 (56),
1554 1526 1647 1578 κού.
1686 1526 1933 1597 Εὐτυχίῳ

351 1606 432 1677 τῷ
462 1609 945 1682 Ἑλευθεροπολίτῃ
963 1609 1052 1663 διὰ
1079 1611 1170 1665 τὸν
1200 1613 1336 1683 πρὸς
1361 1612 1626 1684 Κύριλλον
1646 1616 1736 1669 τὸν
1769 1616 1932 1687 Ἱερο-

356 1700 656 1772 σολυμίτην
701 1700 865 1771 ζῆλόν
897 1719 957 1754 τε
1005 1702 1101 1755 καὶ
1144 1706 1301 1773 μῖσος
1329 1705 1619 1760 ἀνθίστατο
1662 1709 1772 1769 τοῖς
1805 1706 1933 1777 περὶ

357 1790 656 1854 Βασίλειον,
680 1792 777 1844 καὶ
815 1790 1083 1863 Γεώργιον
1099 1793 1190 1847 τὸν
1214 1795 1504 1858 Δαοδικέα,
1529 1797 1621 1850 καὶ
1649 1797 1934 1851 Σιλουανὸν

354 1879 448 1934 τὸν
476 1882 716 1953 Ταρσέα,
757 1882 1029 1937 ΪΕλεύσιόν
1057 1901 1118 1937 τε
1156 1885 1249 1939 τὸν
1290 1887 1555 1952 Κυζίκου,
1600 1888 1933 1942 Μακεδόνων

356 1971 449 2025 τὸν
498 1973 1221 2043 Κωνσταντινουπολιτανόν,
1282 1975 1578 2033 Εὐστάθιον
1623 1979 1713 2031 τὸν
1768 1979 1933 2033 Σεϐα-

361 2063 547 2127 στείας
592 2064 689 2117 κα)⁵
729 2064 969 2118 ’Δνιανὸν
1015 2065 1107 2119 τὸν
1144 2067 1453 2138 Ἀντιοχέα,
1501 2069 1620 2122 τότε
1664 2087 1936 2124 καταστα-

360 2153 565 2208 θέντων
594 2155 615 2185 ⁹
644 2157 765 2208 κατ’
791 2155 969 2209 αὐτῶν
998 2157 1112 2229 (57)
1141 2158 1332 2212 ἑαυτὸν
1359 2160 1694 2230 στρατεύσας
1720 2163 1749 2213 ὀ
1774 2161 1935 2226 αὐτὸς

374 2244 630 2308 ’Δκάκιος
677 2244 876 2316 πολλὴν
910 2247 1108 2318 φύρσιν
1154 2249 1470 2321 εἰργάσατο.
1503 2251 1612 2304 Καὶ
1648 2252 1934 2320 γεγόνασιν

359 2335 442 2398 εἰς
472 2335 735 2406 ἀλλήλους
760 2338 1016 2409 ὁμόδοξον
1045 2338 1145 2410 μὲν
1180 2338 1402 2411 γνώμην
1441 2342 1791 2413 κεκτημένοι,
1821 2343 1937 2397 δια-

361 2427 550 2496 φόρως
576 2427 632 2480 δὲ
659 2427 892 2482 ἑκάστου
926 2429 1107 2484 αὐτῶν
1136 2430 1541 2501 ὁμολογοῦντος,
1567 2434 1647 2496 είς
1678 2433 1939 2505 ἀλλήλους

359 2516 767 2590 διενηνεγμένοι
787 2560 803 2585 ,
844 2522 941 2574 καὶ
971 2521 1314 2592 σχισθέντες,
1340 2526 1420 2588 είς
1470 2524 1539 2577 τὰ
1570 2527 1942 2597 προειρημένα

359 2611 768 2683 διεσπάσθησαν
800 2614 928 2685 τρία
981 2616 1257 2687 τάγματα.
1304 2616 1362 2670 '0
1411 2617 1510 2688 μὲν
1548 2618 1657 2690 γὰρ
1692 2620 1943 2684 Ἀκάκιος

361 2704 460 2755 καὶ
497 2704 548 2756 οἱ
597 2705 713 2774 μετ’
745 2704 908 2758 αὐτοῦ
957 2704 1080 2758 οὔτε
1133 2706 1415 2777 ὁμοούσιον
1441 2708 1772 2777 ὡμολόγουν,
1820 2708 1944 2762 οὔτε

365 2797 574 2867 κτίσμα
615 2796 674 2850 ἒν
714 2798 823 2852 τῶν
867 2800 1202 2870 κτισμάτων,
1235 2801 1435 2872 καίπερ
1479 2803 1527 2854 οἱ
1568 2802 1719 2855 αὐτοὶ
1764 2792 1941 2874 ὑπάρ-

365 2904 556 2957 χοντες
575 2905 587 2917 ·
617 2890 801 2959 κρυφῆ
826 2889 882 2942 δὲ
910 2890 998 2943 διὰ
1036 2893 1127 2945 τὸν
1175 2891 1367 2963 καιρὸν
1410 2893 1943 2963 παρασιωπήσαντες

365 2978 432 3033 τὸ
455 2979 552 3034 τοῦ
596 2981 917 3053 κτίσματος,
948 2983 1104 3037 αὐτοὶ
1153 2985 1254 3055 μὲν
1301 2983 1413 3037 ὅλοι
1451 2979 1613 3055 ἦσαν,
1650 2987 1824 3038 ὁποῖοι
1849 2986 1945 3039 καὶ

445 3141 462 3171 ί
489 3137 651 3195 Deest
677 3138 902 3209 aliquid.
982 3141 1004 3170 ²
1031 3157 1123 3210 γρ.
1165 3141 1591 3198 κατασταθέντα.

372 3294 976 3368 gatores‘imperatoris
1003 3295 1183 3353 edicto
1212 3299 1549 3368 percelleret.
1582 3299 1707 3352 Mox
1735 3299 1789 3352 in
1820 3297 1945 3352 Ari-

376 3365 616 3439 inmensi
666 3373 721 3419 et
747 3365 1079 3439 Seleuciensi
1131 3365 1341 3439 synodo
1372 3368 1768 3439 congregandis
1804 3383 1940 3439 pra:-

376 3437 570 3518 c,ipuas
610 3442 809 3518 partes
859 3437 991 3507 egit.
1020 3435 1242 3518 Verum.
1273 3439 1451 3518 paulo
1483 3435 1605 3518 post
1647 3435 1832 3518 Acacii
1864 3437 1946 3518 fa-_

378 3504 562 3578 ctione
594 3504 863 3578 deiectus,
887 3504 997 3560 non
1027 3510 1191 3561 modo
1230 3504 1575 3578 imperatoris
1608 3511 1812 3577 gratia.
1852 3506 1949 3561 sed

377 3577 697 3644 episcopatu
769 3575 993 3646 insuper
1041 3578 1263 3633 excidit.
1308 3575 1668 3648 'Flagrabant
1714 3593 1809 3648 per
1860 3578 1950 3630 illa

379 3655 631 3714 tempora
663 3659 775 3699 non
825 3650 1002 3701 solum
1044 3647 1187 3703 inter
1234 3647 1469 3702 Arianos
1518 3656 1573 3702 et
1614 3647 1948 3710 Catholicos,

382 3716 481 3770 sed
513 3717 657 3769 inter
685 3716 834 3785 ipsos
864 3717 1102 3774 Arianos
1136 3718 1385 3773 dissidia.
1418 3717 1662 3783 Quorum
1692 3719 1813 3773 duaa
1852 3733 1953 3783 po-

380 3786 659 3839 tissimum
714 3785 980 3841 factiones
1027 3798 1203 3843 erant.
1259 3785 1487 3854 Quidam
1544 3789 1691 3843 enim
1729 3803 1793 3842 ex
1841 3787 1951 3841 illis

381 3855 523 3928 meri
551 3855 822 3928 dogmatis
879 3859 1119 3928 fautores
1145 3858 1312 3922 nihil,
1360 3858 1505 3928 quod
1556 3858 1623 3911 ad
1643 3857 1869 3928 *οὐσίαν
1900 3863 1955 3912 et

384 3925 751 3994 substantiam
807 3927 1079 3994 pertinet,
1130 3924 1421 3983 commune
1470 3944 1593 3983 esse
1642 3924 1778 3982 Filio
1829 3941 1955 3982 cum

385 3991 552 4068 Patre
604 3991 947 4068 sentiebant;
973 3996 1204 4068 ideoque
1258 4005 1367 4052 tam
1400 3998 1740 4068 ὁμοιούσιον,
1766 4010 1954 4068 quam

386 4063 677 4136 ὁμοούσιον
699 4063 1235 4136 ιἐριιόίεὺθιιιίηρο
1282 4063 1447 4122 ullani
1475 4069 1698 4121 omnino
1725 4063 1825 4136 τῆς
1869 4066 1959 4118 οὐ·

390 4134 512 4208 σίας
544 4134 1259 4208 ωειιιὶοὴᾼεωᾼοάιιιίιιεθαηι
1282 4155 1297 4200 ;
1323 4153 1421 4208 pro
1450 4154 1514 4194 eo
1538 4153 1602 4193 ae
1625 4134 1871 4208 pluribus
1899 4137 1956 4208 in

387 4204 608 4258 illorum
643 4205 1022 4259 conciliabulis
1075 4204 1354 4263 decretum
1388 4207 1589 4272 fuerat,
1618 4204 1850 4261 maxime
1900 4206 1957 4260 in

387 4272 633 4345 secunda
659 4275 943 4345 Sirmiensi
977 4276 1206 4331 formula
1232 4316 1247 4341 ,
1282 4293 1445 4345 quam
1472 4278 1584 4333 Osii
1631 4287 1685 4332 et
1726 4275 1958 4330 Potamii

393 4344 788 4417 blasphemiam
840 4343 1080 4402 Hilarius
1131 4343 1387 4417 appellat.
1436 4346 1640 4417 Horum
1682 4348 1957 4417 principes

389 4424 550 4485 erant
582 4412 862 4470 Eudoxius
882 4455 897 4479 ,
923 4418 1015 4485 qui
1039 4412 1429 4473 Antiochenam
1445 4415 1628 4469 sedem
1644 4412 1962 4485 occuparat,

391 4483 836 4557 Aetii‘patronus
864 4525 879 4551 ,
915 4483 1180 4557 Georgius
1223 4488 1623 4542 Alexandrinus
1648 4526 1661 4547 ,
1700 4483 1955 4557 Euioiiis,

394 4554 486 4623 qui
536 4553 840 4608 Antiochia:
886 4563 1008 4625 post
1052 4553 1461 4611 exauctoratum
1504 4557 1773 4612 Meletium
1800 4554 1961 4610 sull‘e-

394 4634 521 4677 ctus
566 4632 687 4678 est:
739 4639 954 4679 necnon
1000 4628 1231 4681 Aeacius
1284 4627 1675 4689 Caesariensis,
1724 4625 1960 4680 Uranius

2027 627 2257 681 istorum
2310 629 2558 697 partibus
2607 630 2774 683 robur
2811 630 3069 696 accessit;
3121 629 3175 682 in
3223 629 3420 698 quibus
3449 627 3618 683 fuere

2026 720 2280 783 Basilius,
2336 719 2622 791 Georgius,
2656 720 2951 786 Silvanus,
3002 736 3065 774 ac
3126 721 3331 788 caeteri,
3394 712 3620 791 quibus?

2026 811 2211 865 carnis
2244 786 2528 864 brachium
2564 810 2877 880 adjumento
2921 819 3056 877 erat,
3090 786 3464 865 Constantium
3500 786 3620 880 im»!~

2028 912 2333 970 peratorem
2395 874 2660 971 intelligo.
2689 900 2987 956 Obtinuere
3023 874 3203 954 tamen
3253 874 3620 969 postmodumI

2031 989 2333 1054 Eudoxius,
2368 996 2423 1044 et
2461 988 2732 1059 Georgius
2790 987 3218 1054 Alexandrinus,
3260 997 3313 1042 et
3358 990 3621 1044 Euzoius‘

2029 1079 2421 1133 Antiochenus.
2447 1079 2682 1135 Basilius
2710 1095 2838 1135 vero
2871 1094 2934 1135 ac
2963 1078 3227 1150 Georgius
3258 1079 3600 1139 Laodicenus

2030 1186 2155 1225 cum
2213 1171 2330 1226 suis
2383 1171 2592 1225 minore
2649 1171 2702 1224 in
2751 1172 2928 1240 pretio
2961 1186 3083 1226 esse
3121 1181 3425 1241 coeperunt.
3475 1186 3599 1225 cum

2032 1261 2296 1317 hactenus
2349 1261 2637 1330 plurimum
2694 1263 3015 1329 auctoritate
3060 1263 3381 1317 valuissent.
3421 1261 3497 1315 Ex
3534 1262 3604 1315 iis

2032 1367 2249 1407 rursum
2289 1352 2380 1405 alii
2438 1352 2507 1407 ab
2549 1351 2739 1406 eadem
2790 1352 2982 1407 haeresi
3028 1368 3092 1407 ac
3149 1353 3359 1424 synodo
3404 1352 3604 1407 divulsi

2034 1451 2183 1507 sunt,
2232 1444 2367 1499 adeo
2420 1452 2480 1498 ut
2530 1444 2858 1499 Arianorum
2891 1450 3037 1499 secta
3066 1445 3170 1498 tria
3219 1445 3273 1498 in
3306 1434 3624 1498 factionum

2033 1537 2265 1590 divortia
2323 1536 2659 1591 discesserit.
2703 1536 2836 1589 Nam
2871 1526 3102 1592 Aeacius
3138 1534 3460 1591 Palaestinos
3485 1535 3605 1590 Cae-

2033 1641 2203 1682 sarem
2233 1627 2541 1697 episcopus,
2577 1642 2701 1682 cum
2748 1626 2980 1692 Meletio,
3011 1636 3067 1681 et
3098 1626 3303 1682 Uranio
3340 1625 3524 1698 Tyrio,
3553 1634 3609 1681 et

2039 1716 2307 1787 Eutycbio
2333 1717 2865 1788 Eleutheropolitano
2896 1733 2998 1787 pro
3021 1734 3087 1773 eo
3123 1733 3232 1789 quo
3267 1719 3321 1772 in
3348 1718 3608 1789 Cyrillum
3632 1753 3641 1759 .

2035 1808 2583 1880 Hierosolymitanmn
2642 1811 2770 1865 odio
2818 1818 2875 1865 et
2928 1810 3126 1864 invidia
3171 1811 3451 1881 ﬂagrabat,
3497 1797 3628 1863 ~Ba-'

1966 1941 2012 2000 Β
2042 1900 2167 1955 silio
2239 1916 2303 1955 ac
2349 1899 2581 1972 Georgio
2647 1901 2987 1966 Laodiceno,
3045 1900 3267 1956 Silvano
3320 1900 3604 1964 Tarsensi,

2041 1989 2261 2046 Eleusio
2289 1990 2577 2063 Cyziceno,
2615 1990 2931 2046 Macedonio
2980 1982 3627 2063 Constantinopolitano,

2041 2081 2320 2138 Eustathio
2340 2083 2639 2138 Sebasteno
2683 2092 2741 2139 et
2760 2084 2971 2137 Aniano
2999 2083 3337 2138 Antiocheno
3372 2083 3611 2152 seipsum

2039 2174 2314 2244 opposuit,
2349 2175 2443 2245 qui
2500 2182 2614 2228 tum
2663 2175 2943 2229 constituti
2991 2189 3114 2229 cum
3148 2184 3505 2235 essent,suas
3557 2175 3610 2226 in

2038 2280 2135 2320 eos
2170 2265 2316 2320 vires
2363 2252 2579 2335 collegit
2623 2266 2876 2330 Aeacius,
2905 2280 2970 2320 ac
3009 2264 3295 2319 turbarum
3318 2266 3612 2336 plurimum

2044 2357 2299 2412 concivit.
2333 2354 2410 2411 Ita
2463 2357 2663 2411 factum
2720 2364 2824 2421 est,
2867 2364 2926 2410 ut
2948 2370 3073 2411 cum
3106 2356 3162 2408 in
3192 2340 3379 2408 eadem
3411 2353 3614 2422 alioqui

2045 2461 2236 2501 omnes
2288 2447 2543 2517 opinione
2594 2446 2795 2514 forent,
2830 2463 2939 2501 non
3000 2445 3191 2501 eodem
3236 2454 3416 2499 tamen
3456 2446 3617 2498 modo

2046 2536 2245 2605 singuli
2294 2536 2652 2607 professionis
2694 2552 2807 2592 suae
2838 2536 3130 2591 formulam
3161 2536 3529 2603 conciperent,
3565 2540 3620 2588 et

2047 2643 2078 2682 a
2112 2644 2170 2683 se
2201 2628 2431 2682 invicem
2463 2628 2808 2683 dissiderent.
2858 2627 2935 2680 Ex
2963 2642 3070 2697 qua
3105 2625 3372 2681 divisione
3414 2625 3467 2679 in
3505 2633 3620 2678 tres

2048 2717 2190 2789 illas.
2231 2732 2368 2785 quas
2402 2715 2562 2770 modo
2588 2716 2849 2783 diximus,
2873 2715 3139 2770 factiones
3172 2714 3422 2770 distracti
3467 2720 3617 2770 sunt.

2048 2806 2261 2862 Etenim
2301 2808 2531 2864 Aeacius
2575 2823 2697 2862 cum
2736 2809 2853 2862 suis
2877 2822 3053 2877 neque
3094 2806 3620 2861 consubstantialem

2049 2898 2318 2953 fatebatur
2361 2915 2482 2955 esse
2539 2897 2756 2960 Filium,
2798 2915 2974 2967 neque
3018 2907 3323 2953 creaturam
3350 2915 3414 2951 ex
3455 2899 3615 2967 871

2048 2997 2362 3042 caaterarum
2411 2986 2604 3043 ordine
2632 3003 2697 3042 ac
2738 3003 2990 3042 numero.
3035 2986 3100 3040 Et
3151 2986 3400 3056 quamvis
3431 2988 3620 3041 eadem

1971 3305 2014 3365 (ζ
2047 3297 2198 3352 enim
2230 3297 2462 3352 Acacius
2492 3296 2844 3353 Cmsariensis
2875 3312 3000 3351 cum
3048 3294 3263 3350 Meletio
3287 3335 3301 3359 ,
3331 3301 3387 3365 et
3417 3293 3622 3348 Uranio

2048 3367 2249 3439 Tyrio.
2291 3368 2557 3439 Eutychio
2612 3367 3185 3439 Eleutheropolitano,
3236 3374 3291 3439 e_t
3323 3364 3618 3439 aliis_qui-

2046 3435 2276 3493 busdam
2312 3435 2442 3492 suas
2467 3437 2585 3506 ipse
2609 3447 2791 3507 partes
2816 3435 3216 3507 constituittac
3248 3435 3623 3507 Semiariano-

2050 3524 2173 3561 rum
2204 3507 2439 3563 ducibus
2471 3504 2734 3562 acerrime
2782 3508 2986 3561 restitit
3028 3508 3080 3560 in
3122 3504 3454 3560 Seleuciensi
3486 3520 3623 3559 eon—

2051 3577 2198 3633 cilio.
2233 3577 2335 3643 Qui
2381 3577 2436 3631 in
2475 3592 2577 3641 eo,
2605 3587 2658 3631 ut
2699 3578 2926 3646 opinor,
2975 3577 3043 3631 ab
3088 3573 3360 3646 Eudosio,
3393 3575 3624 3644 aliisque

2052 3647 2353 3719 pmfractis
2383 3647 2629 3702 Aetianis
2657 3643 3022 3719 discrepabat,
3062 3646 3208 3719 quod
3234 3643 3431 3719 Filium
3466 3643 3615 3719 crea-

2055 3715 2233 3772 iuram
2292 3733 2457 3780 esse,
2518 3726 2612 3770 aut
2662 3715 2853 3771 Patris
2889 3717 3214 3771 dissimilem
3247 3716 3351 3770 etsi
3399 3715 3624 3786 perinde

2055 3796 2220 3857 atque
2278 3788 2353 3841 illi
2382 3788 2645 3851 sentiret,
2680 3803 2790 3841 non
2828 3795 3009 3842 tamen
3038 3786 3208 3841 libere
3255 3786 3623 3857 audacterque

2094 3855 2425 3912 rofiteretur.
2465 3857 2537 3913 De
2576 3859 2661 3913 bis
2702 3858 2928 3911 consule
2968 3856 3245 3911 Socratem
3274 3855 3366 3910 lib.
3396 3871 3470 3920 ll,
3498 3870 3623 3924 cap.

2098 3929 2121 3982 1
2154 3937 2206 3982 et
2237 3929 2621 3995 sequentibus;
2657 3926 2982 3981 Theodoret.
3022 3925 3113 3981 lib.
3140 3942 3198 3990 ιι,
3242 3940 3361 3996 cap.
3396 3925 3498 3993 27;
3530 3924 3627 3979 So-

2057 4013 2201 4053 zom.
2236 3998 2332 4051 lib.
2357 4013 2431 4061 IV,
2472 4013 2593 4066 cap.
2619 3996 2683 4049 21
2720 4012 2784 4050 ac
2817 3997 3096 4066 deinceps.

2128 4067 2238 4136 (54)
2274 4066 2396 4120 Τῶν
2423 4067 2554 4140 περὶ
2571 4067 2933 4140 βασίλειον,
2958 4065 3148 4140 φημὶ,
3177 4065 3278 4119 καὶ
3309 4065 3626 4140 (amplior,

2058 4133 2157 4191 καὶ
2183 4133 2534 4191 Σιλουανόκ.
2569 4136 2723 4191 Hunc
2748 4138 2924 4206 ipsum
2953 4133 3234 4206 Silv—anum
3262 4135 3426 4189 refert
3455 4133 3630 4206 Theo-

2059 4208 2282 4262 doretus
2323 4209 2416 4261 lib.
2450 4224 2511 4270 n,
2542 4205 2801 4278 cap."27,_
2832 4205 3217 4278 τὸᾼόμοούσιον
3244 4205 3629 4278 coramimpe-

2061 4286 2243 4331 ratore
2280 4274 2626 4332 defendisse.‘
2649 4276 2807 4343 Quod
2840 4274 2999 4330 valde
3045 4276 3247 4329 miror:
3285 4289 3410 4329 nam
3442 4274 3497 4327 in
3531 4274 3630 4329 Se-

2064 4348 2325 4401 leuciensi
2376 4347 2739 4403 conciliabula
2770 4346 2917 4401 hunc
2967 4361 3137 4400 unum
3191 4345 3453 4400 adversus
3484 4349 3628 4399 Aca-

2062 4418 2252 4471 cianos
2289 4418 2559 4487 pertendit
2584 4456 2599 4480 ,
2632 4426 2691 4470 ut
2719 4417 3057 4471 Antiochena
3086 4416 3336 4487 formula
3366 4414 3629 4487 retinere-

2062 4494 2187 4548 tur,
2244 4485 2320 4540 ai‘t
2353 4487 2606 4542 Socrates
2636 4489 2730 4541 lib.
2779 4502 2816 4540 ιι
2841 4501 3009 4555 ,cap.
3043 4485 3131 4540 '52.
3166 4485 3307 4555 Quid
3362 4492 3540 4538 autem
3573 4485 3627 4536 in

2064 4557 2248 4610 animo
2276 4558 2524 4611 habuerit
2566 4558 2613 4611 is
2639 4598 2654 4621 ,
2685 4557 2778 4627 qui
2812 4554 3010 4627 γοΰσιον
3040 4556 3182 4625 apud
3227 4554 3628 4627 Theodoretnm

2064 4642 2163 4695 pro
2216 4627 2496 4697 ὀμοούσιον
2548 4624 2916 4697 reponendum
2975 4624 3229 4689 censuit,
3279 4626 3476 4697 docere
3514 4624 3630 4693 ipse

396 4691 527 4764 '_lfyri
575 4694 819 4764 epi§c0pi
845 4712 859 4761 ;
900 4696 955 4749 in
1014 4695 1304 4751 Occidente
1364 4712 1497 4751 vero
1558 4697 1815 4751 Ursacius
1840 4734 1854 4758 ,
1910 4704 1963 4749 et
1997 4691 2038 4745 D
2067 4691 2348 4751 debuerat.
2379 4696 2512 4749 Nam
2537 4691 2637 4751 voi
2666 4698 2755 4749 illa
2785 4695 2962 4759 οὓσιος
2990 4712 3098 4749 non
3137 4704 3222 4750 est
3252 4696 3429 4748 nauci.

396 4761 627 4837 Valens,
657 4761 1001 4837 Gerininius,
1036 4768 1237 4837 aliique
1283 4769 1577 4822 innumeri.
1607 4767 1762 4832 Quod
1808 4765 1953 4837 enim

395 4833 681 4886 Aelianam
712 4834 988 4902 perﬁdiam
1017 4833 1419 4892 cum'Eudoxio
1447 4838 1678 4892 Aeacius
1699 4877 1715 4903 ,
1748 4836 1956 4891 caeteri-

396 4919 504 4973 que
564 4906 1057 4973 propugnaverint,
1099 4914 1329 4961 testatur
1377 4907 1710 4962 Sozomenus
1744 4907 1836 4960 lib.
1878 4921 1951 4967 iv,

397 4988 538 5046 cap.‘
572 4974 659 5026 H.
707 4973 813 5046 Alii
859 4991 988 5029 vero
1021 4992 1085 5031 ex
1114 4977 1304 5032 eodem
1342 4978 1663 5033 Arianorum
1716 4991 1876 5046 grege
1924 4990 1954 5027 a

397 5043 643 5111 magistri
670 5045 755 5098 sui
778 5046 1052 5115 impietate
1080 5047 1354 5115 paululum
1372 5043 1754 5110 desciscentes,
1769 5043 1956 5107 οὐσίας

397 5115 760 5179 vocabulum,
788 5113 866 5185 et
887 5113 1008 5169 Filii
1039 5113 1094 5169 in
1137 5118 1423 5179 omnibus,
1455 5118 1695 5185 adeoque
1743 5118 1796 5169 in
1828 5115 1958 5169 sub-

400 5185 627 5256 stantia,
658 5184 1069 5256 similitudinem
1105 5188 1489 5256 agnoscebant.
1516 5184 1758 5253 Quorum
1788 5185 1960 5253 signi-

402 5255 502 5327 feri
538 5268 604 5327 ac
640 5253 1002 5327 duceserant
1032 5253 1260 5327 Basilius
1304 5259 1623 5327 Ancyranus
1652 5297 1666 5320 ,
1697 5255 1960 5327 Georgius

402 5323 767 5396 Laodicenus,
794 5322 1048 5396 Silvanus
1081 5325 1368 5382 Tarsensis
1392 5366 1406 5386 ,
1423 5322 1778 5396 'Sophronius
1802 5322 1962 5396 Boni-

403 5393 825 5466 peiopolitanus,
856 5394 1106 5450 Eleusius
1124 5397 1443 5466 Cyzicenus,
1463 5393 1808 5466 Macedonius
1819 5395 1961 5448 Con-

405 5463 922 5532 stantinopolitanus
948 5503 963 5529 ,
1015 5475 1066 5519 et
1088 5506 1103 5531 ,
1156 5463 1215 5519 ut
1246 5466 1499 5521 Socrates
1528 5483 1592 5519 ac
1626 5465 1962 5520 Sozomenus

406 5534 616 5608 volunt,
648 5534 809 5587 etiam
845 5534 1083 5608 Cyrinus
1122 5536 1665 5608 llierosolymitanus.
1715 5534 1839 5589 Haec
1861 5535 1971 5588 duo

409 5606 622 5676 Arianz
650 5613 812 5658 sectae
834 5606 1011 5673 capita
1042 5604 1308 5676 fuerunt,
1355 5604 1587 5676 quorum
1629 5608 1682 5661 in
1717 5608 1970 5675 dogmate

408 5676 531 5743 ipso
560 5674 834 5733 dissensio
878 5675 1218 5729 versabatur.
1248 5674 1435 5731 Tertia
1481 5677 1677 5732 deinde
1706 5674 1811 5730 non
1859 5683 1967 5727 tam

409 5759 479 5816 ex
510 5744 715 5797 erroris
740 5745 1032 5816 varietate,
1073 5761 1233 5816 quam
1289 5761 1353 5800 ex
1395 5746 1535 5803 odiis
1579 5757 1633 5801 ct
1662 5744 1971 5816 offensioni-

410 5813 736 5879 buoexorla
772 5814 939 5871 factio
961 5812 1501 5883 est,'Acacianorum
1535 5818 1801 5874 videlicet.
1872 5812 1970 5867 Et-

2132 4765 2243 4836 (55)
2282 4769 2345 4819 Ol
2404 4767 2534 4835 περὶ
2594 4765 2904 4829 Εὑδόξιον.
2959 4766 3223 4835 Corrupta
3277 4768 3393 4836 sine
3435 4761 3623 4836 dubio.

2060 4831 2236 4905 neque
2270 4838 2401 4907 satis
2436 4831 2642 4907 integra
2682 4839 2785 4891 ista
2829 4843 2957 4889 sunt
2987 4854 3000 4889 :
3034 4831 3209 4907 neque
3255 4835 3399 4907 enim
3450 4831 3629 4907 Eudo-

2060 4902 2204 4970 xius,
2240 4922 2302 4961 ac
2340 4902 2603 4976 Georgius
2658 4906 3057 4961 Alexandrinus
3102 4902 3139 4960 ᾱ
3177 4905 3360 4959 Basilii
3401 4910 3493 4956 aut
3530 4902 3628 4976 Se-

2061 4978 2448 5031 miarianorum
2487 4972 2750 5045 'partibus
2789 4984 2986 5045 stetere
3010 5015 3025 5037 ,
3097 4972 3629 5045 quibuscumﬁche-

2061 5048 2394 5101 mentissime
2418 5040 2837 5102 contendebant.
2865 5044 2976 5100 Nos
2996 5040 3331 5116 quaa‘desunt
3360 5046 3412 5096 in
3436 5040 3629 5095 Latino

2059 5118 2449 5187 supplevilnus.

2132 5181 2243 5259 (56)
2272 5188 2382 5259 Kgl
2449 5189 2713 5253 Οὐρανιῳ
2752 5185 2832 5259 τῷ
2890 5187 3091 5253 Τυρίῳ.
3140 5183 3294 5253 Apud
3346 5181 3623 5259 Socratem

2062 5254 2259 5325 sapius
2303 5256 2553 5311 Ursacins
2613 5274 2710 5327 pro
2754 5256 2953 5310 Urania
2987 5269 3267 5326 perperam
3303 5254 3630 5308 substitutus

2060 5335 2161 5383 est.

2133 5397 2244 5469 (57)
2289 5399 2425 5452 Τότε
2452 5397 2942 5469 κατασταθέντων
2986 5395 3111 5469 κατ’
3148 5392 3364 5469 ιιιξντιῖννἶ
3393 5390 3627 5469 Leg.nut

2062 5458 2151 5522 est
2184 5458 2237 5521 in
2273 5470 2532 5539 margine,
2564 5465 3153 5539 xarqaaalié'ata._Nani
3180 5458 3495 5539 deposi-toin
3532 5458 3628 5539 Se—

2072 5539 2330 5593 leuciensi
2362 5531 2645 5593 concilioa
2677 5538 2876 5591 Basilio
2896 5544 2949 5591 et
2980 5531 3332 5589 Semiariaiiis
3364 5531 3630 5585 Eudoxio.

2071 5608 2331 5662 suffectus
2418 5614 2502 5663 est
2590 5609 2855 5671 Anianus,
2906 5609 2997 5674 qui
3047 5605 3116 5658 ab
3186 5603 3468 5656 Acacimis
3527 5613 3632 5727 ger

2071 5678 2378 5727 Lauricimn
2412 5685 2465 5727 et
2497 5676 2732 5727 Leonam
2768 5679 2822 5727 in
2854 5676 3105 5727 exsilium
3137 5673 3342 5727 eiectus
3383 5679 3486 5727 est.
3548 5670 3632 5725 ἰι⁴

2071 5678 2378 5732 Lauricimn
2412 5685 2465 5731 et
2497 5676 2732 5732 Leonam
2768 5679 2822 5731 in
2844 5670 3105 5734 ex'silium
3137 5673 3342 5744 eiectus
3383 5679 3486 5729 est.
3527 5670 3635 5727 Sus

2072 5758 2245 5805 crates
2271 5749 2363 5805 lib.
2406 5763 2466 5816 ll,
2503 5764 2624 5820 cap.
2655 5748 2724 5803 52
