4134 6386
487 393 589 452 64³1

1877 394 1933 449 S.
1980 392 2319 451 EPIPIIANII

3622 396 3733 456 M8

486 528 611 569 cum
640 524 762 569 aliis
792 515 1076 578 sentirent,
1131 528 1284 567 suam
1328 521 1509 567 tamen
1541 512 1853 583 opinionem
1890 514 2058 569 dissi-
2087 579 2089 585 η

2191 514 2435 584 Αρειανοί
2457 530 2468 541 ·
2496 513 2922 586 παρεκρύϐησαν
2948 514 3003 567 δὲ
3031 514 3106 585 τῷ
3130 514 3305 586 καιρῷ
3325 516 3535 586 ἐκείνῳ,
3566 516 3732 585 μηδὲν

489 605 786 667 mulahant,
827 619 891 659 ac
937 604 1165 672 tempori
1221 604 1522 659 servientes
1561 615 1826 660 creatura:
1870 620 2067 659 nomen

491 697 713 751 silentio
761 694 1136 765 praeteribant,
1171 710 1294 750 cum
1329 695 1551 751 interim
1579 696 1717 751 nihil
1744 697 1813 750 ab
1850 695 2068 751 Arianis

489 788 836 843 dissiderent.
867 786 1064 841 Verum
1101 803 1196 857 per
1230 787 1362 847 illud
1390 796 1603 856 tempus
1627 788 1771 858 quod
1806 789 1861 842 in
1884 790 2072 842 animo

491 881 757 935 habebant
787 881 1157 942 occultarunt,
1192 896 1316 935 cum
1363 881 1497 935 nihil
1528 881 1676 936 aliud
1709 892 1901 952 praeter
1937 882 2069 936 illud

491 973 547 1026 in
580 970 834 1041 opinione
872 971 1131 1027 haberent
1157 991 1168 1024 :
1198 971 1343 1041 quod.
1370 987 1559 1026 eorum
1593 975 1767 1043 gratia
1800 972 2068 1037 fecerunt,

490 1066 582 1133 qui
608 1080 667 1120 se
706 1064 773 1118 ad
808 1064 1049 1133 ipsorum
1081 1076 1283 1119 castum
1332 1076 1779 1136 aggregaverant,
1822 1067 2072 1122 homines

493 1158 731 1226 alioquin
756 1157 1067 1224 orthodoxi,
1119 1156 1215 1212 sed
1243 1158 1614 1224 simulatores,
1640 1166 1695 1213 et
1728 1159 2074 1229 imperatoris

494 1248 746 1319 potestati
778 1250 1101 1315 servientes,
1136 1249 1493 1319 eamdemque
1515 1251 1954 1316 reformidantes,
1980 1253 2071 1322 qui

501 1357 688 1396 secum
721 1342 953 1396 invicem
990 1342 1309 1399 inimicitias
1354 1344 1704 1399 exercebant.
1730 1342 1866 1398 Nam
1907 1343 2074 1415 Euty-

494 1432 653 1488 ebius
686 1431 1280 1503 Eleullieropolitanus,
1319 1443 1505 1506 utpote
1526 1454 1554 1488 a
1590 1436 1747 1489 beato
1774 1434 2075 1493 Maximona

498 1518 995 1592 Hierosolymitano
1020 1523 1279 1594 episcopo
1317 1539 1380 1579 ac
1429 1524 1748 1579 eoufessore
1792 1526 2078 1583 catholica:

498 1610 621 1664 fidei
681 1611 951 1666 institutis
996 1612 1244 1677 edoctus,
1282 1621 1503 1682 propter
1540 1613 1727 1685 Cyrilli
1763 1615 1970 1678 odium,
2008 1616 2076 1671 ad

497 1698 754 1753 Acacium
785 1716 907 1755 sese
942 1717 1048 1756 non
1099 1701 1371 1770 adjunxit.
1408 1702 1511 1767 Qui
1543 1702 1760 1772 quidem
1793 1704 2077 1774 aliquanto

2169 607 2297 661 ἄλλο
2329 608 2651 678 φρονοῦντες
2697 606 2872 678 ἀλλ’ἢ
2928 607 3083 660 τοῦτο
3133 600 3218 661 δὶά
3257 609 3383 672 τοὺς
3415 609 3511 662 σὺν
3553 609 3734 671 αὐτοῖς

2174 701 2565 772 μεμιγμένους,
2597 700 2755 769 φύσει
2786 698 3119 771 ὀρθοδόξους,
3145 700 3444 771 ὑποκριτὰς
3468 700 3524 753 δὲ
3560 701 3736 771 ὑπάρ-

2171 809 2366 862 χοντας
2388 833 2402 856 ,
2440 794 2535 846 καὶ
2585 792 3041 863 ὑποκρινομένους
3088 793 3188 864 τὴν
3232 792 3492 862 βασιλέως
3521 790 3733 857 δεξιάν,

2171 886 2266 937 καὶ
2294 884 2529 947 δεδιότας
2556 885 2595 949 ¹,
2631 885 2724 937 καὶ
2771 884 2991 954 ἔχοντας
3025 885 3161 957 πρὸς
3203 884 3463 956 ἀλλήλους
3494 884 3734 955 ἐχθρίαν,

2175 976 2485 1047 βουλόμενοι
2519 976 2727 1046 στῆναι.
2780 975 3038 1045 Εὐτύχιος
3088 976 3185 1045 μὲν
3222 975 3331 1046 γὰρ
3356 979 3384 1029 6
3426 974 3738 1047 Ἐλευθερο-

2173 1070 2418 1140 πολίτης,
2453 1063 2541 1122 οἷα
2587 1068 2651 1139 δὴ
2694 1069 2802 1122 άπὸ
2848 1068 2943 1121 τοῦ
2983 1068 3250 1139 μακαρίου
3293 1065 3598 1136 Μαξιμωνᾶ
3643 1066 3739 1118 τοῦ

2186 1161 2613 1232 Ἰεροσολυμίτου
2669 1159 2999 1230 ὁμολογητοῦ
3064 1159 3363 1213 ἐπισκόπου
3417 1158 3514 1229 τὴν
3560 1158 3741 1211 πίστιν

2177 1256 2315 1325 ἔχων
2335 1254 2481 1323 σαφῆ
2507 1253 2605 1323 τῆς
2627 1251 2955 1324 ὀρθοδοξίας,
2975 1251 3062 1303 διὰ
3082 1247 3178 1321 τὴν
3209 1251 3344 1322 πρὸς
3369 1251 3459 1303 τὸν
3480 1249 3741 1321 Κύριλλον

2176 1346 2397 1417 ἐχθρίαν
2449 1345 2550 1398 οὐκ
2584 1344 2695 1415 (58)
2726 1342 2890 1414 ἐμίγη
2924 1344 3037 1405 τοῖς
3063 1342 3192 1413 περὶ
3231 1341 3504 1404 Ἀκάκιον,
3528 1339 3741 1410 ὀρθοδό-

2177 1439 2282 1505 ξως
2310 1438 2409 1509 μὲν
2436 1437 2575 1508 ἔχων
2603 1436 2730 1511 ἄχρι
2764 1435 2980 1506 καιροῦ,
3010 1434 3432 1506 ὑποκρινόμενος
3456 1432 3513 1486 δέ
3543 1432 3630 1485 διὰ
3654 1433 3745 1485 τὸν

2180 1530 2309 1582 ἴδιον
2340 1529 2528 1600 θρόνον
2547 1544 2573 1579 ·.
2604 1528 2698 1580 καὶ
2745 1527 2896 1580 ἄλλοι
2949 1525 3167 1588 πλείους
3212 1528 3311 1595 τῆς
3360 1521 3744 1593 Παλαιστίνης,

2177 1618 2244 1672 δι’
2268 1617 2362 1682 οὒς
2397 1617 2650 1681 Ἀκάκιος
2675 1616 2770 1671 καὶ
2798 1618 2847 1669 of.
2881 1616 2998 1687 μετ’
3021 1613 3188 1669 αὑτοῦ
3213 1616 3312 1685 τὴν
3340 1613 3507 1684 αὐτὴν
3536 1612 3747 1683 ἔχοντες

2178 1710 2379 1765 λύσσαν
2407 1711 2500 1764 καὶ
2530 1708 2771 1781 μανιώδη
2796 1707 3174 1773 κακοπιστίαν,
3201 1707 3338 1772 τέως
3364 1706 3497 1777 πρὸς
3512 1706 3602 1758 τὸν
3630 1721 3751 1758 και-

498 1801 746 1862 tempore
797 1794 1119 1849 catholicam
1162 1793 1320 1848 fidem
1379 1796 1747 1865 amplectens,
1798 1797 2079 1868 dignitatis

2191 1802 2274 1874 ρδν
2307 1803 2437 1873 περὶ
2467 1801 2671 1855 τούτων
2697 1801 2851 1855 οὐδὲν
2880 1801 3114 1865 ἐκίνουν,
3145 1798 3270 1853 οὕτε
3313 1799 3409 1869 μὲν
3448 1797 3747 1868 ὁμολογεῖν,

499 1899 611 1936 suae
643 1884 933 1939 retinendae
970 1887 1142 1955 gratia
1175 1886 1559 1949 dissimulavit,
1594 1895 1653 1940 ut
1697 1897 1750 1941 et
1779 1888 1871 1942 alii
1901 1888 2071 1944 Palae-

2191 1896 2299 1949 >ῦτε
2328 1895 2611 1967 ἀρνεῖσθαι
2632 1910 2645 1925 ·
2693 1893 2831 1948 ἀλλὰ
2861 1892 3207 1954 συνελθόντες
3244 1893 3301 1945 ἐν
3338 1893 3405 1962 τῇ
3438 1889 3746 1960 Σελευκείᾳ,

500 1975 657 2029 stinae
707 1978 1015 2046 complures
1075 1977 1339 2048 epise0pi.
1392 1975 1623 2048 Pmpter
1666 1995 1806 2051 quos
1839 1980 2071 2037 Aeacius

2191 1991 2244 2059 τῇ
2271 1988 2511 2059 Τραχείᾳ
2540 1987 2873 2057 καλουμένῃ,
2899 1985 3043 2040 κατὰ
3068 1986 3164 2055 τὴν
3190 1983 3483 2053 Ἰσαυρίαν,
3506 1982 3570 2034 ἐκ
3590 1996 3754 2050 προσ-

501 2081 625 2118 cum
654 2066 969 2123 suiscadem
1004 2068 1155 2122 rabie
1182 2075 1236 2122 et
1268 2067 1606 2125 infidelitatis
1637 2069 1822 2125 furore
1856 2072 2070 2142 perciti,

2191 2081 2458 2149 τάγματος
2491 2078 2868 2132 Κωνσταντίου
2895 2076 2989 2129 τοῦ
3028 2075 3312 2146 βασιλέως,
3344 2075 3524 2127 πίστιν
3558 2072 3753 2141 ἑτέραν

503 2157 632 2213 nihil
672 2158 738 2211 ad
798 2169 1010 2228 tempus
1066 2158 1132 2213 de
1164 2159 1318 2215 hisce
1347 2159 1693 2231 dogmatibus
1738 2177 1952 2218 movere
1981 2180 2066 2221 vo-

2191 2171 2339 2242 5ἧθεν
2390 2170 2729 2235 ἐκτίθενται,
2762 2170 2822 2222 οὐ
2872 2166 3014 2222 κατὰ
3045 2167 3143 2237 τὴν
3189 2165 3292 2218 ὑπὸ
3344 2165 3452 2218 τῶν
3498 2163 3755 2232 Πατέρων

503 2250 739 2312 luerunt,
773 2266 948 2318 neque
965 2259 1059 2304 aut
1084 2250 1421 2316 afﬁrmando,
1448 2260 1540 2306 aut
1566 2253 1814 2324 negando
1834 2271 2077 2325 pronun‘

2191 2261 2468 2332 ταχθεῖσαν
2496 2263 2554 2314 ἐν
2578 2263 2646 2332 τῇ
2682 2259 2886 2329 Νικαίᾳ
2923 2261 2988 2328 τῇ
3025 2258 3199 2320 πόλει,
3229 2256 3326 2326 τὴν
3359 2252 3634 2326 όρθόδοεον
3664 2252 3757 2303 καὶ

502 2341 725 2399 tiarunt.
758 2340 863 2396 Sed
890 2340 1167 2409 Seleuciae,
1208 2359 1331 2414 quae
1354 2342 1562 2413 Aspera
1583 2343 1806 2412 dicitur,
1837 2347 1892 2402 in
1934 2348 2078 2403 Isau-

2191 2353 2363 2417 καλῶς
2389 2352 2747 2423 τεταγμένην,
2778 2349 2915 2405 ἀλλὰ
2946 2348 3328 2420 προσποιητόκ
3357 2348 3476 2418 μὲν,
3508 2345 3583 2408 ὡς
3617 2342 3758 2397 κατὰ

503 2430 583 2484 ria
611 2430 915 2487 Constantii
964 2434 1311 2502 imperatoris
1337 2433 1497 2503 jussu
1551 2438 1861 2506 congregati
1913 2439 2074 2493 aliam

2191 2443 2483 2514 ὶφελὸτητα
2517 2442 2761 2506 εἰπόντες
2778 2458 2792 2470 ’

505 2527 628 2582 fidei
668 2528 952 2582 formulam
985 2537 1316 2599 proponunt,
1351 2546 1458 2586 non
1489 2532 1702 2601 qualem
1730 2531 1922 2590 Patres
1980 2535 2109 2589 olim
2140 2538 2197 2593 in
2232 2537 2449 2595 Nicena
2481 2537 2690 2610 synodo
2731 2536 3089 2591 orthodoxam
3138 2549 3202 2589 ac
3236 2534 3550 2604 praeclaram
3602 2532 3760 2587 insti-

503 2631 743 2686 tuerant,
767 2623 862 2678 sed
892 2624 1087 2679 callide
1116 2640 1179 2680 ae
1210 2625 1331 2680 ficte
1370 2626 1624 2681 simulata
1667 2634 1849 2683 tamen
1886 2630 2254 2700 simplicitate,
2282 2634 2428 2689 hunc
2456 2634 2510 2687 in
2542 2633 2761 2688 modum
2787 2630 3269 2700 conscripserunt:

579 2717 767 2774 XXIV.
800 2718 1088 2774 Credimus
1125 2720 1180 2773 in
1210 2736 1378 2773 unum
1425 2720 1615 2785 Deum,
1650 2720 1865 2778 Patrem
1899 2724 2081 2779 omni-

2254 2730 2379 2783 KA'.
2416 2728 2752 2798 Πιστεύομεν
2784 2726 2863 2787 είς
2894 2724 2989 2777 ἕνα
3019 2722 3172 2787 Θεὸν,
3206 2720 3426 2791 Πατέρα
3451 2718 3760 2792 παντοκρά-

507 2820 807 2881 potenlem,
843 2818 974 2875 etc.,
1017 2818 1070 2864 et
1113 2810 1167 2864 in
1210 2809 1404 2871 Filium
1439 2810 1556 2877 Dei,
1586 2819 1718 2877 etc.,
1759 2813 2082 2883 simpliciter

2191 2837 2338 2892 τορα,
2365 2819 2461 2874 καὶ
2487 2818 2725 2888 καθεξῆς
2742 2832 2757 2846 ⁶
2788 2816 2882 2871 καὶ
2909 2816 2989 2879 είς
3015 2814 3105 2869 τὸν
3132 2814 3262 2867 Υἱὸν
3281 2811 3374 2866 τοῦ
3398 2811 3555 2877 Θεοῦ,
3577 2810 3760 2877 λιτῶς,

507 2916 572 2956 ac
611 2900 744 2955 nihil
775 2901 1148 2956 vehementius
1179 2901 1399 2956 elocuti.
1432 2900 1634 2957 Postea
1659 2918 1788 2958 vero
1823 2914 1991 2959 totam
2023 2912 2083 2960 ut

2191 2911 2353 2981 μηδὲν
2390 2909 2608 2980 ἰσχυρὸν
2637 2907 2985 2977 λαλήσαντες.
3016 2904 3281 2977 ’Υστερον
3320 2904 3407 2956 ῖνα
3442 2900 3761 2967 ὑποδείξωσι

509 2994 748 3047 fabulam
804 2999 1045 3062 agerent,
1096 2992 1424 3048 addiderunt
1471 3009 1485 3045 :
1542 3011 1562 3046 ι
1605 2994 2085 3052 Consubstantiale

2191 3002 2285 3073 τὴν
2323 3000 2502 3056 αὐτῶν
2541 2997 3009 3071 δραματουργίαν,
3039 2995 3269 3066 ἔφησαν,
3307 2995 3391 3047 ὅτι
3424 3013 3444 3045 ι
3472 2991 3763 3047 Ἐκσάλλο-

508 3083 806 3152 rejicimus,
836 3089 1094 3150 tanquam
1132 3096 1162 3134 a
1192 3082 1365 3135 sacris
1404 3080 1627 3137 Litteris
1656 3082 1913 3137 alienum.
1938 3082 2086 3138 [stud

2191 3110 2289 3163 μεν
2330 3093 2392 3146 τὸ
2429 3090 2733 3163 ὁμοούσιον,
2766 3088 2843 3151 ὡς
2874 3087 3152 3158 ἀλλότριον
3200 3086 3298 3157 τῆς
3331 3085 3479 3150 θείας
3518 3082 3762 3155 Γραφῆς.

510 3190 638 3230 vero
670 3174 995 3229 damnamus
1031 3192 1044 3227 :
1074 3172 1405 3227 Dissimilem
1440 3188 1565 3229 esse
1608 3171 1786 3229 Patris
1813 3171 2027 3226 Filium.
2067 3191 2086 3223 ι

2195 3183 2267 3235 Τὸ
2298 3181 2356 3235 δέ
2382 3181 2634 3251 ἀνόμοιον
2660 3177 2790 3233 Υίοῦ
2819 3177 2956 3248 πρὸς
2985 3176 3207 3247 Πατέρα
3219 3173 3708 3244 ἀναθεματίζομεν.
3737 3190 3758 3223 ι

510 3268 687 3337 Atque
725 3267 841 3321 haec
872 3265 1088 3321 demum
1109 3273 1225 3319 erat
1257 3263 1739 3320 callidissimorum
1766 3273 2088 3320 venatorum

514 3357 791 3413 illecebra.
830 3354 922 3409 Sic
959 3356 1105 3411 enim
1141 3356 1283 3410 inter
1324 3370 1445 3409 sese
1472 3354 1861 3417 mussitabant,
1896 3368 1961 3408 ac
1992 3354 2090 3409 do—

515 3451 714 3504 cebant
746 3467 760 3502 :
784 3448 1047 3502 Creatura
1081 3446 1300 3516 quidem
1325 3452 1410 3500 est
1431 3444 1527 3501 Dei
1555 3444 1749 3512 Filius,
1778 3444 1873 3501 sed
1898 3446 2090 3501 similis

514 3540 686 3605 Patri,
708 3554 772 3593 eo
790 3536 1042 3592 videlicet
1058 3552 1244 3602 sensu,
1267 3536 1361 3605 qui
1389 3537 1633 3591 omnium
1663 3536 1940 3591 hominum
1988 3551 2091 3590 usu

518 3650 581 3687 ac
614 3630 1010 3687 consuetudine
1046 3627 1335 3683 familiaris
1369 3636 1474 3683 est.
1517 3627 1729 3682 Etenim
1771 3628 1958 3697 plastas
1979 3636 2092 3682 sta-

520 3735 642 3777 tuas
658 3722 1019 3791 eﬂingunt,ae
1049 3720 1345 3776 simulacra
1373 3734 1437 3774 ex
1466 3733 1623 3782 auro,
1651 3725 1896 3786 argento,
1918 3718 2095 3772 aliave

520 3813 770 3877 materia,
802 3820 896 3865 aut
922 3811 1201 3867 coloribus
1233 3811 1287 3865 in
1338 3810 1487 3880 ligno
1514 3810 1846 3879 exprimunt,
1874 3824 1992 3879 qua}
2021 3809 2095 3863 si-

520 3905 882 3960 militudinem
923 3904 1123 3960 habent
1155 3905 1245 3957 illa
1272 3904 1512 3975 quidem,
1531 3903 1934 3973 exemplaribus
1964 3918 2094 3958 vero

521 3999 639 4051 suis
667 3995 816 4049 nullo
867 3994 1026 4050 modo
1065 4004 1194 4049 sunt
1246 3993 1499 4063 aequalia.
1534 3991 1626 4046 Sic
1653 3992 1722 4047 ab
1761 3993 1870 4047 illis
1900 3991 2095 4046 callide

522 4087 779 4157 quiddam
833 4088 1197 4157 excoigitatum
1261 4093 1344 4140 est
1396 4085 1751 4156 hujusmodi,
1806 4093 1865 4138 ut
1900 4083 2093 4137 Filium

523 4181 670 4237 Patri
711 4180 943 4235 similem
994 4195 1117 4233 esse
1172 4177 1511 4245 faterentur;
1558 4178 1686 4233 licet
1721 4177 1859 4231 nihil
1890 4177 1945 4230 in
1975 4177 2095 4245 ipso

524 4282 763 4344 paternae
783 4271 1084 4325 divinitatis
1127 4270 1354 4326 inesset.
1386 4272 1552 4342 872
1595 4269 1722 4324 Haec
1748 4270 1961 4323 illorum
1996 4268 2096 4324 de-'-

524 4374 671 4420 i-reta
697 4363 962 4426 nonnulli,
988 4361 1078 4432 qui
1115 4376 1236 4414 eum
1268 4362 1401 4433 ipsis
1440 4370 1618 4426 erant,
1638 4361 1837 4431 partim
1872 4360 2096 4428 propter

525 4460 784 4531 temporis
815 4459 1174 4512 calamitatem
1200 4459 1610 4527 approbarunt;
1646 4463 1703 4515 et
1742 4469 1871 4509 vero
1903 4467 2095 4522 magna

2195 3274 2305 3329 Καὶ
2326 3269 2395 3343 ἦν
2422 3272 2582 3327 τοῦτο
2609 3271 2799 3326 δολίων
2822 3266 3100 3339 Θηρευτῶν
3132 3266 3342 3337 δέλεαρ.
3368 3266 3479 3318 Καὶ
3502 3263 3612 3334 γάρ
3636 3262 3768 3332 ἐφα-

2196 3382 2345 3431 σκον,
2368 3367 2455 3418 ὅτε
2481 3365 2540 3417 ὲν
2570 3363 2752 3425 αὐτοῖς
2782 3361 3045 3430 ἐγίνοντο,
3078 3358 3172 3412 καὶ
3201 3356 3498 3421 ἐδίδασκον,
3528 3356 3610 3409 ὅτι
3632 3353 3766 3408 Κτί-

2198 3470 2309 3525 σμα
2339 3452 2438 3524 μὲν
2475 3451 2621 3505 ἔστιν
2658 3453 2687 3505 ὁ
2714 3450 2841 3513 Υἱὸς
2867 3447 2958 3502 τοῦ
2985 3444 3143 3511 Θεοῦ,
3185 3444 3299 3499 ἀλλ’
3327 3444 3509 3516 ὅμοιός
3542 3443 3659 3495 ἐστι
3690 3439 3769 3510 τῷ

2197 3545 2391 3616 Πατρὶ,
2416 3544 2490 3606 ὡς
2525 3542 2667 3596 κατὰ
2698 3541 2938 3596 διάνοιαν
2965 3538 3170 3609 ταύτην
3200 3536 3301 3610 τὴν
3328 3539 3386 3590 ἐν
3420 3539 3532 3599 τοῖς
3561 3533 3769 3605 ἀνθρὼ-

2197 3652 2321 3698 ποις
2364 3633 2841 3705 νομιστευομένην.
2882 3630 3210 3686 Ἐκτυποῦσι
3254 3629 3363 3700 γάρ
3394 3629 3489 3681 καὶ
3528 3629 3578 3681 οί
3631 3625 3768 3679 πλα-

2198 3727 2452 3796 στουργοὶ
2479 3724 2821 3795 ἀνδριάντας,
2849 3724 2942 3776 καὶ
2963 3718 3387 3792 άιρομοιάζουσιν
3413 3718 3627 3782 εἰκόνας
3651 3719 3770 3789 ἦτοι

2199 3818 2263 3870 ἐκ
2294 3815 2515 3888 χρυσοῦ,
2552 3816 2644 3869 καὶ
2664 3814 2930 3887 ἀργύρου,
2950 3814 3045 3867 καὶ
3067 3811 3231 3884 ἄλλης
3263 3810 3417 3881 ὖλης,
3444 3811 3477 3881 ἢ
3505 3810 3593 3863 διὰ
3624 3826 3769 3880 χρω-

2202 3909 2384 3978 μάτων
2405 3908 2495 3960 ἐπὶ
2519 3906 2802 3971 ξύλου,καὶ
2823 3906 2884 3959 τὸ
2907 3907 3089 3975 ὅμοιον
3119 3903 3353 3976 ἔχουσιν,
3381 3902 3533 3955 οὐδὲν
3559 3901 3616 3953 δέ
3651 3899 3769 3954 κατ’

2202 3999 2419 4072 ίσότητα
2450 3998 2557 4052 τῶν
2579 4000 2704 4050 ὲκτυ
2714 4014 2812 4050 που
2820 3996 3014 4067 μένων.
3034 3995 3219 4058 Οῦτως
3250 3992 3378 4064 παρ’
3400 3992 3581 4054 αὐτοῖς
3604 3991 3661 4044 τὺ
3690 3990 3773 4042 δός

2199 4092 2310 4146 λιον
2329 4087 2416 4161 ἦν,
2446 4091 2725 4161 ὁμολογεῖν
2750 4091 2849 4159 μὲν
2863 4090 3045 4159 ὅμοιον
3062 4087 3139 4158 τῷ
3159 4088 3353 4157 Πατρὶ,
3375 4086 3525 4139 οὐδὲν
3545 4084 3601 4137 δὲ
3631 4083 3772 4153 ἔχειν

2198 4183 2300 4252 τῆς
2330 4183 2425 4236 τοῦ
2470 4182 2682 4254 Πατρὺς
2714 4181 2967 4252 θεότητος
2994 4180 3057 4233 τὸ
3098 4179 3380 4251 παράπαν.
3425 4177 3586 4229 Ἀλλά
3630 4191 3773 4237 τινες

2199 4273 2307 4327 τῶν
2360 4271 2477 4341 μετ’
2531 4269 2731 4334 αὐτῶν,
2770 4270 2884 4340 ἅμα
2926 4269 2984 4321 δέ
3034 4267 3123 4322 διὰ
3163 4268 3261 4339 τὴν
3301 4265 3443 4320 οὕτω
3487 4263 3775 4334 συμϐᾶσαν

2202 4361 2483 4434 συμφορὰν
2533 4359 2627 4415 τοῦ
2663 4360 2854 4431 καιροῦ
2900 4360 3278 4431 κατεδέχοντο,
3324 4358 3416 4412 καὶ
3454 4353 3588 4426 ὁμοῦ
3634 4350 3773 4424 ἦσαν

2203 4454 2502 4516 συνειδότες
2527 4455 2577 4506 οί
2606 4452 2823 4514 πλείους
2855 4451 3032 4505 αὐτῶν
3053 4467 3067 4480 ·
3105 4451 3248 4513 τινὲς
3279 4449 3338 4504 δὲ
3381 4448 3476 4502 καὶ
3516 4444 3774 4514 ἀγνοοῦν-

526 4569 592 4607 ex
634 4528 789 4621 parte
824 4551 1031 4605 conscii
1077 4563 1139 4602 ac
1169 4547 1409 4603 fautores
1440 4557 1616 4603 erant.
1652 4544 1884 4612 Quidam
1912 4552 2089 4598 tamen

2199 4563 2308 4609 τες,
2345 4547 2420 4609 ὡς
2463 4544 2688 4615 ὕστερον
2718 4542 2952 4613 ἐδείχθη.
2989 4538 3099 4594 Ἦν
3132 4541 3239 4614 γὰρ
3276 4539 3391 4610 ἅμα
3417 4538 3626 4601 τούτοις
3656 4536 3773 4589 Παδ

528 4644 684 4699 inscii
727 4650 781 4696 et
820 4640 1188 4709 imprudentes
1243 4640 1448 4709 abrepti
1486 4646 1634 4700 sunt,
1671 4646 1728 4689 ut
1760 4636 1921 4708 paulo
1975 4641 2098 4704 post

529 4732 796 4805 apparuit.
838 4730 1007 4786 Erant
1042 4731 1186 4786 enim
1234 4731 1373 4785 inter
1415 4730 1540 4784 illos
1579 4726 1926 4799 Patrophilus
1967 4725 2099 4796 Scy-

528 4828 920 4896 thopolitanus,
974 4834 1028 4879 et
1077 4824 1378 4892 Philippus,
1431 4822 1525 4892 qui
1588 4821 1775 4891 hujus
1813 4834 2102 4876 successor

529 4919 863 4973 constitutus
914 4917 1025 4970 illic
1089 4916 1286 4977 fuerat,
1334 4930 1458 4968 cum
1501 4913 1626 4967 aliis
1666 4912 1958 4981 plerisque,
2008 4909 2099 4980 qui

533 5012 673 5064 hanc
721 5008 973 5063 hzcresim
1030 5004 1518 5075 amplectebantur.
1575 5000 1749 5057 Hodie
1813 5017 1946 5055 vero
1982 5010 2104 5070 post

535 5104 750 5156 illorum
772 5101 1002 5164 obitum,
1031 5098 1120 5151 ubi
1153 5098 1395 5167 ipsorum
1429 5094 1676 5163 impietas
1708 5094 1867 5162 longe
1894 5092 2108 5160 lateque

533 5199 848 5263 propagata,
881 5189 1159 5243 audaciam
1210 5202 1272 5241 ac
1308 5187 1582 5241 licentiam
1628 5185 1807 5251 nacti,
1834 5199 1896 5237 ac
1926 5182 2107 5237 carnis

535 5274 759 5341 brachio
798 5282 940 5349 freti,
972 5280 1119 5337 nulla
1164 5297 1222 5335 re
1247 5281 1357 5347 jam
1396 5280 1668 5340 obstante,
1703 5291 1936 5347 quorum
1979 5291 2108 5330 con-

535 5377 717 5434 silium
745 5375 979 5431 inierant
1020 5381 1205 5441 aperte
1235 5372 1325 5425 illa
1362 5372 1680 5442 pradicant.
1724 5369 1915 5423 Nullus
1960 5368 2105 5423 enim

610 5532 625 5560 ⁸
660 5529 719 5582 F.
742 5529 835 5581 καὶ
860 5528 958 5597 τὴν
984 5527 1106 5597 βασ.
1136 5524 1245 5590 δεξ.
1267 5525 1375 5580 δεδ.

620 5685 724 5751 (58)
751 5686 849 5739 Διὰ
893 5685 1007 5752 τὴν
1041 5686 1187 5750 πρὸς
1224 5685 1329 5735 τὸν
1382 5679 2103 5752 Κύριλλονᾼἐχθρίανμοὺκ.

548 5747 911 5823 Expungenda
941 5747 1173 5808 omni—no
1191 5753 1417 5823 negandi
1463 5747 1748 5823 particula;
1792 5764 1915 5823 nam
1944 5747 2107 5817 Euty—

547 5820 705 5877 chius
729 5820 827 5892 pro
860 5841 958 5881 suo
976 5827 1028 5878 in
1050 5820 1318 5894 Cyrillum
1339 5823 1462 5877 odio
1482 5835 1602 5877 sese
1632 5821 1698 5875 ad
1721 5820 1977 5874 Acacium
2012 5834 2107 5889 ag-

2196 4637 2448 4711 τρόφιλος
2474 4640 2502 4691 6
2533 4637 2958 4706 Σκυθοπολίτης,
2992 4636 3087 4689 καὶ
3118 4632 3255 4706 μετὰ
3282 4632 3485 4687 τούτων
3511 4626 3775 4691 Φίλιππος

2198 4734 2228 4785 ὁ
2259 4733 2373 4784 ἐκεῖ
2414 4729 2774 4793 κατασταθεὶς
2816 4728 3057 4797 διάδοχος
3101 4726 3193 4781 τοῦ
3226 4723 3646 4796 προειρημένου,
3675 4719 3774 4774 καὶ

2200 4823 2347 4877 ἄλλοι
2380 4821 2615 4884 πλείους,
2642 4821 2693 4873 οἱ
2718 4819 2877 4890 φύσει
2917 4819 3120 4889 ταύτην
3142 4819 3243 4886 τὴν
3274 4816 3484 4887 αἵρεσιν
3518 4813 3775 4883 κατέχον-

2200 4928 2312 4978 τες.
2342 4910 2453 4967 Νῦν
2486 4912 2543 4966 δέ
2577 4911 2712 4985 μετὰ
2746 4910 2845 4983 τὴν
2875 4909 3096 4963 ἐκείνων
3124 4894 3508 4978 τελευτὴν,λὸτε
3532 4892 3610 4968 είς
3633 4901 3770 4979 πλάεξ

2200 5024 2293 5069 τος
2328 5005 2590 5075 ἐλήλακεν
2624 5006 2657 5074 ὴ
2698 5001 2876 5057 αὐτῶν
2921 4999 3227 5065 κακοδοξία,
3258 4999 3353 5051 καὶ
3384 4994 3523 5066 μετὰ
3556 4985 3775 5064 παρῥηγ

2203 5096 2323 5157 σίας
2372 5094 2701 5164 τυγχάνουσι
2750 5093 2839 5146 διὰ
2883 5092 2983 5162 τὴν
3032 5090 3130 5161 τῆς
3189 5087 3392 5159 σαρκὸς
3430 5085 3644 5149 δεξιὰν,
3679 5083 3773 5137 καὶ

2206 5185 2402 5257 μηκέτι
2444 5183 2882 5255 ἐμποδιζόμενοι,
2916 5182 3242 5254 κηρύττουσι
3277 5179 3463 5248 σαφῶς
3491 5177 3551 5231 τὸ
3591 5172 3773 5229 αὐτῶν

2202 5275 2538 5346 ἐπιχείρημα
2561 5262 2572 5302 ί
2600 5274 2781 5327 οὐκέτι
2807 5272 2930 5326 οὔτε
2960 5273 3098 5327 αἰδοῖ
3116 5288 3222 5325 τινι
3252 5268 3624 5338 κατεχόμενοι,
3648 5262 3771 5316 οὕτε

2207 5367 2567 5438 ἰνδαλλόμενοι
2595 5367 2701 5420 ἀπό
2724 5382 2869 5429 τινος
2890 5364 3326 5436 προστάγματος,
3351 5363 3430 5424 εις
3460 5359 3521 5412 τὸ
3552 5358 3624 5428 μή
3652 5366 3776 5409 τινα

2211 5676 2471 5748 grega‘vit,
2511 5688 2755 5748 quocum
2798 5674 3056 5747 Cyrillum
3115 5666 3661 5741 Ilicrosolymitanum
3705 5660 3779 5723 d6

2215 5744 2530 5820 episcopatu
2559 5744 2805 5801 dimovit.
