4134 6386
383 321 417 376 ει
432 318 490 377 39

998 316 1371 375 ADVERSUS
1409 316 1752 374 IIIERESES
1789 319 1919 374 LIB.
1956 319 2047 376 III.
2081 319 2243 378 TOM.
2285 322 2325 377 I.
2366 355 2433 365 —-
2467 323 2739 381 IlERES.
2781 326 3015 384 LXXIII.

3544 332 3650 388 450

381 438 560 495 Mdv
585 438 726 491 κατά
759 435 940 490 κοινοῦ
987 434 1271 507 φέρεσθαι,
1324 436 1341 465 ¹
1378 435 1475 489 καὶ
1515 435 1614 506 τὴν
1654 435 1966 490 ὲκτεθείσαν

2079 436 2175 501 iam
2208 438 2331 493 illos
2366 439 2541 509 pudor
2573 442 2841 504 retardat.
2874 458 3049 515 neque
3079 444 3335 499 mandato
3361 445 3471 501 ullo
3493 463 3650 503 coer-

383 530 504 583 ὲκεῖ
536 530 630 582 καὶ
665 530 756 582 ὑπ’
802 525 984 580 αὐτῶν
1017 525 1126 579 τῶν
1167 525 1297 595 περὶ
1341 524 1594 577 Ἀκάκιον
1628 524 1810 577 πίστιν
1841 523 1961 594 μεθ’

383 621 712 691 ὑπογραφῆς
728 620 833 674 τῶν
856 623 912 672 ἐν
930 619 1068 689 αὐτῇ
1097 620 1164 689 τῇ
1190 616 1389 670 συνόδω
1413 613 1719 686 γενομένων
1736 614 1967 669 ἐνταῦθα

385 710 935 790 παραθήσομαιηκαδ.
964 708 1113 762 ἔστιν
1138 708 1257 779 Ms-

2073 526 2166 580 citi
2207 528 2607 585 simulationem
2653 532 2943 602 quamdam
3012 548 3077 587 ac
3143 535 3376 604 speciem
3428 550 3541 605 pra:
3591 552 3652 590 se

2074 615 2214 672 ferre
2241 629 2529 690 coguntur,
2554 637 2622 677 ne
2635 637 2774 677 nova
2803 632 2858 680 et
2890 625 3152 682 inusitata
3176 627 3420 697 quaedam
3446 629 3653 698 agitare

2076 711 2382 768 videantur.
2410 712 2515 770 Sed
2551 716 2695 772 illam
2721 718 2842 775 ﬁdei
2884 721 3191 785 formulam,
3218 738 3380 793 quam
3418 722 3651 777 Aeacius

385 823 509 861 eum
570 807 687 863 suis
735 807 846 865 illic
885 804 1192 876 proposuit,
1229 818 1338 859 una
1381 818 1507 859 cum
1543 817 1753 866 eorum,
1780 801 1874 871 qui
1922 801 1971 855 ci
2026 807 2236 875 synodo
2288 809 2677 878 interfuerunt,
2713 816 3117 887 subscriptione
3175 820 3304 875 libet
3359 823 3442 874 hic
3474 820 3646 874 ascri-

386 887 533 955 bere.
571 898 647 953 Ea
680 908 763 954 est
795 897 1070 967 ejusmodi
1106 915 1119 950 :

424 1038 709 1098 Ἐκθεσις
752 1035 1015 1100 πίστεως
1075 1035 1304 1159 τῆςὲδὲν
1359 1035 1677 1100 Σελευκείᾳ
1718 1030 1935 1100 ψευδο-

1037 1119 1161 1159 συν
1234 1124 1326 1159 ου.

1037 1119 1326 1160 συνοσου.

392 1242 399 1249 -
458 1218 589 1270 KE’.
625 1217 691 1269 Οἱ
724 1216 1069 1281 συνελθόντες
1107 1217 1399 1271 ἐπίσκοποι
1439 1216 1551 1286 (59)
1592 1216 1656 1269 ἐκ
1700 1215 1973 1289 διαφόρων

385 1308 668 1379 ἐπαρχιῶν
713 1311 772 1362 ὲν
820 1310 1111 1382 Σελευκείᾳ
1150 1311 1250 1381 τῆς
1299 1310 1572 1383 ἰσαυρίας
1616 1309 1755 1363 κατὰ
1798 1310 1967 1380 πρόσ-

385 1415 577 1468 ταγμα
620 1399 722 1469 τῆς
771 1400 1053 1464 εὐσεϐείας
1093 1400 1188 1454 τοῦ
1242 1400 1664 1454 θεοσεϐεστάτου
1706 1399 1966 1470 βασιλέως

385 1491 419 1560 ἡ
430 1488 546 1558 μῶν
570 1490 951 1543 Κωνσταντίου
981 1491 1108 1545 τάδε
1146 1491 1544 1563 διελαλήσαμεν
1568 1494 1730 1563 ἡμεῖς
1761 1493 1813 1544 οἱ
1843 1508 1967 1545 συνο

386 1581 643 1652 αχθέντες
671 1584 730 1634 ὲν
758 1584 1045 1657 Σελευκείᾳ
1074 1585 1175 1657 τῆς
1213 1585 1483 1657 Ἰσαυρίας
1514 1584 1658 1639 κατὰ
1690 1583 1968 1656 βασιλικὸν

388 1674 659 1747 βούλημα.

459 1765 540 1835 Τῇ
598 1763 725 1835 χθὲς
769 1764 974 1835 ἡμέρᾳ,
1027 1764 1151 1837 ἥτις
1199 1760 1269 1837 ἦν
1315 1764 1421 1837 πρὸ
1466 1764 1627 1818 πέντε
1674 1763 1965 1819 Καλανδῶν
2000 1795 2043 1851 Β

401 1857 595 1911 Ὀκτω.
617 1857 749 1928 (60),
781 1859 960 1911 πᾶσαν
991 1857 1227 1931 σπουδὴν
1254 1857 1689 1929 εἰσηνεγκάμεθα
1709 1858 1846 1928 μετὰ
1863 1858 1969 1911 πά-

389 1962 491 2017 σης
516 1947 769 2015 εὐταξίας
796 1948 896 2019 τὴν
936 1950 1162 2020 εἰρήνην
1193 1951 1258 2021 τῇ
1299 1948 1595 2020 Ἐκκλησία
1629 1947 1968 2018 διαφυλάξαι,

389 2040 486 2093 καὶ
521 2040 622 2109 τῆς
644 2041 666 2071 ²
718 2039 956 2102 πίστεως
1007 2039 1287 2103 εὐσταθῶς
1323 2038 1630 2100 διαλαϐεῖν,
1678 2038 1753 2103 ὡς
1802 2056 1971 2110 προσ-

388 2131 581 2196 έταξεν
609 2134 637 2184 ὁ
663 2130 1079 2201 θεοφιλέστατος
1109 2131 1362 2201 βασιλεὺς
1387 2134 1420 2202 ἡ
1431 2131 1546 2199 μῶν
1573 2133 1969 2195 Κωνστάντιος,

388 2219 537 2273 κατὰ
566 2220 667 2281 τὰς
710 2210 1058 2290 προφητικὰς
1097 2220 1301 2287 φωνὰς,
1338 2221 1433 2273 καὶ
1486 2218 1652 2288 μηδὲν
1698 2219 1847 2291 παρὰ
1874 2219 1973 2282 τὰς

390 2307 545 2372 θείας
578 2309 805 2380 Γραφὰς
844 2311 1271 2380 παρεισενέγκαι
1307 2312 1374 2381 τῇ
1426 2309 1853 2380 ὲκκλησιαστικῇ
1885 2311 1975 2363 πί-

390 2416 529 2454 στει.
569 2398 788 2472 Ἐπειδὴ
813 2400 873 2454 δὲ
900 2402 960 2452 ὲν
987 2402 1054 2471 τῇ
1092 2401 1298 2472 συνόδῳ
1337 2401 1505 2464 τινὲς,
1535 2403 1662 2465 τοὺς
1692 2402 1790 2473 μὲν
1818 2401 1974 2472 ἡμῶν

391 2488 644 2559 ὕϐρισαν,
686 2490 812 2553 τοὺς
839 2489 896 2543 δὲ
924 2491 1312 2561 ὲπεστόμισαν,
1350 2492 1411 2544 οὐ
1444 2491 1853 2563 συγχωροῦντες
1881 2492 1973 2544 λα-

392 2580 529 2643 λεῖν,
548 2582 676 2645 τοὺς
694 2580 751 2634 δὲ
774 2579 1107 2634 ἀπέκλεισαν
1128 2582 1380 2647 ἄκοντας,
1401 2582 1630 2645 καὶτοὺς
1647 2581 1861 2652 καθῃρη
1872 2583 1972 2652 μέ-

390 2686 517 2733 νους
540 2670 595 2723 δὲ
623 2671 688 2722 ὲκ
709 2669 982 2740 διαφόρων
1004 2669 1285 2741 ἐπαρχιῶν
1309 2670 1428 2741 μεθ’
1453 2671 1691 2731 ἑαυτῶν,
1725 2673 1819 2724 καὶ
1847 2673 1973 2736 τοὺς

392 2761 548 2831 παρὰ
576 2760 781 2813 κανόνα
816 2759 1255 2823 κατασταθέντας
1295 2756 1433 2832 ἦγον
1484 2760 1604 2831 μεθ’
1637 2762 1865 2824 ἑαυτῶν,
1897 2762 1973 2825 ὡς

392 2851 735 2921 πανταχόθεν
769 2850 1001 2921 θορύϐου
1048 2851 1253 2923 πλῆρες
1282 2850 1537 2920 γενέσθαι
1582 2852 1644 2905 τὸ
1676 2854 1970 2925 συνέδριον,

390 2942 575 3005 καθὼς
605 2945 701 2996 καὶ¹
729 2945 757 2995 ὁ
801 2942 1186 3014 λαμπρότατος
1236 2942 1350 3013 (61)
1397 2942 1573 3013 κόμης
1609 2944 1847 3007 Λεωνᾶς,
1880 2945 1973 2998 καὶ

387 3038 419 3087 ὁ
464 3035 851 3105 λαμπρότατος
905 3035 1209 3105 ἡγούμενος
1240 3033 1341 3103 τῆς
1385 3033 1653 3105 ἐπαρχίας
1682 3035 1972 3106 Λαυρίκιος

390 3126 629 3197 αὖτοψίᾳ
678 3124 956 3197 παρέλαϐε
978 3141 992 3153 ⁸
1038 3124 1231 3178 τούτου
1263 3124 1448 3178 ἕνεκεν
1488 3125 1864 3197 δωλαλοῦμεν,
1898 3128 1974 3191 ὡς
2002 3151 2044 3208 C

389 3220 455 3271 οὐ
489 3217 788 3287 φεύγομεν,
817 3218 919 3288 τὴν
952 3217 1275 3287 αὐθεντικὴν
1313 3216 1496 3271 πίστιν
1527 3220 1587 3271 ὲν
1626 3222 1739 3282 τοῖς
1785 3222 1974 3289 ἐγκαι-

391 3311 530 3373 νίοις
556 3311 670 3373 τοῖς
698 3308 843 3363 κατὰ
878 3309 1209 3380 ’Δντιόχειαν
1260 3310 1688 3381 προκομίζοντες
1710 3350 1724 3375 ,
1754 3314 1803 3366 οἱ
1842 3314 1936 3366 καὶ
1958 3315 1978 3344 ⁸

390 3404 550 3456 αὐτοὶ
596 3403 832 3473 μάλιστα
880 3404 932 3456 οἱ
964 3401 1206 3473 Πατέρες
1244 3401 1399 3473 ἡμῶν
1426 3403 1546 3457 κατ’
1575 3404 1752 3457 ἐκεῖνο
1786 3404 1977 3477 καιροῦ

392 3495 534 3565 πρὸς
562 3496 623 3549 τὸ
657 3496 1016 3566 ὑποκείμενον
1042 3493 1143 3563 τῆς
1169 3495 1450 3565 ζητήσεως
1477 3496 1830 3567 συνέδραμον.

473 3840 490 3870 ⁸
513 3838 695 3896 Deest.
722 3840 834 3909 ἐγὼ
858 3839 938 3895 δέ.
1014 3839 1035 3869 ³
1065 3835 1126 3891 F.
1153 3839 1221 3894 τὰ
1252 3841 1376 3911 τῆς.
1458 3841 1480 3874 ³
1503 3840 1565 3896 F.
1591 3836 1625 3916 ᾗ
1649 3843 1765 3897 καί.

470 3992 582 4064 (59)
636 3998 700 4049 Οἱ
774 3994 1177 4061 συνελθόντες
1227 3997 1570 4051 ἐπίσκοποι.
1636 3997 1713 4052 De
1794 3996 1986 4053 Seleno

394 4066 565 4139 ciensi
622 4066 1213 4139 conciliabulo,_quod
1282 4068 1648 4139 A_riminensis
1690 4068 1982 4139 ἀντίμιμον

395 4137 631 4205 appellat
663 4135 938 4200 Socrates,
967 4135 1097 4191 vide
1126 4151 1251 4207 cum
1300 4136 1580 4191 Socratem
1622 4135 1826 4207 ipsum,
1863 4135 1978 4192 tum

394 4207 638 4287 reliquos
656 4206 1351 4262 omnesecclesiasticarum
1383 4222 1565 4262 rerum
1610 4206 1664 4262 et
1698 4208 1976 4263 annalium

393 4290 712 4333 εονιυιοτεε.

467 4284 775 4419 IIgIgl'ig-ta
803 4356 889 4401 est
923 4345 1294 4419 Sgleueicnsis
1323 4346 1566 4419 synodus
1598 4361 1743 4419 anno
1769 4347 1978 4419 Christi

395 4416 522 4488 i559,
578 4416 816 4488 Eusebio
851 4424 906 4471 et
956 4415 1188 4488 Hypatio
1217 4415 1385 4482 cossf,
1413 4433 1597 4488 coram
1631 4416 1888 4471 Lauricio
1923 4426 1976 4472 et

395 4476 579 4540 Leona
611 4487 935 4556 comitibus,
978 4476 1117 4556 q'u'os
1150 4489 1199 4542 ei
1238 4476 1584 4543 moderanda:
1624 4487 1978 4542 Constantius
2010 4476 2057 4533 Ῑ)

395 4556 732 4624 praefecerat.
773 4554 1324 4613 Primus—consessus
1361 4558 1667 4612 celebratus
1709 4566 1792 4612 est
1830 4556 1976 4625 Sept.

396 4641 711 4697 ngntquo
748 4626 833 4679 die
872 4626 1256 4697 altercationes
1293 4630 1657 4697 exstiterunt,
1706 4628 1853 4697 quod
1891 4630 1981 4696 ju-

395 4695 558 4751 bente
585 4695 849 4767 Leonajut
874 4696 943 4767 de
982 4696 1085 4767 ﬁde
1116 4698 1438 4767 sententiam
1470 4696 1693 4760 ferrent,
1720 4695 1981 4767 negarent

395 4767 719 4820 absentibus
758 4765 983 4828 Basilio,
1021 4765 1362 4829 Macedonio,
1407 4765 1745 4835 Patrophilo,
1774 4765 1839 4821 ac
1871 4784 1979 4822 ca:-

396 4838 551 4899 teris,
590 4837 682 4905 qui
720 4837 867 4907 male
882 4836 989 4907 sibi
1024 4839 1232 4893 conscii
1258 4845 1373 4890 tum
1409 4839 1652 4907 aberant,
1682 4838 1980 4907 quidquam

398 4922 559 4975 posse
582 4904 821 4959 decerni.
839 4906 944 4959 Sed
968 4905 1203 4962 instante
1235 4906 1587 4961 nihilominus
1617 4904 1977 4969 Leonafcum

396 4977 464 5030 de
495 4976 842 5046 quibusdam,
876 4976 968 5044 qui
1001 4977 1241 5031 accusati
1269 4984 1447 5037 erant,
1478 4978 1841 5043 cognitionem
1885 4979 1981 5029 ha-

397 5046 634 5100 bendam
682 5053 810 5099 ante
861 5046 1105 5116 episcopi
1158 5054 1483 5109 statuerent,
1530 5063 1695 5115 quam
1741 5046 1810 5100 de
1855 5047 1979 5101 ﬁdei

393 5116 756 5187 dogmatibus
794 5123 1052 5187 ageretur
1091 5116 1278 5184 (delati
1330 5117 1474 5187 enim
1543 5124 1699 5170 erant
1745 5116 1980 5187 Cyrillus

396 5184 948 5246 Iliérosolymitanns,
1012 5184 1329 5242 Eustathius
1380 5185 1734 5246 Sebastenus.
1791 5184 1848 5242 et
1885 5188 1978 5242 alii

395 5256 709 5326 nonnulli);
758 5256 988 5324 pervicit
1020 5256 1239 5310 tandem
1274 5271 1479 5326 comes,
1512 5263 1570 5308 ut
1605 5258 1671 5311 de
1706 5256 1809 5309 ﬁde
1835 5273 1981 5326 quae-

398 5327 627 5379 rendum
652 5325 811 5394 prius
831 5341 956 5379 esse
979 5327 1279 5382 videretur.
1308 5325 1386 5380 Ibi
1406 5325 1604 5379 Aeacio
1634 5341 1828 5380 novam
1854 5325 1978 5381 ﬁdei

396 5394 712 5456 formulam,
742 5403 797 5451 et
835 5395 1066 5450 Nicteme
1108 5398 1327 5464 penitus
1363 5398 1696 5450 contrariam
1730 5396 1978 5451 ollcrenti

398 5464 696 5528 Silvanus,
747 5473 1039 5534 caetertque
1121 5465 1443 5520 Semiariani
1502 5467 1980 5522 vehementissime

398 5537 743 5589 restiterunt.
806 5534 987 5606 Quare
1029 5535 1321 5606 Acacianis
1350 5535 1476 5589 inde
1517 5534 1805 5606 digressis,
1838 5537 1978 5590 lecta

396 5606 844 5659 estAutiocliena
894 5603 1126 5669 ἔκθεσις.
1165 5604 1338 5670 Quam
1394 5603 1654 5674 postridie
1699 5608 1751 5658 in
1786 5604 1978 5660 Seleu—

399 5674 573 5729 ciensi
615 5674 868 5736 ecclesia,
898 5675 1146 5743 "occlusis
1183 5677 1413 5734 toribus,
1450 5675 1850 5743 subscriptione
1878 5691 1976 5729 sna

399 5746 849 5814 comprobarunt.
889 5742 1149 5802 Scuuenti
1204 5748 1343 5807 luce,
1396 5761 1517 5815 qua:
1585 5742 1774 5816 synodi
1817 5747 1975 5801 tertia

2080 1025 2236 1081 Fidei
2289 1033 2550 1100 expositio
2602 1034 2655 1089 in
2702 1036 3054 1093 conciliabula
3113 1040 3434 1098 Seleuriensi
3483 1048 3648 1105 edita.

2139 1202 2305 1259 XXV.
2342 1205 2443 1272 Qui
2485 1211 2649 1267 rariis
2677 1227 2706 1268 e
2736 1216 3033 1283 provinciis
3057 1219 3453 1288 religiosissimi
3482 1224 3652 1295 impe-

2070 1298 2270 1351 ratoris
2295 1301 2467 1355 nostri
2493 1301 2795 1360 Constantii
2840 1310 3089 1364 mandato
3125 1311 3385 1368 Seleucia:
3413 1317 3465 1369 in
3495 1316 3647 1371 Isau-

2070 1387 2151 1439 ria
2190 1393 2547 1448 convenimus
2584 1398 2846 1462 eoiscooi,
2902 1401 3015 1453 haec
3059 1407 3334 1459 communi
3376 1422 3648 1465 consensu

2072 1478 2415 1539 decrevimus
2448 1501 2461 1536 :

2142 1751 2406 1807 Hesterna
2435 1752 2544 1817 die,
2572 1767 2693 1823 quae
2722 1752 2922 1808 eratA.
2960 1753 3024 1807 D.
3071 1753 3135 1807 V.
3193 1754 3312 1809 Kal.
3340 1754 3460 1810 Oct.
3502 1756 3652 1811 omni

2079 1841 2261 1896 studio
2282 1856 2347 1895 ac
2374 1843 2748 1898 moderatione
2781 1845 2833 1898 in
2876 1845 2929 1898 id
2969 1845 3336 1909 incubuimus,
3364 1856 3424 1901 ut
3465 1846 3651 1918 pacem

2077 1930 2334 1987 Ecclesia:
2385 1934 2744 2000 sanciremus,
2791 1950 2855 1989 ac
2905 1945 3248 1991 constantem
3300 1946 3354 1992 et
3420 1938 3649 1993 solidam

2080 2020 2200 2074 ﬁdei
2229 2023 2468 2091 regulam
2507 2026 2988 2091 constitueremus,
3032 2044 3129 2098 pro
3156 2046 3221 2084 eo
3250 2045 3313 2083 ac
3338 2028 3430 2084 Dei
3465 2046 3653 2084 aman-

2080 2115 2323 2171 tissimus
2370 2118 2665 2186 imperator
2718 2128 2904 2174 noster
2947 2120 3301 2178 Constantius
3345 2124 3533 2193 jussit,
3585 2141 3650 2180 ex

2079 2205 2461 2275 prophetarum
2500 2209 2758 2272 oraculis.
2784 2211 2863 2265 sic
2891 2222 2950 2265 ut
2974 2213 3105 2265 nihil
3137 2223 3333 2283 praeter
3369 2231 3654 2270 sacrarunt

2080 2299 2405 2354 Litterarum
2460 2304 2840 2357 auctoritatem
2906 2304 2961 2358 in
3016 2306 3447 2361 ecclesiasticam
3494 2307 3652 2362 ﬁdem

2079 2391 2476 2448 inveberemus.
2514 2392 2620 2447 Sed
2654 2398 2911 2463 quoniam
2941 2396 2994 2449 in
3016 2397 3223 2467 synodo
3250 2397 3495 2452 nonnulli
3518 2397 3655 2453 alios
3702 2446 3715 2463 ,

2078 2496 2109 2536 e
2159 2484 2364 2537 nostris
2395 2484 2743 2539 contumeliis
2797 2482 3135 2549 affecerunt;
3204 2487 3328 2541 aliis
3379 2488 3659 2543 silentium

2079 2573 2431 2639 indixerunt;
2469 2591 2566 2631 nec
2618 2591 2739 2645 quae
2782 2577 2981 2631 vellent
3037 2578 3219 2647 eloqui
3268 2578 3653 2647 permiserint;

2080 2665 2216 2720 alios
2273 2668 2475 2723 invitos
2531 2670 2926 2736 excluserunt;
2969 2678 3084 2723 tum
3136 2684 3231 2725 eos
3282 2669 3377 2739 qui
3422 2668 3654 2739 depositi

2077 2765 2255 2821 erant,
2306 2759 2474 2813 variis
2506 2775 2537 2814 e
2582 2761 2878 2829 provinciis
2941 2761 3345 2821 adhibuerunt;
3390 2760 3656 2829 quosdam

2078 2864 2208 2903 vero
2235 2860 2428 2918 praeter
2454 2866 2719 2906 canonem
2767 2867 2953 2907 secum
3005 2851 3369 2915 adduxerunt,
3398 2859 3457 2905 ut
3487 2851 3651 2905 unde-

2079 2955 2295 3009 cunque
2317 2941 2823 2997 turbulcntissimus
2852 2952 2998 2998 esset
3020 2944 3109 2997 ille
3131 2958 3445 3004 consessus,
3466 2958 3657 3012 quem-

2080 3030 2369 3083 admodum
2416 3031 2757 3086 clarissimus
2816 3046 3001 3086 comes
3057 3031 3290 3095 Leonas,
3324 3038 3379 3086 et
3415 3032 3662 3086 clarissi—

2079 3136 2200 3174 mus
2257 3122 2549 3190 ρνυνὶιιοὶιιι
2600 3122 2764 3193 873
2810 3122 3097 3192 praefectus
3146 3122 3431 3179 Lauricius
3483 3124 3657 3179 oculis

2080 3215 2193 3268 Suis
2237 3214 2522 3277 viderunt;
2554 3230 2671 3269 eam
2730 3216 2801 3270 ob
2831 3231 3052 3269 causam
3100 3216 3276 3284 palam
3314 3215 3654 3285 proﬁtemur,

2079 3303 2215 3355 nihil
2280 3320 2380 3357 nos
2419 3304 2833 3374 subterfugere,
2875 3315 2926 3359 et
2973 3305 3289 3374 primariam
3339 3305 3482 3357 illam
3533 3304 3655 3358 ﬁdei

2082 3394 2394 3457 formulam,
2422 3410 2543 3464 qua:
2564 3397 2616 3449 in
2652 3396 3005 3449 Antiochena:
3031 3397 3275 3449 ecclesia:
3314 3394 3656 3448 dedicatione

2082 3488 2360 3556 pr0posita
2413 3495 2519 3549 est,
2552 3488 2608 3541 in
2641 3487 2877 3541 medium
2915 3486 3180 3556 proferre.
3205 3484 3375 3555 Cujus
3404 3495 3655 3540 auctores

2081 3579 2270 3634 Patres
2317 3578 2393 3633 illi
2440 3581 2614 3635 nostri
2653 3579 2720 3633 ad
2770 3580 3037 3649 ejusmodi
3082 3578 3436 3650 qumstionem
3474 3577 3655 3634 disce-

2083 3668 2341 3737 ptandam
2372 3685 2469 3739 per
2498 3670 2631 3725 illud
2664 3679 2879 3740 tempus
2916 3678 3220 3727 conventus
3251 3671 3583 3727 habuerunt.

2083 4000 2207 4063 fuit,
2237 4012 2361 4051 cum
2387 3996 2511 4065 jam,
2545 3994 2780 4049 Basilius
2838 4003 2893 4049 et
2930 3995 3280 4052 Macedonius
3310 3998 3654 4056 interessent;

2082 4069 2317 4123 Aeacius
2343 4083 2466 4119 cum
2502 4064 2681 4119 Leona
2719 4067 2998 4134 ingressus
3030 4067 3264 4135 primum
3298 4067 3554 4129 obtinuit,
3598 4077 3657 4121 ut

2084 4140 2161 4193 illi
2196 4137 2445 4208 ἱρείη(ιυί
2476 4135 2719 4208 accusati
2770 4138 3063 4208 eranthab
3087 4151 3152 4208 eo
3188 4147 3331 4191 cmtu
3368 4137 3655 4208 submove—

2084 4203 2294 4264 rentur.
2325 4203 2526 4261 Deinde
2556 4220 2759 4275 noram,
2792 4206 2912 4258 ﬁdei
2956 4203 3240 4259 formulam
3286 4223 3381 4275 per
3417 4206 3655 4260 Leonam

2080 4278 2386 4350 proposuit,
2418 4290 2580 4344 quam
2614 4274 2950 4350 Epiphanius
2973 4276 3181 4350 recitat.
3219 4276 3325 4330 Sed
3354 4280 3657 4350 reclaman—

2080 4347 2223 4403 tibus
2274 4350 2509 4412 caeteris,
2543 4362 2666 4399 cum
2702 4347 2883 4399 nullus
2927 4347 3335 4400 contentionum
3377 4362 3440 4400 ac
3464 4347 3660 4412 simul—_

2082 4427 2254 4472 tatum
2308 4418 2487 4471 exitus
2536 4424 2700 4476 esset.
2743 4414 2954 4469 Leonas
3004 4416 3074 4470 ad
3127 4418 3416 4469 concilium
3480 4417 3657 4469 redire

2080 4491 2275 4550 noluit,
2317 4497 2373 4541 ut
2404 4503 2504 4541 nec
2533 4487 2812 4550 Acaciani,
2838 4486 2930 4554 qui
2959 4487 3029 4539 ob
3057 4488 3456 4540 contumaciam
3497 4501 3527 4538 a
3560 4487 3655 4539 Se-

2082 4560 2365 4613 miarianis
2391 4557 2623 4627 depositi
2656 4557 2904 4627 sunt.At
2930 4557 3005 4608 illi
3028 4555 3557 4627 Constantinopolim
3588 4556 3656 4607 ad

2079 4630 2272 4698 imper.
2307 4626 2554 4698 prore-eti,
2590 4627 2735 4698 hunc
2761 4626 3024 4698 adversus
3056 4626 3337 4698 Basilium,
3363 4626 3652 4689 Georgium

2080 4696 2472 4760 Laodicenuni,
2528 4697 2903 4764 reliquamque
2952 4696 3244 4750 factionem
3300 4699 3557 4764 majorem
3599 4698 3654 4748 in

2080 4769 2302 4823 modum
2337 4768 2707 4821 concitarunt.
2737 4765 2899 4819 Plura
2928 4767 2995 4821 de
3020 4767 3105 4820 his
3134 4768 3409 4819 Socrates.

2086 4872 2093 4877 -
2152 4840 2266 4910 (60)
2302 4838 2422 4905 Πρό
2443 4836 2622 4890 πέντε
2636 4834 3197 4910 ΚαλανᾷῶνηὈκτω.
3230 4836 3359 4889 Post
3379 4837 3541 4910 ὀκτω.
3570 4834 3654 4887 in-

2080 4906 2515 4979 terpungendnm
2540 4946 2557 4972 ,
2614 4916 2671 4959 ut
2709 4907 2781 4960 sit
2822 4906 3106 4960 dimidiata
3161 4922 3263 4960 vox
3303 4922 3399 4975 pro
3457 4908 3656 4957 Ὀκτω-

2080 4978 2270 5031 ὁρίων.

2118 4996 2270 5118 )’
2292 5046 2496 5118 Καθῲς
2529 5046 2627 5099 καὶ
2647 5044 3320 5118 όλαμπρότιξτοςεΑρυά
3352 5045 3653 5118 Socratem,

2079 5110 2254 5187 caput.
2300 5117 2390 5187 5|.
2439 5110 2651 5171 Leonas
2707 5110 2909 5187 dicitur
2957 5110 3300 5187 sig-adtuli;
3360 5114 3655 5187 βασιλικοῖς

2079 5184 2351 5256 ὲκὲρανῶν,
2371 5186 2654 5240 Lauricius
2670 5200 2797 5256 ve_ro
2818 5184 2926 5238 τῶν
2946 5185 3085 5238 κατὰ
3096 5185 3195 5255 τὴν
3208 5186 3475 5255 Ἰσαυρίαν
3492 5201 3656 5255 στρα-

2079 5254 2287 5327 τιοῷτῷν
2331 5256 2655 5327 ἡγούμενος,
2709 5254 3058 5327 Τιωυαυτωο
3100 5254 3271 5308 ὁτῶν
3311 5254 3656 5327 στρατιωτῶν

2078 5327 2172 5379 τοῦ
2206 5323 2391 5389 ἔθνους
2419 5323 2658 5397 ἡγεμών.
2697 5323 2847 5391 Quos
2874 5341 3011 5397 cum
3045 5323 3461 5397 λαμπροτάτους
3496 5339 3659 5394 syno-

2079 5399 2183 5451 dus
2210 5396 2464 5467 appellet,
2492 5397 2819 5449 clamaimos
2871 5396 3216 5465 interpretari
3248 5397 3436 5467 malui,
3467 5408 3658 5461 quant,

2080 5476 2139 5520 ut
2173 5464 2493 5531 Cornarins,
2533 5467 2949 5527 illustrissimos;
2990 5464 3113 5518 nam
3147 5476 3205 5519 ut
3256 5464 3323 5518 de
3367 5467 3544 5518 Leona
3572 5472 3658 5515 ta-

2081 5552 2252 5600 ceam,
2280 5539 2348 5590 de
2369 5552 2479 5605 quo
2508 5538 2640 5589 nihil
2683 5538 2946 5604 comperi,
2990 5535 3276 5589 Lauricius
3304 5547 3452 5589 certe
3474 5535 3662 5605 ἔθνους

2080 5607 2324 5676 ἡγεμών,
2357 5604 2460 5659 hoc
2481 5614 2565 5660 est
2598 5607 2816 5660 Isauriae
2848 5620 3048 5674 praeses
3095 5605 3213 5676 fuit,
3246 5621 3404 5673 quem
3446 5620 3511 5657 ne
3550 5604 3662 5676 cla-

2080 5673 2358 5730 rissimum
2380 5678 2600 5745 quidem
2646 5673 2960 5736 ruisse-{sed
2992 5675 3448 5745 perfectissnnum
3478 5673 3662 5745 potius

2081 5745 2256 5802 Guitla
2292 5744 2611 5802 I’ullCllOIllS
2648 5747 2859 5802 Notitia)
2887 5761 3007 5815 cap.
3041 5744 3143 5800 115
3174 5753 3349 5815 putat.
