4134 6386
515 337 607 392 εει

517 555 801 624 plerosque
836 549 898 601 ad
944 549 1263 601 hodiernum
1313 555 1526 615 tempus
1575 563 1748 616 usque
1798 549 2085 617 perturba—

515 649 643 708 rint,
669 651 722 698 et
747 661 774 694 a
811 639 1085 694 nonnullis
1107 640 1402 691 etiamnum
1431 639 1679 692 innovari
1711 639 1854 691 istud
1889 638 2081 702 ferant,

515 747 574 792 ut
622 733 904 788 dissimilis
937 731 1080 784 Patri
1113 730 1286 784 Filius
1329 747 1450 786 esse
1501 732 1735 794 dicatur,
1785 733 1855 785 ob
1905 733 1956 784 id
1987 733 2084 786 ho-

515 827 732 886 inousii,
777 826 877 878 hoc
907 837 992 878 est
1013 823 1483 878 consubstantialis
1514 840 1722 886 vocem,
1753 833 2011 893 tanquam
2055 841 2084 878 a

513 919 686 972 sacris
721 916 941 970 Litteris
993 915 1357 984 peregrinam,
1407 913 1722 982 rejicimus;
1772 927 2083 966 anomceum

515 1028 660 1074 vero,
693 1011 796 1064 hoc
826 1019 906 1063 est
938 1009 1218 1072 dissimile,
1253 1007 1720 1070 condemnamus;
1765 1013 1818 1060 et
1853 1005 2087 1074 quicun-

511 1120 616 1175 que
646 1101 916 1172 ejusmodi
954 1111 1098 1164 sunt,
1135 1101 1204 1154 ab
1229 1099 1472 1153 Ecclesia
1505 1098 1712 1152 alienos
1737 1111 1859 1150 esse
1892 1111 2084 1150 cense-

511 1213 654 1250 mus.
688 1195 935 1248 Similem
967 1208 1098 1247 vero
1129 1191 1308 1245 Patris
1350 1207 1473 1244 esse
1505 1189 1700 1242 Filium
1743 1197 1928 1258 aperte
1961 1202 2086 1256 pro-

511 1289 743 1350 ﬁtemur,
775 1296 830 1340 et
861 1285 1181 1354 Apostolum
1215 1283 1268 1336 in
1299 1298 1364 1336 eo
1397 1283 1698 1350 sequimur,
1731 1281 1822 1350 qui
1853 1279 1920 1333 de
1952 1278 2086 1333 Filio

511 1381 742 1450 loquens
783 1397 794 1430 :
832 1379 936 1444 Qui
978 1391 1078 1440 est,
1133 1377 1331 1445 inquit,
1365 1377 1540 1444 imago
1592 1373 1688 1426 Dei
1737 1371 2016 1426 invisibilis
2044 1371 2082 1424 ¹.

509 1471 844 1526 Conﬁtentur
895 1481 1076 1524 autem
1135 1479 1188 1523 et
1231 1467 1511 1522 credimus
1559 1467 1612 1520 in
1675 1481 1842 1520 unum
1895 1465 2086 1528 Deum,

509 1565 723 1619 Patrem
761 1563 1212 1630 omnipotentem,
1249 1557 1510 1612 factorem
1551 1559 1674 1612 (τωιί
1705 1567 1757 1612 et
1797 1566 1978 1621 terrae,
2004 1557 2086 1610 vi—

509 1653 856 1720 sibiliumque
882 1659 936 1706 et
965 1649 1339 1703 invisibilium.
1377 1647 1668 1702 Credimus
1703 1647 1864 1702 etiam
1903 1647 1956 1698 in
1983 1645 2088 1699 Do-

509 1747 717 1800 minum
741 1752 992 1798 nostrum
1025 1741 1211 1795 Jcsum
1241 1739 1522 1794 Christum
1555 1737 1750 1792 Filium
1783 1737 1897 1802 Dei,
1935 1745 1988 1791 et
2018 1738 2086 1790 ab

1926 335 1984 390 S.
2027 331 2364 389 l-lPlPllANll

585 461 719 514 Cum
751 455 1012 510 hactenus
1041 453 1331 516 homousii.
1373 463 1426 508 ct
1459 453 1781 508 hommousii
1817 456 2080 508 vocabula
2113 461 2156 516 Α

3645 333 3751 392 652

2281 456 2495 526 Ἐπειδὴ
2524 456 2748 520 πολλοὺς
2793 457 3090 527 ἐθορύϐησε
3128 455 3187 508 τὸ
3229 455 3508 526 ὁμοούσιον
3553 456 3646 508 καὶ
3694 455 3754 508 τὺ

2185 545 2488 614 όμοιούσιον
2539 549 2596 598 ἐν
2649 549 2760 610 τοῖς
2809 546 3136 616 παρελθοῦσι
3185 547 3416 617 χρόνοις,
3453 547 3547 600 καὶ
3599 547 3754 618 μέχρι

2185 637 2297 702 νῦν,
2327 637 2463 690 ἀλλὰ
2492 639 2586 690 καὶ
2618 638 2722 702 ἓως
2767 639 2892 710 ἄρτι
2925 639 3139 706 λέγεται
3187 638 3622 708 καινοτομεῖσθαι
3653 641 3756 690 ὑπο

2183 745 2341 780 τινων
2371 729 2431 780 τὸ
2459 729 2710 799 ἀνόμοιον
2745 730 2873 782 Υίοῦ
2921 730 3056 800 πρὸς
3091 731 3338 800 Πατέρα’
3379 730 3566 782 τούτου
3599 731 3756 801 χάριν

2183 821 2246 872 τὺ
2273 819 2557 888 ὁμοούσιον
2583 821 2659 883 ὼς
2689 821 2966 892 ἀλλότριον
2999 821 3108 874 τῶν
3131 821 3360 891 Γραφῶν
3390 821 3718 892 ἐκϐάλλομεν
3739 840 3754 852 ·

2183 910 2243 961 τὸ
2257 910 2312 962 δὲ
2328 910 2577 980 ἀνόμοιον
2593 911 2754 964 ἀναθε
2762 909 2952 980 ματίζο
2959 930 3075 982 μεν·
3097 915 3190 964 καὶ
3207 913 3434 974 πάντας,
3451 913 3564 964 ὅσοι
3581 914 3727 965 τοιοῦ
3739 943 3758 954 -

2183 1017 2265 1054 τοι
2279 1003 2655 1071 τυγχάνουσιν,
2669 1003 2976 1074 ἀλλοτρίους
2989 1003 3270 1073 ἡγούμεθα
3288 1003 3386 1074 τῆς
3413 1005 3754 1074 Ἐκκλησίας.

2185 1094 2259 1144 Τὸ
2281 1093 2336 1145 δὲ
2363 1095 2546 1163 ὅμοιον
2567 1093 2660 1146 τοῦ
2691 1093 2820 1146 Υίοῦ
2855 1095 2988 1164 πρὸς
3018 1095 3238 1165 Πατέρα
3269 1095 3456 1164 σαφῶς
3479 1095 3760 1165 ὁμολογοῦ-

2189 1201 2308 1254 μεν,
2335 1185 2474 1237 κατά
2497 1185 2588 1237 τὸν
2627 1185 2942 1238 Ἀπόστολον
2967 1185 3056 1238 τὸν
3083 1185 3310 1253 λέγοντα
3331 1187 3458 1256 περὶ
3485 1187 3578 1239 τοῦ
3603 1187 3754 1239 Υιοῡ·

2191 1277 2290 1340 Ὃς
2321 1276 2494 1328 ἐστιν
2527 1275 2704 1328 εἰκὼν
2735 1277 2842 1330 τοῦ
2893 1278 3040 1330 Θεοῦ
3077 1277 3179 1330 τοῦ
3221 1277 3498 1346 ἀοράτου.
3539 1279 3757 1348 Ὁμολο-

2186 1369 2390 1440 γοῦμεν
2413 1371 2468 1424 δὲ
2493 1371 2587 1424 καὶ
2617 1371 2944 1442 πιστεύομεν
2971 1374 3050 1434 είς
3079 1373 3174 1424 ἓνα
3195 1373 3346 1436 Θεὸν,
3381 1374 3598 1445 Πατέρα
3625 1391 3760 1428 παν-

2186 1463 2512 1534 τοκράτορα,
2549 1463 2642 1516 τὸν
2689 1465 2918 1536 ποιητὴν
2963 1464 3194 1535 ούρανοῦ
3253 1467 3346 1518 καὶ
3379 1467 3501 1536 γῆς,
3549 1463 3759 1537 όρατῶν

2187 1571 2245 1608 τε
2275 1556 2370 1608 καὶ
2417 1557 2682 1626 ἀοράτων.
2723 1557 3054 1628 Πιστεύομεν
3094 1558 3151 1610 δὲ
3185 1559 3277 1612 καὶ
3315 1560 3394 1621 είς
3433 1559 3522 1612 τὸν
3559 1561 3761 1630 Κύριον

2188 1647 2344 1716 ἡμῶν
2397 1647 2602 1716 Ἰησοῦν
2649 1649 2882 1718 Χριστὸν
2929 1649 3018 1702 τὸν
3065 1649 3192 1702 Υίδν
3227 1649 3319 1702 τοῦ
3367 1649 3524 1714 Θεοῦ,
3566 1651 3658 1702 τὸν
3702 1650 3762 1714 ἐξ

2189 1737 2352 1790 αὐτοῦ
2387 1739 2715 1808 γεννηθέντα
2741 1739 2965 1802 ἀπαθῶς
2996 1739 3102 1810 πρὸ
3127 1741 3346 1794 πάντων
3369 1743 3599 1806 αἰώνων,
3627 1741 3761 1794 Θεὸν

509 1841 630 1908 ipso
683 1837 924 1907 genitum
967 1835 1105 1887 citra
1159 1831 1468 1902 passionem
1521 1831 1686 1884 ullam
1738 1839 1864 1882 ante
1903 1830 2085 1882 omnia

2189 1832 2380 1898 Λόγον,
2401 1806 2548 1884 γΘεὸν
2565 1833 2628 1884 ὲκ
2649 1831 2782 1884 Θεοῦ
2817 1806 3101 1902 μονογενῆ,
3127 1833 3262 1900 φῶς,
3293 1831 3455 1904 ζωὴν,
3481 1832 3757 1904 ἀλήθειαν,

509 1931 730 1993 saecula,
762 1927 928 1980 Deum
961 1923 1223 1987 Verbum,
1253 1923 1422 1976 Deum
1457 1923 1525 1976 de
1559 1921 1690 1988 Deo,
1719 1922 2081 1991 unigenitum,

509 2023 711 2082 lucem,
743 2019 934 2082 vitam,
971 2016 1278 2080 veritatem,
1303 2013 1651 2083 sapientiam,
1689 2013 1966 2074 virtutem,
1993 2025 2088 2079 per

509 2128 670 2182 quem
710 2111 894 2164 omnia
937 2109 1078 2162 facta
1115 2115 1265 2170 sunt,
1297 2121 1419 2176 quae
1465 2105 1519 2158 in
1557 2103 1710 2158 cmlis
1761 2111 1814 2157 et
1857 2103 1910 2155 in
1943 2110 2088 2156 terra

509 2215 657 2266 sunt,
713 2202 828 2256 sive
867 2199 1126 2262 visibilia,
1171 2197 1284 2251 sive
1333 2195 1651 2249 invisibilia.
1707 2191 1860 2246 llunc
1909 2193 2087 2262 ipsum

507 2295 784 2350 credimus
813 2291 868 2344 in
892 2290 994 2344 ﬁne
1025 2289 1348 2343 saeculorum
1377 2287 1444 2340 ad
1474 2285 1934 2355 exstinguendum
1961 2297 2087 2353 pec-

507 2397 689 2440 catum
737 2399 958 2438 carnem
1003 2399 1032 2436 e
1083 2389 1272 2434 sancta
1297 2378 1523 2448 Virgine
1562 2378 1884 2447 sumpsisse,
1921 2375 2092 2430 homi-

509 2493 744 2546 nemque
777 2476 1001 2536 factum,
1039 2487 1258 2542 passum
1295 2471 1420 2524 item
1451 2485 1548 2539 pro
1587 2469 1832 2538 peccatis
1863 2467 2088 2528 nostris,

508 2571 900 2632 resurrexisse,
951 2575 1005 2622 et
1057 2567 1112 2618 in
1160 2565 1358 2616 caelum
1406 2563 1728 2616 subvectum
1783 2559 1974 2614 sedere
2019 2557 2088 2610 ad

509 2665 786 2719 dexteram
829 2659 1029 2721 Patris,
1085 2667 1139 2710 et
1185 2660 1378 2710 iterum
1417 2663 1704 2709 venturum
1744 2667 1867 2706 cum
1919 2653 2090 2721 gloria

504 2757 754 2826 judicare
805 2753 958 2806 vivos
995 2761 1048 2804 et
1085 2757 1348 2828 mortuos.
1396 2749 1682 2800 Credimus
1727 2746 1868 2800 etin
1921 2761 2088 2798 unum

519 2857 770 2902 sanctum
805 2845 1088 2914 Spiritum,
1117 2857 1276 2910 quem
1315 2839 1564 2892 Salvator
1601 2849 1654 2891 et
1699 2837 1959 2890 Dominus
1993 2851 2091 2888 no-

511 2949 624 2994 ster
653 2936 811 2992 Jesus
861 2935 1113 2988 Christus
1157 2931 1496 2984 Paracletutn
1537 2930 1771 2992 vocavit,
1818 2927 2092 2982 eumdem-

511 3047 616 3102 que
647 3041 767 3100 post
811 3029 1117 3081 discessum
1165 3039 1326 3078 suum
1367 3025 1664 3076 missurum
1713 3037 1770 3075 se
1803 3021 2089 3090 apostolis,

2192 1923 2401 1990 σοφίαν,
2457 1922 2706 1992 δύναμιν,
2757 1923 2823 1976 δι’
2857 1917 2917 1976 οὗ
2961 1923 3027 1976 τά
3065 1925 3240 1978 πάντα
3291 1923 3557 1990 ἐγένοντο,
3585 1923 3656 1976 τά
3701 1927 3760 1976 ὲν

2189 2020 2300 2079 τοῖς
2327 2017 2571 2087 οὐρανοῖς
2617 2017 2710 2071 καὶ
2751 2017 2820 2070 τά
2851 2019 2942 2071 ἐπὶ
2983 2019 3082 2089 τῆς
3108 2019 3230 2090 γῆς,
3279 2019 3389 2071 εἴτε
3433 2019 3605 2089 όρατά
3649 2017 3760 2070 εἴτε

2189 2111 2645 2182 ἀόρατα..Τοῦτον
2679 2109 3007 2180 πιστεύομεν
3041 2111 3132 2162 ἐπὶ
3165 2110 3443 2180 συντελείᾳ
3475 2110 3584 2162 τῶν
3627 2110 3762 2162 αἰὼ-

2189 2219 2295 2254 νων
2344 2203 2422 2264 είς
2459 2201 2713 2272 ἀθέτησιν
2762 2201 3038 2271 ἁμαρτίας
3087 2201 3263 2272 σάρκα
3313 2201 3658 2270 ἀνειληφέναι
3697 2205 3758 2253 ἐκ

2187 2293 2289 2363 τῆς
2321 2293 2619 2364 Παρθένου,
2662 2293 2756 2346 καὶ
2795 2291 3308 2362 ὲνανθρωπήσαντα,
3355 2293 3596 2346 παθόντα
3623 2293 3762 2363 ὑπὲρ

2189 2386 2295 2439 τῶν
2319 2385 2600 2458 ἁμαρτιῶν
2615 2385 2792 2456 ἡμῶν,
2815 2385 2908 2438 καὶ
2931 2385 3252 2450 ἀναστάντα,
3275 2387 3368 2436 καὶ
3387 2384 3762 2454 ἀναληφθέντα

2191 2481 2270 2542 εἰς
2297 2479 2580 2548 οὐρανοὺς,
2611 2477 2928 2541 καθέζεσθαι
2959 2479 3016 2530 ὲν
3045 2475 3190 2546 δεξιᾷ
3215 2475 3307 2528 τοῦ
3339 2477 3572 2546 Πατρός,
3601 2477 3764 2529 πάλιν

2191 2571 2483 2642 ἐρχόμενον
2513 2573 2568 2622 ἐν
2600 2569 2726 2639 δόξῃ
2769 2573 2948 2640 κρῖναι
2992 2569 3200 2634 ζῶντας
3243 2569 3338 2620 καὶ
3373 2567 3620 2637 νεκρούς.
3663 2569 3764 2620 Πι-

2193 2661 2454 2730 στεύομεν
2496 2661 2552 2713 δὲ
2591 2662 2684 2714 καὶ
2715 2662 2793 2724 εἰς
2824 2660 2881 2712 ἓν
2921 2661 3070 2727 ἀγιον
3103 2658 3348 2729 Πνεῦμα,
3387 2660 3414 2712 ὃ
3443 2660 3536 2712 καὶ
3577 2661 3766 2731 Παρά-

2191 2753 2385 2822 κλητον
2421 2753 2701 2822 ὠνόμασεν
2727 2754 2754 2804 ὁ
2787 2751 2974 2822 Σωτὴρ
3001 2753 3092 2804 καὶ
3127 2751 3330 2823 Κύριος
3363 2751 3522 2822 ἡμῶν
3559 2752 3767 2822 Ἰησοῦς

2191 2843 2446 2914 Χριστὸς,
2491 2843 2976 2914 ἐπαγγειλάμενος,
3020 2845 3157 2914 μετά
3201 2845 3260 2896 τὸ
3303 2843 3543 2896 ἀνελθεῖν
3581 2843 3766 2908 αὐτὸν,

2193 2935 2403 3006 πέμψαι
2436 2937 2545 2998 τοῖς
2571 2937 2836 3006 μαθηταῖς
2865 2935 3040 3000 τοῦτο,
3073 2935 3100 2986 ὃ
3129 2935 3221 2988 καὶ
3245 2935 3584 3000 ἀπέστειλεν,
3611 2938 3678 2988 δι’
3706 2930 3768 2989 οὗ

2193 3031 2287 3081 καὶ
2321 3029 2536 3096 ἁγιάζει
2564 3033 2688 3092 τοὺς
2723 3031 2780 3082 ἐν
2820 3031 2884 3100 τῇ
2927 3028 3221 3100 Ἐκκλησία
3259 3029 3634 3092 πιστεύοντας,
3675 3032 3769 3082 καὶ

511 3123 777 3193 promisit.
803 3119 974 3186 Quem
1003 3127 1056 3172 et
1099 3129 1289 3170 revera
1329 3115 1498 3178 misit,
1527 3121 1581 3168 et
1615 3127 1712 3182 per
1742 3127 1866 3166 eum
1897 3111 2080 3165 ﬁdeles

2198 3119 2626 3190 βαπτιζομένους
2671 3123 2728 3173 ἐν
2765 3119 2989 3190 ὀνόματι
3041 3121 3273 3192 Πατρὸς,
3322 3119 3416 3173 καὶ
3471 3119 3621 3214 ηἱοῦ,
3677 3121 3769 3174 καὶ

513 3218 567 3269 in
611 3213 855 3268 Ecclesia
889 3209 1214 3270 sanctiﬁcat,
1250 3208 1342 3276 qui
1383 3207 1732 3278 baptizantur
1770 3205 1822 3257 in
1865 3206 2081 3257 nomine

509 3308 708 3368 Patris,
743 3314 796 3358 et
833 3303 978 3366 Filii,
1009 3309 1062 3356 et
1089 3301 1328 3370 Spiritus
1370 3301 1567 3352 sancti.
1597 3297 1918 3365 Quicunque
1963 3311 2090 3349 vero

511 3407 708 3470 praeter
741 3401 880 3450 hanc
927 3393 1084 3446 ﬁdem
1123 3391 1268 3444 aliud
1299 3389 1558 3460 quiddam
1597 3389 1916 3459 praedicant,
1957 3387 2089 3441 alie-

511 3506 612 3544 nos
659 3487 807 3542 novit
847 3485 1087 3538 Ecclesia
1125 3483 1414 3536 catholica.
1463 3479 1931 3547 Quemadmodum
1963 3493 2091 3532 vero

510 3596 634 3635 cum
677 3580 780 3632 hac
811 3577 933 3630 ﬁdei
963 3575 1198 3628 formula
1229 3581 1596 3627 consentanea
1626 3573 1698 3624 sit
1724 3587 1786 3626 ea
1818 3587 1938 3641 qua!
1973 3569 2090 3624 Sir-

511 3673 604 3725 mii
641 3685 819 3740 nuper
847 3669 1098 3738 exposita
1140 3677 1224 3720 est
1258 3679 1442 3718 coram
1475 3665 1892 3734 religiosissime
1922 3664 2092 3733 impe-

511 3771 692 3817 ratore
721 3769 926 3821 nostro,
959 3767 1162 3811 norunt
1198 3758 1292 3826 qui
1317 3757 1457 3811 hanc
1493 3759 1664 3826 ipsam
1701 3755 1952 3826 legerint.

580 3853 746 3924 874
771 3851 958 3904 XXVI.
1002 3850 1462 3920 Subscripserunt
1507 3850 1600 3919 qui
1653 3847 1902 3912 aderant,
1944 3847 2091 3903 Basi-

509 3948 637 4014 lius,
705 3949 950 4008 Marcus,
1006 3942 1271 4013 Georgius
1350 3941 1694 3996 Alexandria:
1766 3941 2084 4011 episcopus,

587 4107 601 4135 ¹
631 4105 840 4158 Coloss.
869 4117 908 4166 t,
937 4101 1025 4155 15.

591 4261 694 4334 (6-2)
738 4257 1124 4326 ’Υπέγραψαν
1153 4258 1208 4310 οἱ
1237 4255 1550 4334 παρόντες.
1587 4255 1720 4334 'l_‘am
1759 4253 1862 4310 hoc
1893 4270 1924 4308 a
1937 4269 2087 4334 “vero

509 4323 744 4386 alienum
774 4323 1082 4397 estfquaiu
1109 4326 1252 4396 quod
1301 4323 1558 4397 maxime.
1603 4323 1894 4397 Nunquam
1937 4324 2088 4378 Basi-

509 4403 614 4456 lius
647 4407 738 4453 aut
761 4395 974 4452 Marcus
1006 4395 1290 4450 Acacianaa
1319 4395 1408 4450 isti
1445 4396 1690 4448 formulae
1737 4397 2086 4463 subscripsit,

509 4481 570 4526 ut
623 4485 721 4524 nec
755 4469 1066 4522 Occidentis
1110 4467 1374 4536 episcopi,
1429 4466 1522 4534 qui
1565 4465 1817 4536 Arimini,
1849 4481 1954 4536 non
1989 4463 2085 4518 Se-

509 4544 698 4595 leuciae
723 4545 1115 4592 convenerunt.
1147 4533 1352 4590 Deinde
1406 4533 1668 4604 quorsum
1723 4535 1808 4588 bis
1863 4533 2082 4603 Georgii

510 4627 572 4665 ac
601 4609 870 4662 Pancratii
913 4608 1140 4676 repetita
1190 4605 1558 4675 subscriptio?
1587 4605 1748 4673 Atqui
1786 4620 1892 4656 non
1929 4605 2087 4659 aliter

508 4681 871 4752 Epiphanium
931 4677 1261 4752 scri_psi_ss_e,_
1295 4685 1388 4752 aut
1417 4676 1673 4752 sensisse
1712 4683 2083 4752 necesse__est,

508 4743 671 4820 quam
709 4758 766 4802 ut
823 4743 1150 4818 professioni
1189 4748 1266 4820 illi
1309 4745 1562 4820 liasilius,
1613 4743 1850 4820 Marcus,
1886 4743 2087 4820 aliique

508 4815 935 4888 subscripserunt
973 4835 983 4868 :
1019 4833 1144 4888 nam
1191 4817 1246 4868 iu
1303 4815 1406 4867 ﬁne
1455 4816 2088 4888 subseriptionttitt__epi-

509 4905 710 4959 seopos
730 4884 1012 4941 'numerat
1061 4887 1152 4949 45,
1183 4895 1332 4959 quot
1357 4901 1542 4959 revera
1574 4893 1720 4959 sunt,
1740 4887 1782 4938 si
1803 4884 2082 4946 Basiliam,

509 4955 770 5022 Marcum,
791 4960 1134 5026 reliquosque
1163 4957 1594 5024 complectimur.
1617 4955 1886 5026 Socrates
1902 4964 2082 5026 autem

508 5047 628 5099 cap.
665 5031 724 5082 51
767 5043 872 5082 non
909 5023 1091 5099 plures
1127 5023 1306 5099 quani
1343 5025 1417 5099 fit)
1447 5041 1574 5099 cum
1605 5025 1828 5099 Acacio,
1850 5023 2084 5099 Georgio

507 5095 925 5160 Alexandrino,’
973 5095 1176 5150 Uranie
1239 5103 1294 5148 et
1343 5095 1586 5148 Eudoxio
1627 5097 1974 5163 conspirasse
2029 5097 2082 5146 in

509 5185 628 5222 eam
697 5169 985 5220 formulam
1049 5167 1232 5224 refert,
1265 5173 1324 5217 ut
1357 5167 1410 5217 in
1449 5177 1618 5218 totum
1661 5167 1768 5218 sint
1799 5165 1886 5215 54.
1935 5165 2082 5218 Satis

507 5241 672 5306 igitur
723 5247 940 5291 constat
993 5237 1108 5290 haec
1143 5245 1438 5306 postrema.
1468 5235 1603 5304 ὁμοῦ
1637 5235 1922 5286 ἐπίσκοποι
1969 5239 2078 5300 μγθ,

553 5309 794 5378 piphanii
835 5323 940 5360 non
971 5323 1115 5368 esse,
1144 5305 1196 5360 si
1233 5309 1378 5358 hunc
1405 5307 1472 5378 ab
1504 5307 1710 5378 erroris
1745 5305 2084 5378 culpa___libe-

505 5373 628 5432 rare
659 5378 889 5430 velimus
917 5394 929 5428 :
957 5393 1132 5444 neque
1161 5391 1322 5445 porro
1355 5377 1562 5444 priores
1599 5375 1742 5435 illos,
1797 5373 2080 5432 Basilium.

506 5447 772 5514 Marcum,
829 5447 1214 5516 llypatiauum,
1265 5455 1318 5498 et
1367 5445 1746 5516 Occidentales
1794 5445 2082 5510 episcopos

505 5517 830 5568 Acacianam
884 5515 1097 5568 ἔκθεσιν
1159 5517 1511 5585 approbasse.
1548 5515 1726 5579 Quare
1770 5521 1862 5564 aut
1891 5529 2080 5585 eorum

507 5585 811 5638 inducenda
837 5590 1075 5648 nomina,
1113 5583 1207 5638 aut
1233 5583 1302 5637 ita
1333 5587 1616 5652 legendum
1643 5592 1747 5642 est.
1781 5583 2080 5652 γνωρίζου-

510 5669 595 5704 σιν
635 5657 682 5726 οι
737 5657 1152 5724 ἐντυγχάνοντες
1189 5659 1256 5724 τῇ
1302 5649 1502 5715 πίστει,
1657 5649 1976 5726 ὑπέγραψαν
2031 5653 2080 5703 οι

507 5725 792 5791 παρόντες,
819 5727 1115 5788 Βασίλειος,
1145 5733 1275 5786 etc.,
1303 5727 1394 5776 καὶ
1431 5727 1480 5775 οἱ
1519 5725 1759 5774 πλεῖστοι
1793 5725 2080 5774 επίσκοποι

499 5791 844 5864 πῆςΔύσεως.
875 5795 1012 5850 Tum
1037 5796 1300 5867 Γεώργιος
1320 5795 1632 5858 ἐπίσκοπος,
1661 5803 1765 5848 etc.
1801 5793 2080 5846 Atlirniant

2191 3213 2344 3280 ἁγίου
2391 3213 2722 3283 Πνεύματος.
2755 3213 2892 3277 Τοὺς
2932 3213 2988 3266 δὲ
3021 3213 3173 3284 παρά
3203 3214 3406 3284 ταύτην
3449 3213 3546 3286 τῆν
3591 3214 3772 3267 πίστιν

2191 3303 2318 3358 ἄλλο
2366 3323 2418 3356 τι
2473 3305 2839 3376 κηρύττοντας
2895 3305 3205 3376 ἀλλοτρίους
3249 3301 3387 3360 οἶδεν
3427 3309 3459 3376 ἡ
3509 3305 3770 3376 καθολικὴ

2203 3397 2520 3467 Ἐκκλησία.
2551 3399 2674 3448 ’Ότι
2706 3397 2762 3449 δὲ
2799 3397 2972 3470 ταύτῃ
3013 3399 3080 3466 τῇ
3121 3399 3302 3450 πίστει
3339 3398 3649 3468 ἰσοδυναμεῖ
3677 3400 3772 3450 καὶ

2191 3489 2226 3558 ἡ
2252 3489 2309 3540 ὲν
2340 3489 2548 3558 Σιρμίῳ
2585 3487 2776 3558 πρώην
2812 3487 3092 3540 ὲκτεθεῖσα
3126 3489 3307 3550 πίστις
3366 3489 3456 3540 ἐπὶ
3497 3487 3596 3559 τῆς
3618 3490 3774 3540 εὐσε-

2193 3577 2342 3640 ϐείας
2374 3577 2468 3630 τοῦ
2513 3577 2775 3648 βασιλέως
2813 3577 2988 3648 ἡμῶν,
3033 3577 3388 3649 γνωρίζουσιν
3415 3579 3465 3629 οἱ
3507 3579 3772 3647 ἐντυγχά-

2193 3688 2378 3734 νοντες
2419 3673 2484 3740 τῇ
2523 3671 2721 3722 πίστει.

2259 3849 2402 3915 Kq'.
2422 3845 2770 3918 ’Υπέγραψαν
2785 3847 2833 3898 οἱ
2848 3847 3112 3917 παρόντες
3138 3845 3270 3918 (62),
3295 3847 3591 3910 Βασίλειος.
3617 3850 3774 3919 Μάρ-

2188 3955 2303 4004 κος,
2339 3941 2430 3990 καὶ
2481 3937 2750 4010 Γεώργιος
2788 3937 2818 3990 ό
2851 3937 2950 4007 τῆς
3001 3937 3403 4009 Ἀλεξανδρείας
3449 3940 3769 4006 ἐπίσκοπος,

2185 4253 2330 4308 enim
2369 4249 2624 4303 Acaciani
2655 4247 2854 4304 editam
2891 4265 2922 4303 a
2957 4265 3016 4305 se
3047 4249 3167 4304 ﬁdei
3207 4249 3616 4306 confessionem
3641 4266 3768 4304 cum

2185 4339 2250 4377 ea
2308 4322 2619 4390 consentire
2675 4321 2928 4390 formula,
2983 4321 3036 4373 in
3079 4335 3240 4390 quam
3287 4320 3471 4374 Sirmii
3507 4337 3630 4374 cum
3667 4321 3771 4375 Va-

2187 4393 2351 4452 lente,
2375 4389 2623 4450 Ursacio,
2647 4399 2700 4444 et
2719 4389 3161 4446 Occidentalibus
3185 4405 3487 4444 convenere
3509 4391 3766 4454 Basilius,

2188 4463 2422 4524 Marcus,
2453 4459 2769 4530 Georgius,”
2797 4461 3015 4530 aliique,
3061 4477 3198 4530 quos
3225 4461 3536 4516 Germinius
3573 4463 3627 4515 in
3655 4465 3770 4530 epi-

2190 4533 2347 4592 stola,
2389 4545 2509 4600 qua:
2553 4529 2920 4600 interillilarii
2955 4529 3254 4599 fragmenta
3309 4533 3601 4600 reperitur,
3633 4529 3770 4586 euu-

2189 4609 2362 4656 merat
2397 4618 2409 4652 :
2446 4615 2640 4668 nempe
2691 4599 2982 4669 Georgium
3024 4600 3471 4664 Alexandrinum,
3529 4600 3769 4654 Pancra-

2189 4675 2322 4726 tium
2357 4669 2700 4730 Pelusinum,
2749 4671 3008 4724 Basilium
3059 4672 3425 4740 Ancyranum,
3460 4669 3766 4732 Valentem.

2190 4741 2476 4796 Ursacium
2518 4751 2570 4794 et
2621 4741 2881 4793 Marcum.
2917 4741 3268 4794 licstituenda
3309 4741 3455 4793 enim
3491 4740 3766 4796 Pancra1ii

2185 4827 2290 4864 vox
2315 4821 2398 4864 est
2424 4811 2478 4862 in
2509 4809 2772 4864 Germinii
2801 4813 3027 4878 epistola
3059 4827 3071 4860 :
3109 4811 3197 4864 ubi
3237 4813 3307 4863 ita
3340 4812 3604 4879 scriptum
3639 4821 3723 4864 est
3753 4830 3766 4864 :

2188 4881 2255 4934 Et
2281 4881 2502 4948 Georgio
2517 4881 2756 4948 episcopo
2785 4881 3264 4936 Alexandrinorum
3297 4879 3546 4936 Ecclesia:
3573 4883 3589 4901 '
3617 4884 3636 4904 "'
3663 4881 3769 4934 Pe-

2189 4953 2508 5005 lusinorum.
2538 4952 2652 5021 lino
2680 4967 2804 5004 vero
2837 4954 2948 5005 ﬁeri
2981 4960 3177 5020 potest,
3209 4960 3268 5003 ut
3315 4949 3604 5021 Hypatiani
3630 4965 3768 5020 quo-

2185 5039 2292 5092 que
2321 5037 2516 5092 notuen
2553 5035 2581 5072 a
2609 5019 2886 5075 Germinin
2928 5019 3414 5076 columemoratuiu
3455 5019 3720 5076 exciderit
3749 5038 3764 5086 ;

2185 5091 2312 5145 nam
2342 5091 2681 5160 Epiphanius
2733 5093 2786 5144 iii
2841 5093 2992 5146 calce
3027 5107 3178 5144 num.
3222 5092 3292 5143 22
3332 5093 3476 5144 inter
3518 5107 3635 5154 eos,
3671 5093 3768 5160 qui

2189 5161 2476 5215 Sirmiensi
2521 5161 2766 5215 formulae
2791 5163 3260 5230 subscripserunt,
3301 5163 3550 5216 adfuisse
3579 5173 3768 5215 narrat

2185 5249 2310 5284 cum
2356 5233 2568 5286 caeteris
2605 5231 2966 5301 Hypatiauum
3003 5250 3014 5282 :
3047 5233 3136 5300 qui
3201 5231 3496 5301 Heraclea:
3521 5231 3623 5284 fuit
3651 5235 3768 5300 epi-

2185 5317 2408 5370 scopus,
2453 5312 2512 5354 ut
2557 5299 2904 5356 ait‘Sozoiu.
2955 5299 3164 5360 lib.’vt.
3203 5319 3321 5370 cap.
3371 5301 3419 5354 7.
3455 5299 3556 5354 Ubi
3587 5299 3767 5354 obiter

2185 5373 2560 5426 emendandus
2595 5381 2699 5435 est,
2729 5375 2856 5426 dum
2883 5375 2958 5425 ait
2991 5371 3434 5434 Macedonianos,
3459 5375 3552 5440 qui
3577 5380 3764 5440 postea

2185 5440 2470 5510 LatnpSaci
2531 5452 2940 5504 convenerunt,
3005 5441 3390 5496 Valentiniano
3446 5451 3498 5496 et
3545 5441 3768 5494 Valente

2185 5513 2581 5579 imperantibus
2625 5513 2794 5566 fuisse
2839 5513 3126 5581 ὁμοουσίου
3169 5521 3626 5582 propugnatores.
3665 5511 3764 5582 Lef-

2183 5583 2416 5654 gendutn
2456 5591 2535 5654 est
2577 5585 2720 5636 enim
2760 5586 2871 5636 ὅσοι
2933 5583 3081 5654 ἄλλοι
3127 5581 3410 5652 όμοούσιον
3453 5581 3530 5654 τῷ
3585 5581 3764 5654 Ila-:9}

2183 5653 2272 5701 τὸν
2307 5652 2429 5702 re»
2481 5651 2658 5718 λέγειν
2719 5655 2921 5720 ἠξίουν.
2971 5653 3066 5706 Est
3122 5651 3264 5709 enim
3316 5669 3422 5705 non
3477 5651 3765 5708 Sozomcui

2183 5735 2357 5786 error,
2391 5722 2484 5776 sed
2509 5723 2710 5776 librarii
