4134 6386
496 310 600 371 155

1132 306 1499 364 ADVERSUS
1535 306 1875 363 HERESES
1907 307 2030 363 LIB.
2067 307 2155 366 III.
2194 307 2357 364 ΤΟΜ.
2390 308 2796 364 I.-—-II/ERES.
2835 305 3070 363 LXXIII.

3633 307 3741 363 454

498 420 860 494 Ιῐαγκράτιος,
921 419 1014 473 καὶ
1056 418 1401 483 ’Υπατιανὸς,
1444 419 1539 471 καὶ
1573 420 1622 471 οἱ
1669 419 1905 472 πλεῖστοι
1955 419 2072 471 ἐπί-

2197 420 2514 483 ’ancratius,
2547 418 2908 491 llypatianus,
2936 431 2992 476 et
3024 418 3244 490 plurimi
3279 419 3595 475 Occidentis
3619 423 3739 491 epi—

499 531 692 570 σκοποι
733 513 834 582 τῆς
883 510 1121 572 Δύσεως·
1169 509 1439 581 Γεώργιος
1481 511 1776 573 ἐπίσκοπος
1828 511 2071 576 Ἀλεξαν.

499 607 683 678 ὀρείας
724 603 992 672 ἐξεθὲμην
1034 603 1133 672 τὴν
1174 602 1358 655 πίστιν
1399 601 1600 666 οὕτως’
1640 604 1913 674 Ὁμολογῶ
1942 622 2073 675 φρο-

501 701 612 751 νεῖν
640 697 718 758 ὡς
758 695 1071 766 πρόκειται·
1120 693 1372 756 Ἀκάκιος
1406 693 1704 758 ἐπίσκοπος
1744 696 2076 766 Καισαρείας

503 789 769 859 ἐξεθέμην
812 786 909 857 τὴν
951 785 1132 838 πίστιν
1170 785 1375 848 οὕτως·
1424 785 1703 855 Ὀμολογῶ
1753 791 1969 857 φρονεῖν
2003 788 2079 851 ὼς

506 879 814 947 πρόκειται.
875 874 1137 945 Οὐράνιος
1191 873 1486 937 ἐπίσκοπος
1553 874 1758 946 Τύρου,
1823 877 2079 946 Εὐτύχιος

506 969 805 1028 ἐπίσκοπος
854 962 1365 1033 Ἐλευθεροπόλεως,
1413 961 1610 1027 Ζώῖλος
1652 965 1947 1027 ἐπίσκοπος
1973 966 2080 1018 Λα-

509 1062 705 1133 ρίσσης
725 1057 824 1125 τῆς
855 1056 1076 1126 Συρίας,
1100 1052 1275 1123 Σέρας
1302 1052 1597 1117 ἐπίσκοπος
1612 1055 1675 1107 ἐκ
1698 1054 2028 1125 Παρατονίου
2062 1056 2077 1085 ¹

504 1154 606 1223 τῆς
634 1148 859 1218 Λιϐύης,
902 1146 1114 1208 Παῦλος
1151 1146 1448 1209 ἐπίσκοπος
1491 1144 1739 1216 Ἐμίσης,
1788 1145 2083 1209 Εὐστάοιος

506 1243 804 1302 ἐπίσκοπος
864 1238 1186 1306 Ἐπιφανίας
1237 1237 1385 1309 (65),
1445 1238 1732 1309 Εἰρηναῖος
1789 1240 2083 1302 ἐπίσκοπος

512 1333 825 1405 Τριπόλεως
845 1331 947 1398 τῆς
974 1330 1247 1400 Φοινίκης,
1278 1328 1536 1394 Εὐσέϐιος
1574 1331 1868 1395 ἐπίσκοπος
1892 1332 2085 1385 Σελευ-

510 1424 665 1486 κείας
694 1424 793 1493 τῆς
837 1422 1058 1492 Συρίας,
1107 1422 1434 1493 Εὐτυχιανὸς
1482 1422 1778 1487 ἐπίσκοπος
1821 1425 2085 1495 Πατάρων

510 1516 612 1585 τῆς
646 1513 867 1576 Λυκίας,
897 1513 1191 1576 Εὐστάθιος
1242 1513 1541 1578 ἐπίσκοπος
1573 1514 1822 1586 Πιναρῶν
1869 1516 1963 1568 καὶ
1998 1517 2086 1568 Δι-

510 1605 717 1675 δύμων,
769 1603 1045 1667 Βασίλειος
1090 1604 1387 1668 ἐπίσκοπος
1434 1602 1681 1657 Καυνίων
1724 1605 1823 1676 τῆς
1868 1605 2085 1670 Λυδίας,

2175 510 2346 578 scopi.
2401 509 2513 580 Ego
2552 510 2819 582 Georgius
2867 513 3159 581 episcopus
3201 511 3546 567 Alexandria;
3596 512 3739 567 hanc

2177 599 2300 653 ﬁdei
2322 601 2715 670 professionem
2743 603 2912 669 edidi,
2944 613 3107 672 atque
3130 603 3226 668 ita,
3253 610 3312 655 ut
3340 603 3604 671 scriptum
3631 611 3738 663 est,

2176 706 2261 745 me
2292 693 2493 747 sentire
2522 696 2794 760 protiteor.
2830 692 2942 763 Ego
2975 692 3207 748 Aeacius
3235 692 3526 762 episcOpus
3557 691 3742 745 Caesa-

2177 797 2282 837 reze
2332 783 2473 837 hanc
2514 784 2635 838 ﬁdei
2681 785 3073 853 professionem
3124 784 3290 849 edidi,
3333 791 3495 853 atque
3537 784 3632 850 ita,
3682 791 3744 837 ut

2179 874 2444 943 scriptum
2474 882 2579 937 est,
2612 890 2700 930 me
2727 877 2930 930 sentire
2967 874 3243 946 proﬁteor.
3272 873 3510 929 Uranius
3538 875 3743 945 episco-

2180 978 2282 1032 pus
2339 961 2486 1034 Tyri,
2548 963 2849 1035 Eutychius
2904 967 3196 1035 episcopus
3266 963 3739 1034 Eleutheropolis,

2181 1055 2366 1110 Zoilus
2411 1057 2700 1127 episcopus
2739 1056 2971 1112 Larissa:
3015 1056 3206 1128 Syriae,
3254 1055 3417 1110 Seras
3453 1055 3744 1125 episcopus

2180 1159 2245 1198 ex
2300 1144 2603 1200 Paraetonio
2651 1145 2850 1216 Libyze,
2900 1146 3103 1200 Paulus
3161 1145 3450 1217 episc0pus
3491 1142 3745 1208 Emissae,

2184 1234 2504 1290 Eustathius
2547 1236 2840 1306 episcopus
2894 1234 3226 1306 Epiphanim,
3276 1234 3509 1289 Irenaaus
3534 1233 3750 1304 episco-

2184 1344 2285 1398 pus
2314 1326 2552 1398 Tripolis
2579 1328 2890 1391 Pbtenices,
2940 1327 3206 1383 Eusebius
3239 1330 3532 1398 episc0pus
3563 1324 3749 1381 Seleu-

2185 1420 2281 1473 ciae
2321 1417 2511 1489 Syriae,
2556 1417 2928 1490 Eutychianus
2981 1419 3269 1488 episcopus
3328 1417 3648 1472 Patarorum
3693 1418 3751 1472 in

2185 1509 2367 1579 Lycia,
2397 1510 2714 1566 Eustathius
2744 1512 3037 1580 episcOpus
3061 1509 3385 1564 Pinarorum
3408 1518 3463 1564 et
3497 1508 3752 1580 Didymo-

2187 1619 2328 1669 rum,
2348 1602 2598 1657 ‘Basilius
2627 1604 2919 1673 episcopus
2948 1601 3282 1657 Cauniorum
3311 1602 3511 1673 Lydiae,
3558 1602 3756 1657 Petrus

515 1696 722 1766 Πέτρος
778 1694 1074 1757 ἐπίσκοπος
1134 1694 1330 1747 Ἵππου
1382 1695 1764 1766 Παλαιστίνης,
1817 1697 2087 1765 Στέφανος

2197 1695 2478 1765 episcopus
2522 1693 2680 1764 Hippi
2722 1693 3046 1762 Palaestinas,
3098 1695 3402 1767 Stephanus
3457 1696 3751 1767 episcopus

518 1786 818 1849 ἐπίσκοπος
860 1784 1222 1854 Πτολεμαΐδος
1268 1785 1368 1855 τῆς
1416 1785 1641 1857 Λιϐύης,
1685 1785 1933 1852 Εὐδὸξιος
1965 1788 2086 1840 ἐπί-

2197 1786 2533 1842 Ptolemaidis
2582 1786 2782 1858 Libyae,
2833 1786 3110 1843 Eudoxius
3167 1790 3472 1859 episcopus,
3531 1789 3755 1860 Apollo—

519 1891 720 1938 σκοπος
766 1874 905 1946 (64),
963 1873 1317 1938 Ἀπολλώνιος
1365 1875 1660 1940 ἐπίσκοπος
1721 1876 2045 1949 Ὀξυρύγχου
2069 1918 2086 1944 ,

516 1968 842 2031 Θεόκτιστος
870 1967 1166 2030 ἐπίσκοπος
1201 1966 1576 2037 Ὀστρακίνης,
1601 1967 1847 2031 Λεόντιος
1873 1969 2090 2022 ἐπίσκο-

518 2077 620 2123 πος
651 2058 873 2122 Λυδίας,
923 2058 1203 2121 Θεοδόσιος
1251 2057 1546 2121 ἐπίσκοπος
1590 2059 1688 2129 τῆς
1741 2060 2090 2131 Φιλαδελφίας

520 2151 740 2214 Λυδίας,
774 2148 963 2212 Φοῖϐος
991 2148 1287 2212 ἐπίσκοπος
1310 2147 1713 2218 Πολυχαλάνδου
1742 2151 1840 2220 τῆς
1872 2152 2088 2216 Λυδίας,

518 2242 744 2309 Μάγνος
785 2239 1083 2303 ἐπίσκοπος
1110 2237 1362 2310 Θεμισῶν
1402 2239 1504 2307 τῆς
1541 2240 1799 2311 Φρυγίας,
1829 2242 2093 2313 Εὐάγριος

522 2332 819 2394 ἐπίσκοπος
856 2330 1169 2402 Μιτυλήνης
1193 2329 1303 2383 τῶν
1328 2330 1527 2401 νήσων,
1558 2331 1775 2402 Κυρίων
1798 2332 2094 2395 ἐπίσκοπος

520 2421 1116 2494 Δολίχης,,Αὐγουστος
1165 2421 1460 2484 ἐπίσκοπος
1504 2422 1815 2492 Εὐφράτης,
1858 2423 2095 2494 [Μάγνος

524 2513 823 2575 ἐπίσκοπος
861 2512 1111 2582 Θεμισῶν
1138 2512 1240 2582 τῆς
1284 2509 1565 2582 Φρυγίας,]
1599 2511 1939 2583 Πολυδεύκης
1976 2513 2095 2567 ἐπί-

526 2621 727 2666 σκοπος
791 2602 1091 2673 Ἐπαρχίας
1152 2602 1411 2673 δευτέρας
1466 2600 1702 2672 Λιϐύης,
1755 2603 2096 2674 Παγκράτιος

521 2694 823 2757 ἐπίσκοπος
850 2692 1152 2762 Πηλουσίου
1194 2692 1327 2763 (65),
1360 2692 1637 2754 Φιλίκαδος
1676 2693 1968 2758 ἐπίσκοπος
1992 2696 2099 2747 Αὐ-

528 2784 836 2853 γουστάδων
876 2784 1117 2855 Φρυγίας
1157 2782 1446 2853 ἐπαρχίας,
1484 2782 1767 2852 Σεραπίων
1806 2784 2099 2847 ἐπίσκοπος

543 2875 901 2947 ’Λντιπύργου
927 2876 1020 2946 τῆς
1050 2874 1278 2944 Λιϐύης,
1311 2873 1567 2936 Εὐσέϐιος
1611 2873 1905 2936 ἐπίσκοπος
1931 2874 2099 2926 Σεϐα-

428 3026 429 3031 η
534 2969 661 3038 στῆς
684 2968 782 3038 τῆς
804 2966 1188 3036 Παλαιστίνης,
1225 2965 1541 3036 Ἡλιόδωρος
1572 2968 1865 3029 ἐπίσκοπος
1888 2965 2099 3030 Σωζού-

533 3074 632 3128 σης
650 3056 750 3125 τῆς
767 3055 1173 3119 Πενταπόλεως,
1189 3054 1520 3123 Πτολεμαῖος
1536 3055 1832 3116 ἐπίσκοπος
1846 3052 2100 3124 Θμούεως

533 3145 989 3216 Αὐγουστονίκης,
1039 3143 1286 3216 Λύγαρος
1331 3144 1626 3208 ἐπίσκοπος
1657 3143 1839 3214 Κύρου
1881 3144 2100 3215 Εὐφρα-

535 3237 679 3300 σίας,
716 3235 1016 3304 Ἑξερέσιος
1046 3234 1342 3297 ἐπίσκοπος
1382 3233 1653 3305 Γερασῶν,
1699 3234 1963 3305 Ἀραϐίων
1985 3234 2103 3286 ἐπί-

535 3343 739 3389 σκοπος
815 3325 1091 3397 Ἀδράων,
1151 3325 1409 3396 Χαρίσιος
1467 3326 1765 3389 ἐπίσκοπος
1836 3324 2099 3390 Ἀζώτου,

552 3416 852 3479 Ἐλισσαῖος
872 3415 1166 3479 ἐπίσκοπος
1191 3415 1799 3486 Διοκλητιανουπόλεως,
1830 3418 2105 3489 Γερμανὸς

538 3505 832 3568 ἐπίσκοπος
861 3503 1105 3576 Πετρῶν,
1140 3504 1401 3575 Βαρόχιος
1430 3505 1451 3534 ³
1480 3503 1776 3567 ἐπίσκοπος
1823 3503 2100 3575 Ἀραϐίας.

547 3595 714 3668 Ὅμοῦ
743 3595 1028 3650 ἐπίσκοποι
1056 3603 1165 3666 μγ’.

606 3689 964 3760 Πεπλήρωται
997 3687 1101 3751 ἓως
1128 3681 1230 3742 ὧδε
1251 3689 1285 3758 ή
1318 3686 1427 3740 τῶν
1455 3688 1866 3760 προειρημένων
1906 3689 2100 3761 Ἦμια-

543 3779 699 3853 ρείων
725 3780 819 3833 καὶ
858 3778 1146 3850 Ἀρειανῶν
1171 3777 1405 3841 ἔκθεσις.

612 3873 734 3926 KZ’.
767 3871 830 3924 Οί
859 3873 1148 3940 νουνεχεῖς,
1168 3869 1370 3941 ταύτην
1398 3870 1508 3943 (66)
1536 3872 1628 3926 καὶ
1660 3871 1758 3936 τὰς
1781 3871 1946 3936 ἄλλας
1968 3872 2093 3926 διελ-

617 4028 633 4058 ¹
675 4025 735 4080 F.
761 4026 1138 4098 Παραιτονίου.
1215 4027 1236 4057 ⁸
1263 4043 1353 4096 γρ.
1382 4026 1657 4098 Βαρίχιος.

614 4182 725 4255 (65)
759 4184 1090 4255 Εὐστάθιος
1138 4184 1471 4255 ἐπίσκοπος
1512 4183 1879 4252 Ἐπιφανίας.
1934 4182 2109 4237 Scrib.

556 4252 920 4325 Ἐπιφανείας.
978 4253 1105 4325 ‘Quo
1159 4254 1377 4307 nomine
1441 4257 2110 4325 complures_censentur.

544 4324 638 4378 Est
670 4324 813 4393 enim
844 4325 909 4377 ad
967 4322 1220 4377 Orontem
1252 4338 1381 4384 una,
1434 4322 1603 4377 altera
1658 4323 1723 4377 ad
1763 4322 2110 4393 Euphraten;

546 4393 650 4447 alia
683 4393 735 4445 in
767 4392 978 4462 Cilicia.
1007 4401 1066 4446 ut
1093 4394 1159 4447 de
1191 4393 1415 4462 reliquis
1444 4395 1652 4462 sileam.

2187 1879 2312 1934 nius
2362 1878 2650 1948 episcopus
2698 1878 3014 1950 Oxyrinchi,
3067 1877 3413 1935 Theoctistus
3457 1879 3754 1950 episcopus

2188 1971 2520 2033 Ostracines,
2547 1969 2805 2026 Leontius
2848 1972 3135 2041 episcopus
3169 1970 3371 2042 Lydiae,
3417 1971 3756 2039 Theodosius

2190 2060 2484 2131 cpiscopus
2519 2058 2905 2129 Philadelphia:
2942 2058 3145 2131 Lydiae,
3193 2059 3432 2116 Phteb‘us
3464 2063 3757 2132 episcopus

2195 2150 2608 2221 Polychalandae
2648 2149 2849 2222 Lydiae,
2882 2149 3109 2222 Magnus
3148 2154 3438 2223 episcopus
3475 2152 3760 2207 Themiso-

2196 2257 2318 2296 rum
2347 2242 2612 2313 Phrygiae,
2644 2241 2910 2313 Evagrius
2949 2244 3237 2313 episcopus
3265 2244 3546 2316 Mytilenes
3601 2245 3760 2298 insu-

2194 2336 2390 2399 larum,
2425 2333 2625 2404 Cyrion
2672 2335 2959 2404 episcopus
3006 2333 3278 2397 Doliches,
3319 2335 3598 2405 Augustus
3642 2335 3760 2403 epi-

2194 2443 2393 2497 scopus
2439 2425 2830 2496 Euphratesiae,
2886 2426 3076 2481 Pollux
3120 2427 3407 2496 episcopus
3458 2427 3756 2495 provincia:

2197 2520 2447 2575 secundae
2474 2517 2675 2589 Lybiae,
2714 2516 3041 2573 Pancratius
3072 2518 3363 2587 episcopus
3391 2516 3616 2583 Pelusii,
3642 2515 3763 2571 Phi-

2197 2611 2404 2666 licadus
2437 2612 2726 2680 episcopus
2768 2609 3208 2677 Augustadorum
3246 2608 3497 2680 Phrygiae
3535 2610 3760 2680 provin-

2198 2702 2314 2766 ciae,
2357 2700 2618 2771 Serapion
2664 2701 2954 2770 episc0pus
3007 2700 3291 2771 Antipyrgi
3338 2700 3541 2771 Libyae,
3588 2700 3761 2754 Euse-

2207 2793 2332 2847 bius
2357 2792 2648 2862 episcopus
2676 2790 2917 2846 Sebastze
2938 2789 3263 2854 Palaestinae,
3300 2789 3625 2845 Heliodorus
3648 2792 3767 2860 epi—

2200 2886 2399 2953 scopus
2442 2881 2658 2938 Sezusae
2708 2882 3050 2952 Pentapolis,
3099 2881 3417 2935 Ptolemaeus
3478 2883 3766 2951 episcopus

2201 2973 2476 3029 Thmueos
2529 2974 2950 3043 Augustonices,
2998 2973 3246 3043 Augarus
3305 2974 3595 3044 episcopus
3637 2974 3764 3045 Cyri

2127 3102 2169 3159 α
2202 3064 2540 3136 Euphrasiae,
2577 3064 2866 3120 Exeresius
2915 3065 3202 3134 episc0pus
3241 3063 3592 3132 Gerasorum,
3631 3065 3768 3118 Ara-

2203 3156 2332 3212 bion
2392 3157 2683 3226 episcOpus
2737 3155 3079 3221 Adraorum,
3146 3155 3426 3211 Charisius
3478 3157 3768 3225 episcopus

2204 3247 2381 3314 Azoti,
2428 3247 2684 3303 Elissaeus
2742 3249 3029 3317 episcopus
3086 3246 3582 3317 Diocletianopolis,
3631 3246 3767 3302 Ger-

2205 3351 2402 3392 manus
2459 3337 2748 3407 episcopus
2782 3337 3085 3405 Petrarum,
3131 3337 3429 3391 Barochius
3479 3341 3770 3410 episcopus

2207 3428 2437 3482 Arabiae.
2469 3426 2672 3485 Omnes
2695 3430 2935 3500 episcopi
2969 3446 3195 3487 numero
3220 3429 3402 3485 XLIII.

2280 3690 2553 3747 Hactenus
2619 3690 3078 3748 Serniarianorum
3151 3701 3205 3748 et
3272 3692 3596 3748 Arianorum
3651 3695 3773 3749 lidei

2206 3784 2491 3851 expositio.

2276 3873 2440 3943 875
2483 3873 2699 3931 XXVII.
2747 3876 2883 3929 Cum
2931 3879 3071 3931 hanc
3115 3885 3170 3931 et
3220 3886 3444 3933 cazteras
3486 3878 3539 3932 id
3601 3891 3773 3948 genus

2221 4182 2341 4236 lidei
2369 4180 2581 4251 ξκθεσις
2608 4180 2904 4251 Antiochia:
2942 4179 3316 4234 Eneaaniorum
3361 4190 3602 4251 tempore
3629 4183 3769 4237 scri-

2218 4260 2307 4320 pta
2350 4250 2661 4305 Marcellino
2700 4263 2755 4303 et
2797 4250 3029 4305 Probino
3078 4266 3359 4313 coss.,an.
3403 4250 3527 4314 541,
3570 4253 3661 4307 ubi
3704 4253 3771 4306 de

2216 4321 2372 4391 οὐσίᾳ
2410 4320 2635 4391 verbum
2687 4321 2943 4391 nullum,
2987 4322 3244 4383 secunda,
3298 4323 3352 4373 in
3399 4322 3586 4376 eodem
3639 4337 3773 4375 con—

2141 4419 2185 4472 D
2215 4390 2465 4472 ciliabulo
2507 4391 2695 4470 editau
2722 4392 2883 4472 paulo
2934 4390 3180 4472 longior:
3211 4391 3322 4472 ubi.
3353 4392 3545 4472 Filium
3594 4392 3770 4472 Μονο-

619 4462 733 4533 (64)
786 4459 1475 4533 Εὐδόξιοςίέπίσκοπος.
1531 4461 1651 4533 Non
1702 4460 1866 4533 alium
1916 4463 2097 4530 opium

2212 4460 2340 4533 feni]
2368 4459 2604 4533 856v,_a_c
2637 4460 2734 4533 τῆς
2759 4459 2943 4533 οὐσίας
2976 4460 3159 4533 εἰκόνα
3181 4462 3562 4525 nominarunt;
3591 4463 3769 4533 tertia,

546 4530 688 4593 esse,
712 4530 870 4600 quam
890 4532 1308 4585 Antiochenum.
1339 4530 1435 4585 Hic
1455 4532 1597 4585 enim
1617 4532 1962 4600 conjunctam
1985 4547 2106 4584 cum

546 4599 747 4654 Acacio
770 4615 991 4670 causam
1047 4601 1233 4654 habuit
1260 4615 1414 4654 :cum
1453 4616 1625 4670 eoque
1682 4599 1736 4654 in
1775 4599 2108 4655 Seleucicnsi

550 4679 820 4725 conventu
855 4687 882 4723 a
913 4669 1262 4725 Semiarianis
1297 4671 1352 4723 in
1382 4669 1626 4723 ordinem
1650 4670 1929 4732 redactus,
1949 4672 2111 4725 vicis-

551 4741 654 4809 sim
684 4740 806 4795 illos
839 4741 894 4793 in
942 4739 1545 4809 Constantinopolitano
1592 4741 1827 4794 concilio
1857 4740 2109 4809 perculit.

551 4806 658 4879 Sed
693 4810 739 4864 si
796 4809 844 4864 is
899 4818 1002 4873 est,
1066 4809 1262 4862 mirum
1297 4806 1472 4879 yalde,
1509 4810 1781 4879 quomodo
1833 4806 1940 4862 non
1991 4816 2112 4879 post

548 4875 838 4949 Georgium
873 4881 1060 4949 saltem
1117 4875 1541 4949 Alexandrinum
1576 4875 2111 4948 subscripserit,'qui

550 4946 737 5071 utiqge
790 4956 916 5070 afnte
944 4946 1247 5003 Orientales
1293 4955 1346 5001 et
1397 4947 1566 5020 Syros
1599 4946 1884 5019 episcopos
1937 4946 2112 5002 nomio

550 5031 658 5071 nan
702 5033 766 5071 us
832 5027 927 5071 tut.

549 5021 766 5072 nandus
807 5019 927 5071 l'uit.

624 5087 734 5155 (65)
772 5087 1136 5156 Παγκράτιος
1166 5087 1496 5155 ἐπίσκοπος
1528 5087 1897 5156 Πηλουσίου.
1929 5085 2030 5151 Qui
2061 5095 2114 5142 et

554 5154 841 5211 Sirmiensi
875 5154 1044 5211 tertiae
1072 5157 1400 5212 Professioni
1422 5173 1547 5213 cum
1575 5154 1776 5223 Marco,
1802 5157 2020 5220 Basilio,
2051 5172 2115 5211 ac

552 5228 764 5298 caeteris
792 5227 1208 5298 subscripserat.

626 5294 735 5365 (66)
780 5300 844 5350 Ol
869 5294 1197 5366 νουφῖεχεῒς,
1227 5297 1467 5364 ταύτην.
1493 5294 1671 5350 Varia:
1692 5306 1819 5350 sunt
1853 5297 1921 5349 ab
1957 5296 2117 5349 Aria-

553 5364 642 5419 nis
688 5366 920 5421 diversis
970 5364 1305 5436 temporibus
1352 5367 1510 5421 editae
1545 5366 1916 5421 Professiones
1951 5367 2113 5421 lidei:

553 5449 786 5503 quarum
837 5451 1030 5490 novem
1082 5435 1305 5489 omnino
1354 5436 1421 5489 ad
1454 5435 2116 5504 Constantinpolitanum

553 5520 729 5574 usque
779 5505 1222 5567 conciliabulum,
1258 5505 1401 5575 quod
1427 5521 1459 5558 a
1489 5505 1824 5559 Seleucicnsi
1877 5508 2118 5570 proxime

448 5642 455 5653 ρ
553 5583 638 5653 est
688 5575 962 5653 habitum,
1020 5574 1598 5653 recenset’Socrates,
1648 5575 1743 5653 sed
1787 5584 1841 5628 et
1875 5576 2117 5653 Athana-

555 5643 673 5697 sius
716 5645 807 5714 lib.
840 5644 917 5697 De
946 5645 1158 5714 synod.,
1191 5660 1256 5698 ex
1277 5660 1385 5714 quo
1418 5652 1597 5698 tamen
1630 5645 1815 5698 decem
1851 5645 2116 5714 colligun-

554 5720 665 5766 tur.
727 5713 875 5779 Quas
944 5713 1045 5770 hoc
1115 5716 1234 5770 loco
1294 5713 1559 5786 attingam
1621 5714 1875 5769 breviter.
1931 5713 2119 5768 Prima

2211 4528 2409 4583 ibidem
2456 4545 2485 4580 a
2526 4528 2909 4597 Theophronio
2951 4532 3298 4599 conscripta:
3331 4545 3449 4599 quae
3486 4539 3540 4583 et
3583 4531 3771 4594 οὐσίας

2210 4598 2534 4669 vocabulum
2566 4599 2892 4669 supprimit;
2926 4609 3137 4667 quarta,
3165 4598 3367 4669 paucos
3401 4608 3521 4667 post
3554 4615 3771 4669 menses

2212 4683 2309 4737 per
2340 4667 2674 4728 Narcissum,
2708 4668 2917 4738 Marim,
2952 4667 3195 4738 aliosque
3227 4670 3278 4721 in
3307 4669 3504 4723 Gallias
3533 4670 3597 4722 ad
3631 4668 3772 4722 Con-

2213 4745 2449 4808 stantem
2481 4739 2647 4791 missa
2677 4756 2689 4790 :
2718 4740 2773 4808 in
2807 4737 2911 4808 hac
2936 4737 3175 4793 damnati
3204 4739 3298 4808 qui
3324 4740 3565 4793 dicerent
3589 4738 3648 4802 ἐξ
3674 4740 3773 4792 οὐκ

2211 4805 2378 4878 ὄντων
2406 4807 2496 4878 τδν
2538 4806 2733 4878 Υἱδν,ῆ
2769 4806 2828 4871 ἐξ
2858 4808 3051 4878 ἐτέρας
3078 4805 3444 4873 ὑποστάσεως,
3481 4809 3574 4861 καὶ
3604 4809 3675 4877 μὴ
3709 4810 3775 4862 ἐκ

2212 4877 2307 4928 τοῦ
2340 4876 2475 4929 Θεοῦ
2507 4877 2788 4946 γενέσθαι,
2836 4885 2930 4931 aut
2957 4876 3151 4934 ‘l'uisse
3181 4880 3471 4947 aliquando
3521 4876 3735 4947 tempus
3755 4917 3771 4942 ,

2215 4961 2336 4998 cum
2371 4962 2479 4999 non
2517 4957 2696 5012 esset;
2736 4949 2940 5016 quinta,
2974 4956 3095 5016 post
3140 4950 3429 5002 triennium
3463 4948 3517 5001 in
3568 4947 3771 5000 Italiam

2213 5017 2379 5069 missa
2408 5017 2789 5088 paxpdottxog,
2810 5018 2912 5070 hoc
2937 5027 3019 5071 est
3045 5018 3254 5087 longior
3276 5018 3541 5086 appellata
3571 5033 3585 5081 ;
3608 5033 3771 5085 qttant

2216 5088 2432 5153 quidem
2460 5087 2758 5140 Antiochiae
2784 5096 3091 5140 contextam
3125 5091 3176 5139 in
3206 5088 3507 5141 Annalibus
3538 5088 3769 5154 reperio,

2216 5157 2308 5209 sed
2354 5157 2455 5208 hoc
2496 5170 2667 5224 neque
2734 5159 2984 5210 Socrates
3035 5172 3098 5208 ac
3160 5155 3535 5219 Sozomenus,
3597 5172 3773 5217 neque

2215 5226 2548 5279 Athanasius
2595 5225 2834 5279 referunt
2876 5244 2889 5280 :
2948 5228 2999 5296 in
3052 5242 3156 5295 qua
3196 5228 3295 5296 τῆς
3335 5227 3521 5287 οὐσίας
3569 5227 3773 5278 mentio

2216 5296 2399 5360 nulla;
2429 5306 2597 5358 sexta,
2618 5297 2674 5348 in
2697 5296 2931 5349 concilio
2962 5295 3454 5350 Sirmieusicontra
3484 5295 3771 5348 Photinum

2216 5365 2360 5419 edita
2396 5381 2540 5419 anno
2581 5366 2679 5419 551
2713 5383 2725 5419 :
2782 5368 2849 5419 de
2884 5380 2997 5434 qua
3041 5366 3094 5418 in
3145 5367 3517 5434 superioribus
3559 5365 3773 5417 abunde

2217 5434 2420 5488 dictum
2452 5444 2565 5499 est;
2597 5436 2835 5502 septima,
2869 5433 3053 5488 Sirmii
3084 5433 3228 5489 anno
3250 5435 3350 5490 557
3403 5434 3590 5487 Latine
3635 5434 3773 5486 seri-

2217 5513 2306 5572 pta
2341 5514 2444 5567 est,
2474 5504 2541 5558 de
2569 5520 2697 5574 qua,
2736 5513 2790 5558 ut
2842 5513 2896 5558 et
2946 5505 3010 5558 de
3056 5516 3258 5565 octava,
3305 5520 3423 5573 quae
3470 5505 3772 5574 Ariminum

2219 5575 2424 5642 perlata
2457 5583 2560 5636 est,
2584 5573 2889 5643 conscripta
2912 5589 3054 5628 anno
3086 5574 3211 5635 559,
3238 5576 3372 5628 satis
3398 5583 3555 5627 antea
3586 5573 3773 5640 dispu-

2217 5645 2484 5708 tavimus;
2527 5661 2685 5705 nona,
2731 5654 2811 5697 est
2853 5644 3121 5697 Acaciana
3167 5644 3425 5697 Seleuciae
3473 5647 3770 5712 proposita,

2220 5728 2384 5782 quam
2430 5729 2551 5769 cum
2609 5714 2893 5770 Sirmiensi
2941 5714 3096 5769 tertia
3152 5715 3463 5770 consentire
3517 5721 3772 5769 auctores
