4134 6386
462 344 567 402 435

1871 335 1926 392 S.
1968 332 2307 390 EPIPIIANII
3607 336 3712 390 456

460 462 588 517 ﬁdei
644 459 1019 530 expositiones
1073 472 1171 512 vos
1216 456 1417 527 legitis,
1465 454 1674 525 quibus
1738 453 2041 523 prudentiae

2153 450 2345 513 96Vtsg,
2381 448 2555 515 γνῶτε
2582 447 2700 510 πῶς
2749 447 3069 519 ῥᾳδιουργόν
3121 450 3236 500 ἐστι
3281 447 3342 499 τὸ
3382 449 3716 519 ἐπιχείρημα

461 557 603 609 inest
667 567 731 607 ac
772 550 964 621 iudicii
1018 547 1290 609 nonnihil,
1343 546 1780 608 animadvertite,
1830 558 2035 614 quaeso,

460 658 623 713 quam
677 641 966 696 subdolum
1022 654 1086 692 ac
1124 624 1465 691 malitiosum
1510 636 1583 690 sit
1630 635 1793 691 unius
1836 652 1902 690 ex
1950 635 2039 688 illa

463 742 608 788 secta
645 733 814 802 partis
862 730 1176 794 consilium,
1216 744 1281 782 ac
1310 728 1444 781 nihil
1467 734 1674 781 rectum
1698 726 1914 791 habeat,
1948 741 2043 779 ne-

463 841 569 895 que
595 825 678 878 vel
708 823 982 877 levissime
1025 821 1223 874 divina:
1260 818 1385 873 ﬁdei
1419 820 1491 873 sit
1524 816 1883 887 professionis
1910 832 2043 871 con-

465 928 803 975 sentaneum.
866 913 1078 968 Etenim
1136 913 1398 966 Dominus
1446 911 1518 964 ita
1577 907 2037 964 commonefecit:

466 1009 617 1076 Quod
637 1010 688 1061 in
708 1022 886 1060 aurem
915 1002 1135 1067 auditis,
1161 1002 1447 1073 praedicata
1471 1017 1625 1070 super
1643 1002 1837 1054 tecta‘.
1866 1001 2043 1070 Atque

466 1112 523 1154 ut
558 1098 850 1169 Apostolus
898 1095 1191 1149 hortatur:
1240 1094 1527 1147 Veritatem
1575 1093 1930 1162 unusquisque
1964 1092 2043 1145 ίο-

463 1203 659 1258 quatur
686 1207 802 1243 cum
831 1189 1078 1260 proximo
1109 1204 1204 1241 suo
1227 1187 1268 1241 ⁸.
1300 1188 1369 1239 At
1391 1187 1662 1255 Propheta
1694 1185 1911 1237 illorum
1942 1185 2045 1237 im-

466 1284 794 1352 probitatem
821 1293 931 1334 non
982 1279 1100 1334 sine
1135 1277 1557 1346 reprehensione
1590 1274 1865 1329 declarat:
1910 1271 2042 1326 Cum

463 1376 724 1444 proximo,
751 1374 948 1443 inquit,
984 1370 1216 1440 loquitur
1246 1368 1504 1437 paciﬁca,
1536 1367 1593 1419 in
1630 1365 1788 1419 corde
1807 1382 1924 1418 vero
1949 1382 2043 1418 suo

466 1465 616 1517 habet
654 1464 992 1516 inimicitiam
1016 1461 1058 1525 ³,
1094 1460 1207 1514 sive
1248 1458 1529 1510 malitiam.
1579 1456 1728 1509 Talis
1772 1465 1857 1509 est
1906 1454 2045 1507 Aea-

469 1558 590 1610 cius
623 1557 726 1609 iste
768 1570 895 1607 cum
934 1553 1069 1607 suis.
1108 1548 1241 1603 Nam
1269 1563 1393 1602 cum
1422 1561 1482 1601 se
1530 1563 1560 1600 a
1598 1546 1800 1600 Basilio
1840 1553 1895 1598 et
1927 1544 2043 1613 ejus

468 1648 694 1700 asseelis
738 1643 1157 1714 disjunxissent,
1193 1656 1303 1709 quo
1349 1653 1486 1691 vera:
1523 1626 1888 1690 confessionis
1924 1635 2045 1687 vin-

467 1740 648 1792 culum
686 1752 749 1791 ac
779 1751 977 1790 nexum
1016 1734 1315 1787 dissolvere
1342 1729 1645 1799 cupientes,
1687 1726 2043 1780 adulteriuam

2142 541 2370 612 θατέρου
2422 540 2600 593 αὐτῶν
2651 540 2744 592 τοῦ
2793 542 3155 609 συστήματος,
3198 541 3294 591 καὶ
3342 540 3493 592 οὐδὲν
3536 542 3713 610 ὀρθὸν,

2140 633 2260 685 οὐδέ
2294 633 2467 704 βραχὺ
2498 632 2720 703 μετέχον
2744 631 2846 701 τῆς
2874 633 3013 684 κατά
3035 632 3166 685 Θεὸν
3188 632 3492 702 ὁμολογίας.
3516 634 3717 687 Φάσκει

2139 725 2247 794 γὰρ
2271 726 2299 776 ὁ
2333 723 2535 793 Κύριος
2565 722 2736 792 λέγων
2755 740 2770 757 ·
2800 726 2869 775 Ὃ
2907 726 2995 788 εἰς
3022 723 3087 776 τὸ
3121 720 3230 788 οὖς
3268 725 3590 790 ἠκούσατε,
3619 724 3717 776 ἐπὶ

2139 814 2260 868 τῶν
2286 814 2569 882 δωμάτων
2611 814 2930 881 κηρύξατε.
2957 814 3068 868 Καὶ
3100 812 3282 877 καθὼς
3317 817 3345 867 ὁ
3371 815 3522 882 ἅγιος
3561 815 3720 867 Ἀπό-

2144 906 2328 970 στολός
2369 922 2566 975 φησιν·
2610 905 2927 971 Ἀλήθειαν
2962 906 3220 958 λαλείτω
3275 904 3533 971 ἕκαστος
3570 907 3719 975 μετὰ

2142 999 2247 1052 τοῦ
2267 998 2534 1064 πλησίον
2560 997 2748 1051 αὐτοῦ
2763 1012 2776 1026 ·
2790 998 2820 1049 ὁ
2833 997 2890 1049 δὲ
2910 995 3201 1069 Προφήτης
3216 994 3311 1066 τὴν
3323 995 3524 1050 τούτων
3555 997 3720 1049 κακό-

2143 1106 2289 1143 νοιαν
2337 1088 2625 1158 διελέγχων
2669 1089 2914 1156 ἐκφαίνει
2966 1088 3178 1155 λέγων’
3225 1088 3386 1141 Μετὰ
3417 1087 3523 1140 τοῦ
3568 1092 3719 1154 πλη-

2144 1185 2286 1235 σίου
2319 1180 2505 1234 αὐτοῦ
2534 1181 2713 1234 λαλεῖ
2734 1180 3022 1248 εἰρηνικὰ,
3067 1180 3137 1233 ὲν
3165 1180 3233 1233 δὲ
3266 1179 3339 1248 τῇ
3385 1180 3595 1249 καρδίᾳ
3616 1183 3720 1233 αὑ-

2143 1274 2251 1327 τοῦ
2302 1275 2426 1342 ἔχει
2470 1273 2584 1339 τὴν
2613 1274 2858 1341 ἔχθραν,
2909 1275 3006 1327 εἶτ’
3053 1269 3144 1327 οὖν
3178 1273 3405 1327 κακίαν·
3458 1273 3601 1325 οὓτω
3628 1275 3722 1325 καὶ

2144 1361 2290 1419 οὗτοι
2344 1369 2472 1434 περὶ
2521 1366 2793 1419 Ἀκάκιον.
2830 1366 2927 1418 Ἐκ
2967 1365 3074 1418 τῶν
3134 1366 3265 1436 περὶ
3314 1365 3578 1434 βασιλέως
3618 1365 3636 1394 ⁸
3665 1365 3722 1416 δὲ

2144 1458 2485 1528 διῃρημένοι,
2520 1456 2826 1526 βουλόμενοι
2850 1456 3009 1509 λῦσαι
3035 1456 3123 1508 τὸν
3154 1454 3451 1524 σύνδεσμον
3477 1455 3573 1523 τῆς
3599 1455 3723 1520 άλη-

2146 1552 2299 1620 θινῆς
2347 1550 2659 1619 ὁμολογίας,
2696 1548 2848 1601 νόθον
2892 1548 3013 1601 τινὰ
3052 1549 3145 1601 καὶ
3182 1548 3450 1600 εὐάλωτον
3497 1549 3560 1599 ἐκ
3592 1564 3725 1599 παν-

2147 1641 2372 1711 ταχὸθεν
2423 1642 2695 1710 ἀπολυτὴν
2748 1639 2932 1691 ἔθεντο
2976 1637 3209 1701 ἔκθεσιν,
3251 1640 3330 1700 εἰς
3372 1638 3431 1689 τὸ
3468 1636 3726 1690 δύνασθαι

2150 1735 2346 1796 αὐτοὺς
2390 1733 2496 1785 ἀπὸ
2536 1731 2742 1784 τούτων
2790 1730 2898 1783 τῶν
2936 1730 3265 1801 εἰρημένων,
3295 1731 3343 1781 εἰ
3376 1730 3474 1798 μὲν
3520 1728 3725 1781 θέλοιέν

470 1832 661 1885 nescio
692 1844 879 1897 quam,
910 1834 965 1880 et
999 1825 1064 1878 ad
1095 1821 1452 1877 refellendum
1488 1819 1727 1881 facilem,
1757 1824 1812 1870 et
1845 1818 1899 1870 in
1933 1832 2050 1869 om-

2153 1843 2305 1888 τινας
2333 1826 2567 1895 ἀπατᾷν,
2605 1823 2864 1877 δύνασθαι
2905 1821 3185 1892 ὁμολογεῖν
3223 1821 3284 1872 τὸ
3313 1821 3517 1874 δίκαιον
3540 1837 3553 1849 ·
3593 1820 3726 1872 εἰδὲ

468 1936 567 1976 nes
627 1927 808 1989 partes
860 1915 1180 1970 versabilem
1238 1912 1361 1965 ﬁdei
1402 1907 1800 1979 professionem
1863 1904 2048 1960 edide-

469 2023 615 2074 runt,
656 2019 717 2065 ut
760 2026 826 2063 ex
871 2015 1136 2076 concepta
1187 2006 1305 2073 ipsa
1349 2003 1636 2055 verborum
1693 1997 1947 2057 formula,
2001 1996 2049 2048 si

467 2105 667 2173 quibus
692 2102 970 2170 imponere
993 2097 1212 2158 vellent,
1244 2095 1445 2162 justam
1480 2106 1544 2144 ac
1581 2091 1874 2159 legitimam
1909 2104 2045 2142 con-

471 2196 764 2250 fessionem
799 2207 909 2261 prae
934 2206 994 2245 se
1028 2188 1170 2242 ferre
1202 2186 1374 2240 videri
1406 2193 1648 2254 possent.
1686 2182 1779 2236 Sin
1812 2180 2050 2250 perﬁdiae

472 2302 587 2341 suae
644 2285 795 2336 virus
842 2279 1148 2351 patefacere
1197 2272 1479 2342 cuperent,
1527 2273 1797 2342 ejusmodi
1839 2272 1945 2327 illis
1985 2272 2049 2325 ad

473 2389 694 2427 manum
724 2380 867 2425 esset
892 2369 1014 2423 lldei
1042 2366 1334 2438 prolessio,
1366 2378 1489 2434 quae
1520 2366 1776 2432 utrinque
1799 2372 2053 2431 spectans

473 2463 540 2517 ad
573 2461 869 2532 quamlibet
899 2460 1113 2511 illorum
1144 2456 1551 2511 simulationem
1578 2464 1762 2524 aptum
1792 2453 2052 2524 quiddam

471 2553 824 2621 exprimeret.
862 2548 969 2603 Sed
1015 2547 1271 2616 quoniam
1317 2546 1374 2599 in
1414 2544 1518 2599 hoc
1550 2545 1736 2598 Acacii
1770 2544 2056 2598 conventi-

472 2643 620 2704 culo,
667 2641 812 2710 quod
864 2640 931 2694 ab
980 2640 1104 2693 aliis
1153 2637 1367 2692 duobus
1417 2645 1501 2691 est
1556 2637 1902 2705 sejunetum;
1942 2635 2055 2704 jam

475 2735 622 2787 enim
654 2734 890 2786 diximus
924 2741 1035 2786 tres
1064 2731 1117 2784 in
1143 2738 1326 2799 partes
1346 2728 1674 2782 Arianorum
1706 2736 1910 2782 sectam
1935 2743 2057 2783 esse

476 2823 731 2877 divisam.
798 2822 979 2887 Quare
1033 2818 1346 2881 Eudoxius,
1397 2816 1735 2879 Germanus,
1792 2814 2057 2885 Georgius

475 2914 899 2975 Alexandrinus,
950 2911 1188 2966 Euzoius
1233 2909 1611 2964 Antiochenus
1662 2910 1718 2962 in
1759 2924 1924 2962 unam
1975 2908 2056 2962 fa-

476 3009 711 3060 ctionem
766 3004 1034 3075 segregati
1100 3010 1261 3069 sunt;
1312 3001 1549 3057 Basilius
1597 3016 1727 3055 vero
1782 3000 2055 3064 Eleusius,

482 3100 820 3162 Eustathius,
846 3097 1115 3166 Georgius
1137 3095 1505 3159 Laodicenus,
1533 3094 1808 3164 Sylvanus
1828 3092 2061 3148 Tarsen-

2150 1916 2433 1985 θελήσαιεν
2466 1916 2563 1983 τῆς
2609 1913 2816 1967 ἑαυτῶν
2857 1912 3173 1977 κακοδοξίας
3206 1912 3437 1979 ἐκφᾶναι
3470 1910 3533 1963 τὸ
3568 1910 3728 1981 δηλη-

2147 2008 2356 2079 τήριον,
2390 2008 2541 2059 ἔσται
2564 2007 2746 2069 αὐτοῖς
2766 2005 2903 2075 αὕτη
2927 2006 2959 2074 ή
2981 2003 3192 2066 έκθεσις
3218 2002 3731 2072 ἐπαμφοτερίζουσα

2149 2100 2249 2159 τὰς
2288 2099 2426 2167 πρὸς
2462 2100 2553 2150 δύο
2584 2099 2813 2168 σχέσεις,
2849 2097 2943 2150 καὶ
2974 2095 3249 2165 δυναμένη
3294 2097 3465 2146 ποιεῖν
3492 2094 3730 2162 ἑκάστης

2151 2188 2328 2241 αὐτῶν
2358 2191 2634 2259 ποιήσεως
2679 2188 2776 2259 τὴν
2818 2186 3128 2256 ὁμολογίαν.
3172 2184 3310 2237 Ἀλλ’
3345 2184 3642 2254 ἐπειδήπερ
3671 2184 3730 2235 ἐν

2153 2284 2219 2351 τῇ
2252 2280 2392 2334 κατὰ
2430 2281 2522 2333 τὸν
2567 2279 2821 2332 Ἀκάκιον
2849 2277 3018 2348 ταύτῃ
3047 2279 3114 2348 τῇ
3141 2276 3250 2329 ἀπὸ
3286 2275 3395 2328 τῶν
3437 2274 3609 2328 ἄλλων
3637 2272 3733 2325 δύο

2154 2373 2385 2425 συνόδων
2411 2371 2744 2443 διαιρεθείσῃ
2766 2369 2967 2440 συνόδῳ
2982 2387 2995 2399 ·
3019 2368 3226 2439 ἔφημεν
3245 2367 3352 2438 γὰρ
3367 2367 3482 2429 πῶς
3506 2368 3586 2428 είς
3607 2367 3732 2436 τρία

2152 2465 2403 2534 τάγματα
2434 2465 2467 2534 ή
2515 2464 2611 2533 τῆς
2648 2462 2940 2534 Ἀρειανῶν
2970 2460 3193 2533 διῃρέθη
3234 2459 3409 2522 τάξις,
3441 2459 3516 2521 ὡς
3560 2459 3589 2510 ὁ
3628 2457 3729 2525 μὲν

2154 2552 2422 2618 Εὐδὸξιος,
2457 2554 2549 2607 xui.
2578 2553 2872 2624 Γερμανὸς,
2900 2551 3169 2623 Γεώργιός
3192 2567 3252 2603 τε
3278 2552 3308 2603 ὁ
3329 2550 3730 2620 Ἀλεξανδρεὺς,

2155 2645 2393 2708 Εύζώῖὸς
2418 2663 2477 2698 τε
2520 2645 2864 2714 Ἀντιοχείας,
2891 2646 2971 2706 εις
2996 2642 3053 2694 ἓν
3082 2641 3268 2711 τάγμα
3299 2640 3730 2711 ἀπεσχίσθησαν·

2156 2735 2435 2797 Βασίλειός
2468 2751 2528 2787 τε
2560 2736 2652 2788 καὶ
2679 2733 2973 2797 Ἐλεύσιος,
3007 2732 3301 2794 Εὐστάθιος
3332 2732 3425 2784 καὶ
3468 2728 3735 2800 Γεώργιος

2155 2828 2184 2879 ὁ
2215 2826 2554 2889 Λαοδικείας,
2603 2824 2886 2888 Σιλουανός
2914 2842 2973 2876 τε
3001 2825 3030 2875 ὁ
3060 2823 3294 2895 Ταρσοῦ,
3340 2822 3668 2884 Μακεδόνιος
3702 2823 3736 2873 ὁ

2157 2908 2813 2986 Κωνστᾶντινουπολίτης,
2866 2916 2959 2968 καὶ
3005 2915 3153 2969 ἄλλοι
3205 2914 3423 2975 πλείους
3471 2910 3733 2973 ὡσαύτως

2158 3009 2238 3071 εἰς
2274 3006 2332 3060 ἓν
2380 3007 2568 3077 τάγμα
2621 3007 2985 3077 διῃρέθησαν
3022 3005 3278 3068 ’Λκάκιος
3320 3005 3377 3058 δὲ
3429 3004 3610 3067 πάλιν,
3659 3003 3736 3065 ὡς

2160 3103 2442 3171 προεῖπον,
2474 3100 2567 3153 καὶ
2590 3099 2871 3162 Μελέτιος,
2909 3097 3000 3151 καὶ
3034 3098 3314 3167 Εὑτύχιος,
3345 3097 3439 3150 καὶ
3467 3096 3615 3151 ἄλλοι
3650 3112 3736 3147 τι·

480 3192 578 3252 sis,
613 3189 957 3244 Macedonius
986 3186 1650 3255 ConstantinOpolitauus,
1690 3193 1744 3239 et
1778 3183 1869 3237 alii
1909 3199 2053 3237 com-

2160 3169 2248 3254 νές
2279 3190 2406 3244 ἄλλο
2432 3190 2618 3260 τάγμα
2655 3191 2748 3242 καὶ
2790 3186 2935 3244 οὗτοι
2977 3191 3251 3259 γεγόνασι,
3292 3189 3387 3241 καὶ
3424 3184 3492 3260 ἦν
3535 3189 3598 3241 τὸ
3628 3189 3737 3240 πᾶν

482 3284 667 3349 plures
700 3278 997 3346 separatim
1039 3292 1200 3331 suum
1231 3290 1434 3343 corpus
1466 3274 1797 3340 eﬁ‘ecerunt;
1829 3274 2053 3328 Aeacius

2160 3281 2385 3344 κυϐείας
2415 3280 2664 3350 ἔμπλεων
2689 3281 2750 3334 τὺ
2789 3281 2948 3353 ἔργον
2971 3297 2984 3312 ·
3015 3280 3051 3334 a
3085 3280 3194 3351 γὰρ
3240 3280 3467 3342 ἕκαστος
3496 3279 3731 3349 ἐφρόνει,

481 3372 737 3439 denique,
782 3379 839 3422 ut
869 3383 1035 3438 supra
1071 3366 1205 3432 dixi,
1242 3382 1367 3419 eum
1414 3366 1650 3428 Meletio,
1699 3366 1964 3436 Eutyeliio
2006 3375 2053 3420 et

2159 3372 2333 3426 ταῦτα
2368 3372 2462 3425 καὶ
2494 3373 2522 3423 ὁ
2545 3372 2729 3442 ἕτερος
2767 3370 2913 3444 εἶχεν
2937 3392 2952 3405 ·
2978 3377 3055 3437 είς
3100 3374 3373 3445 σχίσματα
3400 3371 3455 3423 δὲ
3483 3370 3734 3442 διῃρέθη-

485 3463 609 3515 aliis
636 3460 912 3513 nonnullis
945 3458 1134 3513 tertias
1168 3459 1225 3511 in
1255 3467 1437 3525 partes
1475 3456 1850 3511 discesserunt
1884 3475 1896 3510 :
1924 3472 2063 3526 quo-

485 3567 605 3605 rum
639 3551 914 3620 negotium
950 3564 1110 3603 omne
1142 3548 1373 3610 fraudis,
1409 3561 1473 3599 ac
1520 3548 1773 3615 nequitiae
1802 3548 2059 3615 plenissi-

488 3657 632 3696 mum
676 3640 796 3693 fuit.
840 3639 972 3691 Nam
1006 3653 1131 3691 cum
1190 3652 1220 3689 a
1266 3652 1326 3691 se
1369 3636 1599 3689 invicem
1652 3637 1907 3704 opinione
1952 3652 2059 3689 non

487 3735 881 3800 discreparent,
938 3727 1295 3782 nihilominus
1343 3736 1523 3780 certas
1567 3725 1623 3779 in
1670 3726 1937 3781 factiones
1979 3727 2060 3781 di-

487 3824 627 3878 vulsi
668 3830 816 3885 sunt,
850 3819 977 3873 dum
1009 3820 1249 3888 privatas
1279 3818 1421 3871 inter
1464 3833 1521 3871 se
1561 3817 1866 3871 simultates
1905 3833 2059 3871 exe-r-

488 3922 633 3974 (νηί,
664 3912 826 3966 veluti
856 3910 999 3979 quod
1031 3908 1268 3979 Cyrillus
1300 3906 1828 3977 lIierosolymitanus
1871 3918 1924 3961 et
1957 3907 2059 3961 Eu-

491 4005 707 4074 tyeliius
747 4013 965 4056 mutuas
998 4001 1312 4055 inimicitias
1343 3998 1623 4063 foverent;
1667 3998 1903 4067 Cyrillus
1931 4014 2059 4052 vero

491 4115 518 4148 ιι
561 4095 743 4150 Basilii
774 4094 998 4155 Galatae,
1034 4103 1089 4147 et
1128 4092 1349 4154 Aniani,
1392 4090 1482 4159 qui
1513 4090 1812 4143 Antiochiae
1848 4088 2061 4143 ordina-

493 4197 582 4239 tus
630 4194 747 4238 erat
779 4185 1093 4253 episcopus,
1131 4198 1194 4236 ac
1220 4181 1437 4251 Georgii
1482 4179 1773 4233 Laodiceni
1811 4181 2060 4248 partibus

492 4284 687 4329 staret.
721 4273 859 4340 Quid
895 4284 1073 4327 autem
1118 4274 1309 4326 attinet
1343 4272 1395 4325 in
1436 4285 1626 4325 eorum
1659 4270 1896 4324 cmtihus
1935 4285 2059 4340 par-

493 4364 693 4418 tiendis
737 4378 801 4416 ac
841 4360 1334 4416 commemorandis
1384 4369 1597 4429 tempus
1633 4358 1845 4413 terere?
1893 4357 2060 4414 Venio

2163 3477 2261 3514 σαν
2289 3460 2425 3530 πρὸς
2454 3460 2733 3530 ἀλλήλους,
2771 3462 2803 3533 ἢ
2841 3463 2985 3532 μίσει
3024 3464 3129 3516 τινὶ
3166 3463 3244 3532 τῷ
3277 3462 3413 3534 πρὸς
3449 3461 3729 3530 ἀλλήλους,

2159 3551 2248 3604 διὰ
2280 3553 2342 3605 τὸ
2390 3551 2654 3623 Κύριλλον
2691 3555 2784 3606 τὸν
2823 3554 3252 3626 Ἱεροσολυμίτην
3296 3553 3430 3624 πρὸς
3479 3544 3735 3620 Εὐτύχιον

2161 3641 2307 3713 ἔχειν
2345 3643 2526 3712 μῆνιν,
2570 3646 2662 3696 καὶ
2690 3645 2949 3715 Εὐτύχιον
2985 3647 3123 3716 πρὸς
3169 3644 3466 3716 Κύριλλον·
3499 3639 3635 3695 εἶναι
3677 3643 3735 3694 δὲ

2159 3731 2248 3782 τὸν
2277 3731 2542 3802 Κύριλλον
2574 3734 2691 3803 ἅμα
2720 3734 2984 3804 Βασιλείῳ
3020 3732 3095 3804 τῷ
3122 3734 3355 3803 Γαλάτῃ,
3389 3734 3482 3785 καὶ
3509 3730 3735 3798 Ἀνιανῷ

2159 3820 2237 3890 τῷ
2266 3823 2655 3875 κατασταθέντι
2696 3824 2789 3876 ἐπὶ
2821 3825 2919 3893 τῆς
2955 3824 3302 3893 Ἀντιοχείας,
3353 3822 3445 3875 καὶ
3483 3820 3735 3890 Γεωργίῳ

2159 3911 2239 3981 τῷ
2264 3913 2611 3976 Λαοδικείαςη
2640 3914 2692 3966 τί
2721 3913 2778 3967 δὲ
2817 3914 3215 3983 κατατρίόομαι
3259 3914 3357 3975 τὰς
3386 3911 3567 3976 τάξεις
3599 3912 3736 3963 διαι-

2154 4004 2266 4079 ρῶν
2308 4022 2367 4056 τε
2410 4005 2505 4058 καὶ
2551 4006 2762 4074 λέγων;
2808 4005 3130 4076 Ἐλεύσομαι
3183 4006 3239 4058 δὲ
3286 4008 3366 4069 εἰς
3405 4004 3501 4067 τὰς
3532 4004 3735 4055 τούτων

2153 4094 2475 4159 ἀντιθέσεις,
2522 4097 2614 4148 καὶ
2643 4096 2954 4167 ἀνατροπὴν
2994 4096 3093 4165 τῆς
3140 4096 3370 4148 ἑκάστου
3418 4096 3621 4147 τούτων
3655 4094 3737 4145 δο-

2153 4182 2420 4253 λιὸτητος.
2451 4188 2543 4238 Δεῖ
2570 4186 2629 4239 δέ
2671 4203 2737 4256 με
2773 4186 2985 4258 πρῶτον
3016 4188 3143 4257 περὶ
3181 4186 3293 4238 τῶν
3328 4185 3552 4256 ὕστερον
3578 4201 3737 4251 γεγο-

2156 4273 2323 4326 νὸτων
2369 4275 2570 4343 λέγειν.
2611 4276 2935 4347 Συμϐέὸηκε
2976 4278 3083 4348 γὰρ
3111 4277 3270 4330 τοῦτό
3306 4294 3447 4330 τισιν
3492 4279 3571 4339 εἰς
3603 4278 3738 4344 ἁγα-

2157 4362 2375 4434 θὸτητα,
2405 4368 2514 4419 τισὶ
2538 4367 2595 4419 δὲ
2619 4370 2699 4430 είς
2730 4370 3015 4440 πονηρίαν.

496 4457 659 4526 igitur
689 4457 755 4509 ad
795 4455 918 4510 illos
956 4471 1146 4509 omnes
1182 4454 1508 4509 refellendos
1561 4461 1615 4508 et
1657 4454 2091 4525 uniuscujusque
2144 4458 2312 4531 876
2361 4463 2680 4517 calliditatis
2739 4466 3085 4519 evertendam
3139 4465 3460 4535 nequitiam.
3510 4462 3613 4517 Sed
3671 4462 3739 4515 de

496 4553 581 4602 lus
649 4552 823 4619 prius,
879 4564 999 4618 qua:
1052 4557 1237 4620 postea
1279 4551 1649 4619 contigerunt,
1684 4549 1977 4604 dicendum
2025 4552 2256 4610 videtur.
2301 4557 2447 4613 Istud
2498 4561 2642 4613 enim
2692 4562 2868 4629 ipsum
2938 4562 3217 4616 nonnullis
3268 4562 3335 4615 ad
3390 4560 3735 4630 probitatem,

495 4642 617 4695 aliis
651 4641 716 4693 ad
752 4642 1069 4710 pravitatem
1102 4641 1313 4693 cessit.~

565 4731 800 4785 XXVIII.
843 4730 1050 4784 Etenim
1107 4730 1351 4784 Meletins
1399 4729 1468 4784 ab
1524 4729 1726 4784 Acacio
1765 4730 2053 4784 Antiochia

2238 4734 2372 4785 ΚΙΨ⁸
2389 4732 2642 4797 Μελέτιος
2663 4734 2759 4803 μὲν
2792 4736 2899 4805 γάρ
2922 4738 2949 4788 ὁ
2973 4737 3030 4787 ἐν
3050 4737 3350 4807 Ἀντιοχείᾳ
3374 4739 3735 4803 κατασταθεὶς

493 4823 781 4877 ordinatus
828 4825 1139 4892 episeOpus.
1184 4821 1449 4892 Deinceps
1488 4822 1633 4876 enim
1687 4822 1789 4877 hoc
1834 4824 2066 4878 Aeacius

498 4916 834 4985 propositum
870 4915 1078 4978 habuit,
1112 4915 1389 4983 paululum
1424 4922 1482 4967 ut
1513 4914 1581 4967 ab
1610 4914 1827 4968 illorum
1860 4916 2067 4970 nefario

495 5006 746 5076 dogmate
783 5004 1114 5068 deﬂecteret,
1149 5015 1203 5059 et
1237 5021 1405 5058 unum
1438 5021 1497 5059 se
1530 5020 1594 5057 ex
1627 5003 1959 5060 Oi-thodoxis
1989 5007 2068 5057 la-

495 5104 666 5161 ceret,
708 5096 810 5149 hoc
836 5096 975 5164 ipso,
1019 5096 1164 5165 quod
1194 5095 1468 5150 Meletium
1514 5096 1566 5147 in
1600 5096 1689 5148 illa
1723 5096 2070 5150 ordinatione

497 5187 876 5241 conﬁrmaret:
897 5190 1095 5257 quippe
1124 5187 1370 5241 Meletius
1405 5186 1492 5239 hic
1515 5187 1582 5239 ab
1609 5185 1900 5240 Acacianis
1944 5201 2068 5255 par-

2166 4821 2269 4873 ὑπὸ
2289 4822 2396 4874 τῶν
2416 4822 2543 4893 περὶ
2563 4824 2815 4877 ’Λκάκιον
2831 4842 2842 4853 ·
2862 4824 3108 4877 ἐντεῦθεν
3121 4826 3227 4897 γὰρ
3245 4828 3433 4895 γέγονε
3460 4829 3555 4881 τοῦ
3577 4829 3738 4883 Ἀκα-

2166 4912 2286 4964 κίου
2312 4912 2581 4976 ἔνστασις,
2615 4916 2753 4985 ὑπὲρ
2786 4915 2879 4967 τοῦ
2911 4916 3012 4969 κᾶν
3056 4917 3235 4984 ὀλίγον
3278 4936 3330 4971 τι
3378 4921 3739 4990 ἀποστρέψειν

2164 5005 2262 5073 τῆς
2294 5004 2582 5069 κακοδόξου
2612 5006 2790 5059 αὐτῶν
2814 5006 3055 5077 γνώμης,
3086 5011 3178 5061 καὶ
3206 5012 3525 5080 ὑποφαίνειν
3548 5014 3736 5065 ἑαυτὸν

2165 5095 2323 5165 δῆθεν
2355 5097 2413 5148 ἐν
2457 5096 2775 5167 ὁρθοδὸξοις,
2805 5098 2895 5150 διὰ
2934 5100 2995 5151 τὸ
3033 5099 3327 5169 βεϐαιῶσαι
3356 5102 3448 5154 τὸν
3482 5120 3736 5175 προειρη-

2168 5187 2327 5254 μένον
2356 5186 2615 5240 Μελέτιον
2642 5189 2700 5241 ἐν
2733 5191 2800 5258 τῇ
2848 5189 3205 5243 καταστάσει·
3242 5193 3601 5255 κατασταθεὶς
3630 5193 3737 5262 γὰρ

572 5343 588 5373 ¹
617 5339 809 5395 Matth.
844 5358 899 5405 χ,
929 5341 1016 5395 27.
1098 5342 1118 5371 ¹
1157 5339 1356 5410 Eplies.
1389 5356 1458 5405 iv,
1487 5338 1579 5393 25.
1658 5337 1841 5392 'Psal.
1884 5353 2053 5401 xxvn,

2223 5338 2247 5369 ⁸
2268 5338 2394 5394 Cor.
2427 5341 2719 5396 Βασίλειον.

500 5496 650 5549 illius
678 5505 966 5560 asserunt;
997 5495 1220 5555 decima,
1250 5494 1721 5564 Constantinopoli
1748 5496 1812 5550 ab
1842 5496 2062 5561 Acucio,

501 5566 767 5625 Eudoxio.
805 5567 1037 5635 aliisque
1065 5565 1320 5619 conﬂata.
1361 5564 1490 5630 Qua:
1515 5566 1702 5627 οὐσίας
1741 5574 1793 5618 et
1824 5565 2063 5618 ὑποστά-

505 5651 644 5696 σεως
675 5636 893 5689 noinina
933 5637 1350 5690 commemorari
1394 5644 1568 5687 vetat:
1608 5637 1836 5688 similem
1879 5645 2057 5687 tamen

500 5702 652 5759 Patri
704 5705 899 5760 Filium
940 5722 1061 5762 esse
1112 5708 1320 5760 deﬁnit.
1373 5705 1467 5758 llis
1524 5706 1864 5759 undecimam
1919 5706 2067 5758 addit

2170 5499 2503 5578 Athanasius
2536 5500 2941 5578 Antiochiaaab
2982 5503 3172 5558 iisdem
3214 5504 3338 5578 istis
3382 5506 3734 5578 publicatam,

2173 5568 2271 5647 ubi
2301 5571 2635 5647 superiorem
2669 5570 3062 5647 emendarunt,
3101 5589 3161 5627 ac
3207 5568 3527 5647 dissimilem
3560 5574 3737 5627 Putris

2172 5637 2368 5710 Filium
2396 5641 2662 5710 audacter
2710 5645 3129 5708 pronuntiarunt
3163 5662 3174 5696 :
3219 5645 3360 5699 unde
3390 5647 3657 5710 Anommi,
3682 5654 3736 5699 et

2186 5708 2539 5772 Ἐξουκὸντιοι
2573 5713 2829 5781 appellari
2872 5723 3175 5783 Ca‘pt‘rnnt.
