4134 6386
367 363 477 426 457

972 363 1340 419 ADVERSUS
1378 365 1718 421 ΗΑΞΒΕΞΕΞ
1749 364 1876 419 LIB.
1923 362 1971 417 IL‘:

2073 361 2216 417 l‘OM.
2257 361 2297 415 l.
2336 392 2403 402 -—
2426 361 2696 417 ίΙιΕΙῖΕδ.
2730 361 2962 416 LXXI".

3529 359 3636 424 458

368 479 399 530 ὅ
426 481 691 545 Μελέτιος
711 469 867 543 οὗτος
901 483 992 536 ὑπ’
1015 481 1196 536 αὐτῶν
1231 482 1342 536 τῶν
1375 484 1504 553 περὶ
1536 483 1812 544 Ἀκάκιον,
1845 483 1960 533 ἐν’)-

2073 479 2210 532 tibus
2236 480 2592 541 constitutus,
2631 493 2746 532 sua:
2771 478 2843 533 ab
2883 477 3020 548 ipsis
3051 476 3328 548 opinionis
3368 485 3489 534 esse
3517 494 3629 535 cre-

373 574 563 646 μίζετο
600 574 727 644 παρ’
759 572 940 626 αὐτῶν
970 568 1110 626 εῖναι
1135 569 1237 642 τῆς
1280 573 1459 627 αὐτῶν
1490 571 1669 643 δόξης.
1695 571 1840 624 Ἀλλ’
1860 570 1958 640 οὐχ

371 663 593 736 εὑρέθη,
627 663 704 726 ὼς
743 662 928 716 πολλοὶ
970 664 1098 734 περὶ
1145 663 1335 716 τούτου
1386 662 1812 732 ἀπαγγέλλουσι.
1843 660 1960 714 Νῦν

375 753 474 820 μὲν
520 753 630 824 γὰρ
677 753 728 805 oi
779 750 930 823 αὐτῷ
977 753 1450 824 προσκεκλημένοι
1527 753 1622 807 καὶ
1669 752 1747 822 τῷ
1791 750 1958 804 αὐτοῦ

372 845 638 917 τάγματι,
672 845 780 899 ἀπὸ
811 845 909 898 τοῦ
955 847 1160 899 ἐκεῖνον
1217 846 1316 916 μὲν
1352 844 1634 915 δεδιῶχθαι
1665 845 1761 898 καὶ
1804 843 1962 897 ὲκὸεά

374 937 606 1008 ϐλῆσθαι
626 939 734 991 ἀπὸ
762 937 858 991 τοῦ
891 938 1023 991 ίδίου
1055 937 1268 1010 θρόνου,
1287 938 1368 1007 τῷ
1395 939 1574 1010 χρόνῳ
1601 940 1695 993 καὶ
1718 941 1785 1009 τῇ
1819 953 1962 1008 παρά

373 1032 506 1102 ολκῇ
579 1029 675 1083 τοῦ
724 1029 1007 1101 ὄεδιῶχθαι
1052 1031 1476 1102 προσϐαίνοντες
1524 1033 1619 1086 καὶ
1672 1029 1960 1102 προστιθέ-

378 1141 528 1194 μενοι
557 1124 645 1178 διά
681 1122 772 1177 τὸν
803 1123 936 1176 Θεὸν
973 1123 1368 1195 ὸρθοδοξοῦσιν.
1407 1120 1588 1178 Ἦσαν
1634 1126 1732 1196 μὲν
1767 1125 1876 1197 γὰρ
1911 1126 1960 1178 oi

375 1218 495 1271 λαοὶ
518 1215 734 1279 πλείους
748 1215 844 1269 τοῦ
870 1215 1149 1287 τάγματος
1165 1216 1355 1270 τούτου
1379 1216 1476 1270 τοῦ
1503 1218 1602 1288 τῆς
1629 1219 1871 1282 συνόδου,
1886 1219 1960 1282 οἳ,

378 1309 712 1372 ἐπισκόπους
734 1309 958 1372 ἑαυτοὺς
975 1311 991 1342 ⁸
1020 1308 1446 1376 κατατάξαντες,
1470 1310 1792 1381 ὁμολογοῦσι
1832 1312 1962 1382 περὶ

376 1402 508 1456 Υίοῦ
543 1400 895 1472 θαυμαστῶς,
923 1400 1019 1454 καὶ
1045 1400 1108 1454 τὸ
1131 1401 1418 1472 ὁμοούσιον
1441 1403 1542 1456 οὐκ
1576 1403 1926 1456 ἐκϐάλλουσιν
1946 1421 1961 1435 ο

376 1495 516 1549 ἀλλά
547 1494 642 1548 καὶ
665 1495 725 1546 ὲν
771 1494 994 1564 ἑτοίμῳ,
1026 1493 1101 1556 ὥς
1129 1496 1150 1526 ⁸
1181 1511 1338 1562 φασι,
1385 1494 1546 1548 τοῦτο
1577 1495 1742 1566 ἔχειν,
1773 1499 1822 1548 εἰ
1867 1497 1961 1562 γέέ

387 1604 520 1642 δοιτο
559 1586 776 1650 σύνοδος
822 1585 1026 1649 τελεία,
1062 1586 1367 1655 ὁμολογεῖν,
1410 1587 1505 1640 καὶ
1540 1589 1615 1658 μὴ
1659 1587 1961 1660 ἀρνεῖσθαι.

376 1679 700 1753 Συμῦέϐηκε
730 1679 840 1750 γὰρ
873 1678 1034 1732 αὐτὸν
1066 1679 1158 1732 τὸν
1199 1681 1598 1752 προειρημένον
1639 1680 1964 1751 τιμιώτατον

379 1773 489 1827 ἀπὸ
521 1771 631 1826 τῶν
654 1771 952 1844 Ἀρειανῶν
979 1771 1087 1827 τῶν
1115 1773 1245 1845 περὶ
1267 1773 1522 1828 Ἀκάκιον
1556 1773 1964 1828 κατασταθέντα

2059 569 2312 625 debatur.
2360 569 2558 626 Verum
2591 570 2732 627 alius
2761 580 2846 625 est
2882 578 3152 641 repertus,
3183 577 3244 626 ut
3282 571 3350 626 de
3378 586 3445 626 eo
3474 572 3638 642 pleri-

2061 675 2169 733 que
2212 670 2461 718 narrant.
2495 662 2651 719 Nunc
2695 663 2839 717 enim
2873 664 2966 732 qui
3011 663 3078 718 ad
3122 663 3273 718 illum
3311 671 3364 718 et
3413 664 3480 719 ad
3519 664 3641 734 ejuo

2061 766 2265 810 coetum
2299 757 2512 826 seipsos
2561 756 2952 826 adiunxerunt,
2996 771 3062 810 ex
3105 770 3172 810 eo
3203 757 3348 828 quod
3379 772 3620 826 persecu-

2060 848 2209 902 tione
2262 848 2354 902 ille
2380 849 2623 916 jactatus
2677 855 2734 902 et
2775 863 2806 901 e
2842 849 2972 902 sede
3025 863 3123 902 sua
3163 848 3492 904 deturbatus
3531 856 3639 913 est,

2060 941 2330 1010 temporis
2379 956 2536 994 mora
2597 947 2652 994 et
2693 941 3098 1011 persecutionis
3129 941 3530 1012 longinquitate
3580 957 3644 998 sc

2061 1032 2129 1085 ad
2179 1033 2332 1086 illum
2384 1041 2764 1103 aggregantes,
2818 1032 2912 1088 Dei
2955 1049 3122 1088 causa
3172 1033 3444 1089 sinceram
3481 1032 3642 1088 ﬁdem

2061 1124 2488 1193 amplectuntur.
2525 1123 2806 1194 Siquidem
2839 1124 3144 1192 complures
3177 1139 3243 1178 ex
3277 1123 3428 1178 illius
3462 1123 3646 1178 conci-

2061 1215 2119 1269 lii
2151 1225 2299 1271 coetu
2337 1217 2522 1287 populi
2572 1215 2794 1271 fuerunt
2828 1217 2945 1286 qui,
2987 1218 3262 1288 episcopis
3287 1215 3646 1286 sibimetipsis

2063 1233 2119 1269 ιιι
2151 1233 2299 1271 οωιιι
2337 1233 2522 1287 populi
2572 1233 2794 1271 luerunt
2828 1233 2945 1286 qut,
2987 1233 3172 1288 eptsco
3215 1233 3262 1272 ιε
3287 1233 3646 1286 sintmettpSIs

2063 1309 2393 1379 praepositis,
2449 1309 2736 1364 miriﬁcam
2771 1310 2839 1365 de
2879 1308 3020 1364 Filio
3070 1233 3471 1379 proxessionem
3519 1306 3648 1363 ﬁdei

2065 1417 2174 1472 prae
2219 1417 2278 1456 se
2313 1400 2514 1463 ferunt,
2548 1416 2650 1456 nec
2683 1401 3154 1456 consubstantiale
3184 1401 3508 1472 repudiant;
3553 1413 3650 1454 ve-

2062 1509 2186 1548 rum
2232 1501 2456 1563 paratos
2504 1509 2563 1548 se
2613 1508 2737 1548 esse
2771 1492 2984 1558 dicunt,
3028 1494 3073 1547 si
3120 1493 3362 1563 perfecta
3405 1491 3642 1565 synodus

2064 1596 2312 1657 cogatur,
2361 1587 2506 1642 istud
2541 1588 2718 1657 ipsum
2747 1585 3014 1657 proﬁteri,
3051 1601 3154 1641 nec
3190 1585 3313 1640 ullo
3345 1586 3509 1641 modo
3550 1603 3652 1642 ne-

2064 1693 2213 1750 gare.
2256 1678 2400 1734 Sane
2425 1680 2647 1750 quidem
2686 1678 2792 1733 hoc
2822 1679 3122 1733 venerabili
3157 1679 3235 1733 illi
3269 1679 3483 1735 Meletio
3511 1696 3650 1735 con-

2066 1770 2212 1840 tigit,
2259 1770 2354 1841 qui
2398 1771 2468 1825 ab
2507 1770 2730 1826 Arianis
2783 1777 2837 1826 et
2881 1771 3068 1825 Acacii
3101 1771 3350 1840 partibus
3385 1771 3653 1826 constitu-

381 1864 574 1941 πρώτῃ
619 1866 949 1938 προσομιλίᾳ
980 1866 1057 1929 ὡς
1088 1866 1344 1938 ἀπαρχὴν
1383 1866 1478 1919 ἐπὶ
1509 1866 1608 1937 τῆς
1653 1865 1967 1935 Ἀντιοχέων

2073 1872 2161 1918 tus
2198 1873 2284 1919 est
2316 1882 2330 1918 :
2373 1864 2610 1934 primum
2643 1873 2702 1919 ut
2740 1864 3045 1919 Antiochia:
3085 1865 3140 1919 in
3170 1865 3401 1921 ecclesia
3441 1880 3654 1922 sermo-

382 1961 877 2034 ὲξηγήσασθαιὲπὶ
900 1963 999 2032 τῆς
1016 1953 1341 2032 ὲᾷικλησίαςο
1368 1961 1464 2014 καὶ
1503 1959 1581 2024 ὡς
1612 1960 1712 2031 μὲν
1731 1961 1780 2013 oi
1811 1959 1969 2013 πλεί-

381 2072 476 2122 ους
509 2055 700 2125 φασὶν,
721 2051 1016 2126 ὁρθοδόξως
1039 2069 1055 2082 ’
1085 2052 1184 2125 τὴν
1215 2053 1271 2106 δὲ
1299 2050 1466 2107 αὑτοῦ
1492 2051 1754 2124 ἐξήγησιν
1785 2049 1972 2107 ἐνταῦ-

380 2147 450 2202 θα
484 2146 898 2220 παραθήσομαι.
927 2147 1040 2200 Καὶ
1078 2145 1226 2201 ἔστιν
1250 2145 1367 2217 ἣδε.

675 2435 1061 2506 Ἀντίγραφον
1099 2435 1336 2506 ὁμιλίας
1369 2435 1688 2492 Μελετίου.

450 2525 583 2581 ΚΘ’.
637 2527 699 2580 Ὀ
785 2526 885 2598 μὲν
957 2525 1268 2598 σοφώτατος
1317 2527 1755 2598 Ἐκκλησιαστής
1808 2541 1974 2597 φησιν

383 2617 590 2688 ἀγαθὴν
655 2617 896 2689 ἐσχάτην
949 2617 1110 2686 λόγου
1167 2617 1310 2690 ὑπὲρ
1363 2618 1538 2690 ἀρχὴν
1595 2617 1798 2673 αὑτοῦ·
1861 2617 1973 2690 ὅσῳ

384 2709 628 2780 ιιρεῖττόν
662 2710 782 2762 ὲστι
811 2710 906 2763 καὶ
955 2709 1363 2782 ἀσφαλέστερον
1399 2709 1669 2764 παύεσθαι
1699 2710 1801 2780 τῆς
1845 2710 1974 2783 περὶ

390 2801 444 2856 τὸ
471 2801 652 2872 λέγειν
692 2801 955 2870 ἀγωνίας,
988 2802 1022 2874 ἦ
1060 2801 1356 2874 ἄρχεσθαι·
1392 2801 1606 2874 μάλισθ’
1627 2799 1721 2855 ὅτε
1755 2802 1783 2854 ὁ
1812 2802 1976 2866 αὐτὸς

385 2894 819 2966 Ἐκκλησιαστής
856 2911 1048 2966 φησιν·
1081 2896 1242 2963 Αὕτη
1276 2895 1314 2962 ἢ
1354 2895 1543 2965 σοφία
1582 2893 1689 2948 τοῦ
1716 2893 1974 2970 πένητος

384 2961 848 3056 ἐξουθενημένίη,
868 2961 967 3041 'méu
982 2989 1036 3042 οἱ
1058 2961 1239 3056 λόγοι*
1252 2961 1568 3042 αὑτοῦ-οὐκ
1585 2985 1747 3040 εἰσὶν
1768 2961 2008 3041 ἀκουόῩ

383 3099 580 3151 μενοι·
618 3080 811 3153 ἐπειδὴ
847 3081 908 3135 τὸ
964 3079 1126 3152 σῶμα
1182 3080 1281 3152 οὐχ
1329 3080 1388 3134 ἓν
1437 3079 1554 3134 ἐστι
1610 3079 1792 3153 μέλος,
1837 3079 1975 3134 ἀλλά

2071 1970 2196 2010 nem
2229 1955 2297 2008 ad
2332 1955 2595 2026 populum
2624 1955 2846 2018 laceret,
2880 1969 2945 2010 ac
2971 1955 3119 2011 velut
3146 1954 3410 2025 quasdam
3453 1968 3652 2010 mune-

2070 2045 2150 2101 ris
2187 2045 2272 2100 sui
2317 2044 2593 2114 primitias
2627 2043 2936 2099 exhiberet.
2986 2041 3157 2109 Quem
3197 2043 3416 2114 quidem
3438 2057 3651 2099 sermo-

2071 2150 2196 2190 nem
2238 2134 2487 2206 plcrique
2534 2150 2660 2189 cum
2710 2144 2857 2188 recta
2898 2134 3004 2188 ﬁde
3051 2142 3479 2188 consentaneum
3530 2149 3655 2188 esse

2072 2226 2428 2294 conﬁrmant;
2474 2241 2599 2282 eum
2631 2241 2734 2281 nos
2779 2225 2870 2279 hic
2892 2224 3276 2280 ascribendum
3318 2226 3652 2296 putavimus,

2072 2321 2167 2393 qui
2204 2328 2290 2376 est
2311 2319 2602 2390 ejusmodi.

2304 2433 2613 2504 Exemplum
2649 2436 2906 2490 sermonis
2939 2452 2971 2490 a
2994 2433 3206 2490 Meletio
3240 2434 3429 2490 habiti.

2143 2526 2336 2585 XXIX.
2381 2527 2660 2584 Meliorem
2683 2529 2955 2600 principio
2978 2527 3249 2584 sermonis
3274 2528 3479 2582 exitum
3509 2541 3652 2583 esse.

2075 2623 2520 2693 sapientissimus
2575 2621 2938 2678 Ecclesiastes
2998 2619 3298 2685 asseruit’,
3368 2626 3654 2692 propterea

2074 2713 2218 2786 quod
2247 2729 2278 2769 a
2305 2713 2522 2770 dicendi
2547 2713 2902 2768 contentione
2949 2727 3014 2766 ac
3043 2710 3414 2766 sollicitudine
3437 2723 3658 2766 cessare

2074 2805 2234 2875 longe
2276 2813 2380 2868 est,
2413 2819 2576 2876 quam
2631 2804 2779 2857 illam
2832 2801 3109 2865 inchoare,
3145 2801 3340 2857 melius
3387 2814 3452 2854 ac
3497 2813 3661 2854 secu-

2076 2893 2214 2950 rius.
2237 2892 2549 2966 Praesertim
2579 2907 2701 2947 cum
2739 2892 2881 2946 idem
2911 2892 3000 2946 bic
3025 2889 3387 2945 Ecclesiastes
3416 2889 3615 2944 dixerit
3645 2906 3658 2942 τ

2076 2987 2195 3043 Ista
2226 2988 2471 3056 pauperis
2511 2986 2776 3056 sapientia
2803 2993 3133 3053 contempta,
3163 2993 3212 3037 et
3239 2999 3503 3037 sermones
3541 2982 3658 3051 ejus

2077 3096 2181 3134 non
2212 3076 2566 3132 audiuntnr‘.
2606 3075 2727 3130 Jam
2764 3089 2898 3130 vero
2934 3083 3059 3128 cum
3097 3088 3302 3142 corpus
3340 3072 3518 3142 ipsum
3546 3087 3660 3125 non

385 3175 591 3230 πολλά·
630 3176 809 3229 πάντα
841 3174 897 3228 δὲ
949 3175 1192 3246 μεριμνᾷ
1239 3172 1379 3243 ὑπὲρ
1421 3171 1667 3244 ἀλλήλων
1708 3171 1776 3224 τὰ
1812 3169 1971 3242 μέλη,

2081 3187 2248 3228 unum
2295 3172 2368 3227 sit
2405 3169 2744 3235 membrum,
2785 3169 2879 3224 sed
2923 3184 2992 3222 ex
3027 3167 3279 3238 pluribus
3317 3171 3660 3231 contextum,

384 3269 475 3325 ἵνα
507 3269 581 3342 μὴ
614 3268 820 3341 σχίσμα
925 3269 982 3322 ὲν
1013 3266 1092 3338 τῷ
1122 3266 1372 3339 σώματι·
1404 3266 1500 3320 καὶ
1541 3263 1602 3318 οὐ
1646 3263 1866 3317 δύναται
1895 3264 1972 3317 εξ-

386 3365 510 3416 πεῖν
560 3365 596 3434 ἡ
647 3361 860 3434 κεφαλὴ
911 3350 1024 3426 τοῖς
1079 3361 1235 3415 ποσί·
1273 3359 1479 3432 Χρείαν
1514 3359 1668 3430 ὑμῶν
1707 3358 1808 3412 οὐκ
1839 3356 1968 3428 ἔχω.

384 3450 527 3504 Ἀλλ’
556 3453 585 3505 ὁ
612 3449 745 3516 Θεὸς
772 3451 1106 3522 συνεκέρασε
1135 3449 1196 3503 τὸ
1227 3448 1408 3520 σῶμα,
1439 3449 1686 3514 δεδωκὼς
1714 3447 1794 3517 τῷ
1825 3448 1973 3501 ὑστε·

389 3535 637 3613 ρουμένῳ
662 3540 1059 3611 περισσοτέραν
1085 3539 1402 3610 τιμήν.”οτι
1432 3538 1530 3610 μὲν
1550 3533 1642 3592 οὖν
1672 3537 1972 3609 ἀπαραίτη-

384 3632 478 3688 τόν
533 3634 648 3686 ἐστι
681 3624 986 3704 κινουμένῳ
1029 3631 1190 3685 παντὶ
1226 3629 1304 3704 τῷ
1335 3629 1546 3702 σώματι
1588 3630 1663 3702 μὴ
1698 3629 1972 3697 συγκινεῖ-

388 3723 536 3792 σθαι,
570 3722 795 3778 αὺτὸθεν
820 3723 975 3795 δῆλόν
999 3725 1136 3777 ἐστι.

461 3993 598 4048 Τίνα
639 3993 685 4047 δ’
724 3991 791 4048 ἄν
826 4010 911 4056 τις
949 3990 1046 4044 τοῦ
1086 3991 1246 4061 λόγου
1297 3989 1390 4042 τοῦ
1432 3989 1569 4062 πρὸς
1612 3989 1757 4060 ὑμᾶς
1797 3989 1973 4061 ἀρχὴν

388 4086 704 4157 ποιήσαιτο;
736 4084 807 4137 Ἢ
839 4084 1020 4154 δῆλον,
1050 4082 1148 4147 ὡς,
1186 4081 1389 4145 παντὸς
1424 4079 1729 4152 ἀρχομένου
1756 4081 1852 4135 καὶ
1891 4081 1975 4134 λό-

389 4195 489 4250 γου
530 4177 626 4232 καὶ
671 4175 871 4248 ἔργου,
900 4175 1171 4247 προσήκει
1202 4174 1303 4245 τὴν
1334 4174 1561 4245 εἰρήνην
1595 4172 1770 4245 ἀρχὴν
1799 4175 1972 4226 ποιεῖ-

392 4268 520 4322 σθαι
553 4267 648 4322 καὶ
683 4267 856 4331 τέλος,
883 4266 979 4318 καὶ
1013 4264 1106 4318 ἀπ’
1143 4263 1315 4334 αὐτῆς
1359 4261 1728 4335 ἀρχομένους,
1757 4265 1853 4316 καὶ
1892 4264 1973 4328 είς

391 4358 562 4432 αὐτὴν
592 4358 958 4430 καταλήγειν;
993 4343 1166 4410 Τοῦτο
1209 4354 1319 4426 γάρ
1368 4372 1533 4426 φησιν
1581 4357 1610 4408 ὁ
1647 4352 1973 4417 Ἀπόστολος

391 4449 768 4523 ἀποϐήσεσθαι
789 4451 870 4513 είς
897 4447 1171 4518 σωτηρίαν
1195 4447 1284 4501 διὰ
1305 4447 1405 4518 τῆς
1434 4447 1593 4518 ἡμῶν
1617 4446 1856 4518 δεήσεως
1877 4446 1974 4500 καὶ

2078 3280 2200 3335 quae
2229 3262 2412 3319 omnia
2456 3261 2524 3317 de
2559 3277 2619 3317 se
2666 3270 2858 3315 mutuo
2908 3259 3141 3315 sollicita
3180 3267 3328 3325 sunt,
3378 3271 3448 3312 ne
3485 3257 3661 3310 ullum

2079 3359 2150 3412 sit
2179 3355 2235 3410 iu
2275 3368 2506 3424 corpore
2543 3351 2875 3417 dissidium;
2915 3365 3093 3420 neque
3129 3355 3293 3418 caput
3322 3347 3549 3418 pedibus
3577 3347 3662 3401 di-

2079 3463 2206 3503 cere
2231 3452 2410 3517 potest
2438 3465 2452 3500 :
2480 3443 2628 3498 Nihil
2659 3442 2820 3498 vobis
2850 3457 2990 3512 opus
3025 3441 3221 3496 habeo.
3267 3437 3469 3494 Verum
3513 3437 3660 3493 Deus

2080 3554 2282 3610 corpus
2311 3538 2388 3591 ita
2412 3536 2755 3606 temperavit,
2794 3543 2852 3589 ut
2881 3533 2930 3589 ei
2965 3533 3127 3604 parti,
3162 3546 3282 3602 quae
3317 3531 3483 3602 877
3505 3530 3662 3586 deteo

2079 3632 2194 3688 rior
2246 3636 2431 3693 esset,
2493 3627 2951 3683 abundantiorem
3012 3625 3279 3682 honorem
3337 3623 3592 3680 tribuerit
3613 3625 3656 3679 '.

2080 3725 2253 3780 Porro
2282 3737 2408 3778 cum
2443 3727 2618 3775 totum
2652 3721 2831 3790 ipsum
2860 3734 3063 3786 corpus
3096 3725 3370 3782 movetur,
3405 3731 3662 3774 necessa-

2080 3817 2224 3872 rium
2263 3829 2388 3872 esse
2416 3813 2657 3885 penitus,
2685 3821 2744 3866 ut
2786 3811 3016 3882 singula:
3048 3819 3234 3882 partes
3264 3825 3371 3865 una
3399 3823 3661 3866 movean-

2080 3918 2190 3972 tur,
2220 3907 2307 3962 vel
2346 3906 2472 3961 inde
2500 3911 2759 3960 constare
2784 3911 2983 3974 potest.

2153 3997 2378 4070 Ecquod
2413 4011 2544 4050 vero
2571 3993 2776 4050 dicenti
2818 3992 2949 4047 mihi
2985 3991 3128 4063 apud
3163 4006 3260 4046 vos
3290 3989 3659 4046 adhibendum

2079 4101 2166 4148 est
2207 4089 2475 4146 orationis
2515 4087 2837 4148 exordium?
2868 4085 2951 4141 An
2992 4086 3096 4140 ltoc
3141 4083 3491 4155 perspicuum
3531 4090 3656 4140 est:

2081 4197 2466 4256 quemcunque
2507 4193 2815 4238 sermonem
2859 4181 2945 4233 vel
2999 4193 3137 4248 opus
3172 4177 3513 4249 aggrediare,
3551 4177 3663 4232 ini-

2081 4279 2218 4333 tium
2248 4283 2304 4332 et
2344 4275 2550 4330 exitum
2585 4288 2614 4327 a
2644 4273 2798 4344 pacis
2828 4271 3106 4328 mentione
3135 4286 3259 4327 esse
3290 4270 3614 4341 capiendum
3639 4309 3657 4334 ,

2081 4373 2142 4422 ut
2174 4367 2244 4422 ab
2273 4381 2334 4421 ea
2368 4373 2426 4419 et
2453 4363 2759 4429 ordiamur,
2805 4371 2859 4417 et
2901 4361 2957 4416 in
3003 4375 3123 4416 eam
3167 4358 3659 4416 desinamusHloc

2079 4459 2228 4514 enim
2250 4457 2428 4526 ipsum
2446 4455 2514 4509 ad
2540 4453 2768 4510 salutem
2791 4451 3137 4522 profuturum
3158 4451 3316 4507 docet
3336 4451 3658 4523 Apostolus,

394 4544 753 4618 ἐπιχορηγίας
789 4538 882 4595 τοῦ
911 4539 1261 4611 Πνεύματος,
1303 4537 1332 4590 ὃ
1359 4536 1573 4590 δίδωσιν
1618 4535 1825 4606 Ἰησοῦς
1860 4535 1971 4599 τοῖς

2079 4558 2394 4607 nostrarum
2425 4546 2647 4618 quidem
2688 4547 3002 4602 orationum
3049 4543 3310 4617 suﬁragio
3353 4546 3660 4600 communi—

396 4634 741 4692 πιστεύουσιν
764 4631 846 4696 είς
886 4629 1065 4688 αὐτόν.
1090 4630 1201 4683 Καὶ
1225 4627 1336 4682 εἴτε
1350 4627 1635 4699 οἰκοδομὴν
1656 4626 1843 4699 λαλοίη
1864 4644 1971 4693 τις,

396 4730 507 4784 εἴτε
541 4726 906 4799 παράκλησιν,
936 4723 1047 4778 εἴτε
1077 4721 1425 4794 παραμύθιον
1455 4719 1698 4790 ἀγάπης,
1725 4720 1835 4772 εἴτε
1861 4735 1977 4772 κοι-

395 4821 594 4876 νωνίαν
628 4818 978 4890 Πνεύματος,
1013 4815 1101 4870 διὰ
1127 4815 1225 4887 τῆς
1253 4813 1394 4868 κατά
1422 4812 1556 4866 Θεὸν
1591 4811 1972 4883 παραγίνεται.

396 4915 473 4969 Οὐ
523 4915 632 4988 μὴν
672 4913 838 4969 πᾶσιν
881 4909 1220 4981 ἀδιορίστως,
1263 4906 1399 4961 ἀλλά
1430 4909 1544 4970 τοῖς
1589 4903 1846 4974 ἀγαπῶσι
1883 4903 1978 4956 τὸν

396 5006 561 5079 νόμον
581 5047 596 5072 ,
635 5005 710 5070 ὡς
749 5004 780 5058 ὁ
822 5003 1111 5075 προφήτης
1141 4999 1310 5071 φησί’
1341 4999 1434 5053 τὸν
1460 4998 1624 5069 νόμον
1655 4998 1717 5052 οὐ
1743 4997 1833 5050 τὸν
1873 5013 1980 5050 σω-

401 5099 648 5172 ματικὸν,
695 5096 755 5162 ὂς
792 5094 977 5150 είκόνα
1016 5093 1109 5148 καὶ
1143 5092 1301 5147 σκιὰν
1334 5091 1448 5162 ἔχει
1491 5089 1603 5145 τῶν
1650 5090 1976 5162 μελλόντων,

395 5192 533 5247 ἀλλά
561 5191 654 5244 τὸν
683 5186 1073 5261 πνευματικὸν,
1117 5186 1176 5250 ὃς
1224 5187 1404 5256 σοφῶς
1448 5183 1822 5238 ἀνακαλύπτει
1870 5181 1979 5236 τῶν

397 5282 974 5358 προαναφωνηθέντων
1011 5281 1109 5351 τὴν
1147 5279 1389 5333 ἔκϐασιν.
1427 5276 1652 5346 Εἰρήνη
1691 5277 1822 5345 γὰρ,
1869 5292 1977 5345 φη-

401 5379 488 5444 σὶ,
523 5375 726 5444 πολλὴ
755 5373 880 5442 τοῖς
915 5369 1192 5443 ἀγαπῶσι
1217 5383 1322 5432 σε,
1355 5369 1454 5423 καὶ
1495 5371 1608 5424 οὐκ
1642 5368 1815 5422 ἔστιν
1877 5368 1981 5421 αὑ-

399 5471 525 5537 τοῖς
558 5467 929 5525 σκάνδαλον.
971 5465 1060 5528 Ὠς
1091 5462 1248 5535 δῆλον
1280 5456 1439 5526 εἶναι,
1476 5462 1558 5515 ὅτι
1594 5462 1722 5523 τοὺς
1762 5459 1862 5532 τὴν
1907 5461 1980 5512 εί-

402 5564 574 5636 ρήνην
619 5559 994 5632 μεμισηκότος
1044 5555 1197 5628 μένει
1225 5554 1289 5610 τὸ
1317 5553 1631 5609 σκάνδαλον.
1669 5553 1780 5605 Καὶ
1810 5568 1980 5623 προσ-

397 5657 524 5729 ήκει
557 5656 684 5718 τοὺς
725 5652 930 5706 τούτων
973 5648 1406 5722 ὲλευθερωθῆναι
1461 5646 1764 5710 ποθοῦντας
1807 5645 1982 5700 καθά-

2080 4641 2413 4710 cationeque
2445 4637 2709 4709 Spiritus,
2737 4652 2900 4708 quem
2935 4636 3188 4692 Christus
3209 4635 3562 4692 credentibus
3601 4637 3658 4692 in

2080 4750 2201 4792 sese
2232 4733 2488 4804 largitur.
2524 4730 2605 4786 Ac
2633 4731 2750 4786 sive
2779 4729 3055 4800 quispiam
3087 4728 3465 4785 aediﬁcationis
3492 4731 3658 4786 verba

2079 4826 2356 4895 loquatur,
2379 4823 2495 4879 sive
2516 4821 2939 4886 adhortationis,
2960 4821 3076 4877 sive
3099 4821 3512 4888 consolationis,
3535 4837 3660 4892 qum

2081 4933 2110 4972 ιι
2132 4916 2400 4972 charitate
2425 4914 2812 4987 proﬁciscitur,
2839 4913 2954 4970 sive
2974 4915 3379 4968 communionis
3395 4914 3654 4985 Spiritus.

2080 5010 2196 5065 haec
2232 5010 2414 5063 omnia
2457 5008 2526 5063 ab
2560 5023 2626 5062 ea
2673 5021 2808 5078 pace
2843 5021 2968 5078 qua
2997 5006 3298 5063 secundum
3349 5005 3518 5062 Deum
3549 5016 3656 5072 est,

2080 5101 2527 5174 proﬁciscuntur.
2561 5099 2887 5170 Quanquam
2916 5115 3028 5154 non
3061 5100 3373 5168 promiscue
3402 5100 3660 5155 omnibus

2081 5188 2176 5242 illa
2217 5189 2482 5259 suppetit,
2515 5189 2609 5244 sed
2642 5188 2709 5243 iis
2737 5187 3006 5243 duntaxat
3039 5189 3134 5258 qui
3166 5189 3339 5260 legem
3387 5190 3658 5262 diligunt,

2082 5288 2144 5336 ut
2177 5279 2449 5351 Propheta
2486 5287 2757 5346 testatur;
2792 5280 2964 5352 legem
2995 5295 3126 5336 vero
3154 5296 3262 5336 non
3298 5291 3617 5354 corpoream
3639 5322 3657 5349 ,

2083 5387 2204 5443 quae
2228 5371 2538 5426 futurarum
2582 5371 2833 5425 umbram
2871 5380 3034 5440 atque
3061 5371 3353 5441 imaginem
3387 5359 3656 5438 continet,

2082 5463 2178 5518 sed
2205 5463 2545 5533 Spiritualem
2582 5462 2857 5527 videlicet,
2892 5478 3013 5533 quae
3040 5476 3227 5518 eorum
3263 5465 3508 5519 omnium
3539 5481 3664 5535 quae

2081 5555 2340 5627 praedicta
2372 5561 2520 5619 sunt,
2563 5555 2767 5610 exitum
2814 5554 3104 5612 manifeste
3147 5557 3507 5612 demonstrat.
3537 5557 3665 5614 Pax

2085 5649 2246 5710 enim,
2279 5645 2477 5716 inquit,
2522 5646 2690 5701 multa
2716 5645 3071 5716 diligentibus
3094 5654 3168 5713 te,
3215 5656 3399 5702 etnon
3427 5656 3508 5702 est
3552 5646 3662 5703 illis

479 5810 498 5843 ⁸
519 5810 580 5868 F.
614 5811 843 5872 ἑαυτοῖς.
920 5810 941 5840 ’
971 5806 1235 5878 Expungo
1271 5804 1368 5870 ὥς.
1447 5808 1467 5840 ³
1495 5804 1674 5863 Eccle.
1705 5820 1802 5874 vlt,
1829 5802 1884 5862 9.
1962 5806 1971 5837 ⁴

2073 5804 2192 5860 :cle.
2217 5819 2290 5868 ix,
2327 5801 2413 5858 16.
2491 5804 2511 5835 ³
2549 5802 2570 5855 l
2609 5801 2735 5860 Cor.
2771 5817 2870 5870 xu,
2901 5801 2991 5858 24.

741 5902 1012 5962 ΡΔτιιοι..
1046 5899 1160 5960 Gn.
1198 5897 1393 5960 XLII.

3287 5896 3364 5957 15
