4134 6386
491 332 596 390 ιὶ59

1861 334 1916 388 S.
1985 332 2322 391 EPIPHANIi
2411 346 2421 356 ‘

3638 336 3742 392 660

492 446 803 501 scandalum
829 447 868 501 ί.
903 446 978 502 Ex
1007 463 1119 517 quo
1164 462 1506 517 consequens
1549 456 1652 509 est,
1684 462 1780 503 eos
1812 449 1963 520 ipsos
2012 449 2051 503 it

2174 466 2281 520 περ
2312 449 2503 520 θυρεόν
2528 466 2648 502 τινα
2676 448 3070 521 προϐάλλεσθαι
3096 448 3192 519 τὴν
3225 447 3446 519 ἀγάπην
3477 446 3612 517 πρὸς
3649 446 3739 499 τὸν

490 538 807 593 scandalum
846 537 1150 604 incurrere,
1196 539 1291 610 qui
1334 554 1523 609 pacem
1553 540 1682 593 odio
1717 554 2061 609 prosequun-

491 638 598 684 tur.
646 628 712 682 Et
747 644 842 685 eos
873 637 1085 699 oportet
1136 631 1230 700 qui
1281 630 1350 684 ab
1401 630 1486 684 his
1520 630 1742 683 liberari
1804 631 2050 701 cupiant,

487 723 753 774 cbaritate
784 734 912 790 erga
946 719 1259 786 Dominum,
1285 721 1432 775 velut
1462 729 1618 775 scuto
1645 720 1906 791 quodam,
1937 735 2061 776 sese

487 820 789 883 protegere.
829 810 925 866 Est
951 814 1092 867 enim
1120 813 1228 882 ipse
1260 828 1365 881 pax
1399 821 1603 878 nostra,
1635 814 1726 883 qui
1755 813 1879 883 fecit
1911 824 2061 866 utra-

486 922 582 975 que
602 922 784 974 unum,
805 913 855 960 et
880 906 1107 960 medium
1138 906 1386 976 parietem
1420 906 1661 960 maceria
1701 905 1926 970 solvens,
1954 905 2060 958 ini-

486 999 713 1051 micitias
748 998 803 1050 in
840 1013 1018 1062 carne,
1065 997 1172 1068 lege
1213 1006 1591 1065 prwceptorum
1627 997 1684 1051 in
1725 995 2058 1068 dogmatibus

476 1078 743 1160 abrogata
773 1090 814 1143 '.
842 1087 1029 1160 Neque
1052 1104 1183 1144 vero
1211 1088 1325 1143 ﬁeri
1354 1096 1555 1160 potest,
1581 1099 1639 1142 ut
1665 1088 1875 1143 Domini
1902 1103 2027 1142 man
2045 1116 2060 1129 -

482 1182 612 1234 data
656 1187 977 1245 serventur,
1013 1179 1120 1234 nisi
1158 1177 1253 1233 Dei
1300 1178 1543 1234 charitas
1581 1178 1960 1248 pra-cesserit;
1999 1176 2059 1232 Si

482 1273 627 1328 enim
653 1271 874 1341 diligitis
897 1288 997 1339 me,
1033 1271 1231 1342 inquit,
1266 1269 1520 1324 mandata
1552 1285 1668 1323 mea
1716 1268 1991 1323 servabitis
2016 1267 2063 1328 ³;

486 1380 660 1436 neque
708 1373 767 1419 ut
808 1364 975 1430 oculi,
1002 1364 1085 1418 vel
1120 1363 1286 1417 corda
1329 1362 1742 1425 collustrentur,
1773 1361 1879 1416 nisi
1911 1360 2001 1414 lux
2028 1374 2058 1412 a

483 1451 758 1507 mandatis
795 1450 1050 1522 alfulgeat
1074 1449 1433 1520 :Prteceptum
1465 1452 1625 1518 enim,
1654 1451 1849 1520 inquit,
1880 1449 2060 1503 Domi.

484 1541 538 1593 ni
569 1541 823 1606 lucidum,
854 1541 1163 1597 illuminans
1187 1542 1364 1596 oculos
1378 1540 1544 1598 ‘.Sed
1571 1558 1746 1612 neque
1775 1541 2058 1597 veritatem

481 1632 660 1702 eloqui
696 1639 895 1703 potest,
927 1633 1035 1687 nisi
1071 1633 1166 1703 qui
1211 1631 1491 1688 Christum
1528 1634 1581 1687 in
1612 1634 1794 1704 seipse
1834 1633 2059 1703 loquen-

480 1734 589 1780 tem
619 1726 836 1791 habeat,
868 1731 930 1779 ut
958 1733 1192 1781 testatur
1220 1724 1311 1780 ille
1343 1726 1437 1796 qui
1477 1724 1612 1780 dicit
1642 1744 1653 1778 :
1684 1724 1829 1779 Num
1857 1727 2059 1794 experi-

2163 534 2384 605 Κύριον.
2414 535 2608 602 Αὐτὸς
2631 536 2743 606 γάρ
2774 537 2945 590 ἐστιν
2972 538 3010 606 ἠ
3037 538 3243 604 εἰρήνη
3287 534 3476 604 ἡμῶν,
3499 539 3532 590 ό
3567 533 3736 604 ποιή-
3802 546 3803 549 ‘

2162 641 2279 693 σας
2305 644 2338 679 τ
2340 628 2377 681 ἀ
2400 627 2704 697 ἀμφότερα
2742 628 2831 692 ἓν,
2857 627 2954 680 καί
2982 628 3050 681 τὸ
3066 629 3428 697 μεσότοιχον
3465 626 3572 680 τοῦ
3596 642 3741 695 φρα-

2161 719 2312 790 γμοῦ
2343 721 2562 785 λύσας,
2592 722 2708 788 τὴν
2734 720 2959 789 ἔχθραν
2978 720 3048 774 ἐν
3071 718 3147 787 τῇ
3168 720 3372 787 σαρκί,
3407 717 3515 771 τὸν
3550 718 3739 786 νόμον

2160 810 2280 864 τῶν
2308 812 2576 866 ἐντολῶν
2611 814 2680 866 ἐν
2712 812 2969 882 δόγμασι
3013 810 3417 882 καταργήσας.
3465 812 3575 864 Καὶ
3613 809 3732 862 οὔτε

2159 906 2347 975 τηρεῖν
2382 904 2499 957 ἐστι
2523 903 2619 976 τὴν
2652 906 2871 977 ἐντολὴν
2903 904 2995 959 τοῦ
3027 904 3257 975 Κυρίου,
3287 902 3360 973 μὴ
3386 902 3485 971 τῆς
3514 902 3735 971 ἀγάπης

2160 994 2253 1049 τοῦ
2304 994 2440 1049 Θεοῦ
2494 997 2943 1068 προηγουμένης·
2987 996 3121 1049 Ἐὰν
3168 994 3278 1067 γάρ
3331 992 3598 1064 ἀγαπᾶτέ
3635 1009 3732 1062 με,

2161 1087 2316 1156 φησι,
2359 1088 2466 1154 τὰς
2494 1088 2746 1155 ἐντολὰς
2774 1090 2880 1155 τὰς
2915 1088 3062 1157 ἐμὰς
3107 1086 3398 1153 τηρήσετε
3422 1102 3434 1115 ·
3468 1084 3591 1138 οὔτε
3619 1101 3732 1152 φω-

2158 1176 2408 1248 τισθῆναι
2441 1179 2568 1242 τοὺς
2600 1178 2931 1250 ὀφθαλμοὺς,
2959 1179 3081 1232 οὐδὲ
3110 1178 3208 1250 τὴν
3240 1178 3487 1252 καρδίαν,
3527 1178 3603 1250 μὴ
3633 1179 3734 1249 τῆς

2158 1268 2379 1339 ἐντολῆς
2414 1268 2755 1341 φωτιζούσης
2778 1287 2792 1301 ·
2832 1269 3079 1339 Ἐντολὴ
3123 1270 3264 1340 γὰρ,
3312 1270 3478 1339 φησὶ,
3510 1270 3734 1337 Κυρίου

2159 1357 2471 1428 τηλαυγῶς
2494 1361 2537 1392 ¹⁸
2569 1360 2905 1431 φωτίζουσα
2926 1363 3271 1432 ὀφθαλμούς
3299 1378 3313 1393 ·
3359 1362 3474 1415 ἀλλ’
3500 1360 3620 1414 οὐδὲ
3655 1361 3737 1415 λό-

2158 1468 2254 1520 γον
2295 1451 2554 1523 ἀληθείας
2599 1454 2884 1525 προέσθαι,
2929 1457 2976 1508 εί
3019 1456 3092 1526 μή
3133 1472 3218 1518 τις
3248 1455 3362 1526 ἔχει
3395 1455 3631 1527 Χριστὸν
3672 1456 3733 1508 ὲν

2159 1541 2338 1612 ἑαυτῷ
2364 1542 2652 1611 λαλοῦντα,
2677 1544 2821 1597 κατά
2848 1544 2940 1597 τὸν
2975 1544 3228 1612 λέγοντα·
3260 1546 3329 1599 El
3358 1542 3614 1613 δοκιμὴν
3642 1541 3735 1610 ζη-

2158 1632 2310 1688 τεῖτε
2337 1635 2444 1689 τοῦ
2476 1635 2546 1688 ἐν
2586 1636 2716 1705 ἐμοὶ
2745 1636 3085 1703 λαλοῦντος
3119 1637 3405 1707 Χριστοῦ·
3439 1635 3637 1707 μᾶλλον
3674 1637 3733 1689 δὲ

2157 1726 2221 1779 οὐ
2251 1725 2561 1791 λαλοῦντος
2615 1728 2808 1797 μόνον,
2877 1728 3011 1782 ἀλλά
3052 1730 3146 1782 καὶ
3200 1728 3494 1791 ἐλεοῦντος.
3535 1728 3733 1781 Ἐλθοι

480 1826 711 1872 mentum
736 1816 972 1889 quwritis
1002 1815 1257 1885 loquentis
1288 1816 1342 1869 in
1361 1791 1451 1868 me
1483 1813 1681 1870 Christi
1702 1814 1760 1868 '?
1779 1815 1891 1869 lmo
1922 1791 2051 1870 vero

2160 1819 2288 1889 γάρ,
2324 1819 2478 1889 φησὶ,
2509 1819 2576 1872 τὸ
2609 1791 2922 1887 ἐλεόςσσυ
2952 1823 3049 1875 καὶ
3080 1821 3147 1875 τὸ
3186 1822 3483 1890 σωτήριόν
3502 1835 3618 1876 σου
3640 1821 3735 1875 ἐπ’

479 1927 589 1968 non
624 1910 785 1966 modo
812 1909 1110 1980 loquentis,
1142 1907 1239 1964 sed
1273 1915 1327 1963 et
1361 1907 1690 1963 misereutis.
1737 1907 1939 1970 Veniat,
1979 1909 2056 1963 in-

477 2005 617 2075 quit,
658 2000 1022 2059 misericordia
1055 2010 1172 2066 tua,
1211 2009 1259 2055 et
1295 2001 1535 2054 salutare
1581 2008 1725 2052 tuum
1761 2001 1816 2053 in
1858 2016 1958 2065 me,
1998 2010 2049 2054 et

478 2094 794 2165 respondebo
856 2091 1296 2162 exprobrantibus
1364 2091 1493 2144 mihi
1553 2092 1762 2145 verbum
1795 2092 1837 2146 ⁸.
1896 2090 2052 2157 Quod

476 2188 629 2242 nitito
666 2185 828 2241 modo
864 2185 1237 2256 contingeret,
1291 2183 1401 2238 nisi
1457 2183 1581 2251 quis
1628 2181 2052 2252 justillcatioues

478 2279 782 2350 requireret
812 2277 854 2329 ⁷.
893 2277 995 2340 Qui
1026 2276 1171 2332 enim
1201 2277 1282 2331 sic
1312 2274 1490 2331 allecti
1518 2291 1644 2341 non
1675 2284 1825 2340 sunt,
1856 2276 2050 2330 borum

479 2370 697 2440 propria
726 2377 811 2425 est
854 2370 907 2423 in
934 2369 1244 2439 opprobriis
1274 2368 1629 2431 verecundia,
1652 2368 1788 2423 adeo
1814 2376 1874 2422 ut
1904 2369 2050 2424 istud

478 2475 744 2530 usurpare
775 2469 1091 2531 nequeant:
1125 2459 1295 2529 878
1331 2457 1499 2525 Aufer
1528 2474 1561 2512 a
1594 2476 1675 2514 me
1710 2459 2049 2528 opprobrium

475 2567 524 2611 et
558 2564 908 2625 contemptum
929 2555 971 2609 ⁸.
1007 2553 1140 2608 Nam
1171 2570 1236 2610 ex
1269 2554 1485 2608 illorum
1520 2569 1617 2609 ore
1647 2569 1827 2607 sermo
1858 2555 2051 2608 verita-

2152 1909 2287 1979 ἐμὲ,
2317 1910 2417 1963 καὶ
2458 1910 2935 1983 ἀποκριθήσομαι
2974 1913 3096 1979 τοῖς
3123 1910 3481 1974 ὀνειδίζουσί
3499 1930 3599 1983 μοι
3623 1915 3730 1967 λό-

2152 2019 2281 2071 γον.
2312 2002 2489 2075 Ὅπερ
2517 2004 2617 2057 οὐκ
2648 2004 2713 2057 ἂν
2750 2004 3040 2076 ὑπάρξειεν
3064 2046 3078 2071 ,
3119 2008 3167 2059 εί
3203 2007 3278 2077 μή
3304 2024 3389 2069 τις
3412 2005 3483 2059 τὰ
3508 2005 3733 2061 δικαιώ-

2157 2108 2303 2162 ματα
2335 2092 2648 2164 ὲκζητήσει.
2683 2093 2804 2147 Τῶν
2836 2096 2945 2167 γὰρ
2976 2094 3049 2166 μὴ
3082 2094 3225 2149 οὕτω
3253 2096 3610 2168 διακειμένων
3639 2098 3733 2150 ἐπὶ

2153 2184 2432 2252 σχήματος
2449 2184 2491 2214 ιτ
2526 2186 2558 2255 ἡ
2598 2185 2656 2236 ἐν
2694 2187 2805 2247 τοῖς
2836 2185 3093 2238 ὀνείδεσιν
3130 2185 3385 2257 αἰσχύνη·
3421 2186 3497 2250 ὡς
3537 2188 3612 2258 μὴ
3636 2187 3729 2239 δύ·-

2151 2272 2346 2326 νασθαι
2386 2273 2596 2342 λέγειν·
2641 2277 2887 2344 Περίελε
2917 2277 3020 2331 ἀπ’
3047 2276 3193 2347 ἐμοῦ
3227 2277 3460 2344 ὄνειδος
3490 2278 3590 2332 καί
3628 2279 3730 2341 ἐξ-

2150 2368 2499 2424 ουδένωσιν.
2548 2371 2921 2443 Περιαιρεῖται
2968 2373 3025 2425 δὲ
3071 2374 3135 2426 ἐκ
3182 2372 3274 2427 τοῦ
3329 2374 3595 2446 στόματος
3629 2376 3731 2446 τῆς

2151 2459 2409 2531 ἀληθείας
2452 2463 2480 2514 ὁ
2517 2460 2708 2530 λόγος,
2740 2462 2817 2537 ὡς
2854 2461 3020 2533 μηδὲν
3063 2458 3202 2516 εἶναι
3250 2463 3412 2516 πλέον
3454 2463 3533 2534 τῷ
3577 2465 3730 2534 εὐχο-

2153 2555 2298 2625 μένῳ
2317 2571 2330 2585 ο
2382 2554 2478 2623 Μὴ
2523 2553 2805 2625 περιέλῃς
2830 2554 3019 2627 λόγον
3048 2555 3331 2625 ἀληθείας
3350 2557 3419 2609 ἐκ
3450 2557 3556 2609 τοῦ
3589 2558 3730 2611 στό-

478 2650 548 2703 Iis
580 2647 846 2712 aufertur,
877 2658 934 2703 ut
959 2649 1166 2702 nullum
1211 2648 1258 2703 is
1304 2647 1538 2702 fructum
1574 2646 1793 2708 sentiat,
1831 2645 1923 2714 qui
1969 2646 2050 2701 sic
2143 2647 2333 2716 ματός
2357 2664 2499 2716 μου.

476 2748 731 2813 precatur
757 2760 771 2795 :
798 2739 880 2794 Ne
902 2741 1115 2810 auferas
1147 2740 1356 2794 verbum
1394 2739 1629 2792 ueritatis
1665 2752 1728 2791 ea:
1750 2753 1839 2791 ore
1872 2754 1983 2791 meo
2003 2740 2045 2789 ’κ

546 2831 714 2887 XXX.
754 2831 1116 2898 Quandonam
1146 2845 1274 2886 vero
1300 2829 1432 2884 illud
1455 2828 1688 2883 accidit?
1716 2827 1851 2883 Cum
1875 2828 2047 2898 legem

2213 2827 2289 2880 A'.
2331 2826 2469 2880 Πότε
2506 2826 2563 2880 δὲ
2603 2825 2759 2879 τοῦτο
2788 2826 3029 2895 γίνεται;
3061 2827 3230 2880 Ὅταν
3279 2828 3356 2898 μὴ
3393 2827 3605 2902 φυλάξῃ
3636 2828 3727 2881 τὸν

475 2925 744 2996 quispiam
772 2932 1034 2996 perpetuo
1064 2940 1174 2978 non
1213 2924 1499 2989 observat;
1532 2938 1655 2976 cum
1681 2924 1733 2976 in
1760 2921 2050 2976 latitudine

2153 2919 2311 2989 νόμον
2355 2919 2681 2983 διαπαντός·
2730 2920 2858 2972 ὅταν
2900 2920 2974 2989 μὴ
3012 2919 3247 2990 πορευθῇ
3286 2937 3369 2981 τις
3419 2920 3477 2973 ὲν
3520 2921 3725 2973 πλατυ-

473 3033 584 3073 non
608 3018 866 3087 ambtdat.
885 3017 1095 3090 Quippe
1132 3018 1358 3074 dilatari
1404 3032 1499 3071 cor
1533 3030 1759 3070 necesse
1791 3023 1875 3070 est
1903 3013 2046 3083 ejus,

2149 3010 2291 3082 σμῷ.
2324 3010 2697 3081 Πλατυνθῆναι
2727 3011 2808 3064 δεῖ
2852 3012 2950 3082 τὴν
2992 3011 3217 3080 καρδίαν
3237 3050 3252 3074 ,
3285 3007 3353 3082 ἧς
3388 3011 3570 3081 μέλλοι
3591 3013 3727 3074 ιδ”·ιις

476 3112 569 3180 qui
624 3111 1050 3168 inambulantem
1092 3109 1372 3166 Christum
1417 3110 1659 3179 recipere
1705 3103 1857 3171 velit,
1889 3107 2048 3175 cujus

2153 3102 2384 3174 Χριστὸν
2415 3102 2891 3173 ὲμπεριπατοῦντα
2932 3106 3162 3174 χωρεῖν·
3195 3095 3256 3156 οὗ
3296 3103 3395 3175 τὴν
3436 3102 3592 3170 δόξαν
3627 3107 3727 3160 οὐκ

473 3203 703 3272 gloriam
724 3219 833 3258 non
853 3202 1125 3267 homines,
1151 3203 1243 3261 sed
1265 3200 1389 3257 ειειί
1410 3200 1707 3271 praedicant
1726 3219 1739 3253 :
1760 3196 1893 3254 Caeli
1911 3198 2049 3250 enim

473 3306 721 3349 enarrant
752 3295 979 3366 gloriam
1014 3294 1191 3359 Dei“,
1217 3293 1297 3349 vel
1326 3294 1552 3362 ipsemet
1577 3292 1757 3362 potius
1784 3290 1944 3344 Pater
1968 3288 2052 3344 di-

474 3401 642 3441 cens:
677 3385 776 3440 llic
797 3396 874 3440 est
900 3384 948 3439 F
952 3386 1077 3440 ilius
1106 3401 1247 3439 meus
1268 3385 1515 3448 dilectus,
1546 3385 1599 3438 in
1626 3400 1726 3453 quo
1756 3383 1885 3435 mihi
1906 3397 2051 3435 com-

475 3477 652 3543 placui
673 3477 737 3528 “.
760 3474 929 3541 Quem
947 3475 1164 3544 quidem
1184 3473 1429 3529 conﬁteri
1463 3487 1622 3528 nemo
1638 3481 1839 3542 potest,
1872 3470 1965 3541 qui
1995 3470 2048 3524 in

476 3567 707 3622 sublime
736 3566 989 3635 loquatur
1021 3565 1357 3635 iniquitatem
1377 3564 1441 3617 ad
1462 3563 1766 3634 proximum
1786 3578 1945 3617 suum
1967 3561 2010 3593 ¹¹
2033 3578 2046 3614 :

480 3657 527 3712 si
565 3656 621 3709 in
666 3655 1115 3711 antichristorum
1164 3656 1315 3709 illum
1359 3665 1559 3709 emtum
1605 3654 2049 3724 appellationem-

478 3762 585 3821 que
609 3746 864 3817 pelliciat,
888 3760 917 3800 a
939 3744 1372 3801 Christianorum
1399 3746 1593 3803 ordine
1614 3755 1668 3801 et
1689 3745 2051 3818 appellatione

481 3840 801 3905 distractus,
830 3838 897 3893 de
931 3839 1130 3909 quibus
1165 3839 1428 3909 scriptum
1464 3846 1549 3894 est
1578 3856 1592 3894 :
1620 3837 1801 3893 Nolite
1838 3848 2050 3909 tangere

478 3933 699 3987 thristos
733 3948 872 3987 meos
889 3932 951 3983 ⁸³.
986 3931 1117 3998 Quis
1149 3931 1288 3985 enim
1308 3937 1407 3993 est,
1440 3929 1635 4000 inquit,
1661 3930 1911 3994 mendax,
1942 3931 2048 3984 nisi

2152 3195 2428 3266 ἄνθρωποι
2446 3233 2464 3261 ,
2489 3195 2602 3248 ἀλλ’
2628 3194 2844 3267 οὐρανοί
2861 3195 2903 3226 ¹⁹
2922 3213 2935 3226 ·
2972 3196 3224 3264 Οὐρανοὶ
3244 3196 3352 3265 γὰρ
3384 3194 3727 3267 διηγοῦνται

2150 3287 2341 3352 δόξαν
2371 3286 2540 3352 Θεοῦ,
2577 3286 2774 3357 μᾶλλον
2797 3287 2853 3341 δὲ
2880 3290 2908 3340 ὁ
2939 3288 3099 3351 αὐτὸς
3133 3287 3345 3357 Πατὴρ,
3382 3287 3553 3355 λέγων
3572 3306 3584 3318 ·
3623 3283 3729 3343 Οὖ-

2149 3382 2253 3446 τός
2289 3380 2465 3434 ἐστιν
2491 3381 2525 3432 ό
2563 3379 2698 3444 Υἱός
2740 3396 2861 3449 μου
2908 3381 2942 3431 ὁ
2987 3378 3293 3448 ἀγαπητὸς
3315 3417 3330 3443 ,
3363 3378 3434 3431 ἐν
3460 3370 3509 3445 ᾧ
3550 3378 3731 3446 ηὐδό-

2150 3487 2332 3541 κησα.
2377 3473 2474 3525 Ὃν
2517 3471 2617 3523 οὐκ
2650 3470 2795 3524 ἔστιν
2827 3469 3192 3541 ὁμολογῆσαι,
3241 3469 3296 3521 εἷ
3335 3486 3418 3533 τις
3467 3472 3546 3533 είς
3596 3469 3727 3541 ὕψος

2150 3565 2360 3619 ἀδικίαν
2392 3563 2576 3634 λαλοίη
2623 3564 2760 3635 πρὸς
2806 3563 2896 3616 τὸν
2940 3562 3166 3634 πλησίον
3204 3561 3369 3616 αὑτοῦ
3392 3580 3406 3592 ·
3442 3563 3609 3626 εἴτις
3646 3566 3727 3625 είς

2150 3658 2247 3730 τὴν
2286 3656 2644 3727 ἀντιχρίστων
2679 3654 2830 3719 τάξιν
2876 3655 2971 3707 καὶ
3013 3653 3329 3725 ἐπωνυμίαν
3372 3654 3534 3707 αὑτὸν
3568 3655 3729 3709 καλέ-

2153 3767 2296 3803 σειεν
2321 3751 2390 3813 ⁸ο,
2429 3749 2671 3812 ἀποστὰς
2703 3750 2801 3820 τῆς
2849 3746 3055 3812 τάξεως
3100 3748 3194 3801 καὶ
3242 3748 3560 3818 ἐπωνυμίας
3616 3747 3727 3801 τῶν

2150 3841 2491 3915 Χριστιανῶν
2515 3857 2528 3873 ·
2581 3841 2709 3910 περί
2760 3834 2836 3893 ὧν
2886 3839 3134 3911 εἴρηται·
3186 3840 3282 3907 Μὴ
3329 3839 3569 3909 omnes
3608 3839 3727 3893 τῶν

2150 3929 2414 4001 χριστῶν
2456 3947 2597 3999 μου.
2644 3927 2744 3996 Τίς
2775 3930 2907 3998 γὰρ,
2945 3929 3131 4000 φησὶν,
3183 3931 3216 3982 ό
3261 3929 3633 3999 ψευδόμενος
3674 3931 3724 3981 εί

476 4025 567 4096 qui
596 4033 748 4093 negat
777 4022 958 4078 Jesum
979 4040 1091 4077 esse
1113 4021 1382 4077 Christum
1402 4023 1425 4077 ξ)
1443 4020 1493 4075 Η
1500 4024 1659 4085 icest,
1685 4022 1878 4092 inquit,
1904 4022 2051 4077 Anti-

2153 4023 2231 4092 μὴ
2297 4023 2706 4092 ἀρνούμενος,
2772 4020 2861 4073 ὅτι
2910 4020 3144 4088 Ἰησοῦς
3204 4024 3237 4074 ό
3291 4021 3549 4088 Χριστὸς
3610 4023 3721 4074 οὐκ

476 4117 724 4171 Christus.
781 4114 923 4169 Nam
978 4117 1068 4186 qui
1125 4124 1280 4185 negat
1337 4112 1572 4177 Filium,
1625 4130 1785 4183 neque
1830 4114 2048 4169 Patrem

477 4209 668 4271 habet;
705 4217 753 4262 et
795 4209 885 4278 qui
923 4205 1126 4261 Filium
1170 4206 1480 4276 conﬁtetur,
1523 4222 1631 4261 una
1676 4208 1956 4275 conﬁtetur
2000 4218 2050 4263 et

479 4300 694 4353 Patrem
721 4338 734 4352 .
767 4299 921 4365 Quod
948 4299 1130 4368 igitur.
1158 4298 1352 4369 inquit,
1387 4301 1450 4351 ab
1473 4298 1628 4351 initio
1656 4298 1905 4361 audistis,
1938 4317 2050 4354 ma-

474 4402 596 4447 neat
628 4392 722 4446 hoc
761 4392 814 4446 in
855 4392 1017 4446 vobis.
1056 4388 1123 4443 Et
1157 4392 1203 4445 si
1241 4398 1484 4455 maneat,
1532 4391 1732 4460 inquit,
1780 4392 1834 4445 in
1884 4392 2047 4454 vobis,

2149 4116 2355 4175 ἐστιν;
2413 4110 2630 4179 Οὗτος,
2694 4114 2885 4183 φησὶν,
2942 4115 2976 4165 ὁ
3037 4113 3455 4182 Ἀντίχριστος.
3509 4113 3562 4165 Ὀ
3614 4116 3725 4183 γὰρ

2149 4208 2518 4277 ἀρνούμενος
2540 4205 2646 4259 τὸν
2678 4205 2836 4272 Υίὸν,
2855 4204 2997 4258 οὐδὲ
3023 4206 3128 4258 τὸν
3150 4207 3379 4273 Πατέρα
3408 4205 3534 4276 ἔχει
3554 4222 3568 4237 ⁸
3601 4210 3634 4261 ὀ
3657 4205 3727 4258 δὲ

2152 4299 2463 4371 ὁμολογῶν
2510 4300 2619 4352 τὸν
2667 4298 2803 4352 Υίὸν
2850 4298 2949 4351 καὶ
3001 4297 3109 4351 τὸν
3156 4297 3387 4366 Πατέρα
3427 4299 3721 4369 ὁμολογεῖ.

2155 4394 2331 4461 Ὅπερ
2351 4388 2482 4454 οὖν,
2503 4391 2687 4462 φησὶν,
2709 4390 2777 4455 ἐξ
2809 4389 3007 4459 ἀρχῆς
3034 4389 3357 4457 ἠκούσατε,
3376 4392 3550 4446 τοῦτο
3562 4391 3725 4461 μενέο

474 4485 613 4555 quod
656 4481 720 4536 ab
751 4483 902 4538 initio
933 4481 1178 4545 audistis,
1209 4493 1259 4536 et
1288 4500 1375 4537 vos
1405 4484 1462 4537 in
1492 4480 1634 4538 Filio
1677 4485 1979 4549 manebitis,
1998 4498 2047 4540 et

2153 4503 2230 4539 τω
2271 4486 2340 4539 ἐν
2376 4484 2539 4553 ὑμῖν.
2567 4483 2678 4536 Καὶ
2718 4482 2857 4547 ἐὰν,
2895 4483 3062 4553 φησὶ,
3097 4480 3254 4552 μένῃ
3297 4483 3368 4536 ἐν
3406 4482 3551 4553 ὑμῖν
3580 4483 3724 4551 ὅπερ

474 4574 531 4629 iu
573 4573 737 4630 Patre
763 4576 827 4627 ¹⁸.
867 4574 1030 4644 Atqui
1076 4580 1192 4627 tum
1238 4574 1457 4629 demum
1505 4574 1870 4639 manebimus,
1923 4592 2048 4631 cum

475 4679 661 4720 coram
687 4662 818 4728 Deo,
856 4669 910 4718 et
937 4662 1125 4718 electis
1152 4663 1385 4733 angelis.
1415 4665 1509 4721 sed
1545 4675 1599 4720 et
1626 4680 1813 4720 coram
1840 4667 2047 4737 princi-

475 4758 637 4830 pibus
657 4757 775 4812 sine
797 4755 904 4811 ulle
928 4754 1133 4826 pudore
1155 4756 1554 4812 conﬁtebimur.
1587 4754 1863 4827 Loquebar
1881 4758 2046 4820 enim,

478 4847 673 4920 inquit,
701 4847 764 4902 de
797 4846 1107 4901 testimoniis
1142 4847 1247 4900 tuis
1265 4847 1319 4900 in
1334 4855 1611 4916 conspectu
1647 4864 1845 4918 regum,
1869 4858 1920 4902 et
1946 4865 2049 4903 non

477 4937 924 5009 confundebar".
969 4938 1029 4992 Si
1053 4937 1159 4993 hoc
1190 4936 1475 5001 fateamur,
1522 4938 1768 5008 inquam,
1819 4937 1912 4993 Dei
1959 4936 2050 4994 Fi-

479 5034 608 5084 lium
646 5029 815 5085 Deum
849 5044 971 5085 esse
1001 5026 1070 5085 de
1091 5026 1225 5092 Deo,
1257 5044 1425 5083 unum
1452 5045 1517 5085 ex
1556 5045 1686 5095 uno,
1709 5030 2047 5101 unigenitum

476 5139 543 5178 ex
574 5121 879 5192 unigenito,
909 5120 1164 5175 eximiam
1209 5121 1500 5190 quamdam
1540 5124 1852 5188 generantis
1887 5123 2049 5177 sobo-

480 5214 604 5277 lem,
639 5213 972 5283 dignumque
999 5212 1236 5268 carentis
1263 5212 1532 5282 principio
1561 5210 1778 5275 Filium,
1807 5214 2047 5268 inell‘abi-

480 5302 547 5357 lis
578 5301 901 5358 inell‘abilem
930 5303 1302 5373 interpretem,
1331 5302 1586 5368 Verbum,
1618 5305 1940 5374 sapientiam
1982 5322 2047 5359 ac

478 5396 732 5450 virtutem
764 5393 904 5465 ejus,
940 5396 1032 5464 qui
1064 5395 1386 5465 sapientiam
1417 5410 1481 5450 ac
1520 5396 1776 5451 virtutem
1824 5413 2040 5453 omnem

560 5552 576 5582 ¹
616 5548 761 5604 Psal.
798 5550 1136 5613 cxvttt,165.
1176 5553 1196 5582 ³
1236 5550 1433 5621 Ephes.
1470 5567 1530 5611 tt.
1569 5551 1655 5605 14.
1686 5553 1771 5605 15.
1816 5553 1836 5582 ³
1872 5551 2030 5607 Joan.
2075 5569 2184 5617 xw,
2219 5553 2306 5608 15.
2383 5554 2405 5582 ⁸

560 5636 646 5654 "III
716 5622 772 5654 LI
829 5621 893 5654 λε)
990 5624 1009 5653 ’1
1042 5623 1148 5654 ίιι;.1
1210 5624 1270 5654 0|
1371 5624 1393 5654 ο
1434 5622 1539 5654 ιΜΛ
1600 5622 1669 5654 00
1766 5627 1786 5654 ν
1825 5620 1944 5654 Βοηι
1999 5640 2161 5654 ιιι-υ...
2210 5624 2272 5654 IK
2372 5623 2414 5654 10

1067 5623 1170 5675 bid.
1210 5620 1295 5677 9.1.
1371 5624 1393 5654 ⁸
1434 5622 1563 5675 ibid.
1600 5622 1689 5675 22.
1766 5627 1786 5654 ν
1825 5620 1965 5677 Psal.
1998 5640 2051 5677 τι

1067 5692 1110 5723 ¹³
1150 5691 1291 5748 Psal.
1344 5708 1532 5756 chItI,
1583 5694 1668 5746 l5.
1750 5692 1793 5724 “
1833 5692 1848 5744 Ι
1891 5691 2047 5746 Joan.

2153 5624 2291 5685 L45.
2372 5623 2414 5654 ¹⁰
2456 5622 2596 5675 Psal.
2631 5638 2781 5681 svnt,
2828 5622 2881 5675 Ξ.
2961 5625 3000 5654 ¹¹
3045 5621 3087 5674 Μ

2153 5692 2367 5755 .22-24
2470 5693 2515 5723 "
2551 5693 2693 5747 Psal.
2752 5706 2955 5756 cvaII,
2998 5693 3087 5748 46.

1368 5766 1409 5797 ³⁸
1448 5762 1581 5818 C.si
1625 5762 1742 5834 μέλ.
1824 5764 1866 5794 ⁸⁸
1908 5762 2068 5819 Deest
2090 5765 2335 5820 verbum.
2414 5764 2458 5794 ²⁰
2505 5781 2588 5835 πρ.
2617 5762 3018 5834 ὁμολογήσειεν.
3089 5788 3093 5797 ι

482 5636 671 5681 CXVIII,
713 5621 914 5684 “uti.
990 5623 1170 5675 "ibid.
1210 5624 1295 5677 9.1.
1371 5624 1393 5654 ⁸
1434 5622 1563 5675 ibid.
1600 5622 1689 5675 22.

486 5695 530 5727 ³⁸
569 5692 707 5744 l‘sal.
738 5705 906 5752 LXXII,
939 5693 989 5747 8.

488 5762 528 5797 ⁸⁷
570 5762 680 5817 νει.
728 5759 855 5829 llcg.
897 5763 1287 5831 ἑπισχήματος.

2153 4576 2223 4640 ἐξ
2242 4573 2437 4645 ἀρχῆς
2452 4572 2761 4644 ’ἠκούσατε
2779 4613 2794 4638 ,
2826 4572 2923 4626 καί
2953 4571 3119 4641 ὑμεῖς
3147 4572 3217 4625 ἐν
3251 4571 3330 4638 τῷ
3358 4571 3470 4637 Υίῷ
3494 4572 3727 4642 μενεῖτε

2154 4668 2253 4722 καὶ
2284 4665 2365 4733 τῷ
2394 4666 2599 4734 Πατρί.
2631 4664 2918 4735 Μενοῦμεν
2953 4663 3032 4728 δὲ,
3055 4665 3182 4718 ὅταν
3208 4664 3440 4718 ἐνώπιον
3471 4663 3607 4718 Θεοῦ
3631 4668 3728 4718 καὶ¹

2154 4759 2425 4814 ἐκλεκτῶν
2448 4757 2695 4827 ἀγγέλων
2717 4756 3159 4828 ὁμολογήσωμεν,
3202 4754 3340 4809 ἀλλά
3370 4756 3465 4809 καὶ
3496 4755 3727 4808 ἐνώπιον

2157 4850 2419 4923 βασιλέων
2446 4889 2462 4913 ,
2512 4849 2607 4903 καὶ
2652 4848 2728 4920 μὴ
2771 4846 3155 4918 αἰσχυνώμεθα
3177 4863 3189 4876 ·
3239 4846 3540 4901 Ἕλάλουν
3598 4847 3728 4917 γὰρ,

2156 4944 2341 5015 φησὶν,
2358 4942 2427 4995 ἐν
2447 4941 2573 5008 τοῖς
2590 4939 2938 5010 μαρτυρίοις
2963 4955 3079 4993 σου
3099 4939 3379 4993 ἐναντίον
3396 4939 3726 5004 βασιλέων,

2150 5036 2248 5089 καί
2295 5035 2406 5087 οὐκ
2446 5032 2839 5101 ᾐσχυνόμην·
2881 5031 2963 5083 ὅτι
3009 5030 3135 5095 Υἱὸς
3167 5030 3261 5084 τοῦ
3294 5029 3429 5085 Θεοῦ
3451 5071 3466 5095 ,
3497 5030 3628 5095 Θεὸς
3665 5034 3728 5085 ὲκ

2151 5124 2307 5188 Θεοῦ,
2340 5119 2421 5187 εἷς
2449 5123 2509 5187 ἐξ
2540 5122 2690 5187 ἐνὸς,
2737 5122 2798 5187 ἐξ
2824 5123 3121 5195 ἀγεννήτου
3175 5124 3494 5195 μονογενὴς,
3526 5123 3730 5196 ἐξαίρε-

2149 5235 2240 5271 τον
2292 5215 2540 5285 γέννημα
2588 5213 2681 5267 τοῦ
2725 5215 3138 5291 γεγεννηκότος,
3199 5217 3293 5268 καὶ
3334 5215 3483 5281 ἄξιος
3522 5218 3551 5268 ὁ
3601 5216 3729 5280 Υἱὸς

2148 5306 2241 5360 τοῦ
2286 5305 2550 5376 ἀνάρχου,
2597 5303 2691 5357 τοῦ
2744 5300 3041 5376 ἀδιηγήτου
3084 5307 3354 5377 ἑρμηνεὺς
3402 5307 3727 5378 ἀδιήγητος.

2144 5398 2346 5466 Λόγος,
2380 5397 2474 5450 καὶ
2506 5396 2686 5465 σοφία,
2713 5397 2805 5449 καὶ
2832 5395 3062 5466 δύναμις
3092 5396 3186 5450 τοῦ
3228 5398 3368 5468 ὑπὲρ
3411 5398 3602 5468 σοφίαν
3636 5399 3728 5452 καὶ

2383 5554 2405 5582 ⁸
2446 5551 2588 5606 Psal.
2624 5566 2778 5616 xvm,
2820 5551 2874 5607 9.
2925 5553 2947 5582 ⁵
2992 5552 3037 5607 ll
3069 5550 3196 5606 Cor.
3233 5568 3355 5617 xm,
3392 5553 3445 5607 5.
3525 5553 3545 5583 ⁸
3580 5552 3727 5611 Psal.

2961 5625 3000 5654 "
3045 5621 3236 5676 Matth.
3268 5640 3348 5685 III,
3390 5624 3473 5686 l7;
3508 5640 3639 5682 xm.
3673 5624 3727 5677 5.

3170 5694 3212 5724 ¹⁶
3251 5692 3339 5745 LX
3352 5693 3389 5747 Χ
3431 5693 3726 5765 τυλαυγήςε
