4134 6386
405 381 509 444 4ιῦ1

1039 383 1411 439 ADVERSUS
1451 385 1795 444 HERESES
1834 387 1961 443 LIB.
2006 387 2093 443 Ill.
2135 383 2298 445 TOM‘.
2331 389 2370 446 ι.
2406 422 2474 431 -
2505 390 2777 450 IIERES.
2813 395 3046 451 LXXIII.

3567 402 3674 458 462

410 503 672 576 δύναμιν,
700 504 846 575 ὑπὲρ
865 504 894 557 ὃ
923 490 1256 576 φθέγξασθαι
1282 507 1506 562 δύναται
1536 509 1771 578 γλῶττα,
1801 510 1942 580 ὑπὲρ
1967 511 1995 563 ὃ

2099 511 2336 577 excellit,
2370 528 2538 583 supra
2570 515 2624 569 id
2658 529 2821 572 omne
2851 517 2997 587 quod
3031 516 3116 573 vel
3148 517 3329 590 eloqui
3362 518 3676 591 lingua,vel

412 596 630 665 κινῆσαι
666 596 908 651 διάνοια’
952 597 1200 669 γέννημα
1233 598 1436 652 τέλειόν
1475 617 1536 653 τε
1577 602 1672 653 καὶ
1708 601 1886 672 μένον,
1928 601 1992 653 ὲκ

413 685 619 739 τελείου
667 688 765 742 καὶ
800 687 1052 759 μένοντος
1089 688 1148 741 ἐν
1175 688 1484 760 ταυτότητι,
1520 690 1619 742 οὑκ
1646 689 1994 761 ἀπορῤεῦσαν

415 779 478 830 ἐκ
511 777 727 848 Πατρὺς
749 817 764 843 ,
813 778 937 832 οὔτε
967 779 1286 851 ἀποτμηθὲν
1319 797 1380 833 τε
1427 781 1524 834 καὶ
1551 781 1839 853 διαιρεθὲν,
1879 780 1995 835 ἀλλ’

413 869 639 934 ἀπαθῶς
664 873 758 926 καὶ
787 872 1096 944 ὁλοκλήρως
1123 872 1421 945 προελθὼν,
1450 876 1514 927 ἐκ
1543 874 1636 928 τοῦ
1674 875 1840 946 μηδὲν
1869 877 1996 930 ἀπο-

413 961 740 1034 ϐεϐληκότος
766 958 841 1020 ὧν
869 960 1010 1035 εἶχε·
1041 968 1135 1018 καὶ
1159 968 1240 1019 ὅτι
1266 967 1439 1035 Λόγος
1472 969 1589 1021 ἐστί
1620 987 1680 1022 τε
1716 970 1809 1022 καὶ
1841 969 1995 1038 λέγε-

411 1072 500 1109 ται
528 1056 689 1120 Υἱὸς,
718 1058 778 1111 οὑ
812 1059 918 1129 μὴν
954 1058 1106 1130 φωνὴ
1133 1059 1226 1113 τοῦ
1258 1061 1493 1132 Πατρὸς,
1529 1061 1650 1115 οὑδὲ
1677 1062 1827 1132 ῥῆμα
1859 1065 1994 1116 νοεῖ-

410 1163 521 1202 ται.
556 1147 861 1218 ’Υφέστηκε
907 1149 1017 1220 γὰρ
1049 1151 1172 1203 καθ’
1219 1151 1431 1217 ἑαυτὸν,
1481 1153 1575 1205 καί¹
1620 1155 1858 1223 ἐνεργεῖ,
1899 1155 1994 1207 καὶ

409 1235 486 1292 δι’
540 1238 729 1292 αὑτοῦ
782 1240 856 1293 τὰ
895 1238 1118 1306 πάντα,
1161 1243 1261 1296 καὶ
1314 1242 1384 1296 ἐν
1429 1242 1593 1308 αὐτῷ
1642 1243 1714 1296 τὰ
1761 1244 1989 1298 πάντα·

411 1327 598 1401 ὥσπερ
628 1330 722 1382 καὶ
750 1329 910 1399 σοφία
933 1333 961 1384 ὁ
997 1332 1159 1396 αὑτὸς
1186 1331 1262 1386 ὢν
1294 1335 1395 1387 οὑκ
1434 1334 1724 1408 ἐνθύμημα
1756 1334 1850 1390 τοῦ
1877 1339 1992 1392 Πα-

410 1421 539 1492 τρὺς
568 1424 790 1487 νοεῖται,
822 1421 948 1476 οὔτε
990 1424 1202 1494 κίνησις
1229 1426 1322 1478 τοῦ
1351 1426 1684 1497 ἡγεμονικοῦ
1718 1428 1989 1498 ἐνέργεια,

410 1511 545 1566 ἀλλά
569 1513 821 1584 γέννημα
858 1514 1043 1584 ὅμοιόν
1077 1533 1137 1568 τε
1183 1516 1276 1569 τοῦ
1313 1517 1545 1587 Πατρὸς,
1591 1521 1687 1572 καὶ
1711 1519 1799 1572 τὸν
1829 1538 1994 1592 χαρα-

413 1604 593 1676 κτῆρα
637 1604 732 1658 τοῦ
775 1606 990 1676 Πατρὸς
1037 1607 1319 1678 ἀκριϐοῦν.
1366 1609 1568 1663 Τοῦτον
1610 1610 1718 1682 γὰρ
1749 1613 1777 1664 ὁ
1808 1613 1993 1684 Πατὴρ

410 1697 740 1768 ἐσφράγισεν
782 1698 811 1750 ό
852 1697 1014 1763 Θεόςο
1045 1699 1139 1752 καὶ
1183 1701 1281 1771 οὑχ
1312 1699 1484 1774 ἑτέρῳ
1531 1702 1630 1772 μὲν
1673 1704 1990 1776 ἐνυπάρχει,

410 1790 508 1861 οὐχ
534 1790 806 1863 ὑφέστηκε
830 1791 887 1845 δὲ
909 1791 1029 1846 καθ’
1065 1793 1245 1853 ἑαυτὸ,
1273 1793 1410 1847 ἀλλά
1433 1794 1680 1866 γέννημα
1707 1798 1991 1868 ἐνεργητι-

2096 606 2306 676 agitare
2331 609 2528 663 mentis
2576 609 2933 682 intelligentia
2977 620 3176 684 potest.
3222 612 3550 681 Perfectam,
3588 617 3675 672 in-

2095 711 2280 765 quam,
2312 699 2576 766 sobolem,
2614 708 2668 756 et
2698 703 2948 758 stabilem
2999 720 3066 760 ex
3102 704 3347 776 perfecto
3387 716 3442 763 et
3482 706 3538 762 in
3575 721 3673 763 eo-

2094 788 2216 843 dem
2247 799 2397 846 statu
2427 803 2798 862 permanente.
2832 793 2964 862 Quae
3000 797 3221 867 quidem
3256 799 3474 855 soboles
3498 813 3675 870 neque.

2096 893 2127 932 a
2171 875 2332 934 Patre
2388 881 2664 950 proﬂuxit,
2710 899 2811 940 nec
2855 895 3074 940 exsecta
3119 893 3224 951 est,
3277 888 3360 942 vel
3406 887 3675 944 divisione

2095 976 2415 1038 propagata,
2465 970 2560 1025 sed
2608 971 2744 1025 citra
2791 973 3102 1041 passionem
3134 976 3456 1048 integreque
3497 978 3569 1034 ab
3605 993 3676 1035 e0

2096 1059 2383 1126 processit,
2416 1062 2508 1130 qui
2554 1063 2691 1116 nihil
2728 1078 2942 1128 eorum,
2971 1066 3174 1136 quibus
3213 1068 3476 1138 praeditus
3503 1080 3672 1139 esset,

2095 1149 2360 1206 amiserit.
2402 1151 2540 1206 Tum
2568 1155 2816 1209 eumdem
2845 1157 2998 1213 illum
3030 1157 3227 1215 Filium
3259 1159 3502 1218 Verbum
3549 1180 3676 1222 esse

2094 1238 2334 1311 dicique,
2368 1259 2475 1298 non
2505 1261 2694 1302 vocem
2727 1256 2821 1303 aut
2859 1249 3153 1307 dictionem
3181 1253 3361 1310 Patris
3398 1255 3669 1328 intelligit.

2098 1330 2375 1402 Siquidem
2409 1352 2505 1406 per
2534 1353 2594 1392 se
2630 1340 2723 1393 ille
2759 1341 3011 1396 subsistit
3051 1350 3101 1397 et
3132 1346 3263 1414 agit,
3293 1361 3358 1400 ac
3381 1362 3472 1414 per
3499 1347 3674 1416 ipsum

2095 1428 2294 1490 omnia,
2327 1437 2376 1481 et
2409 1430 2463 1482 in
2494 1430 2604 1499 ipso
2635 1443 2756 1487 sunt
2789 1435 2966 1488 omnia
2994 1436 3034 1488 ³.
3094 1435 3563 1502 Quemadmodum
3597 1442 3675 1496 ita

2095 1517 2185 1571 ille
2211 1519 2381 1589 879
2423 1521 2688 1591 sapientia
2715 1534 2820 1592 est,
2848 1533 2906 1578 ut
2939 1524 3117 1582 Patris
3147 1529 3428 1600 cogitatio,
3455 1531 3540 1586 vel
3565 1547 3677 1588 mo-

2094 1609 2171 1662 tio
2214 1612 2433 1676 mentis,
2488 1614 2701 1668 actiove
2747 1617 2972 1673 minime
3016 1618 3088 1675 sit
3117 1623 3416 1689 putandus,
3468 1624 3562 1680 sed
3596 1625 3676 1681 si-

2095 1699 2240 1754 milis
2281 1699 2463 1757 Patris
2498 1705 2738 1769 soboles,
2789 1718 2845 1762 et
2886 1719 3202 1765 accuratam
3243 1713 3297 1768 in
3342 1729 3465 1770 sese
3492 1713 3674 1772 Patris

2095 1790 2324 1864 eliigiem
2370 1797 2702 1864 exprimens.
2753 1797 2887 1853 Nam
2923 1801 3068 1856 hunc
3118 1801 3264 1859 Deus
3296 1804 3457 1861 Pater
3495 1808 3675 1880 sigillo

411 1883 526 1946 κδν,
577 1884 672 1938 καὶ
698 1884 997 1956 πεποιηκὸς
1026 1885 1144 1938 τόδε
1174 1884 1234 1938 τὸ
1266 1887 1396 1951 πᾶν,
1445 1889 1541 1940 καὶ
1587 1887 1851 1957 φυλάττον
1880 1889 1986 1944 ἀεί.

2099 1881 2238 1935 velut
2267 1883 2596 1954 obsignavit,
2629 1901 2805 1958 neque
2839 1889 2919 1944 sic
2947 1891 3234 1947 exsistitin
3253 1893 3449 1964 altero,
3480 1869 3674 1967 utvper

412 1971 595 2025 Ταῦτα
623 1974 784 2028 ίκανά
804 1974 898 2028 καὶ
922 1975 1024 2046 τῆς
1055 1975 1320 2048 Ἑλλήνων
1343 1976 1553 2049 πλάνης
1578 1980 1726 2050 ἡμᾶς
1771 1979 1867 2034 καὶ
1889 1979 1989 2051 τῆς

422 2064 718 2136 Ἰουδαϊκῆς
748 2065 1202 2140 ἐθελοθρησκείας
1233 2068 1618 2140 ἐλευθερῶσαι,
1649 2071 1742 2124 καὶ
1773 2071 1873 2142 τῆς
1902 2074 1990 2124 αἱ·

412 2156 634 2228 ρετικῆς
665 2158 1002 2225 κακοδοξίας.

479 2418 607 2472 AA'.
660 2417 876 2490 Ἐπειδὴ
913 2418 972 2472 δὲ
1003 2418 1111 2473 τῶν
1157 2421 1216 2474 ἐν
1265 2423 1387 2485 ταῖς
1433 2421 1679 2494 Γραφαῖς
1721 2423 1989 2494 κειμένων

409 2505 607 2572 λέξεων
647 2506 739 2561 τὸν
761 2507 886 2563 νοῦν
913 2509 1356 2582 παρατρέποντές
1387 2528 1552 2576 τινες,
1588 2511 1682 2565 καὶ
1717 2512 1920 2583 ἑτέρως
1955 2512 1989 2584 ἢ

412 2599 688 2670 προσῆκεν
715 2601 1132 2672 ἑρμηνεύοντες,
1157 2604 1252 2656 καὶ
1281 2605 1420 2674 μήτε
1449 2603 1559 2657 τῶν
1591 2605 1854 2675 ῥημάτων
1892 2605 1991 2676 τὴν

411 2687 676 2759 δύναμιν,
717 2692 856 2762 μήτε
910 2691 1018 2745 τῶν
1070 2695 1412 2764 πραγμάτων
1458 2693 1559 2765 τὴν
1606 2694 1769 2764 φύσιν
1821 2713 1990 2750 κατα-

410 2779 676 2846 νοοῦντες,
709 2781 980 2853 τολμῶσιν
1024 2783 1236 2837 ἀθετεῖν
1281 2784 1379 2856 τῆν
1424 2784 1651 2858 θεότητα
1702 2785 1795 2839 τοῦ
1837 2786 1987 2851 Υἱοῦ,

411 2873 850 2943 προσκόπτοντες
881 2878 949 2945 τῇ
984 2874 1126 2939 λέξει
1161 2876 1261 2946 τῆς
1287 2875 1516 2940 κτίσεως
1537 2880 1602 2948 τῇ
1637 2877 1992 2950 ἐμφερομένῃ

409 2965 530 3027 ταῖς
580 2965 937 3038 Παροιμίαις·
997 2967 1215 3034 Κύριος
1262 2970 1371 3040 γὰρ
1419 2968 1624 3023 ἕκτισέ
1667 2986 1744 3039 με
1791 2968 1994 3038 ἀρχὴν

410 3054 570 3109 ὁδῶν
592 3058 779 3112 αὐτοῦ
811 3061 899 3126 είς
922 3058 1066 3129 ἔργα
1097 3059 1284 3114 αὐτοῦ
1301 3077 1314 3088 ·
1343 3059 1438 3124 οὓς
1469 3061 1587 3114 δέον
1613 3061 1691 3132 τῷ
1718 3061 1991 3131 πνεύματι

409 3147 488 3220 τῷ
515 3149 869 3213 ζωοποιοῦντι
898 3152 1234 3221 ἀκολουθεῖν,
1265 3153 1360 3206 καὶ
1392 3152 1467 3225 μὴ
1492 3152 1569 3224 τῷ
1595 3155 1886 3226 γράμματι
1913 3153 1993 3224 τῷ

411 3242 810 3296 ἀποκτείνοντι⁶
854 3245 926 3298 Τό
971 3244 1082 3314 γὰρ
1131 3245 1366 3315 πνεῦμα
1412 3243 1710 3306 ζωοποιεῖ’
1758 3247 1889 3318 φέρε
1929 3246 1993 3318 δὴ
2021 3237 2064 3296 C

411 3335 777 3407 τολμήσωμεν
830 3336 926 3389 καὶ
957 3338 1119 3407 ἡμεῖς
1166 3337 1338 3409 μικρά
1383 3339 1511 3409 περὶ
1561 3339 1765 3393 τούτων
1806 3341 1992 3393 διαλα-

411 3426 526 3480 ϐεῖν
544 3467 559 3490 ,
590 3427 688 3496 οὐχ
718 3427 800 3480 ὅτι
831 3429 845 3458 ¹
873 3427 1105 3491 ἐντελῶς
1144 3429 1357 3500 εἴρηται
1387 3432 1499 3491 τοῖς
1525 3429 1630 3500 πρὸ
1654 3431 1686 3500 ἡ
1697 3428 1812 3499 μῶν
1841 3431 1994 3503 είρη-

412 3518 598 3572 κόσιν·
631 3518 663 3589 ἢ
692 3518 801 3589 γὰρ
828 3517 895 3572 ἂν
927 3517 1172 3588 μαίνοιτό
1206 3538 1289 3584 τις
1310 3563 1323 3585 ,
1368 3521 1417 3573 εἰ
1459 3520 1617 3574 τοῦτο
1663 3519 1844 3589 λέγοι·
1874 3523 1995 3576 οὐδὲ

411 3609 494 3662 ὅτι
533 3609 764 3681 χρῄζετε
801 3609 1176 3674 διδάσκοντοςο
1212 3612 1367 3664 αὑτοὶ
1410 3609 1520 3683 γὰρ
1561 3612 1720 3681 ὑμεῖς
1769 3612 1997 3666 θεοδίδα-

413 3701 532 3754 κτοί
557 3703 682 3754 ἐστε
701 3717 714 3730 ·
741 3701 858 3755 ἀλλ’
894 3702 981 3756 ἵνα
1012 3702 1416 3774 φανερωθῶμεν
1450 3706 1506 3756 ἐν
1533 3706 1652 3767 ταῖς
1687 3705 1996 3775 συνειδήσε-

415 3809 500 3846 σιν
533 3793 712 3864 ἡμῶν,
758 3795 840 3847 ὅτι
873 3793 983 3848 τῶν
1019 3794 1428 3866 ἐπιθυμούντων
1463 3796 1630 3866 ἐσμὲν
1656 3797 1996 3868 χαρίσματος

415 3885 544 3956 ὑμῖν
572 3886 892 3956 μεταδοῦναι
926 3887 1318 3959 πνευματικοῦ.

486 3979 780 4033 Πίστευσον
809 3976 920 4044 οὖν,
957 3982 1039 4034 ὅτι
1067 3979 1191 4034 οὑτε
1217 3979 1451 4050 ἀλλαχοῦ
1474 3980 1574 4051 τῆς
1604 3981 1848 4052 Γραφῆς,
1873 3981 1994 4035 οὔτε

414 4070 510 4122 ἐπὶ
549 4071 643 4124 τοῦ
694 4071 960 4143 παρόντος
1005 4072 1205 4143 χωρίου
1248 4073 1466 4125 ἐναντία
1511 4071 1582 4124 τά
1641 4074 1858 4143 ῥήματα
1896 4073 1998 4143 τῆς

415 4161 640 4234 Γραφῆς
671 4163 922 4234 ἀλλήλοις
947 4163 1086 4228 ἐστὶ,
1116 4163 1218 4217 κᾶν
1249 4162 1516 4234 μάχεσθαι
1543 4163 1673 4233 δοκῇ
1707 4163 1858 4234 παρά
1883 4166 1998 4226 τοῖς

414 4258 480 4327 τῇ
513 4256 695 4310 πίστει
727 4256 802 4329 μὴ
829 4257 1185 4325 ὑγιαίνουσιν,
1213 4255 1332 4325 ἤτοι
1363 4253 1654 4306 ἀσθενοῦσι
1680 4256 1745 4324 τῇ
1769 4252 1992 4326 γνώμῃ·

416 4349 511 4402 καὶ
547 4348 624 4413 ὡς
661 4349 813 4404 οὐδὲν
849 4349 960 4402 τῶν
991 4349 1135 4402 κατὰ
1169 4347 1262 4400 τὸν
1297 4346 1501 4417 κόσμον
1536 4346 1998 4419 παραδειγμάτων

414 4437 528 4494 οἷόν
557 4441 618 4494 τέ
647 4442 797 4495 ἐστιν
822 4440 1132 4513 εὑρεθῆναι,
1163 4440 1300 4510 ὅπερ
1330 4438 1555 4511 ἐξαρκεῖ
1579 4439 1698 4492 καθ’
1720 4437 1884 4492 ἐαυτδ
1907 4456 1999 4492 σαο

2097 1988 2220 2029 sese
2249 1976 2472 2031 minime
2521 1979 2807 2043 subsistat,
2848 1981 2944 2037 sed
2977 1982 3165 2039 eﬂicax
3197 1985 3418 2055 quidam
3462 1988 3554 2044 ille
3597 1988 3678 2046 fe-

2101 2073 2188 2116 tus
2229 2071 2331 2130 est,
2360 2065 2452 2134 qui
2489 2073 2662 2120 totum
2702 2068 2807 2124 hoc
2840 2071 3156 2128 universum
3199 2074 3346 2144 quod
3391 2075 3668 2145 condidit,

2099 2161 2361 2223 perpetuo
2395 2165 2709 2214 conservat.
2743 2158 2870 2215 Haec
2911 2161 3106 2218 idonea
3137 2174 3284 2231 sunt,
3319 2176 3377 2221 ut
3420 2181 3522 2224 nos
3554 2175 3610 2225 et
3640 2184 3673 2224 a

2098 2244 2410 2300 Graecorum
2441 2263 2650 2316 errore,
2682 2259 2736 2307 et
2761 2266 2792 2306 a
2821 2251 3136 2310 Iudaeorum
3166 2260 3580 2327 superstitione,
3619 2271 3690 2318 et-

2097 2337 2167 2391 ab
2194 2335 2572 2394 haereticorum
2599 2341 2808 2398 nefaria
2839 2345 3096 2416 opinione
3122 2348 3419 2408 vindicent.

2168 2427 2359 2484 XXXI.
2403 2429 2675 2497 Quoniam
2722 2449 2853 2490 vero
2907 2437 3157 2492 nonnulli
3208 2454 3404 2496 vocum
3457 2441 3676 2506 illarum

2097 2536 2219 2592 quae
2252 2523 2305 2576 in
2352 2521 2654 2596 Scripturis
2695 2535 2949 2596 exstant,
2998 2545 3221 2587 sensum
3264 2532 3673 2605 detorquentes,

2099 2621 2262 2684 atque
2285 2617 2444 2671 aliter
2470 2632 2633 2688 quam
2662 2634 2761 2690 par
2802 2621 2875 2676 sit
2903 2620 3347 2694 interpretantes,
3381 2641 3559 2698 neque
3581 2636 3676 2682 aut

2097 2709 2386 2765 verborum
2419 2711 2827 2782 proprietatem,
2862 2723 2956 2770 aut
2977 2731 3160 2771 rerum
3194 2727 3446 2772 naturam
3477 2720 3678 2776 intelli-

2097 2809 2307 2873 gentes,
2350 2802 2471 2858 Filii
2502 2803 2842 2861 divinitatem
2874 2817 3120 2864 evertere
3148 2825 3273 2884 non
3309 2810 3582 2880 dubitant,
3618 2823 3674 2868 et

2099 2891 2166 2945 ad
2212 2892 2344 2947 illud
2387 2894 2681 2950 creationis
2724 2898 3054 2955 vocabulum
3096 2899 3396 2970 offendunt,
3441 2905 3588 2976 quod
3618 2906 3677 2961 in

2097 2983 2409 3042 Proverbiis
2436 2987 2670 3059 legitur:
2700 2989 2982 3061 Dominus,
3013 2991 3212 3062 inquit,
3243 2995 3435 3049 creavit
3470 3013 3551 3050 me
3571 2997 3678 3051 ini-

2100 3075 2232 3127 tium
2253 3075 2458 3130 viarum
2485 3095 2707 3133 suarum
2737 3081 2791 3135 in
2820 3095 2976 3148 opera
3002 3083 3165 3150 ipsius
3187 3083 3230 3151 ‘;
3289 3099 3427 3155 quos
3453 3087 3676 3157 quidem

2099 3169 2386 3236 Oportebat
2415 3170 2688 3226 viviﬁcum
2727 3174 2911 3242 potius
2938 3173 3215 3243 spiritum,
3235 3167 3402 3246 quam
3427 3180 3678 3236 occiden-

2098 3267 2205 3314 tem
2230 3260 2464 3316 litteram
2496 3266 2686 3334 sequi;
2729 3265 2960 3334 Spiritus
2983 3267 3122 3320 enim
3149 3269 3412 3338 vivi/ictull
3451 3288 3584 3344 :age
3621 3283 3678 3330 et

2097 3367 2199 3406 nos
2226 3353 2294 3407 de
2332 3353 2417 3408 his
2447 3370 2618 3425 pauca
2650 3356 3016 3427 disputemus,
3063 3374 3172 3414 non
3204 3361 3347 3431 quod
3391 3378 3454 3416 ca
3486 3379 3574 3420 res
3608 3367 3678 3420 ab

2098 3445 2166 3500 iis
2210 3444 2448 3515 perfecte
2489 3455 2720 3503 tractata
2765 3464 2874 3504 non
2922 3450 3082 3505 fuerit
3108 3452 3202 3522 qui
3239 3462 3365 3510 ante
3395 3471 3496 3512 nos
3523 3457 3676 3514 dirc-

2098 3545 2260 3590 runt:
2292 3537 2472 3592 furere
2507 3541 2651 3593 enim
2686 3539 2837 3596 illum
2875 3557 3100 3598 necesse
3131 3553 3248 3609 est,
3280 3546 3373 3616 qui
3411 3547 3557 3603 istud
3587 3565 3678 3605 as-

2097 3637 2274 3683 serat:
2305 3646 2481 3700 nequc
2505 3631 2650 3701 quod
2673 3631 2896 3689 doctore
2913 3649 3054 3706 opus
3079 3635 3362 3703 habeatis;
3395 3655 3491 3695 vos
3519 3641 3665 3696 enim
3696 3663 3699 3666 ·

2097 3722 2202 3792 ipsi
2232 3723 2492 3780 divinitus
2521 3725 2656 3781 estis
2687 3725 2902 3793 edocti;
2937 3727 3032 3784 sed
3061 3736 3120 3783 ut
3147 3729 3215 3784 de
3241 3731 3403 3788 nobis
3436 3732 3507 3788 sit
3541 3734 3677 3788 illud

2096 3813 2153 3866 in
2180 3813 2516 3868 conscientia
2544 3822 2723 3870 vestra
2746 3815 3118 3883 manifestum,
3143 3835 3341 3890 cupere
3361 3836 3464 3878 nos
3497 3821 3678 3893 Spiri-

2098 3912 2191 3958 tus
2218 3906 2392 3959 sancti
2423 3906 2565 3960 dona
2599 3909 3006 3964 communicare
3035 3911 3338 3966 vobiscum.

2169 3995 2442 4068 Imprimis
2468 3999 2652 4069 itaque
2681 4000 2843 4056 crede
2873 4002 3008 4057 nihil
3049 4018 3153 4059 nec
3195 4003 3251 4059 in
3279 4005 3492 4062 caeteris
3529 4005 3679 4061 Scri-

2096 4095 2270 4158 pturae
2317 4089 2476 4154 locis,
2516 4105 2617 4145 nec
2646 4091 2702 4146 in
2733 4107 2799 4146 eo
2831 4091 2899 4148 de
2940 4109 3049 4164 quo
3083 4097 3244 4152 modo
3280 4099 3678 4169 agimus,.ulla

2098 4181 2201 4236 sibi
2230 4181 2462 4236 invicem
2490 4198 2613 4238 esse
2640 4182 2938 4254 Scriptura:
2963 4187 3125 4242 verba
3155 4192 3450 4258 contraria,
3480 4200 3678 4248 tamet-

2099 4275 2146 4328 si
2178 4273 2246 4328 iis
2269 4274 2538 4328 duntaxat
2571 4277 2664 4346 qui
2695 4277 2777 4331 vel
2822 4293 2956 4333 sana
2996 4279 3100 4334 ﬁde
3132 4283 3344 4351 praediti
3377 4299 3488 4339 non
3518 4293 3673 4350 sunt,

2096 4361 2183 4416 vel
2217 4361 2589 4418 imbecillioris
2622 4364 2824 4435 ingenii
2853 4375 3002 4435 sunt,
3035 4384 3338 4442 repugnare
3363 4374 3674 4442 videantur;

2098 4452 2293 4508 deinde
2315 4454 2522 4509 nullum
2557 4457 2612 4509 in
2643 4456 2848 4513 mundo
2881 4461 3190 4532 exemplum
3231 4466 3456 4535 reperiri
3489 4483 3676 4538 posse,

418 4532 534 4602 φῶς
562 4533 914 4603 παραστῆσαι
937 4531 1031 4586 τοῦ
1059 4531 1397 4600 Μονογενοῦς
1420 4532 1521 4603 τὴν
1550 4531 1728 4601 φύσιν.
1761 4533 1871 4585 Καὶ
1908 4532 1995 4586 διὰ

2104 4544 2250 4613 quod
2291 4545 2359 4598 ad
2397 4546 2897 4616 repraesentandam
2951 4531 3229 4622 Unigeniti
3279 4531 3530 4611 naturam
3581 4531 3680 4630 per

415 4625 573 4678 τοῦτο
601 4626 634 4696 ή
674 4624 864 4697 Γραφὴ
910 4623 1133 4687 πολλαῖς
1176 4622 1444 4684 ἐπινοίαις
1472 4623 1600 4693 περὶ
1631 4620 1726 4674 τοῦ
1756 4623 1998 4690 Μονογε-

417 4715 542 4779 νοῦς
572 4717 667 4770 καὶ
698 4715 1037 4786 ἐπωνυμίαις
1072 4715 1360 4785 κέχρηται,
1390 4713 1444 4766 εί
1485 4731 1601 4778 πως
1642 4714 2001 4786 δυνηθείημεν

417 4808 504 4861 διὰ
528 4810 635 4861 τῶν
671 4808 794 4862 καθ’
816 4810 966 4879 ἡμᾶς
997 4808 1056 4861 τὸ
1085 4807 1226 4879 ὑπὲρ
1251 4809 1395 4877 ὑμᾶς
1418 4808 1767 4870 καταλαϐεῖν,
1799 4812 1891 4864 καὶ
1913 4812 2000 4866 διὰ

417 4899 527 4953 τῶν
587 4900 1006 4970 γινωσκομένων
1059 4899 1431 4970 φαντασθῆναι
1487 4899 1558 4952 τὰ
1623 4902 1995 4972 ἀγνοούμενα,

420 4991 602 5064 ἡρέμα
633 4993 725 5046 καὶ
769 4990 912 5045 κατά
945 4993 1138 5062 μικρὸν
1168 4991 1276 5044 ἀπὸ
1319 4989 1428 5044 τῶν
1474 4992 1722 5064 φανερῶν
1756 4994 1892 5065 πρὸς
1930 4995 2000 5049 τὰ

424 5086 776 5156 κεκρυμμένα
807 5085 1282 5157 προϐιϐαζόμενοι.
1327 5085 1478 5138 Ἐπεὶ
1520 5085 1701 5139 τοίνυν
1731 5085 1839 5139 ἔδει
1871 5089 1997 5148 τοὺς

423 5177 774 5242 πιστεύοντας
793 5179 812 5208 ²
835 5179 914 5241 εὶς
942 5179 1198 5250 Χριστὸν,
1229 5177 1305 5241 ὡς
1331 5177 1517 5248 ὅμοιός
1539 5177 1686 5230 ἐστιν
1711 5179 1739 5230 ὁ
1771 5178 1896 5242 Υἱὸς
1919 5179 1998 5247 τῷ

423 5272 618 5343 Πατρὶ,
646 5271 741 5325 ἆτε
778 5271 842 5342 δὴ
877 5270 1038 5324 εἰκὼν
1073 5271 1332 5342 ὑπάρχων
1359 5270 1454 5323 τοῦ
1493 5273 1584 5323 ἐπὶ
1608 5272 1824 5326 πάντων
1849 5272 1878 5323 ὁ
1909 5271 2000 5325 διὰ

422 5364 660 5425 πάντων,
703 5362 769 5416 δι’
799 5356 860 5416 οὗ
896 5361 964 5414 τὰ
999 5361 1178 5415 πάντα
1214 5359 1698 5434 δεδημιούργηται,
1741 5362 1810 5416 τά
1840 5379 1899 5414 τε
1939 5364 1997 5414 ἐν

420 5458 529 5518 τοῖς
563 5457 830 5527 οὐρανοῖς,
861 5453 956 5508 καὶ
983 5453 1050 5506 τά
1079 5453 1171 5506 ἐπὶ
1204 5453 1331 5522 γῆς·
1359 5453 1523 5506 εἰκὼν
1555 5453 1610 5506 δὲ
1637 5455 1735 5524 οὑχ
1757 5453 1832 5517 ὡς
1862 5453 1998 5523 ἄψυ-

421 5564 515 5617 χον
542 5547 818 5619 ἐμψύχου,
852 5545 961 5599 οὐδ’
987 5545 1063 5608 ὡς
1097 5545 1345 5615 ἐνέργεια
1370 5544 1583 5615 τέχνης,
1623 5544 1732 5597 οὐδ’
1762 5545 1838 5609 ὡς
1861 5545 1997 5598 ἀπο-

420 5641 659 5711 τέλεσμα
688 5639 966 5712 ἐνεργείας
984 5679 1000 5706 ,
1036 5637 1172 5692 ἀλλά
1199 5638 1443 5708 γέννημα
1472 5636 1566 5689 τοῦ
1599 5639 1954 5707 γεννήσαντος
1979 5652 1992 5664 ·

2108 4648 2229 4688 sese
2251 4632 2503 4688 sulliciat.
2543 4634 2718 4701 Quam
2742 4636 2814 4691 ob
2832 4652 3057 4695 causam
3083 4639 3365 4713 Scriptura
3392 4646 3594 4704 multas
3611 4649 3678 4703 ad

2107 4725 2161 4779 id
2194 4729 2530 4796 excogitatas
2567 4729 2812 4786 rationes
2850 4739 2905 4785 et
2943 4733 3337 4802 appellationes
3366 4752 3680 4799 accommo-

2105 4816 2219 4880 dat,
2257 4819 2304 4872 si
2336 4832 2445 4888 quo
2480 4817 2715 4875 fortasse
2745 4821 2909 4875 modo
2938 4838 3004 4877 ex
3037 4824 3122 4880 his
3159 4842 3281 4896 quae.
3310 4828 3470 4884 nobis
3522 4829 3681 4887 fami-

2104 4907 2261 4961 liaria
2295 4919 2425 4963 sunt
2468 4917 2522 4963 et
2552 4910 2791 4980 cognita,
2821 4927 2944 4981 quae.
2970 4921 3192 4984 captum
3234 4925 3482 4973 nostrum
3515 4935 3679 4992 supc-

2105 5007 2229 5052 rant
2255 5000 2718 5068 comprehendere
2751 5003 3048 5072 possimus,
3081 5017 3135 5061 et
3155 5023 3219 5063 ex
3247 5011 3484 5080 cognitis
3528 5013 3672 5083 igno-

2105 5097 2283 5144 tarum
2311 5107 2492 5146 rerum
2525 5091 2822 5150 informare
2853 5098 3123 5165 notitiam,
3171 5115 3199 5153 a
3233 5104 3537 5172 perspicuis
3575 5107 3680 5163 illis

2107 5182 2434 5253 pedetentim
2469 5183 2536 5238 ad
2571 5199 2771 5240 arcana
2825 5190 3150 5260 occultaque
3203 5195 3471 5262 perducti.
3525 5197 3680 5264 Quod

2108 5272 2275 5343 igitur
2298 5289 2393 5330 cos
2423 5277 2514 5344 qui
2541 5277 2594 5330 in
2616 5276 2898 5350 Christum
2934 5283 3241 5348 crederent,
3273 5286 3496 5344 credere
3517 5304 3681 5359 opor-

2107 5365 2254 5419 tebat
2287 5365 2520 5421 similem
2549 5383 2672 5424 esse
2697 5368 2875 5428 Patris
2903 5371 3125 5440 Filium,
3157 5383 3343 5446 utpote
3365 5393 3490 5434 cum
3512 5380 3680 5448 illius,

2105 5455 2198 5525 qui
2249 5471 2414 5526 supra
2447 5460 2630 5514 omnia
2678 5470 2782 5524 est,
2831 5463 3011 5534 imago
3049 5467 3122 5521 sit
3167 5467 3257 5523 ille
3305 5470 3397 5542 qui
3433 5475 3680 5541 pervadit

2105 5549 2307 5613 omnia,
2330 5556 2384 5604 et
2405 5565 2436 5603 a
2464 5566 2574 5620 quo
2599 5553 2861 5621 producta
2893 5563 3021 5610 sunt
3049 5557 3218 5628 880
3253 5561 3459 5624 omnia,
3484 5569 3593 5615 tam
3624 5563 3679 5616 in

2106 5639 2266 5704 coelo,
2298 5656 2460 5712 quam
2511 5643 2568 5696 in
2608 5651 2792 5700 terra:
2823 5645 3003 5717 imago
3049 5663 3216 5717 porro
3257 5650 3526 5719 ejusmodi
3570 5669 3678 5707 non

498 5824 513 5854 ι
557 5820 715 5880 Deest
745 5821 912 5878 altera
938 5819 1170 5894 negatio.
1252 5821 1271 5852 ²
1313 5819 1466 5875 Addo
1495 5818 1790 5876 πιστεύειν.
1870 5821 1889 5852 ³
1930 5820 1995 5876 Cc

2099 5839 2143 5876 s.
2201 5839 2238 5889 ι,
2271 5822 2356 5878 16.
2432 5825 2454 5854 ⁸
2492 5823 2789 5895 Prov.vm,
2817 5826 2908 5881 Ἡ.
2989 5829 3010 5858 ³
3050 5826 3095 5881 ll
3124 5826 3253 5886 Cor.
3295 5846 3374 5896 Ill,
3410 5830 3464 5886 6.
