4134 6386
325 366 350 389 ⁸
433 356 540 415 465

1855 356 1912 411 S.
1956 353 2297 409 EPIPHANII

3597 347 3704 404 484

433 475 613 546 qualis
643 482 728 529 est
755 476 980 531 animati
1014 475 1185 546 ﬁgura
1215 473 1267 530 id
1293 474 1439 544 quod
1463 475 1656 529 anima:
1683 485 1767 531 est
1794 491 2010 544 expers;

2117 475 2212 526 καὶ
2257 474 2339 527 ὅτι
2387 472 2448 525 οὐ
2489 471 2647 542 θέμις
2696 469 2813 524 ἐστὶ
2845 470 2944 540 τῆς
2991 466 3310 538 σωματικῆς
3352 465 3702 538 ἀνθρωπίνης

437 581 610 636 neque
637 568 784 621 velut
809 569 945 621 artis
975 566 1210 629 effectio,
1254 579 1348 621 aut
1381 567 1686 622 etlectionis
1714 582 1874 637 Opus.
1915 565 2010 622 sed

434 667 692 728 tanquam
723 660 986 729 genitoris
1039 659 1092 713 id
1128 659 1275 728 quod
1323 660 1564 729 genitum
1617 667 1720 715 est.
1756 658 2003 728 Cumque

435 757 691 819 praeterea
725 751 877 806 nefas
909 752 976 808 sit
1013 751 1079 805 ad
1108 749 1382 822 Unigeniti
1429 750 1861 822 generationem,
1890 764 2012 819 qum

434 842 648 898 saeculis
691 843 948 898 omnibus
990 843 1139 912 prior
1171 851 1276 907 est,
1330 859 1606 914 corporeae
1659 851 1713 898 et
1763 843 2012 898 humanae

431 931 802 1000 generationis
836 934 1086 1003 proprias
1134 941 1294 988 notas
1331 933 1786 1002 conditioneSque
1829 940 2012 988 trans-

433 1022 610 1087 l‘erre;
660 1038 725 1078 ac
769 1023 1007 1094 denique
1035 1038 1160 1086 cum
1195 1024 1261 1078 ad
1303 1024 1582 1094 sapientia:
1629 1024 1775 1080 illius
1828 1039 2012 1079 exem-

430 1116 603 1184 plum,
627 1131 750 1186 qua:
781 1115 1050 1171 humanas
1091 1117 1455 1186 cogitationes
1487 1117 1890 1186 complectitur,
1937 1116 2010 1169 ita

428 1204 550 1261 Filii
588 1207 658 1262 sit
701 1207 967 1279 exigenda
998 1209 1299 1279 generatio,
1332 1216 1390 1263 ut
1424 1224 1520 1279 per
1569 1225 1692 1263 sese
1739 1209 2008 1264 subsistat

428 1298 786 1354 nihilominus
827 1308 881 1354 et
925 1301 1158 1356 exsistat
1181 1320 1192 1354 :
1217 1301 1340 1356 ideo
1375 1301 1641 1355 ambabus
1675 1301 1782 1356 illis
1809 1301 2009 1355 dictio-

428 1393 610 1457 nibus,
662 1393 959 1448 creationis
1021 1409 1086 1448 ac
1158 1394 1550 1465 generationis,
1596 1395 1673 1449 uti
1725 1393 2011 1466 Scriptura

426 1485 627 1552 voluit;
662 1501 786 1540 cum
817 1487 1014 1541 creavit
1039 1487 1266 1557 perinde
1289 1487 1450 1551 dixit,
1481 1502 1544 1541 ac
1573 1488 1752 1558 genuit
1779 1503 1926 1542 :non
1952 1494 2013 1542 ut

425 1577 615 1632 eadem
647 1576 714 1632 de
746 1593 804 1632 re
838 1577 1003 1633 simul
1031 1579 1308 1632 contraria
1347 1578 1454 1632 dici
1477 1579 1786 1642 videantur,
1824 1580 1918 1634 sed
1951 1587 2012 1634 ut

426 1685 523 1738 per
551 1667 770 1723 creandi
806 1670 1159 1733 vocabulum,
1201 1669 1596 1726 subsistentem
1643 1686 1708 1725 ac
1755 1671 2006 1727 stabilem

427 1759 652 1814 unicum
689 1775 814 1816 esse
852 1759 944 1815 Dei
976 1759 1204 1826 Filium;
1239 1776 1336 1830 per
1371 1763 1602 1816 alterum
1638 1777 1784 1827 vero,
1808 1763 2006 1832 genuit,

427 1853 690 1907 eximium
740 1868 806 1909 ac
846 1854 1123 1924 peculiare
1149 1854 1409 1923 quiddam
1450 1854 1650 1910 habere
1692 1864 2042 1911 monstraret.
2080 1855 2211 1928 Ego,
2250 1859 2446 1928 inquit,
2478 1859 2615 1913 exivi
2646 1875 2680 1912 a
2711 1855 2897 1920 Patre,
2928 1866 2976 1908 et
3008 1854 3199 1920 vado‘,

2115 569 2423 635 γεννήσεως
2445 564 2545 634 τήν
2573 561 2668 616 τοῦ
2695 559 3034 630 Μονογενοῦς
3063 561 3316 629 γέννησιν
3346 557 3445 628 τὴν
3469 557 3575 630 πρὸ
3595 559 3702 609 τῶν

2115 656 2325 709 αἰώνων
2368 654 2903 728 χαρακτηρίζεσθαι·
2948 655 2969 684 ⁹
2995 654 3088 706 καὶ
3133 652 3209 718 ὡς
3246 650 3389 705 κατά
3421 649 3482 703 τὸ
3521 651 3702 721 παρά-

2113 747 2312 816 δειγμα
2352 746 2452 816 τῆς
2483 746 2676 816 σοφίας
2703 747 2803 816 τῆς
2830 743 3182 816 πριεκτικῆς
3211 741 3320 795 τῶν
3349 741 3704 812 ἀνθρωπίνων

2115 839 2522 910 ἐνθυμημάτων
2570 837 2661 891 τοῦ
2694 838 2946 908 Πατρὺς,
2988 836 3047 889 οὐ
3089 835 3195 906 μὴν
3239 832 3608 896 ἀνυπόστατός
3644 848 3702 886 τε

2115 930 2210 984 καὶ
2242 930 2615 1000 ἀνύπαρκτος,
2650 930 2941 1002 ἑκατέραις
2967 929 3089 991 ταῖς
3123 925 3334 992 λέξεσιν
3360 926 3632 997 ἐχρήσατο
3667 926 3699 994 ἡ

2115 1023 2330 1095 Γραφὴ,
2355 1023 2457 1093 τῆς
2483 1040 2543 1075 τε
2574 1023 2828 1088 κτίσεως,
2857 1021 2947 1076 καὶ
2973 1023 3040 1092 τῇ
3067 1021 3167 1090 τῆς
3197 1019 3524 1087 γεννήσεως,
3549 1019 3616 1086 τῇ
3644 1032 3702 1067 τε

2113 1117 2228 1178 τοῦ,
2257 1116 2478 1181 ἔκτισε,
2505 1115 2602 1170 καὶ
2630 1115 2748 1178 τοῦ,
2773 1114 3123 1184 ἐγέννησεν,
3151 1112 3246 1181 οὐχ
3273 1111 3360 1162 ἵνα
3388 1110 3458 1162 τὰ
3486 1106 3703 1160 ἐναντία

2113 1210 2244 1281 δοκῇ
2296 1210 2389 1263 καὶ
2433 1210 2573 1263 κατὰ
2612 1209 2673 1262 τὸ
2713 1208 2844 1261 αὐτὸ
2893 1206 3022 1277 περὶ
3056 1204 3162 1259 τῶν
3201 1201 3378 1256 αὐτῶν
3413 1200 3700 1268 λέγεσθαι,

2113 1301 2228 1355 ἀλλ’
2262 1302 2348 1354 ἵνα
2378 1301 2468 1355 διά
2505 1301 2605 1372 μὲν
2633 1299 2750 1362 τοῦ,
2782 1300 3010 1362 ἔκτισε,
3042 1297 3104 1350 τὸ
3127 1293 3494 1350 ένυπὸστατόν
3521 1309 3582 1349 τε
3610 1293 3704 1345 καὶ

2116 1395 2365 1465 μόνιμον,
2415 1393 2503 1446 διὰ
2544 1393 2601 1446 δὲ
2643 1391 2772 1455 τοῦ,
2823 1391 3155 1461 ἐγέννησε,
3204 1387 3264 1439 τὸ
3297 1385 3576 1457 ἐξαίρετον
3607 1383 3700 1436 τοῦ

2111 1487 2456 1556 Μονογενοῦς
2493 1488 2588 1540 καὶ
2623 1483 2824 1550 ἰδιάζον
2854 1485 3114 1556 παριστᾷ.
3169 1483 3339 1553 Ἐγὼ,
3385 1481 3584 1552 φησιν,
3631 1479 3700 1532 ἐκ

2113 1580 2220 1634 τοῦ
2245 1579 2474 1649 Πατρός
2504 1579 2790 1648 ἐξῆλθον,
2817 1579 2914 1632 καί
2954 1577 3100 1645 ἥκω.
3141 1576 3348 1630 Ἱκανὸν
3373 1573 3430 1627 δέ
3461 1576 3575 1627 ἐστι
3607 1573 3702 1625 καὶ

2113 1674 2173 1727 τὸ
2218 1673 2318 1743 τῆς
2374 1673 2565 1742 σοφίας
2611 1673 2781 1743 ὄνομα
2832 1673 3013 1725 πᾶσαν
3061 1669 3269 1724 ἔννοιαν
3311 1667 3518 1730 πάθους
3569 1667 3704 1720 ἀπο-

2116 1765 2348 1819 κλεῖσαι.

3254 1867 3570 1923 quanquam
3616 1849 3701 1903 vel

425 1947 711 2018 sapientiae
738 1963 937 2003 nomen
968 1949 1146 2019 ipsum
1179 1950 1244 2004 ad
1270 1964 1487 2006 omnem
1517 1951 1791 2020 passionis
1818 1951 2213 2007 excludendam
2243 1954 2558 2026 opinionem
2595 1951 2812 2008 suliicit.

496 2042 714 2099 XXXII.
760 2043 958 2099 Verum
987 2060 1095 2112 quo
1126 2045 1342 2101 tandem
1375 2045 1617 2114 rapimur
1635 2047 1779 2116 ejus,
1813 2046 1908 2117 qui
1935 2047 2008 2100 ita

2182 2049 2306 2103 AB'.
2361 2047 2522 2102 Ἀλλὰ
2569 2049 2663 2102 ποῖ
2707 2043 2988 2116 φερόμεθα
3027 2045 3102 2113 μὴ
3138 2041 3570 2112 μνημονεύοντες
3606 2034 3702 2091 τοῦ

424 2137 669 2206 scripsit,
703 2137 890 2194 obliti:
925 2137 970 2193 0
1000 2138 1230 2194 altitudo
1287 2139 1624 2204 divitiarum,
1661 2139 1938 2208 sapientia
1960 2149 2010 2192 et

432 2228 669 2284 scientia:
697 2227 821 2284 Dei:
859 2246 1018 2299 quam
1060 2232 1606 2300 incomprehensibilia
1648 2242 1768 2286 sunt
1799 2231 2010 2300 judicia

424 2322 558 2389 ejus,
589 2330 638 2375 et
675 2321 1060 2392 investigabiles
1109 2323 1208 2377 vite
1233 2323 1346 2392 ejus
1367 2323 1387 2353 ³
1416 2324 1429 2375 !
1477 2321 1588 2377 Nos
1635 2323 1782 2377 enim
1814 2321 2012 2376 ducto-

425 2428 540 2467 rem
585 2412 846 2470 habemus
887 2415 1133 2469 veritatis
1171 2415 1456 2483 Spiritum,
1492 2431 1651 2486 quem
1671 2415 1830 2470 nobis
1861 2422 2012 2483 post-

425 2519 654 2575 eaquam
689 2505 744 2560 in
778 2506 977 2560 coelum
1016 2509 1283 2574 ascendit,
1328 2507 1557 2578 largitus
1598 2515 1682 2561 est
1714 2506 2007 2560 Dominus:

429 2595 497 2650 Ut
525 2596 794 2653 videamus
828 2615 944 2668 qua:
973 2616 1007 2652 a
1037 2599 1145 2652 Deo
1184 2598 1384 2653 donata
1427 2608 1548 2653 sunt
1581 2599 1749 2654 nobis.
1793 2596 1857 2651 In
1905 2614 2008 2668 quo

426 2697 476 2740 et
510 2687 796 2758 loquimur,
823 2705 927 2742 non
959 2689 1010 2741 in
1033 2688 1229 2743 edoctis
1250 2690 1495 2744 humana:
1517 2688 1790 2756 sapientia:
1819 2687 2007 2755 verbis,

426 2779 514 2836 sed
537 2796 569 2834 a
593 2779 874 2848 disciplina
899 2779 1131 2851 Spiritus
1159 2782 1409 2851 acceptis,
1431 2780 1761 2851 spiritalibus
1791 2782 2012 2850 spirita-

427 2871 504 2928 lia
529 2879 917 2941 comparantes,
935 2874 990 2926 in
1014 2890 1116 2943 quo
1140 2873 1361 2928 colimus
1383 2882 1432 2927 et
1462 2872 1748 2926 adoramus
1767 2873 1786 2902 ³
1807 2890 1820 2926 :
1849 2872 2009 2942 cujus

435 2966 610 3035 gratia
639 2966 933 3036 ignominia
959 2968 1246 3032 allicimur,
1296 2982 1394 3037 per
1421 2981 1582 3037 quem
1615 2967 1889 3036 propheta:
1915 2983 2011 3022 va-

426 3057 634 3113 ticinati
670 3067 822 3125 sunt,
857 3075 886 3112 a
916 3074 1026 3129 quo
1051 3060 1187 3130 justi
1211 3061 1460 3116 homines
1493 3076 1589 3131 per
1616 3060 1760 3115 viam
1789 3058 2007 3114 deducti

426 3157 573 3213 stu,
605 3167 702 3222 per
721 3167 884 3222 quem
911 3153 1276 3208 conciliamur
1303 3151 1466 3207 Filio.
1492 3152 1635 3218 Quid
1661 3153 1856 3207 attinet
1908 3151 2009 3222 igi-

426 3249 514 3299 tur
545 3243 601 3298 in
645 3243 793 3298 illius
828 3252 1079 3298 naturam
1129 3244 1450 3315 inquirere?
1493 3242 1686 3299 Nonne
1731 3243 1875 3314 apud
1910 3257 2008 3297 vos

426 3335 506 3389 uie
528 3341 786 3406 tanquam
818 3337 1097 3407 spiritales
1130 3351 1440 3393 sermonem
1473 3337 1845 3393 instituimus?
1870 3333 2005 3391 Nam

427 3425 496 3480 ad
525 3427 666 3482 alios
698 3428 802 3482 ista
839 3428 1146 3497 pertinent:
1175 3428 1441 3494 Quoniam
1473 3444 1577 3482 non
1601 3444 1884 3495 possumus
1919 3445 2009 3482 va-

427 3517 504 3572 bis
536 3517 678 3588 loqui
708 3528 961 3589 tanquam
989 3519 1340 3588 spiritalibus,
1369 3519 1459 3574 sed
1491 3530 1743 3590 tanquam
1771 3520 2007 3574 carnali-

427 3609 524 3662 bus
547 3609 588 3662 δ.
621 3608 720 3664 Est
755 3610 888 3665 illud
921 3627 1050 3665 vero
1088 3609 1466 3678 metuendum,
1502 3626 1571 3666 ne
1601 3627 1669 3666 ex
1699 3626 1889 3667 earum
1923 3626 2010 3665 re-

429 3717 572 3767 rum,
595 3717 717 3773 quin
741 3704 1133 3773 comprehendi
1156 3713 1457 3776 nequeunt,
1482 3706 1775 3762 ambitioso
1805 3706 2007 3771 studio,

428 3801 481 3848 et
503 3807 715 3858 eorum,
737 3809 860 3864 qua:
881 3794 1195 3865 investigari
1221 3810 1329 3849 non
1356 3802 1606 3865 possunt,
1635 3794 2008 3864 inquisitione,

432 3887 493 3941 in
521 3885 848 3941 altissimam
892 3885 1187 3956 impietatis
1229 3886 1542 3957 voraginem
1581 3885 1907 3942 incidamus.
1943 3884 2011 3938 Et

428 3977 578 4033 dxi:
598 3976 820 4047 Sapiens
848 3994 974 4042 ero;
999 3987 1047 4032 et
1079 3979 1194 4047 ipsa
1220 3978 1426 4047 longius
1454 3995 1487 4031 a
1516 3993 1598 4032 me
1620 3978 1829 4032 recessit
1853 3994 2011 4046 quam

429 4083 582 4135 erat;
622 4079 674 4126 et
727 4071 1050 4125 altissimum
1094 4079 1173 4126 est
1219 4071 1580 4141 profundunt;
1631 4071 1747 4142 quis
1790 4070 2012 4124 inveniet

347 4203 380 4222 μ.
429 4163 564 4218 illud
585 4162 651 4214 "i
692 4161 1096 4217 Meminerimus
1126 4163 1271 4217 enim
1301 4163 1444 4232 ejus,
1474 4163 1568 4233 qui
1597 4162 1702 4217 ista
1728 4160 1865 4216 dixit
1890 4180 1902 4214 :
1929 4159 2014 4214 Ex.

429 4267 581 4325 parte
628 4255 1011 4325 cognoscimus,
1057 4264 1106 4308 et
1135 4269 1200 4308 ex
1235 4265 1386 4324 parte
1423 4254 1810 4325 prophetamus.
1846 4256 2009 4326 881

431 4345 568 4406 Cum
595 4356 772 4400 autem
794 4347 990 4401 uenerit
1041 4347 1178 4416 quod
1217 4350 1502 4417 perlectum
1528 4357 1641 4412 est,
1675 4348 2016 4402 evacuabitur

431 4438 570 4508 quod
615 4453 681 4493 ex
719 4448 869 4507 parte
903 4448 982 4492 est
1007 4439 1049 4493 ⁵.
1085 4435 1146 4492 Si
1175 4439 1292 4509 quis
1327 4439 1528 4493 videtur
1578 4440 1734 4504 scire,
1780 4439 2014 4494 nondum

433 4533 574 4586 novit
620 4530 1063 4600 quemadmodum
1113 4542 1348 4599 oporteat
1395 4532 1594 4587 scire'.
1647 4531 2013 4598 Quamobrem

431 4619 732 4677 verendum
753 4621 913 4676 nobis
935 4629 1038 4684 est,
1067 4635 1136 4675 ne
1160 4622 1289 4675 dum
1313 4621 1382 4676 de
1410 4621 1495 4676 his
1520 4636 1642 4691 qua:
1663 4622 1880 4690 assequi
1903 4637 2013 4676 non

434 4729 749 4784 possumus,
783 4729 893 4783 quo
917 4713 1062 4782 jure,
1098 4727 1315 4784 quaque
1360 4713 1560 4784 injuria
1609 4713 1894 4783 disputare
1928 4727 2016 4768 vo-

436 4808 640 4870 lumus,
678 4823 747 4862 ne
782 4807 850 4862 de
884 4806 968 4861 his
996 4806 1215 4876 quidem
1246 4823 1368 4878 quae
1400 4813 1670 4878 attingere
1699 4822 2016 4879 possumus,

435 4898 750 4968 disputandi
777 4897 1009 4952 facultas
1048 4899 1408 4969 relinquatur.
1446 4898 1578 4953 Nam
1609 4917 1675 4954 ex
1711 4899 1812 4953 [ide
1846 4899 2017 4968 loqui,

436 5006 549 5046 non
578 5006 648 5045 ex
682 4991 766 5046 his
795 5006 916 5060 quae
960 4991 1234 5061 quispiam
1265 4993 1530 5062 loquitur,
1568 4991 1727 5046 [idem
1759 4991 2020 5048 adhibere

435 5083 694 5139 convenit
721 5102 733 5138 :
760 5082 976 5138 Credidi
1014 5085 1173 5146 enim,
1202 5084 1401 5153 inquit,
1437 5095 1648 5154 propter
1686 5084 1824 5155 quod
1858 5095 1908 5140 et
1938 5086 2018 5140 lo-

437 5185 592 5228 cutus
624 5189 740 5228 sum
767 5174 809 5229 ⁸.
841 5173 1024 5240 Quare
1048 5175 1140 5245 qui
1166 5174 1233 5228 de
1259 5175 1478 5244 propria
1506 5177 1854 5245 generatione
1879 5177 2014 5230 certi

437 5265 576 5319 nihil
627 5262 896 5319 aﬂlrmare
943 5279 1260 5334 possumus,
1297 5279 1421 5318 cum
1471 5264 1564 5319 Dei
1611 5268 2017 5335 generationem

439 5358 656 5411 curiose
689 5366 1132 5424 perscrutamur,
1169 5365 1225 5411 et
1266 5357 1554 5412 ambitiose
1604 5358 1878 5427 explicare
1927 5360 2020 5413 illa

439 5447 808 5518 aggredimur,
841 5463 1024 5502 nonne
1057 5450 1360 5502 timendum
1419 5460 1522 5515 est,
1567 5464 1638 5503 ne
1686 5449 1733 5503 is
1771 5450 1865 5518 qui
1910 5466 2019 5504 non

439 5543 748 5612 disciplina:
782 5543 943 5598 modo
974 5543 1238 5615 linguam,
1272 5545 1366 5599 sed
1401 5553 1453 5598 et
1483 5544 1914 5614 opportunitatis
1951 5544 2018 5598 ad

515 5717 530 5749 '
571 5716 727 5776 Joan.
759 5735 866 5781 xw,
897 5720 987 5774 9.8.
1065 5724 1084 5752 ²
1128 5721 1281 5776 tinuit.
1312 5739 1386 5782 ιιι,
1417 5723 1503 5776 55.
1582 5726 1601 5754 ³
1643 5722 1812 5778 lCor.
1851 5740 1908 5785 ιι,
1946 5725 2141 5784 12,15.

443 5786 478 5843 9
504 5802 655 5859 seqq.
733 5791 751 5820 ⁷
792 5789 962 5850 lCor.
999 5807 1115 5857 \‘lll,
1149 5793 1202 5846 2.

2113 2139 2368 2202 εἰπόντος’
2394 2133 2459 2192 Ὦ
2471 2136 2665 2204 βάθος
2681 2137 2949 2189 πλούτου
2963 2133 3062 2187 καί
3077 2135 3300 2207 σοφίας
3314 2131 3411 2186 καὶ
3428 2129 3697 2202 γνώσεως

2115 2229 2296 2293 Θεοῦ,
2343 2232 2425 2295 ὡς
2467 2228 2912 2296 ἀνεξερεύνητα
2949 2225 3021 2280 τὰ
3054 2225 3306 2294 κρίματα
3345 2221 3531 2277 αὐτοῦ
3554 2263 3568 2285 ,
3601 2220 3700 2274 καὶ

2112 2320 2562 2390 ἀνεξιχνίαστοι
2609 2322 2668 2373 al
2719 2319 2846 2373 όδοί
2892 2317 3120 2372 αὑτοῦ]
3151 2318 3385 2386 Ἕχομεν
3416 2314 3524 2386 γὰρ
3552 2313 3697 2367 διδά-

2114 2412 2312 2466 σκαλον
2352 2411 2413 2464 τὸ
2454 2409 2687 2482 Πνεῦμα
2715 2411 2814 2481 τῆς
2866 2409 3160 2480 ἀληθείας,
3205 2408 3234 2460 ὃ
3267 2407 3465 2460 ἔδωκεν
3505 2407 3635 2476 ήμῖν
3673 2407 3701 2457 ὀ

2113 2505 2316 2577 Κύριος
2343 2503 2480 2576 μετά
2505 2503 2604 2574 τὴν
2632 2504 2713 2567 είς
2740 2503 3004 2575 οὐρανοὺς
3030 2499 3459 2570 memorum-«1
3483 2499 3703 2566 ἴδωμεν

2111 2601 2183 2655 τὰ
2223 2601 2344 2655 ὑπὸ
2391 2600 2498 2655 τοῦ
2541 2601 2690 2655 Θεοῦ
2734 2601 3098 2670 χαρισθέντα
3147 2598 3308 2668 ἡμῖν.
3365 2598 3468 2650 Ἐν
3500 2588 3550 2661 ᾧ
3600 2592 3701 2648 καί

2108 2694 2438 2762 λαλοῦμεν,
2479 2696 2591 2748 οὐκ
2630 2694 2700 2747 ἐν
2736 2692 3034 2758 διδακτοῖς
3067 2690 3447 2759 ἀνθρωπίνης
3477 2690 3700 2757 σοφίας

2109 2787 2333 2853 λόγοις,
2357 2786 2493 2840 ἀλλ’
2523 2786 2593 2840 ἐν
2625 2785 2926 2850 διδακτοῖς
2967 2785 3074 2838 τοῦ
3114 2786 3482 2853 Πνεύματος,
3518 2799 3703 2835 areu-

2106 2878 2375 2948 ματικΟῙς
2445 2880 2818 2949 πνευματικὰ
2875 2877 3337 2948 συγνιριίνοντιιῖς⁹
3383 2877 3454 2931 ἐν
3501 2868 3549 2942 ᾧ
3592 2878 3701 2930 λα-

2110 2970 2398 3041 τρεύομεν
2448 2972 2547 3026 καί
2589 2970 3075 3040 προσκυνοῦμεν.
3108 2970 3199 3022 Διὸ
3231 2967 3612 3039 ἀτιμαζόμεθα
3643 2969 3702 3019 ὲν

2108 3055 2154 3131 ᾦ
2181 3063 2455 3134 προφῆται
2486 3064 2918 3136 προεφήτευσαν,
2941 3065 2998 3116 έν
3025 3055 3070 3130 ᾧ
3097 3062 3294 3116 δίκαιοι
3315 3061 3698 3132 ὼδηγήθησαν,

2109 3155 2176 3208 δι’
2195 3148 2255 3208 οὗ
2280 3154 2671 3225 προσαγόμεθα
2699 3153 2777 3225 τῷ
2803 3153 2936 3225 Υίῷ.
2956 3153 3114 3208 Ἀλλὰ
3139 3153 3191 3206 τί
3218 3149 3698 3224 πολυπραγμονοῦ-

2113 3264 2211 3318 μεν
2238 3247 2306 3300 τὰ
2333 3247 2433 3318 τῆς
2469 3246 2719 3316 φύσεως;
2756 3246 2848 3316 Μὴ
2871 3245 2980 3318 γὰρ
3007 3246 3084 3310 ὼς
3113 3247 3421 3319 σαρκικοῖς,
3452 3243 3565 3296 ἀλλ’
3592 3243 3691 3312 οὐχ

2109 3339 2185 3403 ὡς
2210 3342 2601 3412 πνευματικοῖς
2626 3339 3022 3410 διαλεγόμεθας
3064 3339 3180 3392 Ἐπ’
3208 3338 3383 3393 ἀλλων
3410 3338 3520 3408 γὰρ
3552 3337 3698 3408 εἰρη-

2111 3433 2351 3498 ται,⁶’οτι
2386 3434 2458 3488 οὺ
2488 3432 2791 3501 δυνάμεθα
2813 3430 2955 3501 ὑμῖν
2984 3429 3254 3500 λαλῆσαι
3279 3433 3358 3498 ὡς
3386 3446 3704 3500 πνευματο-

2113 3525 2264 3592 κοῖς,
2295 3524 2433 3580 ἀλλ’
2473 3525 2553 3592 ὡς
2589 3523 2921 3592 σαρκικοῖς.
2945 3524 3073 3587 Δέος
3113 3523 3224 3596 γάρ
3253 3525 3372 3578 ἐστι
3406 3525 3604 3595 μήπως
3633 3525 3698 3576 έκ

2111 3619 2213 3688 τῆς
2245 3617 2354 3671 τῶν
2390 3617 2792 3687 ἀκαταλήπτων
2829 3615 3160 3684 φιλονεικίας
3193 3616 3286 3669 καὶ
3320 3615 3418 3685 τῆς
3461 3615 3571 3668 τῶν
3604 3614 3702 3667 ἀν·

2114 3710 2351 3780 εφίκτων
2381 3709 2663 3781 ζητήσεως
2701 3710 2780 3772 είς
2835 3708 2994 3779 βυθὸν
3043 3707 3299 3771 ἀσεϐείας
3343 3707 3696 3777 ἐμπέσωμεν.

2113 3803 2222 3858 Καὶ
2263 3798 2437 3857 εἶπα·
2479 3801 2972 3872 Σοφισθήσομαι·
3016 3799 3114 3854 καί
3157 3799 3311 3867 αὐτὴ
3357 3800 3700 3868 ἐμακρύνθη

2114 3896 2215 3950 ἀπ’
2241 3893 2388 3964 ἐμοῦ
2422 3893 2574 3962 ὑπὲρ
2609 3892 2640 3947 ὃ
2685 3890 2764 3965 ἦν
2784 3911 2798 3924 °
2827 3893 2926 3948 καί
2957 3892 3120 3958 βαθὺ
3152 3891 3345 3957 ,ϐάθος
3365 3907 3377 3921 '
3407 3893 3498 3958 τίς
3527 3891 3702 3960 εὑρή-

2115 4006 2209 4044 σει
2239 3985 2468 4055 αὺτήν;
2512 3985 2992 4058 Μνημονεύσωμεν
3019 3985 3128 4058 γὰρ
3159 3985 3254 4038 τοῦ
3283 3984 3560 4048 εἰπόντος’
3605 3984 3699 4036 Ἐκ

2109 4078 2332 4148 μέρους
2374 4075 2767 4146 γινώσκομεν,
2818 4075 2919 4129 καί
2963 4075 3032 4129 ἐκ
3075 4074 3294 4144 μέρους
3329 4073 3699 4143 προφητεύο-

2111 4183 2246 4235 μενο
2277 4165 2424 4219 ὅταν
2454 4165 2523 4218 δὲ
2562 4165 2708 4234 ἔλθῃ
2751 4166 2816 4219 τὸ
2848 4164 3101 4229 τέλειον,
3132 4165 3265 4217 τότε
3290 4165 3357 4217 τὸ
3387 4165 3453 4216 ἐκ
3478 4163 3702 4234 μέρους

2117 4257 2649 4327 καταργηθήσεται.
2697 4256 2772 4309 Et
2814 4273 2907 4322 τις
2946 4254 3116 4309 δοκεῖ
3156 4254 3494 4325 γινώσκειν,
3537 4254 3702 4307 οὔπω

2115 4350 2268 4420 ἔγνω
2300 4349 2497 4414 καθὼς
2532 4347 2630 4402 δεῖ
2648 4345 2890 4418 γνῶναι.
2928 4348 3040 4401 Καὶ
3073 4348 3162 4401 διὰ
3204 4347 3363 4400 τοῦτο
3393 4347 3513 4410 δέος
3559 4347 3699 4412 ἐστὶ,

2121 4443 2345 4514 μήπως,
2381 4439 2693 4512 βιαζόμενοι
2736 4440 2915 4509 λέγειν
2945 4441 3073 4510 περὶ
3100 4431 3174 4492 ὧν
3207 4439 3268 4493 οὐ
3300 4437 3577 4508 δυνάμεθα
3617 4436 3702 4489 λέ-

2118 4551 2254 4603 γειν,
2283 4533 2480 4606 μηκέτι
2511 4531 2955 4604 συγχωρηθῶμεν
2984 4530 3120 4602 μηδὲ
3147 4531 3275 4602 περὶ
3298 4523 3374 4584 ὧν
3400 4530 3696 4601 δυνάμεθα.

2131 4627 2225 4678 Ἐκ
2265 4626 2502 4688 πίστεως
2525 4623 2632 4697 γὰρ
2659 4625 2742 4677 δεῖ
2764 4623 2967 4690 λαλεῖν,
2993 4625 3094 4676 οὐκ
3126 4625 3190 4676 ὲκ
3217 4623 3327 4676 τῶν
3357 4621 3702 4693 λαλουμένων

2045 4747 2096 4808 D
2122 4717 2418 4808 πιστεύειν.
2463 4717 2831 4772 Ἐπίστευσα
2871 4717 3014 4787 γὰρ,
3065 4717 3228 4787 φησὶ,
3276 4715 3369 4769 διὸ
3400 4715 3698 4784 ἐλάλησα.

2123 4811 2294 4864 Ὅταν
2313 4804 2408 4863 οὖν
2436 4809 2496 4862 τὸ
2524 4809 2623 4880 μὲν
2655 4810 2783 4882 περὶ
2810 4809 2912 4879 τῆς
2939 4809 3147 4872 οἰκείας
3176 4809 3482 4879 γεννήσεως
3515 4808 3590 4879 μὴ
3613 4808 3702 4860 δυ-

2116 4902 2337 4971 νάμενοι
2371 4901 2766 4972 ἀποφαίνεσθαι
2790 4901 3306 4973 περιεργαζώμεθα,
3347 4902 3443 4955 καὶ
3475 4901 3702 4970 φιλονει-

2117 4997 2233 5048 κεῖν
2259 4993 2626 5065 ὲπιχειρῶμεν
2650 4994 2778 5064 περὶ
2805 4994 2904 5064 τῆς
2929 4993 3025 5046 τοῦ
3053 4993 3188 5045 Θεοῦ
3214 4995 3524 5064 γεννήσεως
3545 5010 3560 5025 ’
3589 4993 3702 5058 πῶς

2115 5087 2177 5140 οὐ
2223 5086 2344 5150 δέος
2379 5087 2494 5140 ἐστὶ
2557 5087 2753 5158 μήπως
2807 5087 2836 5138 ὀ
2895 5085 3068 5148 διδοὺς
3125 5085 3187 5138 οὐ
3240 5085 3399 5156 μόνον
3456 5085 3703 5155 γλῶτταν

2117 5178 2386 5243 παιδείας,
2437 5177 2571 5231 ἀλλά
2615 5178 2710 5231 καὶ
2755 5177 2958 5246 γνῶναι
2988 5177 3154 5249 ήνίκα
3191 5178 3274 5231 δεῖ
3316 5179 3493 5232 είπεῖν
3524 5179 3702 5247 λόγον,

2117 5270 2566 5342 καταψηφίσηται
2601 5269 2761 5340 ήμῶν
2792 5270 2892 5341 τῆς
2919 5269 3014 5322 ἐπὶ
3057 5269 3136 5340 τῷ
3164 5268 3343 5338 λέγειν
3377 5271 3703 5340 προπετείας

2117 5364 2216 5437 τὴν
2265 5364 2509 5429 σιωπήν;
2542 5364 2678 5436 ὅπερ
2713 5362 2805 5414 ἐπὶ
2842 5361 3258 5432 τοῦ¹μακαρίου
3295 5361 3568 5432 Ζαχαρίου
3615 5378 3702 5414 πε-

2121 5454 2374 5524 ποίηται,
2429 5453 2516 5517 ὓς,
2566 5453 2756 5523 ἐπειδὴ
2798 5452 2872 5524 μὴ
2911 5453 3201 5505 ἐπίστευσε
3235 5452 3313 5522 τῷ
3347 5451 3702 5521 εὐαγγελισα-

2123 5546 2269 5616 μένῳ
2294 5547 2394 5605 τὴν
2413 5545 2626 5609 γένεσιν
2661 5545 2754 5598 τοῦ
2787 5543 2997 5610 παιδὸς,
3029 5543 3393 5614 ἀνθρωπίνοις
3422 5544 3703 5615 λογισμοῖς

2220 5724 2242 5755 ⁴
2275 5724 2297 5800 _l
2336 5725 2462 5780 Cor.
2499 5743 2581 5787 ιιι,
2621 5729 2668 5781 1.
2750 5730 2770 5762 ⁸
2810 5729 2987 5787 Eccle.
3013 5749 3106 5800 vit,
3137 5732 3228 5788 ει.
3313 5733 3334 5765 ⁸
3374 5727 3392 5783 Ι
3426 5731 3551 5785 (lor.
3588 5747 3702 5799 xm,

1281 5794 1302 5824 ⁸
1341 5793 1484 5850 Ρειιι.
1512 5809 1637 5861 cxv,
1667 5796 1749 5849 l0.
1828 5798 1847 5828 θ
1886 5795 2083 5851 Parum
2115 5797 2400 5866 expeditus
2430 5799 2516 5853 hic
2545 5800 2717 5856 locus.
