4134 6386
415 5358 423 5380 ί

422 407 526 464 465

1056 413 1422 472 ADVERSUS
1460 417 1800 474 IUERESES
1839 420 1963 474 LIB.
2004 421 2087 479 Ill.
2132 421 2295 478 ΤΟΜ.
2331 429 2370 480 l.
2404 425 2746 481 ——H}ERES.
2795 423 3028 480 LXXIII.

3571 422 3680 482 488

420 527 730 597 δοκιμάζων
763 528 862 600 τὴν
888 530 979 583 τοῦ
1005 531 1139 585 Θεοῦ
1167 533 1326 604 χάριν
1355 537 1446 590 καὶ
1469 535 1716 608 δύναμιν,
1743 541 1837 593 καὶ
1872 539 1991 593 δια-

2112 542 2383 596 licendum
2420 543 2708 597 scientiam
2743 542 2982 604 confert,
3029 549 3271 595 nostram
3305 538 3451 593 illam
3493 537 3560 592 ad
3595 537 3678 591 di-

423 620 604 692 πορῶν
631 620 770 692 πρὸς
796 621 1008 687 ἑαυτὸν,
1042 625 1095 676 εί
1119 624 1282 694 φύσιν
1315 626 1424 698 ἔχει
1467 629 1558 682 τὸν
1589 630 1900 701 πρεσϐύτην
1934 633 1999 685 ὲκ

421 712 519 784 τῆς
562 713 968 785 προδεῦηκυίας
1009 717 1534 790 παιδοποιήσασθαι,
1581 723 1634 775 τί
1666 740 1826 794 φησι;
1868 722 2000 791 Πῶς

424 803 723 874 γνώσομαι
768 807 975 874 τοῦτο,
1028 808 1120 862 ὅτι
1145 809 1358 874 Eatur;
1399 812 1546 882 Ἐγὼ
1579 815 1689 884 γάρ
1723 819 1837 884 ειμι
1867 831 2002 885 πρε-

429 895 670 964 ῖϐὐτης,
696 897 796 950 καὶ
822 898 860 965 ἡ
892 899 1045 968 γυνή
1071 919 1191 970 μου
1211 907 1608 974 προϐεϐηκυῖα
1626 909 1696 962 ἐν
1716 909 1844 974 ταῖς
1859 909 2000 978 ἠμέ-

417 1004 553 1056 ραις
592 987 804 1056 αὐτῆς.
842 989 1142 1063 Τοιγαροῦν
1175 994 1372 1048 ὁπότεί
1408 997 1662 1067 ἤκουσεν,
1711 1000 1793 1053 ὅτι
1847 1000 1999 1056 Ἰδοὺ

420 1078 541 1147 ἐστι
569 1078 834 1142 σιωπῶν,
865 1083 962 1135 καὶ
998 1085 1072 1136 οὐ
1113 1083 1450 1156 δυνάμενος
1476 1089 1710 1144 λαλεῖν.
1752 1092 1861 1146 Καὶ
1890 1093 2000 1146 οὐκ

422 1169 731 1238 ἐλάλησεν
760 1172 1047 1237 ἐξελθών,

2105 633 2334 688 cendum
2393 633 2724 702 praecipitem
2789 631 3073 686 audaciam
3137 630 3353 684 silentio
3419 627 3680 682 damnet?

2105 724 2258 791 Quod
2289 725 2446 781 beato
2479 725 2556 780 illi
2589 725 2867 780 Zachariae
2898 723 3144 794 contigit.
3176 721 3282 790 Qui
3319 722 3536 794 quidem
3582 720 3678 774 filii

2106 819 2444 873 nativitatem
2489 819 2764 872 nuntianti
2792 819 2898 874 sibi
2925 819 3116 887 angelo
3147 815 3375 870 minime
3422 813 3676 876 credens,

2104 925 2168 964 ac
2198 911 2292 964 Dei
2324 909 2552 981 gratiam
2595 920 2650 966 et
2694 911 2953 965 virtutem
2984 910 3238 964 humanae
3284 906 3512 961 rationis
3556 920 3676 958 mo-

2105 1002 2303 1056 mentis
2333 1016 2397 1055 ac
2428 1002 2758 1072 ponderibus
2785 1001 3086 1064 aestimans,
3117 1013 3414 1068 secumque
3439 996 3555 1067 ipse
3585 994 3679 1048 du-

2106 1095 2309 1157 bitans,
2343 1095 2540 1166 ecquid
2573 1105 2766 1150 natura
2788 1101 3084 1164 pateretur,
3117 1099 3177 1146 ut
3211 1091 3366 1147 senio
3396 1087 3678 1144 confectus

2109 1200 2174 1239 ex
2213 1202 2321 1241 anu
2349 1187 2551 1241 liberos
2580 1187 2909 1255 susciperet,
2949 1182 3083 1254 quid
3119 1183 3337 1236 demum
3365 1176 3680 1250 eloquitur?

425 1262 726 1329 Quomodo,
760 1263 937 1334 inquit
975 1265 1018 1330 ³,
1052 1267 1167 1337 fore
1192 1269 1298 1322 ista
1345 1274 1700 1341 cognoscam?
1738 1270 1848 1344 Ego
1875 1276 2012 1329 enim
2038 1291 2155 1328 sum
2179 1291 2358 1341 senex,
2381 1287 2428 1332 et
2446 1291 2582 1330 uxor
2604 1293 2719 1331 mea
2745 1275 3000 1344 processit
3040 1275 3095 1328 in
3116 1272 3294 1327 diebus
3344 1272 3476 1325 suis.
3525 1268 3678 1325 Unde

424 1352 610 1407 statim
639 1352 813 1407 audiit
839 1373 851 1409 :
879 1351 1014 1408 Ecce
1049 1353 1153 1410 eris
1191 1367 1370 1414 tacens
1397 1370 1447 1413 et
1477 1376 1579 1415 non
1613 1364 1807 1430 poteris
1847 1363 2011 1434 loqui.
2051 1365 2118 1420 Et
2145 1385 2249 1421 non
2278 1376 2483 1436 poterat
2513 1369 2656 1438 loqui
2683 1384 2800 1420 cum
2830 1373 2961 1420 esset
2987 1381 3248 1436 egressus.

493 1444 614 1499 AP.
655 1447 881 1518 Διόπερ,
926 1447 1156 1516 ἀφέντες
1184 1452 1313 1522 περὶ
1341 1451 1450 1505 τῶν
1477 1453 2005 1526 ἀμφισϐητουμένων

423 1536 748 1606 φιλονεικεῖν
802 1540 897 1593 καὶ
947 1543 1075 1613 περὶ
1112 1541 1220 1596 τῶν
1247 1544 1388 1617 ὑπὲρ
1435 1547 1602 1617 ἡμᾶς,
1635 1546 1944 1619 κρατοῦμεν
1971 1547 2007 1602 ἃ

423 1629 860 1701 παρειλήφαμεν.
898 1632 994 1696 Τίς
1035 1633 1144 1706 γάρ
1181 1628 1332 1689 ἐστιν
1371 1638 1400 1690 6
1429 1637 1644 1708 τολμῶν
1689 1639 2006 1708 ἐπιγνώσει

423 1720 781 1791 φυσιωθῆναι,
813 1719 975 1776 ὁπότε
1011 1725 1174 1789 αὐτὸς
1219 1728 1250 1780 6
1295 1727 1404 1781 τῶν
1435 1729 1831 1799 ἀποκαλύψεων
1875 1748 2006 1783 κατ-

2173 1459 2411 1516 XXXIII.
2450 1459 2582 1527 Qine
2609 1474 2732 1514 cum
2780 1459 2854 1512 ita
2897 1458 3027 1522 sint,
3072 1456 3412 1510 contentiosa
3445 1453 3536 1507 illa
3571 1453 3675 1508 du-

2104 1551 2209 1609 biis
2255 1553 2323 1608 de
2377 1552 2583 1615 rebus,
2638 1565 2758 1620 quae
2815 1559 3032 1618 captum
3089 1555 3338 1602 nostrum
3388 1552 3673 1616 superant,

2063 1707 2071 1715 ,
2102 1644 2429 1700 tractatione
2461 1642 2851 1714 praetermissa,
2885 1640 2952 1695 iis
2982 1653 3103 1710 quae
3130 1654 3159 1691 a
3191 1637 3494 1705 majoribus
3528 1651 3678 1690 acce-

2101 1737 2283 1808 pimus
2323 1734 2669 1790 inhaaremus.
2721 1731 2859 1798 Quis
2896 1737 2980 1785 est
3023 1729 3170 1784 enim
3198 1729 3291 1800 qui
3338 1727 3567 1784 scientia
3596 1727 3678 1796 ja-

421 1809 695 1911 ἀξιωθεὶς,
731 1813 760 1865 ό
786 1814 867 1877 εἰς
913 1814 1143 1886 οὐρανὸν
1189 1817 1371 1889 τρίτον
1403 1819 1752 1890 ἀναληφθεὶς,
1779 1821 1807 1872 6
1837 1819 2003 1873 ἀκού-

2112 1843 2254 1886 ctare
2283 1843 2341 1884 se
2369 1834 2424 1882 et
2450 1825 2774 1882 insolentius
2800 1823 2998 1878 audeat
3039 1821 3254 1884 eilerrc,
3285 1836 3409 1874 cum
3439 1820 3530 1874 ille
3559 1820 3678 1890 ipse

424 1919 523 1966 σας
581 1903 796 1976 ἄρρητα
848 1905 1088 1976 ῥήματα,
1144 1909 1520 1982 ἐσωφρονίσθη
1571 1911 1659 1965 διὰ
1706 1910 1800 1964 τοῦ
1862 1909 2001 1965 κατὰ

421 1994 519 2064 τὴν
549 1993 729 2067 σάρκα
777 1994 1041 2060 σκόλοπος
1073 1996 1149 2068 μὴ
1200 1998 1634 2074 ὑπεραίρεσθαι;
1681 2002 1791 2055 Καὶ
1833 2002 1999 2066 αὐτὸς

421 2087 451 2138 6
481 2085 772 2156 Προφήτης
815 2088 844 2139 6
876 2087 1078 2141 εἰπών·
1126 2089 1512 2157 Ἐπίστευσα,
1553 2091 1646 2146 διὸ
1690 2085 1998 2160 ἐλάλησαέ

435 2175 882 2246 Ἐταπεινώθην,
930 2178 1097 2249 φησὶν
1115 2221 1131 2245 ,
1185 2181 1282 2252 οὐχ
1327 2181 1532 2248 ἁπλῶς,
1560 2183 1696 2238 ἀλλά
1744 2184 1998 2254 σφόδρα.

425 2266 574 2338 Ὄσῳ
603 2267 712 2338 γὰρ
745 2269 810 2323 ἀν
841 2287 923 2334 τις
957 2271 1238 2344 ἐγγυτέρω
1264 2274 1363 2345 τῆς
1399 2274 1653 2342 γνώσεως
1678 2269 1818 2330 εἶναι
1849 2276 2001 2348 δοκῇ,

421 2361 662 2434 τοσούτῳ
692 2363 890 2433 μᾶλλον
911 2364 1113 2433 ὀφείλει
1155 2365 1465 2434 λογίζεσθαι
1523 2366 1659 2438 πρὸς
1700 2368 1892 2422 ἑαυτὸν
1921 2370 2004 2423 ὅτι

424 2453 708 2526 ἅνθρωπός
738 2455 873 2509 ἐστι.
910 2457 1046 2528 Περὶ
1067 2456 1257 2511 τούτου
1273 2457 1436 2512 ἄκουε
1464 2459 1517 2512 τί
1541 2459 1687 2528 λέγει
1709 2475 1721 2490 ·
1761 2460 1909 2531 Ἐγὼ
1937 2459 2007 2515 δὲ

424 2541 564 2600 εἶπα
607 2547 678 2601 ἐν
722 2546 798 2616 τῇ
842 2548 1128 2605 ἐκστάσει
1169 2567 1290 2620 μου
1309 2565 1324 2581 ⁸
1371 2548 1498 2617 Πᾶς
1525 2550 1832 2621 ἄνθρωπος
1858 2553 2007 2622 ψεύ-

424 2653 598 2706 στης.
654 2640 910 2710 Ἔχοντες
958 2635 1052 2695 οὖν
1096 2639 1192 2695 τδν
1219 2641 1537 2696 διδάσκαλον
1579 2643 1680 2715 τῆς
1726 2643 2004 2714 ἀληθείας,

429 2729 630 2801 μηκέτι
663 2729 1028 2803 ἀνθρωπίνοις
1050 2731 1395 2798 διδασκάλοις
1432 2735 1859 2808 προσχρώμεθα,
1891 2736 2006 2789 ἀλλ’

425 2821 770 2886 ἐννοοῦντεςο
832 2823 927 2876 καὶ
993 2823 1132 2895 μήτε
1197 2823 1436 2894 τρόπους
1493 2825 2008 2896 περιεργαζὼμεθα,

430 2913 568 2985 μήτε
601 2912 788 2986 ἕτερόν
832 2931 905 2969 τι.
945 2915 1155 2987 Ὥσπερ
1183 2915 1292 2988 γὰρ
1318 2917 1418 2989 τὴν
1454 2918 1708 2989 γέννησιν
1745 2919 1842 2972 τοῦ
1876 2918 2008 2973 Υίοῦ

426 3006 528 3058 ούκ
557 3005 704 3059 ἔστιν
731 3007 927 3071 εἰπεῖν,
958 3008 1080 3062 οὐδὲ
1106 3009 1196 3062 τὸν
1221 3010 1423 3083 τρόπον
1457 3010 1558 3082 τῆς
1583 3014 1885 3083 γεννήσεως
1912 3010 2009 3064 τοῦ

430 3097 643 3170 ΙΙατρὺς
674 3097 819 3152 ἔστιν
862 3097 1264 3173 ἀποφήνασθαι.
1336 3101 1496 3156 Ἀλλά
1541 3104 1736 3175 ἀρκεῖν
1789 3103 2009 3174 ἡγεῖσθε

2104 1922 2190 1978 cui
2230 1921 2414 1976 divina
2453 1917 2722 1986 patefacta
2764 1926 2928 1982 sunt,
2979 1915 3072 1984 qui
3117 1915 3184 1970 ad
3235 1913 3452 1968 tertium
3506 1925 3678 1982 usque

2102 2015 2300 2070 cmlum
2354 2021 2439 2069 est
2489 2021 2744 2075 evectus,
2813 2009 2906 2080 qui
2960 2007 3168 2063 audivit
3220 2020 3422 2060 arcana
3475 2003 3675 2064 verba.

2103 2118 2227 2158 cum
2251 2103 2360 2167 ille,
2398 2101 2643 2171 inquam,
2674 2098 2860 2153 carnis
2888 2096 3112 2153 stimulo
3141 2094 3417 2148 coercitus
3466 2091 3571 2155 sit,
3608 2101 3679 2144 ne

2105 2210 2165 2253 se
2207 2201 2524 2266 arroganter
2565 2189 2927 2248 extollerct"?
2956 2186 3100 2255 Quin
3145 2185 3414 2254 Propheta
3447 2183 3538 2237 ille
3580 2179 3676 2251 qui

2105 2288 2243 2344 dixit
2266 2276 2279 2342 ὲ
2302 2284 2519 2342 Credidi
2538 2291 2748 2354 propter
2775 2280 2912 2352 quod
2945 2289 2996 2334 et
3034 2278 3239 2332 locutus
3278 2291 3393 2330 sum
3427 2290 3444 2326 :
3481 2273 3676 2328 Humi-

2106 2382 2268 2436 liatus
2303 2395 2442 2442 sum,
2477 2377 2676 2447 inquit.
2706 2389 2816 2430 non
2848 2381 3148 2440 utcunque,
3177 2367 3272 2424 sed
3316 2366 3474 2420 nimis
3495 2364 3535 2419 '.
3582 2363 3676 2418 Et-

2105 2472 2250 2530 enim
2282 2477 2485 2542 quanto
2502 2468 2734 2541 quisque
2765 2466 2831 2520 ad
2864 2463 3150 2520 scientiam
3190 2459 3416 2531 propius
3459 2456 3679 2511 videtur

2107 2561 2385 2626 accedere,
2422 2566 2576 2614 tanto
2603 2555 2775 2628 magis
2796 2563 3048 2624 reputare
3075 2564 3198 2605 eum
3233 2549 3415 2602 animo
3442 2562 3542 2602 suo
3580 2545 3680 2600 de.

2105 2655 2218 2720 bet,
2259 2653 2536 2708 hominem
2584 2664 2644 2705 se
2677 2661 2830 2703 'esse.
2879 2643 2999 2711 Qua
3055 2643 3123 2698 de
3163 2656 3221 2696 re
3261 2639 3387 2694 andi
3417 2637 3548 2708 quid
3588 2636 3681 2691 ille

2108 2748 2253 2803 dicat
2282 2763 2294 2799 :
2324 2741 2436 2814 Ego
2469 2757 2589 2796 vero
2621 2737 2735 2792 dixi
2763 2738 2818 2790 in
2850 2749 3064 2795 excessu
3099 2749 3212 2786 meo
3241 2747 3260 2785 :
3301 2729 3484 2787 Omnis
3527 2729 3680 2782 homo

2109 2831 2339 2888 mendax
2360 2831 2402 2885 °.
2451 2829 2642 2899 Itaque
2699 2841 2825 2881 cum
2879 2827 3266 2894 prmeeptorem
3305 2819 3554 2875 veritatis
3596 2818 3683 2871 ha-

2110 2925 2373 2986 beamus,
2410 2920 2592 2975 nullos
2653 2916 2889 2985 amplius
2942 2915 3214 2968 humanos
3275 2911 3528 2966 doctores
3589 2908 3685 2963 ad-

2107 3017 2437 3088 iungamus,
2469 3011 2566 3066 sed
2600 3008 2744 3079 apud
2773 3022 2874 3062 nos
2907 3005 3010 3077 ipsi
3039 3005 3370 3074 cngitemus;
3413 3017 3476 3056 ac
3511 3015 3687 3070 neque

2112 3110 2420 3165 divinarum
2465 3118 2646 3160 rerum
2691 3101 2882 3156 modos
2911 3107 2966 3154 et
2996 3098 3263 3161 rationes,
3300 3110 3478 3164 neque
3527 3094 3687 3164 quid-

427 3190 566 3260 πρὸς
623 3190 971 3246 διδασκαλίαν
1033 3193 1225 3260 τοῦτο,
1279 3194 1362 3247 ὅτι
1435 3193 1643 3248 Πάντα
1681 3194 1776 3247 δι’
1825 3193 2010 3249 αὑτοῦ

2115 3213 2277 3272 quam
2317 3195 2464 3250 aliud
2492 3194 2767 3250 curiosius
2795 3190 3136 3261 indagemus.
3170 3185 3240 3242 Ut
3269 3185 3412 3240 enim
3443 3181 3566 3237 Filii
3597 3200 3690 3254 ge-

425 3281 683 3352 ὲγένετο,
712 3284 811 3339 καὶ
841 3284 1021 3354 χωρὶς
1050 3285 1239 3340 αὐτοῦ
1280 3284 1518 3358 ἐγένετο
1559 3287 1702 3341 οὐδὲ
1743 3287 1835 3342 ἐν.
1888 3290 2010 3360 Δῲη

426 3375 488 3428 δὲ
517 3375 722 3448 Κύριος
755 3376 897 3430 κατά
940 3376 1033 3430 τὸν
1065 3375 1319 3449 Ἀϐραὰμ
1358 3377 1687 3451 φρονοῦντας
1732 3381 1882 3452 ἡμᾶς
1921 3380 2012 3434 τὸν

431 3467 694 3536 λέγοντα·
745 3469 876 3523 Νῦν
921 3468 1200 3539 ἠρξάμην
1253 3470 1470 3525 λαλεῖν
1514 3469 1595 3536 τῷ
1635 3472 1830 3541 Κυρίῳ
1871 3489 2012 3541 μου.

443 3561 591 3631 Ἐγὼ
621 3561 689 3616 δέ
715 3565 832 3632 εἰμι
861 3563 936 3634 γῆ
971 3563 1072 3616 καὶ
1098 3563 1330 3630 σποδός
1350 3581 1365 3596 ⁸
1401 3565 1495 3620 καὶ
1541 3567 1616 3637 μὴ
1647 3565 2015 3638 ὑπεραιρομέ-

427 3670 552 3718 νους
573 3655 716 3708 κατά
742 3655 840 3718 τὰς
869 3655 1099 3728 κέδρους
1143 3655 1239 3710 τοῦ
1268 3656 1503 3712 Λιϐάνου
1522 3675 1535 3687 ·
1566 3658 1646 3711 ὅτι
1676 3657 1750 3729 μὴ
1781 3659 1838 3710 ἐν
1875 3657 2019 3711 διδα-

430 3748 579 3809 κτοῖς
627 3746 974 3818 ἀνθρωπίνης
1016 3747 1210 3818 σοφίας
1251 3746 1451 3818 λόγοις,
1489 3747 1604 3803 ἀλλ’
1646 3751 1704 3802 ἐν
1749 3749 2015 3813 διδακτοῖς

432 3837 667 3902 πίστεως
698 3841 731 3909 ἠ
778 3839 957 3912 ὁμαλὴ
1001 3840 1097 3895 καὶ
1143 3839 1396 3912 εἰρηνικὴ
1443 3841 1802 3912 κατορθοῦται
1833 3841 2014 3910 σοφία,

434 3932 574 4002 μήτε
603 3931 882 4003 διαπορεῖν
913 3934 1083 4005 ἡμᾶς,
1118 3934 1233 3988 ἀλλ’
1262 3931 1444 3988 ὁτιοῦν
1493 3933 1774 3996 ποιοῦντες
1819 3935 2018 4004 εὐαρε-

435 4023 724 4094 στήσωμεν
750 4023 828 4096 τῷ
861 4025 979 4096 Θεῷ
1008 4025 1101 4079 καὶ
1145 4025 1342 4098 Πατρὶ,
1382 4025 1477 4080 καὶ
1514 4027 1630 4097 μετ’
1659 4025 1824 4080 αὐτοῦ
1849 4027 1892 4090 ¹,
1925 4026 2019 4080 καὶ

436 4115 534 4168 σὺν
561 4115 711 4187 αύτῷ
750 4119 808 4171 ἐν
837 4118 976 4188 ἁγίῳ
1002 4119 1302 4190 Πνεύματι,
1341 4121 1432 4190 νὴ
1463 4118 1611 4184 δόξα,
1632 4119 1694 4172 τὸ
1730 4119 1949 4190 κράτος,
1985 4121 2019 4190 ἠ

433 4209 586 4280 τιμὴ,
623 4212 716 4263 καὶ
754 4211 787 4282 ή
821 4211 1050 4282 δύναμις
1071 4210 1166 4265 νῦν
1189 4211 1284 4266 καὶ
1309 4211 1397 4265 ἀεὶ
1423 4212 1517 4265 καὶ
1557 4212 1638 4275 είς
1661 4211 1788 4274 τοὺς
1820 4209 2023 4274 αἰῶνας

433 4299 544 4354 τῶν
578 4302 809 4358 αἰώνων.
854 4305 1050 4376 Ἀμήν.

2109 3292 2443 3350 nerationem
2467 3286 2741 3357 explicare
2761 3298 2923 3339 nemo
2950 3288 3168 3353 potest:
3207 3279 3280 3332 ita
3307 3284 3362 3330 et
3381 3275 3548 3346 882
3581 3289 3688 3327 mo-

2111 3385 2239 3440 dum
2275 3383 2450 3446 illum,
2499 3393 2609 3449 quo
2638 3377 2796 3431 Pater
2826 3374 3034 3446 genuit,
3068 3383 3331 3426 enarrare
3363 3367 3548 3422 nullus
3578 3381 3671 3434 po-

2113 3486 2238 3534 test.
2265 3474 2468 3530 Verum
2511 3470 2646 3526 illud
2682 3470 2747 3524 ad
2782 3467 3090 3523 doctrinam
3120 3462 3368 3517 sufﬁcere
3396 3463 3643 3528 putatote
3671 3496 3684 3510 .

2117 3567 2313 3624 Omnia
2351 3579 2443 3632 per
2472 3563 2643 3631 ipsum
2674 3561 2816 3632 facta
2847 3566 2992 3623 sunt,
3027 3564 3074 3611 et
3103 3556 3215 3610 sine
3242 3553 3354 3622 ipso
3392 3550 3588 3615 factum
3609 3553 3688 3601 est

2117 3659 2308 3714 nihil".
2341 3655 2560 3712 Utinam
2594 3666 2724 3708 vero
2765 3651 2857 3706 det
2908 3649 3042 3704 illud
3097 3647 3260 3702 nobis
3304 3641 3588 3704 Dominus,
3628 3647 3691 3695 ut

2115 3749 2304 3808 eadem
2352 3761 2459 3818 qua
2514 3744 2862 3800 Abrahamus
2914 3737 3202 3810 prudentia
3253 3731 3507 3806 praediti,
3563 3743 3689 3784 cum

2114 3845 2291 3900 dixit:
2322 3839 2479 3895 Nunc
2510 3838 2637 3906 coepi
2680 3851 2796 3889 cum
2846 3832 3068 3887 Domino
3117 3845 3232 3883 meo
3283 3824 3532 3895 colloqui.
3581 3821 3691 3892 Ego

2115 3952 2232 3991 vero
2274 3949 2392 3989 sum
2445 3939 2585 3984 terra
2623 3935 2673 3982 et
2719 3925 2912 3985 cinis“;
2951 3923 3089 3978 adeo
3148 3929 3206 3975 ut
3247 3931 3357 3973 non
3401 3915 3692 3970 cedrornm

2117 4021 2311 4078 Libani
2347 4019 2523 4074 instar
2560 4015 2919 4078 attollamur;
2956 4025 3022 4066 eo
3065 4008 3211 4080 quod
3266 4020 3376 4061 non
3418 4004 3474 4058 in
3515 4002 3693 4058 doctis

2118 4115 2369 4170 humanae
2410 4107 2689 4179 sapientiae
2738 4104 2916 4160 verbis
2943 4105 2988 4166 ⁸,
3038 4101 3133 4156 sed
3184 4098 3310 4154 ﬁdei
3344 4094 3694 4152 institutione

2117 4205 2390 4279 perceptis
2415 4245 2429 4269 ,
2461 4199 2743 4272 atquabilis
2773 4197 2866 4252 illa
2893 4211 2957 4250 ac
2998 4191 3224 4266 paciﬁca
3253 4188 3518 4261 sapientia
3550 4198 3696 4240 com-

2119 4303 2364 4368 paratur.
2383 4291 2501 4356 Det,
2531 4294 2776 4361 inquam,
2807 4287 2989 4352 nobis,
3021 4293 3080 4340 ut
3107 4296 3450 4355 nequaquam
3477 4279 3696 4334 haesito-

435 4408 809 4449 muszverum
860 4371 1126 4467 quidquid
1179 4394 1400 4453 tandem
1453 4411 1716 4469 agamus,
1778 4397 1888 4452 Deo
1947 4408 2012 4448 ac
2048 4389 2224 4454 Patri,
2261 4394 2314 4442 et
2345 4400 2469 4440 cum
2500 4384 2620 4453 ipso
2643 4380 2805 4448 Filio,
2842 4381 2897 4434 in
2956 4378 3164 4450 Spiritu
3225 4379 3417 4430 sancto
3477 4371 3696 4444 placea-

437 4503 582 4552 mus,
623 4488 711 4541 cui
741 4487 935 4558 gloria,
971 4487 1285 4558 imperium,
1321 4489 1520 4554 honor,
1561 4498 1616 4544 et
1649 4489 1825 4544 virtus
1868 4502 2015 4542 nunc
2044 4491 2099 4541 et
2127 4494 2344 4551 semper
2373 4478 2426 4532 in
2461 4476 2659 4532 saecula
2689 4475 3038 4530 saeculorum.
3073 4471 3266 4526 Amen.

507 4582 872 4654 Πεπλήρωται
910 4585 944 4656 ή
975 4584 1070 4637 τοῦ
1099 4585 1362 4639 Μελετίου
1397 4585 1676 4657 ὁμολογία.

505 4676 628 4729 ΛΔν.
675 4673 862 4741 Ἔδοξε
890 4675 946 4730 δὲ
975 4676 1187 4762 τούτοις
1222 4679 1544 4748 μετενέγκαι
1585 4677 1746 4732 αὐτὸν
1787 4675 1894 4730 ἀπὸ
1925 4675 2023 4746 τῆς

439 4767 706 4837 Ποντικῆς
729 4766 914 4840 χώρας
934 4769 1061 4832 τοὺς
1091 4770 1309 4834 πλείους
1325 4769 1434 4824 τῶν
1476 4768 1791 4840 Ἀρειανῶν,
1809 4771 1909 4822 οὐκ
1934 4767 2026 4820 ἐπὶ

438 4862 635 4933 χαρᾶς,
666 4861 786 4915 οὐδὲ
815 4864 895 4924 εἰς
918 4862 1098 4916 αὐτῶν
1119 4863 1446 4929 ἀνάπαυσιν,
1469 4863 1583 4917 ἀλλ’
1605 4864 1683 4926 είς
1706 4861 2021 4931 ὲπάχθειαν.

456 4952 734 5006 Ἐντεῦθεν
773 4952 983 5007 κινοῦσι
1009 4953 1100 5007 τὸν
1149 4953 1408 5025 βασιλέα,
1457 4954 1550 5007 καὶ
1602 4951 2024 5015 συσκευάζονται

441 5043 533 5099 τὸν
566 5045 754 5116 ἄνδρα,
782 5044 857 5108 ὡς
896 5044 984 5098 διὰ
1030 5045 1090 5099 τὸ
1135 5046 1211 5117 μὴ
1249 5045 1658 5118 ὡμολογηκέναι
1688 5043 1893 5114 κτίσμα
1930 5041 2021 5095 τέ-

441 5138 585 5193 λειον
621 5137 804 5201 αὑτὸν,
833 5137 930 5192 καὶ¹
975 5136 1184 5205 ὲξεοῦσι
1217 5139 1315 5208 τῆς
1359 5137 1526 5192 αὐτοῦ
1574 5136 1862 5207 καθέδρας.
1913 5136 2026 5188 Καὶ

445 5227 660 5299 νύκτωρ
694 5227 1053 5296 φυγαδεύεται
1099 5226 1210 5299 (67)
1258 5229 1288 5280 ὁ
1329 5227 1486 5300 ἀνὴρ,
1533 5225 1637 5292 ἕως
1663 5227 1771 5280 τῶν
1820 5226 2025 5299 χρόνων

521 5392 536 5421 ¹
579 5387 638 5445 F.
679 5388 821 5443 τότε.
880 5389 922 5457 '_
942 5386 1098 5442 Deest
1143 5383 1272 5457 Υίῷ.
1336 5387 1379 5418 ⁸·
1421 5385 1582 5440 Deest
1609 5379 1673 5452 ᾧ.
1750 5382 1948 5457 fine.
1975 5399 2005 5457 _t
2035 5421 2066 5457 ,_
2101 5380 2168 5436 18
2216 5396 2368 5457 seqq.

2051 4587 2104 4646 ι)
2196 4575 2472 4630 Hactenus
2493 4571 2691 4628 Melctii
2718 4568 3013 4625 confessio.

2191 4666 2434 4724 XXXIV.
2475 4664 2740 4719 Caeterum
2785 4661 3061 4731 plerisque
3099 4674 3163 4711 ex
3209 4656 3411 4709 Ariana
3466 4651 3700 4705 factione

2123 4763 2300 4817 visum
2336 4767 2421 4815 est
2452 4759 2597 4814 hunc
2630 4774 2660 4812 e
2682 4756 2909 4812 Pontica
2937 4754 3159 4824 regione
3187 4749 3522 4804 transferre:
3553 4747 3700 4818 quod

2123 4853 2260 4924 ipsis
2308 4860 2492 4907 tamen
2539 4850 2785 4911 minime,
2821 4855 2880 4902 ut
2920 4847 3238 4917 sperabant,
3273 4845 3608 4912 voluptatem
3647 4851 3701 4896 et

2122 4947 2317 5009 otium,
2370 4942 2466 4998 sed
2501 4940 2808 4996 molestiam
2858 4937 3060 4992 attulit.
3107 4937 3275 5007 Igitur
3315 4936 3701 5005 imperatorem

2124 5035 2397 5090 delatione
2446 5047 2545 5088 sua
2578 5034 2634 5087 in
2671 5031 2948 5086 hominem
2980 5034 3362 5084 commovent:
3394 5023 3540 5096 quod
3573 5039 3698 5094 per-

2125 5130 2322 5186 fectam
2366 5138 2672 5185 creaturam
2717 5143 2842 5183 esse
2879 5125 3077 5181 Filium
3124 5122 3367 5194 profiteri
3414 5121 3599 5185 nollet,
3641 5135 3704 5176 ac

2126 5225 2346 5280 tandem
2373 5239 2403 5279 e
2433 5239 2531 5278 sua
2576 5221 2706 5278 sede
2749 5219 3068 5274 deturbant.
3100 5215 3290 5286 Itaque
3325 5221 3489 5268 noctu
3519 5213 3574 5267 in
3609 5227 3703 5267 ex-

2453 5382 2474 5412 ⁵
2514 5376 2556 5433 ll
2604 5377 2728 5433 Cor.
2762 5391 2838 5431 xu
2865 5414 2880 5439 ,
2914 5373 2951 5427 2
2975 5388 3100 5444 sqq.
3173 5372 3195 5403 ⁸
3234 5369 3382 5427 Psal.
3417 5385 3522 5423 ειν
3547 5409 3564 5433 ,
3620 5366 3703 5421 IO.

448 5459 468 5488 ‘
509 5459 640 5514 ibid.
677 5460 764 5512 II.
835 5461 854 5489 "
893 5455 1051 5512 Joan.
1088 5479 1126 5524 ι,
1157 5453 1235 5512 5(
1286 5457 1308 5489 ⁸
1346 5457 1544 5512 Cenes.
1573 5455 1839 5522 xvm,27.
1915 5457 1936 5487 θ
1975 5453 1994 5508 I

2112 5469 2154 5507 r.
2182 5469 2242 5518 ιι,
2274 5453 2329 5507 5.

521 5615 633 5687 (67)
684 5615 793 5672 Καὶ
835 5617 1068 5687 νύκτωρ
1114 5614 1531 5687 φυγαδεύεται.
1585 5611 1679 5668 Bis
1737 5609 2024 5687 Antiochia

451 5681 645 5761 pulsus
675 5699 760 5741 est
782 5681 1075 5761 _Meletius.
1114 5681 1369 5761 'Pri'mum
1412 5701 1442 5738 a
1475 5685 1833 5761 Constantio,
1876 5681 2024 5751 quod

452 5753 716 5827 Arianum
765 5757 960 5827 dogma
1008 5759 1253 5822 minime,
1289 5757 1366 5810 uti
1398 5771 1526 5824 spes
1576 5761 1695 5827 erat
1720 5795 1759 5827 ,_
1785 5753 2021 5827 foveret;

455 5827 583 5886 inde
607 5843 636 5880 a
669 5824 930 5882 Valente:
973 5842 1097 5882 nam
1131 5829 1235 5882 sub
1271 5827 1501 5881 Joviano
1547 5824 1851 5879 Antiochiae
1895 5837 2027 5878 con-

455 5898 645 5955 cilium
672 5898 880 5962 habuit,
919 5898 974 5953 in
1002 5912 1112 5970 quo
1155 5895 1530 5954 Macedoniam
1563 5903 1614 5952 et
1641 5893 1900 5950 Acaciani
1930 5890 2026 5948 Ni-

2132 5624 2338 5664 cienam
2366 5606 2526 5664 fidem
2560 5605 2793 5677 amplexi
2827 5609 2976 5677 sunt,
3009 5603 3268 5677 Socrates
3299 5597 3394 5652 lib.
3419 5592 3706 5677 ni,‘c.._‘21.

2133 5680 2264 5734 Post
2293 5677 2510 5734 Ioviani
2545 5664 2752 5732 obit-um
2789 5691 2817 5728 a
2859 5673 3083 5728 Valente
3118 5671 3415 5739 relegatur,
3466 5673 3526 5720 ut
3558 5664 3707 5739 idem

2133 5751 2229 5805 lib.
2283 5766 2357 5814 tv,
2407 5765 2527 5818 cap.
2568 5749 2641 5818 2.
2692 5745 2991 5818 caeterique
3039 5737 3298 5818 produnt.
3342 5737 3706 5818 Qiramohrem

2131 5818 2300 5891 quod,
2330 5805 2528 5891 scribit
2566 5805 2936 5891 Epiphanius.
2969 5805 3074 5876 ἕως
3108 5810 3298 5865 τούτου
3347 5805 3440 5891 τοῦ
3476 5805 3704 5891 χρόνονιζ

2133 5876 2244 5948 non
2261 5890 2342 5946 sic
2360 5876 2772 5960 intelligendum
2789 5895 2894 5953 est,
2921 5895 2980 5941 ut
3007 5891 3326 5956 perpetuum
3351 5894 3380 5932 a
3398 5876 3710 5932 ConStantii
