4134 6386
321 375 346 399 ⁸
429 366 537 425 465

1851 365 1908 419 S.
1953 361 2293 418 EPIPHANII

3593 354 3700 410 464

429 485 610 556 qualis
639 493 725 539 est
751 485 976 540 animati
1011 485 1181 556 ﬁgura
1210 482 1264 539 id
1289 483 1434 554 quod
1459 483 1653 538 anima
1679 493 1763 540 est
1790 499 2006 553 expers;

2113 484 2208 535 καὶ
2253 482 2335 536 ὅτι
2384 480 2444 533 οὐ
2485 479 2643 550 θέμις
2692 477 2809 532 ἐστὶ
2841 477 2940 549 τῆς
2988 474 3306 546 σωματικῆς
3349 473 3699 545 ἀνθρωπίνης

433 591 606 646 neque
634 577 780 631 velut
806 578 941 631 artis
972 576 1207 638 eﬂ'ectio,
1251 588 1344 630 aut
1377 575 1682 632 eﬂectionis
1711 591 1870 646 opus.
1911 574 2006 630 sed

430 677 689 738 tanquam
720 669 983 739 genitoris
1035 668 1089 722 id
1125 668 1270 738 quod
1319 669 1560 738 genitum
1613 676 1716 724 est.
1752 667 1999 737 Cumque

431 767 688 828 praeterea
722 760 874 815 nefas
905 762 973 816 sit
1009 759 1076 814 ad
1103 759 1378 831 Unigeniti
1425 759 1858 831 generationem,
1887 773 2009 828 quae

431 852 644 908 saeculis
688 853 944 907 omnibus
987 853 1136 922 prior
1167 860 1273 916 est,
1326 868 1603 922 corporeae
1656 860 1709 907 et
1760 852 2009 906 humanae

427 941 799 1010 generationis
832 943 1083 1013 proprias
1130 950 1291 998 notas
1327 943 1783 1011 conditioneSque
1825 949 2008 997 trans-

430 1033 607 1098 ferre;
657 1047 721 1088 ac
767 1033 1004 1104 denique
1032 1048 1157 1095 cum
1192 1034 1258 1088 ad
1300 1033 1579 1104 sapientia:
1626 1033 1772 1089 illius
1825 1048 2009 1088 exem-

428 1125 600 1194 plum,
624 1141 747 1195 quae
778 1125 1047 1180 humanas
1087 1126 1452 1196 cogitationes
1484 1125 1887 1195 complectitur,
1934 1125 2007 1178 ita

426 1215 547 1271 Filii
585 1217 656 1272 sit
698 1217 963 1288 exigenda
995 1218 1296 1288 generatio,
1329 1225 1388 1272 ut
1421 1233 1517 1288 per
1566 1233 1690 1272 sese
1736 1218 2005 1272 subsistat

426 1308 784 1364 nihilominus
825 1317 878 1364 et
923 1310 1155 1365 exsistat
1178 1330 1188 1363 :
1214 1309 1337 1365 ideo
1372 1309 1638 1364 ambabus
1672 1309 1779 1365 illis
1807 1310 2006 1364 dictio-

425 1403 607 1466 nibus,
659 1403 956 1458 creationis
1019 1417 1084 1458 ac
1155 1403 1546 1474 generationis,
1593 1404 1670 1458 uti
1721 1403 2008 1474 Scriptura

423 1495 625 1564 voluit;
659 1510 784 1550 eum
815 1497 1011 1550 creavit
1036 1496 1262 1566 perinde
1287 1497 1447 1560 dixit,
1478 1511 1541 1550 ac
1570 1497 1749 1567 genuit
1775 1511 1792 1548 :
1816 1512 1923 1551 non
1949 1503 2010 1550 ut

423 1587 612 1642 eadem
643 1585 711 1642 de
743 1603 802 1642 re
835 1587 1000 1643 simul
1027 1588 1305 1642 contraria
1345 1587 1452 1642 dici
1475 1588 1784 1651 videantur,
1821 1589 1916 1643 sed
1948 1595 2010 1642 ut

424 1695 520 1748 per
549 1676 767 1734 creandi
804 1679 1156 1742 vocabulum,
1199 1678 1594 1735 subsistentem
1640 1695 1705 1734 ac
1752 1680 2004 1736 stabilem

425 1770 650 1824 unicum
686 1785 812 1825 esse
849 1769 941 1824 Dei
973 1769 1201 1835 Filium;
1236 1785 1334 1840 per
1368 1772 1600 1825 alterum
1636 1785 1782 1836 vero,
1806 1772 2003 1841 genuit,

2111 577 2419 644 γεννήσεως
2442 572 2542 642 τὴν
2569 570 2664 624 τοῦ
2691 567 3030 637 Μονογενοῦς
3059 568 3312 637 γέννησιν
3342 565 3440 635 τὴν
3464 564 3570 636 πρὸ
3591 565 3698 617 τῶν

2111 664 2322 718 αἰώνων
2364 662 2900 736 χαρακτηρίζεσθαιο
2945 663 2966 692 ’
2991 661 3084 714 καὶ
3130 659 3205 726 ὡς
3243 657 3385 712 κατὰ
3417 656 3478 710 τὺ
3517 657 3697 728 παρὰ·

2109 755 2309 826 δειγμα
2348 754 2448 824 τῆς
2479 754 2673 824 σοφίας
2700 755 2799 824 τῆς
2826 751 3178 824 περιεκτικῆς
3207 749 3316 803 τῶν
3346 748 3700 819 ἀνθρωπίνων

2111 847 2518 918 ἐνθυμημάτων
2567 845 2658 899 τοῦ
2691 845 2905 916 Πατρὸς
2929 885 2943 909 ,
2984 844 3044 897 οὐ
3086 842 3192 914 μὴν
3236 839 3605 903 ἀνυπόστατός
3640 855 3698 892 τε

2112 939 2206 992 καὶ
2239 939 2611 1009 ἀνύπαρκτος,
2647 938 2938 1010 ἑκατέραις
2964 937 3086 998 ταῖς
3120 933 3330 999 λέξεσιν
3357 933 3628 1004 ἐχρήσατο
3663 933 3696 1001 ή

2112 1031 2327 1103 Γραφὴ,
2351 1031 2453 1101 τῆς
2479 1048 2540 1083 τε
2570 1031 2825 1097 κτίσεως,
2854 1029 2944 1084 καὶ
2969 1031 3037 1100 τῇ
3064 1029 3164 1098 τῆς
3194 1027 3521 1095 γεννήσεως,
3545 1026 3612 1094 τῇ
3641 1039 3698 1074 τε

2109 1125 2224 1187 τοῦ,
2254 1125 2475 1190 ἔκτισε,
2502 1124 2598 1178 καὶ
2626 1123 2744 1186 τοῦ,
2769 1122 3120 1192 ἐγέννησεν,
3148 1119 3243 1189 οὐχ
3269 1118 3356 1170 ἵνα
3385 1118 3455 1170 τὰ
3483 1113 3700 1168 ἐναντία

2109 1218 2240 1289 δοκῇ
2293 1219 2386 1272 καὶ
2431 1219 2570 1271 κατὰ
2609 1217 2670 1270 τὸ
2709 1216 2841 1269 αὐτὸ
2891 1214 3019 1285 περὶ
3053 1211 3159 1266 τῶν
3198 1209 3375 1263 αὐτῶν
3410 1207 3696 1276 λέγεσθαι,

2111 1309 2225 1364 ἀλλ’
2259 1310 2344 1362 ἵνα
2375 1309 2465 1363 διὰ
2502 1309 2602 1380 μὲν
2631 1307 2747 1370 τοῦ,
2779 1308 3008 1370 ἔκτισε,
3039 1304 3101 1358 τὸ
3124 1301 3491 1358 ὲνυπὸστατόν
3518 1317 3578 1354 τε
3607 1300 3701 1352 καὶ

2113 1403 2362 1474 μόνιμον,
2411 1401 2500 1454 διὰ
2541 1401 2598 1454 δὲ
2640 1399 2768 1463 τοῦ,
2820 1398 3152 1469 ἐγέννησε,
3201 1395 3261 1447 τὸ
3293 1392 3572 1464 ἐξαίρετον
3603 1389 3698 1444 τοῦ

2109 1496 2454 1565 Μονογενοῦς
2490 1497 2585 1548 καὶ
2621 1491 2821 1558 ἰδιάζον
2851 1493 3112 1564 παριστᾷ.
3167 1490 3336 1561 Ἐγὼ,
3382 1489 3581 1558 φησὶν,
3628 1486 3697 1539 ἐκ

2110 1589 2217 1642 τοῦ
2241 1588 2472 1658 Πατρός
2501 1587 2787 1656 ἐξῆλθον.
2814 1587 2912 1640 καί
2951 1585 3098 1653 ἥκω.
3139 1583 3345 1637 Ἱκανὸν
3371 1581 3428 1635 δέ
3458 1583 3572 1634 ἐστι
3604 1579 3700 1632 καὶ

2110 1683 2171 1736 τὸ
2215 1681 2315 1752 τῆς
2371 1681 2562 1750 σοφίας
2609 1681 2779 1751 ὄνομα
2829 1681 3010 1733 πᾶσαν
3058 1677 3266 1731 ἔννοιαν
3309 1675 3516 1737 πάθους
3567 1674 3702 1727 ἀπο-

2113 1773 2346 1828 κλεῖσαι.

424 1863 688 1917 esimium
737 1878 803 1918 ac
845 1863 1121 1934 peculiare
1147 1864 1406 1932 quiddam
1447 1863 1647 1920 habere
1689 1873 2040 1920 monstraret.
2077 1864 2209 1936 Ego,
2247 1867 2443 1937 inquit,
2475 1867 2613 1922 exivi
2644 1883 2678 1920 a
2709 1864 2895 1927 Patre,
2926 1874 2974 1916 et
3006 1862 3197 1926 vado‘,
3251 1875 3567 1931 quanquam
3614 1856 3698 1910 vel

422 1957 708 2029 sapientia:
735 1973 934 2013 nomen
966 1959 1143 2029 ipsum
1176 1959 1241 2014 ad
1267 1974 1484 2014 omnem
1514 1959 1788 2030 passionis
1816 1959 2210 2016 excludendam
2241 1962 2555 2034 opinionem
2592 1958 2810 2016 suﬂieit.

495 2051 712 2109 XXXII.
757 2053 956 2109 Verum
985 2069 1092 2122 quo
1124 2055 1340 2110 tandem
1372 2054 1615 2124 rapimur
1633 2056 1776 2125 ejus,
1811 2055 1906 2126 qui
1933 2055 2005 2108 ita

2180 2057 2304 2111 AB'.
2359 2055 2519 2111 Ἀλλὰ
2567 2057 2661 2110 ποῖ
2705 2051 2986 2124 φερόμεθα
3025 2053 3099 2120 μὴ
3135 2048 3568 2120 μνημονεύοντες
3603 2041 3699 2098 τοῦ

422 2147 666 2216 scripsit.
701 2147 888 2204 obliti:
923 2147 968 2202 0
998 2147 1228 2203 altitudo
1284 2148 1622 2212 divitiarum,
1659 2148 1936 2217 sapientia:
1957 2156 2008 2200 et

431 2238 666 2294 scientia:
695 2237 819 2293 Dei:
856 2256 1016 2309 quam
1058 2241 1604 2309 incomprehensibilia
1645 2251 1766 2295 sunt
1797 2239 2008 2308 judicia

422 2332 556 2399 cjus,
586 2341 636 2384 et
673 2331 1058 2402 investigabiles
1107 2332 1205 2386 uite
1231 2331 1344 2401 ejus
1366 2333 1385 2362 ’
1414 2332 1426 2384 !
1475 2330 1586 2385 Nos
1633 2332 1779 2386 enim
1813 2330 2009 2385 docto-

424 2437 537 2476 rem
583 2422 844 2480 habemus
886 2425 1131 2479 veritatis
1169 2424 1454 2492 Spiritum,
1490 2439 1649 2495 quem
1669 2423 1828 2480 nobis
1859 2431 2010 2492 post-

424 2529 653 2585 euquam
687 2515 742 2569 in
776 2516 975 2570 cmlum
1014 2517 1281 2583 ascendit,
1327 2516 1555 2586 largitus
1595 2524 1680 2569 est
1712 2515 2005 2568 Dominus:

428 2605 496 2660 Ut
523 2607 792 2662 rideamus
826 2625 942 2678 qua:
971 2626 1005 2662 a
1035 2608 1143 2662 Deo
1182 2607 1382 2663 donata
1425 2617 1546 2662 sunt
1579 2608 1748 2664 nobis.
1792 2605 1855 2660 In
1903 2623 2006 2677 quo

424 2707 474 2750 es
508 2697 794 2768 loquimur,
820 2714 924 2753 non
957 2699 1008 2750 in
1032 2697 1227 2752 adactis
1248 2699 1494 2755 humana:
1515 2697 1789 2765 sapientia:
1817 2697 2006 2764 verbis,

424 2788 513 2846 sed
535 2806 568 2844 a
592 2789 872 2858 disciplina
897 2789 1130 2860 Spiritus
1157 2791 1407 2860 acceptis,
1430 2789 1759 2860 spiritalibus
1790 2791 2010 2859 spirita-

425 2881 503 2939 lia
528 2889 916 2950 comparantes,
934 2883 988 2937 in
1013 2899 1114 2952 quo
1139 2883 1359 2938 colimus
1381 2891 1431 2936 et
1461 2881 1746 2935 adoramus
1765 2881 1819 2935 ³;
1847 2881 2008 2950 cujus

433 2976 608 3045 gratia
637 2975 931 3046 ignominia
957 2977 1244 3041 allicimur,
1295 2992 1392 3046 per
1419 2990 1581 3046 quem
1613 2976 1888 3045 prophetae
1914 2991 2009 3031 va-

425 3067 632 3124 ticinati
669 3077 820 3135 sunt,
855 3084 886 3121 a
914 3083 1025 3139 quo
1049 3069 1185 3139 justi
1210 3071 1458 3126 homines
1491 3085 1588 3140 per
1615 3069 1758 3124 viam
1788 3067 2006 3123 deducti

421 3159 572 3224 ’sunt,
604 3177 701 3232 per
720 3177 883 3232 quem
909 3163 1274 3218 conciliamur
1301 3161 1464 3216 Filio.
1491 3161 1634 3228 Quid
1659 3161 1855 3216 attinet
1907 3160 2008 3230 igi-

425 3259 513 3309 tur
543 3253 600 3308 in
644 3253 792 3308 illius
827 3262 1078 3308 naturam
1128 3253 1449 3324 inquirere?
1493 3251 1685 3308 Nonne
1729 3252 1874 3323 apud
1909 3266 2006 3306 vos

425 3345 506 3400 :Iic
527 3351 786 3416 tanquam
817 3347 1096 3417 spiritales
1129 3361 1439 3409 sermonem
1470 3346 1844 3402 instituimus?
1869 3342 2004 3400 Nam

425 3435 494 3490 ad
524 3437 664 3492 alios
697 3438 802 3492 ista
838 3438 1145 3507 pertinent:
1175 3437 1440 3504 Quoniam
1472 3453 1576 3491 non
1600 3453 1883 3503 possumus
1918 3453 2008 3490 vo-

426 3527 503 3582 bis
535 3527 678 3598 loqui
707 3538 960 3599 tanquam
988 3529 1339 3598 spiritalibus,
1368 3528 1458 3583 sed
1489 3538 1743 3598 tanquam
1771 3529 2007 3584 carnali-

427 3619 523 3672 bus
546 3618 588 3672 ⁸.
621 3618 719 3675 Est
754 3620 888 3675 illud
919 3635 1049 3675 vero
1087 3618 1465 3686 metuendum,
1500 3635 1570 3675 ne
1600 3636 1669 3674 ex
1698 3635 1888 3675 earum
1923 3634 2010 3673 re-

429 3728 572 3777 rum,
594 3727 717 3783 quas
740 3713 1133 3783 comprehendi
1155 3721 1456 3784 nequeunt,
1481 3715 1775 3770 ambitioso
1805 3714 2007 3779 studio,

427 3811 481 3857 et
503 3817 714 3867 eorum,
737 3819 859 3874 quae
880 3803 1194 3874 investigari
1220 3819 1329 3858 non
1355 3811 1606 3874 possunt,
1634 3803 2007 3874 inquisitione,

431 3897 493 3951 in
520 3895 847 3951 altissimam
891 3894 1186 3964 impietatis
1228 3895 1542 3966 voraginem
1580 3894 1906 3950 incidamus.
1943 3893 2011 3947 Et

427 3988 577 4043 «ﬁxi:
598 3986 820 4056 Sapiens
847 4003 974 4052 ero;
998 3997 1046 4041 et
1078 3989 1193 4056 ipsa
1219 3987 1425 4056 longius
1453 4003 1486 4040 a
1516 4003 1597 4041 me
1619 3987 1828 4041 recessit
1853 4002 2011 4054 quam

429 4093 582 4145 erat;
621 4089 674 4136 et
726 4080 1049 4134 altissimum
1093 4089 1172 4135 est
1219 4080 1580 4150 profundum;
1631 4080 1747 4150 quis
1789 4079 2013 4147 inveniet

373 4227 380 4232 .
429 4173 564 4228 illud
585 4172 650 4224 '1’
691 4171 1096 4227 Meminerimus
1126 4173 1270 4227 enim
1300 4172 1444 4242 ejus,
1474 4172 1568 4242 qui
1596 4171 1701 4226 ista
1728 4169 1865 4225 dixit
1890 4188 1902 4223 :
1929 4167 2015 4223 Ex.

429 4277 581 4335 parte
628 4265 1010 4335 cognoscimus,
1056 4273 1105 4317 et
1135 4279 1200 4318 ea:
1235 4274 1385 4333 parte
1423 4263 1810 4334 prophetamus.
1846 4265 2009 4335 881

431 4355 568 4416 Cum
594 4365 771 4410 autem
793 4357 988 4410 venerit
1040 4356 1177 4427 quod
1217 4359 1502 4426 perlectum
1528 4366 1606 4412 est
1625 4397 1641 4421 ,
1675 4357 2015 4411 evacuabitur

431 4447 570 4518 quod
615 4463 680 4504 ea:
719 4457 868 4517 parte
903 4458 982 4502 est
1007 4449 1049 4503 °.
1084 4445 1146 4502 Si
1175 4449 1292 4518 quis
1327 4449 1528 4503 videtur
1579 4449 1734 4512 scire,
1780 4448 2014 4503 nondum

433 4542 573 4596 nouit
621 4540 1063 4610 quemadmodum
1113 4551 1348 4609 oporteat
1395 4541 1595 4596 scire'.
1647 4540 2014 4607 Quamobrem

431 4629 732 4686 verendum
753 4630 912 4686 nobis
935 4639 1039 4694 est,
1067 4645 1137 4685 ne
1160 4631 1289 4684 dum
1314 4631 1382 4686 de
1409 4630 1495 4686 his
1521 4645 1642 4701 qua:
1663 4630 1881 4699 assequi
1904 4645 2014 4684 non

434 4739 750 4794 possumus,
783 4738 894 4792 quo
919 4722 1062 4791 jure,
1099 4737 1316 4793 quaque
1360 4722 1561 4793 injuria
1609 4721 1894 4792 disputare
1928 4736 2016 4776 vo-

437 4818 640 4880 lumus,
679 4832 748 4872 ne
783 4817 850 4872 de
885 4815 969 4871 his
997 4815 1215 4886 quidem
1247 4832 1369 4886 quae
1400 4821 1670 4886 attingere
1699 4831 2016 4887 possumus,

435 4908 751 4978 disputandi
777 4906 1010 4962 facultas
1049 4907 1409 4978 relinquatur.
1446 4906 1579 4961 Nam
1610 4925 1676 4961 ex
1711 4907 1813 4962 lide
1847 4907 2018 4977 loqui,

436 5016 548 5056 non
579 5016 648 5056 ex
683 5001 766 5055 his
795 5015 917 5070 qua!
961 5000 1234 5071 quispiam
1266 5001 1530 5070 loquitur,
1569 5000 1728 5054 ﬁdem
1759 4999 2020 5056 adhibere

435 5093 694 5149 convenit
721 5112 734 5148 :
761 5092 976 5148 Credidi
1015 5094 1174 5156 enim,
1203 5093 1401 5162 inquit,
1437 5103 1648 5162 propter
1687 5093 1825 5163 quod
1859 5103 1908 5148 et
1939 5094 2020 5149 lo-

438 5195 592 5239 cutus
625 5200 741 5239 sum
767 5184 810 5239 ⁸.
843 5183 1025 5251 Quare
1049 5184 1141 5254 qui
1167 5183 1234 5236 de
1260 5184 1478 5254 propria
1507 5185 1854 5254 generatione
1881 5186 2014 5238 certi

439 5275 578 5328 nihil
629 5273 897 5330 alilrmare
943 5289 1261 5344 possumus,
1298 5288 1421 5327 cum
1471 5273 1564 5329 Dei
1612 5277 2018 5344 generationem

439 5369 658 5421 curiose
690 5376 1133 5435 perserutamur,
1171 5373 1226 5420 et
1267 5365 1555 5420 ambitiose
1604 5367 1880 5436 explicare
1927 5369 2021 5422 illa

441 5457 809 5527 aggredimur,
843 5473 1025 5512 nonne
1059 5459 1360 5512 timendum
1419 5469 1523 5524 est,
1569 5474 1638 5512 ne
1687 5458 1734 5512 is
1772 5459 1866 5528 qui
1911 5475 2020 5512 non

441 5553 750 5622 disciplinae
783 5554 944 5607 modo
975 5554 1239 5624 linguam,
1273 5555 1368 5608 sed
1401 5561 1455 5608 et
1483 5554 1915 5623 Opportunitatis
1952 5553 2018 5607 ad

517 5727 531 5758 ³
573 5725 728 5786 Joan.
760 5745 867 5792 xw,
899 5730 988 5784 28.
1067 5733 1086 5762 ²
1129 5729 1282 5786 Boni.
1312 5749 1387 5790 xl,
1418 5733 1504 5786 55.
1583 5735 1602 5764 ³
1645 5731 1814 5787 Ιϐιπ.
1851 5749 1909 5794 ιι,
1947 5733 2143 5793 12,15.

2111 2148 2366 2210 εἰπόντος’
2392 2141 2456 2199 Ὦ
2469 2144 2662 2211 βάθος
2679 2145 2947 2197 πλούτου
2961 2141 3060 2194 καὶ
3075 2142 3298 2214 σοφίας
3311 2139 3409 2193 καί
3425 2137 3694 2208 γνώσεως

2113 2237 2294 2302 Θεοῦ,
2341 2241 2422 2304 ὠς
2465 2235 2910 2304 ἁνεξερεύνητα
2947 2233 3019 2288 τὰ
3052 2233 3304 2301 κρίματα
3343 2229 3529 2284 αὐτοῦ
3551 2271 3566 2293 ,
3599 2227 3697 2281 καί

2109 2328 2560 2399 ἀνεξιχνίαστοι
2607 2331 2667 2381 al
2716 2327 2844 2381 ὁδοί
2891 2324 3117 2379 αὐτοῦ]
3148 2325 3384 2394 Ἕχομεν
3414 2321 3522 2394 γὰρ
3549 2320 3694 2374 διδά-

2112 2421 2310 2474 σκαλον
2351 2420 2411 2473 τὸ
2452 2417 2686 2490 Πνεῦμα
2714 2419 2812 2489 τῆς
2865 2416 3117 2487 ἀληθείας
3141 2455 3158 2479 ,
3203 2415 3233 2468 ὃ
3265 2414 3464 2468 ἔδωκεν
3504 2415 3632 2484 ἡμῖν
3671 2415 3699 2464 ὁ

2111 2513 2314 2585 Κύριος
2341 2511 2478 2584 μετὰ
2503 2510 2602 2582 τὴν
2630 2512 2711 2574 είς
2739 2510 3002 2582 οὐρανοὺς
3028 2507 3316 2578 ἀνάληψιν,
3333 2507 3457 2560 Ἵνα
3482 2506 3700 2574 ἴδωμεν

2109 2610 2181 2664 τὰ
2221 2610 2342 2663 ὑπὸ
2388 2609 2496 2664 τοῦ
2539 2609 2688 2663 Θεοῦ
2732 2608 3096 2678 χαρισθέντα
3145 2606 3307 2676 ἡμῖν.
3363 2605 3466 2658 Ἐν
3499 2595 3548 2669 ᾧ
3599 2599 3698 2656 καί

2107 2702 2436 2771 λαλοῦμεν,
2477 2704 2589 2756 οὐκ
2628 2702 2698 2755 ἐν
2735 2699 3033 2766 διδακτοῖς
3065 2697 3446 2766 ἀνθρωπίνης
3475 2697 3698 2764 σοφίας

2108 2795 2331 2862 λόγοις,
2355 2794 2491 2848 ἀλλ’
2521 2794 2592 2847 ὲν
2623 2792 2924 2857 διδακτοῖς
2965 2792 3072 2846 τοῦ
3113 2793 3480 2860 Πνεύματος,
3517 2806 3701 2842 mrsu-

2105 2886 2374 2956 ματικοῖς
2444 2888 2816 2956 πνευματικὰ
2873 2886 3336 2955 συγκρίνοντες’
3381 2884 3452 2938 ἐν
3498 2876 3547 2949 ᾧ
3591 2886 3700 2937 ,ία-

2109 2979 2396 3049 τρεύομεν
2446 2980 2545 3034 καί
2588 2978 3074 3048 προσκυνοῦμεν.
3107 2977 3197 3030 Διὸ
3230 2974 3610 3047 ἀτιμαζόμεθα
3641 2975 3700 3026 ὲν

2106 3064 2152 3139 ᾧ
2179 3071 2453 3142 προφῆται
2485 3072 2917 3144 προεφήτευσαν,
2939 3073 2997 3124 ὲν
3024 3063 3068 3138 ᾧ
3095 3070 3293 3124 δίκαιοι
3313 3068 3696 3140 ὼδηγήθησαν,

2108 3163 2175 3216 δι’
2194 3156 2254 3216 οὗ
2279 3162 2670 3234 προσαγόμεθα
2697 3161 2776 3233 τῷ
2802 3161 2935 3232 Υίῷ.
2955 3161 3113 3215 Ἀλλὰ
3137 3161 3189 3214 τί
3217 3157 3696 3231 πολυπραγμονοῦ-

2112 3272 2210 3326 μεν
2236 3255 2306 3308 τὰ
2331 3255 2432 3326 τῆς
2467 3254 2718 3325 φύσεως;
2754 3255 2846 3324 Μὴ
2869 3253 2978 3326 γὰρ
3006 3254 3083 3317 ὡς
3113 3255 3419 3326 σαρκικοῖς,
3451 3250 3564 3304 ἀλλ’
3591 3251 3689 3320 οὐχ

2107 3348 2184 3412 ὡς
2209 3350 2599 3420 πνευματικοῖς
2625 3347 3021 3418 διαλεγόμεθα;
3063 3347 3179 3400 Ἐπ’
3207 3346 3382 3400 ἄλλων
3409 3345 3518 3416 γὰρ
3550 3344 3695 3415 εῐρη·

2110 3441 2350 3506 ται,”οτι
2385 3443 2457 3496 οὺ
2487 3440 2791 3510 δυνάμεθα
2813 3438 2955 3509 ὑμῖν
2983 3437 3253 3508 λαλῆσαι
3279 3441 3358 3506 ὠς
3385 3454 3701 3508 πνευματιρ

2113 3533 2264 3600 κοῖς,
2294 3533 2432 3588 ἀλλ’
2471 3533 2552 3599 ὠς
2589 3531 2920 3600 σαρκικοῖς.
2944 3532 3073 3595 Δέος
3112 3531 3223 3604 γάρ
3253 3533 3372 3586 ἐστι
3406 3532 3602 3602 μήπως
3631 3532 3696 3583 ἐκ

2111 3627 2213 3698 τῆς
2245 3625 2354 3680 τῶν
2389 3625 2791 3696 ἀκαταλήπτων
2828 3623 3159 3693 φιλονεικίας
3193 3624 3286 3677 καὶ
3319 3623 3418 3694 τῆς
3460 3622 3570 3676 τῶν
3602 3621 3700 3674 ἀν-

2113 3718 2351 3788 εφίκτων
2380 3717 2662 3789 ζητήσεως
2701 3719 2780 3780 εἰς
2834 3716 2994 3788 βυθὸν
3042 3715 3298 3779 ἀσεϐείας
3343 3715 3695 3786 ἐμπέσωμεν.

2113 3811 2221 3866 Καὶ
2263 3806 2436 3865 εἶπεν
2478 3809 2932 3880 Σοφισθήσομαι
2955 3825 2972 3842 ο
3015 3807 3114 3862 καὶ
3157 3807 3310 3875 αὑτὴ
3357 3808 3700 3876 ἐμακρύνθη

2113 3904 2214 3958 ἀπ’
2241 3903 2388 3972 ἐμοῦ
2421 3902 2575 3970 ὑπὲρ
2609 3900 2640 3954 δ
2685 3898 2796 3972 ἦν·
2827 3900 2926 3956 καὶ
2957 3899 3120 3966 βαθὺ
3152 3899 3377 3965 .ϐάθος’
3406 3901 3498 3965 τίς
3525 3898 3701 3967 εὑρή-

2115 4013 2209 4052 σει
2239 3994 2468 4063 αῠτήν;
2513 3994 2992 4066 Μνημονεύσωμεν
3018 3993 3128 4066 γὰρ
3159 3991 3253 4046 τοῦ
3283 3992 3530 4056 εἰπόντος
3548 4007 3559 4019 °
3605 3993 3659 4043 Ἐ
3664 4008 3699 4043 κ

2109 4086 2332 4156 μέρους
2374 4083 2767 4154 γινώσκομεν,
2817 4083 2919 4137 καί
2961 4083 3032 4137 ἐκ
3075 4082 3294 4152 μέρους
3329 4081 3698 4150 προφητεύο-

2111 4191 2245 4244 μεν·
2277 4174 2424 4228 ὅταν
2453 4173 2523 4226 δὲ
2561 4173 2708 4243 ἔλθῃ
2751 4175 2816 4228 τὸ
2847 4172 3101 4238 τέλειον,
3131 4172 3266 4225 τότε
3290 4172 3357 4224 τὸ
3387 4172 3453 4224 ἐκ
3478 4171 3702 4242 μέρους

2117 4265 2650 4335 καταργηθήσεται.
2697 4264 2772 4317 Εἴ
2814 4281 2907 4330 τις
2946 4262 3116 4316 δοκεῖ
3156 4263 3494 4333 γινώσκειν,
3537 4261 3701 4315 οὔπω

2115 4359 2268 4428 ἔγνω
2300 4357 2496 4423 καθὼς
2532 4355 2630 4410 δεῖ
2648 4354 2890 4426 γνῶναι.
2928 4357 3040 4409 Καὶ
3073 4355 3162 4409 διὰ
3204 4354 3363 4408 τοῦτο
3394 4355 3512 4418 δέος
3559 4355 3698 4419 ἐστὶ,

2121 4452 2345 4522 μήπως,
2381 4447 2694 4521 βιαζόμενοι
2737 4447 2916 4517 λέγειν
2945 4449 3073 4518 περὶ
3100 4439 3175 4500 ὧν
3208 4447 3268 4501 οὐ
3301 4445 3576 4516 δυνάμεθα
3616 4444 3702 4496 λέ-

2117 4560 2254 4611 γειν,
2283 4542 2480 4614 μηκέτι
2512 4539 2956 4612 ωγχωρηθῶμεν
2985 4539 3121 4610 μηδὲ
3147 4538 3275 4610 περὶ
3299 4531 3374 4591 ὧν
3400 4537 3696 4609 δυνάμεθα.

2131 4635 2226 4687 Ἐκ
2266 4634 2503 4696 πίστεως
2526 4631 2633 4706 γὰρ
2659 4633 2742 4685 δεῖ
2764 4632 2968 4698 λαλεῖν,
2993 4633 3094 4685 οὐκ
3127 4633 3190 4684 ἐκ
3218 4630 3327 4684 τῶν
3358 4629 3702 4701 λαλουμένων

2046 4755 2096 4816 D
2122 4725 2418 4779 πιστεύειν.
2463 4725 2832 4780 Ἐπίστευσα
2871 4725 3014 4794 γὰρ,
3065 4725 3229 4795 φησι,
3277 4723 3370 4777 διὸ
3401 4723 3698 4790 ἐλάλησα.

2123 4819 2294 4872 Ὅταν
2315 4813 2408 4872 οὖν
2437 4817 2497 4870 τὸ
2524 4817 2623 4888 μὲν
2656 4817 2784 4890 περὶ
2811 4817 2912 4888 τῆς
2940 4817 3148 4880 οἰκείας
3176 4817 3483 4887 γεννήσεως
3515 4815 3590 4886 μὴ
3613 4815 3702 4867 δυ-

2116 4910 2338 4979 νάμενοι
2371 4909 2766 4980 ἀποφαίνεσθαι
2791 4909 3307 4981 περιεργαζώμεθα,
3347 4909 3443 4962 καὶ
3475 4907 3702 4977 φιλονει-

2117 5005 2234 5056 κεῖν
2260 5001 2626 5074 ὲπιχειρῶμεν
2650 5003 2779 5072 περὶ
2806 5001 2905 5072 τῆς
2930 5001 3026 5054 τοῦ
3053 5000 3188 5053 Θεοῦ
3215 5001 3524 5072 γεννήσεως
3546 5016 3560 5032 ⁸
3590 5000 3703 5065 πῶς

2116 5095 2178 5148 οὐ
2224 5094 2344 5158 δέος
2380 5095 2495 5148 ἐστὶ
2558 5095 2753 5165 μήπως
2808 5095 2838 5146 ὁ
2895 5093 3069 5156 διδοὺς
3126 5094 3187 5145 οὐ
3241 5093 3400 5164 μόνον
3457 5093 3704 5162 γλῶτταν

2117 5186 2387 5251 παιδείας,
2437 5185 2572 5240 ἀλλὰ
2616 5187 2710 5239 καὶ
2756 5185 2958 5254 γνῶναι
2989 5185 3154 5256 ήνίκα
3192 5185 3275 5238 δεῖ
3317 5187 3493 5238 εἰπεῖν
3524 5185 3702 5255 λόγον⁹

2118 5279 2567 5351 καταψηφίσηται
2602 5277 2762 5348 ήμῶν
2793 5277 2893 5348 τῆς
2920 5277 3014 5330 ἐπὶ
3057 5275 3138 5348 τῷ
3165 5275 3345 5345 λέγειν
3377 5277 3703 5347 προπετείας

2118 5373 2218 5445 τὴν
2266 5373 2509 5437 σιωπήν;
2543 5372 2679 5444 ὅπερ
2713 5370 2806 5422 ἐπὶ
2843 5369 2964 5422 τοῦ¹
2985 5368 3258 5440 μακαρίου
3296 5369 3568 5439 Ζαχαρίου
3615 5385 3702 5420 πε-

2122 5463 2376 5532 ποίηται,
2431 5462 2518 5525 ὃς,
2567 5461 2757 5531 ἐπειδὴ
2799 5460 2874 5532 μὴ
2913 5461 3202 5513 ἐπίστευσε
3236 5459 3314 5529 τῷ
3347 5458 3703 5528 εὐαγγελισαο

2124 5555 2270 5625 μένῳ
2295 5555 2395 5614 τὴν
2415 5554 2627 5618 γένεσιν
2661 5553 2755 5606 τοῦ
2788 5552 2998 5617 παιδὸς,
3029 5552 3395 5623 ἀνθρωπίνοις
3424 5551 3703 5622 λογισμοῖς

2222 5733 2242 5764 ⁸
2276 5732 2298 5809 _l
2337 5733 2583 5809 Cor._ul,
2623 5737 2670 5790 l.
2751 5738 2772 5770 ³
2811 5737 3108 5809 Eccle.vu,
3139 5739 3230 5796 24.
3315 5741 3336 5772 ⁶
3376 5735 3394 5790 l
3427 5739 3552 5792 (lor.
3589 5753 3703 5806 χιιι,

445 5795 480 5852 9
505 5811 658 5867 seqq.
735 5801 752 5830 ⁷
793 5800 964 5860 Hier.
999 5817 1116 5866 vui,
1151 5803 1203 5856 2.
1281 5804 1302 5834 ⁸
1341 5802 1485 5860 Psal.
1514 5818 1638 5870 cxv,
1669 5805 1750 5858 l0.
1829 5808 1848 5837 ⁹
1887 5804 2084 5860 Parum
2116 5805 2401 5875 expeditus
2432 5807 2517 5861 hic
2546 5795 2718 5865 lucus.
