4134 6386
447 362 552 419 465

1080 361 1447 419 ADVERSUS
1485 362 1826 418 HA'SltESES
1864 362 1988 416 LIB.
2029 361 2112 419 lll.
2156 361 2319 417 TOM.
2356 367 2395 418 I.
2429 361 2770 417 -ΗΕΒΕΞ,
2818 355 3052 414 LXXIII.

3595 349 3703 409 658

445 482 755 551 δοκιμάζων
789 480 887 552 τὴν
913 480 1005 534 τοῦ
1031 478 1165 534 Θεοῦ
1192 481 1352 552 χάριν
1381 483 1472 536 καὶ
1495 482 1742 553 δύναμιν,
1768 484 1863 536 καὶ
1898 482 2016 535 δια·
2049 513 2061 546 λ

2162 481 2410 536 icendum
2447 480 2734 535 scientiam
2768 476 3007 536 confert,
3053 480 3297 526 nostram
3330 467 3476 522 illam
3519 465 3586 519 ad
3620 465 3703 519 di-

448 575 631 646 πορῶν
659 573 797 645 πρὸς
823 573 1034 638 ἑαυτὸν,
1068 574 1121 626 εἰ
1145 573 1309 643 φύσιν
1341 573 1451 645 ἔχει
1494 575 1585 628 τὸν
1615 574 1926 646 πρεσϐύτην
1960 575 2026 626 ἐκ

447 667 547 739 τῆς
590 665 995 738 προϐεϐηκυίας
1037 666 1562 738 παιδοποιήσασθαι,
1608 667 1662 720 τί
1693 683 1854 739 (gnat;
1895 663 2027 733 Πῶς

451 757 751 828 γνώσομαι
797 759 1004 825 τοῦτο,
1057 759 1148 813 ὅτι
1173 759 1386 822 ἔσται;
1427 759 1574 829 Ἐγὼ
1607 759 1718 829 γάρ
1752 763 1865 828 εἰμι
1895 774 2029 828 πρε-

458 850 699 918 ἔσύτης,
725 850 825 903 καὶ
852 849 890 917 ἡ
922 849 1074 920 γυνή
1100 868 1220 919 μου
1239 852 1636 920 προϐεϐηκυῖα
1655 853 1725 906 ὲν
1744 852 1874 917 ταῖς
1887 852 2028 921 ἡμέ-

446 959 584 1012 ραις
622 940 834 1008 αὐτῆς.
873 939 1171 1014 Τοιγαροῦν
1204 943 1402 996 ὀπότε¹
1438 943 1692 1014 ἢκουσεν,
1740 945 1823 997 ὅτι
1877 943 2028 998 Ἰδοὺ

450 1033 572 1101 ἐστι
601 1031 865 1095 σιωπῶν,
896 1033 993 1086 καὶ
1029 1035 1102 1086 οὐ
1143 1032 1480 1104 δυνάμενος
1507 1034 1740 1088 λαλεῖν.
1782 1034 1892 1089 Καὶ
1921 1035 2031 1088 οὐκ

453 1124 763 1191 ἐλάλησεν
792 1123 1080 1188 ἐξελθὼν.

2132 571 2361 627 cendum
2420 569 2751 640 praecipitem
2814 565 3098 620 audaciam
3162 559 3380 615 silentio
3445 553 3705 611 damnet?

2133 664 2285 732 Quod
2315 664 2474 720 beato
2506 663 2583 716 illi
2616 659 2893 714 Zachariae
2925 655 3171 726 contigit.
3202 652 3308 721 Qui
3346 651 3563 724 quidem
3609 647 3704 701 ﬁlii

2133 758 2472 814 nativitatem
2518 753 2792 809 nuntianti
2820 752 2925 807 sibi
2953 751 3144 820 angelo
3175 744 3402 801 minime
3450 741 3703 803 credens,

2133 866 2197 905 ac
2227 851 2320 904 Dei
2353 847 2582 920 gratiam
2624 855 2678 902 et
2723 845 2981 918 virtutem
3012 842 3267 897 humanae
3311 834 3541 890 rationis
3584 847 3705 886 mo-

2135 942 2333 996 mentis
2364 953 2427 994 ac
2457 915 2788 1010 ponderibus
2815 934 3116 996 aestimans,
3147 913 3442 997 secumque
3468 925 3584 996 ipse
3614 921 3708 975 du-

2137 1035 2339 1096 bitans,
2373 1031 2571 1103 ecquid
2603 1041 2796 1086 natura
2819 1035 3114 1098 pateretur,
3147 1030 3207 1078 ut
3241 1021 3395 1078 senio
3425 1015 3708 1073 confectus

2140 1141 2206 1180 ex
2245 1141 2352 1180 anu
2380 1125 2582 1179 liberos
2611 1122 2940 1190 susciperet,
2980 1114 3113 1188 quid
3150 1113 3368 1167 demum
3396 1103 3711 1178 eloquitur?

458 1217 759 1284 Quomodo,
793 1215 970 1285 inquit
1008 1215 1051 1279 ³,
1085 1216 1199 1286 fore
1223 1217 1330 1270 ista
1377 1218 1732 1288 cognoscam?
1771 1213 1880 1286 Ego
1908 1217 2044 1271 enim
2071 1233 2187 1269 sum
2211 1229 2390 1280 senex,
2413 1225 2461 1270 et
2478 1227 2614 1268 uxor
2635 1229 2751 1266 mea
2777 1208 3031 1279 processit
3072 1207 3126 1260 in
3147 1203 3326 1258 diebus
3375 1201 3507 1254 suis.
3555 1195 3710 1252 Unde

457 1306 644 1361 statim
672 1303 847 1360 audiit
872 1323 885 1359 :
913 1302 1048 1358 Ecce
1082 1302 1186 1358 eris
1225 1314 1403 1360 tacens
1429 1315 1480 1360 et
1511 1321 1612 1360 non
1645 1307 1840 1374 poteris
1880 1305 2044 1376 loqui.
2084 1305 2152 1360 Et
2179 1323 2281 1361 non
2311 1315 2516 1375 poterat
2546 1305 2688 1374 loqui
2716 1317 2833 1356 cum
2863 1307 2994 1354 esset
3019 1312 3281 1368 egressus.

527 1398 648 1453 AI".
689 1399 912 1468 Διόπερ,
960 1397 1189 1464 ἀφέντες
1217 1398 1347 1469 περὶ
1374 1397 1484 1450 τῶν
1511 1396 2039 1468 ἀμφισϐητουμένων

456 1491 783 1560 φιλονεικεῖν
837 1491 932 1544 καὶ
982 1491 1110 1562 περὶ
1147 1489 1254 1544 τῶν
1281 1491 1422 1563 ὑπὲρ
1469 1492 1637 1562 ἡμᾶς,
1669 1489 1980 1562 κρατοῦμεν
2006 1488 2043 1542 ὃ.

458 1582 896 1654 παρειλήφαμεν.
933 1581 1029 1646 Τίς
1071 1582 1180 1654 γάρ
1217 1583 1367 1636 ἐστιν
1406 1584 1436 1636 6
1464 1581 1680 1653 τολμῶν
1724 1581 2042 1650 ἐπιγνώσει
2099 1647 2107 1656 ι

459 1673 817 1744 φυσιωθῆναι,
849 1670 1011 1727 ὁπότε
1047 1674 1210 1737 αὐτὸς
1255 1675 1287 1727 6
1331 1673 1440 1728 τῶν
1471 1673 1868 1742 ἀποκαλύψεων
1912 1689 2042 1725 κατ-

2206 1398 2444 1454 XXXIII.
2483 1396 2614 1464 Quae
2642 1409 2766 1449 cum
2813 1393 2887 1446 ita
2930 1391 3060 1454 sint,
3106 1385 3445 1441 contentiosa
3478 1381 3570 1435 illa
3604 1379 3708 1435 du-

2138 1492 2244 1549 biis
2290 1492 2358 1547 de
2411 1490 2617 1552 rebus,
2673 1500 2792 1556 qua:
2849 1491 3066 1551 captum
3122 1485 3372 1533 nostrum
3421 1479 3707 1544 superant,

2139 1583 2464 1638 tractatione
2496 1577 2886 1650 praetermissa,
2919 1573 2987 1627 iis
3017 1585 3138 1642 qua:
3165 1585 3194 1622 a
3226 1565 3529 1634 majoribus
3563 1577 3712 1618 acce-

2138 1677 2320 1748 pimus
2360 1671 2704 1728 inhaeremus.
2757 1665 2894 1733 Quis
2932 1669 3016 1718 est
3058 1661 3206 1716 enim
3233 1658 3326 1730 qui
3373 1654 3603 1713 scientia
3632 1653 3714 1723 ja-

458 1763 732 1829 αξιωθεὶς,
767 1765 797 1817 6
823 1765 904 1828 είς
950 1763 1180 1836 οὐρανὸν
1227 1764 1407 1836 τρίτον
1440 1763 1790 1834 ἀναληφθεὶς,
1816 1764 1844 1815 6
1875 1759 2040 1815 ἀκού-

2162 1782 2292 1825 :tare
2321 1781 2379 1822 se
2407 1772 2460 1819 et
2487 1761 2811 1818 insolentius
2837 1756 3034 1811 audeat
3076 1752 3290 1815 eﬁerre,
3321 1765 3446 1804 cum
3476 1749 3567 1802 ille
3595 1747 3714 1818 ipse

463 1873 562 1920 σας
618 1856 834 1928 ἄρρητα
886 1856 1126 1926 ῥήματα,
1183 1855 1558 1927 ἐσωφρονίσθη
1609 1855 1697 1910 διὰ
1744 1853 1838 1908 τοῦ
1900 1849 2040 1906 κατά

460 1949 558 2018 τὴν
587 1948 768 2020 σάρκα
815 1945 1078 2010 σκόλοπος
1112 1945 1188 2017 μὴ
1238 1945 1673 2020 ὑπεραίρεσθαι;
1719 1945 1830 1999 Καὶ
1872 1944 2038 2007 αὐτὸς

461 2042 491 2093 6
520 2039 811 2110 Προφήτης
855 2039 884 2091 6
915 2037 1118 2091 εἰπών·
1165 2038 1552 2102 Ἐπίστευσα,
1593 2037 1686 2091 διὸ
1730 2025 2038 2103 ἐλάλησαέ

476 2127 922 2198 Ἑταπεινώθην,
970 2129 1171 2200 φησὶν,
1225 2129 1324 2199 οὐχ
1367 2127 1573 2193 ἁπλῶς,
1601 2127 1736 2182 ἀλλὰ
1785 2127 2039 2197 σφόδρα.

465 2221 614 2292 Ὀσῳ
644 2220 752 2291 γὰρ
785 2221 851 2275 ἄν
883 2237 964 2284 τις
997 2221 1279 2293 ἐγγυτέρω
1305 2221 1404 2292 τῆς
1440 2219 1694 2289 γνώσεως
1719 2213 1858 2273 εἶναι
1891 2219 2042 2290 δοκῇ,

463 2314 704 2386 τοσούτῳ
734 2315 932 2386 μᾶλλον
952 2314 1155 2383 ὀφείλει
1196 2311 1507 2382 λογίζεσθαι
1565 2311 1701 2382 πρὸς
1742 2311 1934 2365 ἑαυτὸν
1963 2311 2046 2365 ὅτι

467 2407 750 2480 ἄνθρωπός
780 2407 916 2460 ἐστι.
952 2408 1088 2479 Περὶ
1109 2406 1299 2460 τούτου
1315 2405 1479 2460 ἄκουε
1507 2405 1560 2458 τί
1584 2404 1730 2473 λέγει
1752 2419 1764 2434 ·
1805 2402 1952 2474 Ἐγὼ
1980 2401 2050 2456 δὲ

467 2496 607 2554 εἶπα
650 2501 722 2554 ἐν
765 2498 841 2568 τῇ
885 2498 1172 2554 ἐκστάσει
1213 2515 1334 2568 μου
1353 2512 1367 2527 ·
1415 2494 1542 2563 Πᾶς
1569 2495 1876 2565 ἅνθρωπος
1902 2495 2050 2564 ψεύ-

469 2607 642 2661 στης.
698 2593 955 2662 Ἔχοντες
1001 2585 1095 2644 οὖν
1140 2589 1237 2644 τὸν
1263 2588 1581 2643 διδάσκαλον
1623 2588 1724 2659 τῆς
1771 2585 2049 2656 ἀληθείας,

474 2683 675 2756 μηκέτι
708 2681 1072 2755 ἀνθρωπίνοις
1095 2679 1440 2746 διδασκάλοις
1477 2679 1905 2753 προσχρώμεθα,
1936 2678 2050 2732 ἀλλ’

471 2774 816 2838 ἐννοοῦντες·
877 2773 973 2827 καὶ
1039 2773 1178 2844 μήτε
1242 2771 1482 2842 τρόπους
1539 2767 2054 2843 περιεργαζώμεθα,

477 2868 614 2938 μήτε
647 2865 834 2938 1ἕτερόν
878 2883 952 2920 τι.
991 2865 1202 2936 Ὥσπερ
1229 2863 1338 2936 γὰρ
1365 2864 1464 2936 τὴν
1501 2864 1755 2934 γέννησιν
1792 2862 1888 2916 τοῦ
1922 2859 2054 2915 Υίοῦ

473 2961 576 3012 οὐκ
603 2959 750 3011 ἐστιν
777 2959 976 3022 εἰπεῖν,
1005 2958 1127 3012 οὐδὲ
1154 2957 1244 3012 τὸν
1268 2957 1471 3031 τρόπον
1504 2956 1605 3027 τῆς
1631 2957 1933 3027 γεννήσεως
1960 2952 2056 3006 τοῦ

479 3051 692 3123 Πατρὺς
723 3049 867 3103 ἔστιν
911 3045 1313 3122 ἀποφήνασθαι.
1385 3048 1545 3102 Ἀλλά
1589 3049 1784 3119 ἀρκεῖν
1838 3045 2057 3117 ἡγεῖσθε

2142 1862 2228 1917 cui
2268 1859 2452 1914 divina
2491 1853 2760 1922 patefacta
2801 1859 2966 1915 sunt,
3017 1847 3109 1916 qui
3154 1845 3221 1900 ad
3272 1842 3489 1898 tertium
3543 1853 3715 1909 usque

2141 1955 2339 2010 caelum
2393 1959 2478 2006 est
2527 1956 2783 2009 evectus,
2851 1943 2944 2014 qui
2997 1938 3206 1995 audivit
3257 1949 3459 1990 arcana
3513 1931 3714 1991 verba.

2143 2057 2267 2098 cum
2291 2041 2400 2105 ille,
2438 2039 2683 2108 inquam,
2713 2032 2898 2088 carnis
2927 2027 3151 2086 stimulo
3180 2023 3456 2079 coercitus
3505 2019 3610 2082 sit,
3647 2027 3717 2070 ne

2145 2150 2205 2193 se
2248 2138 2565 2204 arroganter
2605 2122 2966 2184 extolleret“!
2995 2119 3140 2187 Quin
3184 2115 3454 2184 Propheta
3487 2111 3577 2164 ille
3620 2107 3716 2178 qui

2146 2227 2285 2284 dixit
2307 2214 2320 2281 ὲ
2344 2200 2560 2280 C'rodidi
2579 2226 2788 2290 propter
2815 2213 2953 2286 quod
2986 2221 3036 2266 et
3075 2211 3280 2264 locutus
3318 2220 3434 2260 sum
3467 2219 3484 2256 :
3521 2200 3716 2256 Humi-

2149 2322 2310 2377 liatus
2345 2333 2485 2380 sum,
2519 2312 2718 2384 inquit.
2748 2323 2857 2366 non
2889 2315 3190 2372 utcunque,
3218 2297 3312 2355 sed
3357 2294 3515 2350 nimis
3535 2293 3577 2347 '.
3623 2290 3718 2346 Et-

2148 2413 2294 2470 enim
2325 2415 2528 2481 quanto
2545 2404 2776 2477 quisque
2808 2400 2873 2454 ad
2906 2396 3193 2454 scientiam
3233 2389 3458 2462 propius
3500 2383 3720 2439 videtur

2151 2501 2429 2564 accedere,
2465 2473 2620 2552 tanto
2646 2473 2818 2563 magis
2839 2496 3091 2559 reputare
3119 2495 3243 2537 eum
3275 2478 3458 2532 animo
3485 2490 3586 2530 suo
3623 2473 3723 2526 deo

2150 2596 2262 2660 bet,
2303 2563 2581 2648 hominem
2628 2601 2688 2641 se
2721 2597 2874 2638 esse.
2923 2577 3043 2645 Qua
3099 2575 3166 2630 de
3207 2587 3265 2626 re
3305 2568 3432 2624 audi
3461 2565 3592 2637 quid
3633 2563 3724 2618 ille

2153 2688 2298 2743 dicat
2327 2701 2340 2737 :
2370 2679 2481 2752 Ego
2515 2693 2634 2733 vero
2667 2673 2779 2728 dixi
2808 2673 2863 2725 in
2894 2682 3108 2728 excessu
3144 2679 3256 2717 meo
3286 2677 3304 2716 :
3346 2659 3529 2716 Omnis
3572 2657 3725 2709 homo

2155 2771 2385 2828 mendax
2407 2745 2448 2823 ί.
2498 2765 2688 2836 Itaque
2745 2775 2870 2816 cum
2923 2759 3312 2827 prameptorem
3350 2747 3600 2805 veritatis
3641 2745 3729 2798 ha-

2157 2865 2420 2925 beamus,
2457 2835 2638 2913 nullos
2700 2850 2936 2920 amplius
2987 2848 3260 2901 humanos
3322 2841 3574 2896 doctores
3635 2835 3732 2890 ad-

2155 2957 2485 3028 iungamus,
2517 2947 2614 3004 sed
2647 2942 2792 3015 apud
2820 2957 2921 2996 nos
2954 2938 3057 3010 ipsi
3087 2936 3418 3006 cogitemus;
3460 2946 3523 2985 ac
3558 2941 3733 2997 neque

2160 3050 2469 3105 divinarum
2513 3054 2694 3096 rerum
2739 3035 2930 3091 modos
2959 3040 3013 3087 et
3044 3030 3311 3091 rationes,
3349 3038 3526 3094 neque
3575 3021 3734 3092 quid-

476 3144 614 3216 πρδς
672 3142 1020 3197 διδασκαλίαν
1082 3142 1274 3208 τοῦτο,
1329 3141 1412 3194 ὅτι
1484 3139 1692 3194 Πάντα
1730 3137 1824 3191 ,δι’
1875 3135 2059 3190 αὑτοῦ

2163 3153 2327 3212 quam
2367 3132 2514 3189 aliud
2541 3129 2816 3187 curiosius
2844 3124 3186 3194 indagemus.
3219 3117 3289 3173 Ut
3317 3116 3461 3170 enim
3491 3110 3613 3165 Filii
3645 3127 3737 3181 ge-

475 3235 732 3306 ἐγένετο,
761 3236 860 3292 καὶ
892 3235 1071 3306 χωρὶς
1101 3233 1290 3288 αὐτοῦ
1330 3231 1568 3304 ἐγένετο
1609 3231 1752 3286 οὐδὲ
1793 3231 1886 3286 ἐν.
1939 3232 2061 3301 Δῴη

477 3329 538 3383 δὲ
567 3329 772 3401 Κύριος
805 3327 947 3382 κατά
990 3327 1083 3380 τὸν
1115 3325 1370 3397 Ἀϐραὰμ
1409 3323 1738 3397 φρονοῦντας
1783 3323 1932 3395 ἡμᾶς
1971 3321 2064 3375 τὸν

481 3421 745 3490 λέγονταο
797 3421 927 3476 Νῦν
972 3418 1252 3488 ἠρξάμην
1305 3417 1522 3472 λαλεῖν
1566 3414 1646 3481 τῷ
1686 3416 1881 3486 Κυρίῳ
1923 3431 2063 3484 μου.

494 3515 643 3584 Ἐγὼ
673 3514 741 3568 δέ
767 3517 884 3584 εἰμι
1023 3512 1125 3567 καὶ
1151 3511 1382 3578 σποδός
1403 3528 1418 3544 ο
1455 3512 1548 3566 καὶ
1594 3511 1669 3582 μὴ
1701 3507 2068 3582 ὑπεραιρομέ-

479 3625 605 3671 νους
626 3607 769 3661 κατὰ
795 3606 893 3670 τὰς
922 3606 1152 3678 κέδρους
1196 3603 1292 3658 τοῦ
1321 3603 1556 3658 Λιϐάνου
1575 3620 1589 3633 ο
1619 3603 1700 3656 ὅτι
1730 3601 1804 3672 μὴ
1833 3601 1891 3652 ἐν
1928 3599 2072 3652 διδα-

483 3701 632 3762 κτοῖς
680 3697 1028 3769 ἀνθρωπίνης
1069 3696 1264 3766 σοφίας
1305 3694 1506 3764 λόγοις,
1543 3693 1658 3749 ἀλλ’
1701 3696 1758 3747 ἐν
1803 3692 2069 3755 διδακτοῖς

486 3791 786 3861 πίστεωςὴ
832 3789 1011 3862 ὁμαλὴ
1057 3789 1152 3844 καὶ
1198 3786 1451 3860 εἰρηνικὴ
1498 3785 1857 3857 κατορθοῦται
1887 3785 2069 3854 σοφία,

475 3885 628 3956 μήτε
659 3884 938 3954 διαπορεῖν
968 3883 1139 3954 ἡμᾶς,
1174 3882 1289 3935 ἀλλ’
1319 3879 1500 3934 ὁτιοῦν
1549 3877 1830 3940 ποιοῦντες
1874 3878 2073 3946 εὐαρε-

491 3977 780 4046 στήσωμεν
806 3974 884 4046 τῷ
918 3975 1036 4046 Θεῷ
1065 3974 1158 4029 καὶ
1201 3973 1400 4045 Πατρὶ,
1439 3971 1534 4027 καὶ
1571 3972 1687 4042 μετ’
1716 3968 1881 4024 αὐτοῦ
1905 3970 1948 4032 ²,
1981 3967 2075 4022 καὶ

493 4069 591 4122 σὺν
617 4067 768 4139 αὐτῷ
807 4070 865 4122 ὲν
894 4069 1033 4138 ἁγίῳ
1059 4066 1360 4138 Πνεύματι,
1399 4067 1490 4136 ³’ή
1521 4063 1669 4128 δόξα,
1690 4062 1752 4116 τὸ
1788 4062 2006 4133 κράτος,
2041 4062 2076 4131 ἡ

490 4162 645 4234 τιμὴ,
680 4164 774 4216 καὶ
811 4163 846 4233 ἡ
879 4160 1108 4231 δύναμις
1129 4158 1225 4214 νῦν
1248 4158 1343 4214 καὶ
1368 4158 1456 4212 ἀεὶ
1481 4157 1576 4211 καὶ
1617 4157 1697 4220 εἰς
1719 4154 1846 4218 τοὺς
1878 4152 2080 4215 αἰῶνας

492 4253 603 4308 τῶν
637 4254 868 4310 αἰώνων.
913 4255 1109 4326 Ἀμήν.

2158 3232 2493 3291 nerationem
2517 3222 2790 3294 explicare
2811 3231 2973 3273 nemo
3001 3220 3181 3286 potest
3205 3229 3217 3264 :
3256 3209 3330 3263 ita
3357 3214 3412 3260 et
3431 3203 3597 3276 882
3630 3216 3736 3254 mn-

2161 3327 2290 3382 dum
2325 3321 2502 3383 illum,
2550 3329 2660 3386 quo
2688 3313 2845 3366 Pater
2876 3306 3084 3380 genuit,
3119 3313 3382 3358 enarrare
3415 3296 3598 3351 nullus
3627 3308 3720 3362 po-

2164 3425 2289 3474 test.
2316 3413 2520 3469 Verum
2563 3406 2698 3463 illud
2734 3405 2798 3459 ad
2832 3400 3142 3457 doctrinam
3172 3393 3419 3449 suﬁicere
3447 3390 3693 3457 putatote
3721 3423 3735 3437 .

2170 3507 2365 3564 Omnia
2405 3518 2496 3571 per
2525 3500 2694 3568 ipsum
2726 3497 2868 3568 facta
2899 3499 3045 3556 sunt,
3079 3497 3128 3543 et
3156 3487 3267 3542 sine
3294 3485 3406 3552 ipso
3445 3479 3640 3544 factum
3660 3481 3739 3528 ost

2169 3598 2361 3654 nihil’.
2395 3570 2612 3650 Utinam
2647 3602 2777 3644 vero
2817 3586 2910 3641 det
2961 3581 3096 3637 illud
3151 3578 3314 3634 nobis
3357 3570 3641 3632 Dominus,
3681 3573 3743 3621 nt

2169 3689 2358 3748 eadem
2406 3698 2513 3756 qua
2569 3680 2916 3736 Abrahamns
2968 3667 3257 3744 prudentia
3308 3659 3560 3736 praediti,
3617 3671 3743 3711 cum

2169 3784 2346 3840 dixit:
2379 3749 2534 3833 N-unc
2565 3773 2692 3842 ccepi
2735 3785 2851 3824 cum
2901 3765 3123 3821 Domino
3172 3776 3288 3814 meo
3339 3751 3586 3823 colloqui.
3635 3749 3745 3818 Ego

2170 3891 2288 3932 vero
2331 3887 2448 3928 sum
2501 3877 2642 3922 terra
2680 3871 2730 3918 et
2775 3859 2967 3918 cinis“;
3007 3855 3144 3910 adeo
3204 3860 3262 3906 ut
3302 3861 3412 3902 non
3457 3843 3747 3898 cedrorum

2173 3928 2368 4018 bibani
2403 3957 2580 4011 instar
2617 3950 2975 4012 attollamur;
3012 3954 3078 4000 eo
3122 3939 3267 4012 quod
3323 3949 3432 3991 non
3474 3932 3530 3985 in
3571 3928 3749 3984 doctis

2174 4056 2427 4110 humanae
2467 4042 2747 4116 sapientia:
2795 4037 2974 4094 verbis
2999 4037 3044 4099 ’,
3095 4033 3191 4088 sed
3241 4028 3365 4084 ﬁdei
3401 4021 3751 4080 institutione

2175 4144 2448 4219 perceptis
2473 4182 2488 4206 ,
2519 4115 2802 4208 :equabilis
2830 4131 2923 4186 illa
2951 4144 3015 4183 ac
3056 4123 3282 4198 paciﬁca
3311 4115 3576 4190 sapientia
3607 4125 3752 4166 com-

2177 4205 2423 4309 paratur.
2441 4205 2560 4293 Det,
2584 4205 2834 4297 inquam,
2866 4221 3047 4284 nobis,
3078 4225 3139 4272 ut
3166 4224 3508 4286 nequaquam
3535 4205 3754 4261 haesite-

495 4361 868 4402 muszrerum
920 4299 1187 4418 quidquid
1239 4341 1460 4399 tandem
1513 4356 1776 4415 agamus,
1838 4340 1948 4394 Deo
2007 4349 2071 4390 ac
2106 4299 2283 4393 Patri,
2320 4333 2373 4382 et
2405 4337 2528 4378 cum
2559 4321 2679 4390 ipso
2702 4315 2864 4383 Filio,
2901 4315 2956 4368 in
3015 4310 3225 4382 Spiritu
3285 4309 3475 4360 sancto
3536 4299 3754 4372 placea-

497 4456 643 4505 mus,
683 4439 772 4494 cui
802 4437 996 4509 gloria,
1031 4437 1346 4507 imperium,
1383 4435 1582 4499 honor,
1623 4442 1678 4489 et
1711 4433 1886 4487 virtus
1928 4443 2075 4484 nunc
2104 4432 2159 4482 et
2187 4433 2404 4489 semper
2433 4417 2486 4470 in
2521 4412 2720 4470 saecula
2749 4409 3098 4465 saeculorum.
3133 4403 3326 4456 Amen.

568 4535 934 4606 Πεπλήρωται
972 4535 1006 4605 ἡ
1036 4533 1132 4586 τοῦ
1161 4532 1424 4587 Μελετίου
1459 4529 1738 4603 ὁμολογία.

569 4631 690 4683 ΛΔν.
737 4625 924 4692 Ἔδοξε
952 4627 1009 4680 δὲ
1038 4625 1250 4710 τούτοις
1285 4625 1607 4697 μετενέγκαι
1648 4621 1809 4676 αὐτὸν
1851 4617 1957 4673 ἀπὸ
1987 4617 2085 4688 τῆς

501 4721 769 4790 Ποντικῆς
792 4718 977 4791 χώρας
997 4719 1124 4782 τοὺς
1149 4709 1373 4781 πλείους
1389 4715 1498 4770 τῶν
1540 4711 1855 4785 Ἀρειανῶν.
1873 4713 1972 4764 οὐκ
1997 4709 2088 4761 ἐπὶ

501 4816 699 4886 χαρᾶς,
728 4813 850 4867 οὐδὲ
878 4815 959 4874 είς
982 4811 1162 4867 αὐτῶν
1183 4811 1510 4874 ἀνάπαυσιν,
1533 4807 1647 4862 ἀλλ’
1670 4807 1747 4870 είς
1770 4803 2084 4873 ἐπάχθειαν.

520 4905 798 4958 Ἐντεῦθεν
837 4902 1048 4958 κινοῦσι
1073 4903 1165 4956 τὸν
1215 4901 1473 4973 βασιλέα,
1522 4898 1615 4953 καὶ
1667 4892 2088 4957 συσκευάζονται

507 4997 599 5052 τδν
631 4998 820 5069 ἄνδρα,
847 4996 922 5059 ὡς
962 4995 1050 5048 διὰ
1095 4994 1156 5048 τὸ
1202 4994 1277 5066 μὴ
1315 4989 1725 5064 ὡμολογηκέναι
1754 4986 1960 5057 κτίσμα
1996 4982 2087 5036 τέ-

507 5092 652 5145 λειον
687 5090 870 5153 αὑτὸν,
899 5088 996 5142 καὶ
1041 5085 1251 5155 ὲξεοῦσι
1283 5087 1382 5156 τῆς
1427 5083 1592 5139 αὐτοῦ
1640 5080 1929 5150 καθέδρας.
1979 5076 2092 5130 Καὶ

476 5181 728 5280 ’νύκτωρ
761 5177 1120 5248 φυγαδεύεται
1166 5175 1277 5247 (67)
1325 5176 1355 5227 6
1396 5173 1554 5245 ἀνὴρ,
1600 5171 1705 5236 ἕως
1731 5171 1839 5223 τῶν
1887 5167 2092 5242 χρόνων

2112 4527 2164 4586 ι)
2257 4515 2533 4570 Hactenus
2555 4506 2752 4564 Melctii
2779 4501 3074 4560 confessio.

2253 4603 2496 4662 XXXIV.
2537 4601 2802 4656 Caeterum
2848 4594 3123 4665 plerisque
3161 4605 3224 4642 ex
3270 4585 3472 4639 Ariana
3527 4578 3761 4632 factione

2185 4702 2362 4757 visum
2399 4704 2484 4753 est
2515 4696 2660 4750 hunc
2692 4710 2723 4747 e
2744 4691 2970 4746 Pontica
2999 4686 3222 4756 regione
3249 4677 3584 4734 transferre:
3615 4672 3762 4744 quod

2186 4792 2323 4864 ipsis
2371 4798 2556 4844 tamen
2603 4786 2848 4845 minime,
2884 4789 2943 4836 ut
2984 4778 3302 4849 sperabant,
3336 4773 3671 4840 voluptatem
3710 4775 3764 4822 et

2186 4885 2382 4947 otium,
2434 4879 2530 4935 sed
2565 4875 2872 4932 molestiam
2922 4869 3124 4924 attulit.
3170 4867 3340 4936 Igitur
3379 4864 3764 4932 imperatorem

2189 4973 2462 5030 delatione
2511 4983 2609 5026 sua
2643 4969 2699 5022 in
2737 4964 3012 5021 hominem
3044 4962 3390 5014 commovent
3416 4973 3427 5008 :
3459 4949 3605 5024 quod
3637 4963 3763 5020 per—

2192 5069 2388 5125 fectam
2432 5075 2738 5122 creaturam
2783 5076 2907 5117 esse
2943 5056 3143 5113 Filium
3189 5051 3433 5125 proﬁteri
3479 5048 3665 5110 nollet,
3707 5061 3769 5100 ac

2192 5164 2413 5219 tandem
2439 5176 2470 5217 e
2500 5175 2598 5214 sua
2643 5155 2772 5214 sede
2815 5152 3135 5208 deturbant.
3167 5146 3357 5216 Itaque
3391 5147 3555 5196 noctu
3585 5139 3641 5194 iu
3675 5152 3770 5193 ex-

483 5313 489 5334 ⁸
518 5413 536 5422 _
581 5344 610 5422 ,⁸.
747 5341 923 5422 τότε..
949 5339 991 5422 "
1011 5337 1167 5392 Deest
1211 5331 1376 5422 1366..
1405 5334 1454 5422 ’τί
1491 5331 1651 5385 Deest
1678 5323 1742 5396 ᾧ.
1817 5325 2016 5422 :“Lucg.

2162 5319 2437 5422 isnseqq.
2521 5318 2543 5348 δ
2582 5312 2624 5368 ΙΙ
2671 5312 2796 5369 Cor.
2830 5325 2906 5366 xu
2934 5348 2949 5372 ,
2981 5307 3019 5360 2
3043 5319 3168 5375 sqq.
3242 5302 3264 5332 '
3302 5298 3450 5356 Psal.
3486 5312 3588 5350 ειν
3615 5334 3632 5360 ,
3687 5291 3771 5346 10.

517 5413 538 5442 ⁸
578 5390 710 5466 ibid.
745 5390 923 5465 iiI'v
963 5390 1120 5462 Inani.
1157 5428 1195 5473 ι,
1226 5390 1304 5460 5..
1355 5404 1378 5436 ⁸
1416 5403 1615 5458 Genes.
1644 5390 1908 5465 1.9.1527.
1983 5397 2005 5427 ’
2043 5393 2061 5447 I

2162 5408 2223 5446 η’.
2251 5407 2311 5456 ιι,
2343 5390 2398 5445 5.

591 5569 704 5638 (67)
754 5567 864 5624 Καὶ
907 5568 1138 5638 νύκτωρ
1184 5561 1603 5638 φυγαδεύεται.
1655 5556 1749 5638 Bis
1796 5549 2095 5638 Δᾼιιιίοοιιίιι

521 5621 716 5714 pulsus
746 5621 1147 5714 est_Meletiu's.
1184 5621 1440 5714 I’rimuni
1483 5647 1514 5683 a
1547 5629 1903 5714 Constantiq,
1946 5621 2094 5692 quod

525 5695 788 5767 I’lrianum
837 5709 1032 5777 dogma
1079 5706 1324 5777 minime,
1351 5703 1598 5777 utispes
1634 5705 1766 5777 _era_t
1791 5695 2092 5777 ,_i‘overet;

526 5780 655 5841 inde
679 5795 708 5832 a
741 5767 1002 5832 Valente:
1045 5790 1170 5830 nam
1203 5767 1317 5829 sub
1343 5767 1596 5841 Joviano,
1620 5767 1922 5841 Antiochiae
1955 5779 2099 5841 con-

527 5832 718 5908 cilium
746 5849 954 5912 habuit,
992 5848 1046 5903 in
1075 5860 1185 5918 quo
1227 5839 1604 5901 Macedoniam
1635 5847 1686 5896 et
1713 5835 1972 5894 Acaciani
2002 5832 2099 5889 Ni-

2202 5561 2408 5602 caanam
2437 5543 2596 5599 ﬁdem
2631 5538 2863 5612 amplexi
2897 5543 3046 5612 sunt.
3079 5534 3338 5612 Socrates
3368 5525 3464 5612 lib.
3489 5518 3776 5612 riu-c.1211

2616 5589 3154 5667 dbitIi-r‘n-ia—Valente
3187 5601 3486 5672 relegam},
3536 5601 3597 5646 ut
3629 5589 3778 5672 idem

2763 5677 3063 5753 exterique:
3110 5663 3368 5753 produnt.
3413 5663 3777 5746 Quamobrem

2204 5756 2376 5831 quod
2401 5731 2593 5831 scribit
2638 5731 3008 5821 Epiphanius,
3041 5731 3146 5806 Em};
3180 5739 3369 5794 τούτου
3418 5733 3512 5831 tot?
3548 5731 3776 5831 χρόνον.ε

2731 5823 2746 5831 “
2929 5826 2938 5831 -
3033 5825 3044 5831 -
3127 5830 3134 5831 κ
3165 5820 3396 5831 «Anu--.—
3424 5821 3448 5831 .-
3516 5818 3614 5831 Λ..ι.
3647 5815 3710 5831 ..η
3742 5811 3776 5831 η

2205 5803 2966 5896 BSﬁEiéiﬁiéiiigéﬁdhnest,
2993 5803 3052 5872 ut
3080 5803 3398 5887 perpetuum
3422 5821 3452 5860 a
3470 5803 3781 5860 Constantii
