4134 6386
402 315 509 372 467

1808 318 1865 373 S.
1909 317 2246 375 EPlPllANll

3563 321 3670 380 468

405 434 590 491 silium
618 431 961 503 deportatus,
990 433 1058 488 ad
1087 432 1200 487 lucc
1232 448 1407 504 usque
1438 441 1683 503 tempora
1721 434 1774 488 in
1805 434 1982 504 patria
2014 487 2016 496 Α

2124 437 2324 500 αὑτων·
2365 438 2426 502 ὃς
2469 438 2564 493 καὶ
2594 437 2754 511 δεῦρο
2786 435 3022 510 ὑπάρχει
3072 438 3132 492 ὲν
3181 439 3248 510 τῇ
3302 437 3410 510 ίδίᾳ
3457 441 3672 512 πατρίδι

405 526 587 598 degit,
647 525 911 595 singulari
973 526 1181 582 honore
1230 541 1294 581 ac
1351 527 1733 582 benevolentia
1791 544 1984 600 prose-

407 618 677 691 quendus,
711 633 836 673 cum
877 617 948 673 ob
977 618 1108 680 alia,
1153 627 1269 673 tum
1307 618 1379 674 ob
1415 633 1478 674 ea
1507 635 1628 690 qua:
1670 635 1817 676 nunc
1849 636 1987 691 pra:-

408 713 558 768 clare
589 712 658 766 ab
687 727 753 768 eo
782 719 934 783 gesta
979 711 1274 768 didicimus
1301 730 1315 780 ;
1362 723 1415 768 et
1444 712 1590 783 quod
1636 714 1984 781 Antiocheni,

401 803 612 876 iquibus
653 804 745 860 ille
774 812 991 875 praeest,
1052 807 1326 859 sinceram
1383 805 1543 860 ﬁdem
1591 805 1696 861 hoc
1745 813 1990 877 tempore

413 900 733 966 proﬁtentur
788 918 801 955 :
845 899 938 968 qui
995 899 1201 954 nullam
1254 899 1511 970 amplius,
1570 914 1635 954 ac
1681 914 1750 955 ne
1799 899 1992 955 leviter

417 988 658 1060 quidem,
686 1000 954 1046 creatura!
976 995 1306 1048 mentionem
1341 990 1550 1047 faciunt
1575 1009 1589 1058 ;
1627 991 1721 1046 sed
1751 991 1990 1060 Patrem,

409 1087 461 1130 el
497 1081 721 1148 Filium,
758 1092 814 1138 et
854 1082 1122 1154 Spiritum
1167 1092 1418 1140 sanctum
1461 1085 1990 1141 consubstantialem

412 1189 536 1232 esse
569 1175 940 1237 confitentur;
992 1183 1104 1232 tres
1169 1176 1533 1247 bypostases,
1591 1193 1753 1232 unam
1805 1191 1995 1232 essen-

413 1265 577 1331 tiam,
633 1279 698 1318 ae
747 1265 1092 1320 divinitatem
1148 1281 1355 1320 unam:
1393 1267 1539 1337 quod
1593 1268 1814 1338 quidem
1868 1281 1995 1321 vera

416 1355 552 1412 ﬁdes
601 1357 863 1425 alllrmat;
916 1374 1092 1430 quaea
1128 1361 1433 1428 majoribus
1484 1361 1708 1423 tradita,
1762 1361 1998 1432 prophe-

415 1451 546 1514 tica,
578 1451 914 1518 evangelica,
954 1461 1009 1506 et
1032 1453 1335 1521 apostolica
1384 1462 1662 1509 censetur.
1699 1452 1876 1518 Quam
1920 1452 2000 1506 illi

417 1541 522 1612 ipsi
565 1539 798 1611 professi
849 1551 977 1597 sunt
1010 1540 1202 1597 Patres
1265 1543 1439 1598 nostri
1499 1553 1554 1598 et
1603 1543 1867 1612 episcopi,
1905 1543 2000 1612 qui

419 1631 476 1687 in
503 1629 720 1686 Nicaena
745 1631 955 1703 synodo
986 1631 1338 1687 Constantini
1383 1633 1566 1702 magni
1604 1648 1667 1686 ac
1699 1632 2000 1689 beatissimi

420 1723 766 1794 imperatoris
813 1731 1054 1794 tempore
1111 1725 1321 1779 collecti
1374 1732 1526 1780 sunt.
1592 1723 1810 1778 Utinam
1865 1739 1998 1780 vero

2087 531 2268 601 τίμιος
2314 531 2454 604 ἀνὴρ
2507 531 2602 586 καὶ
2648 530 3001 602 ὲπιπόθητος,
3037 531 3272 602 μάλιστα
3325 531 3393 585 δι’
3447 523 3524 586 ὧν
3557 533 3674 587 νυνὶ

2089 624 2432 696 ὲνηχούμεθα
2480 623 2934 696 κατωρθωκέναι,
2993 624 3088 677 καὶ
3139 625 3233 694 ἀφ’
3287 617 3362 677 ὧν
3432 624 3549 679 νυνὶ
3623 626 3673 678 ol

2091 715 2182 766 ὑπ’
2232 715 2395 768 αὑτὸν
2441 715 2499 768 ὲν
2539 714 2839 786 Ἀντιοχείᾳ
2883 712 3263 785 ὁμολογοῦσιν,
3308 714 3490 768 οὑκέτι
3537 715 3677 780 ὅλως

2090 807 2215 860 οῦτε
2246 809 2304 860 ὲν
2334 807 2660 879 παραδρομῇ
2697 806 3037 877 μεμνημένοι
3064 807 3363 877 κτίσματος
3389 807 3675 878 ὀνόματος,

2093 898 2207 951 ἀλλ’
2236 897 2516 969 όμοούσιον
2542 897 2932 969 ὁμολογοῦντες
2976 898 3217 970 Πατέρα,
3253 898 3347 952 καὶ
3387 899 3539 964 Υτδν,
3581 899 3680 954 καὶ

2096 991 2252 1058 ἅγιον
2283 990 2528 1060 Πνεῦμα,
2566 993 2716 1063 τρεῖς
2748 991 3097 1056 ὑποστάσεις,
3141 990 3272 1062 μίαν
3300 989 3509 1053 οὐσίαν.
3548 991 3680 1063 μίαν

2097 1083 2357 1153 θεότητα·
2394 1083 2574 1148 καθώς
2608 1085 2756 1137 ἐστιν
2798 1085 2831 1156 ἡ
2869 1083 3098 1156 ἀληθινὴ
3138 1082 3342 1147 πίστις,
3375 1085 3402 1154 ἡ
3437 1083 3544 1137 ἀπὺ
3572 1083 3682 1138 τῶν

2097 1173 2383 1238 ἀνέκαθεν,
2436 1175 2746 1246 προφητική
2784 1191 2845 1227 τε
2891 1173 2987 1228 καὶ
3018 1172 3368 1244 εὑαγγελικὴ,
3421 1172 3516 1227 καὶ
3546 1174 3684 1227 ἀπο-

2101 1263 2321 1335 στολική
2348 1279 2360 1290 ⁸
2412 1263 2479 1335 ἦν
2525 1263 2888 1334 ὡμολόγησαν
2935 1264 2984 1316 οί
3049 1263 3395 1326 συνελθόντες
3441 1263 3684 1334 Πατέρες

2111 1355 2270 1427 ἡμῶν
2312 1356 2406 1410 καὶ
2438 1356 2730 1410 ἐπίσκοποι
2756 1358 2814 1410 ὲν
2837 1359 2905 1428 τῇ
2935 1355 3141 1428 Νικαίᾳ
3169 1354 3374 1425 συνόδῳ
3401 1355 3496 1408 ἐπὶ
3526 1356 3684 1409 Κων-

2104 1449 2381 1502 σταντίνου
2434 1448 2528 1503 τοῦ
2583 1447 2822 1519 μεγάλου
2887 1449 2981 1502 καὶ
3034 1449 3453 1520 μακαριωτάτου
3535 1447 3689 1517 βασι-

2101 1537 2257 1603 λέως.
2297 1539 2336 1590 Γ
2339 1538 2511 1592 ένοιτο
2536 1537 2592 1590 δὲ
2637 1538 2733 1591 καὶ
2767 1537 2926 1592 αὑτὸν
2951 1537 3043 1591 τὸν
3073 1536 3401 1607 τιμιώτατον
3428 1536 3687 1591 Μελέτιον

2103 1629 2276 1693 οὕτως
2317 1629 2602 1700 ὁμολογεῖν
2646 1628 2788 1683 κατὰ
2831 1629 2958 1693 τοὺς
3001 1629 3094 1682 ὑπ’
3136 1629 3296 1683 αὑτὸν
3329 1629 3489 1692 ὄντας
3527 1629 3586 1680 έν
3617 1629 3687 1704 τῇ

2122 1721 2421 1793 Ἀντιοχείᾳ
2461 1722 2556 1776 καὶ
2607 1723 2666 1775 ὲν
2697 1721 2877 1786 ἄλλοις
2914 1721 3026 1775 τισὶ
3067 1722 3252 1784 τόποις
3290 1719 3464 1784 οὕτως
3501 1719 3691 1791 ὁμολο-

420 1825 477 1873 et
517 1816 846 1872 venerabilis
885 1817 1001 1886 ipse
1046 1815 1298 1872 Meletius
1339 1814 1586 1870 eamdem
1627 1831 1753 1868 cum
1800 1815 1994 1869 Antio-

2124 1813 2372 1883 γοῦνταςῑ
2423 1813 2548 1866 Εἰσὶ
2577 1813 2686 1886 γὰρ
2725 1813 2818 1868 καί
2843 1831 2987 1878 τινες
3035 1813 3145 1868 τῶν
3195 1813 3497 1868 δοκούντων
3543 1809 3690 1882 αὑτῷ

423 1908 616 1963 chenis
647 1909 764 1964 suis
803 1909 982 1977 iisque
1012 1907 1103 1977 qui
1146 1907 1270 1963 aliis
1318 1907 1371 1961 in
1415 1908 1550 1963 locis
1597 1907 1826 1977 perinde
1873 1923 2000 1963 sen-

423 2000 588 2066 tiunt,
627 2001 748 2056 ﬁdei
788 1999 1080 2055 formulam
1108 2001 1404 2070 sequatur!
1450 1998 1562 2056 Nec
1597 2001 1742 2055 enim
1776 1999 1998 2067 desunt,

424 2095 520 2169 qui
571 2110 696 2148 cum
741 2093 835 2147 illo
877 2100 931 2147 et
977 2108 1102 2146 cum
1141 2093 1260 2162 ejus
1301 2090 1514 2162 synodo
1559 2092 1998 2147 communionem

425 2186 628 2241 habere
659 2183 933 2244 videntur,
954 2183 1049 2253 qui
1074 2183 1129 2236 in
1164 2181 1428 2252 Spiritum
1453 2190 1703 2238 sanctum
1727 2191 2012 2238 contume-

425 2277 561 2334 liose
577 2274 822 2331 nonnihil
847 2275 1095 2331 eﬁutiant
1120 2275 1318 2344 :383
1338 2289 1460 2328 nam
1473 2289 1596 2329 cum
1616 2273 1684 2329 de
1702 2273 1840 2328 Filio
1861 2281 2012 2329 recte

426 2369 685 2432 sentiant,
710 2366 974 2437 Spiritum
1001 2366 1182 2438 ipsum
1211 2375 1456 2421 creatum
1491 2375 1545 2420 et
1573 2382 1602 2420 a
1636 2365 1742 2421 Deo
1764 2381 1992 2437 prorsus

2110 1907 2520 1959 κοινωνεῖννκαὶ
2555 1909 2622 1977 τῇ
2649 1906 2768 1958 κατ’
2804 1905 2967 1960 αὑτὸν
3003 1905 3206 1977 συνόδῳ
3249 1903 3692 1977 βλασφημοῦντες

2107 1997 2168 2050 τὸ
2243 1995 2470 2066 Πνεῦμα
2513 1997 2575 2050 τὸ
2625 1996 2813 2065 ἅγιον
2870 1995 2964 2051 καὶ
3009 1997 3138 2068 περὶ
3179 1999 3278 2068 μὲν
3321 1994 3453 2050 Υἱοῦ
3513 1995 3692 2058 καλῶς

2108 2090 2376 2159 λέγοντες,
2429 2091 2490 2144 τὸ
2533 2089 2591 2143 δὲ
2653 2089 2879 2160 Πνεῦμα
2941 2089 3156 2143 κτιστὸν
3216 2087 3529 2159 ἡγούμενοι,
3593 2087 3691 2142 καὶ

2107 2180 2389 2252 ἀλλότριον
2417 2180 2552 2234 Θεοῦ
2583 2182 2918 2236 παντάπασι.
2969 2181 3107 2253 Περὶ
3147 2173 3222 2235 ὧν
3262 2179 3491 2251 ὕστερον
3532 2181 3591 2233 ὲν
3623 2181 3689 2249 τῇ

2108 2275 2229 2328 κατ’
2264 2273 2462 2336 αὐτοὺς
2509 2273 2789 2345 ἀνατροπῇ
2813 2274 2913 2343 τῆς
2947 2273 3212 2344 αἱρέσεως
3237 2271 3305 2326 τὰ
3332 2271 3509 2326 πάντα
3535 2271 3693 2342 ἀκρι-

2100 2365 2210 2430 ϐῶς
2239 2366 2380 2420 κατὰ
2405 2365 2634 2437 δύναμιν
2669 2365 2916 2436 λέξομεν.

429 2461 673 2516 alienum
704 2459 1042 2515 existimant.
1080 2458 1156 2514 De
1195 2459 1476 2530 quibus'in
1510 2460 1726 2514 illorum
1775 2459 1972 2514 haeresi
2025 2459 2358 2514 confutanda
2399 2474 2498 2530 pro
2542 2459 2753 2515 viribus
2779 2459 3193 2515 accuratissime
3219 2457 3572 2514 disseremus.

501 2548 714 2604 XXXV.
732 2549 1018 2615 .Quocirca
1041 2549 1222 2620 magni
1244 2564 1274 2602 a
1298 2549 1456 2604 nobis
1475 2549 1558 2604 vir
1586 2550 1676 2605 ille
1700 2549 1778 2613 ﬁt,
1801 2559 1859 2605 ut
1878 2548 2016 2603 dixi-

432 2657 578 2706 nus,
598 2649 823 2713 propter
847 2641 1156 2695 istiusmodi
1178 2639 1403 2708 famam,
1427 2657 1549 2712 quae
1568 2641 1638 2697 de
1663 2641 1758 2696 illo
1777 2641 2015 2712 dissipa-

434 2747 545 2792 tur.
593 2735 688 2792 Est
729 2734 873 2790 enim
904 2735 1016 2790 vita
1047 2735 1196 2790 illius
1224 2734 1429 2805 alioqui
1459 2735 1641 2807 gravis
1666 2743 1720 2790 et
1748 2735 2011 2801 honesta,

435 2839 618 2880 mores
672 2822 914 2895 egregii;
981 2823 1098 2892 ipse
1143 2821 1382 2894 denique
1438 2822 1642 2894 pepulo
1690 2825 2016 2896 cumprimis

437 2915 710 2980 amabilis,
740 2914 813 2970 ob
841 2915 967 2970 vitae
999 2913 1389 2984 integritatem,
1415 2929 1580 2982 quam
1604 2913 1806 2970 divinis
1827 2930 2018 2972 omnes

439 3009 692 3065 laudibus
723 3007 929 3078 ubique
983 3006 1301 3077 praedicant.
1352 3005 1459 3060 Sed
1509 3005 1766 3060 nonnulli
1811 3013 2017 3072 tamen,

2189 2551 2312 2604 AE'.
2353 2550 2546 2620 Τίμιος
2573 2546 2666 2606 οῦν
2713 2553 2741 2604 ὁ
2789 2551 2927 2622 ἀνὴρ
2959 2553 3111 2623 ἡμῖν,
3154 2549 3230 2613 ὡς
3267 2549 3424 2619 ἔφην,
3466 2547 3555 2601 διὰ
3595 2545 3696 2610 τὰς

2119 2643 2373 2708 τοιαύτας
2413 2644 2546 2715 περὶ
2585 2643 2751 2698 αὑτοῦ
2788 2645 2976 2716 φήμας
3023 2643 3279 2714 ὑπάρχει.
3327 2640 3438 2695 Καὶ
3470 2639 3578 2710 γὰρ
3605 2639 3698 2692 καὶ

2120 2737 2288 2792 τᾶλλα
2316 2736 2482 2792 αὑτοῦ
2519 2737 2633 2808 βίος
2671 2737 2886 2809 σεμνὸς,
2913 2736 3114 2808 τρόπος
3147 2732 3370 2802 ἀγαθὸς,
3403 2732 3482 2794 είς
3523 2730 3702 2784 πάντα

2121 2828 2235 2889 τοῖς
2268 2825 2417 2888 λαοῖς
2452 2825 2782 2898 ὲπιπόθητος
2813 2825 2901 2880 διὰ
2941 2825 3033 2878 τὸν
3063 2824 3176 2895 βίον
3205 2823 3370 2878 αὑτοῦ
3407 2819 3559 2892 παρὰ
3593 2821 3702 2874 πᾶ-

2125 2933 2209 2970 σιν
2251 2917 2688 2989 ὲκθειαζόμενον.
2732 2916 2892 2980 Τινὲς
2935 2916 2992 2969 δὲ
3046 2916 3141 2970 καὶ
3191 2915 3320 2986 περὶ
3368 2912 3564 2966 τούτου
3607 2910 3708 2965 οὑκ

2124 3003 2242 3062 οἶδα
2266 3007 2464 3078 λέγειν,
2497 3008 2530 3080 ἢ
2567 3009 2714 3080 μίσει
2747 3008 3057 3078 φερόμενοι,
3088 3007 3120 3077 ἢ
3163 3005 3364 3076 φθόνῳ,
3397 3004 3432 3076 ἢ
3467 3003 3537 3056 τὰ
3577 3003 3706 3056 ἑαυ-

442 3101 586 3158 haud
631 3101 750 3158 scio
797 3115 866 3155 an
908 3099 1036 3156 odio
1089 3098 1144 3154 in
1192 3114 1318 3154 eum
1366 3100 1650 3162 commoti,
1700 3113 1769 3152 an
1815 3098 2016 3154 invidia

2124 3099 2230 3154 τῶν
2253 3101 2574 3172 μεγαλύνειν
2603 3100 2936 3171 βουλόμενοι,
2959 3099 3079 3154 τινὰ
3105 3099 3484 3170 ὑφηγήσαντο,
3531 3096 3607 3160 ὡς
3630 3097 3711 3149 ὅτι

442 3195 658 3266 perciti,
689 3209 758 3248 an
791 3192 1030 3264 denique
1078 3205 1179 3248 sua
1217 3199 1276 3246 ut
1306 3191 1361 3246 in
1395 3190 1574 3261 majus
1601 3191 1891 3258 extollant,
1922 3207 2024 3247 ne—

446 3289 562 3344 scio
587 3301 708 3358 quae
736 3300 929 3356 parum
963 3283 1206 3341 secunda
1244 3283 1312 3338 de
1356 3282 1449 3338 illo
1483 3282 1627 3338 fama
1659 3290 2024 3354 sparserunt:

450 3374 711 3428 nimirum
743 3388 854 3428 non
901 3372 972 3427 ob
1017 3371 1349 3427 catholicam
1404 3371 1566 3426 ﬁdem
1616 3371 1717 3426 has
1765 3373 1821 3427 in
1874 3373 2028 3426 illum

447 3469 639 3522 turbas
664 3481 789 3522 esse
816 3465 1103 3532 conﬁatas,
1146 3464 1242 3520 sed
1269 3463 1340 3518 ob
1369 3464 1748 3520 ecclesiastica
1781 3465 2030 3532 quaedam

454 3559 670 3630 negotia
711 3572 776 3611 ac
813 3557 994 3628 jurgia
1018 3597 1032 3624 ,
1068 3572 1190 3627 qua:
1236 3556 1378 3610 inter
1412 3555 1559 3610 hunc
1589 3563 1644 3610 et
1671 3556 1901 3611 clericos
1929 3556 2020 3609 in-

455 3657 850 3707 tercesserunt.
891 3649 1031 3704 Tum
1080 3647 1226 3720 quod
1265 3649 1558 3704 nonnullos
1589 3649 1655 3703 ad
1691 3648 2033 3703 commun‘io-

456 3761 580 3801 nem
603 3744 924 3807 admiserat,
969 3759 1112 3813 quos
1142 3743 1272 3796 olim
1302 3741 1373 3795 ab
1402 3756 1464 3796 ea
1494 3741 1759 3810 rejecerat
1803 3747 1859 3796 et
1905 3755 2038 3794 ana—

456 3839 698 3892 themate
724 3837 1100 3892 damnaverat.
1135 3832 1336 3888 Verum
1368 3849 1436 3887 ne
1468 3833 1556 3888 bis
1588 3833 1806 3902 penitus
1849 3849 2039 3888 assen-

460 3929 685 3992 tiamur,
715 3927 1010 3998 prohibent
1035 3942 1100 3982 ea
1144 3941 1265 3996 quae
1308 3926 1362 3980 in
1410 3925 1583 3996 ipsius
1621 3933 1766 3980 coetu
1809 3939 1874 3979 ac
1907 3941 2041 3978 con-

2127 3192 2228 3262 οὑχ
2255 3193 2440 3246 ένεκεν
2473 3191 2780 3264 ὀρθοδοξίας
2815 3195 2847 3263 ἡ
2890 3191 3010 3244 κατ’
3043 3189 3209 3244 αὑτοῦ
3241 3188 3433 3258 γέγονε
3465 3187 3710 3258 κίνησις,

2131 3283 2246 3338 ἀλλ’
2275 3284 2482 3346 ἕνεκεν,
2516 3285 2672 3353 φασὶ,
2723 3281 3023 3337 κανονικῶν
3070 3279 3437 3354 πραγμάτων,
3483 3277 3580 3331 καὶ
3615 3277 3715 3346 τῆς

2131 3375 2404 3447 ἀναμέσον
2441 3374 2605 3429 αὑτοῦ
2633 3376 2727 3429 καὶ
2757 3374 2849 3428 τοῦ
2884 3372 3050 3428 αὑτοῦ
3082 3371 3347 3440 ἱερατείου
3368 3366 3711 3440 ἐρεσχελίας·

2135 3469 2228 3522 καὶ
2269 3469 2348 3520 ὅτι
2403 3468 2554 3531 τινὰς
2603 3466 2854 3533 ἐδέξατο,
2901 3465 2997 3530 οὓς
3047 3465 3215 3518 πάλαι
3267 3461 3567 3517 ἀπεϐάλετο
3623 3457 3719 3512 καὶ

2135 3559 2544 3630 ἀνεθεμάτισεν.
2591 3559 2728 3612 Ἀλλ’
2759 3559 2818 3611 οὑ
2863 3558 3004 3612 πάνυ
3033 3555 3208 3610 ταῦτα
3242 3554 3382 3608 κατὰ
3415 3551 3542 3606 νοῦν
3588 3549 3718 3619 ἐθή-

2138 3666 2334 3720 καμεν,
2364 3649 2452 3702 διὰ
2483 3649 2545 3702 τὸ
2577 3648 2811 3719 μάλιστα
2849 3647 3139 3716 ἐσύστερον
3173 3647 3231 3698 ἐν
3280 3647 3346 3715 τῇ
3394 3643 3514 3696 κατ’
3560 3641 3722 3695 αὑτὸν

2143 3738 2346 3807 συνόδῳ
2391 3737 2663 3809 ὁσημέραι
2688 3735 3067 3808 διορθούμενα,
3101 3733 3196 3787 καὶ
3232 3730 3640 3804 ὁμολογούμενα
3671 3731 3727 3781 ἐν

2140 3830 2207 3899 τῇ
2241 3828 2444 3890 πίστει,
2476 3826 2554 3890 ὡς
2583 3827 2697 3882 ἄνω
2749 3842 2841 3897 μοι
2872 3821 3295 3896 προδεδήλωται.
3328 3823 3421 3873 Δεῖ
3445 3821 3555 3890 γὰρ
3585 3819 3728 3871 κατὰ

2141 3921 2202 3974 τὸ
2232 3920 2396 3991 μέρος
2419 3919 2579 3974 τοῦτο
2599 3915 2883 3987 ἀληθεύειν
2911 3916 3009 3985 ὅση
3039 3914 3285 3984 δύναμις,
3309 3913 3452 3965 κατὰ
3479 3910 3538 3962 τὸ
3566 3908 3728 3963 ἀσθε-

461 4023 590 4079 cilio
616 4023 674 4078 in
706 4022 825 4077 dies
852 4020 1237 4082 emendantur,
1278 4028 1352 4084 et,
1385 4027 1446 4074 ut
1471 4026 1632 4072 antea
1681 4016 1886 4071 dictum
1934 4026 2013 4072 est

2146 4015 2229 4076 νὲς
2269 4012 2330 4066 τὸ
2365 4012 2637 4084 ἡμέτερον
2685 4012 2742 4062 ὲν
2791 4009 2946 4061 πᾶσι.
2985 4007 3171 4069 Θέλεις
3202 4004 3312 4076 γὰρ
3358 4001 3604 4073 παρῆλθε
3640 3999 3731 4051 τὸν

462 4129 588 4170 cum
615 4123 777 4170 recta:
805 4112 930 4169 ﬁdei
957 4110 1304 4182 professione
1331 4117 1703 4166 consentanea
1728 4107 2016 4163 traduntur

2145 4102 2312 4173 ἄνδρα
2339 4103 2397 4155 ἐν
2426 4100 2504 4171 τῷ
2556 4100 2720 4172 ῥοίζῳ
2767 4098 2867 4168 τῆς
2898 4097 3008 4151 τῶν
3051 4095 3224 4165 λόγων
3259 4094 3595 4163 ἐξηγήσεως,
3631 4089 3733 4140 οὑκ

465 4206 582 4262 Hac
636 4206 784 4261 enim
835 4205 890 4260 in
939 4212 1116 4276 parte,
1157 4203 1338 4274 quoad
1371 4216 1472 4272 pro
1502 4201 1699 4256 virium
1731 4209 2016 4255 noslrarun

2147 4192 2256 4264 έχω
2299 4192 2478 4262 λέγειν
2500 4207 2513 4220 ·
2557 4190 2730 4252 θέλεις
2768 4187 2912 4242 κατὰ
2949 4187 3204 4256 ἀφέλειαν
3251 4186 3346 4238 ἀπ’
3379 4180 3542 4235 αὑτοῦ
3573 4181 3601 4232 ὁ
3647 4177 3733 4230 λό-

466 4299 845 4354 imbecillitate
876 4295 1138 4367 consequi
1169 4310 1487 4366 possumus,
1522 4292 1809 4350 veritatem
1845 4291 1899 4345 in
1933 4307 2016 4346 om

2151 4301 2246 4353 γος
2276 4283 2556 4357 παρήχθη,
2583 4280 2703 4352 Θεῷ
2731 4279 3022 4348 ἔγνωσται.
3053 4277 3199 4347 Πλὴν
3230 4277 3287 4329 ὲν
3315 4274 3398 4327 ἑνὶ
3439 4272 3594 4367 μέρει
3621 4268 3733 4339 (68)

466 4391 633 4446 nibus
681 4390 922 4446 retinere
966 4361 1251 4442 debemus.
1300 4384 1582 4456 Siquidem
1630 4391 1812 4437 utrum
1845 4381 1902 4435 in
1928 4381 2012 4452 ips

2154 4377 2474 4449 ἐπιλήσᾷιμοι
2511 4375 2604 4427 δύο
2644 4373 2678 4443 ἢ
2723 4373 2870 4443 τρεῖς
2913 4369 3060 4438 λόγοι
3089 4371 3147 4422 ἐν
3193 4369 3258 4438 τῇ
3305 4365 3442 4435 αὑτῇ
3481 4361 3738 4456 ἐξηγήσει

469 4484 738 4541 orationis
778 4483 981 4553 impetu
1027 4477 1360 4550 imprudenti
1381 4452 1607 4546 aliquid
1655 4472 1940 4536 exciderit,
1983 4473 2016 4525 li

2154 4470 2521 4542 εὑρίσκονται,
2555 4469 2611 4520 ὲν
2639 4465 2718 4536 τῷ
2766 4465 2904 4528 ὅλως
2949 4464 3079 4534 περὶ
3113 4462 3407 4530 κτίσματος
3445 4457 3573 4528 περὶ
3605 4452 3737 4507 Υἱοῦ

470 4578 640 4648 quido
674 4577 941 4631 aflirmare
962 4588 1072 4628 non
1103 4571 1354 4634 audeam,
1401 4583 1469 4622 an
1509 4567 1690 4637 potius
1721 4581 1788 4620 ex
1811 4564 2016 4634 quadar

2157 4561 2255 4614 τοῦ
2282 4559 2418 4614 Θεοῦ
2465 4556 2762 4629 λαμϐάνειν
2799 4555 2857 4607 ἐν
2901 4556 2968 4624 τῇ
3014 4551 3178 4605 αὑτοῦ
3227 4549 3462 4618 θεότητι,
3503 4546 3607 4599 κᾶν
3637 4543 3742 4606 ἕως

473 4637 643 4725 animi
676 4667 1029 4736 simplicitate
1065 4662 1347 4734 prodierit,
1379 4660 1530 4715 novit
1562 4657 1728 4713 Deus.
1769 4656 1905 4712 Illud
1929 4655 2016 4726 qui

2157 4653 2453 4724 ὀνόματος·
2491 4653 2584 4704 καὶ
2610 4654 2669 4704 ἐν
2699 4652 2769 4721 τῇ
2809 4648 2888 4720 τῷ
2933 4647 3131 4711 εἰπεῖν,
3161 4643 3242 4697 ὅτι
3281 4640 3450 4708 Ὑπὲρ
3495 4637 3742 4706 σοφίαν,

475 4760 600 4817 (lem
635 4765 853 4814 constat
886 4757 942 4810 in
974 4756 1151 4826 ipsius
1181 4753 1434 4808 oratione
1471 4751 1580 4806 duo
1623 4749 1793 4804 triave
1825 4747 2016 4817 reperit

2164 4749 2263 4802 καὶ
2293 4747 2348 4799 εἴ
2393 4763 2447 4799 τι
2477 4745 2704 4812 ἕτερον.
3586 4816 3625 4826 ﬂ
3653 4817 3682 4826 η

473 4860 622 4929 joca,
654 4866 774 4921 quae
808 4847 1237 4919 reprehensione
1283 4859 1392 4898 non
1419 4850 1642 4898 careant
1685 4859 1698 4893 :
1749 4839 1988 4911 primum
2029 4840 2178 4908 quod
2224 4855 2308 4902 ea,
2352 4853 2474 4908 quae
2515 4838 2582 4892 de
2617 4844 2870 4892 creatura
2907 4832 3185 4894 dicuntur,
3212 4827 3279 4881 de
3309 4826 3429 4895 ipso
3460 4820 3554 4924 l)ei
3586 4816 3745 4916 Filio,

477 4906 639 5002 aeide
665 4906 787 5014 ejus
824 4906 1134 5006 divinitate,
1173 4939 1256 4994 vel
1287 4936 1650 5008 appellatione
1673 4906 1848 4989 ltenus
1879 4906 2170 5004 intelligit;
2214 4943 2327 4987 tum
2367 4906 2589 5002 quando
2611 4929 2685 4983 ita
2725 4929 3006 4998 loquitur:
3039 4921 3206 4990 Super
3248 4915 3586 4987 sapientiam,
3627 4906 3750 4961 etsi

479 5039 605 5112 quid
646 5036 794 5092 aliud
820 5045 920 5090 est.

554 5130 793 5189 XXXVI.
841 5129 947 5185 Sed
975 5129 1087 5199 jam
1147 5125 1240 5180 ubi
1296 5138 1471 5194 pauca
1517 5121 1784 5176 adversus
1834 5118 2063 5171 illorum

487 5228 742 5296 dogmata
800 5219 1278 5292 pr0posuerimus,
1337 5216 1559 5269 missam
1609 5213 1753 5266 hanc
1810 5208 2066 5264 haeresim

491 5318 775 5372 f..ciemus.
807 5313 976 5368 Dicite
1024 5311 1212 5382 igitur,
1262 5308 1492 5364 obsecro
1536 5320 1650 5368 vos,
1701 5303 1832 5372 quid
1887 5307 2070 5354 tanto-

2242 5117 2388 5181 ΔΕΓ.
2444 5112 2630 5178 Ὀλίγα
2683 5109 2737 5162 δὲ
2786 5106 2922 5179 πρὸς
2953 5104 3021 5158 τὰ
3051 5103 3141 5154 ὑπ’
3169 5097 3348 5153 αὑτῶν
3382 5092 3755 5163 ὑποϐληθέντα

2173 5207 2585 5278 διηγησάμενοι,
2622 5202 2716 5254 καὶ
2755 5199 2963 5269 ταύτην
3027 5189 3473 5266 παρελευσόμεθα
3523 5186 3618 5255 τὴν
3652 5186 3755 5278 ὑφῗ

2177 5303 2395 5371 ήγησιν.
2430 5297 2629 5364 Λέγετε
2658 5295 2811 5364 ἡμῖν,
2857 5285 2903 5343 ὦ
2946 5283 3110 5352 οὗτοι,
3160 5284 3211 5337 τί
3249 5281 3437 5336 ἐλύπει
3469 5278 3646 5346 λέγειν
3697 5275 3760 5326 τὸ

491 5502 741 5562 tempore
764 5492 928 5562 fueijt
957 5489 1234 5562 exsilium.
1259 5481 1577 5562 De-Meletip
1601 5496 1750 5540 vero,
1779 5494 1843 5532 ac
1865 5477 2074 5562 lripl‘ici

493 5546 846 5618 Aritibdienae
867 5546 1126 5616 Ecclesiae
1155 5557 1392 5612 divortio
1426 5551 1650 5607 eosdem
1675 5565 1861 5604 rerum
1893 5546 2078 5604 eccle-

497 5633 846 5687 siasticarum
877 5633 1172 5700 scriptores
1201 5625 1444 5700 consule:

573 5702 682 5769 (6.3)
723 5703 895 5770 Πλὴν
933 5689 1006 5752 ἑνί
1053 5701 1140 5751 ἐνὶ
1176 5699 1356 5770 μέρει.
1418 5692 1870 5770 Non__propterea
1909 5689 2074 5770 dan!-

506 5761 714 5826 nandus
743 5761 1120 5836 est'lllelctius,
1143 5761 1288 5841 quod
1319 5767 1498 5821 locum
1526 5762 1675 5818 illum
1708 5778 1773 5816 ex
1803 5761 2070 5818 Provcrli.

2183 5489 2305 5542 cap.
2337 5489 2434 5526 vni
2471 5472 2560 5526 :'0
2592 5466 3068 5542 ﬂabggxcwéps,
3105 5471 3238 5522 etc.,
3275 5461 3343 5515 de
3386 5453 3762 5542 ipcreata'Sa:

2185 5527 2422 5613 pieiitia,
2475 5557 2539 5595 ac
2586 5527 2914 5613 Dei'Verbo
2960 5527 3351 5613 interpretatps
3401 5527 3762 5613 frierit.Lll-oc

2182 5595 2602 5682 {animi}:er
2621 5609 2823 5682 Patres
2859 5595 3118 5682 fecerupf
3136 5623 3166 5682 Ξ
3190 5610 3248 5656 ut
3281 5601 3522 5682 Ignatins
3557 5595 3764 5682 Martvr

2188 5667 2372 5754 ΕρίείῘ
2394 5683 2462 5736 ad
2502 5667 2694 5744 Trall.,
2726 5679 2988 5754 Athanas.
3029 5676 3105 5730 De
3129 5667 3358 5728 Decretis
3405 5667 3642 5723 Nicena:
3675 5680 3763 5729 sq-

2185 5751 2330 5820 nodi,
2361 5763 2411 5811 et
2447 5754 2538 5807 alii
2567 5751 2898 5822 complures.
