4134 6386
431 372 535 430 669

1078 381 1444 442 ADVERSUS
1477 386 1818 446 HERESES
1854 391 1982 447 LIB.
2018 392 2106 448 IlI.
2150 393 2312 452 TOM.
2355 397 2480 451 I.—
2519 396 2791 454 H/ERES.
2834 398 3060 454 LXXIII.

3589 402 3695 460 470

431 494 787 594 lapatotictov]
828 500 1150 570 ὁμοοόσιον,
1198 509 1394 578 Σαφῶς
1442 514 1574 583 ἡμῖν
1618 516 2008 590 ὁμολογήσατε,

2123 536 2250 590 pere
2295 523 2587 579 molestum
2629 524 2786 580 vobis
2815 531 2900 580 est
2955 539 3019 579 ac
3056 537 3240 594 grave,
3296 522 3494 580 Filium
3545 524 3693 583 Patri

433 588 520 682 ἵνα
551 589 646 643 καὶ
675 590 820 661 ὑμᾶς
860 594 1172 666 ὲπιγνῶμεν
1207 601 1370 666 ἰδίους
1400 604 1580 670 ὄντας,
1617 611 1711 662 καὶ
1748 611 1820 682 μὴ
1845 588 2012 664 γάλλο-

431 680 635 776 τρίουςἸ
662 683 896 776 Ᾱύναται
928 687 1037 760 γὰρ
1060 691 1153 743 καὶ
1190 695 1495 763 ὁμοιούσιον
1536 695 1676 754 εἶναι
1697 747 1700 750 .
1720 680 1856 773 πρδς
1882 722 2014 776 χρυ-

433 774 524 827 σὸν
552 774 772 843 χαλκὸς,
805 778 942 848 πρὸς
975 781 1215 855 ἄργυρον
1250 788 1591 860 κασσίτερος,
1636 792 1771 863 πρὸς
1799 774 2015 865 σίδηρον

430 867 458 916 6
491 865 757 935 μόλιϐδος.
802 870 941 925 Ἀλλ’
983 874 1084 928 οὐκ
1123 878 1398 950 ἀπατήσει
1431 882 1574 952 ἡμᾶς
1617 885 1650 954 ἡ
1697 884 1853 955 ὑμῶν
1902 887 2016 940 ἐπι-

429 957 796 1032 τετηδευμένη
842 963 938 1017 καὶ
962 968 1355 1040 τετορνευμένη
1392 971 1784 1041 μυθοπλαστία.
1821 977 1884 1029 Εἰ
1915 977 2014 1047 μὲν

430 1048 538 1118 γάρ
566 1068 716 1115 τινας
747 1052 1062 1126 βουλόμενοι
1112 1057 1391 1132 ἀπατῆσαι
1425 1063 1682 1133 βούλεσθε
1713 1049 2015 1139 προφάσεις

429 1141 646 1209 ψευδεῖς
677 1146 946 1217 λέγοντες,
994 1153 1075 1205 ὅτι
1127 1154 1188 1209 οὐ
1236 1156 1340 1228 χρὴ
1384 1157 1563 1228 λέγειν
1595 1162 1662 1218 ,τὸ
1708 1165 2012 1234 ὁμοούσιον,

432 1234 521 1330 ἶνα
548 1237 972 1330 συναλοιφὴν
998 1246 1312 1318 ποιήσωμεν
1341 1250 1434 1304 τὸν
1455 1253 1584 1306 Υίὸν
1613 1255 1750 1326 πρὸς
1773 1257 2012 1330 Πατέρα,

429 1324 462 1395 ἢ
512 1325 574 1378 τὸ
622 1329 848 1401 Πνεῦμα
901 1333 1037 1405 πρὸς
1069 1335 1160 1389 τὸν
1209 1338 1338 1392 Υἱὸν
1383 1343 1478 1395 καὶ
1523 1324 1765 1416 Πατέρα,
1828 1324 2016 1402 καὶ-ὲν

429 1417 620 1511 τούτῳ
644 1420 896 1479 διέπεσεν
926 1427 1080 1498 ὑμῶν
1115 1432 1144 1483 6
1178 1431 1664 1508 ὲπιτετηδευμένος
1708 1439 1884 1511 λόγος.
1937 1443 2012 1496 Οὐ

430 1509 538 1606 3&9
566 1510 793 1606 εῖῖτομεν
818 1517 1176 1588 ἁμαούσιον,
1227 1523 1346 1577 ἀλλ’
1377 1530 1701 1596 ὁμοούσιον
1721 1546 1738 1564 ο
1782 1509 1874 1588 ήῖνα
1905 1552 2013 1606 μη-

427 1599 515 1654 δὲν
546 1601 643 1655 τοῦ
669 1606 887 1678 Πατρὸς
913 1611 1369 1686 παρηλλαγμένον
1406 1618 1853 1694 ὁμολογήσωμεν,

427 1694 561 1790 (βεὸν
590 1695 762 1790 ὅντως
788 1702 854 1754 ὲκ
879 1701 1014 1756 Θεοῦ
1057 1709 1474 1778 γεγεννημένον,
1506 1714 1598 1766 καὶ
1637 1717 1738 1769 οὐκ
1781 1717 2012 1790 ἀλλαχό-

429 1784 540 1850 θεν,
595 1789 716 1841 οὐδὲ
751 1790 811 1856 ἐξ
857 1793 958 1847 οὐκ
1009 1795 1200 1863 ὄντων,
1249 1799 1384 1855 ἀλλὰ
1424 1803 1638 1875 Πατρὸς
1682 1784 2012 1879 προελθόντα

2116 616 2641 676 consubstantialem
2665 617 2951 673 asserere?
2975 615 3146 670 Velim
3177 615 3281 668 hoc
3301 614 3436 669 mihi
3462 615 3695 686 ingenue

2117 718 2416 778 aperteque
2453 709 2758 774 fateamini,
2793 720 2851 764 ut
2875 723 2974 764 vos
3019 721 3130 762 non
3186 707 3394 763 alienos
3437 722 3467 760 a
3509 708 3690 770 nobis,

2115 799 2211 855 sed
2241 815 2533 870 germanos
2574 815 2699 856 esse
2741 813 3164 870 cognoscamus.
3211 796 3402 852 Potest
3447 799 3594 852 enim
3639 805 3694 852 et

2115 904 2192 944 trs
2237 905 2392 956 auro,
2440 899 2497 946 et
2541 898 2770 962 argento
2806 899 3086 954 stannum,
3133 896 3188 943 et
3241 888 3386 944 ferro
3411 889 3690 960 plumbum

2116 980 2312 1037 similis
2343 996 2465 1036 esse
2494 981 2837 1037 substantiae.
2879 980 2986 1035 Sed
3021 995 3124 1035 nos
3143 989 3324 1036 vestra
3371 981 3462 1035 illa
3507 995 3693 1050 perpe-

2115 1087 2234 1133 ram
2269 1072 2579 1143 excogitata
2617 1086 2681 1126 ac
2719 1071 3099 1127 fraudulenter
3119 1069 3355 1125 conficta
3379 1075 3690 1124 commenta

2115 1180 2224 1219 non
2257 1165 2463 1220 fallent.
2489 1164 2622 1218 Nam
2648 1165 2718 1231 si,
2753 1173 2812 1218 ut
2842 1164 2895 1218 in
2921 1178 3168 1218 errorem
3203 1162 3418 1233 aliquos
3453 1160 3692 1231 impella-

2120 1258 2218 1322 tis,
2267 1258 2462 1314 inanes
2505 1257 2718 1328 species
2764 1255 3284 1325 commentitiasque
3327 1253 3599 1324 queritis,
3639 1260 3694 1307 et

2116 1349 2640 1406 consubstantialem
2685 1354 2975 1422 propterea
3029 1346 3212 1402 vocari
3263 1361 3372 1400 non
3435 1352 3694 1415 oportere

2115 1439 2437 1504 defenditis,
2461 1453 2534 1494 ne
2560 1436 2758 1492 Filium
2789 1451 2913 1492 cum
2955 1435 3140 1502 Patre,
3168 1443 3224 1492 et
3262 1434 3530 1506 Spiritum
3564 1449 3695 1491 san-

2115 1539 2265 1588 ctum
2313 1546 2440 1586 cum
2485 1537 2721 1602 utroque
2757 1529 3164 1586 confundamus
3193 1569 3208 1594 ,
3263 1527 3433 1601 884
3476 1544 3547 1583 ne
3590 1529 3692 1582 bac

2115 1622 2339 1694 quidem
2383 1622 2438 1677 in
2480 1630 2634 1694 parte
2685 1628 2920 1694 possunt
2960 1619 3249 1676 mendacia
3289 1629 3474 1675 vestra
3521 1621 3697 1676 consi-

2117 1724 2278 1769 stere.
2309 1712 2431 1768 Non
2471 1713 2616 1770 enim
2666 1711 3266 1776 simulsubstantialem,
3329 1712 3422 1767 sed
3470 1711 3696 1765 consub-

2116 1807 2423 1862 stantialem
2463 1805 2702 1862 dicimus
2735 1823 2750 1871 ;
2793 1821 2862 1861 ne
2901 1805 3110 1874 aliquid
3167 1804 3444 1859 diversum
3472 1818 3502 1857 a
3532 1801 3693 1857 Patre

428 1879 672 1975 ἀχρόνως
706 1885 801 1937 καὶ
847 1886 1128 1958 ἀνάρχως,
1165 1893 1259 1945 καὶ
1305 1894 1713 1968 ἀνεκδιηγήτως
1756 1918 2008 1975 γεγεννη-

2117 1897 2496 1970 proﬂteamur,
2533 1897 2629 1953 sed
2670 1896 2840 1952 Deum
2867 1912 2931 1951 ex
2964 1895 3076 1951 Deo
3105 1911 3233 1952 vere
3269 1896 3538 1967 genitum,
3580 1909 3690 1949 non

429 1972 616 2064 μένον,
674 1975 761 2029 ἀεὶ
803 1977 932 2032 ὄντα
973 1981 1111 2053 πρὸς
1158 1983 1250 2036 τὸν
1306 1985 1547 2058 Πατέρα,
1587 1991 1680 2043 καὶ
1744 1972 2011 2064 μηδέποτε

425 2061 769 2122 διαλείποντα
806 2069 901 2123 τοῦ
947 2068 1109 2137 εἶναι,
1143 2076 1278 2130 ἀλλὰ
1323 2061 1841 2153 γεγεννημένον,ήονὺ
1891 2105 2013 2140 συν-

425 2154 672 2224 άδελφον,
701 2161 764 2212 οὺ
794 2165 1134 2237 προπάτορα.
1159 2169 1231 2222 Τὸ
1259 2171 1388 2241 γὰρ,
1422 2174 1594 2241 ὁμοῦ,
1629 2174 1720 2228 δύο
1749 2179 1846 2246 μὲν
1881 2180 2011 2232 ὑπο-

427 2247 668 2302 στάσεὼν
703 2253 822 2306 ἐστι
857 2261 1214 2328 σημαντικὸν,
1245 2263 1344 2316 οὐκ
1375 2263 1672 2336 ἀλλοτρίων
1715 2272 1780 2339 τῇ
1813 2271 2004 2340 φύσει·

423 2339 503 2392 διὸ
540 2343 568 2393 6
604 2342 900 2416 σύνδεσμος
923 2349 1025 2420 τῆς
1051 2352 1309 2424 ἀληθείας
1339 2357 1396 2408 ὲν
1427 2356 1601 2428 τούτῳ
1628 2360 1692 2410 ἐκ
1719 2360 1812 2413 τοῦ
1850 2363 2010 2416 Πνεύ-

427 2451 596 2500 ματος
623 2435 718 2490 τοῦ
750 2439 906 2507 ἁγίου
943 2441 1311 2516 ᾠκονόμηται,
1347 2448 1404 2499 ἐν
1435 2450 1665 2520 στόματι
1704 2451 1812 2505 τῶν
1853 2453 2010 2507 τοῦτο

421 2523 754 2596 ὲκθεμένων.
802 2532 914 2585 Καὶ
941 2535 1096 2606 ὁρᾷς,
1120 2535 1205 2589 ὅτι
1249 2538 1350 2591 οὐκ
1397 2538 1552 2593 ἔσται
1592 2559 1674 2594 σοι
1715 2545 2014 2614 πρόφασις,

420 2614 543 2667 οὐδὲ
575 2616 802 2674 δύνασαι
847 2624 990 2676 κατὰ
1037 2625 1138 2696 τῆς
1182 2627 1492 2696 ὀρθοδοξίας
1537 2629 1715 2697 λέγειν
1746 2635 1840 2687 καὶ
1877 2635 2009 2688 πτύ-

426 2722 543 2775 ρειν
571 2707 698 2771 τοὺς
727 2710 878 2781 παρὰ
905 2713 999 2766 σοῦ
1025 2713 1122 2784 τὴν
1151 2715 1320 2786 ἀκοὴν
1357 2717 1450 2770 τοῦ
1482 2724 2008 2794 παραπεποιημένου

423 2813 519 2850 σου
559 2799 717 2868 λόγου
768 2805 1278 2877 παραδεχομένους·
1325 2810 1429 2875 ὅτι,
1487 2812 1610 2865 Ἐάν
1657 2831 1742 2878 τις
1781 2817 1907 2886 εἴπῃ
1947 2817 2009 2870 τὸ

419 2890 725 2959 ὁμοούσιον,
746 2896 1071 2967 συναλοιφὴν
1095 2899 1467 2973 ὡμολόγησεν.
1498 2906 1694 2960 Οὐκέτι
1725 2908 1832 2982 γὰρ
1855 2909 2005 2962 ἔσται

419 2983 600 3037 τοῦτο.
662 2987 795 3039 Ἀπὸ
823 2990 930 3060 γὰρ
952 2991 1070 3053 τοῦ,
1098 2994 1401 3063 ὁμοούσιον,
1437 2999 1848 3070 σημανθήσεται
1890 3003 2003 3068 δύο,

421 3075 516 3126 καὶ
544 3077 653 3129 ἀπὸ
676 3079 795 3146 τοῦ,
826 3083 1132 3149 ὁμοουσίου,
1181 3085 1556 3159 δηλωθήσεται
1602 3091 1700 3144 οὐκ
1728 3093 2006 3165 ἀλλότριον

418 3165 480 3216 τὸ
526 3167 772 3239 γέννημα
801 3173 939 3242 πρὸς
988 3174 1078 3227 τὸν
1120 3177 1340 3249 Πατέρα
1368 3180 1634 3251 ὑπάρχον.
1662 3184 1734 3236 Σὺ
1760 3183 1839 3250 δὲ,
1886 3187 2006 3238 ἐπιο

420 3257 768 3330 πλασάμενος
795 3263 881 3326 τὸ,
925 3267 1252 3336 ὀμοιούσιον,
1272 3271 1360 3325 διὰ
1391 3273 1490 3342 μὲν
1511 3273 1604 3327 τοῦ
1625 3274 1887 3346 ὀνόματος
1905 3278 2003 3348 τῆς

417 3348 608 3414 οὐσίας
646 3351 972 3428 ἐλεγχθήσῃ,
999 3357 1087 3412 διὰ
1111 3359 1166 3412 δὲ
1187 3361 1287 3432 τῆς
1328 3363 1792 3436 παρηλλαγμένης
1815 3367 2000 3436 ὁμολοο

420 3440 546 3507 γίας
598 3445 1013 3519 κατακριθήσῃ,
1058 3451 1155 3520 οὐχ
1197 3451 1232 3506 ἃ
1285 3453 1464 3522 λέγεις
1512 3457 1761 3528 φρονῶν,
1812 3458 1927 3511 ἀλλ’
1969 3458 2006 3513 ἃ

421 3535 641 3601 φρονεῖς
696 3541 1237 3611 παραπεποιημένως
1289 3545 1586 3600 διδάσκων·
1629 3550 1676 3601 εί
1715 3549 1823 3621 γὰρ
1869 3550 2006 3615 ὅλως

419 3623 524 3676 οὐκ
579 3624 726 3680 ἔστιν
753 3629 812 3694 ἐξ
840 3629 1028 3696 αὐτοῦ,
1057 3632 1241 3703 ὅμοιος
1269 3635 1327 3688 δὲ
1356 3636 1506 3708 αὐτῷ
1547 3640 1684 3704 ἐστι,
1727 3641 1859 3695 πολὺ
1901 3644 2006 3713 ἀφ-

421 3713 660 3786 έστηκας
683 3719 787 3788 τῆς
816 3721 1096 3791 ἀληθείας.
1116 3725 1359 3790 Ὀποίαις
1401 3730 1509 3800 γὰρ
1554 3729 1708 3795 ὖλαις
1730 3732 1820 3786 τὸν
1847 3734 2007 3787 ἐκτυ-

419 3807 692 3879 πούμενον
733 3813 787 3865 εἴ
809 3829 893 3876 τις
919 3813 986 3872 ἂν
1009 3815 1151 3870 θέλοι
1183 3818 1572 3892 διακοσμήσειν
1601 3823 1639 3888 ί,
1673 3825 1777 3877 οὐκ
1803 3823 1869 3879 ἂν
1891 3825 2006 3879 ἴσον

416 3899 496 3967 τῷ
525 3902 920 3976 ὲκτυπουμένῳ
947 3909 1399 3967 κατασκευάσειε.
1442 3914 1551 3966 Καὶ
1579 3914 1686 3986 γὰρ
1709 3915 1804 3968 καὶ
1837 3933 2006 3970 κατα-

415 3993 621 4062 σκευῆς
663 3994 725 4047 τὸ
770 3994 952 4066 ἔργον.
1009 3999 1080 4052 Τὸ
1103 4000 1160 4052 δὲ
1203 4001 1539 4073 γεννώμενον
1585 4005 1651 4057 ὲκ
1696 4005 1789 4059 τοῦ
1837 4024 2004 4075 τινος,

417 4083 596 4136 ἐκεῖνο
621 4085 757 4155 πρὸς
781 4087 842 4140 τὸ
865 4088 1022 4155 γένος
1049 4090 1110 4142 τὸ
1147 4093 1333 4162 ὅμοιον
1379 4096 1475 4147 καὶ
1507 4095 1568 4148 τὸ
1608 4097 1721 4150 ἴσον
1749 4099 1847 4168 τῆς
1873 4116 2008 4170 γνη-

419 4171 668 4244 σιότητος
703 4175 979 4241 ἀποσώζει
1020 4177 1178 4247 εἶδος.
1207 4185 1272 4238 Εἰ
1300 4187 1478 4240 τοίνυν
1506 4189 1606 4242 οὐκ
1634 4189 1693 4253 ἐξ
1719 4190 1882 4244 αὑτοῦ
1913 4209 2006 4260 γε-

416 4263 672 4355 γέννηται
713 4269 807 4321 τοῦ
854 4272 1067 4343 Πατρὸς
1115 4276 1143 4327 6
1183 4275 1331 4341 Υἱὸς,
1369 4278 1526 4342 ἐκτὸς
1573 4281 1630 4333 δὲ
1679 4282 1847 4335 αὐτοῦ
1892 4286 2000 4355 εἴη,

416 4352 730 4419 ὁμοιούσιος
774 4357 829 4410 δὲ
849 4360 1000 4432 παρὰ
1022 4362 1106 4413 σοὶ
1133 4365 1272 4417 κατὰ
1304 4367 1463 4438 χάριν
1489 4369 1834 4442 λεχθήσεται,
1853 4352 2005 4428 οὐδέν

417 4444 567 4516 αὐτῷ
601 4445 860 4513 δέδωκας,
893 4450 1009 4503 ἀλλ’
1039 4454 1306 4520 ὲξὲπεσας
1345 4459 1441 4529 τῆς
1482 4463 1610 4532 παρ’
1638 4464 1806 4518 αὐτοῦ
1850 4467 2004 4538 χάρι-

2115 1990 2371 2054 aliunde,
2406 2003 2512 2045 nec
2555 2005 2620 2045 ex
2668 1987 2862 2055 nihilo,
2896 1988 2993 2044 sed
3023 2003 3056 2042 a
3089 1987 3250 2043 Patre
3281 1988 3401 2043 sine
3443 1997 3692 2058 tempore

2112 2093 2168 2140 et
2215 2082 2397 2146 initio,
2444 2088 2500 2136 et
2541 2078 2916 2150 inexplicabili
2965 2078 3202 2148 quadam
3239 2080 3454 2134 ratione
3487 2078 3693 2148 produ-

2112 2189 2260 2231 ctum
2309 2189 2373 2229 ac
2422 2173 2705 2244 genitum;
2760 2171 2854 2241 qui
2907 2186 3126 2242 semper
3155 2186 3280 2224 cum
3308 2169 3471 2225 Patre
3503 2169 3688 2234 fuerit,

2111 2281 2214 2322 nec
2247 2281 2372 2322 esse
2405 2265 2738 2336 quandoque
2779 2263 3301 2334 desinatzgenitum
3343 2278 3530 2334 porro,
3577 2278 3687 2318 non

2110 2372 2433 2430 germanum
2464 2356 2711 2422 fratrem,
2741 2369 2851 2410 non
2883 2370 3066 2410 avum.
3092 2353 3227 2407 Nam
3251 2355 3368 2410 lucc
3394 2356 3686 2425 particula.

2111 2469 2232 2517 con,
2261 2452 2588 2523 hypostases
2617 2450 2777 2515 duas,
2808 2463 2910 2504 nec
2938 2446 3145 2502 alienas
3169 2454 3364 2502 natura
3392 2448 3685 2518 significat.

2115 2543 2268 2599 Unde
2296 2552 2352 2599 et
2390 2542 2639 2599 veritatis
2679 2541 2838 2596 velut
2888 2556 3066 2596 nexus
3110 2555 3176 2595 ac
3215 2539 3522 2603 vinculum,
3575 2554 3686 2595 non

2111 2639 2232 2693 sine
2262 2636 2436 2691 sancti
2486 2633 2722 2706 Spiritus
2770 2632 2975 2700 afﬂatu,
3024 2649 3122 2704 per
3158 2633 3376 2687 illorum
3430 2647 3550 2694 ora,
3592 2633 3688 2702 qui

2110 2728 2272 2798 primi
2327 2734 2584 2782 auctores
2630 2725 2873 2788 fuerunt,
2927 2734 3012 2780 est
3057 2725 3111 2778 in
3145 2739 3209 2780 ea
3241 2738 3384 2779 voce
3411 2723 3687 2778 constitu-

2109 2830 2245 2873 tum.
2281 2817 2450 2874 Vides
2475 2819 2644 2888 igitur
2668 2817 2876 2871 nullum
2900 2817 3012 2885 jam
3043 2816 3142 2871 tibi
3174 2817 3414 2871 colorem
3445 2824 3540 2869 aut
3567 2830 3689 2884 spe-

2109 2912 2251 2966 ciem
2285 2926 2412 2966 esse
2441 2910 2711 2979 reliquam
2738 2950 2754 2974 ,
2796 2924 2975 2978 neque
3021 2908 3285 2963 adversus
3325 2908 3686 2962 orthodoxam

2109 3003 2269 3059 fidem
2299 3002 2498 3058 merito
2529 3017 2695 3072 posse
2726 3006 3082 3069 contendere,
3120 3003 3203 3056 vel
3236 3016 3332 3055 eos
3362 3001 3690 3071 perturbare

2107 3096 2199 3167 qui
2244 3095 2444 3152 falsum
2481 3095 2614 3166 illud
2660 3101 2815 3149 tuum
2843 3101 2950 3148 ate
2973 3097 3250 3150 decretum
3281 3107 3346 3146 ac
3376 3106 3686 3147 sermonem

2109 3187 2457 3257 acceperint:
2479 3186 2527 3241 si
2559 3185 2687 3255 quis
2733 3185 3206 3240 consubstantiale
3237 3198 3504 3253 usurpare
3531 3183 3684 3244 velit,

2107 3278 2494 3337 confusionem
2528 3277 2822 3348 quamdam
2858 3278 2914 3332 in
2941 3277 3228 3333 divinitate
3259 3277 3529 3332 confiteri.
3581 3276 3688 3331 Ne-

2105 3389 2213 3445 que
2258 3373 2406 3428 enim
2457 3373 2696 3442 amplius
2749 3371 2896 3426 istud
2947 3371 3188 3440 objicere
3237 3378 3416 3441 potes.
3471 3369 3688 3440 Quippe

2106 3465 2598 3522 consubstantialis
2628 3465 2721 3518 illa
2750 3481 2857 3519 vox
2885 3464 3026 3519 duos
3069 3463 3336 3533 quosdam
3388 3461 3683 3533 significat,

2105 3561 2405 3630 eademque
2445 3558 2592 3613 haud
2648 3558 2882 3613 alienam
2947 3573 2977 3612 a
3034 3557 3192 3612 Patre
3259 3557 3503 3612 sobolem
3564 3572 3688 3612 esse

2105 3652 2468 3707 demonstrat.
2515 3649 2597 3705 Tu
2639 3665 2771 3706 vero
2811 3650 3222 3714 homwousion,
3287 3649 3394 3704 hoc
3429 3658 3516 3705 est
3557 3649 3685 3703 sub-

2107 3743 2309 3798 stantia
2347 3741 2540 3805 simile,
2575 3752 2942 3806 commentus,
2978 3742 3214 3810 primum
3243 3741 3361 3811 ipso
3396 3741 3548 3801 usize,
3581 3739 3686 3795 boc

2105 3844 2192 3891 est
2236 3835 2582 3899 substantiae,
2627 3833 2893 3890 vocabulo
2927 3833 3195 3888 refelleris
3222 3851 3236 3899 ;
3261 3832 3478 3888 deinde
3504 3840 3598 3887 tua
3631 3841 3685 3888 te

2107 3927 2202 3982 illa
2230 3927 2557 3997 discrepans
2600 3941 2704 3982 nec
2735 3935 3107 3981 consentanea
3133 3925 3403 3996 professio
3433 3925 3686 3980 condem-

2105 4029 2220 4086 nat,
2254 4034 2378 4074 cum
2406 4035 2514 4073 non
2547 4034 2613 4075 ea
2638 4018 2790 4074 dicas
2812 4034 2934 4090 quae
2962 4019 3191 4080 sentias.
3227 4018 3323 4074 sed
3348 4033 3468 4087 quae
3511 4017 3684 4073 sentis

2108 4113 2249 4168 falso
2296 4127 2361 4167 ac
2407 4113 2748 4168 mendaciter
2797 4113 2996 4168 doceas
3035 4131 3048 4166 :
3091 4111 3293 4166 etenim
3347 4112 3395 4165 si
3446 4111 3515 4166 ab
3563 4111 3684 4180 ipso

2105 4197 2267 4253 Patre
2317 4215 2426 4253 non
2462 4208 2548 4256 est
2596 4201 2822 4255 omnino
2849 4198 3043 4266 Filius,
3075 4200 3172 4256 sed
3210 4200 3570 4255 nihilominus
3605 4201 3683 4255 si-

2106 4292 2254 4348 milis
2283 4304 2387 4354 est.
2424 4308 2454 4346 a
2483 4293 2717 4348 veritate
2750 4294 3047 4364 plurimum
3083 4294 3342 4357 aberras;
3379 4307 3506 4346 nam
3545 4307 3685 4362 qua-

2105 4401 2324 4456 cunque
2355 4385 2574 4440 demum
2605 4400 2672 4440 ex
2698 4388 2929 4442 materia
2954 4385 3186 4455 quilibet
3215 4399 3538 4456 expressum
3575 4385 3680 4438 ali-

2105 4479 2266 4548 cujus
2296 4477 2654 4534 simulacrum
2687 4491 2886 4533 ornare
2916 4477 3170 4542 voluerit,
3221 4491 3501 4548 nunquam
3545 4476 3678 4530 illud

416 4557 528 4641 τος.
583 4542 638 4595 Ὁ
673 4543 784 4612 γὰρ
808 4545 894 4614 μὴ
925 4547 1109 4615 τιμῶν
1139 4551 1244 4604 τὸν
1285 4553 1422 4607 Υἱὸν
1449 4556 1529 4620 ὡς
1577 4558 1713 4627 τιμᾷ
1741 4561 1845 4614 τὸν
1884 4566 2000 4616 Πα-

2110 4542 2230 4625 cum
2279 4570 2578 4639 exemplari
2623 4569 2743 4639 ipso
2784 4569 3076 4641 adaequare
3126 4542 3370 4640 poterit;
3395 4579 3479 4625 est
3533 4566 3681 4623 enim

415 4633 576 4734 τέρα,
616 4637 832 4734 ’ξι-ὀργὴ
879 4641 984 4695 τοῦ
1034 4644 1182 4698 Θεοῦ
1221 4645 1391 4714 μένει
1422 4648 1515 4700 ἐπ’
1553 4652 1759 4718 αὐτὸν,
1789 4655 1819 4706 6
1848 4655 2002 4724 ἅγιος

2110 4670 2396 4718 structura:
2419 4669 2583 4730 atque
2614 4633 3089 4734 eﬂectionis-opus
3117 4661 3273 4717 illud.
3305 4660 3463 4727 Quod
3497 4667 3680 4716 autem

417 4726 712 4836 αποστηολός
751 4748 921 4836 φησι·
978 4737 1072 4789 καὶ
1106 4738 1264 4792 πάλιν
1288 4755 1302 4770 ο
1352 4741 1499 4810 Ἐγὼ
1528 4744 1596 4797 ἐκ
1636 4746 1745 4800 τοῦ
1771 4750 2004 4818 Πατρός

2110 4754 2173 4808 ab
2226 4752 2414 4822 aliquo
2453 4726 2719 4823 gignitur,
2760 4726 3003 4824 idipsum
3033 4753 3100 4808 ad
3131 4753 3206 4819 id,
3241 4726 3386 4808 unde
3417 4752 3679 4824 gignitur,

415 4818 699 4917 έξῖὶλθον,
731 4821 832 4875 καὶ
862 4823 989 4891 ἥκω
1011 4841 1024 4856 ·
1069 4830 1098 4880 ὁ
1128 4831 1305 4901 φήσας
1329 4849 1340 4860 δ
1387 4833 1536 4902 Ἐγὼ
1573 4836 1644 4888 ὲν
1686 4836 1765 4902 τῷ
1794 4839 2001 4908 Πατρὶ,

2110 4818 2481 4915 germanitatis
2514 4818 2654 4900 vsuaa
2702 4818 2936 4902 simil-em
3003 4853 3058 4902 et
3119 4847 3382 4917 aequalem
3420 4818 3681 4898 vformam

416 4914 450 5014 (ξ
491 4913 695 5014 {latam
742 4915 813 4967 ἐν
843 4916 976 5014 spot
1001 4935 1015 4948 ο
1049 4919 1078 4971 ὁ
1115 4921 1288 4991 λέγων
1309 4939 1322 4954 ο
1359 4927 1637 4994 Φίλιππε,
1669 4932 1703 4982 ὀ
1731 4931 2004 4999 ἑωρακὼς

2110 4913 2326 4989 retinet.
2361 4932 2728 4998 Quamobrem
2758 4935 2806 4989 si
2837 4935 2908 4990 ab
2939 4935 3060 5006 ipso
3092 4913 3253 4991 Pal-re
3279 4950 3388 4990 non
3417 4940 3502 4990 est
3530 4933 3684 5004 geni-

414 5004 521 5071 ἐμὲ
555 5005 779 5074 ἑώρακε
811 5007 921 5061 τὸν
950 5013 1203 5081 Πατέρα.

2110 5037 2217 5088 tus,
2259 5033 2315 5080 et
2337 5035 2492 5080 extra
2524 5025 2704 5094 ipsum
2734 5034 2840 5096 est,
2879 5029 3004 5083 licet
3038 5029 3455 5084 similitudinem
3486 5041 3685 5097 quam-

415 5098 927 5192 damsubstantite,
969 5106 1116 5160 velut
1147 5109 1530 5177 gratilicando,
1573 5111 1808 5180 tribuas,
1846 5117 1986 5171 nihil
2021 5116 2125 5186 ipsi
2155 5117 2397 5188 largiris,
2430 5117 2522 5171 sed
2549 5117 2618 5169 ab
2665 5117 2786 5187 ejus
2846 5121 3102 5175 excidisti
3149 5123 3343 5192 gratia.
3388 5124 3493 5190 Qui
3545 5124 3683 5178 enim

416 5206 520 5285 n_on
549 5191 772 5248 honorat
835 5195 1060 5265 Filium,
1105 5201 1238 5253 sicut
1283 5202 1506 5256 honorat
1536 5203 1774 5275 Patrem,
1812 5209 1895 5263 ira
1961 5211 2053 5267 Dei
2100 5223 2275 5267 manet
2333 5213 2387 5265 in
2433 5211 2639 5279 ipsum,
2696 5213 2774 5266 ait
2825 5224 3050 5270 sanctus
3113 5191 3395 5284 apostolus
3422 5220 3464 5285 ’ί
3509 5219 3680 5273 item:

421 5282 572 5337 Exivi
596 5302 628 5338 a
655 5285 839 5352 Patre,
869 5299 915 5342 et
942 5290 1083 5344 vado
1116 5292 1156 5356 ³,
1184 5293 1271 5348 illc
1297 5294 1412 5362 ipse
1437 5294 1698 5352 nimirum
1725 5301 1817 5370 qui
1843 5303 1981 5358 dixit
2015 5323 2027 5358 :
2072 5303 2184 5377 Ego
2231 5307 2284 5358 in
2320 5304 2505 5370 Patre,
2544 5314 2594 5358 et
2631 5304 2794 5360 Pater
2838 5307 2893 5360 in
2932 5323 3010 5359 me
3027 5307 3082 5360 δ·.
3113 5282 3249 5362 Tum
3299 5282 3492 5368 illud:
3550 5308 3682 5363 Plii-

417 5379 575 5448 Iippe,
608 5383 699 5451 qui
729 5383 866 5437 videt
892 5402 990 5450 me,
1025 5387 1160 5440 videt
1191 5399 1238 5442 et
1263 5389 1484 5444 Patrem
1503 5393 1544 5445 ⁵.

488 5477 609 5527 ΛΖ’.
656 5476 921 5542 Πολλάκις
959 5480 1016 5532 δὲ
1046 5483 1140 5534 καὶ
1177 5486 1307 5555 περὶ
1341 5485 1542 5540 τούτων
1572 5489 1992 5561 διηγησάμενος,

416 5565 667 5633 ὀρκετῶς
699 5568 844 5637 ἔχειν
889 5571 1122 5625 ἐνταῦθα
1155 5574 1436 5643 ἡγούμεθα
1477 5577 1586 5632 τῶν
1633 5581 1812 5632 αὐτῶν
1861 5585 1994 5636 ἀνα-

417 5655 635 5726 τροπῶν
672 5658 778 5710 τῶν
813 5660 1078 5731 ῥηΟεισῶν
1127 5665 1234 5718 ἅνω
1283 5667 1416 5737 πρὸς
1448 5667 1543 5740 τὴν
1578 5670 1733 5739 ῥίζαν
1761 5674 1860 5743 τὴν
1899 5677 1993 5727 ἐκ·

2175 5493 2442 5548 XXXVII.
2483 5495 2754 5550 Caeterum
2792 5510 2918 5549 cum
2961 5495 3077 5551 hazc
3123 5496 3239 5550 sint
3263 5511 3292 5549 a
3329 5513 3415 5550 nte
3449 5506 3680 5552 tractata

2103 5589 2323 5657 smpius,
2351 5604 2470 5658 qua:
2497 5589 2571 5642 ad-
2593 5588 2769 5659 impiae
2805 5591 2967 5658 IlUjllS
2999 5589 3223 5644 haeresis
3248 5589 3414 5660 88-5
3441 5589 3680 5643 radicem

2102 5694 2166 5731 ac
2218 5678 2444 5748 stirpem
2488 5679 2840 5738 evertendam
2892 5688 3015 5734 ante
3062 5679 3323 5747 diximus,
3374 5680 3508 5755 satis
3557 5693 3680 5735 esse

494 5835 512 5868 ί
551 5835 612 5892 F.
646 5837 1080 5914 ὃιακοσμήσειεν.
1160 5845 1177 5874 ²
1217 5842 1373 5900 Joan.
1405 5863 1454 5913 ν,
1480 5847 1586 5914 2'6;
1619 5864 1701 5920 Ill,
1732 5849 1820 5907 56.
1898 5859 1916 5890 ³
1957 5866 2008 5910 δ(

2110 5895 2113 5908 .
2148 5855 2375 5922 “1,28.
2458 5859 2477 5886 ⁸
2515 5853 2671 5912 Joan.
2712 5875 2820 5925 διν,
2856 5860 2944 5914 νιυ.
3019 5859 3036 5891 ⁸
3079 5855 3208 5911 ibid.
3243 5855 3294 5910 9.
