4134 6386
464 368 563 424 471

1891 369 1949 422 S.
1988 369 2323 426 EPIPHANII

3619 368 3725 425 472

461 489 566 544 hoc
607 489 727 546 loco
768 497 1048 562 putamus,
1105 507 1228 546 cum
1272 489 1476 545 eaedem
1528 489 1634 546 illae
1687 491 1932 547 rationes
1969 495 2032 548 ad

2141 495 2389 564 φύσασαν
2433 494 2638 547 τούτων
2667 493 2766 565 τὴν
2802 491 3122 558 κακοδοξίαν
3158 490 3475 562 δυναμένων
3519 490 3612 542 καὶ
3639 491 3726 544 ιν-

466 582 836 640 Semisrianos
891 586 1030 640 istos
1075 579 1442 640 confutandos
1475 585 1877 639 accommodari
1915 601 2042 656 pos-

464 674 612 740 sint;
667 690 880 729 necnon
921 684 976 730 et
1031 674 1100 728 ad
1145 673 1268 728 illos
1314 673 1667 739 refellendos,
1720 676 1816 744 qui
1859 690 1919 730 se
1969 676 2040 730 ab

463 767 698 821 istorum
725 766 1003 821 consortio
1031 773 1411 836 segregarunt,
1441 766 1746 821 Acacianos
1770 767 2036 836 intelligo,

362 865 365 868 ‘
466 871 531 911 ac
565 853 792 913 caeteros
821 859 915 928 qui
952 857 1214 913 Seleuciae
1248 858 1303 912 in
1343 857 1552 912 Isauria
1589 859 1816 913 alteram
1844 874 2035 928 quam.

463 947 589 1003 dam
643 948 765 1003 fidei
830 948 1118 1004 formulam
1178 961 1232 1006 et
1287 950 1759 1004 abhorrentema
1809 952 2036 1007 veritate

460 1039 843 1106 condiderunt,
879 1056 1042 1112 quam
1074 1058 1174 1098 nos
1208 1043 1261 1096 in
1291 1053 1538 1113 apertum
1581 1043 1867 1114 lucemque
1909 1060 2036 1114 pro—

459 1129 603 1187 ferre
633 1133 902 1198 volentes,
943 1142 1000 1188 ut
1032 1142 1152 1189 erat
1189 1135 1258 1189 ab
1289 1135 1398 1189 illis
1427 1151 1494 1190 ex
1523 1137 1765 1190 omnium
1803 1152 2034 1208 persona

463 1225 800 1294 conscripta,
839 1233 965 1295 post
1002 1225 1190 1281 Basilii
1219 1225 1498 1296 Ancyrani
1544 1234 1598 1281 et
1644 1225 1863 1298 Georgii
1892 1225 2035 1283 Lao-

454 1315 632 1371 diceni
684 1317 1119 1386 confessionem,
1188 1319 1455 1389 integram
1509 1335 1677 1390 supra
1737 1323 2033 1392 proposui-

455 1427 600 1468 mus.
629 1411 800 1468 Porro
828 1430 898 1471 ne
921 1415 1080 1470 istam
1106 1415 1524 1486 professionem,
1552 1433 1676 1488 quae
1715 1418 2030 1476 clanculum

453 1505 674 1577 quidem
712 1521 838 1562 cum
870 1509 1076 1580 ingenti
1108 1509 1310 1564 damno
1339 1525 1404 1564 ac
1435 1510 1680 1580 pernicie
1720 1520 2030 1582 grassatur,

453 1601 570 1665 sed,
604 1610 664 1657 ut
690 1601 922 1670 tempori
965 1601 1191 1666 serviat,
1223 1615 1322 1671 per
1345 1601 1751 1659 simulationem
1781 1618 1847 1658 ac
1881 1603 2032 1660 frau-

454 1694 614 1761 dem,
669 1693 872 1763 injecto
921 1695 976 1749 in
1025 1709 1090 1751 os
1145 1694 1426 1765 capistro,
1473 1709 1540 1750 ac
1584 1696 1733 1750 velut
1789 1696 2028 1769 quodam

454 1781 610 1838 freno
642 1793 967 1847 coercetur;
996 1799 1064 1838 ne
1083 1783 1246 1850 hanc,
1284 1783 1532 1854 inquam,
1562 1784 1870 1856 negligens,
1894 1787 2031 1843 obli-

451 1875 616 1933 vione
664 1876 974 1946 praeterisse
1011 1875 1219 1938 videar,
1269 1891 1443 1946 pauca
1476 1875 1724 1946 quaedam
1759 1875 2026 1936 adversus

453 1963 622 2029 illam,
668 1972 724 2020 et
775 1971 1030 2018 auctores
1075 1963 1218 2032 ejus,
1275 1963 1536 2017 Acacium
1583 1963 1874 2029 videlicet,
1919 1963 2028 2020 Eu-

451 2056 632 2110 zoium
659 2096 674 2120 ,
730 2054 1056 2126 Eutychium
1084 2094 1100 2116 ,
1149 2068 1214 2108 ac
1259 2063 1490 2109 caeteros
1533 2055 1728 2110 horum
1784 2058 2026 2112 asseclas

450 2145 736 2216 disputare
791 2147 942 2202 libet.
999 2147 1326 2216 Quanquam
1378 2147 1522 2202 haud
1582 2148 1880 2204 obscurum
1919 2157 2024 2214 est,

450 2246 722 2308 quantum
757 2239 862 2294 ista
892 2237 1015 2293 fidei
1060 2237 1297 2309 formula
1330 2240 1580 2296 veritatis
1620 2241 1694 2295 sit
1739 2241 2026 2296 immutata

450 2330 744 2403 professio.
789 2329 989 2386 Verum
1040 2347 1109 2386 ne
1149 2347 1246 2402 per
1285 2333 1614 2388 calumniam
1652 2333 1768 2388 haec
1803 2348 1835 2387 a
1866 2335 2026 2390 nobis

449 2421 722 2480 adversus
749 2424 873 2480 illos
896 2439 1019 2480 esse
1051 2425 1200 2479 dicta
1233 2427 1505 2497 quispiam
1539 2427 1856 2492 contendat,
1885 2444 2028 2498 quae-

449 2529 578 2571 nam
611 2516 723 2570 sint
763 2531 1057 2588 progressu
1098 2519 1362 2589 temporis
1402 2520 1456 2574 in
1495 2519 1601 2574 hoc
1643 2518 1764 2590 ipso
1805 2520 2025 2576 illorum

448 2607 690 2663 concilio
747 2607 1089 2679 deprehensa
1137 2625 1202 2664 ac
1248 2609 1541 2680 patefacta,
1571 2611 2022 2668 monstrabimus.

448 2697 528 2753 Ex
581 2699 684 2753 hoc
723 2700 871 2754 enim
920 2717 1082 2772 grege
1135 2701 1495 2758 Czesariensis
1544 2702 1784 2759 Euzoius
1825 2705 2028 2774 prodiit

449 2787 671 2843 illorum
701 2789 1032 2860 discipulus,
1077 2792 1171 2862 qui
1207 2803 1329 2862 post
1355 2793 1618 2848 Acacium
1649 2793 1700 2848 ei
1731 2793 1851 2850 sedi
1886 2809 2028 2864 prae-

447 2879 576 2944 fuit,
617 2896 742 2935 cum
781 2891 910 2938 ante
943 2880 1301 2940 Pbilumenus
1328 2898 1358 2937 a
1385 2884 1590 2957 Cyrillo
1629 2883 2026 2956 Hierosolymi-

446 2980 582 3029 tano
614 2974 670 3028 in
707 2975 797 3029 illa
831 2977 1164 3032 constitutus
1197 2977 1428 3043 fuisset;
1460 2993 1526 3034 ac
1553 2978 1754 3034 deinde
1788 2979 2026 3051 Cyrillus

449 3066 638 3121 senior
667 3067 867 3123 ibidem
901 3069 972 3124 ab
999 3068 1270 3141 Eutychio
1307 3071 1653 3138 collocatus;
1701 3086 1766 3127 ac
1805 3071 2025 3127 demum

451 3155 706 3215 Gelasius
739 3161 806 3215 ab
833 3161 1038 3232 Cyrillo
1069 3161 1588 3234 Hierosolymitano,
1622 3167 1784 3234 cujus
1819 3165 2027 3220 sororis

451 3255 572 3303 erat
616 3249 783 3314 ﬁlius,
825 3268 1021 3310 rursus
1065 3263 1216 3310 esset
1260 3255 1576 3327 impositus.
1623 3256 1763 3312 Cum
1792 3257 1940 3313 enim
1969 3258 2026 3312 hi

447 3349 564 3397 tres
590 3343 703 3398 illic
733 3344 969 3400 ordinati
1008 3345 1220 3412 forent,
1276 3355 1330 3404 et
1357 3349 1429 3404 ob
1458 3355 1682 3405 mutuas
1713 3349 2025 3406 simultates

453 3434 720 3506 dignitate
775 3439 1107 3503 cessissent,
1161 3444 1511 3511 postmodum
1554 3441 1793 3497 Euzoius
1842 3441 2027 3498 sedem

452 3526 602 3582 illam
633 3529 889 3585 obtinuit.
927 3529 1004 3584 Ex
1032 3531 1238 3588 eisdem
1261 3534 1371 3589 illis
1404 3541 1461 3590 et
1492 3533 1830 3591 Gemellinns
1859 3537 2032 3592 exsti-

453 3620 541 3672 tit.
608 3619 846 3676 Indidem
906 3631 961 3678 et
1015 3622 1301 3694 Philippus
1361 3627 1867 3697 Scythopolitanus,
1911 3646 2034 3685 nec-

451 3725 562 3765 non
609 3719 664 3767 et
711 3713 1048 3772 Athanasius
1075 3715 1600 3788 'Scytbopolitanus.
1655 3720 1761 3786 Qui
1811 3723 2030 3792 quidem

452 3819 565 3859 non
603 3806 838 3871 occulte,
864 3807 959 3863 sed
1001 3809 1180 3879 palam
1223 3819 1281 3865 et
1302 3812 1587 3878 audacter,
1618 3815 1767 3869 velut
1813 3814 2033 3870 bonita—

456 3897 530 3952 tis
553 3899 736 3954 omnis
761 3907 1038 3970 expertes,
1069 3917 1180 3958 non
1209 3902 1328 3958 Arii
1362 3905 1540 3961 solum
1570 3905 1789 3962 decreta
1811 3907 2031 3971 docent,

457 3987 554 4043 sed
576 3997 630 4044 et
653 4005 808 4046 suam
830 3993 1078 4062 ipsorum
1105 4004 1459 4067 propugnant
1503 3998 1736 4056 hazresin
1802 4014 1868 4054 ac
1898 4001 2035 4055 veri-

455 4080 588 4135 tatis
636 4081 986 4151 professores
1041 4085 1432 4160 insequuntur.
1480 4088 1632 4156 Quos
1689 4105 1799 4145 non
1848 4091 2033 4146 verbis

458 4172 623 4228 modo
639 4175 888 4231 nituntur
908 4186 1174 4245 evertere,
1193 4179 1287 4235 sed
1313 4190 1369 4236 et
1389 4179 1682 4238 hostilibus
1703 4181 2030 4247 inimicitiis,

458 4276 525 4316 ac
555 4263 712 4320 bellis
747 4265 1049 4333 lacessunt,
1079 4279 1135 4326 et
1164 4271 1222 4326 in
1250 4282 1414 4328 rectae
1444 4272 1570 4327 fidei
1599 4281 1901 4330 sectatores
1926 4274 2036 4344 gla-

2141 586 2316 640 ταῦθα
2337 585 2558 648 τούτους
2587 586 2714 647 τοὺς
2747 584 3179 654 προειρημένους
3214 583 3562 654 Ἦμιαρείους
3593 582 3724 634 ἀνα-

2140 683 2383 750 τρέπειν,
2423 679 2518 731 καί⁸
2551 679 2678 741 τοὺς
2722 677 2820 731 ἀπ’
2869 676 3050 730 αὐτῶν
3085 675 3397 746 σχίσαντας,
3435 675 3562 736 τοὺς
3593 674 3722 744 περὶ

2153 771 2404 825 Ἀκάκιον
2443 771 2536 824 καὶ
2591 771 2716 832 τοὺς
2760 768 2955 832 ἄλλους
3005 769 3134 831 τοὺς
3171 767 3501 838 ὲκθεμένους
3548 768 3606 819 ὲν
3649 767 3717 836 τῇ

2140 863 2428 934 Σελευκείᾳ
2478 866 2578 933 τῆς
2621 861 2892 934 Ἰσαυρίας
2943 860 3139 931 ἑτέραν
3188 859 3371 912 πίστιν
3421 857 3575 928 παρὰ
3620 857 3718 928 τὴν

2137 956 2236 1025 τῆς
2269 953 2547 1024 ἀληθείας,
2575 954 2641 1024 ἢν
2671 953 2764 1006 καὶ
2786 952 2955 1022 αὐτὴν
2978 953 3075 1021 τὴν
3101 951 3162 1015 ἐξ
3193 949 3372 1004 αὐτῶν
3404 949 3718 1003 ὲκτεθεῖσαν

2137 1051 2216 1113 είς
2270 1048 2502 1118 φανερὸν
2548 1046 2858 1116 βουλόμενοι
2913 1043 3277 1112 καταστῆσαι,
3329 1042 3531 1111 ὁμοίως
3577 1041 3718 1112 μετὰ

2134 1142 2235 1212 τὴν
2270 1139 2550 1194 Βασιλείου
2593 1137 2928 1209 Ἀγκυρηνοῦ
2959 1137 3053 1190 καὶ
3097 1133 3371 1206 Γεωργίου
3404 1132 3500 1186 τοῦ
3527 1133 3717 1186 Λαοδι-

2136 1231 2298 1295 κέως,
2350 1231 2415 1284 ἐκ
2467 1229 2760 1299 προσώπου
2811 1228 2948 1282 ὅλων
2977 1225 3372 1298 γεγραμμένην
3412 1226 3593 1278 πᾶσαν
3622 1241 3714 1276 τε-

2133 1319 2294 1382 λείως
2341 1317 2739 1391 προετάξαμεν.
2782 1319 2900 1372 Ἵνα
2935 1317 2991 1371 δὲ
3024 1317 3118 1370 καὶ
3152 1315 3358 1384 ταύτην
3396 1313 3496 1383 τὴν
3529 1313 3713 1384 κρυφῆ

2136 1410 2237 1480 μὲν
2268 1409 2339 1464 τὰ
2367 1411 2514 1465 δεινά
2540 1410 2933 1481 ἐργαζομένην.
2973 1409 3139 1480 φιμὸν
3164 1408 3221 1462 δὲ
3250 1407 3343 1460 ἐπὶ
3379 1406 3457 1476 τῷ
3487 1406 3712 1476 στόματι

2132 1502 2424 1567 λαϐοῦσαν,
2473 1505 2661 1574 ὥσπερ
2701 1502 2791 1557 διὰ
2838 1501 3052 1574 χαλινοῦ
3107 1501 3196 1554 διὰ
3235 1499 3328 1553 τὸν
3374 1497 3564 1568 καιρὸν
3610 1497 3713 1566 τῆς

2131 1595 2495 1668 ὑποκρίσεως,
2519 1594 2593 1667 μὴ
2624 1597 2682 1649 ὲν
2733 1594 2970 1666 δευτέρῳ
2999 1592 3225 1664 θέμενος
3261 1589 3398 1655 δόξω
3443 1589 3520 1652 ὡς
3570 1588 3713 1642 κατά

2129 1687 2302 1760 λήθην
2348 1687 2509 1742 τοῦτο
2541 1687 2922 1760 πεποιηκέναι,
2951 1685 3089 1752 λέξω
3129 1685 3224 1738 καὶ
3255 1683 3412 1752 ὀλίγα
3453 1681 3588 1752 πρὸς
3616 1681 3712 1734 αύ-

2127 1779 2230 1855 τὴν
2263 1781 2357 1836 καὶ
2385 1781 2511 1844 τοὺς
2541 1781 2713 1852 αὐτὴν
2743 1778 3090 1851 ὲκθεμένους,
3125 1777 3262 1849 πρὸς
3295 1778 3421 1839 τοὺς
3455 1791 3714 1846 προειρη·

2137 1871 2329 1945 μένους
2357 1875 2486 1942 περὶ
2537 1872 2810 1933 Ἀκάκιον.
2852 1871 2948 1925 καὶ
2993 1868 3253 1935 Εύζώῖον,
3289 1869 3384 1922 καὶ
3423 1866 3710 1937 Εὐτύχιον,

2134 1968 2228 2020 καὶ
2264 1966 2392 2031 τοὺς
2437 1963 2648 2028 ἄλλους.
2689 1962 2802 2017 Καὶ
2848 1961 3058 2034 φανερά
3097 1962 3197 2030 μὲν
3250 1961 3394 2015 ἐστιν
3431 1959 3465 2028 ἡ
3500 1956 3714 2020 έκθεσις

2133 2061 2168 2132 ἡ
2199 2059 2557 2131 προκειμένη,
2609 2054 2948 2111 ἀλλοιώσασα
2982 2055 3084 2125 τὴν
3114 2051 3404 2124 ὁμολογίαν
3431 2049 3531 2120 τῆς
3576 2047 3712 2116 ἀλη-

2133 2152 2320 2216 θείαςο
2353 2153 2440 2206 ἵνα
2487 2151 2540 2206 δὲ
2598 2151 2672 2222 μή
2720 2166 2868 2212 τινες
2914 2148 3108 2201 είπωσι
3152 2146 3294 2200 κατά
3347 2141 3714 2211 συκοφαντίαν

2135 2244 2274 2316 πρὸς
2305 2243 2532 2306 τούτους
2560 2243 2708 2313 ἡμᾶς
2755 2232 3058 2313 εἰρηκέναι,
3089 2239 3351 2308 δείξωμεν
3399 2234 3436 2289 ά
3482 2232 3714 2304 προϐαι-

2132 2337 2331 2390 νόντων
2360 2336 2468 2390 τῶν
2497 2335 2704 2406 χρόνων
2737 2331 2892 2404 ὤφθη
2936 2331 3033 2384 καὶ
3079 2327 3306 2400 φωράθη
3338 2328 3397 2380 ὲν
3424 2329 3492 2396 τῇ
3525 2340 3712 2395 προει·

2136 2428 2346 2502 ρημένῃ
2394 2428 2506 2481 τῶν
2557 2425 2735 2480 αὐτῶν
2789 2424 3012 2495 συνόδῳ.
3083 2421 3172 2486 Ἐξ
3225 2418 3406 2473 αὐτῶν
3453 2417 3564 2487 γὰρ
3612 2415 3714 2468 Et).

2132 2520 2292 2586 ζώῖος
2325 2519 2437 2590 (69)
2470 2520 2500 2572 ό
2547 2520 2604 2573 έν
2642 2516 2973 2588 Καισαρείᾳ,
3007 2513 3252 2586 μαθητὴς
3284 2511 3507 2564 ἐκείνων
3538 2508 3714 2578 ὑπάρ-

2131 2631 2263 2685 χων,
2303 2615 2353 2666 εί
2383 2613 2477 2667 καὶ
2501 2611 2594 2666 τὸν
2637 2611 2890 2664 Ἀκάκιον
2914 2606 3183 2672 διεδέξατο
3214 2602 3352 2676 μετά
3379 2601 3713 2656 κατάστασιν

2129 2703 2459 2775 Φιλουμένου
2503 2701 2598 2755 τοῦ
2656 2702 2762 2755 ὑπὸ
2806 2699 3076 2772 Κυρίλλου
3125 2695 3221 2750 τοῦ
3288 2691 3712 2766 ’ίεροσολυμίτου

2131 2795 2587 2859 κατασταθέντος,
2623 2794 2716 2848 καὶ
2759 2793 2898 2864 μετὰ
2945 2792 3278 2846 κατάστασιν
3316 2784 3585 2856 Κυρίλλου
3617 2781 3712 2836 τοῦ

2131 2891 2407 2963 γέροντος,
2445 2888 2541 2942 τοῦ
2585 2888 2696 2942 ἀπὸ
2727 2887 2837 2941 τῶν
2871 2885 3002 2958 περὶ
3055 2881 3318 2952 Εύτύχιον
3351 2875 3718 2933 κατασταθέν⁶

2131 3001 2244 3048 τος,
2274 2983 2369 3037 καὶ
2419 2980 2556 3054 μετὰ
2586 2980 2921 3036 κατάστασιν
2954 2977 3214 3032 Γελασίου
3254 2973 3348 3027 τοῦ
3381 2970 3486 3025 ὑπὸ
3518 2968 3720 3041 Κυρίλ-

2133 3076 2224 3130 λου
2276 3071 2433 3138 αὖθις
2479 3074 2573 3130 τοῦ
2636 3071 3063 3144 Ἰεροσολυμίτου
3130 3065 3585 3126 κατασταθέντος.
3629 3059 3721 3125 Ἐξ

2054 3211 2098 3270 c
2132 3167 2370 3238 ἀδελφῆς
2397 3167 2506 3239 γὰρ
2558 3165 2725 3221 αὑτοῦ
2769 3165 3052 3234 ἐτύγχανε.
3108 3153 3720 3270 Κατασταθένῖωἷὶγὰρ

2130 3259 2241 3315 τῶν
2269 3259 2457 3331 τριῶν,
2487 3260 2584 3314 καὶ
2614 3256 2980 3330 ἀργησάντων
3008 3253 3096 3308 διὰ
3139 3252 3239 3323 τὴν
3270 3251 3407 3322 πρὸς
3456 3245 3722 3318 ἀλλήλους

2133 3352 2271 3424 ἔριν,
2303 3347 2459 3415 αὖθις
2491 3354 2520 3405 ό
2556 3346 2953 3422 προειρημένος
2985 3343 3224 3410 Εύζώῖος
3253 3339 3579 3408 κατεστάθη.
3633 3337 3724 3402 Ἐξ

2134 3443 2315 3496 αύτῶν
2361 3437 2456 3496 οῦν
2502 3442 2596 3494 καὶ
2646 3438 2968 3510 Γεμελλῖνος
3001 3435 3279 3505 ὑπῆρχεν·
3327 3429 3387 3496 ἐξ
3423 3428 3606 3483 αὐτῶν
3632 3426 3723 3480 Φί-

2135 3533 2337 3598 λιππος
2393 3535 2422 3588 ό
2481 3528 2915 3601 Σκυθοπολίτηςο
2971 3525 3032 3592 ἐξ
3081 3525 3260 3580 αὐτῶν
3326 3519 3645 3581 Ἀθανάσιος
3695 3517 3724 3568 ὁ

2136 3626 2564 3696 Σκυθοπολίτηςο
2612 3625 2810 3686 οἵτινες
2866 3623 2967 3676 ούκ
3023 3622 3082 3674 ὲν
3129 3619 3334 3691 κρυφῇ.
3397 3613 3534 3669 ἀλλὰ
3585 3609 3725 3683 μετὰ

2134 3719 2468 3792 παρρησίας,
2519 3718 2594 3780 ὠς
2639 3714 3188 3786 ἀπειραγαθήσαντες
3238 3712 3279 3770 ¹.
3328 3710 3390 3762 ού
3451 3705 3613 3771 μόνον
3653 3699 3726 3756 τὰ

2149 3811 2357 3884 Ἀρείου
2403 3810 2768 3872 διδάσκουσιν,
2817 3807 2929 3860 ἀλλ’
2970 3803 3346 3876 ὑπερμαχοῦσο
3391 3801 3494 3870 τῆς
3541 3793 3724 3852 αὐτῶν

2139 3905 2423 3978 αἱρέσεως,
2466 3904 2564 3957 καὶ
2605 3903 2732 3965 τοὺς
2769 3901 2868 3972 τὴν
2898 3899 3156 3970 ἀλήθειαν
3201 3897 3550 3956 διδάσκοντας
3597 3890 3722 3944 διώ-

2141 4015 2350 4062 κουσιν,
2388 3998 2574 4050 οὐκέτι
2609 3996 2789 4063 λόγοις
2835 3993 3150 4064 βουλόμενοι
3195 3988 3543 4060 ἀνατρέπειν,
3587 3982 3721 4037 ἀλλὰ

2140 4093 2238 4145 καὶ⁹
2279 4092 2544 4164 ἐχθρίαις,
2573 4091 2668 4143 καὶ
2699 4087 2978 4158 πολέμοις,
3026 4085 3122 4140 καὶ
3157 4082 3451 4154 μαχαίραις
3489 4077 3720 4149 παραδι-

2138 4183 2322 4246 δόντες
2359 4183 2484 4246 τοὺς
2513 4180 2689 4253 ὀρθῶς
2722 4178 3093 4240 πιστεύοντας.
3147 4177 3346 4247 Δύμην,
3371 4172 3478 4242 γὰρ
3524 4169 3586 4223 οὺ
3624 4169 3722 4240 μιᾷ

2139 4275 2294 4329 πόλει
2327 4276 2420 4329 καὶ
2451 4275 2606 4347 χώρᾳ.
2641 4273 2986 4344 εἰργάσαντο,
3017 4267 3153 4323 ἀλλά
3196 4266 3437 4329 πολλαῖς.

454 4355 568 4413 diis
601 4359 768 4416 etiam
797 4363 1259 4422 animadvertunt.
1304 4364 1416 4424 Nec
1464 4367 1611 4424 enim
1656 4368 1715 4423 in
1771 4383 1882 4424 una
1923 4369 2195 4424 duntaxat
2245 4371 2490 4434 civitate,
2548 4370 2632 4424 vel
2676 4366 2995 4437 provincia,
3065 4363 3157 4419 sed
3217 4363 3274 4418 in
3313 4360 3593 4431 plerisque
3626 4371 3723 4412 ne-

456 4453 596 4512 farie
623 4457 870 4514 bacchati
899 4469 1047 4517 sunt.

528 4546 700 4618 886
736 4545 1025 4606 XXXVIII.
1065 4550 1384 4619 Cuiusmodi
1418 4553 1624 4610 Lucius
1661 4556 1753 4611 ille
1797 4556 1918 4620 fuit,
1945 4557 2042 4627 qui

2220 4555 2349 4609 Μὶν.
2385 4557 2406 4587 ²
2429 4553 2656 4616 Λούκιος
2685 4543 2860 4615 οὗτος,
2894 4550 2923 4602 δ
2955 4550 3012 4603 ὲν
3067 4543 3442 4616 Ἀλεξανδρείᾳ
3489 4539 3727 4596 τοσαῦτα

458 4633 807 4692 Alexandria:
835 4638 1101 4698 adversus
1127 4657 1244 4707 eos,
1281 4644 1376 4714 qui
1411 4645 1479 4700 de
1513 4647 1606 4701 Dei
1649 4645 1788 4700 Filio
1818 4663 1944 4702 vera
1980 4662 2032 4702 ac

2149 4648 2526 4719 ἐργασάμενος
2563 4649 2642 4710 είς
2683 4641 2809 4708 τοὺς
2860 4640 3253 4712 ὁμολογοῦντας
3304 4637 3398 4690 τὸν
3447 4635 3575 4689 Υίδν
3627 4633 3724 4688 τοῦ

457 4727 679 4785 sincera
733 4731 1166 4802 profitebantur,
1229 4742 1338 4789 tam
1389 4736 1660 4792 horrenda
1719 4746 1776 4794 et
1832 4739 2041 4794 atrocia

459 4823 686 4882 molitus
741 4832 846 4882 est.
907 4824 1078 4898 Igitur
1121 4829 1245 4898 quis
1299 4829 1532 4884 istorum
1585 4831 1916 4895 sodalitium,
1977 4846 2043 4887 ac

461 4914 779 4982 factionem,
810 4918 903 4988 qui
937 4918 1156 4988 quidem
1195 4919 1382 4974 divina
1432 4920 1697 4990 sapientia
1733 4921 1807 4976 sit
1843 4921 2040 4990 praedi-

461 5015 574 5074 tus,
607 5024 716 5064 non
757 5010 811 5064 in
833 5009 953 5066 dies
981 5013 1269 5083 agnoscit?
1297 5011 1766 5080 Quemadmodum
1796 5024 2039 5070 creatum

461 5114 586 5156 esse
619 5101 714 5157 Dei
742 5100 965 5169 Filium,
997 5119 1064 5159 ac
1100 5113 1344 5160 creatum
1372 5105 1635 5176 Spiritum
1665 5115 1937 5170 sanctum,
1976 5123 2042 5163 ac

543 5255 561 5285 ¹
605 5253 667 5311 F.
692 5258 1224 5332 ἁνδραγαθήσαντες.
1301 5263 1320 5291 ²
1361 5263 1524 5319 Deest
1553 5263 1762 5334 ὥσπερ.

547 5413 654 5472 (69)
709 5413 809 5476 Ἐξ
843 5412 1042 5466 αὐτῶν·
1076 5413 1187 5482 γὰρ
1228 5412 1498 5480 Εὑζώϊος.
1537 5415 1894 5473 Caesariensis
1938 5414 2042 5470 iste

471 5488 591 5536 κατ’
618 5481 1018 5552 ἀντιδιαττολήν
1049 5481 1271 5544 dicitur,
1296 5494 1356 5538 ut
1383 5485 1450 5538 ab
1481 5485 1652 5538 altero
1675 5487 2040 5550 discernatur,

473 5555 566 5618 qui
597 5568 719 5606 cum
745 5555 1009 5607 diaconus
1027 5555 1406 5610 Alexandrinae
1426 5563 1574 5611 esset
1603 5554 1884 5619 Ecclesiae,
1917 5571 2043 5611 cum

475 5623 607 5692 Ario
649 5625 865 5691 pulsus,
891 5633 1080 5692 postea
1119 5626 1518 5680 Antiochenam
1563 5625 1746 5680 sedem
1780 5626 2041 5680 obtinuit.

479 5691 929 5763 5t_C:esariensis
955 5695 1152 5748 Acacio
1186 5697 1490 5750 succedens
1521 5711 1896 5750 successorem
1929 5697 2045 5763 ipse

481 5759 754 5812 Gelasium
778 5763 1008 5832 habuit,
1043 5773 1101 5816 ut
1144 5764 1366 5819 Ilieron.
1398 5766 1494 5820 Iib.
1531 5766 1606 5819 De
1643 5768 1829 5832 script.
1858 5759 2040 5819 eccies.

481 5835 731 5884 testatur.
764 5830 884 5898 Quo
938 5833 992 5890 in
1045 5835 1184 5890 libro
1223 5834 1410 5892 Euzoii
1448 5837 1664 5902 insuper
1721 5830 1879 5894 iStius
1932 5851 2044 5891 me-

2147 4738 2282 4792 Θεοῦ
2309 4740 2368 4792 ὲν
2410 4736 2655 4809 ἀληθείᾳ.
2697 4737 2763 4790 Ἥ
2799 4735 2856 4788 δὲ
2887 4732 3068 4788 αὐτῶν
3108 4729 3312 4801 φατρία
3343 4726 3464 4781 καθ’
3490 4725 3727 4795 ἑκάστην

2148 4833 2364 4905 ἡμέραν
2415 4832 2522 4884 τίνι
2574 4829 2684 4882 τῶν
2736 4827 2950 4881 σύνεσιν
2995 4823 3131 4878 Θεοῦ
3179 4822 3410 4894 ἑχόντων
3463 4821 3563 4874 οὐκ
3611 4819 3726 4872 ἔστι

2147 4923 2317 4993 δήλη;
2347 4921 2423 4985 ὡς
2451 4921 2686 4992 δημοσίᾳ
2715 4917 3045 4989 κηρύττουσι
3081 4914 3298 4968 κτιστὸν
3350 4911 3448 4982 μὲν
3479 4911 3569 4964 τὸν
3599 4907 3728 4962 Υίδν

2148 5017 2242 5070 τοῦ
2272 5013 2429 5078 Θεοῦ,
2462 5013 2675 5068 κτιστὺν
2705 5012 2762 5064 δὲ
2789 5010 2884 5065 καὶ
2912 5009 2975 5063 τὺ
3000 5010 3153 5077 ἆγιον
3182 5002 3428 5076 Πνεῦμα,
3451 5003 3546 5056 καὶ
3574 4999 3728 5054 ἁλλό-

2149 5124 2297 5178 τριον
2346 5105 2659 5159 παντάπασι
2702 5103 2802 5174 τῆς
2851 5099 2948 5154 τοῦ
2985 5099 3120 5154 Θεοῦ
3171 5097 3378 5160 οὐσίας.
3443 5095 3578 5166 Περὶ
3619 5091 3727 5161 γὰρ

2139 5412 2317 5475 minit,
2367 5426 2602 5480 eumque
2657 5407 2852 5480 scribit
2912 5421 3036 5460 cum
3057 5403 3724 5480 _Gregorio_1_\'azianzeno

2141 5473 2431 5552 Thespesii
2457 5473 2696 5534 rhetoris
2721 5479 3027 5552 auditorem
3049 5475 3536 5552 Qws_area:_fu_isse:
3565 5473 3725 5544 cujus

2141 5545 2310 5607 urbis'
2327 5553 2700 5620 episcopatum
2749 5549 3003 5620 adeptus,
3037 5545 3499 5620 plurimouiobore
3540 5560 3723 5620 corru-

2141 5635 2282 5696 ptam
2317 5615 2685 5676 bibliothecam
2729 5618 2971 5688 Origem's
2999 5615 3351 5696 et‘l’autpbili
3376 5617 3430 5668 in
3461 5615 3722 5696 membra-

2141 5685 2223 5746 nis
2251 5695 2554 5746 instaurare
2584 5699 2803 5745 conatus
2829 5685 2910 5743 est
2937 5705 2954 5740 :
2999 5685 3066 5738 ad
3096 5695 3387 5741 extremum
3427 5685 3522 5738 sub
3554 5685 3721 5740 Theo-

2143 5765 2289 5818 dosio
2323 5764 2556 5831 principe
2593 5762 2828 5816 Ecclesia
2858 5757 3040 5829 pulsus
3073 5766 3170 5810 est.
