4134 6386
393 386 500 445 473

1062 390 1432 446 ADVERSUS
1466 391 1808 446 ll/ERESES
1846 391 1963 445 LIB.

2063 391 2098 447 Ι.
2129 391 2296 450 TOM.
2338 394 2380 448 1.
2403 424 2472 434 -
2509 393 2784 448 ΗᾸΞΒΕΞ.
2826 391 3056 452 LXXIV.

3563 402 3667 460 474

392 516 484 570 τὸν
514 516 530 546 ⁸
565 514 694 584 περὶ
726 511 996 577 Εύδόξιον,
1043 513 1226 580 ὲξότου
1260 515 1321 568 τὸ
1364 514 1514 578 τέλος
1545 514 1847 586 ἀπείληφεν
1882 517 1963 568 αἱ·

2074 514 2169 571 Dei
2215 515 2523 571 substantia
2557 517 2796 571 alienum
2843 517 3058 587 publice
3094 522 3389 590 praedicare
3421 540 3531 580 non
3564 527 3666 582 du-

394 606 572 679 σχρῶς
604 608 633 659 ό
672 603 944 675 Γεώργιος
971 606 1058 656 ἐπ’
1107 604 1536 675 Ἀλεξανδρείας,
1579 607 1672 660 καὶ
1713 607 1782 659 τὰ
1819 623 1976 678 πρω-

389 703 509 753 τεῖα
541 697 778 763 ἐδέξατο,
799 697 893 748 καὶ¹
915 696 984 750 τὰ
1008 695 1136 764 φίλα
1160 697 1296 768 πρὸς
1326 697 1423 769 τὴν
1447 699 1567 750 κατ’
1589 697 1782 770 ἐξοχὴν
1811 694 1976 752 οὖσαν

390 788 660 857 ἐξουσίαν.
695 787 946 851 Εὐδόξιος
978 786 1052 839 ὢν
1095 788 1203 841 ἀπὸ
1224 790 1244 820 ²
1269 788 1377 842 τῶν
1418 788 1548 860 περὶ
1593 789 1852 842 Ὑπάτιον
1882 791 1976 844 καὶ

390 883 656 954 Εὐνόμιον
687 880 833 945 ἔδοξε
865 879 954 933 διά
978 897 1100 934 τινα
1127 880 1366 934 θωπείαν
1401 881 1477 945 ὡς
1515 881 1890 953 ἐλεγχόμενος,
1912 883 1972 937 ού

388 975 620 1033 διέλειπε
649 975 718 1027 τὰ
761 973 861 1045 μὲν
891 972 1000 1026 τῶν
1049 973 1346 1044 Ἀνομοίων
1392 973 1643 1046 φρονῶν,
1681 975 1976 1047 ἐπικρυὸό-

392 1085 552 1140 μενος
581 1067 662 1131 δὲ,
697 1065 792 1129 οὓς
825 1063 1094 1136 ὲξώρισάν
1134 1082 1265 1118 ποτε
1303 1065 1393 1120 διὰ
1432 1065 1532 1136 τὴν
1577 1066 1836 1138 τοιαύτην
1878 1066 1972 1120 τοῦ

388 1159 667 1233 βαράθρου
698 1157 979 1229 ἐξήγησιν,
1001 1156 1166 1221 αὐτὸς
1187 1159 1267 1222 είς
1296 1157 1582 1229 προκοπὴν
1614 1157 1838 1228 ἀγαγὼν
1869 1161 1974 1230 Δη-

391 1251 636 1324 μόφιλον,
672 1251 949 1316 Ὑπάτιον,
991 1249 1278 1322 Εὐνόμιον,
1302 1252 1431 1315 τοὺς
1461 1249 1667 1304 Ἀετίου
1701 1250 1970 1322 μαθητὰς,

388 1343 485 1418 τοῦ
523 1342 891 1416 ὲξορισθέντος
923 1340 1055 1394 ποτὲ
1091 1344 1171 1406 είς
1210 1341 1278 1394 τὰ
1307 1341 1401 1395 τοῦ
1427 1341 1643 1413 Ταύρου
1681 1343 1843 1416 μέρη,
1877 1342 1971 1396 τοῦ

389 1436 494 1491 ὑπὸ
529 1436 804 1507 Γεωργίου
836 1433 932 1487 τοῦ
966 1432 1364 1504 Ἀλεξανδρέως
1396 1432 1512 1501 (70)
1542 1433 1975 1497 κατασταθέντος

385 1527 669 1582 διακόνου·
718 1526 778 1592 ἐξ
826 1518 1000 1597 οὗπερ
1048 1526 1082 1596 ἡ
1134 1524 1244 1578 τῶν
1297 1523 1591 1595 Ἀνομοίων
1633 1524 1774 1595 ὲφύη
1823 1523 1970 1594 ῥίζα,

389 1621 517 1692 μιᾶς
550 1619 649 1690 μὲν
694 1615 1036 1680 ἀκανθώδους
1078 1614 1246 1686 οῦσης
1287 1617 1384 1670 καὶ
1432 1617 1532 1687 τῆς
1579 1617 1750 1689 αὐτῆς
1795 1616 1970 1688 ῥίζης,

384 1711 657 1783 διαφόρως
680 1710 756 1774 δὲ,
780 1708 856 1772 ὡς
885 1708 978 1764 ἐπὶ
1009 1709 1248 1779 ἑκάστης
1291 1707 1534 1779 ἀκάνθης
1575 1708 1645 1762 τὰ
1674 1707 1970 1780 σχίσματα,

383 1803 526 1858 οὕτω
557 1803 649 1856 καὶ
672 1804 704 1873 ή
736 1801 939 1854 τούτων
968 1800 1227 1854 κακόνοια
1252 1799 1427 1864 ἄλλως
1451 1799 1641 1854 ἄλλοτε
1670 1800 1764 1853 καὶ
1783 1799 1970 1853 ἄλλοτε

2076 606 2269 662 bitent.
2347 607 2482 661 Nam
2537 608 2685 677 quod
2728 609 2796 662 ad
2841 608 3151 664 Eudoxium
3191 615 3408 679 attinet,
3453 633 3482 670 a
3555 633 3667 687 quo

2078 707 2326 768 tempore
2383 696 2652 769 Georgius
2705 700 3051 756 Alexandria:
3111 705 3491 774 turpissimum
3539 708 3667 762 vita:

2074 791 2283 844 exitum
2333 791 2562 846 sortitus
2607 800 2711 856 est,
2757 806 2881 847 cum
2919 793 3220 863 principem
3274 795 3434 851 facile
3485 797 3665 853 locum

2075 883 2334 948 obtinuit,
2378 893 2488 938 tum
2526 884 2668 954 apud
2717 900 2833 947 eos,
2876 901 3042 954 penes
3063 902 3200 956 quos
3235 902 3508 942 summum
3557 889 3664 942 im-

2076 976 2287 1046 perium
2319 977 2637 1054 est.rgratia
2672 987 2728 1031 et
2767 978 3091 1033 auctoritate
3134 977 3342 1034 lloruit.
3383 979 3665 1035 Eudoxius

2075 1069 2242 1140 igitur
2272 1085 2340 1124 ex
2375 1068 2572 1141 Hypati
2599 1080 2653 1125 et
2707 1068 2960 1124 Eunomii
2992 1086 3175 1141 grege,
3203 1077 3262 1125 ut
3300 1087 3360 1128 se
3409 1071 3477 1126 ad
3524 1081 3663 1127 tem-

2077 1177 2179 1232 pus
2227 1163 2622 1226 accommodet,
2675 1163 2962 1218 convictus
3006 1164 3309 1234 praesertim
3369 1179 3434 1218 ac
3478 1179 3665 1235 repre-

2074 1251 2304 1318 hensus,
2362 1256 2756 1310 Anomteorum
2814 1255 3068 1325 dogmata
3121 1256 3499 1324 nihilominus,
3566 1257 3663 1315 sed

2074 1349 2288 1401 occulte
2329 1361 2394 1400 ac
2427 1346 2838 1402 dissimulanter
2886 1350 3130 1412 retinuit,
3165 1357 3278 1403 tum
3312 1366 3451 1419 quos
3480 1350 3550 1405 ob
3576 1350 3661 1405 al-

2073 1441 2346 1496 tissimam
2377 1441 2524 1494 illam
2571 1440 2868 1510 impietatis
2896 1443 3210 1512 voraginem
3252 1443 3543 1513 aliquando
3572 1459 3662 1498 re-

2074 1532 2409 1602 legaverant,
2445 1533 2512 1587 ad
2559 1533 2858 1603 potentiam
2890 1535 3090 1600 evexit,
3128 1533 3532 1604 Demophilum,
3570 1537 3660 1589 in-

2072 1637 2259 1693 quam,
2288 1621 2603 1694 Hypatium,
2629 1623 2976 1689 Eunomium,
2999 1624 3297 1680 illiusAetii
3324 1625 3656 1696 discipulos:

2073 1714 2168 1784 qui
2217 1729 2248 1768 a
2286 1712 2521 1786 Georgio
2565 1715 2938 1771 Alexandrino
2979 1716 3246 1788 diaconus
3285 1719 3570 1774 ordinatus
3600 1719 3659 1772 in

2073 1803 2256 1860 Tauro
2294 1807 2600 1876 subjectam
2639 1808 2916 1878 regionem
2954 1808 3271 1878 deportatus
3310 1817 3394 1866 est
3431 1829 3444 1865 :
3487 1826 3518 1863 a
3551 1826 3660 1881 quo

382 1897 559 1959 ἄλλως
617 1893 688 1948 τὰ
743 1892 1258 1966 παρερμηνεύματα
1312 1893 1414 1963 τῆς
1453 1891 1746 1956 κακοδόξου
1809 1891 1962 1964 αἱρέε-

2067 1897 2456 1952 Anommorum
2493 1899 2649 1970 origo
2683 1901 2960 1967 manavit;
3003 1903 3140 1957 adeo
3182 1911 3241 1956 ut
3297 1919 3404 1957 una
3439 1903 3658 1973 quidem

385 2006 522 2050 σεως
557 1987 652 2040 ἐπὶ
686 1986 746 2039 τὸ
789 1987 970 2056 χεῖρον
1001 1984 1379 2056 προκόπτοντα
1411 1984 1512 2054 τὴν
1542 1983 1720 2056 λύμην
1762 1985 1840 2056 τῷ
1871 1985 1970 2056 βίῳ

383 2081 640 2152 ὲξήμεσε,
670 2078 765 2132 καὶ
794 2077 870 2141 ὡς
901 2075 1129 2147 ὕστερον
1164 2076 1296 2148 περὶ
1333 2076 1526 2130 τούτου
1560 2075 1655 2130 τοῦ
1689 2077 1969 2148 Ἀνομοίου

380 2173 544 2227 πάλιν
565 2170 821 2243 ἐροῦμεν.
850 2170 932 2222 Τὰ
963 2169 1019 2222 δὲ
1041 2166 1138 2221 νῦν
1167 2167 1274 2230 ἓως
1306 2160 1410 2221 ὧδε
1431 2167 1612 2232 καλῶς
1644 2167 1786 2241 ἔχειν
1814 2168 1972 2239 νομί-

379 2279 594 2327 σαντες,
621 2263 716 2315 καὶ
741 2261 930 2332 ὥσπερ
959 2260 1190 2332 ἑρπετὸν
1217 2261 1391 2314 δεινὸν
1418 2261 1842 2333 ἀνατρέψαντες,
1873 2261 1970 2315 καὶ

379 2353 790 2424 παρωσάμενοι,
825 2351 1202 2424 άνετρέψαμεν
1236 2352 1356 2422 μὲν,
1385 2353 1480 2407 καὶ
1506 2354 1851 2424 πατήσαντες
1878 2371 1969 2406 τε-

377 2445 589 2500 θνεῶτα
617 2444 1056 2516 καταλείψωμεν,
1092 2445 1188 2500 aca‘t
1225 2447 1713 2518 παρεγκλίναντες,
1748 2449 1841 2501 ἐπὶ
1866 2448 1968 2512 τὰς

376 2537 507 2608 ἑξῆς
537 2538 892 2612 ὁρμήσωμεν,
921 2535 1055 2590 Θεὸν
1086 2537 1506 2608 ἐπικαλούμενοι
1542 2539 1806 2611 βοηθῆσαι
1830 2541 1966 2611 ἡμῖν

373 2627 638 2692 ὡσαύτως
668 2630 750 2692 είς
774 2628 836 2681 τὸ
864 2627 966 2699 τὴν
997 2626 1333 2696 ἐπαγγελίαν
1363 2627 1674 2700 πληρῶσαι.

2068 2000 2134 2040 ac
2167 1987 2432 2056 singulari
2472 2004 2538 2042 ex
2580 1989 2785 2054 radice,
2838 1992 3120 2060 spinarum
3173 1993 3369 2058 instar,
3423 1995 3658 2051 haereSes

2067 2077 2174 2132 illae
2203 2093 2396 2135 omnes
2429 2079 2846 2147 fruticaverint;
2885 2083 2980 2138 sed
3013 2085 3179 2139 variis
3225 2093 3408 2141 tamen
3453 2087 3656 2152 modis,

2069 2179 2130 2226 ut
2171 2171 2227 2226 in
2269 2173 2556 2242 spinarum
2603 2174 2772 2231 ramis
2805 2190 2867 2230 ac
2899 2177 3161 2241 surculis,
3199 2178 3417 2233 illorum
3450 2179 3660 2250 impro-

2065 2263 2212 2320 bitas
2261 2266 2385 2324 aliis
2420 2267 2529 2320 alio
2558 2276 2805 2338 tempore
2835 2267 3058 2323 nefariae
3084 2270 3310 2325 haeresis
3337 2273 3656 2342 excogitatis

2067 2356 2620 2428 interpretationibus
2661 2367 2716 2413 et
2753 2360 2808 2413 in
2839 2360 3083 2416 deterius
3125 2363 3454 2433 progressis,
3495 2379 3658 2420 suum

2069 2448 2127 2504 in
2171 2451 2360 2505 orbem
2418 2461 2688 2504 terrarum
2739 2452 2970 2506 exitium
3020 2467 3085 2507 ac
3156 2453 3308 2509 virus
3383 2454 3656 2519 eﬂ'uderit.

2066 2541 2528 2610 quemadmodum
2583 2542 2652 2598 de
2708 2542 2813 2596 hac
2879 2542 2998 2613 ipsa
3063 2543 3454 2602 Anommorum
3510 2555 3660 2603 secta

2064 2635 2260 2688 iterum
2309 2641 2500 2704 postea
2532 2623 2802 2690 dicemus.
2840 2633 2998 2690 Nunc
3043 2644 3224 2692 autem
3277 2638 3343 2694 iis
3376 2655 3496 2710 qua:
3529 2656 3659 2718 sunt

375 2722 641 2777 hactenus
669 2720 1260 2787 dicta,contenti,cum
1290 2721 1439 2775 velut
1492 2720 1787 2778 immanem
1851 2726 2140 2794 quemdam
2195 2736 2504 2798 serpentem
2570 2728 2998 2784 exstinxerimus
3049 2743 3114 2783 ac
3160 2729 3653 2802 proﬂigaverimus,

375 2816 523 2870 hunc
553 2829 655 2870 nos
699 2815 1077 2883 proculcatum
1126 2821 1515 2884 mortuumque
1562 2814 1958 2884 relinquamus,
1998 2826 2053 2873 et
2102 2819 2172 2872 ad
2210 2819 2316 2873 alia
2382 2818 2638 2874 conversi
2687 2827 2918 2876 caeteras
2971 2821 3353 2890 aggrediamur
3396 2822 3654 2904 haereses.

374 2909 470 2966 Dei
501 2923 606 2981 ope
642 2910 882 2980 primum
924 2909 1169 2964 omnium
1215 2909 1505 2971 advocata,
1537 2917 1598 2962 ut
1641 2918 1956 2978 susceptum
1993 2924 2133 2982 opus
2163 2911 2231 2967 ad
2264 2913 2472 2966 exitum
2506 2910 2810 2982 perducere
2848 2913 3145 2982 possimus.

641 3046 832 3100 ΚΑΤΑ
889 3043 1521 3099 ΠΝΕΥΜΑΤΟΜΑΧΩΝ
1552 3044 1688 3116 (7|),

372 3158 763 3228 Πεντηκοστὴ
789 3158 1062 3229 τετάρτη,
1089 3160 1128 3228 ἠ
1166 3157 1267 3212 καὶ
1305 3157 1650 3225 ἐπτακοστὴ
1685 3157 1957 3227 τετάρτη.
1987 3207 2030 3266 C

443 3277 522 3330 A'.
572 3274 704 3328 Ἀπὸ
733 3274 940 3327 τούτων
971 3271 1083 3326 τῶν
1114 3272 1448 3344 Ἠμιαρείων
1476 3271 1570 3325 καὶ
1609 3272 1719 3324 ἀπὸ
1750 3271 1964 3340 ὀρθοδό-

374 3366 480 3433 ξων
521 3367 691 3431 τινὲς,
719 3366 796 3430 ὡς
841 3367 1046 3428 εἰπεῖν,
1076 3364 1238 3435 τέρας
1266 3364 1379 3416 τισὶ
1413 3363 1435 3395 ³
1465 3363 1818 3434 γεννηθέντες
1864 3365 1960 3418 άν-

374 3462 614 3532 θρωποι,
655 3459 866 3528 διφυεῖς
910 3457 1008 3510 καὶ⁹
1045 3456 1402 3528 ήμίπλαστοι,
1429 3455 1505 3519 ὡς
1553 3456 1682 3518 τοὺς
1729 3453 1961 3508 κενταύ-

375 3571 522 3626 ρους,
567 3554 601 3624 ἢ
655 3555 861 3617 Πᾶνας,
897 3551 930 3622 ἢ
982 3552 1237 3623 σειρῆνας
1283 3551 1334 3605 οἱ
1371 3549 1791 3620 ἀναγράψαντες
1831 3547 1960 3612 τοὺς

377 3645 620 3716 μύθους,
679 3643 1060 3714 ἐπανέστησαν
1115 3644 1275 3713 ἡμῖν·
1330 3643 1379 3696 oi
1435 3641 1533 3712 μὲν
1581 3639 1692 3695 ἀπὸ
1748 3639 1959 3710 Ἀρείου

375 3738 546 3801 ὄντες,
575 3737 671 3788 καὶ
702 3735 864 3806 δῆθεν
891 3733 984 3787 τὸν
1020 3733 1150 3787 Υίὸν
1188 3731 1249 3786 ού
1284 3730 1490 3784 τέλειον
1519 3729 1739 3784 κτιστὸν
1779 3729 1961 3801 ὁριζό-

375 3847 547 3900 μενοι,
585 3829 702 3882 ἀλλ’
735 3828 863 3881 Υίὸν
895 3826 1140 3898 ἀχρόνως
1181 3825 1598 3896 γεγεννημένον.
1656 3824 1862 3896 Χρόνον
1899 3823 1958 3876 δὲ

371 3925 430 3976 ἐν
465 3920 690 3991 ὑπονοίᾳ
731 3918 948 3988 λέγουσι
996 3918 1090 3972 τὸν
1123 3919 1216 3971 ἀπ’
1269 3916 1502 3987 ούρανοῦ
1543 3916 1638 3969 καὶ⁹
1667 3915 1844 3986 δεῦρο.
1881 3915 1958 3967 Ού

375 4014 482 4085 μὴν
515 4011 931 4082 ἀπηλλαγμένοι
961 4011 1062 4082 τῆς
1096 4011 1154 4063 ὲν
1195 4008 1435 4080 πρώτοις
1462 4007 1570 4062 ἀπὸ
1612 4008 1825 4078 Ἀρείου
1870 4005 1958 4071 ἐξ-

373 4105 664 4176 εμεθείσης
685 4104 903 4169 λέξεως,
937 4103 1036 4173 τῆς
1060 4101 1376 4172 φασκούσης
1399 4097 1540 4154 εἷναί
1580 4117 1709 4152 ποτε
1731 4101 1822 4154 ὅτε
1856 4099 1957 4152 οὐκ

374 4190 462 4263 ἦν.
496 4189 612 4266 Πρὸ
635 4193 846 4264 χρόνων
875 4192 932 4245 δὲ
977 4192 1197 4245 πάντων
1237 4192 1402 4245 αὐτὸν
1441 4186 1617 4254 εἶναι,
1658 4189 1734 4242 δι’
1777 4185 1850 4246 οὗ
1883 4189 1958 4243 τὰ

371 4285 572 4340 πάντα
599 4285 828 4356 γέγονε,
857 4284 1126 4352 λέγοντες,
1157 4281 1538 4354 βλασφημοῦσι
1562 4281 1624 4334 τὸ
1651 4281 1874 4352 Πνεῦμα
1895 4280 1957 4334 τὸ

372 4379 547 4446 ἅγιον.
583 4377 769 4432 Ἀλλοι
795 4377 853 4430 δὲ
891 4376 1052 4446 φύσει
1086 4376 1181 4428 καὶ
1223 4375 1355 4446 περὶ
1379 4375 1471 4428 τὸν
1496 4373 1625 4427 Υίὸν
1661 4371 1956 4445 ὀρθοδόξως

372 4472 608 4543 ἔχοντες,
643 4471 725 4524 ὅτι
747 4466 817 4540 ἦν
849 4468 939 4522 ἀεὶ
968 4467 1065 4521 σὺν
1087 4468 1286 4538 Πατρὶ,
1310 4467 1406 4520 καὶ
1434 4466 1690 4519 οὐδέποτε
1718 4465 1954 4518 διέλειπε

2365 3043 2648 3100 CONTRA
2684 3044 3374 3115 PNEUMATOMACHOS,

2279 3158 2412 3226 Quae
2461 3169 2541 3214 est
2587 3159 2803 3214 haeresis
2831 3158 2986 3225 LIV,
3025 3161 3134 3215 sive
3177 3159 3443 3218 LXXIV.

2134 3267 2174 3323 1.
2217 3271 2303 3326 Ab
2351 3271 2440 3328 bis
2498 3271 2878 3338 Semiarianis,
2915 3281 2969 3327 et
3017 3273 3088 3328 ab
3124 3273 3446 3330 orthodoxis
3498 3291 3656 3330 mon-

2065 3369 2239 3416 strum
2275 3363 2572 3432 quoddam,
2623 3372 2685 3417 ut
2738 3363 2815 3418 ita
2866 3363 3069 3430 dicam,
3124 3365 3293 3435 887
3333 3359 3649 3422 biformium

2064 3453 2347 3509 hominum
2376 3470 2439 3508 ac
2495 3455 2877 3510 semiferorum
2931 3465 3125 3512 contra
3175 3471 3276 3513 nos
3337 3458 3640 3513 excitatum

2061 3551 2188 3599 est:
2219 3546 2528 3615 cujusmodi
2559 3555 2875 3613 centauros,
2921 3555 3016 3602 aut
3061 3547 3261 3612 Panas,
3300 3557 3394 3603 aut
3440 3550 3650 3606 sirenas

2062 3637 2374 3692 fabularum
2415 3639 2575 3694 nobis
2600 3639 2840 3696 artiﬁces
2869 3639 3196 3709 ediderunt;
3234 3641 3328 3695 alii
3356 3642 3556 3711 quippe
3583 3643 3652 3698 ab

2060 3731 2265 3784 Ariana
2315 3731 2605 3801 disciplina
2655 3731 2886 3801 profecti
2931 3731 3131 3786 Filium
3177 3748 3289 3787 non
3343 3734 3648 3788 absolutam

2059 3821 2315 3878 videlicet
2349 3833 2659 3878 creaturam
2703 3839 2829 3879 esse
2865 3824 3154 3893 definiunt,
3204 3825 3299 3880 sed
3349 3826 3468 3881 sine
3509 3833 3649 3880 tem-

2058 3930 2193 3986 pore
2241 3929 2366 3971 esse
2417 3917 2681 3986 genitum.
2735 3915 2974 3987 Tempus
3025 3924 3206 3971 autem
3265 3917 3398 3970 illud
3441 3918 3495 3970 in
3546 3932 3648 3973 sua

2059 4007 2317 4077 Opinione
2366 4009 2842 4092 statuunt,.quod
2894 4023 2924 4062 a
2974 4009 3115 4063 ccelo
3161 4008 3386 4063 condito
3438 4009 3506 4062 ad
3548 4009 3650 4063 ho-

2058 4099 2308 4155 diernum
2337 4116 2514 4170 usque
2540 4101 2684 4156 diem
2715 4101 2941 4156 eﬂluxit.
2980 4101 3085 4156 Sed
3117 4116 3146 4153 a
3185 4099 3368 4170 priore
3397 4101 3488 4153 illa
3521 4115 3650 4154 sen-

2057 4191 2252 4258 tentia,
2285 4205 2449 4260 quam
2469 4192 2635 4246 Arius
2673 4192 2937 4255 evomuit,
2971 4203 3312 4261 nequaquam
3338 4189 3642 4245 recedunt:

2058 4281 2230 4336 fuisse
2261 4281 2523 4335 nimirum
2563 4289 2804 4351 tempus,
2833 4295 2957 4336 cum
2995 4280 3238 4336 nondum
3273 4287 3421 4335 esset
3448 4278 3647 4336 Filius.

2055 4371 2228 4427 Porro
2269 4388 2394 4427 cum
2444 4374 2786 4443 temporibus
2829 4373 3086 4429 omnibus
3125 4372 3457 4428 anteriorem
3490 4372 3644 4426 illum

2057 4481 2181 4521 esse
2225 4465 2445 4530 docent,
2476 4481 2568 4535 per
2602 4482 2754 4536 quem
2787 4467 2965 4520 omnia
3001 4466 3151 4536 facta
3182 4473 3308 4518 sunt
3355 4463 3401 4530 ³⁵,
3431 4471 3546 4531 tum
3575 4464 3651 4518 de

370 4564 463 4618 τοῦ
494 4561 668 4617 εἶναι’
702 4561 814 4616 ἀλλ’
857 4562 923 4615 ἐκ
957 4559 1170 4631 Πατρὸς
1218 4559 1316 4630 μὲν
1366 4559 1528 4612 αὐτὸν
1558 4557 1952 4628 γεγεννημένον

2063 4555 2265 4627 Spiritu
2293 4565 2484 4612 sancto
2513 4558 2907 4613 contumeliose
2934 4557 3204 4629 garriunt.
3231 4555 3337 4611 Alii
3362 4571 3493 4611 vero
3517 4570 3646 4609 cum

371 4653 623 4722 ἁνάρχως
669 4651 766 4704 καὶ
817 4647 1095 4721 ἀχρόνως·
1130 4649 1210 4712 είς
1240 4648 1303 4701 τὸ
1353 4648 1577 4719 Πνεῦμα
1613 4649 1670 4702 δὲ
1707 4649 1766 4702 τὸ
1799 4648 1955 4717 ἆγιον

371 4745 574 4808 πάντες
606 4737 751 4797 οῦτοι
781 4739 1184 4812 βλασφημοῦσι,
1231 4738 1306 4811 μὴ
1333 4739 1793 4810 συναριθμοῦντες
1821 4740 1956 4792 αὐτὸ

371 4838 551 4906 Πατρὶ
600 4835 694 4889 καὶ
738 4832 854 4904 Υἱῷ
905 4835 963 4886 ὲν
996 4835 1062 4904 τῇ
1107 4831 1341 4903 θεότητι.
1398 4831 1669 4895 Πολλάκις
1714 4832 1772 4885 δὲ
1822 4832 1954 4902 περὶ

371 4929 565 4984 τούτου
625 4925 798 4980 πολλὰ
843 4924 1230 4995 διελέχθημεν,
1272 4925 1368 4978 καὶ
1399 4926 1458 4977 ὲν
1506 4925 1713 4994 ἑκάστῃ
1741 4923 1951 4994 αἱρέσει

371 5025 470 5094 τήν
501 5038 564 5074 τε
603 5017 862 5090 ἀληθινὴν
911 5016 1042 5087 περὶ
1090 5015 1254 5070 αὐτοῦ
1305 5016 1566 5071 σύστασιν
1590 5057 1605 5080 ,
1639 5017 1701 5069 ού
1741 5015 1951 5085 μικρῶς

373 5108 798 5186 ὑφηγησάμεθα,
825 5107 901 5171 ὡς
927 5107 1025 5160 σὺν
1052 5108 1228 5178 Πατρὶ
1247 5108 1343 5162 καὶ
1363 5109 1478 5179 Υίῷ
1503 5107 1950 5180 κυριολεκτείται.

371 5208 618 5276 Πνεῦμα
647 5208 756 5276 γὰρ
783 5206 1005 5275 Κυρίου
1039 5200 1396 5270 πεπλήρωκε
1418 5200 1534 5269 τὴν
1559 5199 1917 5270 οἰκουμένην
1935 5215 1948 5229 ⁸

372 5303 441 5358 τὸ
483 5299 729 5372 Πνεῦμα
771 5298 883 5368 τῆς
931 5297 1240 5366 ἀληθείας,
1290 5296 1354 5348 τὸ
1388 5295 1614 5365 Πνεῦμα
1644 5293 1741 5346 τοῦ
1789 5291 1950 5346 Θεοῦ.

445 5483 462 5515 ¹
489 5481 550 5536 F.
587 5481 715 5536 τῶν.
791 5483 813 5512 ²
852 5479 915 5535 F.
947 5474 1040 5533 οὖν
1066 5476 1193 5531 ἀπό.
1231 5473 1336 5530 Sed
1368 5473 1483 5529 haec
1511 5482 1789 5543 corrupta.
1865 5470 1886 5500 ³
1922 5468 1979 5524 F.

442 5642 556 5709 (70)
599 5641 710 5697 Τοῦ
736 5637 857 5695 ὑπὸ
894 5641 1085 5709 Γεωργ
1098 5636 1188 5689 Iov
1215 5631 1812 5709 τοῦ-Ἀλεξανδρέως.
1835 5629 1947 5709 _So-

371 5700 555 5770 crates
590 5713 628 5766 l.
671 5728 730 5773 ιι,
766 5727 819 5764 c.
845 5709 936 5772 28,
971 5700 1030 5762 et
1065 5700 1283 5761 Sozom.
1328 5703 1364 5756 l.
1404 5719 1477 5764 ιν,
1516 5718 1566 5757 c.
1612 5702 1700 5773 ll.
1730 5700 1942 5754 Aetium

373 5786 622 5839 scribunt
661 5797 689 5834 a
718 5772 966 5835 Leontio
1027 5777 1248 5830 Evirato
1298 5773 1601 5826 Antiochiae
1653 5772 1942 5824 diaconum

371 5855 686 5910 ordinatum
713 5873 723 5908 :
753 5851 897 5923 quod
914 5858 967 5903 et
991 5847 1187 5904 Suidas
1210 5861 1270 5902 ac
1290 5842 1627 5913 Niccpliorus
1667 5841 1937 5913 sequitur.

2051 4646 2121 4701 de
2173 4643 2312 4701 Filio
2370 4655 2519 4701 recte
2589 4655 2646 4702 et
2693 4663 2762 4702 ex
2820 4648 2946 4702 lidei
2999 4647 3284 4702 catholicae
3324 4647 3649 4715 praescripto

2051 4739 2306 4802 sentiant,
2345 4754 2409 4794 ac
2441 4753 2657 4809 semper
2679 4754 2804 4795 cum
2834 4739 2998 4795 Patre
3035 4739 3228 4805 fuisse,
3259 4753 3363 4794 nec
3396 4751 3646 4806 unquam

2049 4847 2171 4887 esse
2203 4831 2434 4886 desiisse
2481 4839 2696 4902 putent,
2745 4831 2992 4903 adeoque
3039 4834 3159 4887 sine
3205 4831 3321 4884 ullo
3366 4829 3521 4883 initio
3574 4841 3644 4880 ac

2049 4933 2296 4994 tempore
2329 4939 2360 4978 a
2393 4923 2553 4979 Patre
2578 4940 2706 4980 esse
2739 4925 3060 4994 productum
3093 4943 3106 4978 :
3140 4922 3504 4978 nihilominus
3526 4929 3642 4973 tam

2051 5018 2125 5082 hi,
2159 5033 2325 5087 quam
2363 5017 2454 5071 alii
2506 5031 2698 5072 omnes
2738 5017 2796 5071 in
2840 5015 3106 5086 Spiritum
3138 5026 3390 5071 sanctum
3431 5023 3636 5068 contu-

2050 5110 2263 5165 meliosi
2295 5117 2446 5170 sunt.
2475 5125 2638 5179 quem
2673 5124 2800 5164 cum
2846 5107 3009 5164 Patre
3044 5115 3100 5164 et
3133 5106 3276 5162 Filio
3304 5107 3362 5160 in
3393 5118 3637 5160 comme-

2051 5204 2319 5255 moranda
2353 5201 2638 5257 divinitate
2677 5216 2787 5256 non
2836 5207 3142 5256 numerant.
3195 5196 3307 5253 Nos
3358 5205 3537 5251 autem
3571 5210 3636 5248 ea

2051 5291 2120 5348 de
2163 5307 2221 5347 re
2258 5307 2502 5363 persaepe
2551 5288 2980 5364 disputavimus,
3011 5300 3068 5347 et
3113 5291 3168 5347 in
3215 5289 3448 5360 singulis
3487 5287 3638 5343 refu-

2040 5469 2308 5539 εράστιον.
2377 5471 2398 5501 δ
2437 5469 2597 5527 Joan.
2630 5486 2668 5536 ι,
2698 5471 2752 5525 ’5.

2125 5627 2238 5698 (Ἠ)
2279 5629 2443 5684 Κατὰ
2494 5628 3037 5698 Πνευματομάχων.
3090 5625 3166 5682 De
3209 5626 3632 5698 Pnt-umatoma-

2051 5695 2172 5754 chi‘s
2219 5695 2520 5767 eorumque
2554 5695 2819 5769 principe
2843 5695 3171 5769 Macedonio,
3197 5699 3321 5769 agit
3376 5695 3631 5752 Socrates

2053 5770 2146 5826 lib.
2177 5787 2235 5838 ιι,
2263 5785 2383 5842 cap.
2411 5770 2480 5827 '55
2517 5767 2748 5826 szom.‘
2769 5771 2862 5826 lib.
2897 5785 2970 5838 iv,
2995 5783 3118 5840 cap.
3151 5767 3240 5824 49.
