4134 6386
474 286 580 343 475

1879 293 1936 350 S.
1977 295 2314 356 ΕΡῙΡΗΑΝΙΙ

3645 301 3741 360 Πῦ

471 405 656 460 tandis
691 404 992 462 haeresibus
1017 406 1342 464 certissimis
1369 405 1420 462 id
1454 409 1757 467 rationibus
1794 429 1901 466 non
1941 431 2056 470 me-

2163 420 2387 490 Πνεῦμα
2417 421 2523 493 γὰρ
2557 423 2602 474 Κ
2627 423 2762 494 ιρίου
2813 421 3050 490 λέγεται,
3095 421 3189 474 καὶ
3230 420 3294 472 ἑκ
3337 419 3548 489 Πατρὺς
3579 420 3741 474 ἐκπο-

472 499 648 554 diocri
708 498 990 570 diligentia
1039 501 1328 569 probatum
1385 502 1756 572 reliquimus:
1807 505 2061 564 videlicet

475 585 740 660 Spiritum
794 597 1048 644 sanctum
1087 605 1213 644 cum
1263 589 1424 646 Patre
1477 600 1530 646 et
1581 591 1718 646 Filio
1769 593 2058 652 Dominum

474 681 762 752 appellari.
805 681 1041 752 Spiritus
1071 685 1212 737 enim
1245 681 1460 738 Domini
1489 686 1704 754 replevit
1748 688 1924 743 orbem
1957 701 2061 745 lcr-

475 789 655 827 rarum
689 773 706 804 ¹
738 791 750 828 :
782 773 1018 843 Spiritus
1061 775 1154 830 ille
1202 778 1476 832 aeritatis'
1536 793 1601 834 ac
1645 778 1761 836 Dei.
1821 781 2060 854 Spiritus

471 867 616 922 enim
661 865 875 923 Domini
923 868 1145 936 dicitur,
1195 878 1250 926 ct
1284 886 1314 926 ιι
1339 869 1499 927 Patre
1549 875 1852 942 procedens
1877 877 1918 942 ³,
1945 885 1998 934 et
2030 895 2060 934 a

470 957 610 1014 Filio
660 959 1003 1030 accipiens‘,
1077 977 1142 1016 ac
1207 962 1440 1034 singulis
1481 965 1632 1020 varie
1677 965 1822 1021 dona
1873 969 2062 1025 distri-

469 1049 644 1104 buens
662 1049 706 1114 ⁸,
761 1059 926 1121 prout
971 1051 1170 1120 libet',
1207 1051 1304 1108 Dei
1351 1069 1570 1124 quoque
1599 1055 1868 1125 profunda
1897 1075 2058 1116 scru-

469 1145 594 1190 tans
621 1137 664 1202 ⁶,
720 1151 846 1192 cum
894 1137 1057 1196 Patre
1101 1141 1375 1198 exsistens
1419 1151 1472 1199 et
1521 1141 1702 1212 Filio,
1744 1146 2050 1220 baptizans,

469 1227 792 1298 obsignans.
835 1229 1294 1302 obsignatumque
1354 1231 1665 1303 perliciens.
1725 1235 1921 1294 Verum
1985 1259 2054 1298 ne

467 1319 719 1374 eumdem
753 1320 994 1376 laborem
1029 1323 1227 1378 iterum
1259 1324 1363 1381 hoc
1392 1327 1514 1382 loco
1551 1333 1814 1400 repetam,
1845 1345 1966 1400 qua:
1994 1330 2050 1386 in

469 1421 664 1481 magna
693 1409 784 1464 illa
814 1409 1205 1482 disputatione,
1231 1431 1395 1486 quam
1445 1417 1514 1473 de
1543 1417 1650 1474 lide
1677 1419 1734 1473 in
1779 1417 2053 1492 Pamphy-

2163 511 2476 583 ρευόμενον,
2517 515 2610 568 καὶ
2630 515 2692 568 τὸ
2715 513 2843 568 Υἱοῦ
2877 513 3174 584 λαμϐάνον,
3205 511 3560 582 χαριζόμενόν
3589 529 3646 564 τε
3674 511 3742 567 τὰ

2162 601 2478 672 χαρίσματα
2522 603 2826 676 διαφόρως,
2855 604 2932 667 ὡς
2967 603 3246 672 βούλεται,
3282 601 3515 672 ἐρευνῶν
3549 601 3642 654 καὶ
3673 601 3740 656 τὰ

2163 689 2301 764 βάθη
2347 693 2442 745 τοῦ
2487 693 2642 760 Θεοῦ,
2681 697 2779 748 σὺν
2823 696 2999 766 Πατρὶ
3047 693 3141 747 καὶ
3199 692 3314 764 Υἱῷ
3343 691 3424 760 ὃν,
3461 693 3738 763 βαπτίζων,

2164 783 2486 856 σφραγίζον,
2531 787 2768 841 τελειοῦν
2799 789 2890 842 τὸν
2929 787 3386 860 ὲσφραγισμένον.
3422 787 3540 838 Ἵνα
3579 785 3634 838 δὲ
3667 787 3739 856 μὴ

2163 877 2398 932 ἐνταῦθα
2436 879 2682 952 κάματον
2711 881 3074 952 ἀναδέξωμαι,
3116 881 3184 934 τὰ
3222 881 3323 952 ἤδη
3357 897 3446 950 μοι
3477 879 3741 951 εἰρημένα

2161 967 2220 1020 ὲν
2253 967 2331 1038 τῷ
2374 969 2596 1040 μεγάλῳ
2641 969 2784 1042 λόγῳ
2817 971 2894 1042 τῷ
2926 971 3056 1041 περὶ
3093 969 3330 1034 πίστεως
3357 968 3620 1040 γραφέντι
3660 969 3740 1032 εἰς

2159 1055 2226 1110 τὰ
2253 1057 2396 1130 μέρη
2423 1061 2522 1130 τῆς
2545 1061 2857 1132 Παμφύλων
2877 1061 3284 1134 παραθήσομαι,
3307 1061 3444 1132 πρὸς
3472 1059 3740 1114 ἀντίθεσιν

2167 1147 2266 1220 μὲν
2303 1149 2412 1204 τῶν
2438 1149 2904 1224 βλασφημούντων
2935 1153 2994 1205 τὺ
3023 1151 3177 1222 ἅγιον
3211 1151 3454 1222 Πνεῦμα,
3483 1152 3563 1213 εἰς
3597 1149 3740 1204 διδα-

2167 1242 2394 1296 σκαλίαν
2425 1245 2482 1297 δὲ
2521 1246 2630 1300 τῶν
2666 1246 3129 1318 ἐντυγχανόντων,
3173 1245 3267 1298 καὶ
3309 1245 3389 1310 εἰς
3441 1241 3739 1315 εὐφρασίαν

2158 1333 2268 1388 τῶν
2325 1336 2643 1410 Πνεῦματος
2708 1339 2864 1408 ἁγίου
2927 1337 3387 1408 καταξιουμένων.
3445 1335 3555 1388 Καὶ
3623 1333 3738 1386 ἐστι

2157 1424 2300 1484 τάδε.

468 1503 596 1557 liam
628 1505 848 1577 scripsi,
881 1507 1012 1562 olim
1043 1523 1072 1562 a
1101 1525 1190 1566 me
1246 1511 1524 1583 disputata
1567 1523 1715 1580 sunt,
1779 1515 1868 1570 hic
1907 1533 2234 1589 pr0ponam,
2305 1540 2416 1596 quo
2474 1535 2530 1582 et
2579 1527 3004 1584 contumeliosos
3049 1525 3170 1580 illos
3209 1523 3265 1578 in
3300 1521 3562 1594 Spiritum
3609 1532 3737 1572 san-

470 1608 616 1656 ctum
647 1601 934 1662 haereticos
961 1607 1226 1674 refellam,
1273 1619 1327 1664 et
1353 1611 1582 1668 lectores
1617 1611 1899 1668 instituam
1932 1655 1949 1682 ,
1985 1618 2138 1674 etiis
2198 1621 2290 1692 qui
2339 1623 2606 1694 Spiritum
2667 1633 2919 1682 sanetum
2961 1623 3352 1688 obtinuerunt,
3403 1618 3737 1688 voluptatem

469 1709 534 1750 ac
569 1695 807 1752 laetitiam
836 1697 1079 1754 all‘eram.
1111 1701 1186 1756 Ea
1231 1717 1394 1773 porro
1423 1711 1552 1758 sunt
1581 1704 1872 1775 ejusmodi.

793 1813 878 1867 Ea:
908 1813 1177 1870 Ancorato
1209 1827 1452 1887 excerpta
1479 1818 1740 1890 quatdam.

545 1927 610 1982 ll.
663 1929 918 1996 Apparuit
972 1929 1150 1998 gratia
1195 1927 1412 1983 Domini
1460 1932 1629 1984 nostri
1673 1931 1804 1986 Jesu
1857 1931 2057 1988 Christi

467 2017 711 2072 erudiens
743 2035 858 2085 nos,
891 2027 952 2072 ut
983 2019 1300 2090 abnegantes
1335 2023 1660 2091 impietatem
1692 2032 1743 2078 et
1772 2026 2060 2079 swcularia

467 2109 750 2176 desideria,
779 2110 974 2176 sobrie,
1001 2111 1085 2179 pie
1113 2119 1166 2164 et
1189 2112 1330 2181 iuste
1358 2114 1590 2168 vivamus
1622 2115 1676 2168 in
1713 2115 1810 2170 hoc
1839 2117 2056 2182 steculo,

465 2209 824 2270 exspectantes
849 2201 1022 2274 888
1051 2203 1260 2258 beatam
1289 2219 1432 2272 spem
1473 2213 1524 2258 et
1555 2205 1838 2262 adventum
1874 2209 2058 2279 gloria:

467 2294 644 2364 magni
665 2291 764 2348 Dei
787 2301 836 2348 et
867 2293 1163 2350 Saluatoris
1213 2297 1387 2350 nostri
1409 2293 1542 2350 Jesu
1567 2297 1791 2364 Christi,
1822 2303 1913 2370 qui
1947 2311 2058 2356 tra-

465 2385 604 2440 didit
640 2387 870 2456 seipsum
907 2403 1002 2455 pro
1048 2385 1196 2442 nobis
1245 2397 1302 2441 ut
1339 2387 1617 2443 redimeret
1663 2407 1757 2444 nos
1801 2391 1866 2445 ab
1915 2394 2057 2448 omni

467 2475 766 2544 iniquitate,
791 2483 843 2528 et
865 2485 1116 2546 purgaret
1143 2475 1248 2532 sibi
1285 2478 1390 2548 ipsi
1425 2479 1680 2548 populum
1707 2479 2054 2550 peculiarem,

465 2575 780 2622 sectatorem
826 2567 1082 2621 bonorum
1131 2585 1346 2638 operum
1379 2569 1423 2636 ⁷,
1471 2569 1642 2624 deleto
1699 2588 1792 2641 per
1847 2571 2056 2628 decreta

466 2677 566 2713 sua
603 2659 975 2731 chirographo,
1007 2661 1146 2730 quod
1177 2671 1362 2715 contra
1400 2679 1496 2716 nos
1527 2673 1645 2717 erat
1691 2681 1754 2718 ac
1783 2665 1932 2720 nobis
1959 2667 2058 2720 ad-

466 2751 802 2826 rersabatur,
859 2751 998 2822 quod
1026 2769 1055 2808 ε
1081 2753 1250 2808 medio
1279 2754 1550 2809 sublatum
1583 2756 1752 2825 alﬁxit
1794 2759 1960 2816 cruci,
1995 2775 2056 2811 ac

465 2845 792 2913 principatus
839 2853 890 2900 et
933 2845 1216 2915 potestates
1247 2848 1484 2916 spoliaus
1521 2850 1762 2903 traduxit
1801 2853 2057 2904 audacter

469 2936 804 3006 triumphans
833 2938 956 2992 illos
987 2939 1042 2992 in
1070 2940 1346 3008 semetipso
1375 2941 1416 2995 ⁸.
1451 2939 1664 2996 Etcum
1695 2957 1876 3004 teneas
1909 2943 2056 2997 lores

467 3027 843 3094 contrivisset,
899 3043 965 3083 ac
1001 3039 1184 3084 vectes
1226 3029 1435 3086 ferreos
1480 3031 1898 3102 confregisset’,
1933 3034 2056 3088 vitae

467 3118 818 3189 postmodum
864 3119 1049 3176 lumen
1093 3121 1357 3186 ostendit,
1407 3137 1605 3178 manus
1650 3124 1939 3194 porrigens
1991 3139 2056 3178 ae

465 3214 608 3268 viam
645 3213 924 3280 muniens,
951 3221 1008 3268 et
1037 3213 1106 3268 ad
1130 3215 1330 3270 cmlum
1357 3215 1840 3272 conscendendum
1874 3217 2055 3272 scalas
2081 3187 2124 3246 (δ

465 3304 783 3372 ostendens,
815 3319 880 3360 ac
929 3305 1244 3376 paradisum
1281 3306 1518 3376 denique
1551 3323 1748 3363 rursus
1785 3307 1854 3362 ad
1898 3307 2054 3364 habi-

469 3395 694 3454 tandum
717 3395 973 3454 oll‘erens.
1007 3397 1109 3453 Hic
1133 3399 1298 3469 igitur
1335 3400 1596 3454 habitavit
1634 3401 1692 3454 in
1725 3399 1873 3454 nobis
1894 3401 1960 3466 ¹⁰,
1991 3417 2054 3456 ac

468 3489 608 3559 legis
654 3489 896 3560 Spiritus
925 3491 1100 3546 sancti
1136 3490 1587 3560 justiﬁcationem
1627 3492 1791 3548 nobis
1817 3503 1900 3548 est
1941 3494 2053 3548 lar-

469 3583 638 3651 gitus,
689 3590 750 3637 ut
797 3591 906 3636 tam
941 3584 1142 3653 ipsum,
1187 3599 1354 3654 quam
1381 3601 1504 3656 qua:
1547 3593 1678 3640 sunt
1721 3585 1899 3656 ipsius
1933 3603 2056 3658 pro-

469 3674 584 3740 pria
615 3687 1016 3744 cognoscamus
1045 3693 1060 3728 :
1095 3676 1240 3745 quod
1271 3675 1396 3730 vitm
1437 3676 1656 3731 initium
1696 3692 1762 3732 ac
1795 3677 1920 3734 ﬁnis
1947 3687 2052 3733 est.

470 3764 614 3837 Ergo
647 3765 876 3836 justitiaa
909 3767 1068 3824 nobis
1115 3783 1376 3824 concessa
1405 3769 1490 3824 lex
1519 3777 1628 3833 est,
1659 3769 1770 3835 lex,
1806 3771 2050 3842 inquam,

472 3859 618 3924 lidei,
647 3859 734 3914 lex
774 3859 1021 3929 spiritus,
1063 3867 1117 3916 et
1167 3873 1196 3912 a
1222 3859 1340 3930 lege
1381 3860 1566 3916 carnis
1606 3863 1816 3932 peccati
1861 3863 2052 3918 libera.

471 3953 838 4018 Quamobrem
859 3954 1003 4023 quod
1037 3952 1104 4008 ad
1135 3953 1452 4008 interiorem
1489 3953 1762 4009 hominem
1789 3955 2046 4024 pertinet,

473 4047 570 4102 Dei
599 4062 686 4101 me
725 4046 814 4102 lex
851 4046 1165 4102 delectat“.
1199 4046 1296 4102 Est
1345 4055 1526 4103 autem
1559 4047 1701 4102 intra
1747 4063 1850 4104 nos
1889 4049 2054 4103 Clu-i-

472 4149 613 4204 stus,
663 4139 950 4210 siquidem.
991 4139 1201 4194 habitat
1252 4140 1308 4194 in
1387 4140 1571 4196 nobis.
1649 4139 1755 4195 Sed
1805 4151 2054 4196 mortuus

475 4233 598 4304 ipse
635 4232 725 4287 via
755 4231 882 4286 vita:
929 4239 1119 4288 nostra
1155 4246 1323 4287 causa
1359 4229 1540 4288 laetus
1580 4240 1666 4288 est
1695 4251 1709 4286 :
1751 4231 1818 4285 Ut
1853 4233 1944 4302 qui
1985 4233 2057 4285 vi-

473 4332 619 4390 eunt,
646 4339 750 4380 non
795 4325 898 4380 sibi
943 4325 1070 4394 ipsis
1113 4325 1340 4393 amplius
1379 4325 1572 4390 vivant,
1615 4323 1706 4377 sed
1743 4324 1791 4376 ei
1831 4325 1921 4394 qui
1959 4338 2054 4392 pro

471 4417 620 4472 nobis
666 4425 908 4472 mortuus
962 4425 1042 4472 est
1105 4426 1158 4470 et
1203 4417 1492 4470 resurrexit
1523 4417 1588 4470 ¹².
1635 4414 1890 4485 Idemque
1933 4415 2056 4470 vita:

2518 1823 2618 1878 Ἐκ
2641 1821 2748 1876 τοῦ
2791 1822 3156 1892 Ἀγκυρωτοῦ
3187 1823 3390 1893 λόγος.

2231 1937 2306 1992 Β’.
2350 1935 2654 2004 Ἐπεφάνη
2681 1937 2721 2004 ἠ
2749 1933 2920 2004 χάρις
2953 1934 3058 1987 τοῦ
3083 1934 3307 2001 Κυρίου
3337 1931 3502 2002 ἡμῶν
3543 1933 3736 2001 Ἰησοῦ

2157 2029 2418 2098 Χριστοῦ
2441 2027 2820 2081 διδάσκουσα
2839 2025 3024 2096 ’ἡμᾶς’
3049 2027 3169 2088 ἵνα,
3193 2025 3606 2094 ἀρνησάμενοι
3625 2024 3740 2092 τὴν

2157 2119 2440 2176 ἀσέϐειαν
2489 2117 2588 2172 καὶ
2631 2117 2738 2184 τὰς
2787 2117 3080 2186 κοσμικὰς
3123 2116 3472 2184 ἐπιθυμίας,
3505 2121 3736 2185 σωφρό-

2159 2231 2280 2278 νως
2325 2213 2424 2265 καὶ
2473 2209 2736 2276 εὐσεϐῶς
2793 2210 2890 2264 καὶ
2939 2209 3178 2274 δικαίως
3225 2207 3494 2276 ὔξσωμεν
3543 2209 3614 2262 ἐν
3659 2207 3740 2271 τῷ

2160 2303 2279 2357 νῦν
2305 2299 2496 2364 αἰῶνι,
2537 2299 3008 2368 προσδεχόμενοι
3045 2299 3160 2365 τὴν
3191 2297 3493 2366 μακαρίαν
3519 2297 3740 2352 ἐλπίδα

2158 2397 2254 2452 καὶ
2303 2394 2660 2463 ἐπιφάνειαν
2708 2392 2820 2461 τῆς
2860 2391 3047 2458 δόξης
3105 2391 3210 2444 τοῦ
3261 2389 3532 2460 μεγάλου
3589 2390 3738 2444 Θεοῦ

2159 2491 2256 2544 καί
2295 2489 2570 2556 Σωτῆρος
2605 2485 2780 2556 ἡμῶν
2827 2483 3029 2552 Ἰησοῦ
3073 2483 3332 2552 Χριστοῦ
3351 2499 3366 2512 ⁸
3405 2483 3474 2549 ὃς
3515 2481 3739 2535 ἔδωκεν

2157 2583 2376 2636 ἑαυτὸν
2426 2580 2580 2648 ὑπὲρ
2627 2575 2814 2646 ἡμῶν,
2863 2576 2966 2628 ἵνα
3007 2575 3388 2644 λυτρώσηται
3431 2573 3590 2644 ἡμᾶς
3617 2573 3738 2628 ἀπὸ

2157 2671 2363 2738 πάσης
2389 2670 2660 2738 ἀνομίας,
2697 2665 2796 2721 καὶ
2833 2666 3128 2736 καθαρίσῃ
3163 2664 3355 2730 ἑαυτῷ
3391 2666 3546 2720 λαὸν
3579 2679 3740 2735 περι-

2157 2760 2408 2823 ούσιον,
2457 2756 2723 2826 ζηλωτὴν
2777 2753 2982 2809 καλῶν
3025 2757 3242 2825 ἔργων⁹
3293 2755 3626 2824 ἐξαλείψας
3671 2757 3738 2809 τὸ

2156 2851 2284 2906 καθ’
2346 2848 2518 2920 ἡμῶν
2567 2849 2964 2919 χειρόγραφον
3023 2849 3150 2914 τοῖς
3201 2848 3498 2918 δόγμασιν
3521 2889 3536 2912 ,
3587 2847 3620 2902 ὃ
3661 2844 3742 2916 ἦν

2155 2942 2522 2998 ὑπεναντίον
2563 2940 2751 3010 ἡμῶν,
2785 2937 2970 3010 ἦρκεν
3005 2940 3074 2993 ἐκ
3099 2939 3296 3010 μέσου
3335 2940 3743 3008 προσηλώσας

2157 3032 2302 3086 αὐτό
2341 3029 2421 3096 τῷ
2455 3029 2695 3100 σταιρῷ
2715 3048 2728 3061 ·
2765 3029 3266 3100 ἀπεκδυσάμενος
3299 3032 3406 3096 τὰς
3425 3029 3616 3099 ἀρχὰς
3641 3031 3742 3084 καὶ

2159 3127 2264 3193 τὰς
2311 3125 2619 3191 ἐξουσίας,
2659 3123 3066 3194 ἐδειγμάτισεν
3105 3123 3176 3176 ἐν
3204 3123 3510 3190 παρρησίᾳ
3537 3125 3740 3192 θριαμο

2158 3220 2382 3283 ϐεὐσας
2419 3216 2644 3280 αὐτοὺς
2683 3217 2754 3269 ἐν
2803 3213 2993 3280 αὐτῷ·
3043 3214 3214 3284 θύρας
3264 3213 3474 3283 χαλκᾶς
3525 3216 3740 3285 συντρί-

2156 3313 2284 3381 ψας,
2315 3310 2411 3364 καὶ
2451 3307 2682 3380 μοχλοὺς
2717 3306 2971 3380 σιδηροῦς
3005 3305 3327 3368 συνθλάσας,
3355 3305 3416 3358 τὸ
3443 3306 3558 3374 φῶς
3583 3302 3736 3370 αὖθις

2159 3397 2404 3462 ὑπέδειξε
2439 3398 2538 3467 τῆς
2579 3396 2746 3467 ζωῆς,
2781 3399 2968 3467 χεῖρας
2999 3395 3238 3466 ὀρέγων,
3276 3396 3558 3460 ὁδοποιῶν,
3603 3397 3736 3450 ὑπο-

2158 3490 2366 3562 δάθραν
2410 3489 2656 3562 οὐρανῶν
2697 3489 3050 3556 ὑποδεικνὺς,
3085 3489 3416 3560 παράδεισον
3455 3479 3610 3552 αὖθις
3659 3491 3738 3542 οἰ-

2157 3585 2273 3636 κεῖν
2299 3581 2484 3648 ὰξιῶν.
2521 3581 2716 3634 Τοίνυν
2751 3579 3108 3648 κατῴκησεν
3139 3581 3210 3634 ἐν
3241 3579 3412 3649 ἡμῖν,
3445 3581 3538 3633 καὶ
3567 3580 3630 3633 τὸ
3657 3581 3736 3634 δι-

2157 3675 2382 3746 καίωμα
2411 3673 2505 3728 τοῦ
2533 3675 2700 3746 νόμου
2731 3673 2856 3737 δοὺς
2885 3675 3020 3745 ἡμῖν
3059 3673 3155 3726 τοῦ
3193 3673 3531 3744 Πνεὺματος,
3567 3675 3648 3736 εἰς
3679 3674 3742 3726 τὸ

2156 3770 2360 3838 γνῶναι
2391 3769 2577 3832 αὐτὸν,
2606 3769 2640 3839 ἢ
2683 3769 2753 3820 τὰ
2803 3769 2934 3838 περὶ
2968 3765 3158 3832 αὑτοῦ,
3189 3768 3220 3819 ὃ
3255 3769 3403 3820 ἐστιν
3443 3767 3588 3838 ἀρχὴ
3646 3767 3742 3821 καὶ

2155 3861 2307 3925 τέλος
2335 3861 2502 3930 ζωῆς,
2537 3861 2702 3930 νόμος
2732 3859 3079 3929 δικαιοσύνης
3110 3859 3337 3928 γέγονεν
3373 3861 3532 3930 ἡμῖν,
3577 3860 3740 3930 νόμος

2159 3956 2414 4022 πίστεως,
2447 3955 2611 4025 νόμος
2637 3954 2965 4024 πνεύματος,
2996 3952 3282 4023 ἐλεύθερος
3315 3953 3382 4005 ὲκ
3415 3953 3580 4023 νόμου
3607 3971 3742 4025 σαρ-

2159 4049 2252 4113 κὸς
2303 4049 2600 4121 ἁμαρτίας.
2657 4049 2748 4101 Διὸ
2801 4047 3101 4118 συνήδομαι
3145 4047 3226 4117 τῷ
3273 4047 3423 4116 νόμῳ
3463 4045 3557 4098 τοῦ
3601 4045 3740 4100 Θεοῦ

2159 4142 2300 4196 κατὰ
2323 4143 2414 4196 τὸν
2463 4141 2572 4195 ἔσω
2603 4141 2911 4211 ἄνθρωπον.
2957 4140 3106 4193 Ἔσω
3138 4139 3193 4192 δὲ
3223 4139 3385 4209 ἡμῶν
3417 4140 3446 4192 ὁ
3481 4137 3736 4208 Χριστὸς,

2157 4235 2316 4308 εἴπερ
2347 4237 2486 4288 οἰκεῖ
2533 4236 2590 4288 ὲν
2621 4237 2776 4306 ἡμῖν.
2816 4233 2954 4286 Ἀλλ’
3000 4233 3162 4296 αὐτὸς
3205 4229 3382 4285 θανὼν
3433 4231 3552 4294 ὁδὸς
3593 4231 3740 4300 ζωῆς

2159 4323 2300 4394 ὑπὲρ
2339 4323 2496 4394 ἡμῶν
2542 4321 2795 4392 γέγονεν’
2847 4322 2983 4377 Ἵνα
3021 4325 3076 4376 οὶ
3113 4321 3322 4388 ζῶντες
3347 4322 3562 4391 μηκέτι
3603 4322 3741 4376 ἑαυ-

2158 4417 2283 4481 τοῖς
2317 4415 2515 4480 ζῶσιν,
2539 4416 2701 4470 ἀλλὰ
2729 4413 2808 4480 τῷ
2837 4413 2992 4482 ὑπὲρ
3015 4412 3184 4483 ἡμῶν
3237 4415 3602 4469 ἀποθανόντι
3639 4415 3738 4466 καὶ

469 4509 822 4582 principium,
870 4523 934 4563 ac
970 4508 1358 4579 jurisjurandi,
1415 4523 1526 4578 quo
1583 4523 1644 4563 se
1691 4517 1818 4564 ante
1865 4507 2054 4578 plures

2158 4503 2508 4569 ἀναστάντι,
2521 4505 2680 4575 αἰτίῳ
2703 4502 2870 4575 ζωῆς,
2883 4503 2976 4557 τοῦ
3003 4503 3108 4574 πρὸ
3129 4502 3341 4572 πολλῷν
3359 4503 3559 4572 γενεῶν
3574 4505 3740 4574 ὅρκου

471 4617 648 4658 annos
697 4601 1099 4668 obstrinxerat,
1153 4611 1212 4655 ut
1266 4602 1343 4655 ait
1400 4601 1566 4656 David
1601 4601 1678 4666 ¹³,
1731 4605 2052 4658 recordatus

469 4706 554 4750 est
593 4713 607 4748 :
645 4692 786 4748 Deus
830 4695 970 4747 enim
1007 4702 1124 4748 erat
1171 4695 1226 4747 in
1265 4692 1478 4749 Christo
1526 4693 1780 4746 mundum
1823 4696 2054 4748 reconci-

471 4784 612 4842 lians
637 4781 759 4850 sibi,
777 4799 878 4838 sua
908 4783 1016 4838 illis
1047 4782 1244 4837 delicta
1273 4801 1378 4838 non
1403 4785 1748 4854 imputans“.
1776 4783 2048 4850 Quoniam

473 4877 526 4926 in
563 4874 684 4944 ipso
717 4874 923 4945 placuit
971 4889 1188 4930 omnem
1240 4875 1490 4932 habitare
1541 4875 1956 4946 plenitudinem,
1995 4881 2052 4928 et

473 4981 570 5036 per
599 4967 752 5020 illum
809 4968 1170 5022 reconciliare
1207 4967 1264 5021 in
1303 4968 1486 5038 ipsum
1521 4968 1726 5033 omnia,
1775 4981 1900 5022 cum
1952 4981 2051 5037 pa-

473 5075 588 5113 cem
619 5060 802 5114 crucis
827 5061 1094 5132 sanguine
1121 5061 1396 5117 sanxisset
1413 5063 1478 5117 η.

545 5150 645 5206 Hic
683 5151 848 5222 igitur
883 5153 950 5209 ad
987 5159 1299 5225 temporum
1336 5155 1826 5212 administrandam
1875 5153 2058 5224 pleni-

475 5243 721 5298 tudinem
769 5245 998 5312 advenit,
1064 5247 1527 5317 quemadmodum
1581 5245 1893 5300 Abrahamo
1950 5259 2058 5298 caa-

480 5335 720 5405 terisque
749 5337 956 5393 sanctis
992 5339 1117 5394 data
1173 5339 1304 5395 ﬁdes
1332 5347 1472 5404 erat,
1505 5347 1564 5394 ut
1593 5339 1646 5392 in
1681 5340 1800 5409 ipso
1847 5339 2054 5392 instau-

477 5439 622 5485 raret
651 5429 856 5495 omnia,
889 5445 954 5486 ac
1001 5431 1150 5486 velut
1179 5431 1235 5485 in
1282 5446 1551 5486 summam
1605 5431 1896 5502 redigeret,
1935 5443 2055 5497 quae

547 5583 581 5656 ξ
613 5585 742 5656 Sap.
776 5601 814 5653 I,
845 5587 896 5640 7.
985 5589 1004 5618 ²
1043 5586 1202 5642 Joan.
1233 5605 1344 5651 xw,
1373 5590 1454 5644 l5.
1526 5589 1546 5620 ³
1581 5587 1738 5644 Joan.
1771 5605 1858 5650 xv,
1881 5589 1972 5642 26.
2051 5587 2068 5616 "
2108 5587 2264 5642 Joan.
2295 5605 2404 5648 xvr,
2439 5587 2522 5649 Η,
2555 5586 2642 5640 15.

477 5653 645 5724 'fljit.
677 5653 946 5718 {hii-14.
1029 5659 1051 5688 ⁸
1077 5661 1290 5715 Coloss.
1319 5675 1378 5721 ιι,
1408 5659 1492 5724 Μ,
1539 5661 1625 5713 l5.
1701 5661 1720 5690 ⁹
1747 5657 1888 5714 Psal.
1925 5673 2033 5723 ενι,

2235 5661 2277 5690 ¹¹³
2313 5657 2469 5712 δίκαι.
2507 5673 2546 5722 ι,
2579 5657 2660 5711 14.
2741 5653 3072 5720 ¹¹Βοιιι.ι”ιι,
3105 5654 3192 5708 2'2.

2165 4598 2441 4668 μνησθεὶς,
2478 4597 2621 4652 κατὰ
2660 4597 2752 4650 τὸν
2785 4596 2980 4650 Δαϐίδ’
3029 4597 3081 4648 Ὀ
3108 4596 3253 4664 Θεὸς
3279 4593 3358 4666 ἦν
3385 4597 3454 4650 ἐν
3486 4595 3737 4665 Χριστῷ,

2161 4691 2394 4758 κόσμον
2439 4687 2887 4742 καταλλάσσων
2939 4687 3131 4754 ἐαυτῷ
3151 4731 3164 4753 ,
3213 4689 3300 4758 μὴ
3360 4688 3742 4759 λογιζόμενος

2159 4782 2363 4847 αὐτοῖς
2417 4781 2488 4834 τὰ
2543 4781 2984 4850 παραπτώματα
3037 4780 3254 4834 αὐτῶν.
3303 4782 3424 4834 Ὅτι
3475 4783 3536 4833 ἐν
3589 4781 3738 4850 αὐτῷ

2157 4875 2424 4946 ηὺδόκησε
2459 4875 2567 4927 πᾶν
2587 4875 2649 4927 τὸ
2687 4875 2957 4946 πλήρωμα
2983 4875 3328 4944 κατοικῆσαι,
3353 4875 3448 4928 καὶ
3475 4875 3540 4927 δι’
3571 4875 3738 4928 αὐτοῦ

2157 4969 2598 5036 ἀποκαταλλάξαι
2631 4969 2699 5021 τὰ
2745 4968 2922 5021 πάντα
2967 4968 3046 5031 εἰς
3091 4967 3274 5032 αὐτὸν,
3320 4969 3740 5038 εἰρηνοποιήσας

2157 5061 2243 5116 διὰ
2277 5061 2370 5114 τοῦ
2401 5062 2630 5130 αἵματος
2652 5059 2746 5114 τοῦ
2773 5059 3027 5132 σταυροῦ.

2225 5154 2574 5225 Παραγέγονε
2595 5154 2778 5206 τοίνυν
2799 5153 2880 5215 εἰς
2901 5151 3210 5222 οἰκονομίαν
3237 5151 3332 5203 τοῦ
3367 5149 3736 5219 πληρώματος

2153 5246 2262 5300 τῶν
2289 5246 2516 5318 καιρῶν,
2547 5244 2729 5308 καθὼς
2757 5244 3088 5316 ἐπήγγελται
3123 5242 3379 5312 Ἀϐραὰμ
3401 5243 3494 5294 καὶ
3529 5241 3738 5302 λοιποῖς

2154 5338 2350 5406 ἁγίοις,
2385 5335 2971 5406 ἀνακεφαλαιώσασθαι
2995 5334 3066 5388 τὰ
3092 5335 3272 5388 πάντα
3293 5333 3350 5386 ἐν
3374 5331 3543 5401 αὐτῷ,
3577 5332 3646 5382 τά
3677 5347 3736 5382 τε

2155 5431 2214 5481 ὲν
2239 5434 2351 5491 τοῖς
2374 5429 2622 5498 οὐρανοῖς
2647 5429 2740 5482 καὶ
2777 5427 2845 5480 τὰ
2868 5427 2959 5479 ἐπὶ
2983 5427 3082 5496 τῆς
3103 5425 3210 5494 γῆς
3229 5441 3242 5455 ⁸
3277 5423 3558 5484 διάστασις
3583 5421 3638 5472 δὲ
3669 5417 3736 5492 ἦν

2723 5586 2741 5616 ⁵
2785 5581 2800 5636 Ι
2836 5583 2960 5636 Cor.
2989 5599 3083 5644 xu,
3117 5584 3200 5637 ll.
3279 5584 3298 5612 ⁸
3337 5581 3354 5633 1
3389 5581 3516 5634 Cor.
3561 5595 3618 5638 tt,
3657 5585 3734 5632 ευ.

3277 5655 3315 5684 ¹¹
3343 5651 3384 5704 ll
3413 5652 3540 5706 Cor.
3567 5661 3615 5714 ν,
3655 5649 3734 5702 13.

483 5723 527 5756 ⁸³
563 5723 704 5779 ιἐιιι.
743 5741 1001 5799 Lxxxvlu,
1034 5731 1088 5786 4.
1167 5731 1208 5762 ⁸³
1249 5729 1288 5784 ll
1329 5731 1452 5785 Cor.
1482 5723 1538 5796 νγ,
1577 5729 1660 5786 l9.
1739 5731 1781 5761 "
1819 5729 2028 5786 Coluss.
2061 5743 2096 5798 Ι,
2137 5729 2214 5796 l9,
2249 5731 2336 5784 ἐζυ-
