4134 6386
381 396 488 452 477

989 405 1360 464 ADVERSUS
1399 408 1739 467 IIA‘ZRESES
1777 410 1904 469 LIB.
1947 412 2032 466 Ill.
2075 411 2238 466 TOM.
2280 411 2321 466 I.
2367 443 2430 454 -
2479 411 2752 468 HIEllES.
2795 412 3028 468 LXXIV.

3525 411 3630 466 ἅτε

381 515 475 568 καὶ
525 517 693 590 ἔχθρα
745 521 804 573 ἐν
862 525 927 594 τῇ
972 525 1136 598 ἀνοχῇ
1165 527 1284 581 ’τοῦ
1330 529 1502 582 Θεοῦ·
1547 532 1953 602 ἀποκατήλλαξε

2063 532 2116 584 in
2153 533 2295 586 caelo
2340 541 2488 597 sunt,
2538 548 2604 586 ac
2654 540 2801 587 terra
2833 533 2891 584 'z
2934 530 3135 586 etenim
3191 543 3287 600 per
3335 528 3482 582 illam
3535 526 3634 585 Dei

1279 619 1394 640 ‘_-_"
1448 621 1592 640 99“.

381 603 437 657 δὲ
459 605 517 657 ἐν
545 606 622 678 τῷ
648 608 862 681 σώματι
880 614 979 684 τῆς
1005 617 1204 687 σαρκὸς
1232 619 1418 682 αὐτοῦ,
1444 621 1511 673 δι’
1534 622 1697 675 αὑτοῦ
1724 625 1955 694 ποιήσας

336 694 356 782 :7
379 695 448 748 τά
481 697 765 772 ἀμφότερα
799 703 877 758 ἐν.
913 701 1086 760 ’Ἦλθε
1117 710 1227 780 γὰρ
1257 712 1290 780 ἡ
1330 712 1517 784 εἰρήνη
1539 713 1719 783 ἡμῶν.
1765 715 1858 767 καὶ
1897 715 1955 768 τδ

391 789 700 862 μεσότοιχον
744 795 836 848 τοῦ
888 799 1142 870 φραγμοῦ
1193 800 1501 874 λύσας,τὴν
1550 803 1750 876 ἔχθραν
1792 806 1849 858 ἒν
1887 808 1952 878 τῇ

388 882 550 951 σαρκὶ
602 885 804 952 αὐτοῦ,
849 888 940 941 τὸν
987 891 1152 960 νόμον
1203 893 1310 946 τῶν
1360 893 1587 949 εντολῶν
1624 898 1682 949 ἐν
1723 897 1956 969 δόγμασι

385 977 757 1047 καταργήσας,
789 979 876 1034 ἵνα
921 981 1050 1046 τοὺς
1082 983 1174 1036 δύο
1213 985 1376 1058 κτίσῃ
1425 987 1482 1039 ἐν
1515 987 1692 1058 ἐαυτῷ
1731 990 1811 1052 εἰς
1859 990 1955 1044 Eva.

381 1067 570 1119 καινὸν
621 1068 928 1142 ἄνθρωπον.
973 1069 1126 1128 Εἶναι
1175 1075 1234 1129 δέ
1271 1075 1340 1129 τὰ
1381 1075 1508 1149 ἔθνη
1548 1078 1808 1151 σύσσωμα
1861 1082 1956 1135 καὶ

381 1159 698 1231 συμμέτοχα
735 1163 830 1216 καὶ
869 1166 1285 1239 συγκληρονόμα
1323 1169 1426 1239 τῆς
1471 1171 1804 1240 ἐπαγγελίας
1837 1174 1956 1227 ἐκέ-

379 1245 570 1303 λευσεν
591 1251 758 1307 εἰπών
778 1270 793 1285 ο
823 1257 1002 1311 Δεῦτε
1022 1259 1173 1328 πρὸς
1193 1259 1291 1330 μὲ,
1316 1260 1536 1329 πάντες
1556 1267 1611 1316 οἱ
1633 1263 1955 1332 κοπιῶντες

377 1341 476 1394 καὶ
507 1347 992 1417 πεφορτισμένοι,
1021 1349 1181 1418 κάγὼ
1211 1352 1541 1407 ἀναπαύσω
1566 1353 1739 1424 ὑμᾶς.
1763 1357 1953 1412 Τοίνυν

377 1434 434 1485 ἐν
548 1436 657 1502 ἐγὼ
689 1437 951 1508 ἠσθένουν
981 1441 1067 1495 διὰ
1099 1443 1199 1514 τῆς
1238 1444 1458 1515 σαρκὸς,
1494 1445 1772 1517 ἀπεστάλη
1805 1465 1894 1520 μοι
1925 1450 1954 1502 ὁ

377 1525 570 1598 Σωτὴρ
615 1530 673 1582 ἐν
726 1530 1032 1603 ὁμοιώματι
1077 1534 1278 1605 σαρκὸς
1329 1537 1602 1609 ἁμαρτίας
1645 1539 1953 1610 οἰκονομίαν

374 1615 632 1688 τοιαύτην
676 1619 932 1691 πληρῶν,
967 1623 1054 1676 ἵνα
1102 1641 1170 1692 με
1217 1624 1458 1688 δουλείας
1499 1626 1833 1701 ἐξαγοράσῃ,
1866 1630 1951 1683 ἵνα

377 1725 444 1777 με
493 1710 726 1780 φθορᾶς,
777 1715 860 1767 ἵνα
905 1732 972 1786 με
1019 1715 1286 1769 θανάτου·
1328 1717 1422 1770 καὶ
1458 1719 1697 1788 ἐγένετό
1740 1739 1829 1792 μοι
1866 1722 1953 1776 δι-

376 1803 690 1871 καιοσύνη,
737 1806 833 1859 καὶ
885 1807 1204 1876 ἁγιασμὸς,
1239 1808 1337 1860 καὶ
1385 1808 1819 1877 ἀπολύτρωσις.
1858 1814 1950 1864 Δι-

2056 623 2369 692 patientiam
2403 623 2678 678 dissensio
2722 623 2970 694 quaedam
3011 629 3065 676 et
3102 619 3388 674 inimicitia
3421 618 3630 685 fuerat;

2053 714 2308 769 Christus
2339 731 2467 768 vero
2499 715 2552 768 in
2587 730 2818 785 corpore
2859 728 3139 783 carneque
3171 727 3270 767 sua
3307 712 3360 764 in
3395 711 3629 780 gratiam

2053 805 2516 876 concordiamque
2544 806 2806 872 restituit,
2841 822 2965 859 cum
2997 821 3093 875 per
3119 820 3241 860 sese
3272 819 3439 857 unum
3472 801 3634 856 ambo

2056 895 2296 950 fecisset.
2356 895 2516 951 Venit
2563 898 2708 952 enim
2763 913 2867 968 pax
2915 910 3126 957 nostra,
3186 903 3241 950 et
3285 894 3629 962 interjectum

2054 987 2305 1041 maceriae
2351 994 2587 1056 septum,
2629 987 2961 1041 simultatem
2998 985 3246 1040 videlicet
3297 999 3537 1048 omnem,
3575 982 3631 1035 in

2055 1090 2154 1130 sua
2215 1092 2380 1132 carne
2442 1076 2646 1141 diruit,
2694 1091 2758 1130 ac
2821 1083 3214 1146 praeceptorum
3281 1075 3453 1144 legem
3515 1072 3632 1127 suis

2054 1165 2400 1235 dogmatibus
2444 1165 2699 1231 abolevit,
2744 1172 2804 1219 ut
2837 1166 3026 1220 ambos
3073 1165 3128 1219 in
3169 1164 3349 1234 seipso
3379 1165 3633 1219 eumdem

2055 1255 2112 1309 in
2154 1270 2352 1310 novum
2400 1256 2675 1310 hominem
2706 1263 3057 1326 componeret
3084 1257 3128 1310 ’.
3185 1253 3386 1310 Gentes
3418 1271 3547 1310 vero
3575 1257 3633 1309 in

2054 1347 2197 1402 idem
2228 1362 2429 1417 corpus
2465 1347 2797 1411 coalescere,
2831 1362 2895 1400 ac
2924 1347 3320 1417 promissorum
3368 1362 3476 1400 una
3507 1361 3633 1415 par-

2057 1438 2247 1509 ticipes
2275 1447 2328 1494 et
2357 1438 2599 1494 lueredes
2633 1454 2755 1493 esse
2779 1439 2944 1507 jussit
2967 1438 3054 1494 bis
3083 1439 3265 1495 verbis
3297 1458 3309 1493 :
3353 1438 3534 1492 Venite
3562 1437 3631 1489 ad

2054 1545 2155 1593 me,
2186 1546 2361 1584 onmes
2387 1530 2478 1600 qui
2505 1529 2762 1583 laboratis
2789 1539 2839 1583 et
2867 1533 3073 1584 onerati
3091 1529 3526 1601 estis,889ego
3552 1545 3632 1583 re-

2051 1621 2231 1689 ﬁcium
2260 1638 2347 1676 vos
2371 1623 2410 1674 ³.
2434 1621 2604 1692 Igitur
2635 1636 2759 1676 cum
2791 1637 2888 1693 ego
2913 1638 3076 1678 carne
3099 1623 3403 1678 imbecillus
3425 1637 3628 1685 essem,

2057 1711 2320 1768 Servator
2363 1714 2429 1768 ad
2477 1729 2564 1767 me
2588 1713 2691 1769 sub
2725 1715 2910 1769 carnis
2956 1715 3161 1785 peccati
3203 1714 3384 1784 specie
3428 1713 3631 1768 missus

2053 1811 2138 1857 est
2167 1801 2211 1867 ⁸,
2245 1803 2341 1873 qui
2386 1811 2560 1856 totum
2593 1803 2697 1859 hoc
2731 1807 3008 1876 negotium
3038 1805 3352 1867 conﬁceret,
3385 1813 3446 1858 ut
3475 1819 3559 1858 me
3600 1819 3630 1857 a

375 1891 634 1963 καιοσύνη
680 1894 795 1964 μὲν,
825 1895 914 1948 διά
958 1896 1192 1960 πίστεως
1226 1896 1390 1950 αὑτοῦ
1436 1899 1712 1970 ἁμαρτίαν
1746 1901 1914 1965 λύσας
1935 1919 1948 1932 ⁸

2055 1894 2340 1958 servitute,
2371 1909 2402 1948 a
2431 1897 2764 1966 corruptela,
2801 1908 2860 1952 ut
2907 1912 2938 1950 a
2981 1905 3157 1952 morte
3199 1896 3492 1950 redimeret
3519 1914 3533 1950 :
3565 1911 3631 1950 ac

375 1983 665 2054 ἁγιασμὸς.
703 1987 770 2039 δι’
795 1987 985 2052 ὕδατος
1029 1991 1124 2043 καὶ
1157 1992 1466 2065 πνεύματος
1513 1994 1605 2046 καὶ
1640 1995 1699 2046 ἐν
1743 1994 1948 2066 ῥήματι

373 2075 538 2128 αὐτοῦ
573 2077 976 2151 ἐλευθερώσας·
1009 2083 1386 2156 ἀπολύτρωσις
1409 2086 1484 2150 δὲ,
1519 2086 1581 2139 τὸ
1613 2081 1751 2156 αἷμα
1783 2086 1948 2140 αὐτοῦ

371 2166 565 2239 λύτρον
599 2170 774 2240 ἀμνοῦ
812 2173 1047 2244 ἀληθοῦς
1087 2177 1226 2248 ὑπὲρ
1259 2179 1393 2249 ἐμοῦ
1429 2179 1619 2234 ἐαυτὸν
1653 2179 1947 2251 παραδοὺς,

375 2260 683 2333 ἱλαστήριον
713 2264 1034 2336 καθάρσεως
1072 2269 1298 2341 κόσμου,
1327 2271 1670 2344 καταλλαγῆς
1696 2273 1948 2327 ἁπάντων

371 2353 603 2424 οὐρανοῦ
631 2355 726 2408 καὶ
763 2359 868 2428 γῆς
889 2373 901 2385 ·
934 2359 1234 2430 μυστήριον
1266 2361 1330 2414 τὺ
1356 2363 1672 2434 ἀπόκρυφον
1705 2364 1812 2435 πρὸ
1837 2364 1948 2417 τῶν

372 2443 583 2500 αἰώνων
613 2447 707 2500 καὶ
745 2448 949 2514 γενεῶν
980 2450 1204 2524 πληρῶν
1247 2458 1460 2526 καιροῖς
1496 2459 1610 2520 τοῖς
1651 2457 1947 2528 διωρισμέ-

369 2552 500 2599 νοις.
549 2536 607 2590 ’0
650 2538 814 2602 αὐτὸς
847 2544 1361 2612 μετασχηματίσει
1403 2545 1468 2598 τὸ
1498 2546 1669 2616 σῶμα
1701 2549 1813 2617 τῆς
1846 2564 1946 2600 τα-

370 2627 710 2696 πεινώσεως
735 2630 926 2700 ἡμῶν,
954 2635 1042 2698 εὶς
1062 2635 1130 2688 τὸ
1156 2635 1432 2704 γενέσθαι
1455 2633 1819 2708 σύμμορφοιῖ
1834 2641 1946 2709 τῆς

369 2718 556 2787 δόξης
584 2721 792 2786 αὐτοῦ,
830 2723 980 2776 κατὰ
1020 2724 1132 2792 τὴν
1172 2725 1476 2798 ἐνέργειαν
1509 2729 1616 2783 τοῦ
1649 2729 1945 2784 δύνασθαι

369 2811 464 2862 καὶ
501 2811 798 2878 ὑποτάξαι
825 2813 986 2880 αὐτῷ
1023 2817 1095 2870 τὰ
1125 2817 1355 2870 πάντα·
1389 2819 1478 2872 ὅτι
1503 2821 1574 2873 ἑν
1609 2821 1770 2887 αὐτῷ
1809 2840 1946 2875 κατ-

301 2975 312 2982 _
369 2899 523 2954 οικεῖ
581 2900 704 2958 πᾶν
769 2904 836 2958 τὸ
901 2905 1197 2977 πλήρωμα
1247 2906 1357 2976 τῆς
1407 2910 1684 2979 θεότητος
1743 2928 1946 2982 σωμα-

369 3009 564 3060 τικως.

2050 1983 2184 2036 mihi
2237 1984 2329 2039 ille
2351 1984 2589 2052 justitia,
2623 1989 2980 2057 sanctiﬁcatio
3041 2005 3103 2042 ac
3147 1987 3428 2066 redemptio
3457 1987 3630 2054 factus

2048 2086 2124 2130 est
2149 2078 2193 2129 ⁵.
2234 2076 2458 2132 Justitia
2499 2079 2740 2148 quidem,
2773 2080 2920 2151 quod
2977 2095 3073 2150 per
3115 2079 3273 2135 ﬁdem
3319 2094 3473 2134 suam
3503 2093 3632 2148 pec-

2047 2175 2230 2222 catum
2280 2169 2566 2237 dissolvit;
2618 2172 3013 2237 sanctiﬁcatio,
3062 2172 3209 2242 quod
3259 2187 3356 2241 per
3406 2185 3627 2240 aquam,

2047 2271 2101 2314 et
2152 2260 2428 2330 spiritum,
2460 2276 2526 2316 ac
2558 2263 2726 2318 verbo
2766 2277 2869 2318 suo
2915 2263 2972 2317 in
3017 2263 3321 2318 libertatem
3358 2261 3629 2326 asseruit;

2048 2351 2355 2421 redemptio
2411 2352 2668 2423 denique,
2723 2354 2868 2423 quod
2900 2353 3164 2424 seipsum,
3220 2369 3284 2408 ac
3342 2354 3457 2408 veri
3505 2353 3631 2422 agni

2049 2442 2399 2511 sanguinem,
2434 2442 2540 2498 hoc
2565 2452 2649 2500 est
2683 2460 2866 2512 suum,
2922 2445 2975 2499 in
3023 2446 3220 2516 capitis
3265 2447 3370 2500 mei
3398 2446 3632 2515 pretium

2049 2533 2337 2593 elIuderit:
2368 2537 2670 2607 piaculum,
2703 2554 2815 2608 quo
2839 2547 2894 2595 et
2921 2539 3161 2596 mundus
3192 2547 3538 2609 repurgatus,
3578 2545 3635 2591 et

2047 2627 2230 2680 omnia
2260 2627 2402 2683 coelo
2432 2636 2690 2700 terraque
2726 2631 3080 2687 reconciliata
3145 2643 3294 2696 sunt,
3355 2632 3483 2685 dum
3522 2645 3637 2701 my;

2046 2719 2273 2774 sterium
2326 2728 2452 2776 ante
2519 2724 2717 2778 saecula
2791 2740 2857 2779 ac
2909 2725 3292 2795 generationes
3351 2725 3628 2779 occultum

2049 2812 2369 2867 constitutis
2456 2815 2795 2885 temporibus
2885 2818 3182 2888 implevit“
3233 2836 3246 2872 :
3299 2817 3439 2872 idem
3508 2832 3638 2871 vero

2050 2902 2454 2971 transformabit
2509 2921 2698 2973 corpus
2751 2899 3071 2961 humilitatis
3115 2917 3345 2972 nostra;
3405 2917 3462 2961 ut
3515 2925 3640 2961 cou-

2049 2993 2218 3063 forme
2269 2996 2340 3048 sit
2385 2997 2568 3066 gloria:
2612 2999 2799 3066 ipsius,
2841 3000 3128 3053 secundum
3177 3002 3548 3068 operationem,
3582 3011 3638 3053 ut

2048 3088 2214 3152 possit
2262 3086 2521 3156 subjicere
2552 3090 2654 3142 sibi
2695 3091 2876 3143 omnia
2906 3092 2947 3144 ⁷.
2996 3092 3262 3157 Quoniam
3299 3093 3354 3146 iu
3393 3093 3507 3162 ipso
3539 3094 3636 3146 lia-

2050 3181 2183 3233 bitat
2212 3181 2379 3234 omnis
2405 3181 2676 3248 plenitudo
2711 3182 3006 3237 diuinitatis
3024 3185 3068 3240 ⁸.

438 3255 513 3310 Γ’.
543 3255 618 3308 Τὸ
648 3256 850 3329 δοχεῖον
881 3259 1060 3316 τοίνυν
1082 3263 1182 3335 τῆς
1213 3265 1403 3334 σοφίας
1449 3267 1542 3320 καὶ
1567 3267 1664 3338 τῆς
1697 3266 1950 3338 θεότητος

2122 3269 2207 3323 III.
2246 3271 2514 3336 Quocirca
2579 3273 2865 3341 sapientiae
2915 3273 3046 3328 illud
3101 3288 3165 3328 ac
3212 3273 3532 3330 divinitatis.
3554 3293 3640 3330 rr-

369 3347 397 3399 ὁ
424 3349 656 3420 Χριστὸς
711 3353 1028 3421 μεσιτεύων,
1079 3357 1173 3409 καὶ
1228 3357 1614 3412 καταλλάσσων
1657 3361 1725 3415 τὰ
1775 3362 1951 3416 πάντα

369 3441 488 3512 Θεῷ
517 3445 575 3495 ἐν
614 3443 782 3514 αὐτῷ,
831 3445 906 3516 μὴ
958 3446 1303 3518 λογιζόμενος
1333 3451 1622 3521 ἁμαρτίαν,
1657 3453 1952 3526 ἀπόκρυφα

373 3537 648 3607 μυστήρια
676 3537 916 3609 πληρῶν,
954 3539 1130 3592 πίστει
1177 3541 1442 3614 διαθήκης
1483 3545 1646 3598 αὑτοῦ
1694 3548 1793 3618 τῆς
1821 3565 1954 3618 προ-

302 3687 311 3692 _
370 3629 785 3702 επηγγελμένης
833 3631 937 3684 ὑπὸ
985 3631 1079 3685 τοῦ
1123 3633 1286 3704 νόμου
1334 3636 1427 3688 καὶ
1469 3637 1578 3690 τῶν
1635 3641 1949 3711 προφητῶν,

372 3719 499 3784 Υίδς
554 3720 689 3775 Θεοῦ
750 3724 1192 3794 κηρυσσόμενος,
1250 3725 1365 3789 υίὸς
1421 3728 1586 3782 Δαὸὶδ
1639 3729 1951 3801 λεγόμενος.

374 3813 576 3883 ’Ἄμφω
615 3814 724 3885 γὰρ
765 3815 898 3879 Θεὸς
939 3816 1034 3869 καὶ
1062 3817 1367 3890 ἄνθρωπος,
1413 3822 1641 3894 μεσίτης
1677 3823 1812 3877 Θεοῦ
1861 3825 1954 3878 καὶ

373 3904 694 3976 ἀνθρώπων,
746 3906 995 3976 ἀληθινὸς
1039 3903 1185 3974 οἶκος
1230 3910 1386 3975 Θεοῦ,
1439 3913 1735 3986 ἱεράτευμα
1776 3915 1950 3984 ἅγιον,

373 3998 686 4070 Πνεύματος
711 3999 895 4072 δοτὴρ,
919 4001 1012 4054 τοῦ
1046 4002 1444 4072 ἀναγεννῶντος
1467 4007 1560 4060 καὶ
1584 4008 1956 4072 ἀνακαινίζον-

370 4108 462 4153 τος
508 4087 662 4154 αὖθις
709 4091 778 4145 τὰ
831 4093 1008 4146 πάντα
1049 4093 1128 4164 τῷ
1176 4094 1314 4165 Θεῷ.
1350 4097 1458 4151 Kal
1505 4100 1539 4152 ό
1580 4099 1770 4168 Λόγος
1798 4100 1955 4168 σὰρξ

372 4183 627 4252 ἐγένετο,
688 4184 790 4240 καὶ
831 4181 1190 4254 ἐσκήνωσεν
1234 4187 1304 4240 ἐν
1345 4187 1511 4257 ἡμῖν,
1567 4190 1666 4244 καὶ
1719 4190 1958 4261 ειδομεν

372 4274 488 4342 τὴν
531 4275 723 4340 δόξαν
759 4277 964 4339 αὐτοῦ,
995 4279 1076 4344 ὠς
1127 4277 1315 4339 δόξαν
1371 4281 1743 4349 Μονογενοῦς
1798 4284 1958 4351 παρὰ

374 4368 622 4436 Πατρός.
661 4367 719 4419 '0
757 4367 910 4430 ὑετὸς
955 4367 1194 4440 δένδρεσι
1241 4369 1336 4421 καὶ
1382 4373 1570 4438 φυτοῖς
1624 4372 1960 4442 συμφυσιού-

377 4476 534 4528 μενος
573 4459 732 4529 σῶμα
765 4458 1170 4531 ἀπεργάζεται,
1223 4463 1319 4514 καὶ
1357 4463 1450 4514 τὸν
1495 4461 1617 4515 καθ’
1665 4462 1958 4533 ὁμοιότητα

374 4549 584 4621 καρπὸν
627 4549 886 4602 ἕκαστον
924 4551 1016 4604 καὶ
1061 4552 1118 4603 ἐν
1165 4552 1264 4621 μὲν
1308 4554 1373 4623 τῇ
1415 4552 1571 4624 ἐλαίᾳ
1617 4553 1795 4608 ἔλαιον
1837 4556 1957 4606 πῖον

2055 3367 2402 3435 ceptaculum
2445 3365 2700 3423 Christus
2751 3369 3057 3436 mediator,
3101 3377 3156 3424 et
3199 3371 3380 3425 omnia
3425 3373 3476 3426 in
3519 3387 3640 3427 sese

2057 3475 2182 3511 ευιιι
2208 3457 2318 3512 Deo
2353 3459 2742 3525 reconcilians,
2773 3477 2950 3531 neque
2972 3471 3256 3531 peccatum
3292 3463 3569 3532 imputans
3594 3467 3634 3527 θ.

2055 3549 2120 3602 ad
2171 3549 2374 3603 exitum
2420 3535 2621 3603 arcana
2662 3553 2922 3620 mysteria
2953 3552 3295 3621 perducens,
3329 3558 3638 3608 testamenti

2056 3641 2140 3696 sui
2177 3641 2280 3695 ﬁde
2307 3681 2320 3704 ,
2355 3640 2501 3710 quod
2539 3657 2569 3694 a
2618 3641 2732 3710 lege
2765 3650 2819 3696 et
2855 3643 3136 3712 pr0phetis
3165 3651 3448 3698 ostensum
3477 3653 3638 3697 antea

2055 3733 2269 3798 fuerat,
2309 3733 2434 3798 Dei,
2485 3733 2743 3804 inquam,
2801 3736 2891 3789 ille
2925 3735 3094 3791 Filius
3146 3737 3505 3806 praedicatus,
3554 3751 3640 3794 .ac

2061 3823 2286 3880 Davidis
2338 3825 2644 3895 appellatus
2673 3834 2758 3881 est
2792 3828 2956 3882 lilius.
3009 3826 3067 3882 Si
3097 3828 3316 3898 quidem
3345 3835 3637 3898 utrumque

2062 3917 2206 3972 Deus
2249 3925 2302 3972 et
2349 3918 2532 3978 homo,
2586 3917 2677 3972 Dei
2726 3925 2780 3974 et
2818 3919 3100 3974 hominum
3139 3919 3409 3974 mediator
3451 3918 3636 3983 fuit",

2055 4023 2244 4062 verum
2280 4007 2372 4061 Dei
2404 4009 2740 4063 domicilium
2766 4050 2780 4072 ,
2806 4010 3172 4065 sacerdotium
3200 4021 3473 4074 sanctum,
3512 4010 3636 4079 Spi-

2055 4098 2196 4152 ritus
2225 4099 2595 4166 regenerantis
2627 4115 2690 4154 ac
2721 4098 2832 4154 Deo
2861 4100 3224 4154 instaurantis
3255 4100 3438 4154 omnia
3476 4100 3640 4169 largi-

2056 4195 2164 4241 tor.
2215 4185 2440 4241 Verbum
2467 4189 2606 4242 enim
2639 4206 2765 4244 caro
2795 4190 2998 4257 factum
3044 4198 3154 4255 est,
3205 4199 3256 4242 et
3289 4190 3543 4244 habitavit
3584 4191 3639 4242 in

2059 4282 2230 4344 nobis,
2273 4291 2322 4335 et
2352 4283 2578 4335 vidimus
2610 4283 2839 4352 gloriam
2889 4285 3004 4347 eius
3031 4321 3047 4346 ,
3109 4292 3357 4352 tanquam
3414 4282 3640 4352 gloriam

2065 4371 2333 4444 Unigeniti
2360 4391 2395 4427 a
2430 4373 2676 4428 Patre“.
2717 4372 2783 4427 Ut
2811 4373 2956 4427 enim
2989 4373 3169 4443 pluvia
3201 4388 3325 4426 cum
3352 4373 3640 4427 arboribus

2060 4466 2375 4520 coalescens
2443 4481 2507 4519 ac
2543 4465 2809 4534 stirpibus
2836 4505 2851 4530 ,
2883 4480 3083 4534 corpus
3113 4463 3274 4519 eﬁicit
3298 4505 3313 4529 ,
3343 4472 3397 4518 et
3442 4480 3639 4517 unum-

2063 4570 2335 4622 quemque
2365 4555 2602 4609 lructuiu
2643 4554 2710 4608 ad
2740 4556 2860 4624 ejus
2885 4594 2900 4621 ,
2935 4555 3079 4609 unde
3104 4563 3260 4608 ortus
3293 4565 3408 4617 est,
3445 4553 3641 4608 simili-

374 4614 600 4706 γίνεται,
627 4614 1178 4713 προσλαμὼνόμενος
1201 4614 1557 4714 πρὸς-ἀὐτῆς
1578 4645 1640 4698 τὸ
1670 4644 1953 4710 οὐσιῶδες·

2065 4646 2305 4700 tudinem
2337 4647 2628 4715 producit,
2683 4657 2743 4699 ut
2765 4656 2820 4701 et
2849 4647 2900 4700 in
2927 4648 3089 4711 oliva,
3122 4645 3189 4699 ad
3226 4647 3345 4715 ejus
3392 4656 3642 4700 naturam

376 4734 433 4792 ἐν
456 4732 500 4785 δ’
526 4732 758 4804 ἀμπέλῳ
788 4728 927 4797 οἶνος
950 4734 1080 4805 ἡδὺς
1109 4734 1385 4805 χροῖζεται
1404 4753 1418 4767 ο
1450 4737 1510 4789 ἐν
1536 4737 1592 4790 δὲ
1628 4739 1766 4808 συκῇ
1798 4737 1961 4792 σῦκον

375 4823 754 4890 γλυκαίνεται·
790 4827 848 4879 ἐν
875 4825 932 4879 δὲ
970 4827 1183 4896 ἑκάστῳ
1214 4827 1325 4880 τῶν
1367 4828 1700 4900 σπερμάτων
1732 4829 1870 4900 πρὸς
1901 4830 1962 4883 τὸ

375 4911 512 4978 εἶδος
550 4914 714 4970 αὐτοῦ
766 4915 918 4981 αὔξει
949 4919 1089 4988 φυήν
1117 4935 1130 4948 ·
1167 4917 1364 4984 οὕτως,
1399 4915 1572 4992 οἶμαι,
1598 4923 1626 4974 ό
1666 4923 1838 4991 Λόγος
1866 4923 1959 4975 τοῦ

374 5005 509 5059 Θεοῦ
560 5008 618 5059 ἐν
677 5007 867 5080 Μαρίᾳ
916 5007 1054 5080 σὰρξ
1104 5009 1360 5078 ἐγένετο,
1423 5014 1518 5065 καὶ
1580 5014 1638 5066 ἐν
1687 5014 1961 5085 σπέρματι

387 5098 636 5169 Ἀϐραὰμ
658 5100 942 5171 ἄνθρωπος
961 5102 1266 5173 εὑρίσκετο,
1298 5103 1440 5156 κατά
1471 5103 1570 5174 τὴν
1605 5106 1956 5174 ἐπαγγελίαν.

373 5190 722 5261 Εὑρήκαμεν
765 5193 876 5262 γὰρ
930 5196 1231 5261 Μεσσίαν,
1287 5195 1359 5250 ὃν
1403 5197 1628 5265 ἔγραψε
1676 5197 1955 5266 Μωϋσῆς.

387 5284 474 5346 Ὠς
501 5283 558 5335 δὲ
590 5284 829 5355 Μωῦσῆς
866 5284 970 5355 ἔφη
993 5303 1006 5316 ·
1049 5287 1369 5356 Καταϐοήτω
1399 5288 1480 5354 ὡς
1512 5289 1686 5354 ὑετὸς
1717 5288 1783 5341 τὸ
1810 5289 1958 5342 ἀπό-

375 5376 608 5444 φθετμά
629 5394 771 5445 μου,
795 5378 894 5431 καὶ
933 5379 1014 5444 ὠς
1041 5381 1333 5448 σταγόνες
1364 5379 1688 5440 στάζουσαι
1719 5380 1817 5432 ἐπὶ
1850 5379 1960 5447 τῆς

376 5460 491 5530 γῆς
515 5477 529 5491 ⁸
562 5461 617 5533 ἢ,
648 5464 964 5531 Καταόήτω
994 5467 1074 5533 ὠς
1111 5465 1331 5534 δρόσος
1377 5467 1476 5522 ἐπὶ
1529 5470 1740 5522 πόκον.
1773 5471 1960 5541 Ἔριον

375 5551 555 5606 τοίνυν
589 5553 876 5626 δεχόμενον
913 5556 1012 5628 τὴν
1059 5557 1247 5629 δρόσον
1280 5557 1430 5622 αὔξει
1467 5559 1637 5614 πόκου
1667 5563 1849 5631 γονήν.
1883 5561 1922 5613 Γ
1926 5561 1959 5630 ἧ

454 5757 470 5786 ³
512 5754 707 5827 Ephcs.
742 5779 780 5821 ι.
815 5761 898 5814 10.
976 5761 997 5789 ²
1038 5759 1237 5829 Ephes,
1277 5777 1335 5822 ιι,
1377 5758 1566 5822 ιι,ιδ.

1647 5762 1665 5791 ³
1708 5760 1898 5813 Matth.
1925 5778 1997 5822 at,
2019 5760 2109 5815 93.

381 5825 453 5881 20
485 5825 606 5902 sqq.
681 5832 702 5864 '
741 5831 881 5888 Phil.
913 5845 994 5898 ιιι,
1019 5825 1110 5885 Ἠ.
1187 5832 1208 5861 ⁸
1248 5831 1362 5886 Col.
1411 5847 1467 5896 ιι,
1500 5832 1552 5886 9.
1630 5833 1650 5864 ’
1692 5832 1735 5886 Il
1775 5835 1899 5888 Cor.
1933 5849 1953 5885 ι

2054 5839 2103 5885 .t.
2183 5832 2222 5862 ¹⁰
2263 5830 2282 5884 l
2321 5831 2454 5886 Tini.
2492 5849 2550 5898 ιι,
2580 5832 2633 5882 5.

2059 4747 2116 4793 et
2150 4738 2510 4793 substantiam
2552 4738 2870 4806 adjunctum
2899 4776 2913 4801 ,
2941 4739 3143 4808 pingue
3171 4737 3348 4792 oleum
3373 4737 3641 4800 exsistat;

2061 4831 2118 4884 in
2150 4830 2261 4883 vite
2295 4828 2610 4884 suavissimi
2657 4830 2713 4883 in
2768 4829 2877 4883 vini
2923 4830 3244 4899 qualitatem
3295 4828 3643 4897 coloremque

2060 4932 2335 4986 transeat;
2397 4923 2452 4976 in
2493 4923 2628 4976 ﬁcus
2680 4921 2876 4977 arbore
2906 4922 3228 4976 dulcissimo
3271 4919 3405 4974 ﬁcus
3451 4933 3642 4989 sapore

2060 5023 2428 5084 temperetur;
2483 5023 2537 5069 et
2585 5016 2638 5068 in
2670 5015 2914 5084 quolibet
2944 5015 3152 5069 semine
3184 5022 3436 5067 naturam
3468 5013 3643 5081 ipsius

2056 5107 2123 5159 ad
2155 5117 2523 5160 consentanea
2554 5105 2822 5176 cujusque
2851 5106 3038 5160 ferina:
3070 5101 3407 5159 incrementa
3445 5103 3642 5172 perdu-

2055 5202 2170 5248 cat:
2200 5194 2271 5247 ita
2305 5193 2560 5251 Verbum.
2597 5195 2825 5263 Opinor,
2867 5194 2960 5249 Dei
3003 5195 3056 5247 in
3089 5193 3256 5246 Maria
3285 5207 3414 5246 caro
3437 5192 3642 5245 factum

2055 5295 2137 5338 est
2169 5324 2184 5347 ,
2229 5293 2284 5338 et
2317 5285 2368 5337 in
2404 5285 2696 5338 Abrahami
2727 5285 2898 5352 stirpe
2931 5284 3093 5337 homo
3136 5297 3200 5335 ex
3243 5279 3508 5350 promissi
3539 5279 3643 5332 ﬁde

2058 5385 2303 5447 repertus
2325 5385 2430 5430 est.
2460 5375 2758 5429 Invenimus
2791 5378 2952 5436 enim,
2981 5375 3178 5443 inquit,
3200 5372 3641 5441 Messiam,quem

2058 5471 2268 5537 scripsit
2326 5468 2533 5538 Moyses
2561 5471 2622 5522 ¹².
2659 5469 2800 5524 Idem
2835 5484 2960 5523 vero
2995 5467 3206 5538 Moyses
3249 5485 3260 5519 :
3320 5463 3637 5526 Descendat,

2059 5562 2256 5630 inquit,
2294 5569 2349 5612 ut
2382 5559 2555 5626 pluvia
2585 5560 2849 5629 eloquium
2884 5575 3051 5611 meum
3073 5597 3087 5620 ,
3120 5566 3168 5610 et
3201 5565 3450 5624 tauquam
3479 5562 3641 5622 gutta‘

2777 5760 2796 5789 ⁵
2839 5759 2852 5809 I
2902 5756 3026 5809 Cor.
3058 5772 3092 5814 ι.
3122 5758 3208 5810 50.
3290 5757 3310 5787 ⁸
3349 5755 3556 5809 Coloss.
3595 5770 3635 5805 ι.

2715 5831 2749 5862 ¹¹
2793 5830 2947 5884 Joan.
2981 5844 3017 5896 I,
3053 5828 3134 5882 Η.
3184 5831 3220 5860 υ
3258 5827 3396 5882 ibid.
3431 5832 3520 5886 45.

2216 5767 2236 5790 ⁵
2276 5757 2433 5812 Rom.
2468 5775 2585 5816 vm.
2619 5761 2669 5812 5.
