4134 6386
448 316 553 369 4Ἱ9

1916 315 1972 368 S.
2017 314 2354 377 EPIPIMNII

3619 322 3727 381 680

451 435 716 488 uitiante:
767 435 823 487 in
877 445 1074 487 terram
1107 434 1146 486 ‘.
1186 432 1282 488 νει
1315 453 1328 488 :
1363 433 1659 488 Descendat
1692 436 1823 489 sicut
1856 455 1941 490 rus
1991 439 2044 491 in

2173 443 2222 505 e.
2253 444 2514 514 δεχομένη
2542 445 2632 496 τὸν
2675 444 2888 508 ἐλπίδος
2915 444 3160 513 γεωργὸν
3202 442 3375 506 ὑετὸν,
3408 440 3562 509 αὔξει
3589 458 3725 512 καρ-

453 527 614 581 tellus
643 529 685 580 '.
721 525 864 579 Lana
896 527 1079 595 itaque
1134 541 1312 584 rorem
1345 529 1626 598 excipiens
1659 529 1826 583 fetum
1881 541 2041 601 auget

454 618 621 690 890
644 619 881 673 velleris.
910 617 1078 673 Terra
1106 619 1253 673 velut
1284 620 1572 690 quemdam
1607 624 1722 692 spei
1752 625 2040 690 cultorem,

418 775 430 783 _
457 723 510 765 et
539 710 833 781 agricolam
863 710 1104 780 pluviam
1134 713 1437 781 excipiens,
1481 712 1719 769 fructum
1756 717 1824 771 ad
1862 725 2042 770 rnatu-

459 804 673 858 ritatem
707 803 981 872 perducit,
1013 818 1189 874 eaque
1216 805 1438 875 perfusa
1479 822 1547 861 ex
1575 807 1805 878 imperio
1829 807 2041 863 Domini

459 896 737 950 naturales
770 895 956 966 fruges
989 908 1240 969 prompte
1279 913 1343 952 ac
1372 899 1607 954 libenter
1634 900 1856 965 emittit,
1895 907 1951 956 et
1979 902 2047 957 ab

457 989 648 1044 eodem
691 1003 888 1044 rursus
919 991 1225 1062 accipiendi
1265 992 1461 1063 majori
1491 991 1765 1048 desiderio
1808 1001 2048 1050 tenetur.

460 1077 552 1132 Sic
604 1087 660 1133 et
689 1078 858 1133 Maria
891 1079 1060 1151 Virgo
1110 1098 1236 1136 cum
1293 1084 1368 1137 ita
1411 1084 1821 1154 respondisset:
1880 1084 2048 1153 Unde,

460 1171 671 1242 inquit,
727 1189 1038 1243 cognoscam
1094 1177 1223 1228 mihi
1263 1176 1407 1230 istud
1437 1178 1792 1246 adfuturum?
1836 1180 2046 1234 audiit:

461 1263 693 1332 Spiritus
723 1265 939 1319 Domini
971 1269 1024 1321 in
1065 1277 1114 1322 te
1140 1270 1415 1324 descendet
1441 1311 1456 1332 ,
1500 1281 1550 1324 et
1585 1274 1752 1325 virtus
1782 1271 2050 1326 Altissimi

2148 537 2250 589 7:6v
2295 537 2354 591 τὸ
2393 536 2700 608 δέχεσθαιη
2749 537 3130 608 πρόσταγματι
3172 535 3464 598 Δεσπότου,
3513 534 3724 605 προσδι-

2145 628 2311 682 δοῦσα
2338 629 2436 700 τὴν
2474 630 2634 699 φύσιν
2669 628 2962 701 προθύμως
2982 647 2995 659 ⁶
3025 629 3104 700 τῷ
3131 629 3186 683 δὲ
3206 631 3249 660 ¹⁸
3278 627 3574 698 λαμϐάνειν
3601 627 3725 698 παρ’

2149 719 2314 772 αὑτοῦ
2363 719 2524 774 πλέον
2569 721 2681 792 ἔχει
2726 721 2978 793 σπουδήν.
3027 720 3185 774 Οὕτω
3223 721 3286 792 δὴ
3321 720 3414 772 καὶ
3458 717 3726 791 Παρθένος

2151 810 2361 880 Μαρία.
2392 812 2553 865 Κατὰ
2581 813 2638 865 τί
2666 813 2968 884 γνώσομαι
2997 811 3193 876 τοῦτο,
3225 811 3409 882 φησὶν,
3443 810 3532 863 ὅτι
3559 809 3722 864 ἔστα.

2150 919 2284 974 μοι;
2313 903 2538 972 ἢκουσε·
2559 904 2802 974 Πνεῦμα
2817 906 3036 975 Kvplov
3065 901 3500 976 [ἐπελεύσεται]
3521 902 3618 956 ἐπὶ
3634 901 3727 965 σὲ,

2155 995 2256 1048 καὶ
2285 995 2535 1065 δύναμις
2579 997 2871 1066 Ὑψίστου
2899 997 3240 1052 ἐπισκιάσει
3264 1010 3393 1050 σοι’
3422 994 3513 1048 διὸ
3542 994 3641 1049 καὶ
3668 993 3732 1047 τὸ

2156 1085 2532 1158 γεννώμενον
2575 1086 2645 1140 ἐκ
2693 1086 2809 1141 σοῦ
2827 1087 2998 1156 ἅγιον
3022 1087 3215 1151 ἔσται,
3255 1086 3355 1140 καί
3400 1084 3532 1150 Υἱὸς
3573 1084 3735 1151 Ὑψί-

2157 1195 2316 1234 στου
2354 1179 2744 1248 κληθήσεται.
2797 1178 3030 1250 Χριστὸς
3057 1179 3113 1232 ὲν
3145 1177 3360 1247 ἀγγέλῳ
3398 1175 3576 1229 λαλεῖ·
3607 1175 3736 1227 ἀνα-

2157 1273 2383 1326 πλάττει
2433 1273 2490 1325 δὲ
2525 1272 2714 1325 ἑαυτὸν
2740 1273 2798 1325 έν
2825 1273 2892 1342 τῇ
2921 1270 3113 1325 ἑαυτοῦ
3144 1271 3338 1324 πλάσει
3377 1271 3405 1322 6
3433 1269 3732 1337 Δεσπότης,

459 1357 794 1412 obumbrabit
853 1369 942 1422 te;
997 1359 1212 1431 ideoque
1269 1371 1317 1416 et
1371 1363 1510 1434 quod
1576 1373 1822 1418 nascetur
1873 1379 1940 1417 ea:
2001 1372 2049 1417 te

2173 1361 2393 1432 ιορρὴν
2416 1362 2642 1416 δούλου
2667 1361 2887 1418 λαϐὼν.

461 1459 704 1505 sanctum
747 1454 883 1517 erit,
923 1463 971 1507 et
1005 1452 1182 1509 Filius
1243 1455 1514 1510 Altissimi
1577 1457 1850 1512 vocabitur
1874 1457 1912 1510 ⁸.
1985 1457 2237 1513 Christus
2296 1458 2352 1512 in
2414 1457 2610 1529 angelo
2649 1457 2929 1528 loquitur,
2980 1465 3036 1513 et
3070 1473 3125 1512 In
3176 1457 3261 1513 sui
3323 1454 3496 1526 ipsius
3542 1453 3743 1507 turma-

462 1547 609 1602 tione
655 1547 1011 1619 semetipsum
1079 1548 1342 1605 Dominus
1391 1550 1616 1622 eﬂingit,
1657 1553 1794 1607 servi
1825 1553 2055 1622 formam
2088 1552 2313 1606 iuduens
2339 1553 2382 1608 ⁸.

531 1665 800 1721 Caeterum
855 1666 1024 1719 Maria
1068 1665 1310 1722 Verbum
1363 1669 1458 1724 Dei
1515 1669 1583 1724 ad
1639 1671 2046 1740 generationem

2225 1669 2336 1724 Καὶ⁵
2372 1669 2558 1741 Μαρία
2589 1669 2687 1740 μὲν
2734 1670 2995 1738 ἀνιμᾶται
3038 1667 3130 1722 τὸν
3157 1667 3327 1734 Λόγον
3356 1667 3436 1728 είς
3461 1663 3737 1734 σύλληψιν,

463 1756 608 1810 velut
641 1767 784 1811 terra
831 1757 1070 1826 pluviam
1103 1757 1286 1812 haurit
1335 1767 1390 1813 et
1427 1761 1693 1815 attrahit:
1732 1760 1875 1817 Deus
1917 1777 2050 1816 vero

2173 1762 2231 1826 ὓς
2261 1763 2414 1817 ὑετὸν
2443 1765 2476 1833 ἡ
2504 1763 2574 1832 γῆ
2600 1780 2612 1792 ·
2650 1763 2841 1815 ἑαυτὸν
2871 1761 2926 1816 δὲ
2953 1762 3162 1832 καρπδν
3191 1759 3344 1829 ἅγιον
3371 1756 3739 1819 ἀποδείκνυσι,

465 1856 719 1903 sanctum
745 1864 869 1904 sese
895 1848 1134 1902 fructum
1161 1849 1215 1902 in
1244 1851 1460 1905 mortali
1491 1858 1689 1905 natura
1717 1851 2055 1921 capessenda

2173 1855 2709 1926 προσλαμῦανόμενος
2761 1853 2957 1924 θνητοῦ
2996 1854 3179 1924 φύσιν.
3231 1844 3401 1914 Οὗτος
3443 1845 3511 1921 ἦν
3553 1846 3612 1912 ἐξ
3645 1846 3738 1900 αὑ.

463 1939 830 1994 demonstrat.
859 1939 1002 2010 Ergo
1052 1940 1142 1994 hic
1173 1955 1240 1995 ex
1272 1941 1362 1996 illa
1393 1951 1554 1997 terra:
1588 1943 1763 1997 instar
1817 1959 1882 1997 ac
1944 1943 2057 1998 vel-

469 2031 600 2086 .eris
627 2032 934 2087 attrahente
966 2031 1249 2102 prolectus
1307 2041 1393 2088 est
1435 2049 1580 2089 vera:
1612 2034 1911 2104 solidaque
1941 2034 2060 2104 spei

472 2124 722 2191 fructus,
762 2133 816 2179 et
864 2140 893 2178 a
945 2127 1154 2181 sanctis
1184 2136 1555 2198 exspectatus.
1588 2127 2060 2194 Quemadmodum

470 2214 782 2273 Elisabctha
813 2218 953 2273 dixit
979 2239 992 2274 :
1027 2217 1310 2273 Benedicta
1339 2230 1397 2273 tu
1419 2222 1556 2275 inter
1587 2221 1857 2288 mulieres,
1894 2230 1944 2274 et
1977 2219 2064 2274 be-

472 2311 711 2364 nedictus
746 2311 954 2380 fructus
1006 2314 1201 2366 ventris
1253 2314 1331 2366 tui
1354 2313 1398 2367 ⁸.
1444 2310 1558 2368 Hoc
1589 2321 1770 2367 autem
1798 2326 1960 2367 omne
1994 2327 2062 2366 ex

2157 1947 2256 2016 τῆς
2311 1945 2624 2019 άνιμώσης,
2667 1945 2743 2010 ὼς
2784 1949 2853 2018 γῆ
2909 1945 3004 1998 καὶ
3047 1944 3253 2007 ποκὰς,
3303 1945 3333 1996 6
3372 1941 3472 2012 τῆς
3517 1935 3746 2009 ἀληθοῦς

2160 2041 2374 2103 ἐλπίδος
2407 2039 2617 2112 καρπὸς
2643 2039 2820 2108 ἁγίοις
2850 2041 2910 2092 ὲν
2948 2035 3276 2110 προσδοκίᾳ·
3326 2031 3511 2096 καθὼς
3537 2029 3750 2084 Ἐλισά-

2161 2135 2255 2186 σετ
2280 2131 2487 2200 ἔλεγεν·
2520 2127 2916 2200 Εὐλογημένη
2944 2128 3025 2182 σὺ
3057 2127 3127 2181 ἐν
3151 2124 3408 2196 γυναιξί,
3441 2122 3541 2176 καὶ
3579 2122 3752 2176 εὐλο-

2163 2221 2424 2292 γημένος
2458 2224 2490 2276 ὀ
2519 2220 2748 2290 καρπὸς
2777 2219 2885 2288 τῆς
2930 2219 3161 2284 κοιλίας
3210 2231 3326 2270 σου
3345 2230 3360 2245 ’
3429 2213 3459 2266 6
3482 2210 3750 2284 προσελά-

2163 2314 2289 2368 6ετο
2325 2313 2386 2378 ἐξ
2415 2312 2854 2385 άνθρωπότητος,
2883 2309 3072 2366 παθὼν
3102 2307 3317 2378 ἀπαθὴς
3360 2305 3436 2358 ὢν
3482 2306 3511 2357 6
3557 2303 3752 2371 Λόγος.

473 2399 714 2457 humana
765 2401 1081 2459 conditione
1135 2421 1199 2462 ac
1274 2414 1474 2460 natura
1520 2406 1576 2460 in
1632 2421 1754 2461 sese
1787 2406 2066 2460 transtulit

2173 2403 2347 2472 Οὗτος
2376 2409 2408 2460 ὀ
2437 2405 2614 2475 ἄρτος
2659 2408 2692 2460 ὀ
2738 2404 2866 2470 (ὧν,
2895 2407 2927 2458 ό
2954 2402 3214 2467 καταϐὰς
3246 2399 3317 2465 ἐξ
3347 2397 3630 2468 οὐρανοῦ,
3663 2395 3756 2449 καὶ

477 2494 715 2552 Verbum
745 2496 877 2552 illud
907 2536 923 2562 ,
965 2496 1113 2569 quod
1149 2512 1346 2566 expers
1392 2497 1593 2567 alioqui
1631 2497 1906 2568 passionis
1945 2511 2066 2566 per-

476 2589 586 2660 peti
623 2589 812 2645 voluit.
872 2589 976 2644 llic
1019 2600 1098 2644 est
1143 2591 1298 2659 panis
1333 2590 1422 2644 ille
1473 2591 1654 2655 vivus,
1702 2591 1792 2660 qui
1841 2588 1905 2643 de
1937 2588 2064 2643 caelo

476 2679 746 2734 descendit
770 2682 812 2749 ⁸,
845 2697 909 2736 ac
954 2683 1123 2738 vitam
1173 2683 1458 2753 impertiit.
1499 2681 1601 2738 Hic
1632 2692 1718 2739 est
1760 2697 1902 2738 vera:
1947 2680 2065 2737 fru-

477 2782 601 2828 ctus
639 2775 805 2840 oleae,
847 2773 1124 2829 unctionis
1156 2784 1211 2828 et
1241 2775 1656 2845 compositionis
1689 2775 1871 2830 oleum
1909 2774 2064 2840 illud,
2117 2813 2120 2818 -

479 2866 628 2936 quod
681 2867 904 2936 Moyses
953 2869 1137 2938 specie
1177 2870 1411 2939 quadam
1459 2868 1804 2923 adumbravit
1835 2869 1878 2922 ".
1921 2867 2065 2924 Idem

479 2974 606 3012 vera
639 2958 766 3012 vitis
797 2967 903 3022 est,
934 2976 1100 3029 quam
1132 2962 1282 3016 solus
1319 2961 1480 3015 Pater
1501 2962 1632 3014 colit
1663 2961 1705 3027 ⁸,
1733 2961 1826 3031 qui
1869 2961 2070 3017 laetitiae

481 3051 641 3104 nobis
671 3066 829 3104 uvam
859 3053 1168 3122 progenuit.
1195 3051 1294 3106 Hic
1324 3060 1409 3107 est
1438 3067 1581 3122 aqua
1615 3053 1706 3105 illa
1730 3053 1872 3115 viva,
1903 3067 2067 3122 quam

2166 2497 2311 2569 ζωὴν
2339 2497 2534 2562 διδούς.
2566 2492 2736 2560 Οὗτος
2757 2498 2786 2549 6
2813 2496 2912 2566 τῆς
2936 2493 3172 2566 ἀληθοῦς
3209 2493 3394 2555 ἐλαίας
3427 2489 3660 2561 καρπὸς,
3695 2488 3758 2540 τὸ

2167 2589 2343 2643 ἔλαιον
2393 2590 2492 2661 τῆς
2532 2589 2765 2662 χρίσεως
2813 2588 2908 2642 καὶ
2943 2588 3044 2658 τῆς
3086 2585 3407 2648 συνθέσεως,
3437 2581 3496 2636 ὃν
3526 2579 3757 2651 προετύ-

2171 2700 2320 2737 πωσε
2354 2684 2612 2755 Μωῦσῆς.
2647 2675 2812 2746 Οὗτος
2842 2683 2875 2752 ἠ
2908 2679 3135 2751 ἀληθινὴ
3177 2677 3441 2749 ἄμπελος,
3477 2675 3543 2745 ἠν
3582 2689 3760 2744 γεωρ-

2167 2776 2256 2841 γεῖ
2273 2773 2430 2844 μόνος
2454 2774 2548 2826 καὶ
2572 2775 2600 2826 6
2616 2772 2825 2844 Πατὴρ,
2848 2771 3040 2843 βότρυν
3065 2771 3238 2841 χαρᾶς
3261 2768 3528 2838 γεννήσας
3543 2766 3584 2795 ’⁷
3608 2766 3756 2835 ἡμῖν.

2169 2859 2338 2929 Οὗτος
2370 2866 2431 2918 τὸ
2453 2863 2598 2937 ὕδωρ
2626 2865 2687 2918 τὸ
2715 2865 2842 2930 ζῶν,
2877 2863 2906 2916 6
2945 2862 3116 2933 διψῶν
3155 2862 3444 2932 ἄνθρωπος
3475 2856 3676 2919 λαϐὼν,
3701 2856 3761 2909 οὐ

2169 2958 2382 3028 διψήσει
2411 2957 2572 3011 πάλιν
2591 2974 2604 2986 ο
2635 2957 2750 3010 ἀλλ’
2779 2956 2922 3010 ἔστιν
2949 2957 3006 3008 ἐν
3034 2957 3101 3025 τῇ
3125 2952 3302 3022 κοιλίᾳ
3333 2949 3498 3004 αὑτοῦ
3535 2948 3763 3018 ἁλλόμε-

2171 3067 2260 3103 νον
2295 3052 2374 3112 εἰς
2411 3047 2553 3120 ζωὴν
2577 3047 2814 3102 αἰώνιον.
2845 3048 2939 3100 Ἐκ
2966 3047 3156 3101 τούτου
3177 3044 3432 3107 λαόόντες
3457 3041 3764 3114 μετέδωκαν

481 3141 678 3196 sitiens
727 3142 890 3197 homo
922 3157 1046 3198 cum
1088 3143 1331 3209 biberit,
1362 3159 1472 3197 non
1500 3144 1645 3198 sitiet
1673 3143 1936 3213 amplius;
1975 3143 2066 3196 sed

2173 3143 2220 3196 οἱ
2248 3141 2356 3196 νέοι
2388 3141 2623 3213 γεωργοὶ
2652 3141 2732 3204 είς
2768 3140 2859 3194 τὸν
2897 3139 3130 3211 κόσμον·
3179 3136 3400 3192 παλαιοὶ
3442 3135 3500 3190 δὲ
3535 3132 3767 3205 γεωργοὶ

482 3236 538 3289 in
581 3239 702 3305 ejus
752 3245 946 3292 ventre
995 3247 1280 3307 permanet
1330 3237 1536 3291 saliens
1583 3237 1640 3290 in
1695 3237 1862 3290 vitam
1909 3242 2072 3290 mter-

483 3341 611 3380 nam
645 3327 688 3379 ’.
715 3326 798 3380 Ab
832 3327 936 3382 hoc
971 3328 1094 3383 novi
1127 3328 1380 3398 agricolae
1416 3327 1768 3398 propaginem
1799 3327 2075 3396 capientes

485 3423 603 3468 toto
629 3415 763 3470 orbe
797 3425 1141 3485 sparserunt.
1176 3415 1404 3471 Veteres
1440 3426 1620 3471 autem
1655 3417 1898 3471 cultores
1921 3417 2077 3471 evul-

487 3523 604 3563 sam
659 3515 853 3576 suapte
888 3506 1113 3576 perﬁdia
1163 3505 1546 3578 proﬂigarunt.
1602 3505 1697 3560 Ille
1741 3513 1928 3577 gentes
1977 3520 2078 3560 suo

493 3614 693 3654 cruore
721 3599 1062 3664 sanctiﬁcat;
1099 3597 1188 3652 ille
1219 3614 1315 3667 per
1360 3598 1623 3667 Spiritum
1655 3606 1907 3652 sanctum
1939 3614 2081 3669 quos

490 3691 708 3748 vocavit
741 3691 806 3745 ad
842 3706 1070 3760 regnum
1111 3692 1339 3746 cmleste
1370 3691 1638 3761 perducit.
1673 3689 1818 3744 Sane
1850 3692 2082 3762 quicun-

491 3785 604 3852 que
635 3780 810 3850 ipsius
841 3789 1079 3850 aguntur
1111 3779 1319 3850 Spiritu
1344 3781 1408 3843 ¹⁰,
1446 3779 1555 3834 Deo
1588 3781 1692 3850 ipsi
1716 3781 1926 3837 vivunt.
1957 3781 2083 3847 Qui-

495 3887 717 3943 cunque
755 3887 887 3927 vero
921 3889 1033 3926 non
1085 3883 1357 3942 aguntur,
1397 3872 1558 3926 morti
1612 3872 1792 3927 adhuc
1836 3873 2080 3928 attributi

496 3966 788 4031 animales,
820 3967 907 4022 vel
937 3966 1191 4021 carnales
1223 3965 1406 4036 potius
1443 3965 1807 4035 appellantur.
1851 3964 2086 4020 Proinde

495 4059 679 4114 carnis
728 4059 1033 4127 exstinguit
1073 4073 1274 4128 opera,
1322 4074 1445 4129 qua:
1478 4058 1878 4114 munimentum
1911 4058 2088 4130 quod-

497 4150 620 4202 dam
669 4159 754 4203 est
795 4149 1050 4218 peccati;
1101 4161 1156 4202 et
1208 4149 1455 4203 membra
1514 4148 1709 4202 mortis
1763 4163 1864 4202 sua
1913 4150 2087 4218 gratia

502 4241 816 4294 mortiticat.
850 4239 996 4294 Idem
1046 4241 1299 4310 accipere
1336 4238 1600 4310 Spiritum
1643 4249 1928 4303 sanctum,
1979 4254 2090 4310 quo

499 4332 828 4388 carebamus
853 4375 868 4399 ,
923 4333 1190 4402 imperat:
1229 4333 1322 4403 qui
1352 4349 1437 4389 me
1479 4333 1688 4402 pridem
1722 4341 1974 4388 enectum
2005 4347 2091 4388 re-

503 4425 719 4479 vocavit
748 4425 814 4480 ad
843 4427 1046 4480 vitam:
1084 4442 1243 4496 quem
1279 4426 1384 4481 nisi
1414 4439 1691 4494 recepero,
1722 4424 1957 4480 subinde
1982 4441 2092 4480 mo-

502 4520 634 4572 riar.
655 4517 790 4570 Nam
824 4518 1032 4588 absque
1063 4519 1186 4588 ejus
1221 4517 1430 4588 Spiritu
1451 4517 1680 4587 quilibet
1705 4527 1790 4572 est
1817 4527 2086 4573 mortuus.

505 4609 661 4675 Quod
713 4610 760 4664 si
796 4609 1030 4676 Spiritus
1085 4611 1198 4679 ejus
1237 4613 1294 4664 in
1351 4611 1502 4664 nobis
1547 4620 1662 4675 est,
1707 4611 1795 4681 qui
1847 4612 2095 4665 excitavit

2175 3235 2398 3307 ἐξῆραν,
2428 3235 2524 3288 καὶ
2542 3233 2799 3306 ἔφθειραν
2825 3233 2914 3286 διὰ
2950 3231 3228 3286 ἀπιστίαν.
3256 3230 3460 3300 Αἴματι
3494 3228 3592 3298 μὲν
3636 3227 3765 3280 ἑαυ-

2175 3327 2270 3380 τοῦ
2301 3325 2517 3396 ἁγιάζει
2542 3326 2612 3379 τὰ
2652 3325 2778 3396 ἔθνη
2801 3341 2816 3355 ’
2848 3325 3128 3395 Πνεύματι
3160 3323 3216 3376 δὲ
3251 3322 3405 3392 ἀϊδίῳ
3424 3320 3466 3351 ¹⁸
3498 3320 3619 3387 ἄγει
3643 3318 3769 3380 τοὺς

2178 3419 2410 3492 κλητοὺς
2449 3421 2528 3482 εἰς
2568 3418 2850 3490 οὐρανούς.
2880 3418 3034 3471 Ὅσοι
3085 3413 3216 3483 γοῦν
3269 3412 3553 3484 Πνεύματι
3601 3409 3768 3462 αὑτοῦ

2177 3513 2419 3582 ἄγονται,
2455 3512 2607 3564 αὐτοὶ
2642 3509 2774 3576 ζῶσι
2813 3509 2952 3580 Θεῷ.
2990 3510 3145 3563 Ὅσοι
3187 3508 3244 3562 δὲ
3289 3507 3386 3579 μὴ,
3423 3506 3503 3560 ἔτι
3555 3504 3771 3572 θανάτῳ

2179 3600 2546 3672 λελογισμένοι
2584 3601 2714 3663 εἰσὶ,
2749 3598 2970 3670 ψυχικοὶ
3017 3599 3136 3670 ἦτοι
3183 3595 3438 3668 σαρκικοὶ
3479 3589 3624 3648 οὗτοι
3676 3610 3776 3645 καει

2180 3693 2413 3748 λοῦνται.
2463 3693 2657 3746 Τοίνυν
2702 3691 2886 3747 ἀθετεῖ
2928 3691 2996 3744 τά
3039 3690 3178 3761 ἔργα
3232 3690 3333 3761 τῆς
3371 3687 3605 3758 σαρκὸς.
3644 3685 3772 3756 61:3-

2185 3803 2342 3858 ρωμα
2373 3784 2540 3855 οὔσης
2572 3785 2874 3856 ἁμαρτίας·
2913 3785 3101 3854 νεκροῖ
3139 3782 3196 3836 δὲ
3239 3781 3496 3851 τὰ³μέλη
3537 3777 3632 3831 τοῦ
3675 3779 3766 3832 θα-

2187 3879 2350 3933 νάτου
2392 3878 2480 3932 διὰ
2530 3877 2631 3948 τῆς
2683 3877 2905 3948 χάριτος
2954 3874 3141 3930 αὐτοῦ.
3198 3872 3397 3927 Δαϐεῖν
3447 3872 3504 3925 δὲ
3551 3869 3775 3939 Πνεῦμα

2189 3973 2349 4041 ἅγιον
2376 3972 2404 4024 ὃ
2431 3972 2530 4025 οὐκ
2557 3973 2772 4042 εἴχομεν
2801 3971 3152 4040 προστάσσει,
3179 3969 3240 4021 τὸ
3273 3965 3568 4031 ζωοποιοῦν
3598 3963 3698 4034 ἐμὲ
3715 3962 3778 4015 τὸ

2187 4065 2354 4118 πάλαι
2388 4063 2686 4134 τεθνηκότα
2707 4079 2720 4092 ·
2749 4065 2886 4134 ὅπερ
2931 4062 3006 4132 μὴ
3049 4060 3226 4115 λαϐὼν
3271 4059 3621 4130 τεθνήξομαι.
3645 4055 3780 4126 Λίχα

2186 4153 2296 4225 γὰρ
2334 4152 2650 4222 Πνεῦματος
2693 4151 2854 4206 αὐτοῦ
2899 4154 3006 4215 πᾶς
3060 4150 3270 4221 νεκρός.
3331 4152 3400 4203 El
3456 4148 3667 4200 τοίνυν
3712 4144 3778 4198 τὸ

2187 4242 2430 4309 Πνεῦμα
2459 4240 2646 4294 αὐτοῦ
2686 4241 2758 4295 ἐν
2787 4241 2950 4310 ἡμῖν,
3001 4245 3033 4295 ὀ
3070 4241 3303 4311 ἐγείρας
3350 4239 3538 4293 αὑτὸν
3579 4238 3646 4290 ἐκ
3681 4251 3781 4290 γε·

2191 4332 2353 4402 κρών
2384 4333 2734 4401 ζωοποιήσει
2762 4335 2834 4387 τὰ
2857 4335 3043 4403 θνητὰ
3080 4333 3325 4403 σώματα
3353 4331 3524 4401 ἡμῶν
3547 4331 3644 4384 διὰ
3677 4329 3782 4383 τοῦ

2192 4426 2572 4492 ἐνοικοῦντος
2623 4427 2975 4496 Πνεύματος
3017 4425 3204 4479 αὐτοῦ
3259 4425 3333 4478 ἐν
3386 4423 3549 4494 ἡμῖν.
3621 4419 3782 4482 Ἀλλ’,

2194 4514 2369 4589 οἶμαι,
2397 4519 2684 4592 ἀμφότερα
2726 4522 2972 4574 κατοικεῖ
3001 4521 3058 4572 ἐν
3097 4518 3174 4589 τῷ
3210 4517 3426 4588 δικαίῳ,
3471 4519 3500 4570 6
3553 4513 3786 4587 Χριστὸς

2201 4616 2295 4668 καὶ
2321 4613 2382 4666 τὸ
2412 4613 2636 4684 Πνεῦμα
2665 4611 2855 4666 αὐτοῦ.

507 4707 657 4759 illum
689 4723 722 4760 a
757 4708 1002 4771 mortuis,
1039 4707 1322 4776 eiui/icabit
1353 4706 1606 4760 mortalia
1634 4721 1857 4773 corpora
1903 4721 2087 4761 nostra
2151 4724 2240 4776 per
2278 4708 2662 4762 inhabitantem
2712 4707 2970 4776 Spiritum
3021 4707 3135 4776 ejus
3186 4707 3240 4758 in
3295 4705 3443 4759 nobis
3482 4705 3546 4757 “.
3593 4699 3786 4757 Verum

509 4799 670 4853 ambo
700 4799 754 4852 in
779 4797 1120 4876 justo,89l
1159 4808 1217 4853 ut
1245 4800 1442 4869 opinor
1463 4838 1477 4864 ,
1514 4799 1782 4858 habitant.
1813 4799 2066 4855 Christus
2095 4801 2323 4872 ejusque
2351 4800 2613 4872 Spiritus.

582 4919 670 4974 IV.
702 4918 819 4973 Jam
871 4933 1002 4973 vero
1047 4932 1172 4971 cum
1221 4917 1476 4973 Christus
1527 4934 1557 4972 a
1597 4917 1758 4971 Patre
1791 4916 2092 4986 profectus,

513 5012 658 5068 Deus
711 5011 966 5065 videlicet
1013 5024 1042 5062 a
1077 5008 1187 5064 Deo
1235 5009 1524 5073 credatur,
1555 5016 1611 5062 et
1661 5007 1753 5062 Dei
1793 5009 2031 5080 Spiritus
2066 5025 2096 5062 a

514 5106 736 5158 Christo
766 5143 781 5166 ,
812 5112 999 5173 utpote
1035 5102 1128 5172 qui
1163 5102 1232 5156 ab
1264 5111 1498 5171 utroque
1545 5101 1828 5170 procedit,
1870 5100 1924 5154 id
1953 5100 2100 5170 quod

515 5197 771 5252 Christus
804 5196 920 5265 ipse
965 5201 1240 5250 testatur:
1277 5192 1437 5260 Quia
1470 5192 1632 5246 Patre
1657 5191 1975 5260 procedit",
2014 5193 2101 5246 in-

517 5290 658 5358 quit,
687 5297 739 5342 et
766 5307 778 5341 :
804 5285 909 5340 Hic
933 5287 998 5340 de
1026 5302 1138 5339 meo
1167 5284 1443 5354 accipiet"
1467 5303 1481 5340 :
1519 5300 1754 5356 cumque
1783 5283 2040 5340 Christus
2072 5301 2102 5338 e

2265 4922 2337 4975 A'.
2377 4921 2439 4973 Ei
2471 4918 2528 4972 δὲ
2558 4917 2791 4990 Χριστὸς
2835 4919 2899 4970 ὲκ
2931 4915 3025 4969 τοῦ
3059 4913 3271 4985 Πατρὸς
3305 4910 3622 4965 πιστεύεται
3652 4906 3784 4968 Θεὸς

2195 5015 2259 5066 ἐκ
2294 5011 2452 5075 Θεοῦ,
2487 5011 2675 5064 καὶτὸ
2727 5010 2946 5078 Πνεῦμα
2989 5007 3154 5061 αὐτοῦ
3202 5009 3266 5058 ἐκ
3309 5002 3404 5057 τοῦ
3449 4999 3707 5074 Χριστοῦ,
3739 5001 3786 5051 εί

2197 5107 2326 5176 παρ’
2353 5104 2698 5174 ἀμφοτέρων,
2729 5101 2804 5167 ὥς
2841 5117 3006 5171 φησιν
3041 5102 3069 5152 6
3105 5097 3439 5171 Χριστὸς,¹¹0
3488 5093 3647 5162 παρὰ
3687 5091 3791 5144 τοῦ

2201 5195 2430 5263 Πατρός
2475 5195 2886 5264 ἐκπορεύεται·
2935 5193 3077 5255 καὶ,
3140 5186 3328 5254 Οὗτος
3381 5189 3450 5240 ἐκ
3493 5184 3602 5238 τοῦ
3649 5179 3793 5250 ἐμοῦ

2209 5282 2495 5350 λήψεται·
2527 5284 2554 5334 6
2577 5281 2633 5334 δὲ
2656 5281 2890 5351 Χριστὸς
2912 5281 2976 5333 ὲκ
3005 5280 3321 5350 Πνεῦματος
3352 5276 3508 5344 ἁγίου
3528 5292 3541 5306 ·
3583 5272 3654 5328 Τό
3682 5270 3793 5340 γὰρ

525 5380 730 5450 Spiritu
757 5387 946 5432 sancto
989 5387 1152 5432 natus
1186 5377 1258 5430 sit
1289 5395 1304 5431 :
1338 5376 1492 5443 Quod
1525 5377 1661 5431 enim
1693 5377 1747 5429 in
1769 5376 1888 5443 ipsa
1915 5386 2014 5438 est,
2043 5375 2075 5428 d

2210 5377 2280 5429 ἐν
2317 5373 2491 5441 αὐτῇ,
2541 5376 2724 5444 φησιν,
2762 5374 2832 5428 ἐκ
2897 5375 3240 5442 Πνεύματος
3297 5370 3509 5439 ἁγίου,
3563 5363 3793 5433 ἀγγέλου

526 5471 730 5538 Spiritu
759 5478 940 5523 sancto
971 5483 1154 5522 natum
1183 5480 1261 5522 est
1284 5509 1300 5534 ,
1346 5478 1408 5522 ut
1439 5470 1616 5540 angeli
1658 5469 1839 5523 verbis
1873 5476 1996 5521 utar
2019 5468 2104 5523 “:

609 5649 622 5677 ¹
665 5647 818 5702 Deut.
864 5667 1032 5709 xxx".
1063 5654 1118 5705 2.
1226 5652 1245 5680 ¹
1288 5649 1430 5704 Psal.
1463 5668 1610 5714 L‘m.
1651 5649 1704 5703 δ-

1813 5648 1832 5680 ’
1873 5649 2007 5703 Luc.
2047 5664 2082 5710 I,
2117 5647 2186 5701 5i
2216 5662 2335 5714 sqq.
2414 5653 2433 5683 δ
2475 5646 2753 5715 Ριιίιίμιι.
2783 5645 2833 5697 '7.

2215 5468 2392 5539 φωνή·
2428 5464 2590 5520 συνίω
2630 5466 2692 5520 τὸ
2740 5465 3102 5538 λυτρούμενόν
3134 5481 3199 5535 με
3238 5463 3559 5535 μυστήριον,
3593 5458 3794 5518 πίστει,

2911 5645 2930 5672 ⁸
2972 5642 3103 5696 Luc.
3133 5657 3174 5703 I,
3202 5640 3288 5694 4‘2.
3368 5642 3387 5670 ³
3424 5639 3580 5693 .Ioan.
3606 5653 3682 5698 vt,
3709 5635 3795 5689 5!.

533 5714 555 5734 '
597 5715 768 5770 Exod.
825 5737 948 5783 xxx,
985 5704 1115 5773 9.5.77
1150 5722 1173 5753 ⁸
1209 5719 1366 5775 Joan.
1403 5704 1609 5784 υἷι]
1652 5723 1672 5752 θ
1709 5719 1866 5774 Joan.
1920 5736 1992 5779 tv,
2054 5704 2135 5770 1'5.
2217 5704 2456 5769 ill-Itoni.
2510 5704 2634 5776 wn:
2683 5716 2746 5770 Ii
2839 5715 2884 5784 4”
2931 5714 3058 5767 ibid.
3118 5714 3197 5766 II.
3283 5709 3518 5784 "fleam.
3566 5725 3656 5784 _xv,
3707 5704 3796 5762 5.8.

538 5792 585 5818 “
621 5785 775 5843 Joan.
801 5806 911 5856 xvi,
952 5791 1032 5857 Ii,
1074 5791 1154 5847 I5.
1235 5793 1275 5823 "
1316 5790 1504 5848 Matth.
1544 5809 1580 5858 ι,
1611 5790 1700 5846 ‘20.
1780 5791 1823 5824 ”
1863 5789 1923 5847 F.
1954 5787 2031 5860 τῷ
2061 5788 2171 5858 δέχ.

2276 5789 2316 5820 ¹⁶
2357 5785 2417 5842 F.
2453 5786 2542 5840 ττιῧ

2729 5787 2768 5818 ¹⁷
2811 5782 2870 5839 F.
2905 5785 3230 5856 γεννήσασα.
3310 5783 3352 5816 ⁸⁸
3392 5779 3450 5836 F.
3485 5779 3644 5851 ἁγίῳ.
