4134 6386
361 377 458 432 εει

965 372 1334 431 ADVERSUS
1372 374 1714 432 HERESES
1751 377 1878 432 LIB.
1914 377 2000 432 Ill.
2042 377 2204 432 TOM.
2248 377 2286 431 i.
2327 408 2395 418 —
2435 375 2706 432 HERES.
2750 375 2982 432 LXXIV.

3509 383 3623 441 482

361 499 496 568 ἁκοῆ
547 494 702 568 μόνῃ,
749 495 900 565 φιλία
945 498 1012 567 τῇ
1066 497 1202 567 πρὸς
1245 497 1334 550 τὸν
1377 497 1598 551 ἐλθόντα
1649 499 1784 570 πρὸς
1821 500 1933 570 ἐμέ.

2048 499 2362 569 mysterium
2408 498 2537 553 illud
2564 537 2578 561 ,
2614 513 2708 568 per
2753 498 2898 568 quod
2955 514 3077 554 sum
3127 499 3481 571 redemptus,
3518 502 3620 557 fide

375 587 594 640 Ἑαυτὸν
633 587 740 657 γάρ
775 587 805 638 6
846 585 976 649 Θεὸς
1010 588 1296 656 γινώσκει,
1344 591 1534 644 ἑαυτὸν
1572 592 1799 662 Χριστὸς
1841 609 1942 663 κη-

365 679 566 749 ρύττει,
605 679 768 732 ἑαυτὸ
811 679 869 732 νὺ
908 679 1133 751 Πνεῦμα
1158 681 1217 734 τὸ
1257 683 1408 751 ἆγιον
1435 684 1584 755 δηλοῖ
1614 687 1725 748 τοῖς
1752 684 1940 751 ἀξίοις.

373 769 462 820 Ἑν
498 770 740 840 Γραφαῖς
798 770 856 824 δὲ
905 772 1087 839 ἁγίαις
1131 773 1300 844 Τριὰς
1339 777 1468 844 ἡμῖν
1519 776 1943 846 καταγγέλλεται

363 861 454 912 καὶ
492 861 827 924 πιστεύεται,
861 864 1226 936 ἀπεριέργως,
1271 867 1626 936 ἀφιλονείκως
1650 870 1692 932 ¹,
1751 869 1944 941 συνθη-

365 951 550 1021 μάτων
575 955 788 1016 ἀκοαῖς.
827 953 922 1007 Ἐκ
945 956 1179 1020 πίστεως
1213 957 1272 1011 δὲ
1317 959 1488 1029 αὐτῆς
1513 961 1547 1030 ὴ
1578 962 1820 1031 σωτηρία
1845 962 1944 1031 τῆς

361 1043 615 1114 χάριτοςο
646 1046 710 1097 ὲκ
743 1045 976 1109 πίστεως
1014 1048 1047 1118 ἡ
1090 1047 1400 1119 δικαιοσύνη
1441 1052 1609 1124 χωρὶς
1655 1052 1828 1122 ἔργων
1859 1055 1946 1108 νό-

364 1153 464 1206 μου
508 1138 840 1209 γέγραπται,
891 1139 951 1203 ἐξ
994 1141 1164 1210 ἁκοῆς
1209 1141 1444 1205 πίστεως
1485 1143 1545 1198 τὸ
1583 1144 1806 1214 Πνεῦμα
1850 1144 1941 1198 τοῦ

364 1229 599 1300 Χριστοῦ
677 1230 954 1284 δίδοσθαι²
998 1234 1111 1296 τοῖς
1167 1232 1514 1304 σωζομένοις.
1566 1236 1752 1300 Πίστις
1803 1237 1858 1289 δὲ
1908 1238 1941 1308 ἡ

360 1321 586 1374 καθόλου
615 1320 870 1394 κηρύκων
893 1326 1098 1392 φωναῖς
1127 1322 1264 1396 αὕτη
1295 1325 1640 1396 σημαίνεται,
1665 1327 1738 1389 ὼς
1768 1328 1942 1396 ἔγωγε

358 1409 941 1484 οἷμαι,κατηχούμενος
972 1415 1037 1468 ὲκ
1061 1415 1309 1486 Γραφῶν,
1333 1417 1460 1488 τρία
1488 1417 1639 1486 ἆγια,
1666 1421 1791 1489 τρία
1822 1437 1944 1472 συν-

359 1506 509 1572 άγια,
535 1506 659 1574 τρία
699 1506 973 1576 ὑπαρκτὰ,
999 1507 1125 1578 τρία
1167 1506 1538 1580 συνύπαρκτα,
1570 1510 1695 1581 τρία
1737 1511 1944 1582 ἔμμορ-

361 1613 455 1664 φα,
477 1595 603 1665 τρία
635 1596 954 1668 σύμμορφα,
989 1599 1114 1669 τρία
1143 1599 1360 1670 ἐνεργὰ,
1380 1600 1502 1674 τρία
1533 1603 1784 1673 συνεργὰ,
1817 1605 1942 1674 τρία

360 1687 732 1752 ὲνυπόστατα,
787 1690 915 1759 τρία
965 1691 1346 1745 συνυπόστατα
1402 1692 1651 1764 ἀλλήλοις
1693 1695 1939 1748 συνόντα.

257 1785 260 1788 ’
359 1777 526 1847 Τριὰς
557 1776 695 1848 αῦτη
733 1779 861 1847 ἁγία
888 1781 1150 1846 καλεῖται,
1191 1784 1317 1852 τρία
1365 1782 1513 1845 ὄντα,
1567 1785 1668 1854 μία
1716 1803 1940 1856 συμφω-

2046 599 2208 660 atque
2237 591 2425 645 auditu
2459 590 2724 645 duntaxat
2775 591 3020 661 intelligo
3045 633 3060 656 ,
3109 599 3222 644 tum
3260 606 3446 647 amore
3491 608 3619 661 erga

2044 681 2194 735 illum
2236 699 2301 736 ac
2332 683 2730 746 benevolentia,
2762 684 2855 752 qui
2890 683 2957 737 ad
2989 698 3075 737 me
3108 699 3282 752 usque
3312 683 3617 738 descendit.

2044 770 2187 827 Deus
2213 775 2357 828 enim
2387 775 2625 842 seipsum
2668 777 2990 844 cognoscit,
3026 775 3282 832 Christus
3319 793 3441 834 sese
3483 794 3621 849 prae-

2043 863 2230 928 dicat,
2291 862 2530 934 Spiritus
2585 873 2809 920 sanctus
2863 865 3096 936 denique
3138 868 3376 936 seipsum
3417 869 3485 924 iis
3525 869 3620 939 qui

2043 955 2192 1024 digni
2220 964 2372 1018 sunt,
2409 957 2666 1013 ostendit.
2705 955 2876 1010 Porro
2910 959 3090 1012 sacris
3131 959 3187 1012 in
3224 959 3446 1015 Litteris
3477 977 3622 1016 nun-

2044 1049 2174 1100 tiata
2215 1047 2368 1101 nobis
2405 1055 2508 1110 est,
2551 1046 2783 1117 ﬁdeique
2822 1057 3024 1102 nostra:
3048 1051 3324 1119 proposita
3343 1048 3620 1113 'Trinitas,

2045 1139 2099 1191 in
2149 1154 2254 1207 qua
2308 1138 2442 1191 nihil
2493 1139 2775 1192 curiosum
2829 1147 2954 1202 est,
3010 1141 3412 1194 contentiosum
3460 1141 3619 1202 nihil,

2043 1247 2205 1300 quam
2239 1247 2302 1284 ex
2340 1230 2522 1284 audita
2564 1239 2773 1284 tessera
2806 1229 3163 1300 symboloque
3191 1231 3380 1285 didici.
3412 1230 3622 1302 Quippe

2042 1335 2106 1374 ex
2139 1321 2254 1389 ipsa
2291 1320 2391 1374 (ide
2418 1319 2606 1389 gratia:
2639 1319 2808 1379 salus,
2834 1334 2900 1371 ex
2929 1318 3031 1373 [ide
3055 1319 3290 1388 justitia,
3313 1320 3452 1373 citra
3485 1321 3621 1390 legis

2043 1427 2228 1479 Opera,
2266 1413 2344 1464 uti
2379 1412 2641 1481 scriptum
2667 1411 2815 1474 est',
2849 1426 2911 1464 ex
2952 1411 3108 1478 lidei,
3139 1411 3397 1481 inquam,
3431 1413 3621 1468 auditu

2045 1505 2112 1558 iis
2142 1505 2233 1573 qui
2285 1506 2518 1558 salutem
2553 1504 2820 1564 obtinent,
2856 1503 3091 1572 Spiritus
3123 1504 3331 1558 Christi
3363 1506 3622 1560 concedi-

2042 1603 2152 1648 tur.
2185 1597 2451 1650 Cazterum
2483 1605 2744 1666 quantum
2793 1610 2824 1649 e
2873 1593 3284 1664 Scripturarum
3335 1596 3622 1666 disciplina

2039 1688 2286 1756 judicare
2338 1703 2560 1758 possum
2591 1727 2606 1751 ,
2664 1687 2932 1758 generalis
2992 1689 3082 1740 illa
3130 1689 3262 1744 lides
3309 1704 3620 1759 praeconum

2043 1777 2270 1832 vocibus
2291 1778 2601 1832 declaratur
2632 1776 2938 1846 ejusmodi:
2973 1778 3074 1830 tria
3114 1792 3237 1832 esse
3268 1788 3478 1845 sancta,
3516 1780 3618 1832 tria

357 1869 464 1932 νία,
499 1870 597 1941 μία
619 1870 805 1942 θεότης
832 1875 928 1943 τῆς
955 1875 1122 1944 αὐτῆς
1151 1877 1450 1946 δυνάμεως,
1476 1879 1574 1948 τῆς
1605 1880 1776 1948 αὐτῆς
1807 1881 1933 1933 ὑπο-

2045 1869 2204 1922 simul
2239 1876 2426 1922 sancta
2453 1885 2467 1934 ;
2505 1867 2606 1922 tria
2639 1867 2980 1933 exsistentia,
3022 1869 3126 1922 tria
3155 1869 3320 1923 simul
3351 1871 3622 1924 exsisteu-

359 1961 629 2026 στάσεως·
671 1964 830 2034 ὁμοία
867 1966 925 2029 ἐξ
973 1968 1180 2038 ὁμοίου,
1220 1969 1438 2038 ἰσότητα
1471 1971 1688 2041 χάριτος
1718 1973 1815 2042 τῆς
1840 1975 1938 2026 αὑ-

355 2055 453 2123 τῆς
480 2054 702 2126 χάριτος
734 2059 1046 2127 ἐργάζεται,
1099 2060 1309 2130 Πατρὸς
1341 2061 1434 2114 καὶ
1467 2061 1613 2124 Υίοῦ,
1658 2063 1752 2116 καὶ
1783 2065 1938 2132 ἁγίου

357 2147 690 2217 Πνεύματος.
750 2151 823 2203 Τὸ
873 2151 930 2204 δὲ
977 2151 1117 2216 πῶς,
1174 2153 1357 2216 αὐτοῖς
1402 2154 1750 2208 ἀπολείπεται
1800 2155 1940 2208 διδά-

359 2255 528 2294 σκειν.
561 2240 770 2306 Οὐδεὶς
796 2238 920 2296 οἵδε
947 2243 1053 2297 τὸν
1090 2245 1320 2313 Πατέρα
1350 2249 1402 2300 εί
1421 2247 1508 2315 μὴ
1542 2251 1574 2300 ό
1611 2249 1764 2313 Υἱὸς,
1799 2249 1941 2302 οὐδὲ

354 2331 462 2385 τὸν
503 2333 659 2396 Υἱὸν,
692 2336 742 2386 εί
766 2335 850 2403 μὴ
887 2338 918 2388 ὁ
943 2335 1176 2405 -Πατὴρ,
1209 2337 1306 2390 καὶ
1338 2331 1385 2404 ᾧ
1414 2339 1521 2392 ἐὰν
1551 2342 1584 2391 ό
1625 2339 1757 2405 Υἱὸς
1789 2341 1939 2392 ἀπο-

357 2424 668 2478 καλύπτει.
699 2425 1100 2481 Ἀποκαλύπτει
1151 2428 1207 2482 δὲ
1259 2428 1348 2482 διὰ
1393 2429 1707 2500 Πνεύματος
1757 2430 1934 2498 ἁγίου.

357 2515 566 2569 οὐκοῦν
592 2517 720 2587 τρία
747 2517 922 2571 ταῦτα
953 2517 1100 2584 ὅντα,
1131 2521 1164 2591 ἢ
1199 2520 1257 2586 ἐξ
1311 2521 1498 2582 αὑτοῦ,
1529 2521 1562 2593 ἢ
1594 2521 1722 2594 παρ’
1749 2521 1936 2585 αὐτοῦ,

356 2607 390 2678 ἢ
421 2609 556 2679 πρὸς
584 2609 766 2674 αὐτὸν,
794 2611 1008 2682 ἑκάστῳ
1037 2611 1200 2679 ἀξίως
1231 2613 1515 2685 νοούμενα,
1559 2613 1740 2678 καθὼς
1770 2615 1937 2669 ὲαυτὰ

355 2701 748 2766 ἀποκαλύπτει,
781 2702 918 2772 φῶς,
954 2703 1084 2774 πῦρ,
1121 2704 1358 2776 πνεῦμα,
1394 2707 1486 2758 καὶ
1529 2707 1732 2772 ἄλλαις,
1762 2703 1935 2779 οἶμαι,

355 2796 596 2865 ὁράσεων
653 2795 982 2866 ὁμοιώσεσι,
1029 2795 1209 2861 καθὼς
1254 2796 1402 2864 ἄξιος
1446 2800 1474 2850 6
1525 2798 1939 2870 διακονούμενος

355 2884 660 2956 ἅνθρωπος.
721 2887 890 2950 Αὐτὸς
933 2886 1111 2940 τοίνυν
1140 2890 1168 2940 6
1197 2887 1328 2951 Θεὸς
1371 2891 1399 2941 ὁ
1439 2891 1495 2942 ἐν
1541 2891 1681 2961 ἀρχῇ
1731 2891 1934 2944 εἰπών’

357 2977 675 3045 Γενηθήτω
729 2979 875 3052 φῶς,
937 2980 1036 3032 καὶ
1071 2979 1310 3049 ἐγένετο
1355 2979 1501 3050 φῶς,
1535 2982 1597 3034 τὸ
1621 2982 1897 3054 ὁρώμενον
1920 3025 1936 3046 ,

355 3069 517 3131 αὐτὸς
545 3071 572 3122 6
601 3070 839 3139 φωτίσας
873 3073 1019 3141 ἡμᾶς
1058 3072 1118 3124 τὺ
1146 3071 1262 3142 φῶς
1295 3072 1420 3126 ἰδεῖν
1463 3074 1524 3126 τὸ
1571 3074 1840 3146 ἀληθινὸν,
1876 3076 1936 3129 τὸ

2043 1962 2114 2014 tia
2143 1980 2157 2027 ;
2196 1963 2300 2016 tria
2344 1961 2518 2015 forma
2548 1960 2803 2031 praedita,
2839 1961 2943 2014 tria
2983 1961 3227 2016 eamdem
3258 1961 3487 2016 formam
3518 1962 3620 2017 ha-

2040 2053 2265 2117 bentia;
2304 2053 2406 2106 tria
2460 2053 2698 2107 eﬂicacia
2723 2094 2736 2118 ,
2796 2053 2899 2106 tria
2943 2053 3107 2108 simul
3159 2053 3482 2119 eiiicientia;
3516 2056 3619 2109 tria

2041 2146 2426 2212 subsistentia,
2480 2147 2585 2200 tria
2632 2146 2795 2202 simul
2829 2147 3224 2212 subsistentia,
3283 2157 3339 2203 et
3384 2149 3616 2204 invicem

2039 2240 2350 2308 conjuncta.
2374 2238 2550 2308 Atque
2580 2253 2643 2292 ea
2671 2239 2886 2292 demum
2920 2247 3107 2294 sancta
3144 2239 3386 2297 Trinitas
3431 2243 3618 2312 appel-

2042 2333 2214 2393 latur,
2255 2334 2307 2387 in
2339 2350 2443 2403 qua
2475 2334 2577 2388 tria
2632 2342 2794 2397 sunt,
2843 2333 2939 2388 sed
2972 2349 3079 2387 una
3107 2335 3272 2387 trium
3302 2338 3614 2399 consensio,

2040 2422 2333 2492 singularis
2360 2423 2618 2477 divinitas
2644 2465 2658 2488 ,
2691 2423 2934 2492 ejusdem
2966 2425 3218 2488 virtutis,
3265 2425 3620 2495 ejusdemque

2039 2515 2378 2579 substantiae,
2418 2517 2615 2571 similis
2644 2532 2675 2570 e
2719 2517 2906 2581 simili,
2942 2532 3048 2586 qua
3078 2517 3340 2586 aequalem
3386 2518 3618 2588 gratiam

2039 2623 2105 2662 ex
2145 2608 2332 2663 eadem
2367 2608 2528 2663 eliicit
2559 2610 2761 2680 gratia,
2792 2608 2969 2664 Patris
3011 2619 3066 2664 et
3095 2608 3240 2676 Filii,
3279 2625 3342 2663 ac
3379 2608 3620 2680 Spiritus

2039 2701 2235 2754 sancti.
2263 2701 2495 2767 Quinam
2525 2719 2653 2757 vero
2677 2704 2853 2773 possit
2891 2701 3032 2756 istud
3066 2702 3203 2769 ﬁeri,
3229 2703 3479 2772 ipsismet
3509 2705 3619 2758 illis

2038 2789 2344 2844 docendum
2378 2792 2727 2860 relinquitur.
2764 2791 2953 2857 Nemo,
2993 2792 3190 2863 inquit,
3227 2794 3366 2847 novit
3399 2792 3617 2848 Patrem

2041 2881 2143 2934 nisi
2174 2879 2348 2934 Filius
2373 2921 2388 2946 ,
2434 2899 2594 2953 neque
2628 2881 2847 2946 Filium,
2890 2885 2992 2936 uisi
3022 2883 3184 2936 Pater
3206 2923 3221 2947 ,
3251 2893 3299 2938 et
3329 2885 3414 2937 cui
3445 2882 3619 2939 Filius

2039 2977 2281 3033 revelarit
2310 2977 2351 3030 ‘.
2389 2977 2543 3043 Quod
2583 2979 2629 3033 is
2663 2994 2760 3048 per
2798 2977 3061 3048 Spiritum
3098 2987 3348 3033 sanctum
3389 2979 3614 3034 revelat.

2040 3071 2168 3126 Tria
2201 3073 2366 3141 igitur
2401 3072 2502 3126 ista
2528 3079 2676 3135 sunt,
2714 3082 2803 3126 aut
2831 3088 2893 3126 ex
2922 3072 3040 3141 ipso
3068 3112 3082 3134 ,
3111 3079 3206 3125 aut
3241 3072 3310 3126 ab
3346 3071 3498 3142 ipso,
3524 3081 3620 3126 aut

353 3156 601 3224 φωτίζον
661 3159 855 3212 πάντα
921 3160 1233 3229 ἄνθρωπον
1295 3162 1623 3234 ἐρχόμενον
1688 3169 1774 3232 εἰς
1832 3167 1933 3221 τὸν

2044 3166 2109 3219 ad
2141 3166 2353 3234 ipsum,
2383 3179 2504 3234 quae
2549 3163 2604 3217 in
2649 3177 3013 3233 unoquoque,
3041 3171 3100 3216 ut
3131 3177 3230 3231 par
3261 3171 3380 3222 εει,
3416 3162 3617 3216 intelli-

353 3249 604 3318 κόσμον.
654 3251 1116 3316 Ἐξαπόστειλον
1171 3253 1240 3306 τὸ
1292 3253 1418 3324 φῶς
1470 3272 1620 3320 σου,
1672 3257 1772 3311 καὶ
1824 3258 1941 3327 τὴν

351 3340 642 3407 ἀλήθειάν
679 3358 817 3404 σου,
865 3343 894 3395 ὁ
942 3344 1106 3396 Δαὸίδ
1143 3361 1336 3415 φησιν·
1380 3345 1536 3410 αὑτός
1584 3349 1730 3401 ἐστιν
1763 3350 1790 3401 6
1822 3349 1938 3402 Κύ-

356 3450 470 3502 ριος
508 3435 537 3486 6
583 3435 779 3487 εἰπών·
829 3437 929 3489 Ἔν
969 3436 1099 3503 ταῖς
1134 3437 1421 3507 ἐσχάταις
1463 3439 1705 3508 ἡμέραις
1751 3441 1936 3513 ἐκχεῶ

352 3525 472 3578 ἀπὸ
499 3525 608 3579 τοῦ
644 3529 991 3597 Πνεύματός
1017 3547 1137 3598 μου
1183 3530 1280 3583 ἐπὶ
1328 3529 1536 3585 πᾶσαν
1569 3533 1766 3600 σάρκα
1789 3551 1804 3566 ο
1836 3536 1934 3588 καὶ

351 3619 880 3686 προφητεύσουσιν
913 3624 970 3676 αὶ
1002 3622 1320 3693 θυγατέρες
1350 3621 1568 3684 αὐτῶν,
1597 3624 1696 3676 καὶ
1720 3627 1774 3677 οἱ
1799 3643 1934 3679 νεα-

349 3709 550 3761 νίσκοι
609 3709 808 3763 αὐτῶν
856 3711 1095 3779 ὁράσεις
1156 3714 1436 3782 ὄψονται·
1487 3714 1614 3786 τρία
1668 3715 1932 3787 πρόσωπα

352 3798 516 3866 ἁγίας
553 3797 890 3870 λειτουργίας
915 3801 1128 3866 δεικνὺς
1156 3805 1306 3874 ἡμῖν,
1343 3804 1691 3870 ὑποστάσεως
1717 3805 1775 3870 ἐξ
1800 3807 1932 3860 ὑπο-

353 3891 596 3955 στάσεως
615 3891 782 3964 οὔσης
808 3894 1018 3965 τρίτης.

2039 3268 2245 3330 guutur
2267 3297 2281 3324 ,
2321 3264 2481 3327 prout
2513 3256 2724 3324 seipsas
2759 3269 3008 3324 personae
3067 3255 3173 3308 illa:
3205 3254 3506 3308 declarant.
3538 3251 3613 3306 lta

2039 3363 2093 3406 et
2137 3353 2226 3406 lux
2249 3390 2264 3414 ,
2293 3350 2462 3419 ignis.
2504 3348 2762 3417 spiritus,
2797 3355 3116 3402 czeterarnm
3153 3361 3334 3401 rerum
3366 3352 3616 3413 aspecta-
3703 3355 3718 3374 ε

2039 3442 2230 3496 bilium
2277 3438 2589 3495 nominibus
2623 3439 2996 3508 appellantur,
3029 3453 3131 3508 pro
3179 3453 3245 3492 eo
3295 3451 3360 3490 ac
3391 3435 3613 3505 quilibet

2039 3533 2318 3588 hominum
2351 3532 2552 3600 dignus
2587 3541 2700 3596 εει,
2727 3533 2816 3586 cui
2845 3531 2948 3585 hoc
2995 3530 3154 3586 oliicii
3189 3546 3362 3601 genus
3404 3530 3615 3600 impen-

2037 3627 2205 3680 ditur.
2244 3625 2389 3679 Deus
2417 3625 2582 3693 igitur
2613 3625 2722 3688 ille,
2755 3623 2846 3694 qui
2876 3623 3034 3677 initio
3055 3621 3220 3677 dixit:
3262 3621 3388 3675 Fiat
3414 3623 3536 3684 tux,
3565 3631 3614 3675 et

2037 3719 2182 3787 facta
2226 3725 2306 3772 est
2350 3717 2699 3787 aspectabilis
2743 3717 2832 3770 illa
2866 3715 3033 3774 lux“,
3068 3717 3185 3784 ipse
3233 3721 3357 3776 est,
3405 3713 3494 3784 qui
3547 3713 3615 3767 ad

2034 3823 2225 3863 verum
2260 3807 2440 3862 lumen
2474 3807 2792 3861 intuendum
2820 3807 2974 3860 nobis
2997 3806 3208 3873 illuxit,
3236 3805 3374 3876 quod
3409 3806 3613 3858 iuuari-

2039 3909 2132 3953 uat
2204 3916 2408 3952 omnem
2473 3899 2734 3952 hominem
2801 3900 3086 3953 venientem
3166 3899 3220 3952 iu
3288 3899 3539 3951 mundum
3567 3898 3610 3950 ⁶.

354 3982 552 4040 Emitte
579 3986 745 4040 lucem
787 3999 956 4051 tuam,
993 3989 1070 4042 ait
1124 3989 1290 4043 ιηγίιι
1336 3990 1378 4054 ',
1414 3999 1464 4044 et
1486 3990 1758 4045 veritatem
1806 4001 1970 4048 tuam.
2032 3994 2128 4049 Ille
2182 3995 2300 4064 ipse
2350 3993 2612 4047 Dominus
2650 4001 2774 4058 est,
2817 3993 2909 4063 qui
2962 3993 3136 4046 dixit.
3200 3988 3262 4045 lu
3315 3990 3612 4042 novissimis

350 4077 514 4146 892
575 4078 758 4132 diebus
819 4081 1087 4149 eﬁ'uudam
1127 4082 1190 4135 de
1237 4081 1442 4150 Spiritu
1473 4100 1584 4136 meo
1616 4084 1669 4136 in
1721 4102 1926 4138 omnem
1956 4103 2207 4149 carnem;
2263 4097 2313 4140 et
2362 4086 2745 4156 prophetabunt
2777 4087 2905 4154 ﬁliw
2957 4085 3190 4149 illorum,
3229 4093 3278 4136 et
3311 4081 3612 4135 adolescen-

353 4179 425 4222 tes
463 4171 696 4236 ipsorum
725 4171 951 4224 visiones
997 4172 1240 4225 videbunt
1277 4175 1318 4226 ⁸.
1356 4174 1434 4227 Ac
1485 4184 1596 4228 tres
1647 4177 1947 4232 [unctionis
1982 4195 2154 4232 sacra:
2209 4195 2476 4248 personas
2517 4178 2674 4232 nobis
2722 4177 2985 4240 ostendit,
3024 4191 3147 4230 cum
3197 4175 3354 4228 tertia
3399 4189 3464 4227 ex
3515 4173 3612 4243 hy-

351 4265 554 4333 postasi
585 4265 844 4333 procedat
884 4265 1217 4335 hypostasis.
3511 4323 3514 4326 .

419 4359 492 4412 E'.
557 4358 720 4428 Λέγω
771 4355 884 4414 οὖν
932 4362 1189 4430 Χριστὸν
1241 4361 1524 4417 διάκονον
1573 4362 1928 4435 γεγενῆσθαι

2104 4360 2169 4414 V.
2209 4359 2335 4413 Dico
2369 4360 2530 4429 igitur
2559 4357 2828 4412 Christum
2863 4357 3160 4410 ministrum
3194 4356 3360 4423 fuisse
3382 4357 3606 4410 circum-

348 4449 671 4518 ,περιτομῆς
703 4451 852 4519 ὑπὲρ
878 4452 1160 4520 ἀληθείας
1192 4453 1360 4514 Θεοῦ,
1394 4457 1480 4520 εἰς
1516 4455 1584 4508 τὸ
1614 4453 1926 4522 πληρῶσαι

346 4539 454 4606 τὰς
483 4535 863 4612 ἐπαγγελίας.
914 4543 1284 4597 Συνδιακονεϊν
1324 4545 1381 4597 δὲ
1421 4545 1645 4616 Πνεῦμα
1680 4546 1739 4599 τὸ
1774 4545 1926 4614 ἆγιον

347 4634 764 4706 παρειλήφαμεν
793 4638 856 4689 ἐκ
895 4636 1052 4689 θείων
1081 4637 1311 4708 Γραφῶν
1334 4637 1503 4701 οὕτως
1523 4656 1536 4670 ο
1582 4638 1927 4692 Ἀποστέλλε-

344 4739 434 4778 ται
459 4728 489 4778 6
520 4727 754 4798 Χριστὸς
787 4728 895 4780 ἀπὸ
924 4729 1157 4799 Πατρὸς,
1188 4729 1575 4783 ἀποστέλλεται
1613 4731 1672 4783 τὸ
1701 4731 1925 4800 Πνεῦμα

344 4813 407 4869 τὸ
433 4815 621 4884 ἁγιον·
650 4816 800 4870 λαλεῖ
834 4818 891 4870 ὲν
923 4819 1096 4887 ἁγίοις
1130 4819 1382 4889 Χριστὸς,
1420 4818 1571 4871 λαλεί
1613 4820 1672 4873 τὸ
1701 4820 1925 4890 Πνεῦμα

345 4903 405 4956 τὸ
429 4905 616 4974 ἅγιονθ
649 4909 794 4961 ἰᾶται
820 4908 1072 4979 Χριστὸς,
1111 4911 1256 4964 ἰᾶται
1284 4911 1344 4964 τὸ
1388 4910 1610 4981 Πνεῦμα
1646 4911 1705 4964 τὸ
1735 4911 1887 4979 ἅγιον
1907 4931 1921 4943 ·

345 4999 561 5066 ἁγιάζει
622 5000 888 5071 Χριστὸς,
951 5001 1164 5068 ἁγιάζει
1221 5003 1282 5054 τὸ
1342 5001 1568 5072 Πνεῦμα
1620 5001 1681 5054 τὸ
1732 5003 1918 5070 ἆγιον·

349 5089 601 5160 βαπτίζει
637 5094 869 5164 Χριστὸς
911 5095 970 5146 ὲν
1021 5093 1100 5163 τῷ
1154 5093 1378 5164 ὀνόματι
1422 5095 1622 5156 αὐτοῦ,
1672 5093 1920 5164 βαπτίζει

343 5182 406 5233 τδ
447 5183 672 5254 Πνεῦμα
723 5186 782 5237 τὸ
834 5184 1008 5253 ἅγιον.
1050 5184 1238 5247 Οὕτως
1281 5185 1531 5252 λέγουσιν
1577 5186 1630 5238 αἱ
1681 5185 1918 5255 Γραφαί’

355 5275 728 5344 Ἀποστελεῖς
779 5276 845 5330 τὸ
900 5275 1138 5343 Πνεῦμά
1195 5291 1311 5329 σου
1337 5317 1351 5340 ,
1415 5277 1512 5328 καί
1557 5277 1920 5341 ἀνακαινιεῖς

341 5374 407 5426 τὸ
473 5373 795 5441 πρόσωπον
833 5367 938 5436 τῆς
991 5368 1134 5440 γῆς’
1174 5369 1355 5438 ὅμοιον
1408 5368 1484 5438 τῷ
1533 5367 1737 5435 λέγειν·
1789 5367 1918 5431 Ἐξ-

340 5463 698 5528 αποστελεῒς
758 5461 862 5516 τὸν
917 5463 1111 5529 Λόγον
1161 5477 1278 5514 σου
1307 5499 1322 5522 ,
1383 5460 1480 5513 καὶ
1536 5459 1700 5524 τήξει
1744 5458 1913 5513 αὑτά.

341 5557 855 5626 Λειτουργούντων
890 5555 947 5607 δὲ
997 5552 1215 5618 αὐτῶν,
1249 5553 1404 5624 φησι,
1449 5552 1528 5618 τῷ
1557 5552 1772 5619 Κυρίῳ.
1814 5552 1912 5604 καὶ

412 5693 983 5792 ἰητρι.ἀξερίε.ργ;τξηι.
1006 5690 1447 5792 iiii-fverat...
1478 5687 1912 5792 ’.ξῆν-ἔδεαι

338 5766 361 5798 ⁸
396 5759 530 5817 Gen.
570 5779 606 5824 t,
641 5759 723 5815 5f
791 5759 810 5792 ‘
850 5760 1005 5815 Joan.
1043 5777 1079 5823 ι,
1111 5763 1162 5814 9.
1267 5761 1285 5791 ⁷
1329 5759 1470 5814 Psal.
1510 5773 1640 5822 xui,
1674 5759 1726 5814 ὃ.

333 5849 541 5900 chvu,
582 5837 643 5886 18

1803 5759 1823 5790 ⁸
1857 5755 1970 5811 Joel
2007 5757 2178 5821 tt,‘28.
2257 5757 2277 5786 ’
2319 5755 2474 5810 Rom.
2521 5772 2606 5820 xv,
2650 5762 2700 5810 ὅ.

2032 4454 2245 4506 cisionis
2299 4468 2392 4522 pro
2427 4451 2642 4504 veritate
2681 4449 2810 4511 Dei,
2858 4459 2916 4501 ut
2958 4449 3224 4518 promissa
3254 4449 3531 4516 compleret
3563 4450 3603 4502 ’.

2033 4545 2204 4598 Porro
2244 4542 2506 4614 Spiritum
2561 4551 2812 4596 sanctum
2862 4558 2964 4594 una
3003 4541 3318 4596 ministrare
3356 4555 3386 4594 e
3418 4555 3607 4595 sacro-

2030 4653 2150 4692 rum
2183 4636 2472 4691 Librorum
2504 4635 2828 4688 auctoritate
2867 4635 2939 4686 ita
2980 4634 3251 4688 dii-imus:
3286 4632 3540 4686 Christus
3575 4648 3606 4686 a

2030 4729 2190 4783 Patre
2270 4728 2544 4793 mittitur,
2628 4727 2862 4778 mittitur
2919 4731 2974 4777 et
3042 4723 3280 4793 Spiritus
3337 4730 3602 4784 sanctus,

2029 4819 2284 4874 Christus
2334 4818 2390 4872 in
2432 4816 2640 4870 sanctis
2692 4815 2968 4885 loquitur,
3001 4815 3242 4883 loquitur
3271 4820 3325 4868 et
3363 4812 3604 4883 Spiritus

2031 4921 2278 4973 sanctus,
2306 4917 2463 4964 sanat
2485 4908 2740 4963 Christus
2767 4945 2782 4968 ,
2809 4915 2966 4960 sanat
2991 4913 3045 4960 et
3081 4904 3318 4974 Spiritus
3355 4915 3601 4968 sanctus,

2028 5003 2338 5058 sauctilicat
2363 5000 2638 5062 Christus,
2667 4999 2975 5053 sauctilicat
3003 5005 3057 5050 et
3090 4997 3329 5066 Spiritus
3355 5007 3600 5062 sanctus,

2029 5095 2267 5164 baptizat
2313 5094 2366 5147 in
2407 5108 2508 5148 suo
2537 5092 2759 5146 nomine
2782 5091 3036 5145 Christus
3060 5130 3074 5153 ,
3113 5089 3352 5158 baptizat
3384 5095 3437 5142 et
3478 5086 3602 5158 Spi-

2025 5191 2165 5242 ritus
2196 5195 2442 5242 sanctus.
2472 5183 2552 5238 Ad
2583 5200 2706 5238 eum
2741 5185 2958 5238 modum
2999 5181 3284 5252 Scriptura
3312 5181 3552 5250 loquitur
3582 5199 3596 5231 :

2030 5278 2249 5332 Emitte:
2284 5277 2537 5346 Spiritum
2567 5287 2735 5340 tuum,
2761 5286 2809 5328 et
2845 5276 3115 5328 renovabis
3141 5274 3329 5343 faciem
3364 5273 3596 5327 terrae".

2025 5371 2178 5436 Quod
2219 5371 2343 5423 item
2375 5376 2460 5422 est
2493 5375 2655 5436 atque
2685 5366 2863 5420 istud:
2904 5365 3124 5419 Emittes
3161 5365 3385 5419 Verbum
3431 5372 3597 5424 tuum,

2023 5472 2071 5514 et
2103 5459 2405 5528 liquefaciet
2436 5475 2496 5512 ea
2520 5461 2584 5512 “.
2628 5453 3059 5511 Miuistrantibus
3099 5454 3320 5525 (inquit)
3353 5453 3460 5506 illis
3497 5452 3600 5504 Do.

2024 5554 2186 5616 mino,
2220 5567 2281 5603 ac
2302 5548 2671 5618 jejuuautibus
2704 5550 2839 5601 dixit
2865 5548 3092 5616 Spiritus
3130 5555 3382 5601 sanctus:
3418 5543 3598 5611 Segre-

2027 5685 2046 5716 ³
2088 5684 2242 5739 Rom.
2285 5701 2366 5740 ut.
2425 5687 2530 5751 ‘20;
2585 5684 2760 5738 Calat.
2813 5701 2868 5741 tl.
2911 5684 2992 5736 lii.
3104 5684 3124 5714 ⁸
3169 5683 3351 5736 Matth.
3392 5698 3466 5738 XI.
3504 5682 3596 5743 9.7.

2795 5757 2836 5786 '°
2876 5754 3020 5810 Psal.
3053 5769 3166 5819 CIII,
3199 5755 3286 5807 30.
3367 5753 3406 5782 ”
3450 5752 3595 5810 Psai.
