4134 6386
511 345 616 399 483

1911 336 1970 391 S.
2014 337 2362 392 EPIPHANII

3666 334 3771 392 (νιἳῆ

510 473 630 532 gate
664 461 788 514 mihi
823 459 1125 514 Barnabam
1146 503 1160 524 ,
1190 468 1238 514 et
1269 458 1495 514 Saulum
1537 459 1604 513 ad
1635 475 1762 528 opus
1787 499 1801 522 ,
1846 459 1914 512 ad
1951 460 2088 528 quod

2189 463 2632 527 νηστευόντων,
2659 456 2790 514 εἷπε
2813 461 2880 514 τὸ
2924 459 3166 529 Πνεῦμα
3202 457 3268 512 τὸ
3315 459 3514 529 ἄγων·
3549 458 3776 528 Ἀφορί-

511 571 599 607 eos
652 553 828 605 vocavi
864 554 903 606 ¹.
961 551 1106 604 Idem
1162 551 1264 604 hoc
1299 561 1406 605 est
1467 567 1592 605 cum
1641 552 1794 606 isto:
1831 551 2089 605 Dominus

512 654 688 696 autem
720 642 883 695 dicit:
910 640 1258 710 lngredimini
1299 642 1515 706 urbem,
1555 651 1604 696 et
1648 643 1720 695 ibi
1761 642 1964 696 dicetur
2004 659 2092 694 vo-

513 735 613 797 bis,
640 733 763 803 quid
790 741 1026 800 oporteat
1056 731 1228 799 facere
1253 733 1294 783 ².
1330 730 1620 798 Ιίίὶιὶᾳὶιιιν
1641 732 1792 785 missi
1823 749 1855 784 a
1888 729 2090 799 Spiritu

511 833 695 876 suucto
746 825 985 876 abierunt
1035 821 1394 876 Seleuciam’.
1436 821 1906 888 Quemadmodum
1934 823 2092 876 Chri-

511 927 632 970 stus
675 917 789 984 ipse
839 914 1083 970 diceret:
1124 913 1257 968 Ecce
1305 915 1457 970 mitto
1507 932 1635 982 vos,
1670 916 1806 968 sicut
1863 931 1978 969 oves
2034 916 2089 968 in

510 1009 682 1062 medio
735 1008 978 1075 luporum
1009 1006 1050 1060 ⁸.
1095 1006 1277 1060 Visum
1332 1017 1410 1061 est
1463 1007 1692 1077 Spiritui
1722 1019 1908 1063 sancto
1958 1009 2090 1062 nihil

510 1101 659 1154 aliud
699 1102 960 1168 imponere
985 1100 1125 1152 vobis
1151 1100 1345 1163 oneris,
1368 1109 1559 1168 pra'ter
1591 1101 1701 1154 hasc
1729 1102 2023 1154 necessaria
2045 1102 2087 1153 ⁸.

508 1190 643 1245 Cum
691 1207 802 1262 quo
846 1191 1034 1247 eodem
1094 1192 1241 1246 istud
1291 1193 1523 1247 recidit:
1574 1194 1704 1248 Dico
1762 1204 1937 1247 autem
1975 1210 2087 1262 ego,

507 1301 612 1338 non
654 1283 914 1338 Dominus
959 1300 976 1337 :
1027 1299 1248 1338 uxorem
1290 1283 1355 1336 ab
1383 1284 1594 1338 homine
1637 1302 1739 1338 non
1768 1288 2006 1354 separari
2040 1287 2082 1340 “.

508 1375 874 1446 Peragraruut
911 1393 1029 1430 vero
1069 1375 1359 1445 Phrygiam
1386 1417 1400 1440 ,
1453 1385 1502 1428 et
1551 1373 1780 1431 Galatia:
1835 1387 2086 1457 tractum,

505 1469 758 1535 prohibiti
784 1486 816 1522 a
845 1468 1052 1536 Spiritu
1078 1478 1262 1522 sancto
1288 1467 1580 1536 praedicare
1615 1467 1824 1522 verbum
1855 1469 1910 1520 in
1935 1468 2086 1521 Asia.

505 1557 642 1614 Cum
688 1569 865 1614 autem
891 1561 1248 1628 pervenissent
1286 1561 1342 1613 in
1373 1559 1624 1628 Mysiam,
1657 1559 1984 1612 conabantur
2034 1561 2090 1614 iu

503 1649 811 1719 Bithyniam
841 1652 1144 1720 proﬁcisci:
1187 1667 1348 1721 neque
1399 1652 1518 1704 sivit
1557 1667 1644 1705 eos
1683 1650 1916 1719 Spiritus
1961 1669 2089 1705 san-

505 1755 621 1795 ctus
649 1743 715 1807 7;
778 1743 1004 1812 perinde
1054 1758 1118 1798 ac
1165 1744 1420 1798 Christus
1467 1743 1646 1797 dixit:
1677 1743 1875 1797 Euntes
1916 1744 2088 1811 bapti-

2194 572 2340 608 σατε
2376 554 2450 621 δή
2480 573 2581 623 μοι
2610 555 2921 624 Βαρνάϐαν
2949 554 3048 607 καὶ
3082 553 3319 608 Σαῦλον
3363 555 3450 619 εἰς
3489 551 3556 604 τὸ
3595 551 3772 622 ἔργον

2195 647 2225 700 ὃ
2270 649 2721 717 προσκέκλημαι
2769 649 3010 714 αὐτούς.
3060 647 3284 717 Ὅμοιον
3332 645 3409 716 τῷ
3454 644 3664 713 λέγειν·
3707 644 3770 697 '0

2193 735 2260 787 δὲ
2286 738 2500 804 Κύριος
2526 737 2687 806 λέγει
2706 753 2719 766 ·
2749 736 3069 792 Εἱσέλθετε
3095 738 3181 801 εἰς
3210 734 3326 803 τὴν
3363 734 3564 796 πόλιν,
3603 733 3777 788 κάκεῖ

2191 829 2600 896 λαληθήσεται
2640 829 2802 899 ὑμῖν,
2844 830 2902 883 τί
2926 828 3016 884 δεῖ
3051 828 3260 883 ποιεῖν.
3289 827 3464 882 Αὐτοὶ
3495 827 3613 896 μὲν
3637 823 3771 895 οὖν,

2191 921 2628 991 ἐκπεμφθέντες
2678 924 2790 978 ὑπὸ
2845 921 2952 977 τοῦ
3002 924 3349 992 Πνεύματος
3395 921 3502 975 τοῦ
3555 921 3728 990 ἀτίου
3749 963 3766 990 ,

2191 1012 2495 1080 κατῆλθον
2531 1016 2619 1079 εὶς
2649 1013 3039 1067 Σελεύκειαν·
3087 1012 3163 1075 ὡς
3214 1011 3280 1064 ἂν
3323 1011 3464 1064 εἴποι.
3503 1010 3764 1082 Χριστὸς,

2204 1104 2347 1158 Ἰδοὺ
2379 1106 2735 1159 ἀποστέλλω
2779 1103 2937 1174 ὑμᾶς
2976 1105 3057 1171 ὡς
3085 1105 3348 1172 πρόϐατα
3374 1103 3444 1156 ἐν
3463 1103 3633 1172 μέσῳ
3659 1102 3769 1157 λύ-

2191 1215 2330 1250 κων.
2354 1197 2568 1261 Ἔδοξε
2591 1197 2701 1267 γὰρ
2721 1195 2801 1262 τῷ
2820 1198 3117 1266 Πνεύματι
3140 1195 3218 1261 τῷ
3237 1195 3383 1264 ἁγίῳ
3404 1194 3598 1264 μηδὲν
3617 1194 3772 1248 ἄλλο

2190 1292 2556 1345 ἐπιτίθεσθαι
2587 1290 2798 1359 βάρος,
2841 1289 3008 1358 πλὴν
3047 1287 3164 1342 τῶν
3193 1288 3546 1356 ἐπάναγκες.
3585 1288 3672 1350 Ὦς
3705 1287 3770 1340 ἂν

2191 1383 2333 1436 εἴποι
2354 1399 2368 1412 ο
2409 1381 2571 1447 Λέγω
2599 1381 2667 1434 δὲ
2695 1380 2828 1452 ἐγὼ,
2860 1383 2972 1449 οὐχ
3009 1383 3042 1434 ό
3081 1382 3296 1448 Κύριος
3319 1395 3332 1408 ’
3369 1378 3628 1450 γυναῖκα
3651 1378 3770 1432 ἀπὸ

2190 1474 2502 1541 ἀνθρώπου
2527 1474 2572 1505 ⁸⁸
2595 1472 2681 1542 μὴ
2712 1473 3075 1542 χωρίζεσθαι.
3111 1471 3368 1541 Διῆλθον
3395 1471 3463 1524 δὲ
3487 1470 3602 1539 τὴν
3623 1474 3773 1539 Φρυ-

2190 1568 2326 1636 γίαν
2350 1565 2447 1619 καὶ
2474 1565 2587 1634 τὴν
2608 1564 2956 1632 Γαλατικὴν
2988 1564 3205 1635 χώραν,
3254 1563 3622 1629 κωλυθέντες
3653 1561 3772 1616 ὑπὸ

2188 1658 2294 1711 τοῦ
2322 1661 2668 1726 Πνεύματος
2699 1657 2808 1711 τοῦ
2844 1657 3016 1727 ἁγίου
3049 1653 3316 1722 λαλῆσαι
3354 1655 3464 1708 τὸν
3495 1655 3679 1722 λόγον
3701 1654 3771 1706 έν

2189 1747 2265 1816 τῇ
2302 1749 2493 1815 Ἀσίᾳ.
2535 1747 2848 1813 Ἐλθόντες
2884 1746 2952 1799 δὲ
2975 1749 3062 1812 εἰς
3091 1746 3206 1814 τὴν
3245 1746 3508 1809 Μυσίαν,
3538 1745 3772 1813 ἐπείρα-

506 1845 625 1888 sate
665 1851 841 1889 omnes
899 1846 1074 1904 gentes
1097 1835 1136 1888 ⁸.
1190 1833 1370 1888 Nolite
1411 1845 1624 1903 portare
1654 1852 1875 1904 peram,
1926 1853 2088 1907 neque

2189 1840 2288 1901 ζον
2309 1843 2395 1907 εις
2419 1841 2533 1908 τὴν
2557 1839 2842 1893 Βιθυνίαν
2870 1839 3248 1907 πορεύεσθαι,
3280 1837 3379 1891 καὶ
3420 1839 3532 1892 οὐκ
3567 1837 3774 1890 εἴασεν

504 1927 742 1996 virgam,
785 1943 949 1996 neque
990 1926 1346 1980 calceamenta
1366 1928 1408 1978 ’.
1471 1926 1575 1990 Qui
1619 1927 1848 1996 quidem,
1886 1928 2083 1998 inquit,

506 2018 680 2074 Paulo
725 2019 970 2073 dicebant
1017 2035 1108 2089 per
1138 2019 1428 2088 Spiritum,
1470 2036 1532 2073 ne
1564 2020 1862 2074 ascenderet
1899 2019 2088 2074 Hiero-

505 2112 804 2184 solyma.‘°;
858 2113 983 2168 item
1032 2113 1251 2182 Agabus
1288 2131 1300 2166 :
1341 2111 1469 2166 Ηιεε
1507 2111 1635 2165 dicit
1679 2112 1957 2182 Spiritus:
1999 2112 2089 2166 Vi-

2187 1931 2409 1997 αὺτοὺς
2441 1931 2509 1984 τὸ
2543 1929 2786 1999 Πνεῦμα
2809 1930 2872 1982 τὸ
2903 1929 3090 1999 ἅγιον.
3131 1929 3217 1993 Ὦς
3247 1929 3313 1983 ἂν
3347 1930 3490 1982 εἴποι
3517 1927 3768 1999 Χριστός·

2201 2024 2580 2088 Ἀπελθόντες
2617 2023 2959 2086 βαπτίσατε
3004 2025 3092 2088 εις
3131 2021 3330 2075 πάντα
3375 2019 3448 2074 τὰ
3482 2021 3647 2087 ἔθνη.
3673 2018 3770 2088 Mh

2183 2112 2511 2176 βαστάζετε
2547 2111 2636 2180 μὴ
2680 2111 2900 2180 πήραν,
2953 2111 3040 2181 μὴ
3068 2110 3318 2179 ῥάϐδον,
3353 2111 3506 2181 μήτε
3546 2109 3773 2176 ὑποδή-

503 2223 624 2259 rum
664 2206 816 2275 cujus
866 2216 944 2259 est
992 2207 1103 2260 hwc
1144 2223 1278 2260 zona
1311 2207 1374 2260 “.
1433 2206 1531 2262 Cui
1587 2207 1765 2262 simile
1817 2213 1902 2262 est
1954 2206 2087 2260 illud

2189 2222 2361 2275 ματα.
2389 2206 2636 2271 Οῖτινες,
2687 2206 2870 2276 φησιν,
2925 2206 3138 2274 ἔλεγον
3176 2203 3256 2270 τῷ
3287 2206 3506 2271 Παύλῳ
3541 2203 3638 2258 διὰ
3665 2199 3773 2257 τοῦ

510 2297 798 2367 Apostoli:
859 2296 944 2349 An
989 2297 1400 2364 experimentum
1440 2298 1677 2367 quwritis
1725 2297 1982 2367 loquentis
2030 2296 2087 2348 in

506 2409 590 2447 me
631 2390 834 2446 Christi
861 2391 942 2444 "‘l
992 2392 1075 2444 vel
1109 2411 1121 2445 :
1163 2388 1475 2444 Mementote
1520 2391 1792 2444 verborum
1837 2391 2088 2455 Domini;

505 2486 756 2556 quoniam
805 2485 915 2553 ipse
952 2483 1128 2538 dixit:
1171 2484 1364 2538 Melius
1411 2495 1488 2538 est
1539 2484 1709 2550 dare,
1752 2501 1911 2554 quam
1959 2485 2092 2538 acci-

505 2590 623 2643 pere
655 2575 718 2627 ¹³.
758 2572 828 2627 Et
857 2591 993 2627 nunc
1027 2591 1120 2643 ego
1150 2572 1349 2642 Spiritu
1381 2575 1631 2644 alligatus
1661 2575 1786 2627 abeo
1817 2576 1879 2628 “.
1921 2571 2088 2640 Quasi

509 2666 695 2719 dicat:
728 2663 935 2718 Paulus
967 2665 1172 2718 vinctus
1201 2663 1330 2719 Jesu
1378 2664 1577 2720 Christi
1607 2667 1670 2718 ¹⁵.
1723 2665 2089 2720 Verumtamen

509 2756 740 2824 Spiritus
771 2765 1100 2810 contestatur
1129 2757 1256 2809 mihi
1274 2772 1365 2824 per
1400 2757 1551 2811 urbes
1577 2757 1756 2811 dicens
1787 2759 1852 2812 ”.
1887 2758 2090 2828 Cujus-

509 2848 656 2902 modi
682 2854 766 2902 est
794 2848 956 2902 illud:
983 2847 1243 2902 Dominus
1269 2850 1413 2903 testis
1435 2859 1512 2903 est
1534 2851 1725 2904 anima:
1749 2850 1912 2921 893
1937 2867 2086 2914 mete,

507 2940 644 3010 quod
693 2957 796 2994 non
844 2941 1152 2994 mentior".
1193 2939 1257 2993 In
1285 2942 1473 2994 virtute
1511 2941 1794 2994 secundum
1830 2941 2089 3011 Spiritum

507 3032 951 3100 sanctiﬁcationis
976 3033 1040 3084 ¹⁸.
1067 3031 1255 3086 Simile
1297 3041 1382 3086 est
1417 3034 1574 3087 huic:
1613 3032 1840 3087 Sanctus
1881 3034 1935 3086 in
1965 3050 2091 3087 sann-

507 3122 604 3175 ctis
637 3122 960 3191 requiescens
985 3123 1050 3176 ¹⁹.
1100 3121 1263 3176 Item:
1300 3121 1643 3176 Circumcisio
1669 3120 1842 3177 cordis
1878 3124 1931 3176 in
1964 3123 2088 3193 Spi-

2188 2300 2532 2367 Πνεύματος
2575 2299 2661 2368 μὴ
2711 2297 3057 2353 ἀναϐαίνειν
3099 2299 3187 2364 είς
3247 2297 3650 2367 Ἰερουσαλήμ.
3701 2296 3772 2347 Ἦ

2193 2389 2430 2459 ’Ἄγαϐος
2454 2407 2469 2422 ·
2507 2389 2652 2444 Τάδε
2703 2389 2865 2459 λέγει
2905 2390 2970 2442 τὸ
3015 2389 3258 2458 Πνεῦμα
3301 2387 3370 2441 τὸ
3418 2387 3620 2457 ἅγιον·
3656 2385 3772 2439 Τὸν

2188 2479 2378 2548 ἄνδρα
2427 2474 2500 2535 οὗ
2552 2479 2723 2533 ἐστιν
2773 2481 2812 2547 ἡ
2859 2478 3006 2548 ζώνη
3052 2479 3202 2546 αὕτη
3223 2496 3237 2510 ’
3297 2478 3480 2545 ὅμοιον
3516 2473 3600 2542 οἷς
3648 2471 3771 2529 εἶπε

2190 2571 2400 2634 Παῦλος
2419 2587 2434 2602 ο
2462 2572 2532 2624 El
2566 2569 2823 2639 δοκιμὴν
2850 2568 3069 2637 ζητεῖτε
3113 2569 3219 2624 τοῦ
3251 2570 3322 2624 ἐν
3349 2569 3480 2639 ἐμοὶ
3507 2568 3771 2622 λαλοῦν-

2189 2680 2292 2726 τος
2333 2661 2630 2730 Χριστοῦ;
2684 2663 2718 2733 ἦ
2737 2679 2750 2693 ·
2810 2662 3224 2730 Μνημονεύετε
3274 2659 3393 2713 τῶν
3419 2660 3617 2729 λόγων
3654 2662 3772 2713 Κυο

2182 2755 2321 2823 ρίου
2343 2771 2357 2785 ·
2410 2752 2500 2807 ὅτι
2545 2752 2728 2820 αὐτὸς
2754 2748 2922 2807 εἶπεν
2973 2753 3198 2822 ἀγαθὸν
3248 2751 3479 2805 διδόναι
3529 2748 3773 2821 μᾶλλον

2189 2848 2229 2915 ἣ
2264 2845 2619 2916 λαμϐάνεινο
2674 2845 2789 2910 καὶ,
2830 2845 2961 2900 Νῦν
3000 2844 3126 2898 ἰδοὺ
3171 2843 3284 2913 ἐγὼ
3336 2842 3651 2912 δεδεμένος
3694 2839 3773 2905 τῷ

2189 2939 2489 3008 Πνεύματι
2526 2940 2878 3008 πορεύομαν
2911 2937 2988 3002 ὡς
3042 2936 3136 2990 ἐὰν
3180 2935 3353 2988 εἴποι·
3387 2934 3628 2999 Παῦλος
3675 2931 3773 2985 δέ·

2191 3045 2368 3098 σμίος
2398 3028 2596 3096 Ἰησοῦ
2630 3027 2912 3096 Χριστοῦ.
2947 3026 3124 3095 Πλὴν
3148 3025 3217 3080 τὸ
3254 3023 3498 3094 Πνεῦμά
3517 3041 3619 3094 μοι
3646 3023 3777 3103 διαετ

2187 3117 2548 3187 μαρτύρεται
2593 3117 2744 3171 κατὰ
2796 3118 2996 3181 πόλιν,
3040 3115 3255 3186 λέγον·
3290 3116 3473 3186 ὅμοιον
3502 3114 3578 3178 ὡς
3619 3109 3770 3168 εἷπε·

507 3213 695 3266 ritu".
726 3212 826 3267 Cui
855 3213 1149 3283 respondet
1175 3213 1306 3268 illud
1337 3233 1349 3270 :
1388 3214 1454 3267 Et
1487 3216 1827 3272 circumcisus
1861 3218 2088 3272 circum-

2189 3184 2406 3279 Κύριος
2429 3209 2720 3279 μαρτυρεῖ
2744 3207 2818 3277 τῇ
2847 3207 2962 3278 ἐμῇ
2999 3184 3194 3277 ψυχῇ,
3223 3184 3334 3263 ὅτι
3355 3208 3428 3261 οὐ
3457 3205 3769 3276 Ιψεύδομαι.

508 3306 705 3359 cisione
755 3323 859 3359 non
891 3323 1050 3360 manu
1095 3306 1278 3375 facta,
1343 3308 1396 3360 in
1427 3309 1805 3377 exspoliatione
1855 3315 2088 3381 corporis

507 3407 841 3466 peccatorum
892 3399 946 3450 in
991 3398 1389 3452 circumcisione
1429 3397 1710 3454 Christi“.
1748 3402 1884 3456 Illud
1915 3420 2043 3460 vero
2074 3426 2086 3461 :

509 3489 572 3544 Si
603 3489 833 3558 Spiritus
867 3490 964 3544 Dei
1005 3490 1211 3543 habitat
1243 3492 1297 3544 in
1340 3492 1482 3545 vobis
1502 3495 1567 3556 ²¹,
1601 3493 1727 3548 huic
1776 3503 1859 3549 est
1891 3496 2047 3553 afﬁne
2074 3517 2086 3552 :

515 3581 973 3647 Quemadmodum
1016 3584 1291 3651 accepistis
1323 3581 1624 3648 Christum,
1677 3586 1730 3638 in
1761 3588 1873 3655 ipso
1903 3589 2091 3642 ambu-

508 3674 714 3739 late";
747 3681 840 3729 et:
875 3673 1108 3744 Spiritus
1143 3675 1352 3728 Domini
1397 3677 1603 3730 locutus
1652 3688 1730 3732 est
1772 3680 1828 3732 iu
1878 3697 1976 3736 me.
2018 3681 2090 3735 Et

2205 3302 2307 3355 Ἐν
2339 3301 2587 3371 δυνάμει
2613 3301 2764 3356 κατὰ
2795 3301 3033 3370 Πνεῦμα
3069 3300 3430 3370 άτιοσύνηςο
3469 3299 3652 3368 ὅμοιον
3695 3294 3773 3366 τῷ

2192 3396 2395 3447 εἰπεῖν·
2438 3394 2625 3463 Ἄγιος
2681 3396 2710 3447 ό
2753 3393 2823 3446 ἑν
2870 3393 3061 3462 ἀτίοις
3114 3390 3596 3460 ἀναπαυόμενος·
3644 3389 3767 3442 καί·

2191 3483 2482 3552 Περιτομὴ
2514 3483 2761 3552 καρδίας
2791 3483 2862 3536 ἐν
2887 3484 3203 3554 Πνεύματι,
3232 3484 3414 3554 ὅμοιον
3455 3480 3534 3552 τῷ
3565 3482 3738 3535 εἰπεῖν
3756 3495 3767 3508 ·

2190 3575 2298 3629 Καὶ
2354 3573 2709 3644 περιετμήθη
2759 3574 3048 3645 περιτομῇ
3100 3571 3527 3643 ἀχειροποιήτῳ
3575 3573 3645 3625 ἐν
3696 3569 3772 3638 τῇ

2190 3667 2516 3722 ἀπεκδύσει
2545 3668 2651 3721 τοῦ
2674 3666 2948 3736 σώματος
2976 3667 3094 3721 τῶν
3118 3664 3412 3736 ἁμαρτιῶν
3441 3665 3512 3718 ἐν
3550 3663 3627 3732 τῇ
3670 3679 3773 3717 πε-

509 3763 722 3818 verbum
753 3763 865 3832 ejus
897 3764 949 3816 in
985 3779 1072 3816 ore
1103 3779 1214 3818 meo
1236 3763 1306 3830 “,
1342 3764 1466 3819 item
1501 3777 1517 3816 :
1555 3765 1831 3822 Primitias
1857 3766 2087 3836 Spiritus

2189 3759 2398 3830 ριτομῇ
2427 3758 2534 3814 τοῦ
2564 3759 2845 3828 Χριστοῦ.
2870 3760 3051 3828 Εἴπερ
3079 3759 3323 3828 Πνεῦμα
3351 3756 3499 3811 Θεοῦ
3523 3756 3679 3811 οἰκεῖ
3702 3757 3772 3808 ἐν

510 3853 847 3918 habentes",
886 3855 952 3908 ad
981 3854 1111 3908 illud
1147 3856 1355 3910 accedit
1394 3873 1406 3908 :
1447 3853 1713 3911 Primitiw
1760 3857 2084 3916 Christus".

2188 3852 2352 3921 ὑμῖν,
2388 3854 2572 3923 ὅμοιον
2617 3851 2695 3922 τῷ
2744 3853 2944 3905 εἰπεῖν·
2978 3853 3182 3918 Καθὼς
3215 3851 3455 3905 ἐλάϐετε
3495 3849 3768 3921 Χριστὸν,

511 3946 618 4000 Sed
646 3945 998 4015 ipseSpiritus
1021 3946 1256 4016 postulat
1287 3963 1383 4015 pro
1410 3948 1557 4002 nobis
1577 3950 1644 4016 ³⁷,
1675 3949 1815 4003 idem
1847 3960 1931 4005 est
1963 3967 2086 4006 cum

2189 3945 2259 3998 ὲν
2284 3943 2444 4010 αὐτῷ
2487 3944 2889 4013 περιπατεῖτε·
2928 3945 3052 3998 καί·
3105 3943 3346 4012 Πνεῦμα
3387 3943 3611 4010 Κυρίου
3632 3939 3768 3994 ἑλά-

511 4038 644 4092 illo:
689 4037 794 4103 Qui
842 4049 919 4090 est
961 4038 1028 4090 ad
1068 4038 1339 4093 dexteram
1385 4038 1511 4105 Dei,
1549 4042 1639 4109 qui
1668 4041 1964 4110 interpellat
1991 4059 2087 4112 pro

2189 4041 2384 4106 λησεν
2432 4037 2501 4090 ἐν
2538 4038 2688 4106 ἐμοί.
2737 4037 2844 4092 Kal
2877 4038 3057 4107 λόγιος
3086 4035 3274 4091 αὐτοῦ
3298 4037 3368 4090 ἐν
3411 4035 3491 4100 τῷ
3519 4034 3771 4104 στόματί

511 4129 660 4182 nobis
689 4127 754 4182 ³⁸.
791 4127 859 4182 Ut
886 4129 956 4183 sit
987 4129 1183 4183 oblatio
1217 4130 1449 4199 gentium
1480 4128 1714 4199 accepta,
1752 4133 2088 4200 sanctiﬁcata

2189 4146 2324 4198 μου.
2353 4129 2482 4193 Καὶ,
2515 4129 2634 4197 Τὴν
2672 4127 2954 4197 ἀπαρχὴν
2983 4128 3090 4182 τοῦ
3130 4129 3474 4196 Πνεύματος
3501 4127 3767 4194 ἔχοντες,

509 4222 565 4274 in
594 4219 797 4290 Spiritu
844 4231 1025 4275 sancto
1058 4223 1123 4274 ”.
1152 4221 1251 4275 Cui
1296 4221 1402 4276 hoc
1455 4221 1632 4277 simile
1659 4233 1742 4277 est
1773 4242 1788 4278 :
1828 4223 2086 4280 Dominus

2189 4220 2372 4290 ὅμοιον
2418 4219 2495 4290 τῷ
2541 4221 2751 4273 εἰπεῖν·
2790 4218 3054 4288 Ἀπαρχὴ
3107 4220 3376 4288 Χριστός.
3424 4218 3576 4271 Ἀλλ’
3624 4217 3770 4270 αὐτὸ

509 4321 686 4367 autem
729 4314 1022 4382 sanctiﬁcat
1055 4330 1141 4367 vos
1164 4356 1178 4378 ,
1214 4315 1421 4368 ut-sitis
1443 4315 1672 4380 sinceri,
1708 4325 1757 4369 et
1785 4317 1897 4371 sine
1922 4317 2088 4387 o/fen-

2189 4311 2254 4365 τὸ
2288 4310 2531 4379 Πνεῦμα
2557 4309 3059 4379 ὑπερεντυγχάνει
3086 4309 3238 4377 ὑπὲρ
3267 4308 3454 4378 ἡμῶν,
3482 4309 3664 4378 ὅμοιον
3691 4305 3770 4376 τῷ

508 4406 655 4458 sione
683 4405 735 4458 in
755 4403 892 4458 diem
926 4405 1140 4458 Domini
1163 4405 1227 4458 '°.
1268 4403 1438 4460 Nobis
1477 4423 1595 4460 vero
1627 4408 1868 4462 revelavit
1903 4408 2088 4463 Domi-

2191 4404 2363 4456 εἰπεῖν
2383 4417 2396 4430 ·
2429 4402 2536 4467 ’Ὃς
2566 4401 2736 4455 ἐστιν
2764 4401 2833 4455 ἐν
2880 4399 3050 4467 δεξιᾷ
3094 4399 3202 4454 τοῦ
3251 4400 3420 4463 Θεοῦ,
3464 4398 3533 4465 ὃς
3565 4399 3771 4467 ἐντυγ-

509 4512 608 4550 nus
629 4511 719 4564 per
747 4497 911 4564 ipsius
935 4495 1192 4564 Spiritum
1210 4497 1275 4563 ³¹;
1306 4495 1449 4552 idem
1475 4512 1600 4555 cum
1623 4499 1738 4560 isto
1769 4501 1889 4554 loco
1913 4501 2088 4571 signi-

2193 4493 2362 4564 χάνει
2389 4492 2542 4561 ὑπὲρ
2576 4491 2761 4562 ήμῶν.
2790 4492 2916 4546 Ἵνα
2943 4492 3180 4563 γένηται
3230 4492 3267 4559 h
3305 4490 3620 4559 προσφορὰ
3651 4488 3769 4543 τῶν

511 4587 635 4639 licat
660 4604 673 4639 :
704 4585 929 4651 Quando
950 4586 1152 4653 placuit
1181 4587 1253 4651 ei,
1291 4587 1380 4656 qui
1415 4603 1496 4642 me
1521 4591 1811 4658 segregavit
1839 4589 1905 4644 ab
1937 4600 2087 4646 utero

2191 4585 2382 4640 ἐθνῶν
2431 4585 2873 4653 εὐπρόσδεκτος
2893 4625 2908 4650 ,
2962 4583 3318 4652 ἀγιασθεῖσα
3358 4583 3427 4636 ἐν
3472 4583 3768 4651 Πνεύματι

508 4677 698 4730 matris
730 4694 858 4733 mete
876 4716 891 4740 ,
918 4694 1008 4746 per
1030 4680 1260 4748 gratiam
1283 4678 1448 4746 ipsius
1471 4718 1486 4744 ,
1527 4679 1757 4733 revelare
1787 4681 1845 4734 in
1881 4698 1963 4736 me
1991 4681 2091 4736 Fi-

510 4775 638 4828 lium
664 4790 817 4828 suum
844 4775 911 4826 ³².
951 4772 1064 4828 Nos
1099 4784 1272 4826 autem
1309 4790 1413 4827 nou
1448 4773 1633 4826 mundi
1660 4776 1905 4844 spiritum
1933 4793 2086 4831 acce-

507 4866 704 4934 pimus,
755 4864 847 4918 sed
899 4863 1153 4932 Spiritum
1193 4864 1369 4919 Dei”.
1399 4865 1538 4919 Cum
1578 4881 1644 4922 eo
1690 4865 2085 4922 conferendum

506 4954 654 5010 istud
723 4967 838 5010 est:
889 4955 1241 5026 Vosmetipsos
1279 4956 1494 5026 probate
1517 4998 1532 5023 ,
1580 4973 1706 5011 num
1736 4956 1980 5013 Christus
2017 4960 2087 5013 sit

506 5049 561 5100 in
587 5046 807 5103 vobis”.
845 5047 1116 5116 Templum
1155 5047 1252 5101 Dei
1293 5048 1440 5112 estis,
1473 5057 1524 5100 et
1575 5047 1809 5116 Spiritus
1852 5047 1951 5102 Dei
1992 5050 2088 5103 ha-

508 5138 642 5193 bitat
669 5141 721 5193 in
767 5141 912 5194 vobis
934 5141 1014 5195 ³⁵ε
1053 5140 1280 5210 perinde
1326 5150 1488 5209 atque
1529 5139 1661 5195 illud
1693 5159 1705 5196 :
1733 5138 1998 5194 llabitabo
2032 5141 2086 5194 in

577 5409 593 5439 ¹
634 5406 756 5462 Act.
786 5422 909 5469 χιιι,
945 5406 1000 5460 ‘2.
1125 5409 1144 5438 ’
1185 5408 1304 5462 Act.
1347 5425 1421 5472 ιχ,
1460 5408 1511 5461 7.
1616 5410 1636 5439 ³
1677 5411 1795 5462 Act.
1828 5425 1950 5470 χιιι,
1981 5411 2033 5465 4.

505 5549 630 5602 (lor.
663 5563 782 5610 xm,
814 5549 868 5604 3.
963 5549 1008 5578 ¹³
1047 5547 1169 5601 Act.
1201 5565 1290 5612 xx,
1319 5550 1388 5604 55

508 5619 551 5648 ¹⁹
593 5617 696 5671 lsa.
730 5633 862 5676 Lvu.
900 5617 1007 5672 15.-
1099 5620 1143 5647 ’°
1187 5619 1342 5671 Rom.
1377 5635 1436 5684 ιι,
1461 5619 1552 5673 29.

505 5687 552 5720 ⁸⁵
593 5685 746 5740 Rom.
779 5703 898 5751 vui,
925 5689 1016 5743 25.
1104 5689 1151 5718 ’⁸
1192 5687 1209 5738 |
1243 5688 1372 5742 Cor.
1405 5706 1493 5748 xv,
1519 5690 1610 5744 25.

1664 5622 1704 5650 ²¹
1749 5621 1865 5673 Col.
1899 5636 1956 5684 ιι,
1990 5621 2072 5672 Μ.

2137 5410 2159 5440 ι
2199 5410 2363 5450 Malm
2420 5427 2447 5450 \-

577 5410 593 5439 ¹
634 5410 756 5462 Act.
786 5422 909 5469 χιιι,
945 5410 1000 5460 ‘2.
1125 5410 1144 5438 ’
1185 5410 1304 5462 Act.
1347 5425 1421 5472 ιχ,
1460 5410 1511 5461 7.
1616 5410 1636 5439 ³
1677 5411 1795 5462 Act.
1828 5425 1950 5470 xm,
1981 5411 2033 5465 4.

506 5481 524 5509 τ
567 5479 689 5531 Act.
722 5492 837 5538 χχι.
866 5479 920 5544 6,
960 5477 1015 5530 7.
1090 5479 1112 5508 ⁸
1145 5477 1654 5541 Matth.xxvm,l9.
1728 5482 1746 5510 ³
1784 5479 1971 5533 Matth.
2012 5497 2062 5538 χ,

506 5549 613 5581 l‘nn
663 5563 758 5581 νιιι
814 5549 848 5581 εἰ
963 5549 1008 5578 1³
1055 5547 1141 5581 Lm
1201 5565 1264 5581 vv
1319 5550 1388 5581 τιυὶ
1506 5550 1550 5579 υι
1588 5549 1695 5581 ιι.;,1
1747 5550 1816 5581 QQ
1916 5552 1957 5581 ιιι
2001 5548 2088 5581 [ηις

2199 5410 2387 5464 ‘Mnttn.
2420 5427 2474 5470 χ.
2509 5411 2594 5465 16.

2189 5501 2197 5541 ;
2243 5481 2404 5535 Marc.
2438 5497 2512 5543 Vl,
2545 5483 2598 5536 8.

2191 5569 2202 5581 ι
2272 5552 2289 5581 Ι
2398 5552 2442 5581 16
2478 5552 2598 5581 ΙΙηΙν-ιι

1587 5549 1718 5604 ibid.
1747 5550 1837 5602 22.
1916 5552 1957 5581 ¹⁸
1997 5548 2224 5604 Philem.
2272 5552 2318 5604 l.
2398 5552 2442 5581 ¹⁶
2476 5552 2636 5606 liebr.
2675 5570 2690 5605 ι

1664 5622 1704 5650 ²¹
1749 5621 1865 5673 Col.
1899 5636 1956 5684 ιι,
1990 5621 2072 5672 Μ.
2185 5623 2228 5651 ²¹
2271 5623 2284 5674 1
2327 5622 2453 5673 Cor.
2493 5638 2574 5684 ιιι,
2606 5623 2690 5677 16.

1688 5692 1729 5720 ⁸⁷
1774 5689 1928 5744 Itoni.
1960 5707 2077 5751 vm,
2107 5689 2197 5743 ‘26.

507 5755 550 5790 ³³
592 5755 766 5812 lCor.
797 5773 854 5826 ιι,
891 5759 977 5812 lt).
1055 5760 1096 5790 ⁸¹
1137 5757 1312 5812 Galat.
1342 5775 1379 5825 ι,
1420 5760 1504 5814 15.
1585 5760 1627 5792 ³³
1667 5760 1839 5815 lCor.
1872 5777 1931 5827 ιι,
2008 5761 2088 5812 1:2.

2191 5762 2208 5793 "
2254 5761 2292 5815 ll
2315 5762 2438 5817 Cor.
2471 5778 2586 5829 χιιι,
2625 5763 2674 5815 5.

2189 4678 2353 4748 ἁγίῳ,
2380 4678 2563 4748 ὅμοιον
2597 4677 2674 4748 τῷ
2717 4677 2918 4746 εἰπεῖνί·
2963 4676 3024 4730 '0
3072 4676 3285 4745 Κύριος
3321 4673 3563 4744 ἁγιάσαι
3587 4672 3766 4743 ὑμᾶς,

2189 4771 2290 4824 ἵνα
2311 4764 2416 4840 ἦτε
2439 4770 2797 4837 εἰλικρινεῖς,
2837 4768 2935 4822 καὶ
2969 4769 3380 4837 ἀπρόσκοπτοι
3415 4769 3500 4833 είς
3544 4765 3770 4835 ¹ἡμέραν

2188 4865 2429 4931 Κυρίου.
2470 4863 2640 4932 Ἡμῖν
2685 4862 2753 4915 δὲ
2794 4862 3190 4930 ἀπεκάλυψεν
3242 4865 3275 4916 ὁ
3325 4861 3470 4927 Θεὸς
3515 4861 3614 4914 διὰ
3662 4859 3766 4915 τοῦ

2188 4957 2531 5025 Πνεύματος
2559 4954 2766 5019 αὐτοῦ,
2794 4955 2978 5024 ὅμοιον
3006 4953 3084 5022 τῷ
3112 4955 3286 5008 εἰπεῖν
3303 4971 3315 4983 ·
3345 4954 3486 5006 ’Ὀτε
3518 4952 3768 5018 εὐδόκη-

2187 5062 2302 5101 σεν
2328 5051 2361 5101 ό
2386 5048 2682 5115 ἀφορίσας
2707 5064 2783 5116 με
2808 5047 2876 5100 ἐκ
2898 5047 3129 5112 κοιλίας
3149 5045 3375 5116 μητρός
3395 5063 3514 5115 μου
3536 5044 3632 5098 διὰ
3659 5042 3766 5110 τῆς

2163 5151 2165 5154 ‘
2187 5140 2428 5211 χάριτος
2452 5141 2636 5194 αὐτοῦ
2677 5140 3067 5208 ἀποκαλύψαι
3107 5140 3179 5194 ἐν
3205 5140 3334 5209 ἐμοὶ
3368 5139 3476 5193 τὸν
3504 5139 3640 5193 Υὶὸν
3665 5139 3770 5192 αὐ-

2707 5414 2735 5495 ”.
2769 5410 2889 5495 4εέ-
2926 5430 3016 5478 ινο
3052 5416 3144 5495 $.3-
3231 5415 3271 5495 ,ἲ
3302 5415 3348 5495 Ι.
3373 5414 3502 5495 βρτι
3526 5414 3768 5495 ,νηηέίές

2693 5484 2736 5514 ¹⁰
2776 5483 2898 5537 Act.
2943 5503 3052 5548 χχι,
3083 5486 3138 5541 4.
3230 5486 3270 5516 ¹¹
3314 5486 3444 5540 ibid.
3484 5487 3570 5540 Η.
3647 5486 3691 5516 ¹²
3728 5483 3771 5540 ll

2398 5552 2442 5581 ¹⁶
2476 5552 2636 5606 llebr.
2675 5554 2834 5617 x,15.
2917 5556 2958 5585 "’
2997 5555 3114 5612 Gal.
3143 5574 3180 5620 ι,
3212 5556 3303 5609 9.0.
3382 5557 3424 5588 ¹⁸
3455 5554 3610 5610 Rom.
3649 5571 3689 5619 ι,
3714 5554 3772 5608 ι.

2398 5637 2453 5673 ir.
2493 5638 2574 5680 III,
2606 5623 2690 5677 l6.
2804 5625 2849 5654 ³³
2887 5626 3085 5680 Col.n.
3115 5627 3168 5680 6.
3280 5627 3326 5658 “
3369 5625 3501 5680 Rea.
3524 5642 3680 5680 χχιιι.
3712 5625 3770 5680 ‘1.

2274 5632 2284 5674 I
2327 5632 2453 5673 Hor.
2493 5638 2574 5684 ιιι,
2606 5632 2690 5677 16.
2804 5632 2849 5654 "
2887 5632 3004 5680 Col.
3027 5643 3085 5692 ιι,
3115 5632 3168 5680 6.
3280 5632 3326 5658 ’δ
3371 5632 3501 5695 Heg.
3524 5642 3680 5689 χχιιι,
3712 5632 3770 5680 2.

2274 5691 2496 5791 "‘ih‘id.
2527 5692 2616 5746 54.
2644 5763 2654 5776 ⁹
2705 5695 2750 5725 ’⁸
2791 5693 2950 5782 Rom.
2985 5713 3072 5754 xv.
3106 5699 3190 5752 l6.
3273 5697 3316 5729 ³⁸
3356 5698 3586 5819 ιἠῑιξρὲ.
3618 5695 3774 5760 ι,10.

2277 5763 2438 5817 lLOI.
2471 5778 2586 5823 Mli.
2625 5763 2674 5815 5.
2755 5764 2797 5797 ³³
2842 5767 2855 5819 l
2889 5768 3118 5823 (somn.
3150 5769 3234 5822 l6.
3312 5771 3356 5801 ³⁵
3385 5769 3530 5823 Law
3567 5768 3679 5823 οὖς.

2804 5783 2855 5837 _|
2889 5783 3017 5824 Cor.
3039 5786 3118 5834 III,
3150 5783 3234 5822 ID.
3312 5783 3356 5801 "
3385 5783 3679 5835 ικανορος.
