4134 6386
387 364 495 423 435

1065 361 1434 420 ADVERSUS
1471 363 1814 421 ιιΑειιΕεΕε
1852 365 1970 421 LIB.

2072 368 2098 421 ί.
2139 366 2301 422 TOM.
2346 370 2390 423 1.
2418 368 2777 425 ——lUERES.
2820 370 3052 427 LXXIV.

3551 375 3660 434 496

386 478 513 535 τοῦ,
551 477 738 547 Ἡμεῖς
775 474 842 528 δὲ
879 476 950 529 οὐ
976 474 1043 528 τὸ
1090 476 1324 545 πνεῦμα
1359 479 1465 532 τοῦ
1507 481 1738 548 κόσμου
1764 479 1970 533 ἐλάϐο-

2074 479 2181 533 illis
2203 523 2217 543 ,
2252 490 2298 533 et
2354 479 2693 535 inambulabo
2718 522 2734 546 ,
2772 493 2821 536 et
2869 499 2957 536 ero
3010 483 3227 537 illorum
3261 483 3400 541 Deus
3425 528 3437 552 .
3468 499 3517 542 et
3549 490 3657 558 ipsi

385 588 514 635 μεν,
539 568 700 625 ἀλλὰ
737 567 803 621 τὸ
833 566 1074 635 Πνεῦμα
1105 566 1210 621 τοῦ
1245 569 1413 635 Θεοῦ,
1436 570 1619 639 ὅμοιον
1647 569 1725 638 τῷ
1753 571 1925 621 εἰπεῖν
1946 586 1959 600 ·

2068 581 2222 624 erunt
2242 572 2369 624 mihi
2400 574 2623 642 populus
2643 574 2681 627 ¹.

398 664 679 730 Ἑαυτοὺς
703 660 1058 732 δοκιμάζετε,
1092 664 1143 715 εὶ
1174 665 1206 714 ὀ
1243 663 1501 731 Χριστὸς
1532 663 1780 733 ἐνύμῖν.
1811 664 1968 729 Ναὸς
1992 666 2097 720 τοῦ
2125 668 2270 720 Θεοῦ
2295 668 2455 731 ἐστε,
2485 669 2582 722 καὶ
2626 668 2695 722 τὸ
2740 670 2983 740 Πνεῦμα
3013 671 3121 726 τοῦ
3175 673 3320 726 Θεοῦ
3375 673 3530 727 οἰκεῖ
3582 675 3654 728 ἑν

388 756 549 827 ὑμῖν,
578 756 763 826 ὅμοιον
792 753 870 824 τῷ
894 754 1069 806 εἰπεῖν
1094 768 1105 781 ⁸
1145 752 1475 822 Ἐνοικήσω
1500 755 1570 808 ἐν
1592 756 1816 822 αὐτοῖς,
1857 757 1956 811 καὶ
1996 758 2475 829 ἐμπεριπατήσω,
2505 759 2604 813 καὶ
2636 759 2849 829 ἔσομαι
2891 761 3091 815 αὐτῶν
3126 763 3292 828 Θεὸς,
3336 764 3433 820 καὶ
3482 766 3655 819 αὐτοὶ

389 849 641 903 ἔσονταί
659 864 763 918 μοι
787 847 957 910 λαός.

458 940 550 1006 C,".
596 936 757 990 Ἀλλὰ
784 937 884 1007 τὴν
912 934 1192 988 δικαίωσιν
1224 933 1282 1000 ἐξ
1313 935 1514 1005 ἀμφοῖν
1553 934 1701 1004 λέγει
1730 938 1827 990 καὶ
1854 937 1953 1008 τὴν

391 1033 567 1104 (egw.
595 1027 1016 1095 Δικαιωθέντες
1045 1028 1112 1081 δὲ
1138 1028 1209 1081 ἐν
1235 1026 1316 1092 τῷ
1344 1029 1587 1096 ὀνόματι
1602 1023 1708 1082 τοῦ
1742 1028 1966 1097 Κιιοίου

392 1123 558 1195 ἡμῶν
600 1123 806 1189 Ἰησοῦ
831 1121 1110 1190 Χριστοῦ,
1150 1121 1245 1173 καὶ
1270 1122 1340 1174 ἐν
1387 1120 1469 1183 τῷ
1514 1121 1813 1190 Πνεύματι
1861 1120 1967 1174 τοῦ

393 1215 540 1270 Θεοῦ
565 1212 756 1284 ἡμῶν,
781 1215 965 1283 ὅμοιον
1002 1211 1081 1282 τῷ
1112 1213 1313 1264 εἰπεῖν’
1343 1210 1761 1277 Δικαιωθέντες
1808 1210 1877 1263 δὲ
1899 1212 1968 1264 ἐκ

391 1308 670 1373 πίστεως,
704 1302 954 1372 είρήνην
980 1305 1201 1373 ἔχομεν
1224 1303 1373 1371 πρὸς
1397 1302 1505 1357 τὸν
1522 1300 1670 1355 Θεὸν
1713 1300 1811 1354 διὰ
1862 1296 1968 1354 τοῦ

392 1396 612 1466 Κυρίου
669 1392 837 1464 ἡμῶν
891 1392 1094 1460 Ἰησοῦ
1141 1390 1420 1459 Χριστοῦ.
1465 1390 1676 1458 Οὐδεὶς
1723 1390 1973 1445 δύναται

392 1487 584 1542 εἰπεῖν
600 1487 821 1552 Κύριον
860 1484 1119 1552 Ἰησοῦν,
1164 1485 1213 1536 εί
1249 1482 1336 1551 μὴ
1370 1483 1439 1535 ἐν
1463 1483 1765 1550 ,Πνεύματι
1788 1482 1969 1552 aria)-

393 1579 507 1643 καὶ,
540 1578 750 1642 Οὐδεὶς
772 1575 1023 1630 δύναται
1048 1576 1288 1643 Πνεῦμα
1321 1573 1492 1643 ἅγιον
1519 1572 1727 1627 λαϐεῖν
1748 1571 1786 1641 ἢ
1814 1572 1972 1640 παρὰ

394 1673 633 1740 Κυρίου.
682 1668 1008 1736 Διαιρέσεις
1062 1666 1131 1719 δὲ
1169 1667 1552 1736 χαρισμάτων
1600 1663 1753 1728 εἰσὶ,
1793 1664 1858 1716 τὸ
1904 1663 1973 1716 δὲ

2146 927 2236 984 VI.
2261 928 2403 996 Quin
2421 930 3043 1000 etiamjustiﬁcationem
3071 932 3140 988 ab
3166 945 3401 1007 utroque
3429 954 3657 999 manare

2070 1023 2411 1078 demonstrat
2442 1017 2503 1077 ἐι
2550 1023 2806 1092 gratiam.
2832 1022 3133 1094 Iustiﬁcati
3156 1042 3318 1095 porro
3354 1031 3409 1085 in
3443 1037 3655 1091 nomine

2073 1113 2287 1168 Domini
2325 1116 2495 1168 nostri
2532 1112 2662 1169 Iesu
2709 1113 2941 1175 Christi,
2978 1125 3029 1169 et
3067 1119 3123 1171 in
3172 1117 3379 1187 Spiritu
3418 1122 3518 1178 Dei
3554 1143 3654 1180 no—

2074 1207 2230 1259 stri'.
2267 1205 2366 1259 Cui
2414 1206 2611 1260 simile
2637 1215 2721 1261 est
2748 1226 2760 1260 :
2792 1205 3089 1276 Iusti/icati
3115 1220 3291 1265 autem
3321 1228 3386 1267 ea:
3417 1215 3523 1285 fide
3555 1233 3654 1286 ραι-

2078 1311 2187 1348 cem
2215 1294 2466 1349 habemus
2496 1312 2613 1349 cum
2642 1296 2750 1350 Deo
2769 1314 2861 1366 per
2885 1297 3173 1354 Dominum
3203 1313 3444 1359 nostrum
3469 1307 3652 1364 Iesum

2078 1384 2349 1441 Christum
2368 1388 2409 1438 ⁸.
2465 1385 2636 1441 Nemo
2688 1398 2858 1456 potest
2910 1390 3084 1444 dicere
3124 1390 3407 1450 Dominum
3442 1396 3649 1459 Iesum.

2071 1477 2178 1531 nisi
2212 1479 2265 1530 in
2300 1476 2506 1547 Spiritu
2541 1480 2764 1532 sancto‘
2796 1496 2810 1545 ;
2845 1490 2899 1535 et
2942 1496 2957 1534 :
2994 1479 3164 1537 Nemo
3205 1495 3376 1552 potest
3419 1490 3654 1560 accipere

2079 1567 2339 1634 Spiritum
2371 1580 2635 1632 sanctum,
2664 1572 2770 1625 nisi
2808 1589 2841 1625 a
2877 1572 3123 1631 Domino.
3159 1576 3457 1634 Diuisiones
3490 1597 3651 1651 porro
3718 1606 3730 1613 ~

2070 1663 2370 1731 gratiarum
2404 1675 2549 1727 sunt,
2612 1664 2749 1719 idem
2793 1682 2910 1720 vero
2955 1666 3188 1737 Spiritus
3225 1687 3244 1724 .'
3280 1682 3330 1727 et
3370 1674 3652 1730 divisiones

393 1765 537 1816 αὐτὸ
594 1761 835 1829 Πνεῦμα
859 1777 871 1790 ·
901 1760 999 1813 καὶ
1027 1757 1347 1825 διαιρέσεις
1382 1756 1706 1810 διακονιῶν
1730 1758 1908 1819 εἰσιν,
1944 1758 1970 1808 ὀ

2077 1755 2494 1808 ministeriorum
2524 1765 2685 1819 sunt,
2722 1756 2859 1811 idem
2887 1768 3064 1813 autem
3084 1761 3248 1827 Deus,
3285 1765 3376 1833 qui
3403 1777 3652 1833 operatur

393 1854 462 1908 δὲ
492 1854 674 1920 αὐτὸς
706 1854 870 1919 Θεὸς,
894 1856 926 1907 ό
945 1850 1203 1920 ἐνεργῶν
1226 1851 1296 1904 τὰ
1329 1852 1524 1903 πάντα
1545 1849 1614 1901 ἐν
1636 1846 1786 1902 πᾶσι
1809 1866 1822 1879 ο
1853 1848 1967 1911 καὶ,

408 1947 550 2001 Ἀπὸ
575 1946 762 2015 δόξης
787 1948 876 2011 εὶς
924 1944 1132 2009 δόξαν.
1172 1942 1367 2009 καθὼς
1393 1942 1512 1996 ἀπὸ
1538 1942 1760 2010 Κυρίου
1783 1941 1969 1994 Πνεύ-

391 2058 606 2111 ματος·
640 2042 754 2104 καὶ,
784 2039 879 2108 Μὴ
903 2038 1148 2093 λυπεῖτε
1171 2036 1237 2090 τὸ
1262 2035 1504 2105 Πνεῦμα
1548 2036 1615 2088 τὸ
1657 2034 1849 2101 ἅγιον,
1901 2034 1971 2086 ἐν

394 2129 443 2202 ᾧ
471 2132 910 2204 ἐσφραγίσθητε
933 2133 1019 2196 είς
1036 2128 1267 2199 ’ἡμέραν
1284 2125 1773 2195 ἀπολυτρώσεως,
1788 2126 1970 2195 ὅμοιον

395 2226 472 2297 τῷ
488 2227 691 2279 εἰπεῖν’
729 2225 800 2276 El
829 2218 1286 2290 παραζηλοῦμεν
1312 2219 1420 2273 τὸν
1439 2220 1677 2286 Κύριον,
1697 2216 1782 2287 μὴ
1802 2219 1973 2283 luxv-

390 2321 621 2386 ρότεροι
652 2313 838 2369 αὐτοῦ
859 2315 1077 2382 super;
1112 2312 1183 2366 Td
1210 2311 1278 2365 δὲ
1305 2312 1545 2381 Πνεῦμα
1557 2310 1755 2379 ῥητῶς
1785 2309 1969 2378 λέγει,

395 2412 578 2478 ὅμοιον
602 2406 678 2478 τῷ
705 2408 878 2459 εἰπεῖν
903 2421 915 2434 ·
944 2404 1089 2459 Τάδε
1113 2405 1273 2473 λέγει
1292 2405 1506 2471 Κύριος
1528 2399 1967 2469 παντοκράτωρ.

398 2502 526 2565 Καὶ,
565 2495 910 2566 ΤὺοΠνεῦμά
945 2514 1063 2566 μου
1098 2494 1541 2564 ἐφέστηκεν-ἑν
1573 2490 1742 2562 μέσῳ
1782 2490 1967 2560 ὑμῶν.

408 2593 545 2648 Ἐάν
564 2609 656 2658 τις
682 2591 812 2661 ἐμοὶ
845 2589 1059 2663 ἀνοίξῃ
1104 2587 1423 2647 εἰσελθεῖν,
1444 2586 1560 2656 ἐγὼ
1587 2584 1684 2638 καὶ
1708 2587 1740 2638 ὀ
1767 2582 1972 2652 Πατὴρ

390 2684 591 2754 μονὴν
617 2683 752 2752 παρ’
778 2680 939 2746 αὐτῷ
966 2679 1321 2748 ποιήσομεν.
1356 2678 1582 2740 Ἡσαΐας
1620 2676 1705 2729 δέ’
1742 2676 1851 2729 Kal
1876 2675 1970 2727 ἐπ’

394 2776 575 2830 αὑτὸν
610 2775 852 2843 Πνεῦμα
884 2772 1051 2827 Θεοῦ.
1096 2772 1155 2824 ’0
1187 2772 1242 2824 δὲ
1266 2768 1528 2840 Χριστός’
1568 2767 1811 2837 Πνεῦμα
1856 2770 1972 2820 Κυ-

393 2869 526 2934 ρίου
552 2867 645 2919 ἐπ⁵
677 2866 802 2935 ἐμὲ,
847 2861 918 2921 οὗ
948 2863 1157 2918 ἕνεκεν
1185 2861 1392 2931 ἐχρισέ
1409 2877 1484 2931 με
1504 2875 1519 2891 ο
1572 2860 1690 2925 καὶ,
1736 2857 1971 2926 Ἰησοῦν

396 2959 503 3011 τὸν
536 2958 653 3011 ἀπὸ
693 2956 971 3025 Ναζαρὲτ,
1011 2955 1083 3009 ὃν
1127 2954 1371 3024 ἔχρισεν
1423 2956 1455 3007 ό
1493 2951 1638 3018 Θεὸς
1676 2951 1971 3019 Πνεύματι

397 3051 577 3119 άτίφο
615 3051 680 3125 ἡ·
721 3050 935 3117 Κύριος
966 3045 1314 3102 ἀπέσταλκε
1342 3062 1438 3114 με,
1466 3044 1569 3097 καὶ
1620 3042 1688 3097 τὸ
1729 3042 1971 3110 Πνεῦμα

396 3139 602 3193 αὐτοῦ.
621 3140 755 3193 Φανε
765 3142 831 3211 ρὰ
854 3139 909 3192 δὲ
930 3138 1025 3192 καὶ
1046 3138 1080 3208 ἡ
1107 3136 1256 3207 φωνὴ
1275 3135 1384 3189 τῶν
1403 3153 1459 3188 σε
1469 3135 1643 3206 ραφὶμ
1670 3134 1967 3205 κράζουσαο

401 3234 622 3301 Ἄγιος,
649 3231 837 3301 ἅγιος,
871 3230 1038 3299 ἅγιος
1065 3230 1277 3297 Κύριος
1294 3227 1554 3282 Σαϐαὼθ.
1585 3225 1709 3279 Ἐὰν
1733 3225 1790 3278 δὲ
1815 3225 1973 3278 ἀκού-

400 3336 520 3394 σῃς,
574 3324 658 3374 δτι
714 3320 794 3389 Τῇ
845 3317 1016 3386 δεξιᾷ
1051 3318 1156 3373 τοῦ
1207 3318 1355 3372 Θεοῦ
1393 3318 1688 3384 ὑψωθείς·
1721 3316 1819 3370 καὶ
1859 3315 1972 3383 τὴν

396 3412 760 3483 ἐπαγγελίαν
795 3409 902 3465 τοῦ
945 3410 1288 3479 Πνεύματος
1318 3407 1521 3462 λαϐὼν
1541 3405 1700 3475 παρὰ
1721 3405 1826 3460 τοῦ
1856 3408 1974 3459 Πα-

396 3504 565 3572 τρός’
593 3503 649 3573 ἣ,
681 3500 1027 3572 Περιμένειν
1044 3501 1160 3568 τὴν
1192 3500 1556 3569 ἐπαγγελίαν
1585 3498 1692 3552 τοῦ
1718 3496 1968 3565 Πατρός,

398 3595 480 3663 ἣν
499 3595 803 3663 ἠκούσατε
827 3609 841 3623 ·
864 3592 920 3663 ἢ,
962 3592 1044 3644 ὅτι
1078 3592 1145 3645 Τὸ
1200 3591 1441 3659 Πνεῦμα
1486 3588 1674 3644 αὐτὸν
1695 3587 1972 3642 ἐκϐάλλει

397 3689 484 3752 εὶς
505 3686 620 3753 τὴν
650 3684 873 3753 ἔρημον
894 3701 906 3713 ·
958 3680 1016 3754 ἢ,
1045 3684 1128 3737 ὅτι
1156 3683 1317 3745 αὐτὸς
1352 3681 1499 3749 λέγει
1524 3696 1538 3711 ⁸
1568 3680 1666 3749 Μὴ
1694 3682 1974 3750 μεριμνή.

398 3794 546 3845 σητε
602 3778 659 3830 τί
712 3776 942 3830 εἰπεῖν
977 3774 1065 3828 ὅτι
1105 3775 1170 3827 τὸ
1227 3775 1469 3843 Πνεῦμα
1505 3773 1572 3827 τὸ
1614 3773 1851 3829 λαλοῦν
1902 3774 1973 3827 ἐν

399 3870 576 3935 ὑμῖν·
617 3868 685 3938 ἡ·
711 3871 782 3922 Εἰ
836 3866 907 3919 δὲ
949 3868 1019 3919 ἐν
1057 3866 1354 3935 Πνεύματι
1407 3866 1555 3919 Θεοῦ
1591 3865 1863 3919 ἐκϐάλλω
1901 3866 1973 3919 τὰ

398 3962 671 4031 δαιμόνια
694 3977 713 3992 σ
736 3960 773 4031 ἦ
795 3976 809 3991 ο
855 3961 908 4012 '0
940 3959 1009 4012 δὲ
1037 3957 1424 4027 ,βλασφημῶν
1441 3961 1527 4024 είς
1549 3958 1614 4011 τὸ
1638 3958 1879 4027 Πνεῦμα
1905 3957 1970 4011 τὸ

398 4055 588 4122 ἅγιον,
649 4055 760 4107 οὐκ
811 4052 1177 4120 ἀφεθήσεται
1213 4050 1409 4117 αὐτῷ,
1460 4051 1554 4105 καὶ
1596 4051 1662 4105 τὰ
1699 4049 1854 4122 ἑξῆς
1895 4051 1929 4121 ἦ
1955 4068 1968 4081 ·

404 4144 615 4213 Πάτερ,
649 4147 737 4209 είς
768 4142 970 4213 χεῖράς
1021 4158 1136 4197 σου
1170 4141 1589 4211 παραθήσομαι
1638 4144 1706 4194 τὸ
1738 4142 1974 4212 πνεῦμά

398 4252 548 4307 μου·
573 4239 607 4307 ἡ
630 4254 643 4267 ο
684 4238 754 4291 Τὸ
778 4235 1019 4290 παιδίον
1060 4236 1307 4303 ηὔξανε,
1352 4235 1452 4288 καὶ
1487 4232 1868 4303 ἐκραταιοῦτο
1891 4231 1972 4299 τῷ

400 4330 715 4399 Πνεύματι.
750 4326 988 4395 Ἰησοῦς
1002 4327 1089 4391 δὲ,
1111 4328 1407 4393 πλησθεὶς
1418 4327 1763 4395 Πνεύματος
1774 4326 1969 4395 ἁγίου,

2071 1846 2248 1899 omnia
2287 1846 2341 1899 in
2386 1847 2692 1913 omnibus“;
2724 1856 2777 1903 et
2818 1867 2832 1901 :
2871 1849 2913 1902 Α
2948 1851 3122 1920 gloria
3154 1854 3206 1906 in
3240 1855 3489 1925 gloriam,
3527 1868 3649 1912 tan-

2080 1952 2240 2006 quam
2291 1954 2324 1990 a
2369 1936 2585 1992 Domini
2651 1938 2923 2008 Spiritu“;
2971 1951 3025 1996 et
3055 1962 3068 1998 :
3102 1942 3284 2000 Nolite
3336 1950 3651 2005 contristare

2087 2025 2345 2094 Spiritum
2369 2041 2638 2091 sanctum,
2668 2032 2723 2083 in
2763 2048 2865 2101 quo
2894 2033 3090 2103 signati
3112 2037 3236 2090 estis
3274 2038 3329 2091 in
3364 2038 3503 2094 diem
3528 2042 3619 2095 red
3631 2073 3648 2083 -

2074 2120 2426 2187 emptionis";
2457 2137 2583 2175 cum
2651 2122 2744 2177 illo
2791 2125 3142 2180 consentiunt
3175 2147 3188 2183 :
3225 2127 3285 2183 Si
3312 2146 3650 2199 provocemus

2077 2208 2390 2279 Dominum,
2437 2230 2505 2266 an
2536 2213 2784 2281 fortiores
2821 2215 2934 2283 ipso
2965 2219 3218 2272 sumus“?
3247 2218 3362 2276 Hoc
3414 2233 3594 2277 autem
3629 2243 3642 2277 :

2071 2298 2302 2367 Spiritus
2324 2300 2610 2365 manifeste
2635 2304 2763 2358 dicit
2781 2305 2822 2369 ’,
2850 2307 3028 2362 simile
3056 2316 3141 2363 est
3193 2308 3321 2364 huic
3357 2330 3369 2365 :
3406 2310 3537 2366 Hac
3562 2313 3650 2366 di-

2071 2393 2141 2445 cit
2176 2392 2437 2448 Dominus
2474 2397 2836 2463 omnipotens;
2865 2407 2920 2452 et
2952 2414 2966 2449 :
3005 2398 3239 2469 Spiritus
3273 2418 3418 2458 meus
3450 2415 3559 2458 stat
3593 2406 3650 2459 in

2073 2485 2242 2538 medio
2295 2487 2534 2551 uestri",
2590 2503 2714 2543 cum
2765 2489 2872 2543 isto
2933 2491 3288 2562 coniungitur
3336 2508 3351 2545 :
3415 2494 3475 2550 Si
3530 2499 3650 2567 quis

2073 2580 2333 2646 aperuerit
2374 2580 2502 2633 mihi
2545 2590 2601 2633 ut
2658 2581 3007 2652 ingrediar“,
3039 2600 3130 2655 ego
3179 2594 3227 2638 et
3272 2586 3442 2658 εθῆ,
3490 2584 3651 2642 Pater

2071 2675 2396 2728 mansionem
2425 2675 2566 2743 apud
2606 2676 2777 2743 ipsum
2801 2676 3135 2744 faciemus“.
3168 2677 3294 2734 Haec
3324 2680 3497 2736 Isaias
3528 2697 3541 2733 :
3579 2681 3647 2735 Et

2071 2781 2229 2834 super
2257 2766 2449 2835 ipsum,
2478 2767 2736 2836 inquit",
2768 2768 3001 2839 Spiritus
3036 2770 3156 2825 Dei.
3185 2770 3440 2828 Christus
3467 2789 3598 2829 vero
3630 2792 3645 2826 :

2073 2855 2303 2924 Spiritus
2337 2857 2552 2911 Domini
2583 2874 2737 2928 super
2759 2876 2861 2926 me,
2882 2870 3096 2931 propter
3121 2862 3261 2933 quod
3290 2865 3442 2918 unxit
3471 2867 3645 2929 me";

2072 2957 2125 3001 et
2164 2966 2177 3002 :
2218 2947 2403 3002 Iesum
2433 2966 2465 3003 α
2501 2950 2808 3014 Nazaretlt,
2854 2970 3005 3024 quem
3038 2956 3194 3008 unxit
3244 2955 3385 3010 Deus
3438 2955 3645 3027 Spiritu

2072 3049 2257 3095 sancto
2276 3040 2439 3096 “.Vel
2466 3058 2480 3093 :
2515 3041 2771 3097 Dominus
2799 3046 2944 3099 misit
2972 3062 3075 3111 me,
3107 3056 3157 3101 et
3185 3046 3419 3116 Spiritus
3447 3048 3562 3117 ejus
3581 3049 3645 3100 ¹⁶.

2073 3131 2185 3186 Nec
2234 3134 2470 3188 obscura
2506 3136 2925 3205 seraphinorum
2965 3137 3317 3197 clamantium
3354 3154 3460 3194 vox
3507 3150 3587 3195 est
3631 3155 3644 3190 :

2073 3220 2322 3287 Sanctus,
2353 3234 2592 3283 sanctus.
2620 3236 2837 3281 sanctus
2867 3227 3126 3284 Dominus
3154 3229 3392 3284 Sabaoth
3411 3231 3474 3283 ¹⁷.
3499 3229 3648 3284 Prae-

2076 3323 2224 3369 terea
2263 3331 2387 3370 cum
2432 3317 2564 3371 illud
2600 3318 2825 3374 audiet:
2864 3319 3065 3375 Dextra
3094 3322 3191 3376 Dei
3234 3323 3504 3377 exaltatus
3538 3340 3556 3377 :
3596 3332 3647 3377 et

2070 3410 2473 3475 promissionem
2526 3409 2759 3478 Spiritus
2815 3400 3076 3480 accipiens
3133 3429 3166 3466 a
3222 3410 3386 3468 Patre
3403 3416 3464 3467 “'.
3501 3413 3642 3468 Vel:

2075 3498 2394 3569 Exspectare
2430 3502 2828 3568 promissionem
2856 3502 3038 3557 Patris
3057 3543 3072 3568 ,
3117 3520 3275 3573 quam
3320 3506 3548 3559 audistis
3572 3506 3646 3566 ¹⁹;

2073 3592 2157 3645 vel
2190 3592 2651 3660 quemadmodum
2700 3591 2930 3663 Spiritus
2985 3594 3139 3648 illum
3173 3596 3230 3650 in
3266 3596 3529 3650 desertum
3556 3612 3650 3650 ex-

2071 3683 2204 3751 pulit
2223 3683 2302 3749 ’°;
2335 3685 2417 3738 vel
2450 3684 2596 3751 quod
2622 3685 2763 3740 idem
2800 3686 2876 3739 ait
2904 3704 2917 3740 :
2948 3684 3130 3741 Nolite
3160 3688 3394 3758 cogitare
3415 3687 3541 3757 quid
3566 3688 3649 3743 lo-

2072 3776 2330 3846 quamini,
2365 3778 2615 3845 quoniam
2645 3776 2882 3848 Spiritus
2913 3779 3148 3848 loquitur
3174 3781 3228 3834 in
3255 3781 3497 3849 vobis“;
3531 3782 3650 3836 sive

2074 3870 2203 3924 illud
2239 3888 2252 3923 :
2287 3868 2348 3924 Si
2385 3879 2562 3923 autem
2612 3872 2667 3923 in
2699 3869 2905 3939 Spiritu
2947 3871 3046 3925 Dei
3088 3873 3245 3941 ejicio
3273 3874 3538 3926 da’monia
3557 3874 3644 3935 ”;

2072 3962 2156 4016 vel
2190 3979 2203 4014 :
2241 3960 2347 4027 Qui
2396 3972 2572 4014 autem
2626 3961 3058 4030 blaspltemaverit
3111 3965 3165 4017 in
3223 3962 3481 4031 Spiritum
3522 3980 3648 4016 san-

2072 4066 2235 4119 ctum,
2268 4070 2372 4107 non
2401 4054 2692 4107 remittetur
2721 4054 2770 4108 ei
2791 4055 2857 4119 ³³,
2891 4063 3034 4122 etc.;
3073 4056 3157 4109 vel
3187 4070 3199 4104 :
3233 4053 3415 4117 Pater,
3446 4054 3500 4107 in
3535 4070 3648 4106 ma—

2073 4162 2170 4198 nus
2219 4155 2340 4199 tuas
2389 4143 2694 4199 commendo
2734 4146 2979 4214 spiritum
3026 4161 3199 4199 meum
3220 4145 3295 4211 ἰς
3336 4145 3461 4199 vel:
3503 4142 3648 4198 Puer

2072 4237 2372 4301 crescebat,
2419 4246 2470 4291 et
2497 4236 2941 4291 corroborabatur
2984 4236 3193 4307 Spiritu
3216 4237 3284 4291 ".
3342 4235 3501 4291 Iesus
3528 4253 3648 4291 uero

2073 4330 2299 4399 repletus
2360 4328 2567 4399 Spiritu
2615 4339 2799 4384 sancto
2838 4346 3075 4384 reversus
3113 4338 3190 4383 est
3240 4346 3274 4382 a
3317 4328 3557 4382 Iordane
3578 4329 3644 4382 ".

396 4422 781 4492 ὑπέστρεψεν
807 4419 928 4474 άπὸ
952 4419 1059 4473 τοῦ
1090 4417 1397 4487 Ἰορδάνου
1422 4434 1436 4447 υ
1467 4418 1502 4487 ἡ
1522 4434 1538 4449 ο
1571 4416 1970 4484 ’Υπέστρεψεν

2076 4423 2245 4478 Sive:
2276 4420 2529 4476 Reversus
2575 4431 2655 4475 est
2698 4420 2857 4477 Iesus
2889 4424 3082 4476 virtute
3125 4419 3359 4491 Spiritus
3374 4422 3454 4485 ’7;
3507 4421 3590 4476 vel
3629 4439 3643 4475 :

411 4516 643 4585 Ἰησοῦς
694 4514 770 4584 τῇ
824 4512 1073 4583 δυνάμει
1119 4512 1227 4566 τοῦ
1266 4511 1634 4579 Πνεύματοςο
1668 4510 1737 4580 ἥδ
1778 4511 1849 4565 Τὸ
1881 4526 1974 4579 γε-

397 4605 766 4677 γεννημένον
825 4604 894 4659 ἐκ
943 4604 1049 4658 τοῦ
1093 4603 1435 4670 Πνεύματος
1489 4599 1727 4670 πνεῦμά
1769 4600 1971 4653 ἐστιν’·

395 4701 580 4770 ὅμοιον
627 4698 706 4770 τῷ
753 4698 926 4750 εἰπεῖν
945 4715 958 4728 υ
992 4699 1054 4748 "0
1084 4696 1332 4765 γέγονεν
1393 4694 1464 4748 ἐν
1506 4692 1667 4759 αὐτῷ
1704 4693 1821 4761 ζωὴ
1861 4688 1973 4761 ἦν’

398 4789 433 4859 ἡ
456 4807 470 4818 ·
512 4786 685 4858 Κάγὼ
733 4784 1136 4855 παρακαλέσω
1186 4784 1294 4839 τὸν
1341 4784 1592 4853 Πατέρα,
1642 4783 1741 4837 καὶ
1782 4782 1976 4837 ἄλλον

400 4879 792 4949 Παράκλητον
817 4878 995 4933 δώσει
1017 4877 1179 4947 ὑμῖν,
1195 4877 1262 4931 τὸ
1282 4877 1524 4946 Πνεῦμα
1541 4875 1652 4945 τῆς
1661 4876 1970 4943 ἀληθείαςθ

2069 4514 2224 4582 Quod
2255 4525 2438 4568 natum
2459 4522 2586 4568 este
2611 4513 2835 4583 Spiritu,
2864 4513 3097 4583 Spiritus
3119 4521 3197 4567 est
3213 4512 3280 4567 "'.
3304 4511 3430 4566 Hac
3461 4512 3645 4566 omnia

2067 4605 2260 4660 eodem
2294 4619 2420 4659 cum
2463 4604 2598 4659 iisce
2653 4603 2950 4659 recidunt:
2985 4602 3140 4670 Quod
3185 4604 3387 4673 [aetum
3433 4613 3553 4667 est,
3593 4604 3649 4655 in

2068 4696 2181 4769 ipso
2209 4697 2317 4751 vita
2344 4697 2552 4762 erat";
2589 4696 2674 4751 vel
2711 4710 2836 4750 cum
2867 4711 2933 4750 eo
2965 4715 2979 4752 :
3015 4694 3129 4766 Ego
3159 4695 3358 4766 rogabo
3402 4695 3646 4757 Patrem,

2067 4798 2118 4844 et
2166 4789 2333 4843 alium
2364 4787 2707 4842 Paracletum
2755 4786 2904 4841 dabit
2933 4787 3110 4851 vobis,
3151 4784 3409 4857 Spiritum
3455 4788 3651 4840 uerita-

2069 4882 2138 4934 tis
2159 4880 2204 4912 ³⁰
2230 4898 2244 4943 ;
2275 4881 2359 4935 vel
2383 4894 2507 4933 cum
2533 4880 2640 4935 isto
2670 4897 2686 4933 :
2724 4877 2835 4934 Cur
2857 4879 3093 4945 impleuit
3116 4894 3208 4932 eor
3233 4887 3379 4931 tuum
3417 4876 3649 4932 Satanas

314 5009 320 5014 .
396 4972 430 5040 ἡ
456 4989 469 5001 ·
496 4971 599 5025 Διὰ
618 4972 676 5025 τί
705 4972 1021 5038 ἐπλήρωσε
1042 4970 1157 5038 τὴν
1187 4969 1439 5038 καρδίαν
1465 4986 1581 5024 σου
1612 4974 1644 5025 ὀ
1676 4970 1970 5037 Σατανᾶς,

2072 4972 2166 5040 [ait
2186 4973 2384 5026 Petrus
2402 4972 2649 5040 Ananiae)
2664 4971 2923 5039 fraudare
2946 4982 2995 5025 te
3013 4968 3272 5038 Spiritum
3295 4981 3541 5024 sanctum
3568 4969 3652 5023 “?

370 5060 474 5131 ﬁt}:
519 5063 736 5133 ’Δνανίᾳ
780 5062 981 5131 λέγων,
1030 5062 1380 5130 ψεύσασθαί
1430 5078 1504 5116 σε
1544 5062 1609 5114 τὸ
1634 5063 1878 5131 Πνεῦμα
1906 5064 1972 5116 τὸ

396 5152 601 5222 liquor;
639 5154 732 5208 καὶ
781 5155 919 5224 μετά
952 5152 1144 5217 ταῦτα,
1185 5155 1306 5207 Οὐκ
1342 5153 1676 5221 ἀνθρώποις
1704 5154 1971 5222 ἐψεύσω,

396 5246 557 5298 ἀλλὰ
596 5245 738 5311 Θεῷ.
768 5247 910 5317 Ἆρα
943 5245 1074 5311 Θεὸς
1095 5248 1159 5300 ἐκ
1179 5246 1337 5311 Θεοῦ,
1372 5247 1466 5300 καὶ
1487 5246 1620 5310 Θεὸς
1651 5247 1706 5303 cli
1751 5248 1973 5317 Πνεῦμα

395 5338 456 5391 τὸ
475 5337 629 5407 ἅγιον
648 5377 663 5402 ,
686 5332 732 5407 ᾧ
768 5339 1065 5410 ἐψεύσαντο
1099 5339 1149 5392 οἱ
1180 5339 1275 5393 τοῦ
1314 5341 1622 5412 τιμήματος
1643 5341 1739 5393 τοῦ
1768 5339 1972 5412 χωρίου

2070 5062 2276 5118 Deinde
2323 5063 2550 5133 subjieit
2580 5079 2594 5115 :
2630 5061 2754 5116 Non
2789 5061 3093 5117 hominibus
3127 5062 3379 5116 mentitus
3418 5077 3509 5121 es,
3559 5060 3650 5113 sed

2070 5155 2199 5210 Deo.
2240 5155 2410 5225 Igitur
2441 5154 2584 5210 Deus
2616 5172 2683 5211 ex
2714 5155 2845 5219 Deo,
2879 5152 3024 5210 Deus
3052 5161 3161 5218 est,
3197 5154 3444 5222 inquam,
3479 5150 3651 5221 Spiri-

2070 5255 2159 5302 tus
2187 5256 2448 5315 sanctus,
2480 5249 2570 5303 cui
2601 5248 2813 5304 mentiti
2865 5256 3028 5314 sunt,
3055 5246 3149 5317 qui
3198 5261 3266 5302 ex
3313 5246 3430 5316 agri
3478 5245 3650 5316 pretio

2068 5342 2321 5396 nonnihil
2350 5345 2794 5397 interverterant.
2825 5340 3111 5411 Ejusmodi
3136 5346 3222 5395 est
3244 5347 3299 5394 et
3331 5336 3480 5394 istud
3506 5352 3520 5389 :
3547 5338 3652 5402 Qui

470 5514 713 5587 ‘_llCor.
755 5514 947 5587 v1.16.
990 5514 1350 5587 A'JCttl'svil.
1380 5515 1529 5587 H._
1566 5516 1585 5546 ³
1627 5516 1788 5587 Rom.
1830 5533 1884 5581 v,
1922 5517 1969 5570 Ι.

2072 5519 2086 5548 ⁸
2125 5516 2142 5569 Ι
2174 5517 2303 5571 Cor.
2338 5534 2437 5579 xu,
2479 5520 2531 5571 5.
2620 5517 2846 5572 'ihidJ
2884 5533 3037 5587 seqq.
3142 5518 3165 5548 ⁸
3202 5515 3241 5570 ll
3275 5516 3402 5569 Cor.
3445 5530 3526 5587 ιιι.
3550 5514 3629 5587 -18

395 5584 417 5616 '
458 5583 762 5657 Ephesum
793 5586 880 5639 50.
922 5584 944 5616 ⁸
986 5585 1000 5637 Ι
1033 5584 1226 5641 Cons.
1254 5585 1341 5640 22.
1384 5588 1404 5619 ⁹
1441 5588 1456 5638 l
1488 5584 1721 5657 Tim.lv.
1752 5586 1803 5657 1.
1884 5588 1925 5616 ¹⁰
1964 5628 1970 5639 .

2072 5605 2093 5640 ’.
2126 5603 2185 5657 ιι.
2211 5591 2262 5643 6.
2333 5589 2375 5619 ⁸¹
2419 5591 2583 5657 Apoc.
2603 5604 2683 5651 ιιι,
2715 5587 2806 5642 ‘20.
2886 5589 2928 5618 ¹¹
2965 5583 3120 5643 Ioan.
3156 5605 3265 5649 xw,
3297 5587 3386 5641 25.

1185 5658 1228 5688 ⁸⁸
1267 5657 1387 5711 Act.
1432 5673 1484 5717 χ,
1512 5656 1599 5710 38.
1681 5658 1723 5688 ¹⁶
1766 5656 1866 5711 lsa.
1900 5673 1967 5709 χι,

2075 5699 2089 5722 ,
2124 5656 2205 5710 16.
2284 5660 2325 5690 ¹¹²
2369 5656 2477 5713 Ιεειξ
2524 5675 2600 5717 γι.
2643 5659 2731 5711 5.·
2776 5658 2817 5688 ¹⁸
2857 5657 2977 5713 Art.
3029 5674 3086 5722 ιι,
3112 5657 3200 5711 55.
3282 5657 3323 5687 ¹⁹
3363 5657 3482 5711 Act.
3522 5670 3560 5715 ι,
3597 5657 3650 5707 4.

399 5670 476 5716 ιιι,
501 5656 555 5707 ‘2.
648 5655 692 5687 “
733 5656 863 5708 an.
890 5671 962 5716 ιν,
997 5656 1081 5709 18.

3467 5585 3508 5616 ¹³
3547 5585 3648 5638 lsa.

397 5727 442 5796 so
485 5724 648 5796 ἔειπε,
700 5741 738 5785 ι,
780 5726 867 5781 12,
924 5726 1180 5780 “Matth.
1230 5743 1281 5791 χ,
1334 5728 1419 5781 19.
1496 5729 1540 5757 ²¹
1566 5725 1762 5780 Matth.
1809 5744 1903 5782 xu.
1950 5729 1970 5780 Ε

2117 5729 2162 5759 ’³
2202 5727 2366 5783 Marc.
2401 5746 2481 5786 ιιι.
2512 5729 2601 5783 29.
2679 5728 2724 5759 ’⁵
2764 5728 2893 5781 Lur.
2929 5744 3088 5791 tum,
3114 5729 3198 5781 46.
3246 5728 3293 5758 ’⁸
3333 5726 3462 5780 Luc.
3500 5741 3537 5787 ι,
3563 5726 3650 5781 30.

399 5795 445 5826 ’ί
484 5791 614 5849 Luc.
655 5812 727 5865 tv,
758 5796 806 5851 1.
885 5797 927 5829 ’⁷
970 5797 1101 5852 ibid.
1138 5798 1223 5852 M.
1300 5798 1344 5829 “
1382 5796 1538 5853 Joan.
1572 5803 1658 5864 ιιι,
1688 5800 1747 5853 6.
1825 5800 1869 5830 ²⁹
1907 5795 1970 5852 Ju

2104 5815 2141 5866 ι,
2171 5800 2224 5869 5,
2252 5798 2303 5852 4.
2383 5802 2426 5832 ³ο
2465 5797 2622 5854 Joan.
2660 5816 2772 5865 xw,
2812 5799 2897 5854 16.
2978 5800 3016 5831 ³³
3044 5802 3163 5853 Act.
3203 5813 3253 5863 ν,
3295 5798 3329 5852 5
3360 5815 3479 5869 sqq.
