  <div class='ocr_page' id='page_1' title='image "/cluster/home/n/w/nwhite01/storage/ocr_20150623/42/nnc1.0046978682/271.png"; bbox 0 0 4134 6386; ppageno 0'>
   <div class='ocr_carea' id='block_1_1' title="bbox 485 319 592 380">
    <p class='ocr_par' dir='ltr' id='par_1_1' title="bbox 485 319 592 380">
     <span class='ocr_line' id='line_1_1' title="bbox 485 319 592 380; baseline 0.019 -2"><span class='ocrx_word' id='word_1_1' title='bbox 485 319 592 380; x_wconf 63' lang='grc' dir='ltr'><strong><em>ι’ΞῚ</em></strong></span> 
     </span>
    </p>
   </div>
   <div class='ocr_carea' id='block_1_2' title="bbox 1918 309 2362 368">
    <p class='ocr_par' dir='ltr' id='par_1_2' title="bbox 1918 309 2362 368">
     <span class='ocr_line' id='line_1_2' title="bbox 1918 309 2362 368; baseline -0.011 0"><span class='ocrx_word' id='word_1_2' title='bbox 1918 315 1976 368; x_wconf 89' lang='lat' dir='ltr'><strong><em>S.</em></strong></span> <span class='ocrx_word' id='word_1_3' title='bbox 2022 309 2362 368; x_wconf 64' lang='lat' dir='ltr'><strong><em>liPlPllANll</em></strong></span> 
     </span>
    </p>
   </div>
   <div class='ocr_carea' id='block_1_3' title="bbox 3669 307 3776 364">
    <p class='ocr_par' dir='ltr' id='par_1_3' title="bbox 3669 307 3776 364">
     <span class='ocr_line' id='line_1_3' title="bbox 3669 307 3776 364; baseline -0.019 0"><span class='ocrx_word' id='word_1_4' title='bbox 3669 307 3776 364; x_wconf 76' lang='grc'><strong><em>-188</em></strong></span> 
     </span>
    </p>
   </div>
   <div class='ocr_carea' id='block_1_4' title="bbox 483 426 2080 508">
    <p class='ocr_par' dir='ltr' id='par_1_4' title="bbox 483 435 2080 508">
     <span class='ocr_line' id='line_1_4' title="bbox 483 435 2080 508; baseline -0.003 -16"><span class='ocrx_word' id='word_1_5' title='bbox 483 437 860 508; x_wconf 76' lang='lat' dir='ltr'><strong><em>snanifestatus</em></strong></span> <span class='ocrx_word' id='word_1_6' title='bbox 905 445 982 492; x_wconf 87' lang='lat' dir='ltr'><strong><em>est</em></strong></span> <span class='ocrx_word' id='word_1_7' title='bbox 1019 437 1072 490; x_wconf 84' lang='lat' dir='ltr'><strong><em>in</em></strong></span> <span class='ocrx_word' id='word_1_8' title='bbox 1121 452 1312 500; x_wconf 88' lang='lat' dir='ltr'><strong><em>carne,</em></strong></span> <span class='ocrx_word' id='word_1_9' title='bbox 1357 437 1702 506; x_wconf 77' lang='lat' dir='ltr'><strong><em>justi/iratus</em></strong></span> <span class='ocrx_word' id='word_1_10' title='bbox 1749 444 1828 489; x_wconf 89' lang='lat' dir='ltr'><strong><em>est</em></strong></span> <span class='ocrx_word' id='word_1_11' title='bbox 1873 437 1929 487; x_wconf 87' lang='lat' dir='ltr'><strong><em>in</em></strong></span> <span class='ocrx_word' id='word_1_12' title='bbox 1971 435 2080 502; x_wconf 87' lang='lat' dir='ltr'><strong><em>spi-</em></strong></span> 
     </span>
    </p>
   </div>
   <div class='ocr_carea' id='block_1_5' title="bbox 2182 426 3778 508">
    <p class='ocr_par' dir='ltr' id='par_1_5' title="bbox 2187 426 3778 501">
     <span class='ocr_line' id='line_1_5' title="bbox 2187 426 3778 501; baseline -0.001 -17"><span class='ocrx_word' id='word_1_13' title='bbox 2187 429 2598 501; x_wconf 81' lang='grc' dir='ltr'><em>νοσφισάμενοι.</em></span> <span class='ocrx_word' id='word_1_14' title='bbox 2639 429 2747 483; x_wconf 77' lang='grc' dir='ltr'><strong><em>’Ήο</em></strong></span> <span class='ocrx_word' id='word_1_15' title='bbox 2789 429 2885 494; x_wconf 87' lang='grc' dir='ltr'><strong><em>Ὃς</em></strong></span> <span class='ocrx_word' id='word_1_16' title='bbox 2919 426 3263 497; x_wconf 62' lang='grc' dir='ltr'><em>ἐφανερώθη</em></span> <span class='ocrx_word' id='word_1_17' title='bbox 3314 426 3385 480; x_wconf 83' lang='grc' dir='ltr'><em>ἐν</em></span> <span class='ocrx_word' id='word_1_18' title='bbox 3419 426 3623 495; x_wconf 78' lang='grc' dir='ltr'><em>σαρκὶ,</em></span> <span class='ocrx_word' id='word_1_19' title='bbox 3658 427 3778 482; x_wconf 82' lang='grc' dir='ltr'><em>ἐδι-</em></span> 
     </span>
    </p>
   </div>
   <div class='ocr_carea' id='block_1_6' title="bbox 485 525 2070 598">
    <p class='ocr_par' dir='ltr' id='par_1_6' title="bbox 485 525 2070 598">
     <span class='ocr_line' id='line_1_6' title="bbox 485 525 2070 598; baseline -0.003 -17"><span class='ocrx_word' id='word_1_20' title='bbox 485 529 653 582; x_wconf 72' lang='lat' dir='ltr'><strong><em>ritu‘.</em></strong></span> <span class='ocrx_word' id='word_1_21' title='bbox 713 527 827 584; x_wconf 81' lang='lat' dir='ltr'><strong><em>[loc</em></strong></span> <span class='ocrx_word' id='word_1_22' title='bbox 873 543 972 598; x_wconf 85' lang='lat' dir='ltr'><strong><em>ego</em></strong></span> <span class='ocrx_word' id='word_1_23' title='bbox 1021 529 1197 598; x_wconf 85' lang='lat' dir='ltr'><strong><em>majus</em></strong></span> <span class='ocrx_word' id='word_1_24' title='bbox 1245 529 1382 582; x_wconf 83' lang='lat' dir='ltr'><strong><em>nihil</em></strong></span> <span class='ocrx_word' id='word_1_25' title='bbox 1415 529 1629 592; x_wconf 86' lang='lat' dir='ltr'><strong><em>habeo,</em></strong></span> <span class='ocrx_word' id='word_1_26' title='bbox 1683 527 1830 597; x_wconf 86' lang='lat' dir='ltr'><strong><em>quod</em></strong></span> <span class='ocrx_word' id='word_1_27' title='bbox 1867 525 2070 580; x_wconf 82' lang='lat' dir='ltr'><strong><em>dicam.</em></strong></span> 
     </span>
    </p>
   </div>
   <div class='ocr_carea' id='block_1_7' title="bbox 483 619 2072 692">
    <p class='ocr_par' dir='ltr' id='par_1_7' title="bbox 483 619 2072 692">
     <span class='ocr_line' id='line_1_7' title="bbox 483 619 2072 692; baseline -0.001 -18"><span class='ocrx_word' id='word_1_28' title='bbox 483 620 657 678; x_wconf 82' lang='lat' dir='ltr'><strong><em>Porro</em></strong></span> <span class='ocrx_word' id='word_1_29' title='bbox 687 620 830 676; x_wconf 83' lang='lat' dir='ltr'><strong><em>Deus</em></strong></span> <span class='ocrx_word' id='word_1_30' title='bbox 864 629 948 676; x_wconf 90' lang='lat' dir='ltr'><strong><em>est</em></strong></span> <span class='ocrx_word' id='word_1_31' title='bbox 973 619 1166 678; x_wconf 86' lang='lat' dir='ltr'><strong><em>Filius.</em></strong></span> <span class='ocrx_word' id='word_1_32' title='bbox 1197 619 1331 674; x_wconf 88' lang='lat' dir='ltr'><strong><em>Nam</em></strong></span> <span class='ocrx_word' id='word_1_33' title='bbox 1367 622 1668 692; x_wconf 77' lang='lat' dir='ltr'><strong><em>Apostolus</em></strong></span> <span class='ocrx_word' id='word_1_34' title='bbox 1698 637 1709 672; x_wconf 93' lang='lat'><strong>:</strong></span> <span class='ocrx_word' id='word_1_35' title='bbox 1745 619 1829 674; x_wconf 76' lang='lat' dir='ltr'><strong><em>Ea:</em></strong></span> <span class='ocrx_word' id='word_1_36' title='bbox 1861 619 2072 690; x_wconf 83' lang='lat' dir='ltr'><strong><em>quibus,</em></strong></span> 
     </span>
    </p>
   </div>
   <div class='ocr_carea' id='block_1_8' title="bbox 482 709 2077 784">
    <p class='ocr_par' dir='ltr' id='par_1_8' title="bbox 482 709 2077 784">
     <span class='ocr_line' id='line_1_8' title="bbox 482 709 2077 784; baseline -0.003 -17"><span class='ocrx_word' id='word_1_37' title='bbox 482 712 697 784; x_wconf 82' lang='lat' dir='ltr'><strong><em>inquit,</em></strong></span> <span class='ocrx_word' id='word_1_38' title='bbox 727 711 972 782; x_wconf 78' lang='lat' dir='ltr'><strong><em>Christus</em></strong></span> <span class='ocrx_word' id='word_1_39' title='bbox 1003 709 1294 765; x_wconf 84' lang='lat' dir='ltr'><strong><em>secundum</em></strong></span> <span class='ocrx_word' id='word_1_40' title='bbox 1331 728 1584 772; x_wconf 87' lang='lat' dir='ltr'><strong><em>carnem,</em></strong></span> <span class='ocrx_word' id='word_1_41' title='bbox 1633 712 1725 781; x_wconf 85' lang='lat' dir='ltr'><strong><em>qui</em></strong></span> <span class='ocrx_word' id='word_1_42' title='bbox 1773 711 1874 764; x_wconf 85' lang='lat' dir='ltr'><strong><em>etsi</em></strong></span> <span class='ocrx_word' id='word_1_43' title='bbox 1913 726 2077 778; x_wconf 81' lang='lat' dir='ltr'><strong><em>supra</em></strong></span> 
     </span>
    </p>
   </div>
   <div class='ocr_carea' id='block_1_9' title="bbox 481 801 2073 872">
    <p class='ocr_par' dir='ltr' id='par_1_9' title="bbox 481 801 2073 872">
     <span class='ocr_line' id='line_1_9' title="bbox 481 801 2073 872; baseline -0.002 -14"><span class='ocrx_word' id='word_1_44' title='bbox 481 804 662 858; x_wconf 88' lang='lat' dir='ltr'><strong><em>omnia</em></strong></span> <span class='ocrx_word' id='word_1_45' title='bbox 696 803 838 857; x_wconf 80' lang='lat' dir='ltr'><strong><em>Deus</em></strong></span> <span class='ocrx_word' id='word_1_46' title='bbox 863 805 904 856; x_wconf 85' lang='grc'><em>¹.</em></span> <span class='ocrx_word' id='word_1_47' title='bbox 944 802 1132 867; x_wconf 88' lang='lat' dir='ltr'><strong><em>Crede,</em></strong></span> <span class='ocrx_word' id='word_1_48' title='bbox 1171 803 1389 872; x_wconf 86' lang='lat' dir='ltr'><strong><em>inquit,</em></strong></span> <span class='ocrx_word' id='word_1_49' title='bbox 1422 805 1476 857; x_wconf 90' lang='lat' dir='ltr'><strong><em>in</em></strong></span> <span class='ocrx_word' id='word_1_50' title='bbox 1522 803 1812 856; x_wconf 86' lang='lat' dir='ltr'><strong><em>Dominum</em></strong></span> <span class='ocrx_word' id='word_1_51' title='bbox 1865 801 2073 867; x_wconf 69' lang='lat' dir='ltr'><strong><em>Iesum,</em></strong></span> 
     </span>
    </p>
   </div>
   <div class='ocr_carea' id='block_1_10' title="bbox 482 895 2076 966">
    <p class='ocr_par' dir='ltr' id='par_1_10' title="bbox 482 895 2076 966">
     <span class='ocr_line' id='line_1_10' title="bbox 482 895 2076 966; baseline -0.001 -16"><span class='ocrx_word' id='word_1_52' title='bbox 482 907 531 950; x_wconf 92' lang='lat' dir='ltr'><strong><em>et</em></strong></span> <span class='ocrx_word' id='word_1_53' title='bbox 561 895 920 962; x_wconf 74' lang='lat' dir='ltr'><strong><em>salvaberis&#39;;</em></strong></span> <span class='ocrx_word' id='word_1_54' title='bbox 959 896 1090 952; x_wconf 88' lang='lat' dir='ltr'><strong><em>item</em></strong></span> <span class='ocrx_word' id='word_1_55' title='bbox 1121 913 1134 948; x_wconf 92' lang='lat'><strong>:</strong></span> <span class='ocrx_word' id='word_1_56' title='bbox 1169 895 1408 950; x_wconf 85' lang='lat' dir='ltr'><strong><em>Locutus</em></strong></span> <span class='ocrx_word' id='word_1_57' title='bbox 1451 907 1552 962; x_wconf 91' lang='lat' dir='ltr'><strong><em>est,</em></strong></span> <span class='ocrx_word' id='word_1_58' title='bbox 1585 897 1783 966; x_wconf 84' lang='lat' dir='ltr'><strong><em>inquit,</em></strong></span> <span class='ocrx_word' id='word_1_59' title='bbox 1813 895 1922 950; x_wconf 83' lang='lat' dir='ltr'><strong><em>illis</em></strong></span> <span class='ocrx_word' id='word_1_60' title='bbox 1962 913 2076 950; x_wconf 89' lang='lat' dir='ltr'><strong><em>ser-</em></strong></span> 
     </span>
    </p>
   </div>
   <div class='ocr_carea' id='block_1_11' title="bbox 483 987 2079 1058">
    <p class='ocr_par' dir='ltr' id='par_1_11' title="bbox 483 987 2079 1058">
     <span class='ocr_line' id='line_1_11' title="bbox 483 987 2079 1058; baseline 0 -16"><span class='ocrx_word' id='word_1_61' title='bbox 483 1003 686 1044; x_wconf 84' lang='lat' dir='ltr'><strong><em>monem</em></strong></span> <span class='ocrx_word' id='word_1_62' title='bbox 719 987 958 1042; x_wconf 87' lang='lat' dir='ltr'><strong><em>Domini.</em></strong></span> <span class='ocrx_word' id='word_1_63' title='bbox 997 987 1067 1041; x_wconf 86' lang='lat' dir='ltr'><strong><em>Et</em></strong></span> <span class='ocrx_word' id='word_1_64' title='bbox 1111 989 1376 1044; x_wconf 75' lang='lat' dir='ltr'><strong><em>deducens</em></strong></span> <span class='ocrx_word' id='word_1_65' title='bbox 1405 1007 1493 1043; x_wconf 88' lang='lat' dir='ltr'><strong><em>eos</em></strong></span> <span class='ocrx_word' id='word_1_66' title='bbox 1534 991 1587 1044; x_wconf 87' lang='lat' dir='ltr'><strong><em>in</em></strong></span> <span class='ocrx_word' id='word_1_67' title='bbox 1631 991 1882 1050; x_wconf 89' lang='lat' dir='ltr'><strong><em>domum,</em></strong></span> <span class='ocrx_word' id='word_1_68' title='bbox 1917 1005 2079 1058; x_wconf 88' lang='lat' dir='ltr'><strong><em>appo-</em></strong></span> 
     </span>
    </p>
   </div>
   <div class='ocr_carea' id='block_1_12' title="bbox 483 1083 2079 1152">
    <p class='ocr_par' dir='ltr' id='par_1_12' title="bbox 483 1083 2079 1152">
     <span class='ocr_line' id='line_1_12' title="bbox 483 1083 2079 1152; baseline -0.001 -14"><span class='ocrx_word' id='word_1_69' title='bbox 483 1084 590 1138; x_wconf 86' lang='lat' dir='ltr'><strong><em>suit</em></strong></span> <span class='ocrx_word' id='word_1_70' title='bbox 635 1083 744 1136; x_wconf 80' lang='lat' dir='ltr'><strong>illis</strong></span> <span class='ocrx_word' id='word_1_71' title='bbox 777 1100 1044 1146; x_wconf 87' lang='lat' dir='ltr'><strong><em>mensam,</em></strong></span> <span class='ocrx_word' id='word_1_72' title='bbox 1075 1093 1124 1138; x_wconf 89' lang='lat' dir='ltr'><strong><em>et</em></strong></span> <span class='ocrx_word' id='word_1_73' title='bbox 1177 1084 1394 1138; x_wconf 74' lang='lat' dir='ltr'><strong><em>lietatus</em></strong></span> <span class='ocrx_word' id='word_1_74' title='bbox 1430 1093 1510 1138; x_wconf 89' lang='lat' dir='ltr'><strong><em>est</em></strong></span> <span class='ocrx_word' id='word_1_75' title='bbox 1556 1100 1676 1136; x_wconf 89' lang='lat' dir='ltr'><strong><em>cum</em></strong></span> <span class='ocrx_word' id='word_1_76' title='bbox 1706 1084 1960 1138; x_wconf 86' lang='lat' dir='ltr'><strong><em>uniuersa</em></strong></span> <span class='ocrx_word' id='word_1_77' title='bbox 1992 1083 2079 1152; x_wconf 81' lang='lat' dir='ltr'><strong><em>fa-</em></strong></span> 
     </span>
    </p>
   </div>
   <div class='ocr_carea' id='block_1_13' title="bbox 481 1174 2079 1244">
    <p class='ocr_par' dir='ltr' id='par_1_13' title="bbox 481 1174 2079 1244">
     <span class='ocr_line' id='line_1_13' title="bbox 481 1174 2079 1244; baseline -0.003 -14"><span class='ocrx_word' id='word_1_78' title='bbox 481 1174 634 1230; x_wconf 87' lang='lat' dir='ltr'><strong>milia</strong></span> <span class='ocrx_word' id='word_1_79' title='bbox 667 1185 944 1244; x_wconf 75' lang='lat' dir='ltr'><strong><em>postquam</em></strong></span> <span class='ocrx_word' id='word_1_80' title='bbox 991 1176 1217 1230; x_wconf 87' lang='lat' dir='ltr'><strong><em>credidit</em></strong></span> <span class='ocrx_word' id='word_1_81' title='bbox 1253 1176 1440 1242; x_wconf 73' lang='lat' dir='ltr'><strong><em>Deo&quot;;</em></strong></span> <span class='ocrx_word' id='word_1_82' title='bbox 1478 1177 1596 1230; x_wconf 87' lang='lat' dir='ltr'><strong>sive</strong></span> <span class='ocrx_word' id='word_1_83' title='bbox 1633 1174 1768 1230; x_wconf 88' lang='lat' dir='ltr'><strong><em>illud</em></strong></span> <span class='ocrx_word' id='word_1_84' title='bbox 1821 1174 2079 1228; x_wconf 82' lang='lat' dir='ltr'><strong><em>conside-</em></strong></span> 
     </span>
    </p>
   </div>
   <div class='ocr_carea' id='block_1_14' title="bbox 481 1265 2075 1338">
    <p class='ocr_par' dir='ltr' id='par_1_14' title="bbox 481 1265 2075 1338">
     <span class='ocr_line' id='line_1_14' title="bbox 481 1265 2075 1338; baseline -0.004 -13"><span class='ocrx_word' id='word_1_85' title='bbox 481 1285 606 1324; x_wconf 85' lang='lat' dir='ltr'><strong><em>res:</em></strong></span> <span class='ocrx_word' id='word_1_86' title='bbox 637 1268 702 1322; x_wconf 87' lang='lat' dir='ltr'><strong><em>In</em></strong></span> <span class='ocrx_word' id='word_1_87' title='bbox 735 1270 999 1338; x_wconf 85' lang='lat' dir='ltr'><strong><em>principio</em></strong></span> <span class='ocrx_word' id='word_1_88' title='bbox 1029 1281 1146 1322; x_wconf 87' lang='lat' dir='ltr'><strong><em>erat</em></strong></span> <span class='ocrx_word' id='word_1_89' title='bbox 1177 1268 1425 1330; x_wconf 81' lang='lat' dir='ltr'><strong><em>Verbum,</em></strong></span> <span class='ocrx_word' id='word_1_90' title='bbox 1453 1277 1504 1323; x_wconf 86' lang='lat' dir='ltr'><strong><em>et</em></strong></span> <span class='ocrx_word' id='word_1_91' title='bbox 1547 1268 1772 1322; x_wconf 78' lang='lat' dir='ltr'><strong><em>Verbum</em></strong></span> <span class='ocrx_word' id='word_1_92' title='bbox 1795 1277 1910 1320; x_wconf 89' lang='lat' dir='ltr'><strong><em>erat</em></strong></span> <span class='ocrx_word' id='word_1_93' title='bbox 1934 1265 2075 1336; x_wconf 87' lang='lat' dir='ltr'><strong><em>apud</em></strong></span> 
     </span>
    </p>
   </div>
   <div class='ocr_carea' id='block_1_15' title="bbox 481 1359 2079 1426">
    <p class='ocr_par' dir='ltr' id='par_1_15' title="bbox 481 1359 2079 1426">
     <span class='ocr_line' id='line_1_15' title="bbox 481 1359 2079 1426; baseline -0.002 -11"><span class='ocrx_word' id='word_1_94' title='bbox 481 1359 652 1415; x_wconf 88' lang='lat' dir='ltr'><strong><em>Deum</em></strong></span> <span class='ocrx_word' id='word_1_95' title='bbox 678 1402 692 1426; x_wconf 91' lang='lat'><strong><em>,</em></strong></span> <span class='ocrx_word' id='word_1_96' title='bbox 723 1371 772 1415; x_wconf 89' lang='lat' dir='ltr'><strong><em>et</em></strong></span> <span class='ocrx_word' id='word_1_97' title='bbox 811 1361 948 1416; x_wconf 84' lang='lat' dir='ltr'><strong><em>Deus</em></strong></span> <span class='ocrx_word' id='word_1_98' title='bbox 1009 1371 1124 1415; x_wconf 89' lang='lat' dir='ltr'><strong><em>erat</em></strong></span> <span class='ocrx_word' id='word_1_99' title='bbox 1165 1360 1468 1426; x_wconf 66' lang='lat' dir='ltr'><strong><em>Verbum“;</em></strong></span> <span class='ocrx_word' id='word_1_100' title='bbox 1505 1363 1588 1414; x_wconf 84' lang='lat' dir='ltr'><strong><em>vel</em></strong></span> <span class='ocrx_word' id='word_1_101' title='bbox 1624 1380 1636 1414; x_wconf 90' lang='lat'>:</span> <span class='ocrx_word' id='word_1_102' title='bbox 1675 1359 1743 1412; x_wconf 89' lang='lat' dir='ltr'><strong><em>Ut</em></strong></span> <span class='ocrx_word' id='word_1_103' title='bbox 1778 1359 2079 1412; x_wconf 76' lang='lat' dir='ltr'><strong><em>doctrinam</em></strong></span> 
     </span>
    </p>
   </div>
   <div class='ocr_carea' id='block_1_16' title="bbox 481 1451 2079 1518">
    <p class='ocr_par' dir='ltr' id='par_1_16' title="bbox 481 1451 2079 1518">
     <span class='ocr_line' id='line_1_16' title="bbox 481 1451 2079 1518; baseline -0.001 -12"><span class='ocrx_word' id='word_1_104' title='bbox 481 1453 651 1506; x_wconf 81' lang='lat' dir='ltr'><strong><em>nostri</em></strong></span> <span class='ocrx_word' id='word_1_105' title='bbox 699 1451 1001 1506; x_wconf 81' lang='lat' dir='ltr'><strong><em>Saluatoris</em></strong></span> <span class='ocrx_word' id='word_1_106' title='bbox 1077 1454 1344 1518; x_wconf 70' lang='lat' dir='ltr'><strong><em>ornent“;</em></strong></span> <span class='ocrx_word' id='word_1_107' title='bbox 1407 1453 1521 1506; x_wconf 89' lang='lat' dir='ltr'><strong><em>sive</em></strong></span> <span class='ocrx_word' id='word_1_108' title='bbox 1569 1471 1581 1504; x_wconf 89' lang='lat'><strong>:</strong></span> <span class='ocrx_word' id='word_1_109' title='bbox 1635 1452 1894 1518; x_wconf 80' lang='lat' dir='ltr'><strong><em>Apparuit</em></strong></span> <span class='ocrx_word' id='word_1_110' title='bbox 1945 1451 2079 1505; x_wconf 79' lang='lat' dir='ltr'><strong><em>enim</em></strong></span> 
     </span>
    </p>
   </div>
   <div class='ocr_carea' id='block_1_17' title="bbox 481 1540 2080 1614">
    <p class='ocr_par' dir='ltr' id='par_1_17' title="bbox 481 1540 2080 1614">
     <span class='ocr_line' id='line_1_17' title="bbox 481 1540 2080 1614; baseline -0.003 -18"><span class='ocrx_word' id='word_1_111' title='bbox 481 1545 658 1614; x_wconf 81' lang='lat' dir='ltr'><strong><em>gratia</em></strong></span> <span class='ocrx_word' id='word_1_112' title='bbox 695 1543 908 1596; x_wconf 84' lang='lat' dir='ltr'><strong><em>Domini</em></strong></span> <span class='ocrx_word' id='word_1_113' title='bbox 957 1553 1004 1596; x_wconf 90' lang='lat' dir='ltr'><strong><em>et</em></strong></span> <span class='ocrx_word' id='word_1_114' title='bbox 1041 1543 1338 1596; x_wconf 74' lang='lat' dir='ltr'><strong><em>Saluatoris</em></strong></span> <span class='ocrx_word' id='word_1_115' title='bbox 1373 1543 1544 1596; x_wconf 87' lang='lat' dir='ltr'><strong><em>nostri</em></strong></span> <span class='ocrx_word' id='word_1_116' title='bbox 1570 1541 1700 1595; x_wconf 85' lang='lat' dir='ltr'><strong><em>Jesu</em></strong></span> <span class='ocrx_word' id='word_1_117' title='bbox 1733 1540 1934 1596; x_wconf 80' lang='lat' dir='ltr'><strong><em>Christi</em></strong></span> <span class='ocrx_word' id='word_1_118' title='bbox 1961 1557 2080 1594; x_wconf 84' lang='lat' dir='ltr'><strong><em>om-</em></strong></span> 
     </span>
    </p>
   </div>
   <div class='ocr_carea' id='block_1_18' title="bbox 483 1633 2078 1702">
    <p class='ocr_par' dir='ltr' id='par_1_18' title="bbox 483 1633 2078 1702">
     <span class='ocr_line' id='line_1_18' title="bbox 483 1633 2078 1702; baseline -0.003 -12"><span class='ocrx_word' id='word_1_119' title='bbox 483 1635 636 1690; x_wconf 82' lang='lat' dir='ltr'><strong><em>nibus</em></strong></span> <span class='ocrx_word' id='word_1_120' title='bbox 667 1636 969 1690; x_wconf 89' lang='lat' dir='ltr'><strong><em>ltominibus</em></strong></span> <span class='ocrx_word' id='word_1_121' title='bbox 1003 1634 1252 1688; x_wconf 84' lang='lat' dir='ltr'><strong><em>erudiens</em></strong></span> <span class='ocrx_word' id='word_1_122' title='bbox 1297 1653 1390 1690; x_wconf 85' lang='lat' dir='ltr'><strong><em>nos</em></strong></span> <span class='ocrx_word' id='word_1_123' title='bbox 1414 1643 1470 1702; x_wconf 80' lang='lat'><strong><em>7;</em></strong></span> <span class='ocrx_word' id='word_1_124' title='bbox 1519 1635 1604 1688; x_wconf 84' lang='lat' dir='ltr'><strong><em>vel</em></strong></span> <span class='ocrx_word' id='word_1_125' title='bbox 1639 1650 1650 1685; x_wconf 93' lang='lat'>:</span> <span class='ocrx_word' id='word_1_126' title='bbox 1697 1633 2078 1702; x_wconf 75' lang='lat' dir='ltr'><strong><em>Exspectantes</em></strong></span> 
     </span>
    </p>
   </div>
   <div class='ocr_carea' id='block_1_19' title="bbox 483 1727 2080 1798">
    <p class='ocr_par' dir='ltr' id='par_1_19' title="bbox 483 1727 2080 1798">
     <span class='ocr_line' id='line_1_19' title="bbox 483 1727 2080 1798; baseline -0.002 -16"><span class='ocrx_word' id='word_1_127' title='bbox 483 1731 690 1784; x_wconf 82' lang='lat' dir='ltr'><strong><em>beatam</em></strong></span> <span class='ocrx_word' id='word_1_128' title='bbox 725 1746 868 1798; x_wconf 82' lang='lat' dir='ltr'><strong><em>spem</em></strong></span> <span class='ocrx_word' id='word_1_129' title='bbox 894 1773 905 1788; x_wconf 89' lang='lat'><em>.</em></span> <span class='ocrx_word' id='word_1_130' title='bbox 961 1739 1011 1784; x_wconf 87' lang='lat' dir='ltr'><strong><em>et</em></strong></span> <span class='ocrx_word' id='word_1_131' title='bbox 1059 1730 1340 1784; x_wconf 82' lang='lat' dir='ltr'><strong><em>adventum</em></strong></span> <span class='ocrx_word' id='word_1_132' title='bbox 1389 1729 1576 1796; x_wconf 72' lang='lat' dir='ltr'><strong><em>gloria:</em></strong></span> <span class='ocrx_word' id='word_1_133' title='bbox 1617 1729 1796 1798; x_wconf 84' lang='lat' dir='ltr'><strong><em>magni</em></strong></span> <span class='ocrx_word' id='word_1_134' title='bbox 1853 1727 1988 1791; x_wconf 85' lang='lat' dir='ltr'><strong><em>Dei,</em></strong></span> <span class='ocrx_word' id='word_1_135' title='bbox 2029 1735 2080 1780; x_wconf 89' lang='lat' dir='ltr'><strong><em>et</em></strong></span> 
     </span>
    </p>
   </div>
   <div class='ocr_carea' id='block_1_20' title="bbox 2179 515 3774 588">
    <p class='ocr_par' dir='ltr' id='par_1_20' title="bbox 2179 515 3774 588">
     <span class='ocr_line' id='line_1_20' title="bbox 2179 515 3774 588; baseline -0.001 -14"><span class='ocrx_word' id='word_1_136' title='bbox 2179 519 2398 586; x_wconf 79' lang='grc' dir='ltr'><em>καιώθη</em></span> <span class='ocrx_word' id='word_1_137' title='bbox 2429 520 2502 572; x_wconf 87' lang='grc' dir='ltr'><em>ἐν</em></span> <span class='ocrx_word' id='word_1_138' title='bbox 2539 520 2854 588; x_wconf 84' lang='grc' dir='ltr'><em>πνεύματι.</em></span> <span class='ocrx_word' id='word_1_139' title='bbox 2889 517 3092 586; x_wconf 80' lang='grc' dir='ltr'><em>Τούτου</em></span> <span class='ocrx_word' id='word_1_140' title='bbox 3125 517 3309 588; x_wconf 77' lang='grc' dir='ltr'><em>μεῖζον</em></span> <span class='ocrx_word' id='word_1_141' title='bbox 3329 518 3428 570; x_wconf 82' lang='grc' dir='ltr'><em>οὐκ</em></span> <span class='ocrx_word' id='word_1_142' title='bbox 3445 516 3553 587; x_wconf 76' lang='grc' dir='ltr'><strong><em>ἔχω</em></strong></span> <span class='ocrx_word' id='word_1_143' title='bbox 3573 515 3774 586; x_wconf 85' lang='grc' dir='ltr'><em>λέγειν.</em></span> 
     </span>
    </p>
   </div>
   <div class='ocr_carea' id='block_1_21' title="bbox 2177 603 3778 682">
    <p class='ocr_par' dir='ltr' id='par_1_21' title="bbox 2177 603 3778 682">
     <span class='ocr_line' id='line_1_21' title="bbox 2177 603 3778 682; baseline -0.002 -14"><span class='ocrx_word' id='word_1_144' title='bbox 2177 614 2310 678; x_wconf 86' lang='grc' dir='ltr'><em>Θεὸς</em></span> <span class='ocrx_word' id='word_1_145' title='bbox 2373 615 2431 667; x_wconf 84' lang='grc' dir='ltr'><em>δὲ</em></span> <span class='ocrx_word' id='word_1_146' title='bbox 2471 613 2500 665; x_wconf 88' lang='lat'><strong><em>6</em></strong></span> <span class='ocrx_word' id='word_1_147' title='bbox 2545 613 2696 676; x_wconf 79' lang='grc' dir='ltr'><em>Υἱός.</em></span> <span class='ocrx_word' id='word_1_148' title='bbox 2753 611 2848 676; x_wconf 79' lang='grc' dir='ltr'>Ἐξ</span> <span class='ocrx_word' id='word_1_149' title='bbox 2873 603 2980 672; x_wconf 82' lang='grc' dir='ltr'><em>ὧν,</em></span> <span class='ocrx_word' id='word_1_150' title='bbox 3021 612 3206 682; x_wconf 65' lang='grc' dir='ltr'><em>φησιν,</em></span> <span class='ocrx_word' id='word_1_151' title='bbox 3248 613 3281 664; x_wconf 85' lang='grc' dir='ltr'><em>ὁ</em></span> <span class='ocrx_word' id='word_1_152' title='bbox 3319 611 3576 678; x_wconf 84' lang='grc' dir='ltr'><em>Χριστὸς</em></span> <span class='ocrx_word' id='word_1_153' title='bbox 3619 609 3778 665; x_wconf 78' lang='grc' dir='ltr'><em>κατὰ</em></span> 
     </span>
    </p>
   </div>
   <div class='ocr_carea' id='block_1_22' title="bbox 2177 702 3773 774">
    <p class='ocr_par' dir='ltr' id='par_1_22' title="bbox 2177 702 3773 774">
     <span class='ocr_line' id='line_1_22' title="bbox 2177 702 3773 774; baseline -0.004 -12"><span class='ocrx_word' id='word_1_154' title='bbox 2177 705 2400 774; x_wconf 80' lang='grc' dir='ltr'><strong><em>σάρκα,</em></strong></span> <span class='ocrx_word' id='word_1_155' title='bbox 2426 708 2457 758; x_wconf 86' lang='grc' dir='ltr'><strong><em>ό</em></strong></span> <span class='ocrx_word' id='word_1_156' title='bbox 2485 702 2570 757; x_wconf 84' lang='grc' dir='ltr'><em>ὢν</em></span> <span class='ocrx_word' id='word_1_157' title='bbox 2590 704 2690 758; x_wconf 79' lang='grc' dir='ltr'><strong><em>ἐπὶ</em></strong></span> <span class='ocrx_word' id='word_1_158' title='bbox 2717 703 2962 757; x_wconf 81' lang='grc' dir='ltr'><em>πάντων</em></span> <span class='ocrx_word' id='word_1_159' title='bbox 2993 703 3156 768; x_wconf 87' lang='grc' dir='ltr'><em>Θεός.</em></span> <span class='ocrx_word' id='word_1_160' title='bbox 3189 703 3554 768; x_wconf 79' lang='grc' dir='ltr'><strong><em>Πίστευσον,</em></strong></span> <span class='ocrx_word' id='word_1_161' title='bbox 3585 703 3773 773; x_wconf 75' lang='grc' dir='ltr'><em>φησὶν,</em></span> 
     </span>
    </p>
   </div>
   <div class='ocr_carea' id='block_1_23' title="bbox 2177 793 3777 866">
    <p class='ocr_par' dir='ltr' id='par_1_23' title="bbox 2177 793 3777 866">
     <span class='ocr_line' id='line_1_23' title="bbox 2177 793 3777 866; baseline -0.003 -14"><span class='ocrx_word' id='word_1_162' title='bbox 2177 801 2266 866; x_wconf 83' lang='grc' dir='ltr'><strong><em>είς</em></strong></span> <span class='ocrx_word' id='word_1_163' title='bbox 2299 798 2406 852; x_wconf 87' lang='grc' dir='ltr'><strong><em>τὸν</em></strong></span> <span class='ocrx_word' id='word_1_164' title='bbox 2439 799 2661 866; x_wconf 80' lang='grc' dir='ltr'><strong><em>Κύριον</em></strong></span> <span class='ocrx_word' id='word_1_165' title='bbox 2704 797 2962 864; x_wconf 80' lang='grc' dir='ltr'><strong><em>Ἰησοῦν,</em></strong></span> <span class='ocrx_word' id='word_1_166' title='bbox 2995 796 3094 850; x_wconf 74' lang='grc' dir='ltr'><em>καὶ</em></span> <span class='ocrx_word' id='word_1_167' title='bbox 3130 793 3413 864; x_wconf 82' lang='grc' dir='ltr'><strong><em>σωθήσῃ·</em></strong></span> <span class='ocrx_word' id='word_1_168' title='bbox 3447 796 3562 861; x_wconf 74' lang='grc' dir='ltr'><em>καὶ,</em></span> <span class='ocrx_word' id='word_1_169' title='bbox 3605 795 3777 850; x_wconf 74' lang='grc' dir='ltr'><strong><em>Ἐλά-</em></strong></span> 
     </span>
    </p>
   </div>
   <div class='ocr_carea' id='block_1_24' title="bbox 2177 888 3773 962">
    <p class='ocr_par' dir='ltr' id='par_1_24' title="bbox 2177 888 3773 962">
     <span class='ocr_line' id='line_1_24' title="bbox 2177 888 3773 962; baseline -0.003 -16"><span class='ocrx_word' id='word_1_170' title='bbox 2177 897 2354 958; x_wconf 71' lang='grc' dir='ltr'><em>λησε,</em></span> <span class='ocrx_word' id='word_1_171' title='bbox 2383 891 2568 962; x_wconf 75' lang='grc' dir='ltr'><em>φησὶν,</em></span> <span class='ocrx_word' id='word_1_172' title='bbox 2592 889 2799 956; x_wconf 82' lang='grc' dir='ltr'><em>αὐτοῖς</em></span> <span class='ocrx_word' id='word_1_173' title='bbox 2814 889 2918 942; x_wconf 87' lang='grc' dir='ltr'><strong><em>τὸν</em></strong></span> <span class='ocrx_word' id='word_1_174' title='bbox 2933 889 3120 959; x_wconf 72' lang='grc' dir='ltr'><em>λόγον</em></span> <span class='ocrx_word' id='word_1_175' title='bbox 3136 888 3242 942; x_wconf 92' lang='grc' dir='ltr'><strong><em>τοῦ</em></strong></span> <span class='ocrx_word' id='word_1_176' title='bbox 3267 889 3514 956; x_wconf 79' lang='lat' dir='ltr'><strong><em>Kvpio&#39;v.</em></strong></span> <span class='ocrx_word' id='word_1_177' title='bbox 3533 890 3773 955; x_wconf 79' lang='grc' dir='ltr'><em>Ἀναγα-</em></span> 
     </span>
    </p>
   </div>
   <div class='ocr_carea' id='block_1_25' title="bbox 2178 976 3777 1052">
    <p class='ocr_par' dir='ltr' id='par_1_25' title="bbox 2178 976 3777 1052">
     <span class='ocr_line' id='line_1_25' title="bbox 2178 976 3777 1052; baseline -0.002 -17"><span class='ocrx_word' id='word_1_178' title='bbox 2178 983 2300 1052; x_wconf 73' lang='grc' dir='ltr'><em>τὼν</em></span> <span class='ocrx_word' id='word_1_179' title='bbox 2341 1000 2405 1036; x_wconf 84' lang='grc' dir='ltr'><strong><em>τε</em></strong></span> <span class='ocrx_word' id='word_1_180' title='bbox 2456 981 2680 1048; x_wconf 76' lang='grc' dir='ltr'><em>αὐτοὺς</em></span> <span class='ocrx_word' id='word_1_181' title='bbox 2707 983 2794 1048; x_wconf 83' lang='grc' dir='ltr'><strong><em>είς</em></strong></span> <span class='ocrx_word' id='word_1_182' title='bbox 2831 979 2937 1034; x_wconf 84' lang='grc' dir='ltr'><strong><em>τὸν</em></strong></span> <span class='ocrx_word' id='word_1_183' title='bbox 2967 976 3156 1044; x_wconf 78' lang='grc' dir='ltr'><em>οἷκον,</em></span> <span class='ocrx_word' id='word_1_184' title='bbox 3206 979 3546 1048; x_wconf 77' lang='grc' dir='ltr'><strong><em>παρέθηκεν</em></strong></span> <span class='ocrx_word' id='word_1_185' title='bbox 3570 979 3777 1046; x_wconf 78' lang='grc' dir='ltr'><em>αὐτοῖς</em></span> 
     </span>
    </p>
   </div>
   <div class='ocr_carea' id='block_1_26' title="bbox 2165 1072 3776 1144">
    <p class='ocr_par' dir='ltr' id='par_1_26' title="bbox 2165 1072 3776 1144">
     <span class='ocr_line' id='line_1_26' title="bbox 2165 1072 3776 1144; baseline -0.001 -16"><span class='ocrx_word' id='word_1_186' title='bbox 2165 1074 2496 1144; x_wconf 80' lang='grc' dir='ltr'><em>τράπεζαν,</em></span> <span class='ocrx_word' id='word_1_187' title='bbox 2522 1075 2620 1128; x_wconf 80' lang='grc' dir='ltr'><em>καὶ</em></span> <span class='ocrx_word' id='word_1_188' title='bbox 2649 1072 3063 1143; x_wconf 69' lang='grc' dir='ltr'><strong><em>ἠγαλλιάσατο</em></strong></span> <span class='ocrx_word' id='word_1_189' title='bbox 3091 1073 3334 1128; x_wconf 79' lang='grc' dir='ltr'><em>πανοικὶ</em></span> <span class='ocrx_word' id='word_1_190' title='bbox 3355 1073 3776 1140; x_wconf 83' lang='grc' dir='ltr'><em>πεπιστευκὼς</em></span> 
     </span>
    </p>
   </div>
   <div class='ocr_carea' id='block_1_27' title="bbox 2181 1163 3776 1238">
    <p class='ocr_par' dir='ltr' id='par_1_27' title="bbox 2181 1163 3776 1238">
     <span class='ocr_line' id='line_1_27' title="bbox 2181 1163 3776 1238; baseline -0.002 -17"><span class='ocrx_word' id='word_1_191' title='bbox 2181 1167 2261 1234; x_wconf 83' lang='grc' dir='ltr'><em>τῷ</em></span> <span class='ocrx_word' id='word_1_192' title='bbox 2297 1167 2448 1233; x_wconf 83' lang='grc' dir='ltr'><em>Θεῷ·</em></span> <span class='ocrx_word' id='word_1_193' title='bbox 2487 1168 2519 1238; x_wconf 80' lang='grc' dir='ltr'>ἣ</span> <span class='ocrx_word' id='word_1_194' title='bbox 2555 1169 2636 1221; x_wconf 80' lang='grc' dir='ltr'><em>ὅτι</em></span> <span class='ocrx_word' id='word_1_195' title='bbox 2677 1168 2772 1220; x_wconf 86' lang='grc' dir='ltr'><em>Ἐν</em></span> <span class='ocrx_word' id='word_1_196' title='bbox 2802 1166 2962 1236; x_wconf 76' lang='grc' dir='ltr'><em>ἀρχῇ</em></span> <span class='ocrx_word' id='word_1_197' title='bbox 2991 1163 3070 1236; x_wconf 84' lang='grc' dir='ltr'><em>ἦν</em></span> <span class='ocrx_word' id='word_1_198' title='bbox 3095 1167 3359 1236; x_wconf 75' lang='grc' dir='ltr'><em>όΛόγος,</em></span> <span class='ocrx_word' id='word_1_199' title='bbox 3383 1167 3482 1219; x_wconf 79' lang='grc' dir='ltr'><em>καὶ</em></span> <span class='ocrx_word' id='word_1_200' title='bbox 3519 1168 3553 1219; x_wconf 78' lang='grc' dir='ltr'><em>ὁ</em></span> <span class='ocrx_word' id='word_1_201' title='bbox 3584 1167 3776 1236; x_wconf 77' lang='grc' dir='ltr'><em>Λόγος</em></span> 
     </span>
    </p>
   </div>
   <div class='ocr_carea' id='block_1_28' title="bbox 2179 1254 3777 1329">
    <p class='ocr_par' dir='ltr' id='par_1_28' title="bbox 2179 1254 3777 1329">
     <span class='ocr_line' id='line_1_28' title="bbox 2179 1254 3777 1329; baseline -0.003 -15"><span class='ocrx_word' id='word_1_202' title='bbox 2179 1255 2259 1329; x_wconf 75' lang='grc' dir='ltr'><em>ἦν</em></span> <span class='ocrx_word' id='word_1_203' title='bbox 2286 1261 2435 1327; x_wconf 79' lang='grc' dir='ltr'><em>πρὸς</em></span> <span class='ocrx_word' id='word_1_204' title='bbox 2454 1259 2561 1312; x_wconf 79' lang='grc' dir='ltr'><strong><em>τὸν</em></strong></span> <span class='ocrx_word' id='word_1_205' title='bbox 2601 1259 2774 1322; x_wconf 88' lang='grc' dir='ltr'><em>Θεὸν,</em></span> <span class='ocrx_word' id='word_1_206' title='bbox 2799 1259 2899 1311; x_wconf 80' lang='grc' dir='ltr'><em>καὶ</em></span> <span class='ocrx_word' id='word_1_207' title='bbox 2931 1257 3076 1324; x_wconf 85' lang='grc' dir='ltr'><em>Θεὸς</em></span> <span class='ocrx_word' id='word_1_208' title='bbox 3099 1254 3180 1328; x_wconf 84' lang='grc' dir='ltr'><em>ἦν</em></span> <span class='ocrx_word' id='word_1_209' title='bbox 3213 1261 3246 1312; x_wconf 83' lang='grc' dir='ltr'><em>ό</em></span> <span class='ocrx_word' id='word_1_210' title='bbox 3279 1257 3503 1326; x_wconf 74' lang='grc' dir='ltr'><em>Λόγος·</em></span> <span class='ocrx_word' id='word_1_211' title='bbox 3541 1257 3610 1328; x_wconf 80' lang='grc' dir='ltr'><strong><em>ἦ⁶</em></strong></span> <span class='ocrx_word' id='word_1_212' title='bbox 3641 1256 3777 1311; x_wconf 87' lang='grc' dir='ltr'><strong><em>Ἵνα</em></strong></span> 
     </span>
    </p>
   </div>
   <div class='ocr_carea' id='block_1_29' title="bbox 2181 1349 3780 1420">
    <p class='ocr_par' dir='ltr' id='par_1_29' title="bbox 2181 1349 3780 1420">
     <span class='ocr_line' id='line_1_29' title="bbox 2181 1349 3780 1420; baseline -0.003 -14"><span class='ocrx_word' id='word_1_213' title='bbox 2181 1352 2296 1420; x_wconf 80' lang='grc' dir='ltr'><em>τὴν</em></span> <span class='ocrx_word' id='word_1_214' title='bbox 2333 1352 2740 1406; x_wconf 76' lang='grc' dir='ltr'><em>διδασκαλίαν</em></span> <span class='ocrx_word' id='word_1_215' title='bbox 2788 1351 2899 1406; x_wconf 84' lang='grc' dir='ltr'><strong><em>τοῦ</em></strong></span> <span class='ocrx_word' id='word_1_216' title='bbox 2925 1350 3204 1419; x_wconf 79' lang='grc' dir='ltr'><strong><em>Σωτῆρος</em></strong></span> <span class='ocrx_word' id='word_1_217' title='bbox 3237 1350 3408 1418; x_wconf 76' lang='grc' dir='ltr'><em>ἡμῶν</em></span> <span class='ocrx_word' id='word_1_218' title='bbox 3457 1349 3780 1419; x_wconf 81' lang='grc' dir='ltr'><em>κοσμήσω-</em></span> 
     </span>
    </p>
   </div>
   <div class='ocr_carea' id='block_1_30' title="bbox 2181 1441 3776 1516">
    <p class='ocr_par' dir='ltr' id='par_1_30' title="bbox 2181 1441 3776 1516">
     <span class='ocr_line' id='line_1_30' title="bbox 2181 1441 3776 1516; baseline -0.003 -17"><span class='ocrx_word' id='word_1_219' title='bbox 2181 1461 2320 1499; x_wconf 77' lang='grc' dir='ltr'><em>σιν·</em></span> <span class='ocrx_word' id='word_1_220' title='bbox 2353 1447 2423 1516; x_wconf 81' lang='grc' dir='ltr'><strong><em>ἦ·</em></strong></span> <span class='ocrx_word' id='word_1_221' title='bbox 2471 1445 2768 1514; x_wconf 64' lang='grc' dir='ltr'><em>Ἐπεφάνη</em></span> <span class='ocrx_word' id='word_1_222' title='bbox 2807 1443 2918 1513; x_wconf 77' lang='grc' dir='ltr'><em>γὰρ</em></span> <span class='ocrx_word' id='word_1_223' title='bbox 2969 1445 3007 1512; x_wconf 80' lang='grc' dir='ltr'><strong><em>η</em></strong></span> <span class='ocrx_word' id='word_1_224' title='bbox 3049 1445 3222 1514; x_wconf 79' lang='grc' dir='ltr'><em>χάρις</em></span> <span class='ocrx_word' id='word_1_225' title='bbox 3255 1442 3362 1497; x_wconf 84' lang='grc' dir='ltr'><strong><em>τοῦ</em></strong></span> <span class='ocrx_word' id='word_1_226' title='bbox 3401 1443 3623 1510; x_wconf 81' lang='grc' dir='ltr'><strong><em>Κυρίου</em></strong></span> <span class='ocrx_word' id='word_1_227' title='bbox 3677 1441 3776 1496; x_wconf 78' lang='grc' dir='ltr'><em>καὶ</em></span> 
     </span>
    </p>
   </div>
   <div class='ocr_carea' id='block_1_31' title="bbox 2181 1535 3776 1608">
    <p class='ocr_par' dir='ltr' id='par_1_31' title="bbox 2181 1535 3776 1608">
     <span class='ocr_line' id='line_1_31' title="bbox 2181 1535 3776 1608; baseline -0.001 -15"><span class='ocrx_word' id='word_1_228' title='bbox 2181 1538 2456 1606; x_wconf 82' lang='grc' dir='ltr'><strong><em>Σωτῆρος</em></strong></span> <span class='ocrx_word' id='word_1_229' title='bbox 2481 1537 2653 1608; x_wconf 72' lang='grc' dir='ltr'><em>ἡμῶν</em></span> <span class='ocrx_word' id='word_1_230' title='bbox 2690 1538 2949 1606; x_wconf 83' lang='grc' dir='ltr'><em>Χριστοῦ</em></span> <span class='ocrx_word' id='word_1_231' title='bbox 2993 1537 3184 1592; x_wconf 79' lang='grc' dir='ltr'><em>πᾶσιν</em></span> <span class='ocrx_word' id='word_1_232' title='bbox 3217 1535 3575 1606; x_wconf 80' lang='grc' dir='ltr'><em>ἀνθρώποις,</em></span> <span class='ocrx_word' id='word_1_233' title='bbox 3613 1535 3776 1592; x_wconf 76' lang='grc' dir='ltr'><strong><em>διδά⁹</em></strong></span> 
     </span>
    </p>
   </div>
   <div class='ocr_carea' id='block_1_32' title="bbox 2181 1627 3773 1698">
    <p class='ocr_par' dir='ltr' id='par_1_32' title="bbox 2181 1627 3773 1698">
     <span class='ocr_line' id='line_1_32' title="bbox 2181 1627 3773 1698; baseline -0.001 -15"><span class='ocrx_word' id='word_1_234' title='bbox 2181 1644 2423 1683; x_wconf 76' lang='grc' dir='ltr'><em>σκουσα</em></span> <span class='ocrx_word' id='word_1_235' title='bbox 2445 1627 2602 1698; x_wconf 78' lang='grc' dir='ltr'><em>ἡμᾶς</em></span> <span class='ocrx_word' id='word_1_236' title='bbox 2617 1645 2630 1658; x_wconf 89' lang='grc'><strong>·</strong></span> <span class='ocrx_word' id='word_1_237' title='bbox 2654 1629 2718 1698; x_wconf 78' lang='grc' dir='ltr'><strong><em>ἦ·</em></strong></span> <span class='ocrx_word' id='word_1_238' title='bbox 2739 1628 3056 1698; x_wconf 82' lang='grc' dir='ltr'><em>Δεχόμενοι</em></span> <span class='ocrx_word' id='word_1_239' title='bbox 3087 1627 3202 1696; x_wconf 82' lang='grc' dir='ltr'><em>τὴν</em></span> <span class='ocrx_word' id='word_1_240' title='bbox 3211 1629 3516 1697; x_wconf 85' lang='grc' dir='ltr'><em>μακαρίαν</em></span> <span class='ocrx_word' id='word_1_241' title='bbox 3532 1628 3773 1692; x_wconf 76' lang='grc' dir='ltr'><em>ἐλπίδα,</em></span> 
     </span>
    </p>
   </div>
   <div class='ocr_carea' id='block_1_33' title="bbox 2183 1715 3774 1788">
    <p class='ocr_par' dir='ltr' id='par_1_33' title="bbox 2183 1715 3774 1788">
     <span class='ocr_line' id='line_1_33' title="bbox 2183 1715 3774 1788; baseline 0.001 -16"><span class='ocrx_word' id='word_1_242' title='bbox 2183 1715 2658 1788; x_wconf 62' lang='grc' dir='ltr'><em>καῖ’ἑπιφάνειαν</em></span> <span class='ocrx_word' id='word_1_243' title='bbox 2677 1717 2788 1788; x_wconf 82' lang='grc' dir='ltr'><em>τῆς</em></span> <span class='ocrx_word' id='word_1_244' title='bbox 2821 1717 3009 1786; x_wconf 78' lang='grc' dir='ltr'><em>δόξης</em></span> <span class='ocrx_word' id='word_1_245' title='bbox 3037 1719 3144 1772; x_wconf 89' lang='grc' dir='ltr'><strong><em>τοῦ</em></strong></span> <span class='ocrx_word' id='word_1_246' title='bbox 3163 1719 3436 1788; x_wconf 68' lang='grc' dir='ltr'><em>μεγάλου</em></span> <span class='ocrx_word' id='word_1_247' title='bbox 3461 1720 3632 1784; x_wconf 82' lang='grc' dir='ltr'><em>Θεοῦ,</em></span> <span class='ocrx_word' id='word_1_248' title='bbox 3673 1720 3774 1774; x_wconf 81' lang='grc' dir='ltr'><em>καὶ</em></span> 
     </span>
    </p>
   </div>
   <div class='ocr_carea' id='block_1_34' title="bbox 484 1791 2080 1892">
    <p class='ocr_par' dir='ltr' id='par_1_34' title="bbox 484 1817 2076 1892">
     <span class='ocr_line' id='line_1_34' title="bbox 484 1817 2076 1892; baseline -0.004 -15"><span class='ocrx_word' id='word_1_249' title='bbox 484 1821 780 1877; x_wconf 83' lang='lat' dir='ltr'><strong><em>Saluatoris</em></strong></span> <span class='ocrx_word' id='word_1_250' title='bbox 803 1822 967 1892; x_wconf 78' lang='lat'><strong><em>895</em></strong></span> <span class='ocrx_word' id='word_1_251' title='bbox 996 1823 1164 1876; x_wconf 82' lang='lat' dir='ltr'><strong><em>nostri</em></strong></span> <span class='ocrx_word' id='word_1_252' title='bbox 1189 1819 1320 1876; x_wconf 83' lang='lat' dir='ltr'><strong><em>Jesu</em></strong></span> <span class='ocrx_word' id='word_1_253' title='bbox 1346 1819 1616 1884; x_wconf 64' lang='lat' dir='ltr'><strong><em>Christi&quot;;</em></strong></span> <span class='ocrx_word' id='word_1_254' title='bbox 1651 1819 1778 1872; x_wconf 89' lang='lat' dir='ltr'><strong><em>item</em></strong></span> <span class='ocrx_word' id='word_1_255' title='bbox 1807 1836 1821 1870; x_wconf 88' lang='lat'><strong><em>:</em></strong></span> <span class='ocrx_word' id='word_1_256' title='bbox 1855 1817 1969 1871; x_wconf 80' lang='lat' dir='ltr'><strong><em>Hoc</em></strong></span> <span class='ocrx_word' id='word_1_257' title='bbox 1997 1827 2076 1871; x_wconf 84' lang='lat' dir='ltr'><strong><em>est</em></strong></span> 
     </span>
    </p>
   </div>
   <div class='ocr_carea' id='block_1_35' title="bbox 2182 1791 3777 1892">
    <p class='ocr_par' dir='ltr' id='par_1_35' title="bbox 2182 1813 3777 1886">
     <span class='ocr_line' id='line_1_35' title="bbox 2182 1813 3777 1886; baseline 0.003 -20"><span class='ocrx_word' id='word_1_258' title='bbox 2182 1813 2454 1880; x_wconf 81' lang='grc' dir='ltr'><em>Σωτῆρος</em></span> <span class='ocrx_word' id='word_1_259' title='bbox 2492 1813 2664 1882; x_wconf 76' lang='grc' dir='ltr'><em>ἡμῶν</em></span> <span class='ocrx_word' id='word_1_260' title='bbox 2697 1813 2903 1882; x_wconf 86' lang='grc' dir='ltr'><em>Ἰησοῦ</em></span> <span class='ocrx_word' id='word_1_261' title='bbox 2951 1813 3212 1881; x_wconf 82' lang='grc' dir='ltr'><em>Χριστοῦ</em></span> <span class='ocrx_word' id='word_1_262' title='bbox 3236 1829 3250 1843; x_wconf 85' lang='lat'><strong>&#39;</strong></span> <span class='ocrx_word' id='word_1_263' title='bbox 3391 1815 3547 1881; x_wconf 81' lang='grc' dir='ltr'><em>Αὕτη</em></span> <span class='ocrx_word' id='word_1_264' title='bbox 3585 1815 3622 1881; x_wconf 82' lang='grc' dir='ltr'>ἡ</span> <span class='ocrx_word' id='word_1_265' title='bbox 3651 1813 3777 1870; x_wconf 86' lang='grc' dir='ltr'><em>δια·</em></span> 
     </span>
    </p>
   </div>
   <div class='ocr_carea' id='block_1_36' title="bbox 483 1909 2079 1982">
    <p class='ocr_par' dir='ltr' id='par_1_36' title="bbox 483 1909 2079 1982">
     <span class='ocr_line' id='line_1_36' title="bbox 483 1909 2079 1982; baseline -0.003 -14"><span class='ocrx_word' id='word_1_266' title='bbox 483 1915 834 1968; x_wconf 82' lang='lat' dir='ltr'><strong><em>tninisterium</em></strong></span> <span class='ocrx_word' id='word_1_267' title='bbox 867 1913 1125 1982; x_wconf 86' lang='lat' dir='ltr'><strong><em>Spiritus,</em></strong></span> <span class='ocrx_word' id='word_1_268' title='bbox 1159 1924 1207 1966; x_wconf 89' lang='lat' dir='ltr'><strong><em>et</em></strong></span> <span class='ocrx_word' id='word_1_269' title='bbox 1247 1914 1405 1966; x_wconf 83' lang='lat' dir='ltr'><strong><em>verbi.</em></strong></span> <span class='ocrx_word' id='word_1_270' title='bbox 1443 1909 1736 1974; x_wconf 78' lang='lat' dir='ltr'><strong><em>Atlendite,</em></strong></span> <span class='ocrx_word' id='word_1_271' title='bbox 1763 1911 1962 1980; x_wconf 89' lang='lat' dir='ltr'><strong><em>inquit,</em></strong></span> <span class='ocrx_word' id='word_1_272' title='bbox 1989 1925 2079 1964; x_wconf 79' lang='lat' dir='ltr'><strong><em>vo-</em></strong></span> 
     </span>
    </p>
   </div>
   <div class='ocr_carea' id='block_1_37' title="bbox 487 2003 2079 2076">
    <p class='ocr_par' dir='ltr' id='par_1_37' title="bbox 487 2003 2079 2076">
     <span class='ocr_line' id='line_1_37' title="bbox 487 2003 2079 2076; baseline -0.001 -16"><span class='ocrx_word' id='word_1_273' title='bbox 487 2008 588 2070; x_wconf 85' lang='lat' dir='ltr'><strong><em>bis,</em></strong></span> <span class='ocrx_word' id='word_1_274' title='bbox 623 2015 670 2062; x_wconf 78' lang='grc' dir='ltr'><strong><em>ει</em></strong></span> <span class='ocrx_word' id='word_1_275' title='bbox 698 2007 942 2060; x_wconf 82' lang='lat' dir='ltr'><strong><em>universo</em></strong></span> <span class='ocrx_word' id='word_1_276' title='bbox 974 2008 1138 2076; x_wconf 80' lang='lat' dir='ltr'><strong><em>gregi,</em></strong></span> <span class='ocrx_word' id='word_1_277' title='bbox 1163 2007 1216 2060; x_wconf 86' lang='lat' dir='ltr'><strong><em>in</em></strong></span> <span class='ocrx_word' id='word_1_278' title='bbox 1243 2023 1344 2076; x_wconf 84' lang='lat' dir='ltr'><strong><em>quo</em></strong></span> <span class='ocrx_word' id='word_1_279' title='bbox 1371 2006 1548 2073; x_wconf 84' lang='lat' dir='ltr'><strong><em>posuit</em></strong></span> <span class='ocrx_word' id='word_1_280' title='bbox 1583 2022 1670 2060; x_wconf 85' lang='lat' dir='ltr'><strong><em>vos</em></strong></span> <span class='ocrx_word' id='word_1_281' title='bbox 1693 2003 1926 2073; x_wconf 86' lang='lat' dir='ltr'><strong><em>Spiritus</em></strong></span> <span class='ocrx_word' id='word_1_282' title='bbox 1953 2021 2079 2058; x_wconf 86' lang='lat' dir='ltr'><strong><em>san-</em></strong></span> 
     </span>
    </p>
   </div>
   <div class='ocr_carea' id='block_1_38' title="bbox 484 2097 2079 2170">
    <p class='ocr_par' dir='ltr' id='par_1_38' title="bbox 484 2097 2079 2170">
     <span class='ocr_line' id='line_1_38' title="bbox 484 2097 2079 2170; baseline -0.001 -16"><span class='ocrx_word' id='word_1_283' title='bbox 484 2109 599 2155; x_wconf 86' lang='lat' dir='ltr'><strong><em>ctus</em></strong></span> <span class='ocrx_word' id='word_1_284' title='bbox 639 2102 906 2170; x_wconf 73' lang='lat' dir='ltr'><strong><em>episcopos</em></strong></span> <span class='ocrx_word' id='word_1_285' title='bbox 929 2141 942 2166; x_wconf 89' lang='lat'><strong><em>,</em></strong></span> <span class='ocrx_word' id='word_1_286' title='bbox 985 2116 1162 2170; x_wconf 84' lang='lat' dir='ltr'><strong><em>regere</em></strong></span> <span class='ocrx_word' id='word_1_287' title='bbox 1209 2097 1508 2152; x_wconf 77' lang='lat' dir='ltr'><strong><em>Ecclesium</em></strong></span> <span class='ocrx_word' id='word_1_288' title='bbox 1549 2097 1680 2152; x_wconf 80' lang='lat' dir='ltr'><strong><em>Dei’</em></strong></span> <span class='ocrx_word' id='word_1_289' title='bbox 1711 2115 1724 2152; x_wconf 93' lang='lat'><strong>:</strong></span> <span class='ocrx_word' id='word_1_290' title='bbox 1757 2099 1986 2168; x_wconf 86' lang='lat' dir='ltr'><strong><em>perinde</em></strong></span> <span class='ocrx_word' id='word_1_291' title='bbox 2016 2113 2079 2153; x_wconf 89' lang='lat' dir='ltr'><strong><em>ac</em></strong></span> 
     </span>
    </p>
   </div>
   <div class='ocr_carea' id='block_1_39' title="bbox 485 2185 2079 2258">
    <p class='ocr_par' dir='ltr' id='par_1_39' title="bbox 485 2185 2079 2258">
     <span class='ocr_line' id='line_1_39' title="bbox 485 2185 2079 2258; baseline -0.004 -12"><span class='ocrx_word' id='word_1_292' title='bbox 485 2193 530 2246; x_wconf 88' lang='lat' dir='ltr'><strong><em>si</em></strong></span> <span class='ocrx_word' id='word_1_293' title='bbox 584 2191 792 2246; x_wconf 80' lang='lat' dir='ltr'><strong><em>diceret</em></strong></span> <span class='ocrx_word' id='word_1_294' title='bbox 833 2206 846 2242; x_wconf 92' lang='lat'><strong>:</strong></span> <span class='ocrx_word' id='word_1_295' title='bbox 886 2188 1105 2244; x_wconf 80' lang='lat' dir='ltr'><strong><em>Gratias</em></strong></span> <span class='ocrx_word' id='word_1_296' title='bbox 1157 2205 1255 2258; x_wconf 85' lang='lat' dir='ltr'><strong><em>ago</em></strong></span> <span class='ocrx_word' id='word_1_297' title='bbox 1315 2187 1686 2242; x_wconf 81' lang='lat' dir='ltr'><strong><em>carroboranti</em></strong></span> <span class='ocrx_word' id='word_1_298' title='bbox 1736 2204 1818 2240; x_wconf 90' lang='lat' dir='ltr'><strong><em>me</em></strong></span> <span class='ocrx_word' id='word_1_299' title='bbox 1866 2185 2079 2242; x_wconf 82' lang='lat' dir='ltr'><strong><em>Christo</em></strong></span> 
     </span>
    </p>
   </div>
   <div class='ocr_carea' id='block_1_40' title="bbox 482 2279 2076 2352">
    <p class='ocr_par' dir='ltr' id='par_1_40' title="bbox 482 2279 2076 2352">
     <span class='ocr_line' id='line_1_40' title="bbox 482 2279 2076 2352; baseline -0.004 -14"><span class='ocrx_word' id='word_1_300' title='bbox 482 2283 612 2339; x_wconf 77' lang='lat' dir='ltr'><strong><em>Jeru</em></strong></span> <span class='ocrx_word' id='word_1_301' title='bbox 639 2283 868 2338; x_wconf 89' lang='lat' dir='ltr'><strong><em>Domino</em></strong></span> <span class='ocrx_word' id='word_1_302' title='bbox 891 2293 1110 2346; x_wconf 89' lang='lat' dir='ltr'><strong><em>nostro;</em></strong></span> <span class='ocrx_word' id='word_1_303' title='bbox 1137 2281 1278 2352; x_wconf 85' lang='lat' dir='ltr'><strong><em>quod</em></strong></span> <span class='ocrx_word' id='word_1_304' title='bbox 1307 2298 1387 2334; x_wconf 88' lang='lat' dir='ltr'><strong><em>me</em></strong></span> <span class='ocrx_word' id='word_1_305' title='bbox 1413 2281 1622 2351; x_wconf 85' lang='lat' dir='ltr'><strong><em>ﬁdelem</em></strong></span> <span class='ocrx_word' id='word_1_306' title='bbox 1653 2279 1950 2334; x_wconf 87' lang='lat' dir='ltr'><strong><em>arbitratus</em></strong></span> <span class='ocrx_word' id='word_1_307' title='bbox 1976 2289 2076 2344; x_wconf 85' lang='lat' dir='ltr'><strong><em>est,</em></strong></span> 
     </span>
    </p>
   </div>
   <div class='ocr_carea' id='block_1_41' title="bbox 485 2376 1386 2432">
    <p class='ocr_par' dir='ltr' id='par_1_41' title="bbox 485 2376 1386 2432">
     <span class='ocr_line' id='line_1_41' title="bbox 485 2376 1386 2432; baseline 0 -2"><span class='ocrx_word' id='word_1_308' title='bbox 485 2377 555 2430; x_wconf 87' lang='lat' dir='ltr'><strong><em>ad</em></strong></span> <span class='ocrx_word' id='word_1_309' title='bbox 589 2376 944 2432; x_wconf 86' lang='lat' dir='ltr'><strong><em>ministerium</em></strong></span> <span class='ocrx_word' id='word_1_310' title='bbox 975 2376 1298 2430; x_wconf 87' lang='lat' dir='ltr'><strong><em>constituens</em></strong></span> <span class='ocrx_word' id='word_1_311' title='bbox 1319 2376 1386 2430; x_wconf 87' lang='grc'><strong><em>¹⁰.</em></strong></span> 
     </span>
    </p>
   </div>
   <div class='ocr_carea' id='block_1_42' title="bbox 557 2551 2075 2624">
    <p class='ocr_par' dir='ltr' id='par_1_42' title="bbox 557 2551 2075 2624">
     <span class='ocr_line' id='line_1_42' title="bbox 557 2551 2075 2624; baseline -0.001 -16"><span class='ocrx_word' id='word_1_312' title='bbox 557 2551 672 2608; x_wconf 66' lang='grc' dir='ltr'><strong><em>τι.</em></strong></span> <span class='ocrx_word' id='word_1_313' title='bbox 701 2553 894 2624; x_wconf 81' lang='lat' dir='ltr'><strong><em>Itaque</em></strong></span> <span class='ocrx_word' id='word_1_314' title='bbox 921 2552 1094 2608; x_wconf 86' lang='lat' dir='ltr'><strong><em>Filius</em></strong></span> <span class='ocrx_word' id='word_1_315' title='bbox 1118 2561 1172 2606; x_wconf 89' lang='lat' dir='ltr'><strong><em>et</em></strong></span> <span class='ocrx_word' id='word_1_316' title='bbox 1203 2553 1446 2622; x_wconf 85' lang='lat' dir='ltr'><strong><em>Spiritus</em></strong></span> <span class='ocrx_word' id='word_1_317' title='bbox 1474 2561 1702 2608; x_wconf 85' lang='lat' dir='ltr'><strong><em>sanctus</em></strong></span> <span class='ocrx_word' id='word_1_318' title='bbox 1731 2567 1857 2606; x_wconf 90' lang='lat' dir='ltr'><strong><em>cum</em></strong></span> <span class='ocrx_word' id='word_1_319' title='bbox 1891 2552 2075 2615; x_wconf 83' lang='lat' dir='ltr'><strong><em>Patre,</em></strong></span> 
     </span>
    </p>
   </div>
   <div class='ocr_carea' id='block_1_43' title="bbox 487 2643 2080 2715">
    <p class='ocr_par' dir='ltr' id='par_1_43' title="bbox 487 2643 2080 2715">
     <span class='ocr_line' id='line_1_43' title="bbox 487 2643 2080 2715; baseline -0.001 -17"><span class='ocrx_word' id='word_1_320' title='bbox 487 2643 568 2700; x_wconf 83' lang='lat' dir='ltr'><strong><em>uti</em></strong></span> <span class='ocrx_word' id='word_1_321' title='bbox 622 2645 1159 2708; x_wconf 77' lang='lat' dir='ltr'><strong><em>demonstravimus,</em></strong></span> <span class='ocrx_word' id='word_1_322' title='bbox 1217 2651 1388 2715; x_wconf 78' lang='lat' dir='ltr'><strong><em>agunt</em></strong></span> <span class='ocrx_word' id='word_1_323' title='bbox 1452 2645 1840 2698; x_wconf 85' lang='lat' dir='ltr'><strong><em>communiter.</em></strong></span> <span class='ocrx_word' id='word_1_324' title='bbox 1917 2643 2080 2697; x_wconf 79' lang='lat' dir='ltr'><strong><em>Verbo</em></strong></span> 
     </span>
    </p>
   </div>
   <div class='ocr_carea' id='block_1_44' title="bbox 486 2735 2078 2806">
    <p class='ocr_par' dir='ltr' id='par_1_44' title="bbox 486 2735 2078 2806">
     <span class='ocr_line' id='line_1_44' title="bbox 486 2735 2078 2806; baseline -0.003 -11"><span class='ocrx_word' id='word_1_325' title='bbox 486 2739 624 2795; x_wconf 76' lang='lat' dir='ltr'><strong><em>enim</em></strong></span> <span class='ocrx_word' id='word_1_326' title='bbox 657 2739 874 2792; x_wconf 85' lang='lat' dir='ltr'><strong><em>Domini</em></strong></span> <span class='ocrx_word' id='word_1_327' title='bbox 901 2737 1021 2791; x_wconf 73' lang='lat' dir='ltr'><strong><em>cali</em></strong></span> <span class='ocrx_word' id='word_1_328' title='bbox 1056 2737 1262 2806; x_wconf 80' lang='lat' dir='ltr'><strong><em>ﬁrmati</em></strong></span> <span class='ocrx_word' id='word_1_329' title='bbox 1282 2745 1428 2800; x_wconf 85' lang='lat' dir='ltr'><strong><em>sunt,</em></strong></span> <span class='ocrx_word' id='word_1_330' title='bbox 1459 2745 1508 2790; x_wconf 86' lang='lat' dir='ltr'><strong><em>et</em></strong></span> <span class='ocrx_word' id='word_1_331' title='bbox 1541 2735 1748 2802; x_wconf 88' lang='lat' dir='ltr'><strong><em>Spiritu</em></strong></span> <span class='ocrx_word' id='word_1_332' title='bbox 1779 2736 1886 2790; x_wconf 87' lang='lat' dir='ltr'><strong><em>oris</em></strong></span> <span class='ocrx_word' id='word_1_333' title='bbox 1912 2737 2078 2804; x_wconf 86' lang='lat' dir='ltr'><strong><em>ipsius</em></strong></span> 
     </span>
    </p>
   </div>
   <div class='ocr_carea' id='block_1_45' title="bbox 489 2827 2080 2898">
    <p class='ocr_par' dir='ltr' id='par_1_45' title="bbox 489 2827 2080 2898">
     <span class='ocr_line' id='line_1_45' title="bbox 489 2827 2080 2898; baseline -0.001 -12"><span class='ocrx_word' id='word_1_334' title='bbox 489 2832 660 2886; x_wconf 82' lang='lat' dir='ltr'><strong><em>omnis</em></strong></span> <span class='ocrx_word' id='word_1_335' title='bbox 683 2832 850 2884; x_wconf 82' lang='lat' dir='ltr'><strong><em>uirtus</em></strong></span> <span class='ocrx_word' id='word_1_336' title='bbox 877 2829 990 2896; x_wconf 83' lang='lat' dir='ltr'><strong><em>eius</em></strong></span> <span class='ocrx_word' id='word_1_337' title='bbox 1013 2829 1076 2884; x_wconf 84' lang='lat'><strong><em>“.</em></strong></span> <span class='ocrx_word' id='word_1_338' title='bbox 1099 2828 1339 2898; x_wconf 79' lang='lat' dir='ltr'><strong><em>Spiritus</em></strong></span> <span class='ocrx_word' id='word_1_339' title='bbox 1361 2843 1492 2882; x_wconf 82' lang='lat' dir='ltr'><strong><em>vero</em></strong></span> <span class='ocrx_word' id='word_1_340' title='bbox 1517 2835 1742 2883; x_wconf 84' lang='lat' dir='ltr'><strong><em>sanctus</em></strong></span> <span class='ocrx_word' id='word_1_341' title='bbox 1765 2827 2080 2884; x_wconf 83' lang='lat' dir='ltr'><strong><em>adorandus</em></strong></span> 
     </span>
    </p>
   </div>
   <div class='ocr_carea' id='block_1_46' title="bbox 488 2917 2082 2990">
    <p class='ocr_par' dir='ltr' id='par_1_46' title="bbox 488 2917 2082 2990">
     <span class='ocr_line' id='line_1_46' title="bbox 488 2917 2082 2990; baseline -0.004 -10"><span class='ocrx_word' id='word_1_342' title='bbox 488 2930 575 2980; x_wconf 84' lang='lat' dir='ltr'><strong><em>est</em></strong></span> <span class='ocrx_word' id='word_1_343' title='bbox 605 2942 618 2978; x_wconf 88' lang='lat'><strong>:</strong></span> <span class='ocrx_word' id='word_1_344' title='bbox 654 2923 760 2990; x_wconf 82' lang='lat' dir='ltr'><strong><em>Qui</em></strong></span> <span class='ocrx_word' id='word_1_345' title='bbox 787 2921 926 2976; x_wconf 86' lang='lat' dir='ltr'><strong><em>enim</em></strong></span> <span class='ocrx_word' id='word_1_346' title='bbox 951 2921 1180 2974; x_wconf 84' lang='lat' dir='ltr'><strong><em>adorant</em></strong></span> <span class='ocrx_word' id='word_1_347' title='bbox 1215 2917 1402 2984; x_wconf 87' lang='lat' dir='ltr'><strong><em>Deum,</em></strong></span> <span class='ocrx_word' id='word_1_348' title='bbox 1435 2918 1642 2987; x_wconf 85' lang='lat' dir='ltr'><strong><em>Spiritu</em></strong></span> <span class='ocrx_word' id='word_1_349' title='bbox 1668 2917 1900 2974; x_wconf 88' lang='lat' dir='ltr'><strong><em>adorare</em></strong></span> <span class='ocrx_word' id='word_1_350' title='bbox 1929 2936 2082 2986; x_wconf 88' lang='lat' dir='ltr'><strong><em>opor-</em></strong></span> 
     </span>
    </p>
   </div>
   <div class='ocr_carea' id='block_1_47' title="bbox 491 3013 2078 3085">
    <p class='ocr_par' dir='ltr' id='par_1_47' title="bbox 491 3013 2078 3085">
     <span class='ocr_line' id='line_1_47' title="bbox 491 3013 2078 3085; baseline -0.002 -16"><span class='ocrx_word' id='word_1_351' title='bbox 491 3025 560 3070; x_wconf 83' lang='lat' dir='ltr'><strong><em>tet</em></strong></span> <span class='ocrx_word' id='word_1_352' title='bbox 603 3031 648 3070; x_wconf 85' lang='lat' dir='ltr'><strong><em>et</em></strong></span> <span class='ocrx_word' id='word_1_353' title='bbox 701 3015 913 3070; x_wconf 76' lang='lat' dir='ltr'><strong><em>veritate</em></strong></span> <span class='ocrx_word' id='word_1_354' title='bbox 957 3014 1020 3068; x_wconf 86' lang='lat'><strong><em>&quot;.</em></strong></span> <span class='ocrx_word' id='word_1_355' title='bbox 1071 3013 1282 3080; x_wconf 84' lang='lat' dir='ltr'><strong><em>Quodsi</em></strong></span> <span class='ocrx_word' id='word_1_356' title='bbox 1314 3013 1521 3068; x_wconf 85' lang='lat' dir='ltr'><strong><em>veritas</em></strong></span> <span class='ocrx_word' id='word_1_357' title='bbox 1554 3013 1921 3070; x_wconf 88' lang='lat' dir='ltr'><strong><em>communiter</em></strong></span> <span class='ocrx_word' id='word_1_358' title='bbox 1944 3016 2078 3085; x_wconf 79' lang='lat' dir='ltr'><strong><em>agit,</em></strong></span> 
     </span>
    </p>
   </div>
   <div class='ocr_carea' id='block_1_48' title="bbox 487 3105 2152 3205">
    <p class='ocr_par' dir='ltr' id='par_1_48' title="bbox 487 3105 2152 3205">
     <span class='ocr_line' id='line_1_48' title="bbox 487 3105 2152 3205; baseline -0.001 -42"><span class='ocrx_word' id='word_1_359' title='bbox 487 3118 742 3164; x_wconf 71' lang='lat' dir='ltr'><strong><em>creatura</em></strong></span> <span class='ocrx_word' id='word_1_360' title='bbox 773 3116 1082 3162; x_wconf 80' lang='lat' dir='ltr'><strong><em>creaturam</em></strong></span> <span class='ocrx_word' id='word_1_361' title='bbox 1113 3107 1279 3160; x_wconf 88' lang='lat' dir='ltr'><strong><em>aliam</em></strong></span> <span class='ocrx_word' id='word_1_362' title='bbox 1323 3121 1435 3162; x_wconf 87' lang='lat' dir='ltr'><strong><em>non</em></strong></span> <span class='ocrx_word' id='word_1_363' title='bbox 1465 3105 1659 3172; x_wconf 76' lang='lat' dir='ltr'><strong><em>ellicit,</em></strong></span> <span class='ocrx_word' id='word_1_364' title='bbox 1693 3122 1872 3178; x_wconf 86' lang='lat' dir='ltr'><strong><em>neque</em></strong></span> <span class='ocrx_word' id='word_1_365' title='bbox 1901 3110 2080 3164; x_wconf 86' lang='lat' dir='ltr'><strong><em>creari</em></strong></span> <span class='ocrx_word' id='word_1_366' title='bbox 2107 3143 2152 3205; x_wconf 66' lang='grc' dir='ltr'>ο</span> 
     </span>
    </p>
   </div>
   <div class='ocr_carea' id='block_1_49' title="bbox 487 3198 2080 3272">
    <p class='ocr_par' dir='ltr' id='par_1_49' title="bbox 487 3198 2080 3272">
     <span class='ocr_line' id='line_1_49' title="bbox 487 3198 2080 3272; baseline -0.001 -14"><span class='ocrx_word' id='word_1_367' title='bbox 487 3202 752 3258; x_wconf 86' lang='lat' dir='ltr'><strong><em>divinitas</em></strong></span> <span class='ocrx_word' id='word_1_368' title='bbox 775 3209 988 3272; x_wconf 85' lang='lat' dir='ltr'><strong><em>potest;</em></strong></span> <span class='ocrx_word' id='word_1_369' title='bbox 1019 3215 1198 3271; x_wconf 87' lang='lat' dir='ltr'><strong><em>neque</em></strong></span> <span class='ocrx_word' id='word_1_370' title='bbox 1228 3209 1382 3254; x_wconf 89' lang='lat' dir='ltr'><strong><em>certo</em></strong></span> <span class='ocrx_word' id='word_1_371' title='bbox 1416 3198 1599 3264; x_wconf 87' lang='lat' dir='ltr'><strong><em>modo,</em></strong></span> <span class='ocrx_word' id='word_1_372' title='bbox 1631 3215 1696 3256; x_wconf 86' lang='lat' dir='ltr'><strong><em>ac</em></strong></span> <span class='ocrx_word' id='word_1_373' title='bbox 1727 3201 2080 3256; x_wconf 87' lang='lat' dir='ltr'><strong><em>circumscri-</em></strong></span> 
     </span>
    </p>
   </div>
   <div class='ocr_carea' id='block_1_50' title="bbox 489 3289 2083 3362">
    <p class='ocr_par' dir='ltr' id='par_1_50' title="bbox 489 3289 2083 3362">
     <span class='ocr_line' id='line_1_50' title="bbox 489 3289 2083 3362; baseline 0 -18"><span class='ocrx_word' id='word_1_374' title='bbox 489 3291 676 3362; x_wconf 86' lang='lat' dir='ltr'><strong><em>ptione</em></strong></span> <span class='ocrx_word' id='word_1_375' title='bbox 735 3290 996 3346; x_wconf 89' lang='lat' dir='ltr'><strong><em>delinitus</em></strong></span> <span class='ocrx_word' id='word_1_376' title='bbox 1051 3291 1409 3360; x_wconf 75' lang='lat' dir='ltr'><strong><em>cognoscitur</em></strong></span> <span class='ocrx_word' id='word_1_377' title='bbox 1466 3289 1631 3344; x_wconf 86' lang='lat' dir='ltr'><strong><em>Deus.</em></strong></span> <span class='ocrx_word' id='word_1_378' title='bbox 1685 3289 2083 3347; x_wconf 87' lang='lat' dir='ltr'><strong><em>Circumscribi</em></strong></span> 
     </span>
    </p>
   </div>
   <div class='ocr_carea' id='block_1_51' title="bbox 488 3381 2082 3452">
    <p class='ocr_par' dir='ltr' id='par_1_51' title="bbox 488 3381 2082 3452">
     <span class='ocr_line' id='line_1_51' title="bbox 488 3381 2082 3452; baseline -0.002 -13"><span class='ocrx_word' id='word_1_379' title='bbox 488 3382 634 3439; x_wconf 81' lang='lat' dir='ltr'><strong><em>enim</em></strong></span> <span class='ocrx_word' id='word_1_380' title='bbox 671 3397 780 3436; x_wconf 85' lang='lat' dir='ltr'><strong><em>non</em></strong></span> <span class='ocrx_word' id='word_1_381' title='bbox 812 3389 1032 3452; x_wconf 89' lang='lat' dir='ltr'><strong><em>potest,</em></strong></span> <span class='ocrx_word' id='word_1_382' title='bbox 1066 3391 1161 3436; x_wconf 89' lang='lat' dir='ltr'><strong><em>aut</em></strong></span> <span class='ocrx_word' id='word_1_383' title='bbox 1189 3381 1313 3452; x_wconf 90' lang='lat' dir='ltr'><strong><em>capi</em></strong></span> <span class='ocrx_word' id='word_1_384' title='bbox 1336 3421 1350 3444; x_wconf 84' lang='lat'><strong><em>.</em></strong></span> <span class='ocrx_word' id='word_1_385' title='bbox 1385 3391 1481 3435; x_wconf 87' lang='lat' dir='ltr'><strong><em>aut</em></strong></span> <span class='ocrx_word' id='word_1_386' title='bbox 1530 3381 1894 3451; x_wconf 74' lang='lat' dir='ltr'><strong><em>intelligentia</em></strong></span> <span class='ocrx_word' id='word_1_387' title='bbox 1926 3397 2082 3438; x_wconf 89' lang='lat' dir='ltr'><strong><em>com-</em></strong></span> 
     </span>
    </p>
   </div>
   <div class='ocr_carea' id='block_1_52' title="bbox 489 3473 2084 3546">
    <p class='ocr_par' dir='ltr' id='par_1_52' title="bbox 489 3473 2084 3546">
     <span class='ocr_line' id='line_1_52' title="bbox 489 3473 2084 3546; baseline 0.001 -16"><span class='ocrx_word' id='word_1_388' title='bbox 489 3475 792 3546; x_wconf 72' lang='lat' dir='ltr'><strong><em>prehendi,</em></strong></span> <span class='ocrx_word' id='word_1_389' title='bbox 826 3490 952 3528; x_wconf 86' lang='lat' dir='ltr'><strong><em>cum</em></strong></span> <span class='ocrx_word' id='word_1_390' title='bbox 984 3475 1243 3530; x_wconf 77' lang='lat' dir='ltr'><strong><em>universa</em></strong></span> <span class='ocrx_word' id='word_1_391' title='bbox 1283 3473 1381 3529; x_wconf 90' lang='lat' dir='ltr'><strong><em>Dei</em></strong></span> <span class='ocrx_word' id='word_1_392' title='bbox 1413 3490 1582 3545; x_wconf 84' lang='lat' dir='ltr'><strong><em>opera</em></strong></span> <span class='ocrx_word' id='word_1_393' title='bbox 1631 3475 1931 3531; x_wconf 86' lang='lat' dir='ltr'><strong><em>contineat.</em></strong></span> <span class='ocrx_word' id='word_1_394' title='bbox 1977 3475 2084 3532; x_wconf 88' lang='lat' dir='ltr'><strong><em>Sed</em></strong></span> 
     </span>
    </p>
   </div>
   <div class='ocr_carea' id='block_1_53' title="bbox 491 3565 2079 3640">
    <p class='ocr_par' dir='ltr' id='par_1_53' title="bbox 491 3565 2079 3640">
     <span class='ocr_line' id='line_1_53' title="bbox 491 3565 2079 3640; baseline -0.001 -16"><span class='ocrx_word' id='word_1_395' title='bbox 491 3584 672 3639; x_wconf 68' lang='lat' dir='ltr'><strong><em>neque</em></strong></span> <span class='ocrx_word' id='word_1_396' title='bbox 723 3575 993 3622; x_wconf 76' lang='lat' dir='ltr'><strong><em>creatura:</em></strong></span> <span class='ocrx_word' id='word_1_397' title='bbox 1041 3565 1391 3623; x_wconf 86' lang='lat' dir='ltr'><strong><em>serviendum</em></strong></span> <span class='ocrx_word' id='word_1_398' title='bbox 1429 3587 1442 3623; x_wconf 92' lang='lat'><strong>:</strong></span> <span class='ocrx_word' id='word_1_399' title='bbox 1482 3565 1790 3622; x_wconf 80' lang='lat' dir='ltr'><strong><em>Servierunt</em></strong></span> <span class='ocrx_word' id='word_1_400' title='bbox 1815 3608 1830 3633; x_wconf 92' lang='lat'><strong><em>,</em></strong></span> <span class='ocrx_word' id='word_1_401' title='bbox 1867 3569 2079 3640; x_wconf 87' lang='lat' dir='ltr'><strong><em>inquit,</em></strong></span> 
     </span>
    </p>
   </div>
   <div class='ocr_carea' id='block_1_54' title="bbox 490 3643 2079 3729">
    <p class='ocr_par' dir='ltr' id='par_1_54' title="bbox 490 3643 2079 3729">
     <span class='ocr_line' id='line_1_54' title="bbox 490 3643 2079 3729; baseline 0.001 -15"><span class='ocrx_word' id='word_1_402' title='bbox 490 3670 751 3714; x_wconf 76' lang='lat' dir='ltr'><strong><em>creatum</em></strong></span> <span class='ocrx_word' id='word_1_403' title='bbox 771 3661 948 3729; x_wconf 87' lang='lat' dir='ltr'><strong><em>potius</em></strong></span> <span class='ocrx_word' id='word_1_404' title='bbox 971 3676 1130 3729; x_wconf 87' lang='lat' dir='ltr'><strong><em>quam</em></strong></span> <span class='ocrx_word' id='word_1_405' title='bbox 1153 3657 1416 3724; x_wconf 87' lang='lat' dir='ltr'><strong><em>Creatori,</em></strong></span> <span class='ocrx_word' id='word_1_406' title='bbox 1435 3669 1483 3713; x_wconf 90' lang='lat' dir='ltr'><strong><em>et</em></strong></span> <span class='ocrx_word' id='word_1_407' title='bbox 1506 3659 1644 3729; x_wconf 80' lang='lat' dir='ltr'><strong><em>fatui</em></strong></span> <span class='ocrx_word' id='word_1_408' title='bbox 1660 3643 1853 3716; x_wconf 72' lang='lat' dir='ltr'><strong><em>redditi</em></strong></span> <span class='ocrx_word' id='word_1_409' title='bbox 1875 3672 1998 3716; x_wconf 88' lang='lat' dir='ltr'><strong><em>sunt</em></strong></span> <span class='ocrx_word' id='word_1_410' title='bbox 2017 3664 2079 3716; x_wconf 78' lang='grc'><strong><em>⁸⁸.</em></strong></span> 
     </span>
    </p>
   </div>
   <div class='ocr_carea' id='block_1_55' title="bbox 489 3748 2080 3818">
    <p class='ocr_par' dir='ltr' id='par_1_55' title="bbox 489 3748 2080 3818">
     <span class='ocr_line' id='line_1_55' title="bbox 489 3748 2080 3818; baseline 0.004 -14"><span class='ocrx_word' id='word_1_411' title='bbox 489 3748 682 3805; x_wconf 85' lang='lat' dir='ltr'><strong><em>Nonne</em></strong></span> <span class='ocrx_word' id='word_1_412' title='bbox 717 3749 980 3804; x_wconf 79' lang='lat' dir='ltr'><strong><em>stolidum</em></strong></span> <span class='ocrx_word' id='word_1_413' title='bbox 1027 3759 1112 3806; x_wconf 88' lang='lat' dir='ltr'><strong><em>est</em></strong></span> <span class='ocrx_word' id='word_1_414' title='bbox 1143 3759 1412 3806; x_wconf 66' lang='lat' dir='ltr'><strong><em>creaturae</em></strong></span> <span class='ocrx_word' id='word_1_415' title='bbox 1436 3751 1780 3806; x_wconf 83' lang='lat' dir='ltr'><strong><em>divinitatem</em></strong></span> <span class='ocrx_word' id='word_1_416' title='bbox 1814 3753 2080 3818; x_wconf 86' lang='lat' dir='ltr'><strong><em>tribuere.</em></strong></span> 
     </span>
    </p>
   </div>
   <div class='ocr_carea' id='block_1_56' title="bbox 493 3841 2081 3914">
    <p class='ocr_par' dir='ltr' id='par_1_56' title="bbox 493 3841 2081 3914">
     <span class='ocr_line' id='line_1_56' title="bbox 493 3841 2081 3914; baseline 0.003 -18"><span class='ocrx_word' id='word_1_417' title='bbox 493 3857 560 3896; x_wconf 87' lang='lat' dir='ltr'><strong><em>ac</em></strong></span> <span class='ocrx_word' id='word_1_418' title='bbox 609 3841 792 3898; x_wconf 84' lang='lat' dir='ltr'><strong><em>Patris</em></strong></span> <span class='ocrx_word' id='word_1_419' title='bbox 839 3841 944 3896; x_wconf 91' lang='lat' dir='ltr'><strong><em>hoc</em></strong></span> <span class='ocrx_word' id='word_1_420' title='bbox 991 3841 1198 3898; x_wconf 86' lang='lat' dir='ltr'><strong><em>violare</em></strong></span> <span class='ocrx_word' id='word_1_421' title='bbox 1243 3851 1622 3914; x_wconf 65' lang='lat' dir='ltr'><strong><em>praeceptum:</em></strong></span> <span class='ocrx_word' id='word_1_422' title='bbox 1660 3844 1838 3910; x_wconf 88' lang='lat' dir='ltr'><strong><em>Audi,</em></strong></span> <span class='ocrx_word' id='word_1_423' title='bbox 1885 3844 2081 3912; x_wconf 83' lang='lat' dir='ltr'><strong><em>Israel,</em></strong></span> 
     </span>
    </p>
   </div>
   <div class='ocr_carea' id='block_1_57' title="bbox 491 3933 2083 3993">
    <p class='ocr_par' dir='ltr' id='par_1_57' title="bbox 491 3933 2083 3993">
     <span class='ocr_line' id='line_1_57' title="bbox 491 3933 2083 3993; baseline 0.003 -4"><span class='ocrx_word' id='word_1_424' title='bbox 491 3934 753 3990; x_wconf 86' lang='lat' dir='ltr'><strong><em>Dominus</em></strong></span> <span class='ocrx_word' id='word_1_425' title='bbox 781 3933 926 3990; x_wconf 87' lang='lat' dir='ltr'><strong><em>Deus</em></strong></span> <span class='ocrx_word' id='word_1_426' title='bbox 959 3944 1078 3988; x_wconf 89' lang='lat' dir='ltr'><strong><em>tuus</em></strong></span> <span class='ocrx_word' id='word_1_427' title='bbox 1108 3950 1246 3990; x_wconf 82' lang='lat' dir='ltr'><strong><em>unus</em></strong></span> <span class='ocrx_word' id='word_1_428' title='bbox 1279 3944 1356 3989; x_wconf 86' lang='lat' dir='ltr'><strong><em>est</em></strong></span> <span class='ocrx_word' id='word_1_429' title='bbox 1381 3935 1444 3990; x_wconf 74' lang='lat'><strong><em>“.</em></strong></span> <span class='ocrx_word' id='word_1_430' title='bbox 1479 3933 1606 3990; x_wconf 85' lang='lat' dir='ltr'><strong><em>Non</em></strong></span> <span class='ocrx_word' id='word_1_431' title='bbox 1643 3937 1744 3990; x_wconf 87' lang='lat' dir='ltr'><strong><em>erit</em></strong></span> <span class='ocrx_word' id='word_1_432' title='bbox 1773 3937 1829 3990; x_wconf 88' lang='lat' dir='ltr'><strong><em>in</em></strong></span> <span class='ocrx_word' id='word_1_433' title='bbox 1861 3945 1909 3991; x_wconf 87' lang='lat' dir='ltr'><strong><em>te</em></strong></span> <span class='ocrx_word' id='word_1_434' title='bbox 1940 3937 2083 3993; x_wconf 86' lang='lat' dir='ltr'><strong><em>Deus</em></strong></span> 
     </span>
    </p>
   </div>
   <div class='ocr_carea' id='block_1_58' title="bbox 494 4019 2084 4092">
    <p class='ocr_par' dir='ltr' id='par_1_58' title="bbox 494 4019 2084 4092">
     <span class='ocr_line' id='line_1_58' title="bbox 494 4019 2084 4092; baseline 0.003 -14"><span class='ocrx_word' id='word_1_435' title='bbox 494 4038 671 4078; x_wconf 84' lang='lat' dir='ltr'><strong><em>recens</em></strong></span> <span class='ocrx_word' id='word_1_436' title='bbox 693 4022 736 4054; x_wconf 83' lang='lat'>“&#39;</span> <span class='ocrx_word' id='word_1_437' title='bbox 755 4024 777 4076; x_wconf 70' lang='grc' dir='ltr'><strong><em>Ἰ</em></strong></span> <span class='ocrx_word' id='word_1_438' title='bbox 799 4021 1070 4077; x_wconf 68' lang='lat' dir='ltr'><strong><em>Cancrum</em></strong></span> <span class='ocrx_word' id='word_1_439' title='bbox 1099 4021 1337 4078; x_wconf 86' lang='lat' dir='ltr'><strong><em>diversis</em></strong></span> <span class='ocrx_word' id='word_1_440' title='bbox 1371 4023 1426 4076; x_wconf 92' lang='lat' dir='ltr'><strong><em>in</em></strong></span> <span class='ocrx_word' id='word_1_441' title='bbox 1459 4019 1745 4092; x_wconf 88' lang='lat' dir='ltr'><strong><em>Scriptura</em></strong></span> <span class='ocrx_word' id='word_1_442' title='bbox 1769 4025 2084 4082; x_wconf 86' lang='lat' dir='ltr'><strong><em>nominibus</em></strong></span> 
     </span>
    </p>
   </div>
   <div class='ocr_carea' id='block_1_59' title="bbox 492 4111 2084 4186">
    <p class='ocr_par' dir='ltr' id='par_1_59' title="bbox 492 4111 2084 4186">
     <span class='ocr_line' id='line_1_59' title="bbox 492 4111 2084 4186; baseline 0.004 -20"><span class='ocrx_word' id='word_1_443' title='bbox 492 4111 692 4180; x_wconf 79' lang='lat' dir='ltr'><strong><em>Pater,</em></strong></span> <span class='ocrx_word' id='word_1_444' title='bbox 725 4121 781 4168; x_wconf 88' lang='lat' dir='ltr'><strong><em>et</em></strong></span> <span class='ocrx_word' id='word_1_445' title='bbox 810 4111 984 4168; x_wconf 85' lang='lat' dir='ltr'><strong><em>Filius</em></strong></span> <span class='ocrx_word' id='word_1_446' title='bbox 1007 4152 1022 4176; x_wconf 88' lang='lat'><strong><em>,</em></strong></span> <span class='ocrx_word' id='word_1_447' title='bbox 1049 4119 1105 4168; x_wconf 89' lang='lat' dir='ltr'><strong><em>et</em></strong></span> <span class='ocrx_word' id='word_1_448' title='bbox 1144 4113 1383 4183; x_wconf 85' lang='lat' dir='ltr'><strong><em>Spiritus</em></strong></span> <span class='ocrx_word' id='word_1_449' title='bbox 1419 4123 1648 4170; x_wconf 86' lang='lat' dir='ltr'><strong><em>sanctus</em></strong></span> <span class='ocrx_word' id='word_1_450' title='bbox 1697 4115 1952 4186; x_wconf 81' lang='lat' dir='ltr'><strong><em>insigniri</em></strong></span> <span class='ocrx_word' id='word_1_451' title='bbox 1993 4133 2084 4174; x_wconf 89' lang='lat' dir='ltr'><strong><em>so—</em></strong></span> 
     </span>
    </p>
   </div>
   <div class='ocr_carea' id='block_1_60' title="bbox 493 4204 2084 4278">
    <p class='ocr_par' dir='ltr' id='par_1_60' title="bbox 493 4204 2084 4278">
     <span class='ocr_line' id='line_1_60' title="bbox 493 4204 2084 4278; baseline 0.002 -16"><span class='ocrx_word' id='word_1_452' title='bbox 493 4207 608 4262; x_wconf 83' lang='lat' dir='ltr'><strong><em>lent</em></strong></span> <span class='ocrx_word' id='word_1_453' title='bbox 643 4222 656 4258; x_wconf 90' lang='lat'>:</span> <span class='ocrx_word' id='word_1_454' title='bbox 697 4215 892 4275; x_wconf 85' lang='lat' dir='ltr'><strong><em>ulputa</em></strong></span> <span class='ocrx_word' id='word_1_455' title='bbox 925 4205 1111 4271; x_wconf 86' lang='lat' dir='ltr'><strong><em>Pater,</em></strong></span> <span class='ocrx_word' id='word_1_456' title='bbox 1152 4204 1315 4262; x_wconf 88' lang='lat' dir='ltr'><strong><em>Pater</em></strong></span> <span class='ocrx_word' id='word_1_457' title='bbox 1363 4207 1734 4278; x_wconf 89' lang='lat' dir='ltr'><strong><em>omnipotens,</em></strong></span> <span class='ocrx_word' id='word_1_458' title='bbox 1773 4208 1936 4264; x_wconf 87' lang='lat' dir='ltr'><strong><em>Pater</em></strong></span> <span class='ocrx_word' id='word_1_459' title='bbox 1964 4225 2084 4265; x_wconf 92' lang='lat' dir='ltr'><strong><em>om-</em></strong></span> 
     </span>
    </p>
   </div>
   <div class='ocr_carea' id='block_1_61' title="bbox 493 4295 2085 4368">
    <p class='ocr_par' dir='ltr' id='par_1_61' title="bbox 493 4295 2085 4368">
     <span class='ocr_line' id='line_1_61' title="bbox 493 4295 2085 4368; baseline 0.003 -18"><span class='ocrx_word' id='word_1_460' title='bbox 493 4297 668 4361; x_wconf 88' lang='lat' dir='ltr'><strong><em>nium,</em></strong></span> <span class='ocrx_word' id='word_1_461' title='bbox 715 4295 881 4351; x_wconf 85' lang='lat' dir='ltr'><strong><em>Pater</em></strong></span> <span class='ocrx_word' id='word_1_462' title='bbox 910 4295 1116 4352; x_wconf 85' lang='lat' dir='ltr'><strong><em>Christi</em></strong></span> <span class='ocrx_word' id='word_1_463' title='bbox 1155 4307 1419 4364; x_wconf 87' lang='lat' dir='ltr'><strong><em>vocatur;</em></strong></span> <span class='ocrx_word' id='word_1_464' title='bbox 1448 4295 1721 4355; x_wconf 88' lang='lat' dir='ltr'><strong><em>Dominus</em></strong></span> <span class='ocrx_word' id='word_1_465' title='bbox 1754 4315 1909 4368; x_wconf 88' lang='lat' dir='ltr'><strong><em>vero,</em></strong></span> <span class='ocrx_word' id='word_1_466' title='bbox 1949 4299 2085 4357; x_wconf 80' lang='lat' dir='ltr'><strong><em>Ver-</em></strong></span> 
     </span>
    </p>
   </div>
   <div class='ocr_carea' id='block_1_62' title="bbox 493 4387 2082 4462">
    <p class='ocr_par' dir='ltr' id='par_1_62' title="bbox 493 4387 2082 4462">
     <span class='ocr_line' id='line_1_62' title="bbox 493 4387 2082 4462; baseline 0.004 -19"><span class='ocrx_word' id='word_1_467' title='bbox 493 4390 648 4452; x_wconf 88' lang='lat' dir='ltr'><strong><em>bum,</em></strong></span> <span class='ocrx_word' id='word_1_468' title='bbox 682 4387 961 4456; x_wconf 75' lang='lat' dir='ltr'><strong><em>Christus,</em></strong></span> <span class='ocrx_word' id='word_1_469' title='bbox 993 4387 1194 4452; x_wconf 89' lang='lat' dir='ltr'><strong><em>Filius,</em></strong></span> <span class='ocrx_word' id='word_1_470' title='bbox 1227 4389 1321 4444; x_wconf 77' lang='lat' dir='ltr'><strong><em>lux</em></strong></span> <span class='ocrx_word' id='word_1_471' title='bbox 1357 4405 1520 4457; x_wconf 84' lang='lat' dir='ltr'><strong><em>vera;</em></strong></span> <span class='ocrx_word' id='word_1_472' title='bbox 1575 4389 1814 4462; x_wconf 86' lang='lat' dir='ltr'><strong><em>Spiritus</em></strong></span> <span class='ocrx_word' id='word_1_473' title='bbox 1851 4402 2082 4449; x_wconf 87' lang='lat' dir='ltr'><strong><em>sanctus</em></strong></span> 
     </span>
    </p>
   </div>
   <div class='ocr_carea' id='block_1_63' title="bbox 2179 1904 3772 1976">
    <p class='ocr_par' dir='ltr' id='par_1_63' title="bbox 2179 1904 3772 1976">
     <span class='ocr_line' id='line_1_63' title="bbox 2179 1904 3772 1976; baseline 0.001 -18"><span class='ocrx_word' id='word_1_474' title='bbox 2179 1907 2353 1958; x_wconf 86' lang='grc' dir='ltr'><em>κονία</em></span> <span class='ocrx_word' id='word_1_475' title='bbox 2381 1904 2488 1958; x_wconf 84' lang='grc' dir='ltr'><strong><em>τοῦ</em></strong></span> <span class='ocrx_word' id='word_1_476' title='bbox 2517 1906 2891 1975; x_wconf 84' lang='grc' dir='ltr'><em>Πνεύματος,</em></span> <span class='ocrx_word' id='word_1_477' title='bbox 2917 1905 3144 1960; x_wconf 76' lang='grc' dir='ltr'><em>καὶτοῦ</em></span> <span class='ocrx_word' id='word_1_478' title='bbox 3171 1907 3380 1976; x_wconf 71' lang='grc' dir='ltr'><em>λόγου.</em></span> <span class='ocrx_word' id='word_1_479' title='bbox 3415 1905 3772 1975; x_wconf 82' lang='grc' dir='ltr'><em>Προσέχετε,</em></span> 
     </span>
    </p>
   </div>
   <div class='ocr_carea' id='block_1_64' title="bbox 2181 1989 3776 2069">
    <p class='ocr_par' dir='ltr' id='par_1_64' title="bbox 2181 1989 3776 2069">
     <span class='ocr_line' id='line_1_64' title="bbox 2181 1989 3776 2069; baseline 0.001 -19"><span class='ocrx_word' id='word_1_480' title='bbox 2181 1998 2366 2068; x_wconf 61' lang='grc' dir='ltr'><em>φησιν,</em></span> <span class='ocrx_word' id='word_1_481' title='bbox 2391 1997 2651 2065; x_wconf 78' lang='grc' dir='ltr'><em>ἑαυτοῖς,</em></span> <span class='ocrx_word' id='word_1_482' title='bbox 2682 1999 2781 2052; x_wconf 74' lang='grc' dir='ltr'><em>καὶ</em></span> <span class='ocrx_word' id='word_1_483' title='bbox 2815 1999 2994 2052; x_wconf 75' lang='grc' dir='ltr'><em>παντί</em></span> <span class='ocrx_word' id='word_1_484' title='bbox 3031 1996 3112 2064; x_wconf 86' lang='grc' dir='ltr'><em>τῷ</em></span> <span class='ocrx_word' id='word_1_485' title='bbox 3141 1999 3418 2069; x_wconf 83' lang='grc' dir='ltr'><em>ποιμνίῳ,</em></span> <span class='ocrx_word' id='word_1_486' title='bbox 3445 1998 3517 2051; x_wconf 86' lang='grc' dir='ltr'><em>ἐν</em></span> <span class='ocrx_word' id='word_1_487' title='bbox 3534 1989 3584 2064; x_wconf 85' lang='grc' dir='ltr'><strong>ᾧ</strong></span> <span class='ocrx_word' id='word_1_488' title='bbox 3611 2000 3776 2053; x_wconf 85' lang='grc' dir='ltr'><em>ἑθετο</em></span> 
     </span>
    </p>
   </div>
   <div class='ocr_carea' id='block_1_65' title="bbox 2178 2089 3778 2161">
    <p class='ocr_par' dir='ltr' id='par_1_65' title="bbox 2178 2089 3778 2161">
     <span class='ocr_line' id='line_1_65' title="bbox 2178 2089 3778 2161; baseline -0.001 -17"><span class='ocrx_word' id='word_1_489' title='bbox 2178 2089 2335 2160; x_wconf 79' lang='grc' dir='ltr'><em>ὑμᾶς</em></span> <span class='ocrx_word' id='word_1_490' title='bbox 2358 2091 2424 2143; x_wconf 89' lang='grc' dir='ltr'><strong><em>τὸ</em></strong></span> <span class='ocrx_word' id='word_1_491' title='bbox 2455 2091 2697 2161; x_wconf 83' lang='grc' dir='ltr'><em>Πνεῦμα</em></span> <span class='ocrx_word' id='word_1_492' title='bbox 2720 2090 2786 2144; x_wconf 88' lang='grc' dir='ltr'><strong><em>τὸ</em></strong></span> <span class='ocrx_word' id='word_1_493' title='bbox 2817 2091 2988 2160; x_wconf 77' lang='grc' dir='ltr'><em>ἄτιον</em></span> <span class='ocrx_word' id='word_1_494' title='bbox 3013 2089 3408 2156; x_wconf 72' lang='grc' dir='ltr'><em>ἐπισκόπους,</em></span> <span class='ocrx_word' id='word_1_495' title='bbox 3433 2092 3778 2160; x_wconf 81' lang='grc' dir='ltr'><em>ποιμαίνειν</em></span> 
     </span>
    </p>
   </div>
   <div class='ocr_carea' id='block_1_66' title="bbox 2179 2181 3773 2256">
    <p class='ocr_par' dir='ltr' id='par_1_66' title="bbox 2179 2181 3773 2256">
     <span class='ocr_line' id='line_1_66' title="bbox 2179 2181 3773 2256; baseline 0.001 -20"><span class='ocrx_word' id='word_1_496' title='bbox 2179 2181 2334 2252; x_wconf 81' lang='grc' dir='ltr'><em>ὑμᾶς</em></span> <span class='ocrx_word' id='word_1_497' title='bbox 2367 2183 2482 2252; x_wconf 73' lang='grc' dir='ltr'><em>τὴν</em></span> <span class='ocrx_word' id='word_1_498' title='bbox 2517 2184 2887 2252; x_wconf 75' lang='grc' dir='ltr'><em>Ἐκκλησίαν</em></span> <span class='ocrx_word' id='word_1_499' title='bbox 2909 2183 3016 2238; x_wconf 89' lang='grc' dir='ltr'><strong><em>τοῦ</em></strong></span> <span class='ocrx_word' id='word_1_500' title='bbox 3036 2185 3184 2239; x_wconf 88' lang='grc' dir='ltr'><em>Θεοῦ</em></span> <span class='ocrx_word' id='word_1_501' title='bbox 3201 2201 3215 2216; x_wconf 90' lang='grc'><strong>·</strong></span> <span class='ocrx_word' id='word_1_502' title='bbox 3247 2185 3432 2256; x_wconf 82' lang='grc' dir='ltr'><em>ὅμοιον</em></span> <span class='ocrx_word' id='word_1_503' title='bbox 3457 2185 3537 2254; x_wconf 84' lang='grc' dir='ltr'><em>τῷ</em></span> <span class='ocrx_word' id='word_1_504' title='bbox 3563 2185 3738 2239; x_wconf 73' lang='grc' dir='ltr'><em>εἰπεῖν</em></span> <span class='ocrx_word' id='word_1_505' title='bbox 3759 2199 3773 2215; x_wconf 77' lang='grc'><strong><em>⁸</em></strong></span> 
     </span>
    </p>
   </div>
   <div class='ocr_carea' id='block_1_67' title="bbox 2180 2275 3778 2348">
    <p class='ocr_par' dir='ltr' id='par_1_67' title="bbox 2180 2275 3778 2348">
     <span class='ocr_line' id='line_1_67' title="bbox 2180 2275 3778 2348; baseline 0.003 -20"><span class='ocrx_word' id='word_1_506' title='bbox 2180 2275 2365 2345; x_wconf 83' lang='grc' dir='ltr'><em>Χάριν</em></span> <span class='ocrx_word' id='word_1_507' title='bbox 2405 2275 2524 2346; x_wconf 83' lang='grc' dir='ltr'><strong><em>ἔχω</em></strong></span> <span class='ocrx_word' id='word_1_508' title='bbox 2572 2275 2652 2342; x_wconf 86' lang='grc' dir='ltr'><em>τῷ</em></span> <span class='ocrx_word' id='word_1_509' title='bbox 2711 2275 3158 2347; x_wconf 72' lang='grc' dir='ltr'><em>ἐνδυναμοῦντί</em></span> <span class='ocrx_word' id='word_1_510' title='bbox 3195 2295 3272 2348; x_wconf 87' lang='grc' dir='ltr'><strong><em>με</em></strong></span> <span class='ocrx_word' id='word_1_511' title='bbox 3301 2276 3534 2346; x_wconf 85' lang='grc' dir='ltr'><em>Χριστῷ</em></span> <span class='ocrx_word' id='word_1_512' title='bbox 3573 2277 3778 2346; x_wconf 87' lang='grc' dir='ltr'><em>Ἰησοῦ</em></span> 
     </span>
    </p>
   </div>
   <div class='ocr_carea' id='block_1_68' title="bbox 2179 2367 3778 2440">
    <p class='ocr_par' dir='ltr' id='par_1_68' title="bbox 2179 2367 3778 2440">
     <span class='ocr_line' id='line_1_68' title="bbox 2179 2367 3778 2440; baseline 0.003 -19"><span class='ocrx_word' id='word_1_513' title='bbox 2179 2367 2260 2432; x_wconf 83' lang='grc' dir='ltr'><em>τῷ</em></span> <span class='ocrx_word' id='word_1_514' title='bbox 2289 2369 2483 2436; x_wconf 71' lang='grc' dir='ltr'><em>Κιφίῳ</em></span> <span class='ocrx_word' id='word_1_515' title='bbox 2519 2368 2711 2438; x_wconf 74' lang='grc' dir='ltr'><em>ἡμῶν,</em></span> <span class='ocrx_word' id='word_1_516' title='bbox 2745 2369 2837 2424; x_wconf 88' lang='grc' dir='ltr'><em>ὅτι</em></span> <span class='ocrx_word' id='word_1_517' title='bbox 2875 2373 3100 2426; x_wconf 80' lang='grc' dir='ltr'><em>πιστόν</em></span> <span class='ocrx_word' id='word_1_518' title='bbox 3113 2387 3192 2440; x_wconf 85' lang='grc' dir='ltr'><strong><em>με</em></strong></span> <span class='ocrx_word' id='word_1_519' title='bbox 3209 2369 3484 2440; x_wconf 77' lang='grc' dir='ltr'><em>ἡγήσατο</em></span> <span class='ocrx_word' id='word_1_520' title='bbox 3527 2373 3618 2438; x_wconf 84' lang='grc' dir='ltr'><strong><em>είς</em></strong></span> <span class='ocrx_word' id='word_1_521' title='bbox 3659 2370 3778 2426; x_wconf 84' lang='grc' dir='ltr'><em>δια-</em></span> 
     </span>
    </p>
   </div>
   <div class='ocr_carea' id='block_1_69' title="bbox 2181 2461 2691 2530">
    <p class='ocr_par' dir='ltr' id='par_1_69' title="bbox 2181 2461 2691 2530">
     <span class='ocr_line' id='line_1_69' title="bbox 2181 2461 2691 2530; baseline 0.014 -18"><span class='ocrx_word' id='word_1_522' title='bbox 2181 2461 2394 2514; x_wconf 82' lang='grc' dir='ltr'><em>κονίαν</em></span> <span class='ocrx_word' id='word_1_523' title='bbox 2421 2461 2691 2530; x_wconf 79' lang='grc' dir='ltr'><em>θέμενος.</em></span> 
     </span>
    </p>
   </div>
   <div class='ocr_carea' id='block_1_70' title="bbox 2253 2551 3778 2625">
    <p class='ocr_par' dir='ltr' id='par_1_70' title="bbox 2253 2551 3778 2625">
     <span class='ocr_line' id='line_1_70' title="bbox 2253 2551 3778 2625; baseline 0.001 -21"><span class='ocrx_word' id='word_1_524' title='bbox 2253 2553 2327 2604; x_wconf 87' lang='lat' dir='ltr'><strong><em>Z&#39;.</em></strong></span> <span class='ocrx_word' id='word_1_525' title='bbox 2369 2552 2632 2621; x_wconf 84' lang='grc' dir='ltr'><em>Συνεργεῖ</em></span> <span class='ocrx_word' id='word_1_526' title='bbox 2677 2551 2879 2616; x_wconf 83' lang='grc' dir='ltr'><em>τοίνυν,</em></span> <span class='ocrx_word' id='word_1_527' title='bbox 2908 2551 2985 2617; x_wconf 80' lang='grc' dir='ltr'><em>ὡς</em></span> <span class='ocrx_word' id='word_1_528' title='bbox 3011 2551 3415 2616; x_wconf 76' lang='grc' dir='ltr'><em>ἀποδέδεικται,</em></span> <span class='ocrx_word' id='word_1_529' title='bbox 3437 2551 3516 2624; x_wconf 81' lang='grc' dir='ltr'><em>τῷ</em></span> <span class='ocrx_word' id='word_1_530' title='bbox 3547 2553 3726 2625; x_wconf 68' lang='grc' dir='ltr'><em>Πατρὶ</em></span> <span class='ocrx_word' id='word_1_531' title='bbox 3747 2555 3778 2606; x_wconf 92' lang='lat'><strong><em>6</em></strong></span> 
     </span>
    </p>
   </div>
   <div class='ocr_carea' id='block_1_71' title="bbox 2183 2641 3776 2714">
    <p class='ocr_par' dir='ltr' id='par_1_71' title="bbox 2183 2641 3776 2714">
     <span class='ocr_line' id='line_1_71' title="bbox 2183 2641 3776 2714; baseline 0.001 -19"><span class='ocrx_word' id='word_1_532' title='bbox 2183 2642 2310 2706; x_wconf 81' lang='grc' dir='ltr'><em>Υἱὸς</em></span> <span class='ocrx_word' id='word_1_533' title='bbox 2337 2643 2517 2696; x_wconf 76' lang='grc' dir='ltr'><em>καὶτὸ</em></span> <span class='ocrx_word' id='word_1_534' title='bbox 2549 2643 2773 2714; x_wconf 82' lang='grc' dir='ltr'><em>Πνεῦμα</em></span> <span class='ocrx_word' id='word_1_535' title='bbox 2799 2644 2862 2697; x_wconf 89' lang='grc' dir='ltr'><strong><em>τὸ</em></strong></span> <span class='ocrx_word' id='word_1_536' title='bbox 2899 2643 3072 2714; x_wconf 71' lang='grc' dir='ltr'><em>ἅγιον.</em></span> <span class='ocrx_word' id='word_1_537' title='bbox 3109 2641 3192 2710; x_wconf 81' lang='grc' dir='ltr'>Τῷ</span> <span class='ocrx_word' id='word_1_538' title='bbox 3207 2644 3377 2714; x_wconf 75' lang='grc' dir='ltr'><em>Λόγῳ</em></span> <span class='ocrx_word' id='word_1_539' title='bbox 3407 2645 3517 2714; x_wconf 78' lang='grc' dir='ltr'><em>γὰρ</em></span> <span class='ocrx_word' id='word_1_540' title='bbox 3551 2645 3776 2712; x_wconf 66' lang='grc' dir='ltr'><em>Κιιρίου</em></span> 
     </span>
    </p>
   </div>
   <div class='ocr_carea' id='block_1_72' title="bbox 2180 2733 3777 2806">
    <p class='ocr_par' dir='ltr' id='par_1_72' title="bbox 2180 2733 3777 2806">
     <span class='ocr_line' id='line_1_72' title="bbox 2180 2733 3777 2806; baseline 0.002 -18"><span class='ocrx_word' id='word_1_541' title='bbox 2180 2737 2235 2788; x_wconf 83' lang='grc' dir='ltr'><em>οι</em></span> <span class='ocrx_word' id='word_1_542' title='bbox 2257 2733 2500 2802; x_wconf 73' lang='grc' dir='ltr'><em>οὐρανοὶ</em></span> <span class='ocrx_word' id='word_1_543' title='bbox 2559 2735 3036 2804; x_wconf 85' lang='grc' dir='ltr'><em>ἐστερεώθησαν,</em></span> <span class='ocrx_word' id='word_1_544' title='bbox 3091 2735 3192 2790; x_wconf 75' lang='grc' dir='ltr'><strong><em>καί</em></strong></span> <span class='ocrx_word' id='word_1_545' title='bbox 3237 2733 3320 2802; x_wconf 85' lang='grc' dir='ltr'><em>τῷ</em></span> <span class='ocrx_word' id='word_1_546' title='bbox 3348 2738 3648 2806; x_wconf 87' lang='grc' dir='ltr'><em>Πνεύματι</em></span> <span class='ocrx_word' id='word_1_547' title='bbox 3670 2737 3777 2792; x_wconf 88' lang='grc' dir='ltr'><strong><em>τοῦ</em></strong></span> 
     </span>
    </p>
   </div>
   <div class='ocr_carea' id='block_1_73' title="bbox 2179 2824 3776 2899">
    <p class='ocr_par' dir='ltr' id='par_1_73' title="bbox 2179 2824 3776 2899">
     <span class='ocr_line' id='line_1_73' title="bbox 2179 2824 3776 2899; baseline 0.001 -19"><span class='ocrx_word' id='word_1_548' title='bbox 2179 2828 2481 2894; x_wconf 85' lang='grc' dir='ltr'><em>στόματος</em></span> <span class='ocrx_word' id='word_1_549' title='bbox 2531 2827 2719 2882; x_wconf 82' lang='grc' dir='ltr'><em>αὑτοῦ</em></span> <span class='ocrx_word' id='word_1_550' title='bbox 2761 2824 2938 2881; x_wconf 80' lang='grc' dir='ltr'><em>πᾶσα</em></span> <span class='ocrx_word' id='word_1_551' title='bbox 2981 2827 3021 2896; x_wconf 76' lang='grc' dir='ltr'><em>ἠ</em></span> <span class='ocrx_word' id='word_1_552' title='bbox 3069 2827 3326 2898; x_wconf 87' lang='grc' dir='ltr'><em>δύναμις</em></span> <span class='ocrx_word' id='word_1_553' title='bbox 3359 2827 3570 2884; x_wconf 86' lang='grc' dir='ltr'><em>αὑτοῦ.</em></span> <span class='ocrx_word' id='word_1_554' title='bbox 3595 2829 3776 2899; x_wconf 85' lang='grc' dir='ltr'><em>Προσ-</em></span> 
     </span>
    </p>
   </div>
   <div class='ocr_carea' id='block_1_74' title="bbox 2182 2918 3778 2990">
    <p class='ocr_par' dir='ltr' id='par_1_74' title="bbox 2182 2918 3778 2990">
     <span class='ocr_line' id='line_1_74' title="bbox 2182 2918 3778 2990; baseline 0.001 -18"><span class='ocrx_word' id='word_1_555' title='bbox 2182 2918 2412 2989; x_wconf 87' lang='grc' dir='ltr'><em>κυνητὸν</em></span> <span class='ocrx_word' id='word_1_556' title='bbox 2449 2918 2506 2972; x_wconf 80' lang='grc' dir='ltr'><em>δὲ</em></span> <span class='ocrx_word' id='word_1_557' title='bbox 2525 2919 2588 2972; x_wconf 77' lang='grc' dir='ltr'><strong><em>τὸ</em></strong></span> <span class='ocrx_word' id='word_1_558' title='bbox 2627 2919 2853 2990; x_wconf 82' lang='grc' dir='ltr'><em>Πνεῦμα</em></span> <span class='ocrx_word' id='word_1_559' title='bbox 2907 2919 2970 2973; x_wconf 82' lang='grc' dir='ltr'><strong><em>τὸ</em></strong></span> <span class='ocrx_word' id='word_1_560' title='bbox 3001 2919 3180 2988; x_wconf 79' lang='grc' dir='ltr'><em>ἅγιον·</em></span> <span class='ocrx_word' id='word_1_561' title='bbox 3248 2919 3392 2987; x_wconf 82' lang='grc' dir='ltr'><em>Τοὺς</em></span> <span class='ocrx_word' id='word_1_562' title='bbox 3447 2921 3557 2989; x_wconf 73' lang='grc' dir='ltr'><em>γὰρ</em></span> <span class='ocrx_word' id='word_1_563' title='bbox 3597 2935 3778 2990; x_wconf 78' lang='grc' dir='ltr'><em>προσ-</em></span> 
     </span>
    </p>
   </div>
   <div class='ocr_carea' id='block_1_75' title="bbox 2181 3007 3778 3082">
    <p class='ocr_par' dir='ltr' id='par_1_75' title="bbox 2181 3007 3778 3082">
     <span class='ocr_line' id='line_1_75' title="bbox 2181 3007 3778 3082; baseline 0.003 -20"><span class='ocrx_word' id='word_1_564' title='bbox 2181 3009 2522 3076; x_wconf 86' lang='grc' dir='ltr'><em>κυνοῦντας</em></span> <span class='ocrx_word' id='word_1_565' title='bbox 2563 3007 2705 3076; x_wconf 85' lang='grc' dir='ltr'><em>Θεῷ,</em></span> <span class='ocrx_word' id='word_1_566' title='bbox 2747 3011 3051 3080; x_wconf 86' lang='grc' dir='ltr'><em>Πνεύματι</em></span> <span class='ocrx_word' id='word_1_567' title='bbox 3119 3011 3216 3066; x_wconf 85' lang='grc' dir='ltr'><em>δεῖ</em></span> <span class='ocrx_word' id='word_1_568' title='bbox 3261 3011 3633 3082; x_wconf 83' lang='grc' dir='ltr'><em>προσκυνεῖν</em></span> <span class='ocrx_word' id='word_1_569' title='bbox 3679 3013 3778 3066; x_wconf 75' lang='grc' dir='ltr'><em>καὶ</em></span> 
     </span>
    </p>
   </div>
   <div class='ocr_carea' id='block_1_76' title="bbox 2181 3101 3777 3174">
    <p class='ocr_par' dir='ltr' id='par_1_76' title="bbox 2181 3101 3777 3174">
     <span class='ocr_line' id='line_1_76' title="bbox 2181 3101 3777 3174; baseline 0.001 -18"><span class='ocrx_word' id='word_1_570' title='bbox 2181 3101 2457 3168; x_wconf 79' lang='grc' dir='ltr'><em>ἀληθείᾳ.</em></span> <span class='ocrx_word' id='word_1_571' title='bbox 2489 3103 2554 3154; x_wconf 78' lang='lat' dir='ltr'><strong><em>Et</em></strong></span> <span class='ocrx_word' id='word_1_572' title='bbox 2591 3101 2647 3156; x_wconf 80' lang='grc' dir='ltr'><em>δὲ</em></span> <span class='ocrx_word' id='word_1_573' title='bbox 2689 3105 2941 3174; x_wconf 81' lang='grc' dir='ltr'><em>συνεργεῖ</em></span> <span class='ocrx_word' id='word_1_574' title='bbox 2987 3105 3017 3174; x_wconf 84' lang='grc' dir='ltr'><strong>ἡ</strong></span> <span class='ocrx_word' id='word_1_575' title='bbox 3075 3101 3326 3174; x_wconf 79' lang='grc' dir='ltr'><em>ἀλήθεια,</em></span> <span class='ocrx_word' id='word_1_576' title='bbox 3377 3105 3556 3170; x_wconf 86' lang='grc' dir='ltr'><em>κτίσις</em></span> <span class='ocrx_word' id='word_1_577' title='bbox 3601 3106 3777 3159; x_wconf 81' lang='grc' dir='ltr'><em>κτίσιν</em></span> 
     </span>
    </p>
   </div>
   <div class='ocr_carea' id='block_1_77' title="bbox 2185 3189 3778 3268">
    <p class='ocr_par' dir='ltr' id='par_1_77' title="bbox 2185 3189 3778 3268">
     <span class='ocr_line' id='line_1_77' title="bbox 2185 3189 3778 3268; baseline 0.002 -20"><span class='ocrx_word' id='word_1_578' title='bbox 2185 3197 2285 3248; x_wconf 82' lang='grc' dir='ltr'><em>οὐκ</em></span> <span class='ocrx_word' id='word_1_579' title='bbox 2313 3193 2628 3266; x_wconf 78' lang='grc' dir='ltr'><em>ἐργάζεται,</em></span> <span class='ocrx_word' id='word_1_580' title='bbox 2685 3195 2808 3248; x_wconf 80' lang='grc' dir='ltr'><em>οὐδὲ</em></span> <span class='ocrx_word' id='word_1_581' title='bbox 2863 3195 3057 3267; x_wconf 79' lang='grc' dir='ltr'><em>κτιστὴ</em></span> <span class='ocrx_word' id='word_1_582' title='bbox 3087 3195 3120 3268; x_wconf 81' lang='grc' dir='ltr'>ἡ</span> <span class='ocrx_word' id='word_1_583' title='bbox 3149 3195 3341 3266; x_wconf 83' lang='grc' dir='ltr'><em>θεότης</em></span> <span class='ocrx_word' id='word_1_584' title='bbox 3367 3195 3600 3265; x_wconf 83' lang='grc' dir='ltr'><em>γίνεται,</em></span> <span class='ocrx_word' id='word_1_585' title='bbox 3659 3189 3778 3251; x_wconf 62' lang='grc' dir='ltr'><strong><em>οὐδὲ</em></strong></span> 
     </span>
    </p>
   </div>
   <div class='ocr_carea' id='block_1_78' title="bbox 2186 3286 3778 3361">
    <p class='ocr_par' dir='ltr' id='par_1_78' title="bbox 2186 3286 3778 3361">
     <span class='ocr_line' id='line_1_78' title="bbox 2186 3286 3778 3361; baseline 0.003 -23"><span class='ocrx_word' id='word_1_586' title='bbox 2186 3287 2244 3340; x_wconf 81' lang='grc' dir='ltr'><em>ὲν</em></span> <span class='ocrx_word' id='word_1_587' title='bbox 2309 3287 2492 3358; x_wconf 83' lang='grc' dir='ltr'><em>μέτρῳ</em></span> <span class='ocrx_word' id='word_1_588' title='bbox 2547 3286 2582 3357; x_wconf 82' lang='grc' dir='ltr'><strong>ἢ</strong></span> <span class='ocrx_word' id='word_1_589' title='bbox 2633 3291 2856 3358; x_wconf 78' lang='grc' dir='ltr'><em>περιοχῇ</em></span> <span class='ocrx_word' id='word_1_590' title='bbox 2889 3287 3024 3351; x_wconf 86' lang='grc' dir='ltr'><em>Θεὸς</em></span> <span class='ocrx_word' id='word_1_591' title='bbox 3069 3286 3421 3356; x_wconf 76' lang='grc' dir='ltr'><em>γινώσκεται.</em></span> <span class='ocrx_word' id='word_1_592' title='bbox 3451 3289 3607 3342; x_wconf 84' lang='grc' dir='ltr'><em>Ἔστι</em></span> <span class='ocrx_word' id='word_1_593' title='bbox 3670 3289 3778 3361; x_wconf 79' lang='grc' dir='ltr'><em>γὰρ</em></span> 
     </span>
    </p>
   </div>
   <div class='ocr_carea' id='block_1_79' title="bbox 2185 3379 3776 3452">
    <p class='ocr_par' dir='ltr' id='par_1_79' title="bbox 2185 3379 3776 3452">
     <span class='ocr_line' id='line_1_79' title="bbox 2185 3379 3776 3452; baseline 0.001 -18"><span class='ocrx_word' id='word_1_594' title='bbox 2185 3379 2588 3450; x_wconf 83' lang='grc' dir='ltr'><em>ἀπερίγραφος,</em></span> <span class='ocrx_word' id='word_1_595' title='bbox 2651 3379 2966 3452; x_wconf 82' lang='grc' dir='ltr'><em>ἀχώρητος,</em></span> <span class='ocrx_word' id='word_1_596' title='bbox 3013 3381 3392 3452; x_wconf 82' lang='grc' dir='ltr'><em>ἀπερινόητος.</em></span> <span class='ocrx_word' id='word_1_597' title='bbox 3433 3381 3614 3436; x_wconf 83' lang='grc' dir='ltr'><em>πάντα</em></span> <span class='ocrx_word' id='word_1_598' title='bbox 3676 3397 3776 3436; x_wconf 82' lang='grc' dir='ltr'><strong><em>πε-</em></strong></span> 
     </span>
    </p>
   </div>
   <div class='ocr_carea' id='block_1_80' title="bbox 2187 3471 3775 3546">
    <p class='ocr_par' dir='ltr' id='par_1_80' title="bbox 2187 3471 3775 3546">
     <span class='ocr_line' id='line_1_80' title="bbox 2187 3471 3775 3546; baseline 0.003 -23"><span class='ocrx_word' id='word_1_599' title='bbox 2187 3472 2500 3544; x_wconf 82' lang='grc' dir='ltr'><em>ριεχόμενος</em></span> <span class='ocrx_word' id='word_1_600' title='bbox 2551 3471 2620 3524; x_wconf 83' lang='grc' dir='ltr'><em>τὰ</em></span> <span class='ocrx_word' id='word_1_601' title='bbox 2680 3473 2955 3544; x_wconf 86' lang='grc' dir='ltr'><em>ποιήματα</em></span> <span class='ocrx_word' id='word_1_602' title='bbox 2995 3471 3088 3526; x_wconf 83' lang='grc' dir='ltr'><strong><em>τοῦ</em></strong></span> <span class='ocrx_word' id='word_1_603' title='bbox 3147 3472 3306 3526; x_wconf 86' lang='grc' dir='ltr'><em>Θεοῦ.</em></span> <span class='ocrx_word' id='word_1_604' title='bbox 3351 3474 3425 3526; x_wconf 85' lang='grc' dir='ltr'>υύ</span> <span class='ocrx_word' id='word_1_605' title='bbox 3471 3472 3775 3546; x_wconf 82' lang='grc' dir='ltr'><em>λατρευτέα</em></span> 
     </span>
    </p>
   </div>
   <div class='ocr_carea' id='block_1_81' title="bbox 2183 3563 3776 3636">
    <p class='ocr_par' dir='ltr' id='par_1_81' title="bbox 2183 3563 3776 3636">
     <span class='ocr_line' id='line_1_81' title="bbox 2183 3563 3776 3636; baseline 0.001 -18"><span class='ocrx_word' id='word_1_606' title='bbox 2183 3563 2242 3618; x_wconf 85' lang='grc' dir='ltr'><em>δὲ</em></span> <span class='ocrx_word' id='word_1_607' title='bbox 2297 3565 2330 3636; x_wconf 85' lang='grc' dir='ltr'><strong>ή</strong></span> <span class='ocrx_word' id='word_1_608' title='bbox 2381 3563 2580 3629; x_wconf 84' lang='grc' dir='ltr'><em>κτίσις.</em></span> <span class='ocrx_word' id='word_1_609' title='bbox 2620 3563 3030 3632; x_wconf 77' lang='grc' dir='ltr'><em>Ἐλάτρευσαν</em></span> <span class='ocrx_word' id='word_1_610' title='bbox 3085 3563 3195 3636; x_wconf 87' lang='grc' dir='ltr'><em>γὰρ</em></span> <span class='ocrx_word' id='word_1_611' title='bbox 3250 3563 3328 3634; x_wconf 80' lang='grc' dir='ltr'><em>τῇ</em></span> <span class='ocrx_word' id='word_1_612' title='bbox 3377 3565 3573 3620; x_wconf 85' lang='grc' dir='ltr'><em>κτίσει</em></span> <span class='ocrx_word' id='word_1_613' title='bbox 3617 3567 3776 3635; x_wconf 77' lang='grc' dir='ltr'><em>παρὰ</em></span> 
     </span>
    </p>
   </div>
   <div class='ocr_carea' id='block_1_82' title="bbox 2184 3655 3774 3732">
    <p class='ocr_par' dir='ltr' id='par_1_82' title="bbox 2184 3655 3774 3732">
     <span class='ocr_line' id='line_1_82' title="bbox 2184 3655 3774 3732; baseline 0.002 -22"><span class='ocrx_word' id='word_1_614' title='bbox 2184 3655 2294 3710; x_wconf 87' lang='grc' dir='ltr'><strong><em>τὸν</em></strong></span> <span class='ocrx_word' id='word_1_615' title='bbox 2339 3658 2654 3721; x_wconf 82' lang='grc' dir='ltr'><em>κτίσαντα,</em></span> <span class='ocrx_word' id='word_1_616' title='bbox 2727 3657 2826 3710; x_wconf 81' lang='grc' dir='ltr'><em>καὶ</em></span> <span class='ocrx_word' id='word_1_617' title='bbox 2853 3655 3334 3726; x_wconf 74' lang='grc' dir='ltr'><em>ἷέμωριίνθησαν.</em></span> <span class='ocrx_word' id='word_1_618' title='bbox 3393 3659 3520 3722; x_wconf 85' lang='grc' dir='ltr'><strong><em>Πῶς</em></strong></span> <span class='ocrx_word' id='word_1_619' title='bbox 3563 3659 3673 3732; x_wconf 81' lang='grc' dir='ltr'><em>γὰρ</em></span> <span class='ocrx_word' id='word_1_620' title='bbox 3713 3661 3774 3713; x_wconf 86' lang='grc' dir='ltr'><em>οὐ</em></span> 
     </span>
    </p>
   </div>
   <div class='ocr_carea' id='block_1_83' title="bbox 2187 3747 3776 3824">
    <p class='ocr_par' dir='ltr' id='par_1_83' title="bbox 2187 3747 3776 3824">
     <span class='ocr_line' id='line_1_83' title="bbox 2187 3747 3776 3824; baseline 0 -22"><span class='ocrx_word' id='word_1_621' title='bbox 2187 3747 2397 3820; x_wconf 83' lang='grc' dir='ltr'><em>μωρὸν,</em></span> <span class='ocrx_word' id='word_1_622' title='bbox 2456 3749 2635 3804; x_wconf 85' lang='grc' dir='ltr'><em>κτίσιν</em></span> <span class='ocrx_word' id='word_1_623' title='bbox 2688 3748 2978 3818; x_wconf 82' lang='grc' dir='ltr'><em>θεολογεῖν,</em></span> <span class='ocrx_word' id='word_1_624' title='bbox 3035 3747 3250 3803; x_wconf 83' lang='grc' dir='ltr'><em>ἀθετεῖν</em></span> <span class='ocrx_word' id='word_1_625' title='bbox 3310 3749 3368 3802; x_wconf 82' lang='grc' dir='ltr'><em>δὲ</em></span> <span class='ocrx_word' id='word_1_626' title='bbox 3410 3751 3628 3822; x_wconf 86' lang='grc' dir='ltr'><em>Πατρὸς</em></span> <span class='ocrx_word' id='word_1_627' title='bbox 3677 3752 3776 3824; x_wconf 78' lang='grc' dir='ltr'><em>τὴν</em></span> 
     </span>
    </p>
   </div>
   <div class='ocr_carea' id='block_1_84' title="bbox 2183 3839 3776 3912">
    <p class='ocr_par' dir='ltr' id='par_1_84' title="bbox 2183 3839 3776 3912">
     <span class='ocr_line' id='line_1_84' title="bbox 2183 3839 3776 3912; baseline 0.003 -18"><span class='ocrx_word' id='word_1_628' title='bbox 2183 3839 2406 3912; x_wconf 75' lang='grc' dir='ltr'><em>ἐντολὴν</em></span> <span class='ocrx_word' id='word_1_629' title='bbox 2435 3841 2534 3911; x_wconf 83' lang='grc' dir='ltr'><em>τὴν</em></span> <span class='ocrx_word' id='word_1_630' title='bbox 2562 3839 2830 3908; x_wconf 79' lang='grc' dir='ltr'><em>λέγουσαν</em></span> <span class='ocrx_word' id='word_1_631' title='bbox 2855 3857 2868 3870; x_wconf 94' lang='grc'><strong>·</strong></span> <span class='ocrx_word' id='word_1_632' title='bbox 2905 3840 3135 3900; x_wconf 80' lang='grc' dir='ltr'><em>Ἄκουε.</em></span> <span class='ocrx_word' id='word_1_633' title='bbox 3181 3840 3451 3908; x_wconf 80' lang='grc' dir='ltr'><em>Ἰσραὴλ,</em></span> <span class='ocrx_word' id='word_1_634' title='bbox 3493 3842 3708 3910; x_wconf 81' lang='grc' dir='ltr'><em>Κύριος</em></span> <span class='ocrx_word' id='word_1_635' title='bbox 3741 3847 3776 3898; x_wconf 81' lang='grc' dir='ltr'><em>ὁ</em></span> 
     </span>
    </p>
   </div>
   <div class='ocr_carea' id='block_1_85' title="bbox 2187 3929 3776 4002">
    <p class='ocr_par' dir='ltr' id='par_1_85' title="bbox 2187 3929 3776 4002">
     <span class='ocr_line' id='line_1_85' title="bbox 2187 3929 3776 4002; baseline -0.001 -13"><span class='ocrx_word' id='word_1_636' title='bbox 2187 3935 2334 4000; x_wconf 83' lang='grc' dir='ltr'><em>Θεός</em></span> <span class='ocrx_word' id='word_1_637' title='bbox 2385 3949 2505 3990; x_wconf 89' lang='grc' dir='ltr'><strong><em>σου</em></strong></span> <span class='ocrx_word' id='word_1_638' title='bbox 2553 3929 2642 4000; x_wconf 85' lang='grc' dir='ltr'><em>εἷς</em></span> <span class='ocrx_word' id='word_1_639' title='bbox 2685 3933 2878 3987; x_wconf 81' lang='grc' dir='ltr'><em>ἐστιν.</em></span> <span class='ocrx_word' id='word_1_640' title='bbox 2915 3931 3042 3987; x_wconf 83' lang='grc' dir='ltr'><strong><em>Οὐκ</em></strong></span> <span class='ocrx_word' id='word_1_641' title='bbox 3092 3933 3266 3987; x_wconf 78' lang='grc' dir='ltr'><em>ἔσται</em></span> <span class='ocrx_word' id='word_1_642' title='bbox 3285 3935 3332 3966; x_wconf 76' lang='grc' dir='ltr'><strong><em>’θ</em></strong></span> <span class='ocrx_word' id='word_1_643' title='bbox 3361 3934 3432 3988; x_wconf 84' lang='grc' dir='ltr'><em>ὲν</em></span> <span class='ocrx_word' id='word_1_644' title='bbox 3475 3933 3578 3989; x_wconf 78' lang='grc' dir='ltr'><em>σοὶ</em></span> <span class='ocrx_word' id='word_1_645' title='bbox 3633 3934 3776 4002; x_wconf 81' lang='grc' dir='ltr'><em>Θεὸς</em></span> 
     </span>
    </p>
   </div>
   <div class='ocr_carea' id='block_1_86' title="bbox 2185 4024 3779 4098">
    <p class='ocr_par' dir='ltr' id='par_1_86' title="bbox 2185 4024 3779 4098">
     <span class='ocr_line' id='line_1_86' title="bbox 2185 4024 3779 4098; baseline 0.003 -22"><span class='ocrx_word' id='word_1_646' title='bbox 2185 4026 2573 4094; x_wconf 72' lang='grc' dir='ltr'><em>πρόσφατος;</em></span> <span class='ocrx_word' id='word_1_647' title='bbox 2621 4025 2708 4078; x_wconf 90' lang='grc' dir='ltr'><em>Ἐν</em></span> <span class='ocrx_word' id='word_1_648' title='bbox 2768 4025 2807 4078; x_wconf 88' lang='grc' dir='ltr'><strong>Γ</strong></span> <span class='ocrx_word' id='word_1_649' title='bbox 2815 4027 3012 4096; x_wconf 84' lang='grc' dir='ltr'><em>ραφαῖς</em></span> <span class='ocrx_word' id='word_1_650' title='bbox 3061 4024 3120 4078; x_wconf 83' lang='grc' dir='ltr'><em>δὲ</em></span> <span class='ocrx_word' id='word_1_651' title='bbox 3172 4025 3357 4094; x_wconf 79' lang='grc' dir='ltr'><em>ἁγίαις</em></span> <span class='ocrx_word' id='word_1_652' title='bbox 3393 4027 3636 4098; x_wconf 78' lang='grc' dir='ltr'><em>ὀνόματα</em></span> <span class='ocrx_word' id='word_1_653' title='bbox 3659 4025 3779 4082; x_wconf 84' lang='grc' dir='ltr'><em>διά-</em></span> 
     </span>
    </p>
   </div>
   <div class='ocr_carea' id='block_1_87' title="bbox 2187 4117 3777 4189">
    <p class='ocr_par' dir='ltr' id='par_1_87' title="bbox 2187 4117 3777 4189">
     <span class='ocr_line' id='line_1_87' title="bbox 2187 4117 3777 4189; baseline 0.001 -18"><span class='ocrx_word' id='word_1_654' title='bbox 2187 4135 2329 4188; x_wconf 85' lang='grc' dir='ltr'><em>φορα</em></span> <span class='ocrx_word' id='word_1_655' title='bbox 2382 4117 2628 4173; x_wconf 81' lang='grc' dir='ltr'><em>καλεῖται</em></span> <span class='ocrx_word' id='word_1_656' title='bbox 2685 4118 2921 4188; x_wconf 86' lang='grc' dir='ltr'><em>Πατρὸς,</em></span> <span class='ocrx_word' id='word_1_657' title='bbox 2951 4118 3046 4171; x_wconf 76' lang='grc' dir='ltr'><em>καὶ</em></span> <span class='ocrx_word' id='word_1_658' title='bbox 3073 4117 3229 4182; x_wconf 84' lang='grc' dir='ltr'><em>Υἱοῦ,</em></span> <span class='ocrx_word' id='word_1_659' title='bbox 3285 4119 3378 4173; x_wconf 73' lang='grc' dir='ltr'><em>καὶ</em></span> <span class='ocrx_word' id='word_1_660' title='bbox 3417 4120 3574 4189; x_wconf 82' lang='grc' dir='ltr'><em>ἁγίου</em></span> <span class='ocrx_word' id='word_1_661' title='bbox 3607 4120 3777 4174; x_wconf 77' lang='grc' dir='ltr'><em>Πνεῦ-</em></span> 
     </span>
    </p>
   </div>
   <div class='ocr_carea' id='block_1_88' title="bbox 2189 4207 3776 4283">
    <p class='ocr_par' dir='ltr' id='par_1_88' title="bbox 2189 4207 3776 4283">
     <span class='ocr_line' id='line_1_88' title="bbox 2189 4207 3776 4283; baseline -0.001 -19"><span class='ocrx_word' id='word_1_662' title='bbox 2189 4225 2390 4280; x_wconf 83' lang='grc' dir='ltr'><em>ματος·</em></span> <span class='ocrx_word' id='word_1_663' title='bbox 2447 4207 2662 4279; x_wconf 84' lang='grc' dir='ltr'><em>Πατρὸς</em></span> <span class='ocrx_word' id='word_1_664' title='bbox 2721 4209 2820 4278; x_wconf 80' lang='grc' dir='ltr'><em>μὲν</em></span> <span class='ocrx_word' id='word_1_665' title='bbox 2870 4207 3060 4280; x_wconf 83' lang='grc' dir='ltr'><em>Πατὴρ</em></span> <span class='ocrx_word' id='word_1_666' title='bbox 3107 4209 3524 4281; x_wconf 80' lang='grc' dir='ltr'><em>παντοκράτωρ,</em></span> <span class='ocrx_word' id='word_1_667' title='bbox 3585 4209 3776 4283; x_wconf 82' lang='grc' dir='ltr'><em>Πατὴρ</em></span> 
     </span>
    </p>
   </div>
   <div class='ocr_carea' id='block_1_89' title="bbox 2186 4299 3772 4374">
    <p class='ocr_par' dir='ltr' id='par_1_89' title="bbox 2186 4299 3772 4374">
     <span class='ocr_line' id='line_1_89' title="bbox 2186 4299 3772 4374; baseline 0.002 -20"><span class='ocrx_word' id='word_1_668' title='bbox 2186 4299 2464 4364; x_wconf 82' lang='grc' dir='ltr'><em>ἁπάντων,</em></span> <span class='ocrx_word' id='word_1_669' title='bbox 2483 4300 2676 4371; x_wconf 79' lang='grc' dir='ltr'><em>Πατὴρ</em></span> <span class='ocrx_word' id='word_1_670' title='bbox 2697 4299 2956 4370; x_wconf 83' lang='grc' dir='ltr'><em>Χριστοῦ·</em></span> <span class='ocrx_word' id='word_1_671' title='bbox 2983 4301 3189 4374; x_wconf 79' lang='grc' dir='ltr'><em>Κυρίου</em></span> <span class='ocrx_word' id='word_1_672' title='bbox 3213 4301 3268 4356; x_wconf 80' lang='grc' dir='ltr'><em>δὲ</em></span> <span class='ocrx_word' id='word_1_673' title='bbox 3293 4301 3486 4370; x_wconf 83' lang='grc' dir='ltr'><em>Λόγος,</em></span> <span class='ocrx_word' id='word_1_674' title='bbox 3515 4303 3772 4374; x_wconf 87' lang='grc' dir='ltr'><em>Χριστὸς,</em></span> 
     </span>
    </p>
   </div>
   <div class='ocr_carea' id='block_1_90' title="bbox 2185 4393 3774 4469">
    <p class='ocr_par' dir='ltr' id='par_1_90' title="bbox 2185 4393 3774 4469">
     <span class='ocr_line' id='line_1_90' title="bbox 2185 4393 3774 4469; baseline 0.003 -23"><span class='ocrx_word' id='word_1_675' title='bbox 2185 4393 2336 4458; x_wconf 83' lang='grc' dir='ltr'><em>Υἱὸς,</em></span> <span class='ocrx_word' id='word_1_676' title='bbox 2373 4394 2489 4462; x_wconf 81' lang='grc' dir='ltr'><em>φῶς</em></span> <span class='ocrx_word' id='word_1_677' title='bbox 2504 4393 2760 4464; x_wconf 72' lang='grc' dir='ltr'><em>ἀληθινόν</em></span> <span class='ocrx_word' id='word_1_678' title='bbox 2782 4410 2798 4425; x_wconf 75' lang='grc' dir='ltr'><strong>ο</strong></span> <span class='ocrx_word' id='word_1_679' title='bbox 2822 4394 2918 4448; x_wconf 88' lang='grc' dir='ltr'><strong><em>τοῦ</em></strong></span> <span class='ocrx_word' id='word_1_680' title='bbox 2945 4395 3003 4448; x_wconf 85' lang='grc' dir='ltr'><em>δὲ</em></span> <span class='ocrx_word' id='word_1_681' title='bbox 3037 4395 3194 4463; x_wconf 81' lang='grc' dir='ltr'><em>ἁγίου</em></span> <span class='ocrx_word' id='word_1_682' title='bbox 3231 4395 3550 4468; x_wconf 80' lang='grc' dir='ltr'><em>Πνεύματος</em></span> <span class='ocrx_word' id='word_1_683' title='bbox 3583 4395 3774 4469; x_wconf 83' lang='grc' dir='ltr'><em>Παρά-</em></span> 
     </span>
    </p>
   </div>
   <div class='ocr_carea' id='block_1_91' title="bbox 495 4475 2080 4560">
    <p class='ocr_par' dir='ltr' id='par_1_91' title="bbox 495 4475 2077 4555">
     <span class='ocr_line' id='line_1_91' title="bbox 495 4475 2077 4555; baseline 0.005 -21"><span class='ocrx_word' id='word_1_684' title='bbox 495 4479 762 4550; x_wconf 89' lang='lat' dir='ltr'><strong><em>denique,</em></strong></span> <span class='ocrx_word' id='word_1_685' title='bbox 816 4475 1158 4546; x_wconf 84' lang='lat' dir='ltr'><strong><em>Paracletus,</em></strong></span> <span class='ocrx_word' id='word_1_686' title='bbox 1216 4479 1458 4552; x_wconf 88' lang='lat' dir='ltr'><strong><em>Spiritus</em></strong></span> <span class='ocrx_word' id='word_1_687' title='bbox 1503 4483 1789 4549; x_wconf 85' lang='lat' dir='ltr'><strong><em>veritatis,</em></strong></span> <span class='ocrx_word' id='word_1_688' title='bbox 1840 4483 2077 4555; x_wconf 89' lang='lat' dir='ltr'><strong><em>Spiritus</em></strong></span> 
     </span>
    </p>
   </div>
   <div class='ocr_carea' id='block_1_92' title="bbox 2182 4475 3774 4560">
    <p class='ocr_par' dir='ltr' id='par_1_92' title="bbox 2182 4483 3774 4560">
     <span class='ocr_line' id='line_1_92' title="bbox 2182 4483 3774 4560; baseline 0.002 -21"><span class='ocrx_word' id='word_1_689' title='bbox 2182 4485 2398 4554; x_wconf 81' lang='grc' dir='ltr'><em>κλητος,</em></span> <span class='ocrx_word' id='word_1_690' title='bbox 2445 4483 2672 4556; x_wconf 79' lang='grc' dir='ltr'><em>Πνεῦμα</em></span> <span class='ocrx_word' id='word_1_691' title='bbox 2734 4485 3014 4556; x_wconf 82' lang='grc' dir='ltr'><em>ἀληθείας,</em></span> <span class='ocrx_word' id='word_1_692' title='bbox 3050 4487 3276 4558; x_wconf 80' lang='grc' dir='ltr'><em>Πνεῦμα</em></span> <span class='ocrx_word' id='word_1_693' title='bbox 3330 4488 3488 4548; x_wconf 86' lang='grc' dir='ltr'><em>Θεοῦ.</em></span> <span class='ocrx_word' id='word_1_694' title='bbox 3547 4489 3774 4560; x_wconf 84' lang='grc' dir='ltr'><em>Πνεῦμα</em></span> 
     </span>
    </p>
   </div>
   <div class='ocr_carea' id='block_1_93' title="bbox 495 4571 2078 4642">
    <p class='ocr_par' dir='ltr' id='par_1_93' title="bbox 495 4571 2078 4642">
     <span class='ocr_line' id='line_1_93' title="bbox 495 4571 2078 4642; baseline 0.003 -14"><span class='ocrx_word' id='word_1_695' title='bbox 495 4573 614 4636; x_wconf 89' lang='lat' dir='ltr'><strong><em>Dei,</em></strong></span> <span class='ocrx_word' id='word_1_696' title='bbox 639 4571 877 4642; x_wconf 78' lang='lat' dir='ltr'><strong><em>Spiritus</em></strong></span> <span class='ocrx_word' id='word_1_697' title='bbox 907 4571 1133 4626; x_wconf 89' lang='lat' dir='ltr'><strong><em>Christi.</em></strong></span> <span class='ocrx_word' id='word_1_698' title='bbox 1153 4571 1298 4639; x_wconf 83' lang='lat' dir='ltr'><strong><em>Quin</em></strong></span> <span class='ocrx_word' id='word_1_699' title='bbox 1325 4573 1489 4628; x_wconf 86' lang='lat' dir='ltr'><strong><em>etiam</em></strong></span> <span class='ocrx_word' id='word_1_700' title='bbox 1518 4573 1666 4631; x_wconf 89' lang='lat' dir='ltr'><strong><em>Deus</em></strong></span> <span class='ocrx_word' id='word_1_701' title='bbox 1697 4577 1788 4631; x_wconf 89' lang='lat' dir='ltr'><strong><em>ille</em></strong></span> <span class='ocrx_word' id='word_1_702' title='bbox 1829 4577 1971 4632; x_wconf 91' lang='lat' dir='ltr'><strong><em>idem</em></strong></span> <span class='ocrx_word' id='word_1_703' title='bbox 2013 4593 2078 4634; x_wconf 91' lang='lat' dir='ltr'><strong><em>ac</em></strong></span> 
     </span>
    </p>
   </div>
   <div class='ocr_carea' id='block_1_94' title="bbox 495 4665 2078 4739">
    <p class='ocr_par' dir='ltr' id='par_1_94' title="bbox 495 4665 2078 4739">
     <span class='ocr_line' id='line_1_94' title="bbox 495 4665 2078 4739; baseline 0.002 -18"><span class='ocrx_word' id='word_1_704' title='bbox 495 4666 656 4722; x_wconf 84' lang='lat' dir='ltr'><strong><em>Pater</em></strong></span> <span class='ocrx_word' id='word_1_705' title='bbox 687 4667 779 4720; x_wconf 80' lang='lat' dir='ltr'><strong><em>lux</em></strong></span> <span class='ocrx_word' id='word_1_706' title='bbox 813 4665 1154 4736; x_wconf 81' lang='lat' dir='ltr'><strong><em>intelligitur,</em></strong></span> <span class='ocrx_word' id='word_1_707' title='bbox 1204 4673 1259 4721; x_wconf 90' lang='lat' dir='ltr'><strong><em>et</em></strong></span> <span class='ocrx_word' id='word_1_708' title='bbox 1284 4665 1504 4739; x_wconf 70' lang='lat' dir='ltr'><strong><em>quidem</em></strong></span> <span class='ocrx_word' id='word_1_709' title='bbox 1535 4667 1852 4724; x_wconf 84' lang='lat' dir='ltr'><strong><em>admirabili</em></strong></span> <span class='ocrx_word' id='word_1_710' title='bbox 1891 4669 2078 4739; x_wconf 90' lang='lat' dir='ltr'><strong><em>splen-</em></strong></span> 
     </span>
    </p>
   </div>
   <div class='ocr_carea' id='block_1_95' title="bbox 494 4731 2078 4830">
    <p class='ocr_par' dir='ltr' id='par_1_95' title="bbox 494 4731 2078 4830">
     <span class='ocr_line' id='line_1_95' title="bbox 494 4731 2078 4830; baseline -0.001 -13"><span class='ocrx_word' id='word_1_711' title='bbox 494 4761 627 4818; x_wconf 88' lang='lat' dir='ltr'><strong><em>dore</em></strong></span> <span class='ocrx_word' id='word_1_712' title='bbox 657 4760 962 4828; x_wconf 89' lang='lat' dir='ltr'><strong><em>collucens,</em></strong></span> <span class='ocrx_word' id='word_1_713' title='bbox 992 4731 1222 4815; x_wconf 36' lang='lat' dir='ltr'><strong><em>inecnon</em></strong></span> <span class='ocrx_word' id='word_1_714' title='bbox 1251 4731 1528 4828; x_wconf 40' lang='lat' dir='ltr'><strong><em>(at-artus,</em></strong></span> <span class='ocrx_word' id='word_1_715' title='bbox 1559 4767 1615 4815; x_wconf 90' lang='lat' dir='ltr'><strong><em>et</em></strong></span> <span class='ocrx_word' id='word_1_716' title='bbox 1649 4731 1935 4830; x_wconf 59' lang='lat' dir='ltr'><strong><em>sapientia:</em></strong></span> <span class='ocrx_word' id='word_1_717' title='bbox 1977 4762 2078 4816; x_wconf 81' lang='lat' dir='ltr'><strong><em>At-</em></strong></span> 
     </span>
    </p>
   </div>
   <div class='ocr_carea' id='block_1_96' title="bbox 495 4847 2077 4923">
    <p class='ocr_par' dir='ltr' id='par_1_96' title="bbox 495 4847 2077 4923">
     <span class='ocr_line' id='line_1_96' title="bbox 495 4847 2077 4923; baseline -0.003 -13"><span class='ocrx_word' id='word_1_718' title='bbox 495 4868 604 4923; x_wconf 88' lang='lat' dir='ltr'><strong><em>que</em></strong></span> <span class='ocrx_word' id='word_1_719' title='bbox 633 4854 712 4907; x_wconf 90' lang='lat' dir='ltr'><strong><em>uti</em></strong></span> <span class='ocrx_word' id='word_1_720' title='bbox 742 4853 835 4906; x_wconf 82' lang='lat' dir='ltr'><strong><em>lux</em></strong></span> <span class='ocrx_word' id='word_1_721' title='bbox 861 4858 948 4906; x_wconf 82' lang='lat' dir='ltr'><strong><em>est</em></strong></span> <span class='ocrx_word' id='word_1_722' title='bbox 983 4849 1126 4906; x_wconf 75' lang='lat' dir='ltr'><strong><em>Deus</em></strong></span> <span class='ocrx_word' id='word_1_723' title='bbox 1165 4857 1220 4906; x_wconf 91' lang='lat' dir='ltr'><strong><em>et</em></strong></span> <span class='ocrx_word' id='word_1_724' title='bbox 1246 4847 1431 4912; x_wconf 85' lang='lat' dir='ltr'><strong><em>Pater,</em></strong></span> <span class='ocrx_word' id='word_1_725' title='bbox 1466 4851 1542 4903; x_wconf 87' lang='lat' dir='ltr'><strong><em>ita</em></strong></span> <span class='ocrx_word' id='word_1_726' title='bbox 1585 4849 1678 4904; x_wconf 82' lang='lat' dir='ltr'><strong><em>lux</em></strong></span> <span class='ocrx_word' id='word_1_727' title='bbox 1718 4858 1803 4905; x_wconf 88' lang='lat' dir='ltr'><strong><em>est</em></strong></span> <span class='ocrx_word' id='word_1_728' title='bbox 1834 4849 1904 4904; x_wconf 90' lang='lat' dir='ltr'><strong><em>de</em></strong></span> <span class='ocrx_word' id='word_1_729' title='bbox 1935 4851 2077 4906; x_wconf 90' lang='lat' dir='ltr'><strong><em>luce.</em></strong></span> 
     </span>
    </p>
   </div>
   <div class='ocr_carea' id='block_1_97' title="bbox 497 4943 2080 5004">
    <p class='ocr_par' dir='ltr' id='par_1_97' title="bbox 497 4943 2080 5004">
     <span class='ocr_line' id='line_1_97' title="bbox 497 4943 2080 5004; baseline -0.002 -1"><span class='ocrx_word' id='word_1_730' title='bbox 497 4946 654 5004; x_wconf 83' lang='lat' dir='ltr'><strong><em>Unde</em></strong></span> <span class='ocrx_word' id='word_1_731' title='bbox 681 4955 736 5002; x_wconf 86' lang='lat' dir='ltr'><strong><em>et</em></strong></span> <span class='ocrx_word' id='word_1_732' title='bbox 762 4947 930 5000; x_wconf 83' lang='lat' dir='ltr'><strong><em>lucem</em></strong></span> <span class='ocrx_word' id='word_1_733' title='bbox 957 4945 1220 5000; x_wconf 84' lang='lat' dir='ltr'><strong><em>inhabitat</em></strong></span> <span class='ocrx_word' id='word_1_734' title='bbox 1253 4945 1577 4998; x_wconf 85' lang='lat' dir='ltr'><strong><em>inaccessam</em></strong></span> <span class='ocrx_word' id='word_1_735' title='bbox 1599 4944 1666 4999; x_wconf 81' lang='lat'><strong><em>“.</em></strong></span> <span class='ocrx_word' id='word_1_736' title='bbox 1699 4943 1871 5000; x_wconf 87' lang='lat' dir='ltr'><strong><em>Porro</em></strong></span> <span class='ocrx_word' id='word_1_737' title='bbox 1907 4943 2080 5000; x_wconf 84' lang='lat' dir='ltr'><strong><em>virtus</em></strong></span> 
     </span>
    </p>
   </div>
   <div class='ocr_carea' id='block_1_98' title="bbox 494 5037 2078 5114">
    <p class='ocr_par' dir='ltr' id='par_1_98' title="bbox 494 5037 2078 5114">
     <span class='ocr_line' id='line_1_98' title="bbox 494 5037 2078 5114; baseline -0.003 -18"><span class='ocrx_word' id='word_1_738' title='bbox 494 5051 582 5096; x_wconf 86' lang='lat' dir='ltr'><strong><em>est</em></strong></span> <span class='ocrx_word' id='word_1_739' title='bbox 614 5048 760 5096; x_wconf 89' lang='lat' dir='ltr'><strong><em>totus</em></strong></span> <span class='ocrx_word' id='word_1_740' title='bbox 806 5037 968 5094; x_wconf 88' lang='lat' dir='ltr'><strong><em>Deus.</em></strong></span> <span class='ocrx_word' id='word_1_741' title='bbox 1019 5037 1176 5114; x_wconf 75' lang='lat' dir='ltr'><strong><em>Unde</em></strong></span> <span class='ocrx_word' id='word_1_742' title='bbox 1211 5038 1562 5098; x_wconf 67' lang='lat' dir='ltr'><strong><em>etvirtutum</em></strong></span> <span class='ocrx_word' id='word_1_743' title='bbox 1603 5045 1687 5092; x_wconf 87' lang='lat' dir='ltr'><strong><em>est</em></strong></span> <span class='ocrx_word' id='word_1_744' title='bbox 1733 5037 2078 5092; x_wconf 82' lang='lat' dir='ltr'><strong><em>Dominus&quot;.</em></strong></span> 
     </span>
    </p>
   </div>
   <div class='ocr_carea' id='block_1_99' title="bbox 497 5129 2084 5202">
    <p class='ocr_par' dir='ltr' id='par_1_99' title="bbox 497 5129 2084 5202">
     <span class='ocr_line' id='line_1_99' title="bbox 497 5129 2084 5202; baseline -0.001 -16"><span class='ocrx_word' id='word_1_745' title='bbox 497 5132 774 5202; x_wconf 86' lang='lat' dir='ltr'><strong><em>Sapientia</em></strong></span> <span class='ocrx_word' id='word_1_746' title='bbox 815 5141 964 5186; x_wconf 90' lang='lat' dir='ltr'><strong><em>totus</em></strong></span> <span class='ocrx_word' id='word_1_747' title='bbox 1000 5140 1082 5186; x_wconf 87' lang='lat' dir='ltr'><strong><em>est</em></strong></span> <span class='ocrx_word' id='word_1_748' title='bbox 1119 5129 1283 5186; x_wconf 85' lang='lat' dir='ltr'><strong><em>Deus.</em></strong></span> <span class='ocrx_word' id='word_1_749' title='bbox 1317 5129 1486 5201; x_wconf 77' lang='lat' dir='ltr'><strong><em>Igitur</em></strong></span> <span class='ocrx_word' id='word_1_750' title='bbox 1518 5129 1786 5199; x_wconf 86' lang='lat' dir='ltr'><strong><em>sapient-ia</em></strong></span> <span class='ocrx_word' id='word_1_751' title='bbox 1820 5137 1962 5186; x_wconf 91' lang='lat' dir='ltr'><strong><em>este</em></strong></span> <span class='ocrx_word' id='word_1_752' title='bbox 1995 5145 2084 5186; x_wconf 81' lang='lat' dir='ltr'><strong><em>sa-</em></strong></span> 
     </span>
    </p>
   </div>
   <div class='ocr_carea' id='block_1_100' title="bbox 493 5219 2079 5294">
    <p class='ocr_par' dir='ltr' id='par_1_100' title="bbox 493 5219 2079 5294">
     <span class='ocr_line' id='line_1_100' title="bbox 493 5219 2079 5294; baseline -0.001 -17"><span class='ocrx_word' id='word_1_753' title='bbox 493 5225 698 5294; x_wconf 89' lang='lat' dir='ltr'><strong><em>pientia</em></strong></span> <span class='ocrx_word' id='word_1_754' title='bbox 730 5221 921 5286; x_wconf 86' lang='lat' dir='ltr'><strong><em>Filius,</em></strong></span> <span class='ocrx_word' id='word_1_755' title='bbox 959 5223 1014 5276; x_wconf 87' lang='lat' dir='ltr'><strong><em>in</em></strong></span> <span class='ocrx_word' id='word_1_756' title='bbox 1035 5238 1136 5292; x_wconf 79' lang='lat' dir='ltr'><strong><em>quo</em></strong></span> <span class='ocrx_word' id='word_1_757' title='bbox 1177 5221 1452 5290; x_wconf 72' lang='lat' dir='ltr'><strong><em>sapientia:</em></strong></span> <span class='ocrx_word' id='word_1_758' title='bbox 1483 5219 1720 5273; x_wconf 87' lang='lat' dir='ltr'><strong><em>thesauri</em></strong></span> <span class='ocrx_word' id='word_1_759' title='bbox 1747 5229 1871 5273; x_wconf 84' lang='lat' dir='ltr'><strong><em>sunt</em></strong></span> <span class='ocrx_word' id='word_1_760' title='bbox 1901 5237 2079 5276; x_wconf 83' lang='lat' dir='ltr'><strong><em>omnes</em></strong></span> 
     </span>
    </p>
   </div>
   <div class='ocr_carea' id='block_1_101' title="bbox 495 5311 2078 5381">
    <p class='ocr_par' dir='ltr' id='par_1_101' title="bbox 495 5311 2078 5381">
     <span class='ocr_line' id='line_1_101' title="bbox 495 5311 2078 5381; baseline -0.003 -13"><span class='ocrx_word' id='word_1_761' title='bbox 495 5315 754 5370; x_wconf 84' lang='lat' dir='ltr'><strong><em>reconditi</em></strong></span> <span class='ocrx_word' id='word_1_762' title='bbox 779 5316 842 5368; x_wconf 77' lang='lat'><strong><em>&quot;.</em></strong></span> <span class='ocrx_word' id='word_1_763' title='bbox 863 5313 986 5370; x_wconf 76' lang='lat' dir='ltr'><strong><em>Vita</em></strong></span> <span class='ocrx_word' id='word_1_764' title='bbox 1019 5323 1168 5369; x_wconf 89' lang='lat' dir='ltr'><strong><em>lotus</em></strong></span> <span class='ocrx_word' id='word_1_765' title='bbox 1199 5321 1282 5368; x_wconf 84' lang='lat' dir='ltr'><strong><em>est</em></strong></span> <span class='ocrx_word' id='word_1_766' title='bbox 1311 5311 1472 5368; x_wconf 88' lang='lat' dir='ltr'><strong><em>Deus.</em></strong></span> <span class='ocrx_word' id='word_1_767' title='bbox 1501 5311 1642 5381; x_wconf 75' lang='lat' dir='ltr'><strong><em>Ergo</em></strong></span> <span class='ocrx_word' id='word_1_768' title='bbox 1666 5313 1775 5364; x_wconf 91' lang='lat' dir='ltr'><strong><em>vita</em></strong></span> <span class='ocrx_word' id='word_1_769' title='bbox 1807 5319 1944 5368; x_wconf 87' lang='lat' dir='ltr'><strong><em>este</em></strong></span> <span class='ocrx_word' id='word_1_770' title='bbox 1966 5312 2078 5366; x_wconf 85' lang='lat' dir='ltr'><strong><em>vita</em></strong></span> 
     </span>
    </p>
   </div>
   <div class='ocr_carea' id='block_1_102' title="bbox 495 5403 2078 5476">
    <p class='ocr_par' dir='ltr' id='par_1_102' title="bbox 495 5403 2078 5476">
     <span class='ocr_line' id='line_1_102' title="bbox 495 5403 2078 5476; baseline -0.001 -17"><span class='ocrx_word' id='word_1_771' title='bbox 495 5405 687 5461; x_wconf 84' lang='lat' dir='ltr'><strong><em>Filius.</em></strong></span> <span class='ocrx_word' id='word_1_772' title='bbox 724 5404 834 5476; x_wconf 85' lang='lat' dir='ltr'><strong><em>Ego</em></strong></span> <span class='ocrx_word' id='word_1_773' title='bbox 861 5407 998 5460; x_wconf 87' lang='lat' dir='ltr'><strong><em>enim</em></strong></span> <span class='ocrx_word' id='word_1_774' title='bbox 1033 5422 1185 5470; x_wconf 87' lang='lat' dir='ltr'><strong><em>sum,</em></strong></span> <span class='ocrx_word' id='word_1_775' title='bbox 1221 5405 1418 5476; x_wconf 88' lang='lat' dir='ltr'><strong><em>inquit,</em></strong></span> <span class='ocrx_word' id='word_1_776' title='bbox 1452 5405 1668 5468; x_wconf 82' lang='lat' dir='ltr'><strong><em>veritas,</em></strong></span> <span class='ocrx_word' id='word_1_777' title='bbox 1699 5413 1748 5456; x_wconf 89' lang='lat' dir='ltr'><strong><em>et</em></strong></span> <span class='ocrx_word' id='word_1_778' title='bbox 1784 5404 1891 5456; x_wconf 86' lang='lat' dir='ltr'><strong><em>vita</em></strong></span> <span class='ocrx_word' id='word_1_779' title='bbox 1915 5403 1979 5455; x_wconf 71' lang='lat'><strong><em>‘9.</em></strong></span> <span class='ocrx_word' id='word_1_780' title='bbox 2011 5405 2078 5458; x_wconf 79' lang='lat' dir='ltr'><strong><em>At</em></strong></span> 
     </span>
    </p>
   </div>
   <div class='ocr_carea' id='block_1_103' title="bbox 567 5557 1536 5622">
    <p class='ocr_par' dir='ltr' id='par_1_103' title="bbox 567 5557 1536 5622">
     <span class='ocr_line' id='line_1_103' title="bbox 567 5557 1536 5622; baseline -0.001 -11"><span class='ocrx_word' id='word_1_781' title='bbox 567 5561 586 5592; x_wconf 76' lang='lat'>&#39;</span> <span class='ocrx_word' id='word_1_782' title='bbox 627 5557 813 5613; x_wconf 86' lang='lat' dir='ltr'><strong><em>l&#39;l&#39;im.</em></strong></span> <span class='ocrx_word' id='word_1_783' title='bbox 847 5577 926 5615; x_wconf 86' lang='lat' dir='ltr'><strong><em>Ill.</em></strong></span> <span class='ocrx_word' id='word_1_784' title='bbox 959 5560 1044 5615; x_wconf 77' lang='lat' dir='ltr'><strong><em>l6.</em></strong></span> <span class='ocrx_word' id='word_1_785' title='bbox 1121 5562 1140 5592; x_wconf 78' lang='lat'>&#39;</span> <span class='ocrx_word' id='word_1_786' title='bbox 1182 5559 1340 5614; x_wconf 79' lang='lat' dir='ltr'><strong><em>Rom.</em></strong></span> <span class='ocrx_word' id='word_1_787' title='bbox 1379 5575 1453 5622; x_wconf 78' lang='lat' dir='ltr'><strong><em>Ix,</em></strong></span> <span class='ocrx_word' id='word_1_788' title='bbox 1487 5560 1536 5612; x_wconf 80' lang='lat'><strong><em>5.</em></strong></span> 
     </span>
    </p>
   </div>
   <div class='ocr_carea' id='block_1_104' title="bbox 499 5769 1020 5828">
    <p class='ocr_par' dir='ltr' id='par_1_104' title="bbox 499 5769 1020 5828">
     <span class='ocr_line' id='line_1_104' title="bbox 499 5769 1020 5828; baseline -0.006 -2"><span class='ocrx_word' id='word_1_789' title='bbox 499 5769 636 5828; x_wconf 61' lang='grc' dir='ltr'><em>ωτι.</em></span> <span class='ocrx_word' id='word_1_790' title='bbox 711 5773 753 5803; x_wconf 79' lang='grc'>¹¹</span> <span class='ocrx_word' id='word_1_791' title='bbox 795 5769 856 5828; x_wconf 80' lang='lat' dir='ltr'><strong><em>F.</em></strong></span> <span class='ocrx_word' id='word_1_792' title='bbox 883 5773 1020 5825; x_wconf 86' lang='grc' dir='ltr'><em>Ἔτι.</em></span> 
     </span>
    </p>
   </div>
   <div class='ocr_carea' id='block_1_105' title="bbox 1615 5559 2441 5614">
    <p class='ocr_par' dir='ltr' id='par_1_105' title="bbox 1615 5559 2441 5614">
     <span class='ocr_line' id='line_1_105' title="bbox 1615 5559 2441 5614; baseline 0.001 -2"><span class='ocrx_word' id='word_1_793' title='bbox 1615 5561 1635 5590; x_wconf 87' lang='grc'>⁸</span> <span class='ocrx_word' id='word_1_794' title='bbox 1669 5559 1794 5614; x_wconf 81' lang='lat' dir='ltr'><strong><em>Act.</em></strong></span> <span class='ocrx_word' id='word_1_795' title='bbox 1823 5575 1934 5614; x_wconf 81' lang='lat' dir='ltr'><strong><em>xvt.</em></strong></span> <span class='ocrx_word' id='word_1_796' title='bbox 1961 5559 2050 5612; x_wconf 68' lang='lat'><strong><em>5:2.</em></strong></span> <span class='ocrx_word' id='word_1_797' title='bbox 2131 5559 2151 5590; x_wconf 64' lang='grc' dir='ltr'>δ</span> <span class='ocrx_word' id='word_1_798' title='bbox 2190 5559 2318 5613; x_wconf 79' lang='lat' dir='ltr'><strong><em>ibid.</em></strong></span> <span class='ocrx_word' id='word_1_799' title='bbox 2354 5559 2441 5613; x_wconf 69' lang='grc' dir='ltr'><strong><em>ει.</em></strong></span> 
     </span>
    </p>
   </div>
   <div class='ocr_carea' id='block_1_106' title="bbox 497 5629 3444 5696">
    <p class='ocr_par' dir='ltr' id='par_1_106' title="bbox 497 5629 3444 5696">
     <span class='ocr_line' id='line_1_106' title="bbox 497 5629 3444 5696; baseline 0.001 -12"><span class='ocrx_word' id='word_1_800' title='bbox 497 5629 674 5684; x_wconf 81' lang='lat' dir='ltr'><strong><em>&#39;ibid.</em></strong></span> <span class='ocrx_word' id='word_1_801' title='bbox 714 5632 797 5685; x_wconf 78' lang='lat' dir='ltr'><strong><em>l5.</em></strong></span> <span class='ocrx_word' id='word_1_802' title='bbox 872 5633 892 5663; x_wconf 85' lang='lat'><strong>’</strong></span> <span class='ocrx_word' id='word_1_803' title='bbox 931 5629 1052 5684; x_wconf 75' lang='lat' dir='ltr'><strong><em>Act.</em></strong></span> <span class='ocrx_word' id='word_1_804' title='bbox 1089 5648 1181 5696; x_wconf 76' lang='lat' dir='ltr'><strong><em>xx,</em></strong></span> <span class='ocrx_word' id='word_1_805' title='bbox 1208 5631 1299 5684; x_wconf 70' lang='lat'><strong><em>28.</em></strong></span> <span class='ocrx_word' id='word_1_806' title='bbox 1377 5633 1420 5662; x_wconf 83' lang='grc'><strong><em>²⁰</em></strong></span> <span class='ocrx_word' id='word_1_807' title='bbox 1465 5629 1646 5683; x_wconf 82' lang='lat' dir='ltr'><strong><em>l&#39;l‘im.</em></strong></span> <span class='ocrx_word' id='word_1_808' title='bbox 1671 5645 1707 5692; x_wconf 87' lang='grc' dir='ltr'><strong><em>ι,</em></strong></span> <span class='ocrx_word' id='word_1_809' title='bbox 1741 5630 1826 5683; x_wconf 74' lang='lat'><strong><em>1‘2.</em></strong></span> <span class='ocrx_word' id='word_1_810' title='bbox 1905 5631 2119 5682; x_wconf 73' lang='lat' dir='ltr'><strong><em>“ll’sal.</em></strong></span> <span class='ocrx_word' id='word_1_811' title='bbox 2154 5645 2326 5692; x_wconf 74' lang='lat' dir='ltr'><strong><em>xxxii,</em></strong></span> <span class='ocrx_word' id='word_1_812' title='bbox 2357 5629 2404 5684; x_wconf 82' lang='lat'><strong><em>9.</em></strong></span> <span class='ocrx_word' id='word_1_813' title='bbox 2485 5631 2528 5660; x_wconf 81' lang='grc'>¹¹</span> <span class='ocrx_word' id='word_1_814' title='bbox 2569 5629 2706 5684; x_wconf 83' lang='lat' dir='ltr'><strong><em>Joan</em></strong></span> <span class='ocrx_word' id='word_1_815' title='bbox 2743 5647 2814 5695; x_wconf 85' lang='lat' dir='ltr'><strong><em>Iv,</em></strong></span> <span class='ocrx_word' id='word_1_816' title='bbox 2843 5633 2934 5687; x_wconf 73' lang='lat' dir='ltr'><strong><em>2t.</em></strong></span> <span class='ocrx_word' id='word_1_817' title='bbox 3012 5633 3055 5664; x_wconf 84' lang='grc'><strong><em>¹³</em></strong></span> <span class='ocrx_word' id='word_1_818' title='bbox 3099 5631 3256 5686; x_wconf 71' lang='lat' dir='ltr'><strong><em>Betti.</em></strong></span> <span class='ocrx_word' id='word_1_819' title='bbox 3293 5651 3329 5692; x_wconf 87' lang='grc' dir='ltr'><strong><em>ι.</em></strong></span> <span class='ocrx_word' id='word_1_820' title='bbox 3359 5634 3444 5687; x_wconf 69' lang='grc'><strong><em>25.</em></strong></span> 
     </span>
    </p>
   </div>
   <div class='ocr_carea' id='block_1_107' title="bbox 499 5699 2080 5771">
    <p class='ocr_par' dir='ltr' id='par_1_107' title="bbox 499 5699 2080 5771">
     <span class='ocr_line' id='line_1_107' title="bbox 499 5699 2080 5771; baseline -0.001 -17"><span class='ocrx_word' id='word_1_821' title='bbox 499 5715 576 5771; x_wconf 70' lang='lat' dir='ltr'><strong><em>vi,</em></strong></span> <span class='ocrx_word' id='word_1_822' title='bbox 605 5701 659 5758; x_wconf 72' lang='grc'><em>4.</em></span> <span class='ocrx_word' id='word_1_823' title='bbox 739 5699 963 5771; x_wconf 15' lang='lat' dir='ltr'><strong><em>&quot;ﬂPsal.</em></strong></span> <span class='ocrx_word' id='word_1_824' title='bbox 1002 5717 1164 5764; x_wconf 70' lang='lat' dir='ltr'><strong><em>Lux,</em></strong></span> <span class='ocrx_word' id='word_1_825' title='bbox 1207 5705 1287 5756; x_wconf 86' lang='lat' dir='ltr'><strong><em>lt).</em></strong></span> <span class='ocrx_word' id='word_1_826' title='bbox 1369 5703 1411 5734; x_wconf 82' lang='grc'><strong><em>¹⁶</em></strong></span> <span class='ocrx_word' id='word_1_827' title='bbox 1451 5699 1633 5755; x_wconf 76' lang='grc' dir='ltr'><em>ιτιιιι.</em></span> <span class='ocrx_word' id='word_1_828' title='bbox 1671 5717 1746 5764; x_wconf 80' lang='lat' dir='ltr'><strong><em>vi,</em></strong></span> <span class='ocrx_word' id='word_1_829' title='bbox 1783 5699 1864 5756; x_wconf 71' lang='lat'><strong><em>16.</em></strong></span> <span class='ocrx_word' id='word_1_830' title='bbox 1946 5702 1985 5730; x_wconf 80' lang='grc' dir='ltr'>¹τ</span> <span class='ocrx_word' id='word_1_831' title='bbox 2029 5699 2080 5754; x_wconf 83' lang='lat' dir='ltr'><strong><em>P:</em></strong></span> 
     </span>
    </p>
   </div>
   <div class='ocr_carea' id='block_1_108' title="bbox 2182 5699 2926 5771">
    <p class='ocr_par' dir='ltr' id='par_1_108' title="bbox 2207 5701 2926 5771">
     <span class='ocr_line' id='line_1_108' title="bbox 2207 5701 2926 5771; baseline 0.006 -17"><span class='ocrx_word' id='word_1_832' title='bbox 2207 5716 2359 5767; x_wconf 82' lang='lat' dir='ltr'><strong><em>Lvm,</em></strong></span> <span class='ocrx_word' id='word_1_833' title='bbox 2401 5701 2454 5754; x_wconf 89' lang='lat'><strong><em>6.</em></strong></span> <span class='ocrx_word' id='word_1_834' title='bbox 2535 5701 2578 5732; x_wconf 82' lang='grc'><strong><em>¹⁸</em></strong></span> <span class='ocrx_word' id='word_1_835' title='bbox 2617 5703 2827 5771; x_wconf 78' lang='lat' dir='ltr'><strong><em>Col..n,</em></strong></span> <span class='ocrx_word' id='word_1_836' title='bbox 2872 5703 2926 5758; x_wconf 78' lang='lat'><strong><em>&#39;5.</em></strong></span> 
     </span>
    </p>
   </div>
   <div class='ocr_carea' id='block_1_109' title="bbox 2187 4575 3769 4652">
    <p class='ocr_par' dir='ltr' id='par_1_109' title="bbox 2187 4575 3769 4652">
     <span class='ocr_line' id='line_1_109' title="bbox 2187 4575 3769 4652; baseline 0.009 -22"><span class='ocrx_word' id='word_1_837' title='bbox 2187 4575 2445 4648; x_wconf 86' lang='grc' dir='ltr'><em>Χριστοῦ.</em></span> <span class='ocrx_word' id='word_1_838' title='bbox 2471 4577 2594 4630; x_wconf 80' lang='lat' dir='ltr'><strong><em>Ti“</em></strong></span> <span class='ocrx_word' id='word_1_839' title='bbox 2629 4575 2808 4630; x_wconf 85' lang='grc' dir='ltr'><em>τοίνυν</em></span> <span class='ocrx_word' id='word_1_840' title='bbox 2841 4577 2974 4642; x_wconf 85' lang='grc' dir='ltr'><em>Θεὸς</em></span> <span class='ocrx_word' id='word_1_841' title='bbox 2997 4581 3223 4646; x_wconf 88' lang='grc' dir='ltr'><em>νοεῖται,</em></span> <span class='ocrx_word' id='word_1_842' title='bbox 3253 4580 3348 4634; x_wconf 77' lang='grc' dir='ltr'><em>καὶ</em></span> <span class='ocrx_word' id='word_1_843' title='bbox 3377 4579 3587 4652; x_wconf 80' lang='grc' dir='ltr'><em>Πατὴρ,</em></span> <span class='ocrx_word' id='word_1_844' title='bbox 3633 4577 3769 4648; x_wconf 77' lang='grc' dir='ltr'><em>φῶς,</em></span> 
     </span>
    </p>
   </div>
   <div class='ocr_carea' id='block_1_110' title="bbox 2187 4670 3774 4744">
    <p class='ocr_par' dir='ltr' id='par_1_110' title="bbox 2187 4670 3774 4744">
     <span class='ocr_line' id='line_1_110' title="bbox 2187 4670 3774 4744; baseline 0.002 -20"><span class='ocrx_word' id='word_1_845' title='bbox 2187 4671 2302 4724; x_wconf 82' lang='grc' dir='ltr'><em>ἀλλ’</em></span> <span class='ocrx_word' id='word_1_846' title='bbox 2353 4671 2429 4734; x_wconf 88' lang='grc' dir='ltr'><em>ὼς</em></span> <span class='ocrx_word' id='word_1_847' title='bbox 2487 4670 2906 4744; x_wconf 75' lang='grc' dir='ltr'><em>ὑπέρλαμπρον,</em></span> <span class='ocrx_word' id='word_1_848' title='bbox 2957 4671 3208 4744; x_wconf 83' lang='grc' dir='ltr'><em>δύναμις,</em></span> <span class='ocrx_word' id='word_1_849' title='bbox 3251 4674 3432 4743; x_wconf 85' lang='grc' dir='ltr'><em>σοφία.</em></span> <span class='ocrx_word' id='word_1_850' title='bbox 3469 4675 3532 4727; x_wconf 82' lang='lat' dir='ltr'><strong><em>El</em></strong></span> <span class='ocrx_word' id='word_1_851' title='bbox 3571 4673 3628 4726; x_wconf 73' lang='grc' dir='ltr'><em>δὲ</em></span> <span class='ocrx_word' id='word_1_852' title='bbox 3657 4673 3774 4742; x_wconf 85' lang='grc' dir='ltr'><em>φῶς</em></span> 
     </span>
    </p>
   </div>
   <div class='ocr_carea' id='block_1_111' title="bbox 2187 4763 3774 4836">
    <p class='ocr_par' dir='ltr' id='par_1_111' title="bbox 2187 4763 3774 4836">
     <span class='ocr_line' id='line_1_111' title="bbox 2187 4763 3774 4836; baseline 0 -18"><span class='ocrx_word' id='word_1_853' title='bbox 2187 4764 2215 4818; x_wconf 97' lang='lat'><strong><em>6</em></strong></span> <span class='ocrx_word' id='word_1_854' title='bbox 2241 4763 2372 4826; x_wconf 84' lang='grc' dir='ltr'><em>Θεὸς</em></span> <span class='ocrx_word' id='word_1_855' title='bbox 2405 4763 2499 4816; x_wconf 73' lang='grc' dir='ltr'><em>καὶ</em></span> <span class='ocrx_word' id='word_1_856' title='bbox 2553 4765 2768 4836; x_wconf 81' lang='grc' dir='ltr'><em>Πατὴρ,</em></span> <span class='ocrx_word' id='word_1_857' title='bbox 2805 4763 2920 4834; x_wconf 84' lang='grc' dir='ltr'><em>φῶς</em></span> <span class='ocrx_word' id='word_1_858' title='bbox 2965 4765 3030 4818; x_wconf 82' lang='grc' dir='ltr'><em>ἐκ</em></span> <span class='ocrx_word' id='word_1_859' title='bbox 3076 4765 3254 4834; x_wconf 83' lang='grc' dir='ltr'><em>φωτὸς</em></span> <span class='ocrx_word' id='word_1_860' title='bbox 3295 4767 3324 4817; x_wconf 96' lang='lat'><strong><em>6</em></strong></span> <span class='ocrx_word' id='word_1_861' title='bbox 3370 4765 3531 4829; x_wconf 81' lang='grc' dir='ltr'><strong><em>Υἱός·</em></strong></span> <span class='ocrx_word' id='word_1_862' title='bbox 3561 4765 3657 4820; x_wconf 67' lang='grc' dir='ltr'><em>καὶ</em></span> <span class='ocrx_word' id='word_1_863' title='bbox 3685 4765 3774 4818; x_wconf 82' lang='grc' dir='ltr'><em>διὰ</em></span> 
     </span>
    </p>
   </div>
   <div class='ocr_carea' id='block_1_112' title="bbox 2187 4853 3818 4928">
    <p class='ocr_par' dir='ltr' id='par_1_112' title="bbox 2187 4853 3818 4928">
     <span class='ocr_line' id='line_1_112' title="bbox 2187 4853 3818 4928; baseline 0.003 -20"><span class='ocrx_word' id='word_1_864' title='bbox 2187 4855 2347 4908; x_wconf 88' lang='grc' dir='ltr'><em>τοῦτο</em></span> <span class='ocrx_word' id='word_1_865' title='bbox 2384 4853 2511 4925; x_wconf 65' lang='grc' dir='ltr'><em>φῶς</em></span> <span class='ocrx_word' id='word_1_866' title='bbox 2541 4855 2722 4910; x_wconf 73' lang='grc' dir='ltr'><em>οἰκῶν</em></span> <span class='ocrx_word' id='word_1_867' title='bbox 2755 4857 2821 4910; x_wconf 86' lang='grc' dir='ltr'><strong><em>τὸ</em></strong></span> <span class='ocrx_word' id='word_1_868' title='bbox 2851 4858 3202 4924; x_wconf 79' lang='grc' dir='ltr'><em>ἀπρόσιτον.</em></span> <span class='ocrx_word' id='word_1_869' title='bbox 3228 4856 3468 4928; x_wconf 85' lang='grc' dir='ltr'><em>Δύναμις</em></span> <span class='ocrx_word' id='word_1_870' title='bbox 3504 4856 3558 4910; x_wconf 81' lang='grc' dir='ltr'><em>δὲ</em></span> <span class='ocrx_word' id='word_1_871' title='bbox 3583 4856 3704 4922; x_wconf 82' lang='grc' dir='ltr'><em>ὅλος</em></span> <span class='ocrx_word' id='word_1_872' title='bbox 3745 4858 3775 4908; x_wconf 89' lang='lat'><strong><em>6</em></strong></span> <span class='ocrx_word' id='word_1_873' title='bbox 3815 4911 3818 4914; x_wconf 84' lang='lat'><strong><em>.</em></strong></span> 
     </span>
    </p>
   </div>
   <div class='ocr_carea' id='block_1_113' title="bbox 2189 4945 3775 5021">
    <p class='ocr_par' dir='ltr' id='par_1_113' title="bbox 2189 4945 3775 5021">
     <span class='ocr_line' id='line_1_113' title="bbox 2189 4945 3775 5021; baseline -0.001 -21"><span class='ocrx_word' id='word_1_874' title='bbox 2189 4947 2340 5012; x_wconf 85' lang='grc' dir='ltr'><em>Θεὸς,</em></span> <span class='ocrx_word' id='word_1_875' title='bbox 2386 4949 2479 5001; x_wconf 76' lang='grc' dir='ltr'><em>καὶ</em></span> <span class='ocrx_word' id='word_1_876' title='bbox 2503 4947 2593 5001; x_wconf 83' lang='grc' dir='ltr'><em>διὰ</em></span> <span class='ocrx_word' id='word_1_877' title='bbox 2631 4947 2790 5002; x_wconf 83' lang='grc' dir='ltr'><em>τοῦτο</em></span> <span class='ocrx_word' id='word_1_878' title='bbox 2838 4947 3042 5021; x_wconf 82' lang='grc' dir='ltr'><em>Κύριος</em></span> <span class='ocrx_word' id='word_1_879' title='bbox 3077 4947 3196 5001; x_wconf 85' lang='grc' dir='ltr'><em>τῶν</em></span> <span class='ocrx_word' id='word_1_880' title='bbox 3233 4947 3568 5018; x_wconf 81' lang='grc' dir='ltr'><em>δυνάμεων.</em></span> <span class='ocrx_word' id='word_1_881' title='bbox 3605 4945 3775 5016; x_wconf 84' lang='grc' dir='ltr'><em>Σοφία</em></span> 
     </span>
    </p>
   </div>
   <div class='ocr_carea' id='block_1_114' title="bbox 2189 5032 3775 5110">
    <p class='ocr_par' dir='ltr' id='par_1_114' title="bbox 2189 5032 3775 5110">
     <span class='ocr_line' id='line_1_114' title="bbox 2189 5032 3775 5110; baseline 0 -18"><span class='ocrx_word' id='word_1_882' title='bbox 2189 5039 2308 5102; x_wconf 84' lang='grc' dir='ltr'><em>ὅλος</em></span> <span class='ocrx_word' id='word_1_883' title='bbox 2357 5040 2384 5091; x_wconf 90' lang='lat'><strong><em>6</em></strong></span> <span class='ocrx_word' id='word_1_884' title='bbox 2431 5037 2582 5102; x_wconf 79' lang='grc' dir='ltr'><em>Θεὸς·</em></span> <span class='ocrx_word' id='word_1_885' title='bbox 2635 5039 2832 5092; x_wconf 76' lang='grc' dir='ltr'><em>οὐκοῦν</em></span> <span class='ocrx_word' id='word_1_886' title='bbox 2877 5041 3039 5108; x_wconf 80' lang='grc' dir='ltr'><em>σοφία</em></span> <span class='ocrx_word' id='word_1_887' title='bbox 3067 5041 3094 5092; x_wconf 90' lang='lat'><strong><em>6</em></strong></span> <span class='ocrx_word' id='word_1_888' title='bbox 3123 5039 3249 5104; x_wconf 87' lang='grc' dir='ltr'><em>Υἱὸς</em></span> <span class='ocrx_word' id='word_1_889' title='bbox 3293 5040 3360 5092; x_wconf 79' lang='grc' dir='ltr'><em>ἐκ</em></span> <span class='ocrx_word' id='word_1_890' title='bbox 3394 5040 3606 5110; x_wconf 80' lang='grc' dir='ltr'><em>σοφίας,</em></span> <span class='ocrx_word' id='word_1_891' title='bbox 3639 5032 3775 5104; x_wconf 83' lang='grc' dir='ltr'><strong><em>ἑνῷ</em></strong></span> 
     </span>
    </p>
   </div>
   <div class='ocr_carea' id='block_1_115' title="bbox 2190 5129 3774 5202">
    <p class='ocr_par' dir='ltr' id='par_1_115' title="bbox 2190 5129 3774 5202">
     <span class='ocr_line' id='line_1_115' title="bbox 2190 5129 3774 5202; baseline 0.001 -20"><span class='ocrx_word' id='word_1_892' title='bbox 2190 5129 2412 5194; x_wconf 80' lang='grc' dir='ltr'><em>πάντες</em></span> <span class='ocrx_word' id='word_1_893' title='bbox 2445 5132 2498 5183; x_wconf 82' lang='grc' dir='ltr'><em>οἱ</em></span> <span class='ocrx_word' id='word_1_894' title='bbox 2536 5131 2828 5199; x_wconf 81' lang='grc' dir='ltr'><em>θησαυροὶ</em></span> <span class='ocrx_word' id='word_1_895' title='bbox 2863 5130 2972 5200; x_wconf 83' lang='grc' dir='ltr'><em>τῆς</em></span> <span class='ocrx_word' id='word_1_896' title='bbox 3002 5133 3224 5202; x_wconf 69' lang='grc' dir='ltr'><em>σοφίας</em></span> <span class='ocrx_word' id='word_1_897' title='bbox 3251 5133 3612 5200; x_wconf 67' lang='grc' dir='ltr'><em>ἀπόκρυφοι.</em></span> <span class='ocrx_word' id='word_1_898' title='bbox 3653 5132 3774 5202; x_wconf 83' lang='grc' dir='ltr'><strong><em>Ζωὴ</em></strong></span> 
     </span>
    </p>
   </div>
   <div class='ocr_carea' id='block_1_116' title="bbox 2189 5219 3776 5294">
    <p class='ocr_par' dir='ltr' id='par_1_116' title="bbox 2189 5219 3776 5294">
     <span class='ocr_line' id='line_1_116' title="bbox 2189 5219 3776 5294; baseline 0.001 -22"><span class='ocrx_word' id='word_1_899' title='bbox 2189 5219 2246 5272; x_wconf 85' lang='grc' dir='ltr'><em>δὲ</em></span> <span class='ocrx_word' id='word_1_900' title='bbox 2279 5220 2400 5284; x_wconf 85' lang='grc' dir='ltr'><em>ὅλος</em></span> <span class='ocrx_word' id='word_1_901' title='bbox 2456 5222 2486 5274; x_wconf 87' lang='lat'><strong><em>6</em></strong></span> <span class='ocrx_word' id='word_1_902' title='bbox 2533 5219 2694 5284; x_wconf 82' lang='grc' dir='ltr'><em>Θεὸς’</em></span> <span class='ocrx_word' id='word_1_903' title='bbox 2729 5220 2928 5276; x_wconf 81' lang='grc' dir='ltr'><em>οὐκοῦν</em></span> <span class='ocrx_word' id='word_1_904' title='bbox 2955 5221 3070 5294; x_wconf 80' lang='grc' dir='ltr'><strong><em>ζωὴ</em></strong></span> <span class='ocrx_word' id='word_1_905' title='bbox 3111 5225 3174 5276; x_wconf 80' lang='grc' dir='ltr'><em>ἐκ</em></span> <span class='ocrx_word' id='word_1_906' title='bbox 3205 5222 3352 5292; x_wconf 80' lang='grc' dir='ltr'><strong><em>ζωῆς</em></strong></span> <span class='ocrx_word' id='word_1_907' title='bbox 3374 5223 3401 5274; x_wconf 91' lang='grc' dir='ltr'>ὁ</span> <span class='ocrx_word' id='word_1_908' title='bbox 3437 5221 3591 5285; x_wconf 82' lang='grc' dir='ltr'><strong><em>Υἱός·</em></strong></span> <span class='ocrx_word' id='word_1_909' title='bbox 3633 5221 3776 5292; x_wconf 79' lang='grc' dir='ltr'><strong><em>Ἐγὼ</em></strong></span> 
     </span>
    </p>
   </div>
   <div class='ocr_carea' id='block_1_117' title="bbox 2185 5310 3776 5388">
    <p class='ocr_par' dir='ltr' id='par_1_117' title="bbox 2185 5310 3776 5388">
     <span class='ocr_line' id='line_1_117' title="bbox 2185 5310 3776 5388; baseline 0.002 -24"><span class='ocrx_word' id='word_1_910' title='bbox 2185 5311 2296 5382; x_wconf 82' lang='grc' dir='ltr'><strong><em>γάρ</em></strong></span> <span class='ocrx_word' id='word_1_911' title='bbox 2324 5313 2440 5381; x_wconf 76' lang='grc' dir='ltr'><em>ειμι</em></span> <span class='ocrx_word' id='word_1_912' title='bbox 2461 5310 2500 5378; x_wconf 77' lang='grc' dir='ltr'><strong><em>ἠ</em></strong></span> <span class='ocrx_word' id='word_1_913' title='bbox 2533 5311 2787 5377; x_wconf 79' lang='grc' dir='ltr'><em>ἀλήθεια</em></span> <span class='ocrx_word' id='word_1_914' title='bbox 2821 5315 2920 5370; x_wconf 77' lang='grc' dir='ltr'><em>καὶ</em></span> <span class='ocrx_word' id='word_1_915' title='bbox 2951 5317 2988 5383; x_wconf 75' lang='grc' dir='ltr'><strong><em>η</em></strong></span> <span class='ocrx_word' id='word_1_916' title='bbox 3019 5313 3152 5381; x_wconf 78' lang='grc' dir='ltr'><em>ζωή.</em></span> <span class='ocrx_word' id='word_1_917' title='bbox 3177 5315 3250 5368; x_wconf 89' lang='grc' dir='ltr'><em>Τὸ</em></span> <span class='ocrx_word' id='word_1_918' title='bbox 3279 5315 3334 5369; x_wconf 79' lang='grc' dir='ltr'><em>δὲ</em></span> <span class='ocrx_word' id='word_1_919' title='bbox 3367 5317 3524 5385; x_wconf 78' lang='grc' dir='ltr'><em>ἅγιον</em></span> <span class='ocrx_word' id='word_1_920' title='bbox 3550 5317 3776 5388; x_wconf 84' lang='grc' dir='ltr'><em>Πνεῦμα.</em></span> 
     </span>
    </p>
   </div>
   <div class='ocr_carea' id='block_1_118' title="bbox 2185 5401 3775 5476">
    <p class='ocr_par' dir='ltr' id='par_1_118' title="bbox 2185 5401 3775 5476">
     <span class='ocr_line' id='line_1_118' title="bbox 2185 5401 3775 5476; baseline 0.003 -23"><span class='ocrx_word' id='word_1_921' title='bbox 2185 5403 2314 5472; x_wconf 81' lang='grc' dir='ltr'><em>παρ’</em></span> <span class='ocrx_word' id='word_1_922' title='bbox 2369 5401 2718 5474; x_wconf 80' lang='grc' dir='ltr'><em>ἀμφοτέρων,</em></span> <span class='ocrx_word' id='word_1_923' title='bbox 2771 5403 2995 5475; x_wconf 86' lang='grc' dir='ltr'><em>Πνεῦμα</em></span> <span class='ocrx_word' id='word_1_924' title='bbox 3046 5407 3110 5458; x_wconf 78' lang='grc' dir='ltr'><em>ἐκ</em></span> <span class='ocrx_word' id='word_1_925' title='bbox 3147 5405 3485 5471; x_wconf 75' lang='grc' dir='ltr'><em>Πνεῦματος.</em></span> <span class='ocrx_word' id='word_1_926' title='bbox 3533 5406 3775 5476; x_wconf 85' lang='grc' dir='ltr'><em>Πνεῦμα</em></span> 
     </span>
    </p>
   </div>
   <div class='ocr_carea' id='block_1_119' title="bbox 2536 5557 3774 5624">
    <p class='ocr_par' dir='ltr' id='par_1_119' title="bbox 2536 5557 3774 5624">
     <span class='ocr_line' id='line_1_119' title="bbox 2536 5557 3774 5624; baseline 0.006 -12"><span class='ocrx_word' id='word_1_927' title='bbox 2536 5559 2556 5590; x_wconf 86' lang='grc'><strong><em>⁵</em></strong></span> <span class='ocrx_word' id='word_1_928' title='bbox 2594 5557 2752 5614; x_wconf 85' lang='lat' dir='ltr'><strong><em>Joan.</em></strong></span> <span class='ocrx_word' id='word_1_929' title='bbox 2783 5577 2822 5624; x_wconf 88' lang='grc' dir='ltr'><strong><em>ι,</em></strong></span> <span class='ocrx_word' id='word_1_930' title='bbox 2851 5563 2898 5614; x_wconf 94' lang='grc'><strong><em>1.</em></strong></span> <span class='ocrx_word' id='word_1_931' title='bbox 3003 5563 3025 5594; x_wconf 77' lang='grc'>⁸</span> <span class='ocrx_word' id='word_1_932' title='bbox 3065 5559 3171 5616; x_wconf 86' lang='lat' dir='ltr'><strong><em>Tit.</em></strong></span> <span class='ocrx_word' id='word_1_933' title='bbox 3195 5579 3255 5624; x_wconf 86' lang='lat' dir='ltr'><strong><em>Il,</em></strong></span> <span class='ocrx_word' id='word_1_934' title='bbox 3285 5563 3371 5618; x_wconf 85' lang='grc'><em>10.</em></span> <span class='ocrx_word' id='word_1_935' title='bbox 3471 5563 3490 5592; x_wconf 73' lang='grc'><em>’³</em></span> <span class='ocrx_word' id='word_1_936' title='bbox 3520 5563 3652 5618; x_wconf 87' lang='lat' dir='ltr'><strong><em>ibid.</em></strong></span> <span class='ocrx_word' id='word_1_937' title='bbox 3685 5564 3774 5619; x_wconf 69' lang='grc'><em>19.</em></span> 
     </span>
    </p>
   </div>
   <div class='ocr_carea' id='block_1_120' title="bbox 3530 5634 3772 5690">
    <p class='ocr_par' dir='ltr' id='par_1_120' title="bbox 3530 5634 3772 5690">
     <span class='ocr_line' id='line_1_120' title="bbox 3530 5634 3772 5690; baseline 0.012 -4"><span class='ocrx_word' id='word_1_938' title='bbox 3530 5635 3574 5666; x_wconf 73' lang='grc'><strong><em>⁸⁵</em></strong></span> <span class='ocrx_word' id='word_1_939' title='bbox 3613 5634 3772 5690; x_wconf 86' lang='lat' dir='ltr'><strong><em>Deut.</em></strong></span> 
     </span>
    </p>
   </div>
   <div class='ocr_carea' id='block_1_121' title="bbox 3003 5559 3371 5627">
    <p class='ocr_par' dir='ltr' id='par_1_121' title="bbox 3003 5559 3371 5627">
     <span class='ocr_line' id='line_1_121' title="bbox 3003 5559 3371 5627; baseline 0.011 -15"><span class='ocrx_word' id='word_1_940' title='bbox 3003 5563 3025 5594; x_wconf 76' lang='grc'>⁸</span> <span class='ocrx_word' id='word_1_941' title='bbox 3065 5559 3171 5616; x_wconf 88' lang='lat' dir='ltr'><strong><em>Tit.</em></strong></span> <span class='ocrx_word' id='word_1_942' title='bbox 3195 5579 3255 5627; x_wconf 87' lang='grc' dir='ltr'><strong><em>ιι,</em></strong></span> <span class='ocrx_word' id='word_1_943' title='bbox 3285 5563 3371 5618; x_wconf 85' lang='grc'><em>10.</em></span> 
     </span>
    </p>
   </div>
   <div class='ocr_carea' id='block_1_122' title="bbox 3029 5701 3500 5770">
    <p class='ocr_par' dir='ltr' id='par_1_122' title="bbox 3029 5701 3500 5770">
     <span class='ocr_line' id='line_1_122' title="bbox 3029 5701 3500 5770; baseline 0.006 -15"><span class='ocrx_word' id='word_1_944' title='bbox 3029 5705 3070 5735; x_wconf 79' lang='grc'><strong><em>¹⁹</em></strong></span> <span class='ocrx_word' id='word_1_945' title='bbox 3109 5701 3268 5758; x_wconf 77' lang='lat' dir='ltr'><strong><em>Joan.</em></strong></span> <span class='ocrx_word' id='word_1_946' title='bbox 3301 5719 3415 5770; x_wconf 72' lang='lat' dir='ltr'><strong><em>le,</em></strong></span> <span class='ocrx_word' id='word_1_947' title='bbox 3445 5704 3500 5758; x_wconf 88' lang='lat'><strong><em>6.</em></strong></span> 
     </span>
    </p>
   </div>
  </div>
