4134 6386
358 394 459 452 439

952 388 1316 443 ADV’ERSUS
1357 386 1691 442 IIrEIiESES
1729 386 1854 442 LIB.
1899 386 1939 438 Il

2039 384 2186 440 [ΟΜ.
2213 385 2253 439 ι.
2274 414 2340 425 -
2368 384 2642 440 ΠᾸΞΒΕΞ).
2684 382 2912 439 LXXIV.

3478 380 3581 435 490

356 504 463 573 γὰρ
498 506 530 556 0'
558 504 720 569 Θεὸς,
780 500 989 571 θεότης.
1033 502 1383 571 χαρισμάτων
1430 503 1543 554 ἐστὶ
1570 503 1753 573 δοτὴρ,
1792 501 1924 570 ἁλη-

2039 498 2264 567 Spiritus
2294 506 2516 552 sanctus
2546 497 2612 551 ab
2640 497 2903 550 ambobus
2924 496 3115 559 oritur,
3150 494 3382 566 Spiritus
3404 512 3434 551 e
3463 495 3584 568 Spi-

354 597 626 656 ύέστατον,
668 592 1020 662 φωτιστικδν,
1070 592 1496 661 παρακλητικὸν,
1544 591 1924 661 βουλευμάτων

353 686 446 736 τοῦ
502 687 713 757 Πατρὸς
759 684 1098 751 ἁγγελτικόν.
1145 685 1232 746 Ὠς
1291 685 1399 754 γὰρ
1442 686 1470 736 ὁ
1501 683 1623 747 Υἱὸς
1682 683 1927 754 μεγάλης

357 776 552 846 βουλῆς
592 775 822 843 ἄγγελος
849 816 862 837 ,
907 773 1048 826 οὕτω
1097 774 1189 826 καὶ
1248 774 1306 824 τὸ
1372 772 1595 842 Πνεῦμα
1639 770 1701 826 τὸ
1746 774 1922 841 ἆγιον.

370 869 516 923 Ἀλλ’
540 865 853 935 ἐλάϐομεν,
895 867 1046 934 φησὶ,
1083 865 1324 931 Πνεῦμα
1358 864 1525 926 Θεοῦ,
1572 867 1670 918 ἵνα
1709 866 1928 935 ίδωμεν

356 958 428 1011 τὰ
467 956 831 1026 χαρισθέντα
863 955 1006 1025 ἡμῖν
1038 957 1151 1008 ὑπὸ
1184 955 1351 1015 Θεοῦ,
1385 956 1423 1008 d
1466 955 1561 1008 καί
1596 957 1923 1025 λαλοῦμεν,

354 1049 465 1101 οὐκ
486 1048 556 1100 ἐν
586 1046 812 1112 πειθοῖς
846 1049 860 1078 ¹
895 1049 1116 1115 σοφίας
1160 1047 1382 1113 λόγοις,
1414 1026 1551 1101 ἀλλὅ
1587 1048 1656 1100 ἐν
1688 1045 1928 1101 ἀποδεί-

356 1137 446 1201 ξει
485 1140 829 1207 Πνεύματος
876 1139 1046 1202 Θεοῦ,
1091 1138 1509 1207 πνευματικοῖς
1558 1138 1928 1208 πνευματικὰ

357 1230 808 1299 συγκρίνοντες.

427 1429 507 1480 H'.
552 1428 689 1481 Ἀλλ’
711 1430 931 1500 ὲρείατις
956 1447 970 1460 ·
1009 1426 1217 1484 Οὐκοῦν
1239 1446 1419 1499 φαμεν
1444 1429 1538 1483 δύο
1570 1424 1705 1482 εἶναι
1744 1428 1924 1493 Υίούς.

356 1519 468 1573 Καὶ
500 1517 615 1582 πῶς
638 1519 981 1591 Μονογενήςς
1016 1520 1324 1591 Μενοῦνγε,
1376 1522 1461 1575 Σὺ
1487 1522 1578 1588 τίς
1611 1519 1672 1578 εἴ
1691 1526 1723 1577 ό
1762 1526 1927 1579 ἀντι-

357 1610 732 1681 λογιζόμενος
760 1610 840 1677 τῷ
894 1610 1051 1678 Θεῷ;
1109 1613 1172 1666 El
1215 1614 1323 1684 γὰρ
1359 1615 1450 1667 τὸν
1490 1614 1589 1685 μὲν
1612 1615 1738 1669 Υίὺν
1773 1617 1930 1670 καλεῖ

355 1701 447 1754 τὸν
471 1701 530 1768 ἐξ
557 1700 744 1766 αὐτοῦ,
764 1702 827 1756 τὸ
848 1701 904 1755 δὲ
926 1703 1077 1771 ἆγιον
1096 1703 1320 1775 Πνεῦμα
1341 1704 1403 1758 τὸ
1422 1705 1549 1777 παρ’
1577 1706 1926 1778 ἀμφοτέρων,

361 1793 517 1863 μόνον
550 1792 732 1846 πίστει
763 1792 1026 1865 νοούμενα
1053 1795 1158 1848 ὑπὸ
1187 1795 1296 1848 τῶν
1312 1795 1500 1865 ἁγίων,
1540 1796 1794 1867 φωτεινὰ.
1823 1816 1927 1868 φω-

358 1884 566 1949 τοδότα,
599 1885 866 1955 φωτεινὴν
894 1885 991 1955 τὴν
1035 1886 1313 1957 ἐνέργειαν
1345 1885 1480 1957 ἔχει,
1519 1888 1834 1959 συμφωνίαν
1866 1906 1924 1942 τε

358 1977 495 2048 πρὸς
519 1976 681 2030 αὑτὸν
694 1976 784 2031 τὸν
797 1977 1015 2049 Πατέρα
1043 1979 1272 2032 ποιεῖται
1296 1978 1472 2048 φωτὸς
1491 1979 1690 2034 πίστει.
1707 1981 1924 2044 Ἀκουε,

359 2062 405 2120 ὦ
431 2063 606 2135 οὗτος,
630 2069 713 2122 ὅτι
747 2072 775 2123 ὁ
801 2070 992 2141 Πατὴρ
1020 2070 1235 2140 ἀληθῶς
1263 2071 1395 2126 Υίοῦ
1434 2074 1549 2125 ἐστι
1584 2072 1782 2145 πατὴρ,
1812 2072 1927 2141 φῶς

360 2158 502 2223 ὅλος,
542 2160 637 2213 καὶ⁸
659 2160 786 2224 Υίὸς
816 2162 1029 2231 Πατρὸς
1057 2162 1312 2231 ἀληθοῦς,
1347 2161 1461 2232 φῶς
1503 2163 1698 2232 φωτὸς,
1730 2164 1829 2233 οὐχ
1854 2163 1929 2227 ὡς

358 2253 430 2305 τὰ
478 2252 676 2324 ποιητὰ
726 2252 760 2324 ἢ
808 2253 876 2307 τὰ
938 2252 1165 2315 κτιστὰ,
1222 2254 1566 2326 προσηγορίᾳ
1612 2255 1781 2326 μόνῃ*
1836 2255 1930 2308 καὶ

361 2342 584 2414 Πνεῦμα
649 2342 802 2411 ἆγιον
839 2341 1063 2410 Πνεῦμα
1116 2341 1372 2413 ἀληθείας
1416 2342 1552 2407 ἐστὶ,
1592 2343 1708 2411 φῶς
1752 2344 1931 2415 τρίτον

362 2432 512 2502 παρὰ
538 2431 749 2503 Πατρὺς
779 2431 873 2486 καὶ
899 2431 1031 2484 Υίοῦ
1060 2448 1071 2460 ·
1119 2431 1186 2484 τὰ
1219 2431 1263 2483 δ’
1298 2431 1430 2485 ἄλλα
1485 2433 1660 2485 πάντα
1711 2432 1857 2485 θέσει
1895 2433 1929 2503 ἢ

242 2535 249 2541 ‘
362 2521 684 2592 παραθέσει,
728 2522 762 2595 ἦ
809 2522 1019 2595 κλήσει,
1054 2524 1152 2595 οὐχ
1189 2526 1353 2596 ὁμοίᾳ
1380 2525 1569 2579 τούτου
1606 2527 1929 2597 ὲνεργείᾳμῆ

363 2614 612 2685 δυνάμει,
644 2613 858 2686 ἢφωτὶ,
884 2615 918 2686 ἢ
955 2617 1133 2686 ἐννοίᾳ
1152 2632 1165 2645 ·
1195 2615 1325 2687 ἢὼς
1351 2617 1416 2670 ἂν
1442 2618 1584 2670 είποι
1616 2634 1726 2681 τις*
1764 2620 1933 2685 Υἰοὺς

363 2704 662 2774 ἐγέννησα
720 2706 820 2760 καὶ
852 2707 1071 2776 {ip-(an
1096 2724 1110 2737 ·
1159 2707 1194 2777 ἢ
1238 2707 1315 2771 ὡς
1358 2707 1423 2761 ἂν
1462 2708 1603 2761 εἴποι
1636 2727 1749 2773 τις’
1795 2712 1934 2781 Ἐγὼ

363 2793 530 2849 εἶπεν
568 2796 700 2851 Θεοί
732 2797 871 2851 ἐστε
915 2799 1014 2851 καὶ
1037 2799 1151 2852 υἱοὶ
1188 2798 1479 2868 Ὑψίστου
1524 2799 1775 2866 πάντες·
1806 2802 1935 2873 ἢὼς

2027 591 2155 643 ritu.
2216 588 2443 659 Spiritus
2468 590 2651 659 quippe
2680 588 2818 643 Deus
2849 589 2992 654 est';
3030 587 3168 643 idem
3201 596 3253 644 et
3283 589 3587 644 caelestium

2026 681 2292 733 donorum
2324 679 2548 748 largitor
2576 685 2693 739 est,
2729 678 3066 739 verissimus,
3100 677 3235 731 lucis
3278 674 3588 732 eﬁicacissi-

2027 786 2169 833 mus,
2208 771 2539 834 consolator,
2581 769 2935 824 consiliorum
2977 766 3155 823 Patris
3210 767 3478 838 interpres
3521 782 3587 821 ac

2028 858 2425 927 nuntius.Nam
2454 870 2515 913 ut
2562 857 2731 915 Filius
2765 860 2945 930 magni
2968 860 3180 915 consilii
3201 860 3425 932 angelus
3444 867 3527 916 est
3543 858 3586 924 ³,

2029 952 2102 1004 ita
2138 952 2375 1021 Spiritus
2413 962 2657 1008 sanctus.
2701 950 2801 1006 Sed
2850 953 3161 1019 accepimus,
3191 952 3387 1021 inquit,
3427 950 3592 1021 Spiri-

2030 1051 2138 1095 tum
2170 1041 2288 1105 Dei,
2317 1042 2484 1114 896
2513 1053 2571 1097 ut
2596 1042 2863 1098 videamus
2888 1059 3004 1113 qua:
3034 1059 3065 1095 a
3107 1042 3213 1097 Deo
3239 1044 3438 1097 donata
3466 1052 3588 1097 sunt

2029 1135 2207 1196 nobis,
2239 1151 2355 1206 qua:
2396 1135 2757 1205 alloquimur,
2790 1152 2893 1188 non
2926 1133 3136 1188 blandis
3166 1135 3437 1203 sapientia:
3474 1151 3588 1188 ser-

2029 1225 2269 1279 monibus
2295 1268 2310 1291 ,
2341 1226 2432 1280 sed
2480 1226 2786 1294 probatione
2824 1225 3050 1295 Spiritus
3086 1225 3215 1292 Dei,
3264 1226 3591 1295 spiritalibus

2028 1317 2297 1383 spiritalia
2325 1328 2687 1387 comparantes
2712 1318 2751 1372 ⁸.

2102 1429 2233 1484 νιιι.
2279 1429 2434 1487 Dicat
2461 1431 2661 1501 aliquis
2694 1450 2708 1487 :
2743 1430 2890 1488 Duos
2918 1447 3047 1504 ergo
3084 1429 3252 1487 Filios
3281 1431 3591 1489 statuimus.

2030 1520 2183 1588 Quod
2218 1521 2265 1578 si
2296 1523 2368 1576 ita
2410 1530 2526 1590 est,
2564 1524 2656 1593 qui
2690 1524 2907 1579 tandem
2953 1540 3077 1580 esse
3110 1532 3288 1594 potest
3336 1522 3597 1595 Unigeni-

2030 1612 2152 1667 tus?
2172 1609 2284 1667 Imo
2306 1628 2457 1679 vero,
2477 1624 2533 1667 tu
2559 1615 2674 1685 quis
2704 1631 2757 1668 es
2782 1616 2869 1685 qui
2898 1615 3231 1669 rontradicas
3253 1614 3361 1669 Deo
3386 1615 3439 1670 ’ἲ
3457 1616 3595 1671 Cum

2030 1706 2175 1760 enim
2228 1702 2423 1759 Filium
2454 1714 2633 1772 vocet,
2661 1707 2755 1777 qui
2788 1722 2820 1760 a
2851 1722 2910 1762 se
2935 1709 3132 1768 oritur.
3178 1707 3437 1777 Spiritum
3464 1722 3597 1762 vero

2030 1807 2301 1862 sanctum,
2331 1798 2424 1868 qui
2454 1797 2524 1852 ab
2543 1807 2774 1869 utroque
2800 1798 3065 1869 procedit,
3113 1813 3190 1853 ea;
3215 1808 3326 1855 tres
3349 1814 3597 1869 persona:

2033 1889 2148 1945 sola
2181 1889 2283 1945 ﬁde
2310 1905 2340 1944 a
2375 1891 2583 1947 sanctis
2619 1890 2753 1946 viris
2794 1898 3064 1961 perceptae
3104 1890 3318 1959 Iucidae,
3359 1906 3423 1945 ac
3457 1892 3595 1946 lucis

2030 1989 2283 2036 auctores
2310 1980 2488 2034 lucida
2516 1988 2646 2036 sunt
2690 1983 2906 2038 actione
2943 1982 3200 2053 praeditas,
3235 1990 3289 2038 et
3311 1998 3436 2038 cum
3478 1985 3599 2054 ipso

2031 2073 2192 2126 Patre
2224 2069 2345 2125 ﬁdei
2375 2070 2497 2125 luce
2522 2070 2873 2127 concordiam
2902 2079 3142 2127 servant.
3191 2070 3338 2127 Heus
3364 2074 3453 2126 tu!
3496 2073 3599 2143 igi-

2031 2172 2120 2217 tur
2151 2162 2302 2227 audi,
2334 2161 2788 2233 quemadmodum
2818 2161 2978 2217 Pater
3000 2177 3127 2218 vere
3155 2162 3227 2218 sit
3258 2161 3380 2217 Filii
3446 2175 3601 2230 pater

2031 2262 2289 2325 totusque
2340 2255 2465 2322 lux;
2509 2262 2563 2310 et
2605 2251 2779 2310 Filius
2807 2253 2921 2309 veri
2971 2255 3040 2309 sit
3075 2250 3255 2309 Patris
3289 2251 3478 2317 Filius,
3514 2252 3598 2307 Iu-

2032 2361 2156 2400 men
2184 2345 2252 2400 de
2275 2345 2501 2407 lumine,
2547 2361 2655 2401 non
2687 2355 2745 2399 ut
2778 2344 2923 2400 facta
2981 2353 3228 2401 creatave
3258 2353 3471 2410 caetera,
3501 2358 3598 2413 ap-

2032 2436 2327 2506 pellatione
2355 2435 2653 2501 duntaxat;
2710 2433 2948 2504 Spiritus
2982 2434 3216 2504 denique
3254 2443 3478 2490 sanctus
3506 2449 3600 2489 ve-

2033 2527 2213 2582 ritatis
2248 2524 2319 2579 sit
2349 2523 2585 2595 Spiritus
2648 2540 2711 2578 ac
2737 2526 2957 2581 tertium
2986 2540 3017 2578 a
3055 2522 3214 2580 Patre
3242 2522 3487 2595 Filioque
3513 2526 3601 2580 Iu-

2033 2635 2197 2684 men;
2239 2626 2433 2674 caetera
2474 2618 2659 2672 omnia
2709 2617 3018 2689 adoptione,
3058 2618 3145 2675 vel
3172 2619 3596 2689 comparatione,

2034 2711 2119 2765 vel
2154 2710 2530 2781 appositione,
2570 2709 2655 2765 vel
2684 2710 3045 2780 appellatione
3067 2750 3082 2773 ,
3131 2725 3240 2765 non
3274 2710 3438 2766 simili
3474 2726 3599 2766 cum

2035 2817 2101 2855 eo
2132 2802 2370 2866 actione,
2420 2800 2505 2856 vel
2536 2799 2766 2865 virtute,
2817 2801 2902 2855 vel
2931 2800 3070 2866 luce,
3103 2800 3185 2855 vel
3221 2802 3439 2855 notione
3476 2813 3604 2855 cen-

365 2889 432 2943 ἂν
487 2878 633 2943 είποι
675 2906 789 2954 τις·
836 2892 887 2942 Ὀ
925 2891 1179 2956 τετοκὼς
1209 2891 1451 2957 βώλους
1496 2890 1813 2962 δρόσου³ἥ
1860 2893 1935 2956 ὡς

2039 2902 2249 2948 seutur.
2280 2890 2406 2946 Sive
2442 2891 2569 2962 quis
2595 2890 2727 2945 illud
2767 2891 2969 2946 dixerit
3001 2907 3013 2943 :
3054 2890 3221 2947 Filios
3244 2893 3399 2963 genui
3427 2900 3477 2946 et
3507 2906 3602 2945 ea:-

377 2979 442 3032 ἂν
480 2978 622 3033 εἴποι
643 2996 753 3042 τις·
793 2978 894 3043 Ἐξ
922 2975 993 3035 οὗ
1020 2978 1185 3034 πᾶσα
1206 2982 1419 3047 πατριὰ
1439 2980 1507 3033 ἐν
1534 2980 1811 3046 οὐρανοῖς
1837 2980 1933 3033 καὶ

2039 2983 2202 3037 altavi
2222 2983 2278 3050 ‘;
2311 2983 2427 3038 sive
2464 2982 2596 3038 illud
2628 3001 2639 3036 :
2678 2980 2789 3053 Ego
2819 2981 2931 3035 dixi
2958 2999 2976 3036 :
3009 2980 3099 3033 Dii
3126 2983 3248 3034 estis
3296 2992 3346 3035 et
3375 2980 3476 3049 ﬁlii
3506 2980 3604 3033 Αί-

368 3072 470 3124 ἐπὶ
503 3071 615 3139 τῆς
638 3070 779 3142 τῆς·
811 3071 845 3143 ἢ
876 3072 951 3135 ὼς
980 3074 1046 3126 ἂν
1075 3073 1219 3125 εἴποι
1247 3089 1331 3136 τις
1355 3091 1366 3101 ·
1409 3071 1550 3142 Ἐγὼ
1592 3075 1625 3125 ό
1679 3069 1938 3139 στερεῶν

2040 3076 2233 3129 tissimi
2262 3092 2438 3129 omnes
2463 3076 2484 3105 ⁷
2511 3093 2526 3140 ;
2572 3075 2689 3130 sive
2720 3072 2864 3130 istud
2896 3089 2910 3124 :
2954 3073 3057 3139 Qui
3094 3072 3270 3142 genuit
3300 3072 3477 3127 stillas
3516 3089 3604 3124 ro-

362 3162 654 3232 ,ϐροντὴν,
689 3162 787 3217 καί
826 3163 1034 3225 κτίζων
1054 3165 1317 3234 Πνεῦμα.
1353 3165 1427 3218 Οὐ
1452 3164 1559 3234 γὰρ
1581 3163 1655 3227 ὡς
1684 3165 1733 3216 oi
1762 3163 1938 3216 λοιποὶ

2043 3166 2194 3233 ris“;
2227 3167 2341 3222 sive
2368 3167 2473 3221 hoc
2503 3167 2681 3237 ipsum
2718 3182 2730 3217 :
2773 3167 2812 3219 Α
2872 3182 2972 3233 quo
3012 3166 3180 3219 omnis
3224 3164 3516 3229 paternitas
3550 3163 3605 3217 in

371 3254 623 3327 πατέρες,
663 3255 695 3326 ἢ
736 3256 1065 3328 πατριάρχαι
1097 3258 1126 3311 ὀ
1146 3256 1395 3328 ἀληθινὸς
1420 3255 1937 3329 Πατὴρὰρξὰμενος

2039 3259 2179 3314 cazlis
2221 3268 2271 3312 et
2318 3259 2371 3311 in
2408 3258 2623 3325 terra’;
2673 3258 2828 3313 sive:
2877 3256 2987 3327 Ego
3026 3258 3247 3326 ﬁrmans
3284 3256 3516 3317 tonitru,
3556 3269 3605 3307 et

368 3344 467 3400 τοῦ
510 3341 647 3401 εἶναι
685 3347 951 3420 Πατὴρ,ἢ
992 3348 1254 3403 ἐλλείπων
1299 3348 1427 3402 ποτὲ
1483 3348 1563 3419 τῷ
1609 3350 1784 3419 χρόνῳ
1844 3347 1937 3401 τοῦ

372 3434 748 3522 εἶναινηατήρ.
780 3440 843 3493 Ei
884 3440 993 3512 γὰρ
1039 3442 1264 3513 ἄρχεται
1285 3441 1378 3495 τοῦ
1409 3437 1546 3494 εἶναι
1578 3441 1786 3511 Πατὴρ,
1815 3440 1940 3504 Υἱὸς

374 3534 480 3602 ἄρα
499 3527 567 3601 ἦν
596 3549 726 3585 ποτε
754 3532 943 3603 ἑτέρου
965 3532 1191 3604 πατρὸς,
1227 3532 1332 3603 πρὸ
1358 3530 1451 3585 τοῦ
1477 3528 1613 3586 εἶναι
1635 3533 1797 3585 αὑτὸν
1826 3533 1939 3585 Πα-

374 3624 508 3693 τέρα
534 3623 891 3695 Μονογενοῦς.
924 3622 1064 3675 Καθ’
1094 3623 1383 3695 ὁμοιότητα
1416 3622 1473 3677 δὲ
1504 3623 1738 3695 πατέρες
1781 3623 1943 3676 πατέ-

376 3732 483 3783 ρων
511 3713 751 3767 νοοῦνται
815 3714 1000 3778 τέκνα,
1061 3716 1155 3769 καὶ
1210 3717 1289 3779 εἰς
1331 3715 1555 3785 ἄπειρον
1601 3715 1691 3767 τὸν
1729 3713 1943 3784 ἀληθῶς

376 3805 587 3877 πατέρα
627 3806 725 3877 τῆς
770 3806 1152 3877 ἀρχαιολογίας
1188 3808 1367 3876 εὑρεῖν
1410 3806 1574 3860 ἔστιν.
1613 3806 1746 3860 Οὐδὲ
1776 3806 1851 3870 ὡς
1876 3805 1944 3859 τὰ

378 3897 539 3951 λοιπά
582 3898 748 3951 τέκνα
804 3897 948 3951 θέσει
974 3899 1003 3951 ὁ
1032 3897 1155 3961 Υἱὸς
1185 3900 1214 3951 ὁ
1251 3897 1500 3968 ἀληθινὸς
1533 3899 1650 3963 νέος
1677 3897 1767 3952 τοῦ
1806 3893 1943 3952 εἶναι

380 3991 524 4049 Υἱός.
545 3992 609 4044 Ei
641 3992 750 4062 γὰρ
776 3992 892 4054 νέος
919 3990 1011 4046 τοῦ
1048 3987 1186 4045 εἶναι
1212 3992 1358 4059 Υίδς,
1391 3988 1458 4063 ἦν
1482 4010 1609 4047 ποτε
1643 3972 1830 4063 χρόνος
1856 3994 1943 4047 ὅτε

373 4085 477 4137 οὐκ
515 4079 582 4155 ἦν
636 4087 665 4137 ὁ
712 4085 923 4157 Πατὴρ,
980 4084 1168 4155 Πατὴρ
1198 4070 1558 4153 Μονογενοῦς.
1603 4086 1734 4139 Οὐδὲ
1774 4086 1849 4149 ὡς
1877 4086 1943 4139 τὰ

378 4175 543 4230 λοιπὰ
572 4176 856 4247 πνεύματα
895 4177 954 4231 τὸ
991 4176 1210 4247 Πνεῦμα
1241 4176 1341 4247 τῆς
1383 4178 1635 4248 ἀληθείας
1663 4179 1878 4234 κτιστὺν
1909 4178 1942 4249 ἢ

378 4270 629 4338 ποιητόν·
686 4269 808 4323 οὐδὲ
850 4269 925 4333 ὡς
959 4271 1007 4324 οἱ
1044 4270 1221 4323 λοιποὶ
1260 4270 1476 4339 ἄγγελοι
1512 4273 1541 4324 ὁ
1572 4270 1669 4342 τῆς
1703 4271 1945 4342 μεγάλης

381 4358 832 4431 βουλῆςἊγγελος
848 4360 1112 4415 καλεῖται.
1143 4363 1208 4413 "A
1233 4362 1329 4431 μὲν
1348 4362 1455 4432 γὰρ
1480 4360 1651 4434 ἀρχὴν
1676 4363 1766 4415 καὶ
1794 4361 1943 4425 τέλος

306 4460 313 4466 ‘
382 4449 517 4518 ἔχει,
539 4447 576 4503 ἃ
596 4449 654 4503 δὲ
681 4449 1029 4520 ἀνεπινόητον
1056 4448 1168 4519 ἔχει
1198 4449 1258 4501 τὸ
1282 4448 1477 4520 κράτος
1503 4450 1597 4503 καὶ
1626 4450 1725 4519 τὴν
1748 4449 1940 4519 ἀρχήν.

383 4541 492 4594 Καὶ
523 4540 558 4595 ἃ
576 4542 673 4612 μὲν
698 4541 870 4606 κτίζει
888 4541 957 4595 τὰ
973 4541 1148 4595 πάντα
1174 4539 1739 4613 είςὰπείρουςαὶῶνας
1763 4557 1945 4609 συνερ-

353 4622 581 4699 ’γοῦντα
601 4631 679 4702 τῷ
696 4633 891 4704 Πατρὶ,
914 4632 1017 4686 ἃδὲ
1042 4611 1621 4696 κτίζεταιὺπὸῖτούτων
1638 4632 1711 4693 ὡς
1734 4631 1799 4686 ἂν
1831 4630 1948 4684 ὲθέ-
1978 4611 2022 4667 D

381 4721 545 4775 λοιεν.
567 4723 674 4776 Καὶ
704 4723 740 4777 ἃ
771 4722 869 4793 μὲν
890 4722 1141 4791 λατρεύει
1172 4723 1399 4788 τούτοις,
1425 4721 1527 4775 aet
1557 4718 1823 4790 λατρευτὰ
1848 4719 1952 4772 ὑπὸ

382 4815 490 4867 τῶν
516 4815 653 4868 ὅλων
674 4816 1003 4886 κτισμάτων.
1033 4814 1190 4868 Καὶᾶ
1217 4815 1311 4884 μὲν
1332 4817 1474 4867 ἰᾶται
1507 4814 1575 4866 τὰ
1594 4814 1890 4883 ποιήματα,
1916 4811 1954 4865 ἃ

287 4905 301 4917 ’
382 4905 439 4957 δὲ
466 4905 564 4977 τὴν
594 4906 737 4959 ἵασιν
764 4906 1029 4976 λαμϐάνει
1060 4896 1397 4977 παράὖτῶν.
1414 4904 1572 4959 Καὶᾶ
1597 4904 1693 4976 μὲν
1710 4903 1953 4975 κρίνεται

384 4996 507 5051 κατ’
534 4996 716 5063 ἀξίαν,
749 4997 785 5051 ἃ
805 4997 862 5051 δὲ
892 4998 991 5068 τὴν
1028 4998 1210 5070 κρίσιν
1258 4998 1369 5069 ἔχει
1397 4999 1493 5068 τὴν
1527 4996 1760 5065 δικαίαν.
1780 4997 1889 5051 Kal
1919 4995 1954 5049 ἃ

389 5088 487 5158 μὲν
516 5090 691 5162 χρόνῳ
722 5090 890 5151 ἐστὶν,
920 5090 957 5143 ἃ
982 5089 1037 5142 δὲ
1066 5090 1166 5142 οὐκ
1212 5091 1269 5142 ὲν
1307 5090 1484 5163 χρόνῳ
1534 5089 1804 5157 τυγχάνει.
1851 5087 1954 5140 Καὶ

384 5179 419 5231 ἂ
458 5180 557 5249 μὲν
583 5178 804 5249 φωτίζει
824 5181 892 5233 τὰ
919 5180 1115 5239 πάντα,
1150 5180 1184 5233 ἃ
1216 5181 1270 5233 δὲ
1318 5180 1629 5250 φωτίζεται.
1661 5181 1772 5234 Kal
1792 5181 1826 5234 ἃ
1856 5182 1954 5250 μὲν

384 5270 541 5322 καλεῖ
568 5271 793 5339 νηπίους
818 5272 895 5333 είς
913 5269 1062 5339 ὕψος,
1078 5269 1113 5323 ἃ
1134 5270 1191 5323 δὲ
1213 5270 1456 5323 καλεῖται
1482 5272 1586 5323 ὑπὸ
1607 5270 1699 5323 τοῦ
1728 5271 1951 5324 τελείου.

388 5361 496 5412 Καὶ
516 5360 552 5415 ἃ
587 5361 685 5429 μὲν
711 5359 990 5430 χαρίζεται
1007 5362 1191 5421 πᾶσιν.
1218 5360 1318 5414 ἃδε
1337 5361 1647 5434 χαρίσματα
1668 5362 1952 5432 λαμϐάνει.

342 5436 348 5442 ’
386 5452 495 5504 Καὶ
531 5451 779 5518 καθάπαξ
814 5455 1005 5518 εἰπεῖν,
1030 5452 1067 5506 ἃ
1097 5453 1197 5520 μὲν
1226 5454 1448 5524 ὲξυμνεῖ
1471 5454 1567 5525 τὴν
1603 5453 1864 5524 ἀγιότητα
1899 5456 1954 5507 ἐν

462 5733 483 5768 ⁸
522 5753 610 5804 γρ.
648 5737 843 5791 πειθοῖ.
922 5741 942 5769 ¹
979 5738 1135 5795 Joan.
1167 5756 1239 5804 Iv,
1262 5741 1351 5796 ει.
1428 5744 1447 5774 ³
1491 5741 1591 5797 Isa.
1624 5761 1698 5805 ix,
1730 5745 1780 5797 6.

1892 5742 1957 5797 ⁸1
1992 5745 2114 5797 Cor.
2145 5760 2203 5806 ιι,
2236 5744 2323 5801 19..
2358 5744 2440 5798 15.

2042 3368 2224 3405 creans
2257 3350 2520 3422 Spiritum
2577 3350 2643 3403 ¹⁰.
2692 3348 2807 3403 Νοιι
2848 3352 2991 3404 enim
3038 3360 3357 3404 cancrorum
3392 3356 3607 3419 patrum

2042 3442 2545 3517 patriarcharumve
2591 3456 2743 3496 more
2793 3456 2955 3495 verus
3004 3440 3095 3494 ille
3147 3436 3310 3493 Pater
3344 3445 3440 3493 aut
3484 3452 3609 3494 esse

2042 3532 2201 3589 Pater
2232 3532 2522 3603 aliquando
2543 3533 2727 3604 coepit,
2757 3541 2851 3587 aut
2879 3546 3171 3604 progressu
3200 3529 3461 3600 temporis
3484 3543 3610 3584 esse

2043 3623 2367 3694 quandoque
2397 3625 2626 3681 desinet.
2660 3624 2793 3679 Nam
2823 3625 2869 3679 si
2895 3623 3057 3679 Pater
3076 3637 3201 3679 esse
3225 3621 3474 3693 cmperit,
3511 3636 3608 3675 ne—

2045 3731 2198 3773 cesse
2236 3725 2321 3773 est
2351 3725 2409 3771 ιιι
2433 3715 2602 3772 Filius
2628 3718 2853 3772 alterius
2882 3715 3054 3786 patris
3079 3716 3210 3770 olim
3244 3712 3430 3779 fuerit,
3455 3720 3609 3768 ante-

2044 3825 2206 3876 quam
2250 3818 2396 3865 esset
2457 3808 2729 3879 Unigeniti
2791 3806 2971 3862 Pater.
3026 3804 3197 3861 Porro
3255 3803 3611 3861 similitudine

2046 3900 2280 3969 quadam
2311 3910 2526 3971 patrum
2563 3910 2744 3970 patres
2775 3900 3151 3969 intelliguntur
3173 3912 3295 3953 esse
3329 3895 3445 3959 ﬁlii,
3471 3903 3523 3951 et
3554 3896 3610 3950 in

2048 3994 2317 4047 inﬁnitum
2351 4008 2508 4049 verus
2548 3993 2775 4062 originis
2815 3999 2965 4047 sator
3024 4005 3088 4045 ac
3127 4002 3323 4060 parens
3384 3986 3609 4057 perduci

2048 4094 2245 4156 potest.
2285 4083 2470 4156 Neque
2498 4100 2628 4139 vero
2657 4094 2974 4139 caeterorum
3014 4085 3185 4136 instar
3215 4078 3472 4141 ﬁliorum,
3513 4079 3610 4148 qui

2047 4178 2336 4249 adeptione
2366 4176 2491 4232 facti
2518 4186 2679 4243 sunt,
2706 4191 2867 4232 verus
2898 4173 3068 4229 Filius
3095 4187 3285 4227 recens
3313 4178 3396 4226 est
3430 4169 3610 4225 factus

2046 4268 2239 4325 Filius.
2271 4270 2523 4339 Alioquin
2567 4268 2711 4322 enim
2744 4278 2958 4339 tempus
2988 4263 3281 4335 aliquando
3326 4261 3462 4329 fuit,
3501 4278 3612 4334 quo

2046 4361 2206 4417 Pater
2232 4362 2469 4416 nondum
2502 4370 2649 4416 esset
2679 4360 2951 4432 Unigeniti
2983 4360 3159 4413 Pater.
3195 4355 3297 4413 Sed
3324 4370 3500 4427 neque
3533 4355 3611 4410 uti

2048 4452 2237 4522 reliqui
2272 4436 2519 4519 spiritus,
2555 4449 2800 4505 veritatis
2831 4449 3053 4519 spiritus
3085 4455 3324 4501 creatum
3352 4444 3613 4516 quiddam

2049 4551 2167 4606 est,
2219 4551 2313 4597 aut
2342 4540 2582 4608 factum;
2630 4557 2804 4611 neque
2837 4549 3155 4596 cmterorum
3189 4540 3363 4593 instar
3389 4537 3612 4608 angelo-

2053 4651 2197 4697 rum,
2232 4634 2411 4704 magni
2444 4634 2533 4687 ille
2562 4633 2774 4688 consilii
2804 4632 3039 4703 Angelus
3075 4629 3361 4686 dicitur“.
3392 4628 3449 4681 Si
3490 4629 3611 4698 qui-

2051 4730 2172 4780 dem
2207 4726 2293 4778 illa
2335 4726 2550 4779 initium
2579 4724 2782 4779 habent
2812 4734 2868 4777 et
2909 4724 3088 4787 ﬁnem,
3144 4723 3258 4776 ha'c
3283 4722 3391 4775 duo
3423 4720 3610 4782 robur,

2050 4832 2112 4869 ac
2144 4816 2507 4886 principatum
2543 4815 2757 4877 habent,
2794 4829 2956 4885 quem
2984 4815 3129 4868 nulla
3164 4813 3485 4883 cujusquam
3527 4812 3615 4865 in-

2053 4904 2350 4975 leIIigentia
2401 4907 2573 4974 possit
2612 4906 2855 4974 assequi.
2895 4903 3017 4959 llaec
3065 4904 3317 4958 universa
3358 4915 3615 4971 procrea-

2050 5007 2201 5064 runt,
2226 5013 2345 5068 quae
2373 5013 2498 5052 cum
2533 4997 2693 5052 Patre
2722 5014 2815 5068 per
2846 4999 3055 5053 inﬁnita
3088 4997 3285 5052 sarcula
3310 4996 3616 5051 communi-

2052 5098 2135 5143 ter
2162 5090 2344 5143 omnia
2391 5089 2719 5153 moliuntur;
2771 5099 2963 5143 caztera
3003 5089 3072 5141 ab
3118 5089 3223 5142 illis
3268 5095 3428 5157 prout
3481 5087 3616 5156 ipsis

2052 5181 2185 5235 Iihet
2230 5190 2501 5234 creantur.
2555 5180 2645 5234 IIIa
2690 5182 2934 5235 serviunt
2987 5182 3074 5243 iis,
3126 5188 3179 5234 et
3208 5182 3428 5245 colunt;
3460 5179 3546 5233 liis
3584 5195 3619 5233 a

2054 5273 2322 5327 creaturis
2377 5272 2633 5326 omnibus
2693 5274 2927 5327 servitus
2979 5273 3268 5342 cultusque
3333 5271 3616 5325 tribuitur.

2053 5362 2215 5433 897
2249 5361 2373 5417 Iirec
2396 5363 2653 5431 operibus
2692 5365 2808 5419 suis
2837 5362 3159 5417 medicinam
3190 5362 3482 5425 adhibent;
3524 5361 3618 5417 illa

2064 5454 2389 5509 medicinam
2426 5449 2496 5505 ab
2525 5451 2644 5506 istis
2679 5450 2979 5523 accipiunt.
3005 5448 3130 5507 Haec
3157 5449 3410 5506 universa
3435 5447 3612 5502 collu-

2518 5746 2537 5776 '
2568 5744 2721 5800 Rom.
2758 5762 2831 5807 Ix.
2861 5746 2949 5800 (ΞΟ.
3027 5748 3048 5777 ⁸
3081 5750 3180 5800 lsa.
3218 5747 3334 5807 1.2.
3410 5746 3431 5781 '
3463 5743 3615 5807 Psal.

389 5817 576 5865 unt.
610 5809 659 5860 6.
737 5809 758 5839 ⁸
790 5805 891 5862 Joh
917 5826 1141 5869 nxvm.
1168 5812 1258 5864 ‘28.
1336 5816 1357 5843 ν
1398 5812 1593 5883 Eplics.
1625 5832 1707 5875 ιιι,
1742 5817 1823 5868 ιὸ.
1903 5817 1939 5846 ¹⁰

2042 5832 2141 5868 nos
2194 5831 2266 5877 tv,
2300 5815 2367 5867 13
2399 5832 2462 5869 ex
2496 5814 2656 5869 LXX.
2738 5818 2778 5848 ¹¹
2810 5805 2910 5871 Isa.
2940 5833 3013 5883 ix,
3045 5818 3096 5873 ὃ.

597 5902 867 5961 Parant.
902 5904 1015 5963 Gn.
1056 5905 1246 5965 XLII.

3176 5914 3250 5971 lti
