4134 6386
507 329 610 384 ἳθί
1959 329 2014 384 S.
2051 330 2091 382 Ε

2194 327 2394 384 ἸΙΛΝΙΙ
3661 331 3768 386 492

511 455 718 514 stram;
747 449 836 504 illa
864 449 1274 505 collustrantur.
1307 447 1432 506 Haec
1469 451 1705 506 infantes
1733 449 1796 504 ad
1833 449 2082 504 sublimi-

2194 449 2434 519 οὐρανοῖς
2477 447 2718 518 οὐρανῶν
2750 449 2839 501 καὶ
2875 449 3078 512 λοιποῖς
3105 449 3352 518 ἀοράτοις
3389 447 3596 510 τόποις,
3631 446 3666 500 ἃ
3709 445 3767 500 δὲ

510 547 674 592 latent
723 551 948 604 vocant;
997 540 1086 594 illa
1139 557 1168 594 a
1211 541 1455 611 perfecto
1485 551 1771 595 vocantur.
1817 537 1942 594 Haec
1989 540 2091 593 lar-

2203 539 2572 610 ὲξυμνούμενα
2622 539 2690 592 τὰ
2743 539 2891 610 δῶρα
2957 539 3122 604 ἀξίως
3160 541 3388 612 παρέχει
3415 543 3526 602 τοῖς
3574 537 3766 602 ἀξίοις.

507 633 731 702 giuntur
776 633 1054 700 omnibus;
1107 635 1197 688 illa
1249 636 1570 690 muneribus
1617 634 1945 690 alliciuntur.
1985 631 2064 686 Ad
2103 647 2372 686 summam
2407 633 2498 686 illa
2557 633 2610 686 in
2695 633 2853 686 malis
2901 634 3164 688 caelorum
3231 649 3294 687 ac
3337 633 3582 698 caeteris,
3649 643 3770 699 quae

515 729 692 780 oculis
725 729 994 794 subducta
1055 735 1208 796 sunt,
1242 731 1380 788 locis
1433 731 1783 787 sanctitatem
1831 729 1980 784 illam
2049 728 2382 798 praedicant;
2433 729 2546 782 haec
2602 727 2820 782 illorum
2865 730 3253 799 praedicatione
3305 729 3576 783 celebrata
3641 739 3764 778 eum

509 816 688 886 dignis
720 833 816 870 sua
849 817 1012 888 digne
1040 819 1182 874 dona
1213 823 1644 878 communicant.

579 911 667 964 IX.
708 913 970 968 Caeterum
1013 917 1321 984 complures
1371 917 1598 986 spiritus
1641 931 1817 972 sacrae
1863 915 2082 972 Littera

505 1019 627 1058 esse
661 1004 1006 1074 significant:
1041 1007 1148 1074 Qui
1181 1009 1334 1078 facit,
1365 1011 1560 1080 inquit,
1589 1010 1802 1080 angelos
1824 1027 1948 1064 suos
1975 1010 2083 1078 spi-

505 1095 662 1158 ritus,
695 1105 744 1148 et
781 1098 1048 1154 ministros
1093 1116 1215 1153 suos
1261 1101 1316 1154 in
1355 1103 1522 1172 ignem
1555 1111 1788 1156 urentem
1815 1103 1872 1168 ¹;
1911 1102 2082 1156 item:

2254 911 2331 964 ϐ’.
2374 909 2664 980 Πνεῦματα
2723 909 2782 963 δὲ
2847 909 3074 963 ’πλεῖστά
3129 925 3293 980 φησιν
3349 909 3384 980 ἡ
3437 907 3624 980 Γραφή
3653 926 3666 938 ·
3713 909 3768 964 ⁸0

2185 1001 2372 1056 ποιῶν
2393 1001 2536 1066 τοὺς
2573 999 2868 1070 ἀγγέλους
2889 1001 3077 1054 αὐτοῦ
3118 1000 3447 1068 πνεύματα,
3497 999 3596 1052 καὶ
3629 999 3772 1066 τοὺς

2183 1092 2566 1160 λειτουργοὺς
2601 1091 2787 1144 αὑτοῦ
2832 1091 3021 1160 πυρὸς
3061 1093 3318 1160 φλογίας
3341 1110 3354 1122 ·
3396 1092 3490 1145 καὶ
3513 1133 3528 1158 ,
3569 1091 3772 1148 Πάντα

507 1189 702 1243 Omnes
733 1191 980 1258 spiritus,
1019 1191 1235 1246 laudate
1265 1193 1608 1250 Dominum’.
1649 1193 1756 1250 Sed
1781 1203 1838 1250 et
1861 1195 1950 1256 iis,
1987 1194 2082 1262 qui

507 1279 654 1350 digni
673 1293 822 1343 sunt,
841 1281 1324 1338 discernendorum
1347 1287 1638 1354 spirituum
1659 1285 1802 1341 dona
1830 1285 2084 1340 tribuun-

503 1381 595 1424 tur
617 1371 658 1424 ³.
699 1370 834 1424 Nam
873 1374 962 1428 alii
994 1375 1250 1431 cmlestes
1286 1385 1414 1432 sunt
1448 1378 1694 1448 spiritus,
1729 1377 1824 1448 qui
1857 1378 2086 1433 veritate

2183 1185 2258 1237 τὰ
2305 1185 2633 1251 πνεύματα,
2665 1182 2885 1236 αἱνεῒτε
2945 1183 3053 1236 τὸν
3082 1181 3319 1252 Κύριον.
3357 1184 3684 1254 Χαρίσματα
3713 1185 3770 1238 δὲ

2185 1273 2356 1338 ἀξίοις
2403 1273 2602 1326 δίδοται
2643 1272 2966 1344 διακρίσεως
3007 1271 3354 1342 πνευμάτων.
3393 1273 3462 1325 ’Λ
3519 1271 3618 1342 μὲν
3661 1273 3772 1344 γὰρ

2186 1365 2486 1436 ἐπουράνιά
2511 1368 2626 1418 ἐστι
2651 1405 2666 1430 ,
2703 1365 2966 1436 χαίροντα
2991 1366 3058 1435 τῇ
3088 1363 3316 1434 ἀληθείᾳ
3335 1401 3350 1427 ,
3379 1361 3416 1417 ἃ
3443 1363 3502 1416 δὲ
3529 1365 3770 1432 ὲπίγεια,

507 1459 876 1528 delectantur;
915 1463 1004 1516 alii
1029 1464 1254 1528 terreni,
1285 1465 1378 1534 qui
1411 1463 1696 1519 fraudibus
1721 1471 1775 1520 et
1801 1465 2084 1519 erroribus

2194 1457 2406 1527 ἀπάτης
2433 1457 2528 1510 καὶ
2565 1457 2772 1526 πλάνης
2813 1456 3032 1527 ἐπιτήδε
3043 1471 3124 1508 ια·
3161 1455 3199 1510 ἃ.
3227 1455 3284 1509 δὲ
3307 1456 3542 1526 ὑπόγεια
3566 1497 3582 1523 ,
3605 1453 3774 1508 ἀϐύσ-

506 1552 726 1606 ubnoxii
757 1561 920 1621 sunt;
967 1555 1060 1608 alii
1101 1553 1338 1625 denique
1367 1555 1735 1619 subterranei,
1765 1555 1950 1628 abyssi
2001 1565 2084 1611 te~

2194 1567 2283 1604 σου
2317 1551 2412 1604 καὶ
2447 1550 2672 1612 σκότους
2702 1549 2890 1602 τέκνα.
2941 1545 3272 1616 "aptamur.
3303 1547 3447 1618 γὰρ,
3493 1549 3556 1602 τὸ
3597 1549 3774 1616 Εὐαγ-

507 1645 911 1716 nebrarumque
955 1647 1068 1701 lilii.
1121 1647 1360 1720 Rogabat
1407 1649 1568 1716 enim,
1621 1659 1682 1704 ut
1729 1648 2082 1720 Evangelium

2194 1639 2368 1710 γέλιὸν
2399 1655 2584 1710 φησιν,
2609 1639 2710 1691 ἵνα
2741 1637 2827 1706 μὴ
2867 1636 3078 1706 πέμψῃ
3111 1636 3301 1691 αὑτὸν
3333 1640 3421 1703 εὶς
3441 1637 3558 1706 τὴν
3587 1637 3776 1692 ἄϐυσ-

506 1737 638 1800 ait‘,
671 1753 731 1790 ne
761 1755 816 1792 se
845 1739 898 1792 in
931 1739 1180 1810 abyssum
1227 1743 1302 1796 ire
1321 1741 1551 1810 juberet.
1609 1741 1688 1796 lta
1718 1751 1773 1798 et
1799 1743 2084 1812 spiritibus

2194 1749 2304 1786 σον
2349 1729 2654 1785 ἀπελθεῖν.
2705 1727 2976 1792 Ὡσαύτως
3047 1729 3104 1782 δὲ
3157 1729 3268 1792 τοῖς
3317 1729 3624 1800 πνεύμασιν
3675 1729 3774 1782 ἑπ-

509 1825 808 1895 imperabat
835 1827 1108 1890 Christus,
1146 1839 1200 1882 et
1239 1831 1466 1900 spiritus
1500 1830 1666 1886 verbo
1709 1829 1950 1902 fugabat,
1985 1847 2086 1886 nec

2194 1824 2386 1878 ἐτασσε
2411 1841 2426 1856 ο
2475 1825 2570 1878 καὶ
2603 1821 2890 1894 πνεύματα
2925 1821 2982 1875 δὲ
3029 1819 3281 1886 ὲξεδίωκε
3333 1821 3499 1893 λόγῳ,
3539 1824 3632 1876 καὶ
3669 1825 3776 1877 οὐκ

507 1917 708 1972 sinebat
728 1935 814 1973 eos
842 1917 982 1990 loqui
1003 1921 1044 1974 ⁸.
1076 1917 1384 1986 Quinetiam
1429 1922 1656 1992 spiritus
1675 1922 1886 1992 iudicii,
1915 1930 1970 1977 et
1999 1937 2089 1976 ar-

505 2011 656 2066 doris
678 2011 902 2081 spiritus
923 2013 1240 2067 nominatur
1257 2014 1299 2068 ⁸.
1321 2012 1622 2085 Itidemque
1645 2013 1830 2068 mundi
1843 2013 2084 2083 spiritus.

509 2100 620 2158 Nos
634 2104 770 2156 enim
780 2145 792 2164 ,
815 2105 1009 2174 inquit,
1025 2105 1208 2160 mundi
1224 2107 1468 2174 spiritum
1489 2123 1590 2160 non
1609 2108 1904 2176 accepimus
1917 2108 1960 2158 ".
1979 2105 2088 2162 Nec

505 2211 616 2250 non
642 2203 697 2251 et
723 2197 961 2252 hominis
990 2199 1239 2268 spiritus.
1295 2199 1427 2267 Quis
1457 2217 1660 2266 eorum,
1717 2201 1914 2271 inquit,
1945 2201 2089 2254 norit

479 2303 620 2357 qua:
653 2299 776 2342 sunt
805 2289 1046 2356 spiritus,
1091 2293 1195 2346 nisi
1229 2293 1448 2362 spiritus
1485 2293 1577 2362 qui
1603 2301 1678 2347 est
1707 2292 1762 2345 in
1795 2291 2004 2344 homine
2027 2289 2088 2342 3?

495 2378 636 2434 item
664 2401 677 2436 :
727 2380 958 2451 Spiritus
987 2383 1202 2448 uadens,
1233 2395 1283 2439 et
1329 2401 1436 2438 non
1467 2395 1726 2440 reuertens
1745 2386 1788 2438 ’.
1823 2383 2088 2450 Quoniam

504 2473 722 2540 spiritus
762 2475 1102 2544 pertransibit
1127 2477 1180 2530 in
1210 2477 1328 2542 illo,
1368 2487 1418 2530 et
1461 2493 1564 2530 non
1597 2475 1846 2530 subsistet
1873 2475 1952 2542 '°;
1999 2482 2086 2529 et:

504 2565 726 2634 Auferes
751 2569 996 2636 spiritum
1021 2585 1222 2634 eorum,
1243 2579 1294 2624 et
1319 2569 1560 2638 deﬁcient
1579 2570 1642 2623 “.
1671 2567 1823 2622 Adde
1847 2577 1901 2622 et
1923 2567 2084 2622 illud:

506 2653 742 2722 Spiritus
781 2657 1152 2726 prophetarum
1183 2659 1446 2726 prophetis
1485 2657 1929 2724 subiiciuntur".
1987 2654 2085 2712 Et:

509 2741 643 2800 Ecce
676 2743 896 2816 spiritus
943 2749 1168 2802 mendas:
1195 2751 1338 2804 stetit
1375 2765 1556 2804 coram
1585 2748 1848 2804 Domino:
1875 2755 1924 2802 et
1954 2747 2092 2804 dixit

504 2839 639 2908 ipsi:
675 2837 742 2894 In
785 2856 888 2910 quo
925 2841 1150 2910 decipies
1181 2841 1405 2898 Achab?
1445 2840 1514 2895 Et
1543 2859 1657 2902 ero.
1699 2843 1898 2912 inquit,
1929 2844 2090 2913 spiri-

503 2941 604 2986 tus
623 2931 850 2986 mendax
867 2933 924 2986 in
957 2949 1048 2987 ore
1073 2933 1446 3002 prophetarum
1471 2935 1534 2989 “.
1569 2933 1835 2990 Praeterea
1863 2937 2091 3006 spiritus

505 3023 728 3093 quidam
763 3025 1220 3094 .compunctionis
1273 3027 1577 3096 appellatur
1611 3027 1689 3090 ",
1747 3035 1802 3084 et
1859 3029 2090 3100 spiritus

508 3116 758 3186 ignaviae,
790 3125 844 3170 et
869 3117 1098 3188 spiritus
1125 3119 1386 3189 Pythonis
1413 3122 1476 3184 ",
1503 3127 1559 3176 et
1589 3119 1818 3190 spiritus
1851 3119 2090 3175 fornica-
2119 3155 2160 3210 Ο

509 3207 696 3272 tionis,
741 3217 796 3264 et
819 3210 1047 3278 spiritus
1069 3211 1329 3280 procella:
1351 3213 1412 3274 ⁸⁸,
1447 3221 1500 3266 et
1527 3213 1758 3282 spiritus
1789 3213 1990 3283 loquax
2021 3213 2087 3280 ",

507 3311 562 3354 ot
595 3301 823 3372 spiritus
867 3303 1198 3359 inﬁrmitatis
1224 3303 1288 3370 ’⁸,
1327 3313 1382 3358 et
1413 3305 1640 3374 spiritus
1685 3305 2002 3362 immundus
2025 3307 2090 3374 η,

507 3399 562 3445 et
591 3393 815 3462 spiritus
847 3393 1069 3454 surdus.
1109 3401 1164 3448 et
1201 3393 1429 3464 spiritus
1461 3403 1644 3450 mutus
1665 3395 1733 3460 ",
1783 3403 1836 3450 et
1866 3397 2092 3466 spiritus

507 3499 652 3554 aegre
675 3487 922 3556 loquens.
952 3493 1006 3540 et
1035 3485 1262 3554 spiritus
1287 3485 1520 3542 dillicilis
1547 3487 1724 3552 valde,
1751 3487 1844 3558 qui
1867 3497 2095 3543 vocatur

511 3578 734 3648 legio“,
758 3585 813 3633 et
829 3579 1094 3648 spiritalia
1121 3579 1456 3649 nequitias“.
1483 3579 1766 3636 Postremo
1789 3581 2015 3638 inﬁnitis
2037 3583 2090 3638 in

513 3667 812 3738 Scriptura:
854 3668 990 3722 locis
1029 3669 1319 3736 spirituum
1361 3667 1560 3724 factam
1593 3687 1718 3726 esse
1759 3673 2092 3727 mentionem

509 3761 787 3832 sapientes
841 3759 1171 3832 intelligunt.
1238 3759 1346 3818 Sed
1395 3761 1856 3834 quemadmodum
1911 3765 2094 3835 plures

514 3859 642 3906 sunt
679 3851 992 3922 adoptione.
1043 3854 1128 3910 vel
1169 3854 1457 3910 vocatione
1503 3855 1618 3918 lilii,
1673 3873 1782 3911 non
1825 3859 2089 3914 veritate:

505 3943 681 4016 >398
706 3959 772 4000 eo
799 3945 944 4016 quod
975 3954 1028 4002 et
1057 3947 1215 4002 initio
1243 3955 1296 4002 et
1327 3947 1433 4004 line
1477 3957 1760 4013 constant,
1785 3957 1840 4004 et
1868 3949 1936 4004 ad
1969 3965 2095 4020 pec-

513 4039 748 4091 candum
790 4040 1046 4108 propensi
1084 4048 1246 4096 sunt:
1305 4041 1386 4096 sic
1425 4049 1479 4096 et
1529 4041 1756 4112 spiritus
1801 4041 2096 4113 ad0ptione

505 4135 664 4192 sunt,
703 4137 798 4183 aut
829 4131 1118 4184 vocatione
1151 4131 1482 4200 complures,
1515 4131 1608 4201 qui
1643 4139 1698 4186 et
1727 4131 1780 4186 in
1807 4141 2093 4202 peccatum

515 4219 668 4290 proni
703 4229 832 4276 sunt
859 4236 922 4274 ac
951 4223 1241 4291 proclives.
1283 4222 1350 4276 At
1388 4223 1628 4294 Spiritus
1659 4233 1888 4279 sanctus
1941 4225 2094 4280 solus

514 4329 543 4368 a
567 4311 728 4368 Patre
756 4320 810 4368 et
833 4311 990 4376 Filio,
1017 4315 1256 4384 Spiritus
1283 4317 1526 4372 veritatis
1541 4317 1608 4380 ",
1627 4327 1680 4371 et
1709 4315 1800 4371 Dei
1829 4315 2092 4387 Spiritus,

513 4417 564 4460 et
604 4403 842 4474 Spiritus
882 4405 1110 4474 Christi,
1158 4417 1210 4460 et
1243 4407 1479 4477 Spiritus
1521 4409 1710 4478 gratia:
1759 4409 2092 4463 nominatur.

2189 1918 2281 1972 εἴα
2345 1918 2499 1972 αὐτὰ
2563 1915 2797 1970 λαλεῖν.
2848 1913 3081 1982 Λέγεται
3135 1913 3192 1967 δὲ
3246 1911 3464 1982 πνεῦμα
3517 1913 3773 1985 κρίσεως,

2190 2010 2285 2064 καὶ
2333 2009 2548 2079 πνεῦμα
2597 2009 2878 2070 καύσονος.
2921 2005 3157 2075 Λέγεται
3195 2007 3253 2060 δὲ
3289 2005 3506 2076 πνεῦμα
3545 2007 3770 2077 κόσμου.

2201 2101 2396 2172 Ἡμεῖς
2431 2101 2502 2155 δὲ
2531 2103 2603 2156 οὐ
2651 2101 2718 2156 τὸ
2760 2099 2998 2170 πνεῦμα
3034 2099 3142 2154 τοῦ
3187 2101 3420 2170 κόσμου
3459 2099 3775 2170 ἐλάϐομεν,

2191 2194 2324 2266 φησί
2348 2213 2362 2224 ·
2399 2195 2492 2248 καὶ
2535 2194 2752 2264 πνεῦμα
2803 2193 2860 2246 δὲ
2889 2192 3212 2266 ἀνθρώπου*
3259 2193 3356 2259 Τίς
3387 2193 3499 2264 γὰρ
3531 2189 3656 2248 οἵδε
3705 2195 3780 2249 τὰ

2191 2285 2296 2340 τοῦ
2330 2287 2690 2354 πνεύματος,
2721 2287 2775 2338 εὶ
2828 2284 2910 2354 μὴ
2956 2284 3023 2338 τὸ
3053 2284 3288 2354 πνεῦμα
3321 2283 3385 2338 τὸ
3431 2285 3504 2338 ἐν
3537 2283 3618 2350 τῷ
3669 2286 3774 2339 ἁν-

2191 2377 2438 2444 θρώπῳ;
2475 2375 2719 2446 Πνεῦμα
2754 2377 3192 2446 πορευόμενον,
3226 2377 3321 2430 καὶ
3345 2379 3456 2432 οὐκ
3503 2378 3778 2447 ἐπιστρέ-

2191 2487 2330 2538 ςρτον.
2378 2471 2504 2523 Ὅτι
2543 2469 2780 2539 πνεῦμα
2827 2467 3080 2538 διῆλθεν
3129 2470 3200 2522 ἐν
3250 2469 3448 2536 αὐτῷ,
3507 2471 3607 2525 καί
3661 2474 3776 2539 οὐχ

2191 2557 2446 2628 ὑπάρξει
2463 2577 2480 2592 ο
2507 2559 2624 2624 καὶ,
2667 2559 3040 2626 ’Λντανελεῖς
3063 2559 3128 2612 τὸ
3163 2560 3400 2630 πνεῦμα
3425 2559 3644 2628 αὐτῶν,
3675 2565 3776 2616 καὶ

2190 2653 2546 2721 ἐκλείψουσι
2572 2669 2587 2682 ·
2627 2653 2722 2706 καὶ
2745 2691 2762 2717 ,
2803 2653 3118 2722 Πνεύματα
3161 2653 3220 2706 δὲ
3276 2651 3598 2724 προφητῶν
3633 2671 3779 2724 προ-

2191 2743 2409 2814 φήταις
2443 2743 2858 2798 ὑποτάσσεται
2883 2760 2897 2774 ·
2929 2745 3022 2798 καὶ
3039 2785 3054 2808 ,
3097 2743 3242 2798 ἰὂοὺ
3291 2745 3526 2815 πνεῦμα
3553 2746 3780 2814 ψευδὲς

2191 2837 2339 2906 ἔστη
2370 2837 2634 2890 ἐνώπιον
2664 2837 2907 2904 Κυρίου,
2937 2836 3036 2890 καὶ
3073 2831 3244 2890 εἶπεν
3273 2836 3435 2904 αὐτῷ
3459 2853 3474 2870 ·
3519 2839 3618 2890 Ἐν
3661 2840 3780 2892 τίνι

2191 2927 2526 2995 ἀπατήσεις
2549 2926 2657 2982 τὸν
2697 2927 2922 2996 Ἀχαάό
2933 2945 2954 2992 ;
2981 2929 3092 2982 Καὶ
3131 2929 3346 2999 ἔσομαι
3367 2971 3383 2996 ,
3407 2929 3562 3002 φησὶ,
3598 2931 3780 2985 πνεῦ-

2194 3036 2276 3088 μα
2311 3017 2538 3088 ψευδὲς
2583 3019 2654 3072 ἐν
2695 3021 2946 3089 στόματι
2989 3017 3108 3073 τῶν
3150 3019 3495 3090 προφητῶνι
3547 3021 3778 3090 Λέγεται

2193 3111 2252 3166 δὲ
2281 3111 2500 3183 πνεῦμα
2540 3111 2886 3178 κατανύξεως
2931 3107 3070 3166 εἶναι
3095 3151 3111 3176 ,
3149 3113 3370 3184 πνεῦμα
3415 3113 3646 3177 δειλίας,
3685 3114 3779 3166 καὶ

2195 3205 2412 3277 πνεῦμα
2444 3205 2718 3272 Πύθωνος,
2743 3207 2834 3259 καὶ
2871 3205 3086 3276 πνεῦμα
3115 3207 3374 3276 πορνείας
3397 3249 3412 3272 ,
3445 3207 3540 3259 καὶ
3561 3205 3778 3276 πνεῦμα

2195 3297 2538 3366 καταιγίδος,
2581 3297 2674 3351 καὶ
2731 3297 2946 3369 πνεῦμα
2985 3299 3372 3370 πολυῤῥῆμον,
3410 3299 3504 3352 καὶ
3559 3297 3777 3370 πνεῦμα

2195 3391 2510 3454 ἀσθενείας,
2541 3391 2636 3444 καὶ
2675 3389 2894 3460 πνεῦμα
2923 3390 3264 3462 ἀκάθαρτον,
3293 3391 3390 3444 καὶ
3419 3391 3636 3465 πνεῦμα
3671 3411 3780 3446 κω-

2195 3483 2294 3554 φὸν
2315 3523 2333 3548 .
2389 3485 2485 3538 καὶ
2528 3483 2746 3556 πνεῦμα
2791 3485 2987 3538 ἄλαλον
3010 3527 3025 3552 ,
3063 3487 3156 3538 καὶ
3196 3485 3412 3557 πνεῦμα
3464 3487 3778 3556 μογιλάλον,

2195 3577 2290 3630 καὶ
2327 3577 2543 3648 πνεῦμα
2593 3577 2828 3649 χαλεπὸν
2859 3579 2978 3633 λίαν
3003 3619 3017 3642 ,
3067 3579 3095 3632 ὃ
3135 3579 3380 3634 καλεῖται
3428 3580 3653 3650 λεγεὼν,
3687 3581 3782 3637 καὶ

2197 3671 2542 3740 πνευματικά
2563 3671 2661 3741 τῆς
2689 3673 2974 3742 πονηρίας.
3019 3673 3253 3743 ’Λπειρα
3282 3671 3338 3726 δὲ
3367 3673 3434 3725 τὰ
3464 3673 3592 3744 περὶ
3623 3691 3782 3726 πνευ-

2199 3760 2384 3832 μάτων
2434 3761 2592 3830 λόγια
2645 3765 2848 3830 σοφοῖς,
2912 3763 3052 3816 Ἀλλ’
3088 3764 3276 3836 ὥσπερ
3331 3767 3378 3817 oi
3435 3765 3622 3818 πολλοὶ
3678 3767 3782 3818 υἱοὶ

2197 3851 2344 3904 θέσει
2367 3893 2382 3916 ,
2416 3851 2450 3923 ἢ
2485 3853 2698 3924 κλήσει,
2732 3854 2833 3906 οὐκ
2857 3854 3087 3928 ἀληθείᾳ
3117 3857 3194 3918 δὲ,
3229 3857 3316 3910 διὰ
3345 3855 3404 3909 τὺ
3437 3857 3612 3928 ἀρχὴν
3639 3857 3782 3928 ἔχειν

2197 3941 2290 3995 καὶ
2322 3939 2474 4004 τέλος
2512 3943 2938 4013 ἁμαρτητικῶς·
2987 3945 3130 3998 οὕτω
3177 3947 3272 4000 καὶ
3309 3947 3597 4018 πνεύματα
3629 3947 3780 4000 πλεῖ-

2199 4049 2298 4086 στα
2328 4031 2474 4087 θέσει
2507 4034 2539 4104 ἦ
2569 4035 2782 4106 κλήσει,
2813 4035 2915 4089 κᾶν
2947 4037 3300 4108 ἀμαρτητικὰ
3327 4033 3414 4110 ἦν.
3447 4039 3520 4092 Τὸ
3549 4039 3606 4092 δὲ
3630 4041 3784 4108 ἅγιον

2199 4123 2422 4196 Πνεῦμα
2453 4125 2614 4194 μόνον
2637 4126 2880 4181 καλεῖται
2908 4129 3014 4182 ὑπὸ
3035 4131 3247 4202 Πατρδς
3271 4132 3366 4185 καὶ
3397 4131 3529 4184 Υίοῦ
3557 4132 3782 4202 Πνεῦμα

2197 4213 2459 4286 ἀληθείας
2478 4255 2494 4279 ,
2533 4216 2629 4269 καὶ
2675 4217 2900 4288 Πνεῦμα
2937 4219 3072 4273 Θεοῦ
3099 4261 3114 4285 ,
3145 4222 3239 4275 καὶ
3269 4220 3496 4292 Πνεῦμα
3519 4221 3778 4292 Χριστοῦ,

2199 4307 2295 4360 καὶ
2321 4307 2547 4378 Πνεῦμα
2579 4308 2820 4380 χάριτος.
2853 4311 3152 4383 Χαρίζεται
3191 4313 3300 4385 γὰρ
3353 4313 3570 4384 ἑκάστῳ
3600 4314 3782 4384 διαφό-

2202 4417 2308 4472 ρως
2335 4400 2559 4470 ἀγαθὸν,
2594 4397 2668 4472 ⁷ῼ
2695 4402 2814 4472 μὲν
2838 4405 3074 4474 πνεῦμα
3097 4409 3322 4474 σοφίας
3341 4447 3355 4472 ,
3385 4399 3434 4472 ᾧ
3461 4406 3529 4460 δὲ
3549 4407 3784 4477 πνεῦμα

515 4495 864 4550 Gratiﬁcatur
891 4497 1032 4550 enim
1059 4499 1373 4567 unicuique,
1399 4513 1466 4552 ac
1495 4499 1698 4552 bonum
1727 4501 1892 4553 variis
1919 4501 2091 4556 modis

2199 4491 2562 4559 προφητείας
2581 4531 2596 4556 ,
2647 4485 2696 4558 ᾧ
2727 4493 2794 4546 δὲ
2829 4496 3065 4565 πνεῦμα
3097 4495 3476 4565 διακρίσεως,
3512 4491 3560 4564 ᾧ
3591 4498 3659 4550 δὲ
3686 4499 3782 4568 ἑρ-

515 4575 843 4656 impertitur.
902 4585 1044 4640 Nam
1075 4589 1172 4642 alii
1214 4590 1432 4658 spiritus
1471 4591 1744 4656 sapientia:
1772 4591 2092 4656 conceditur,

515 4675 672 4730 alteri
701 4677 918 4744 spiritus
945 4677 1198 4740 scientiw,
1237 4678 1357 4730 huic
1385 4678 1602 4744 spiritus
1631 4677 1986 4746 fortitudinis,
2013 4679 2095 4731 illi

514 4767 740 4834 spiritus
773 4767 1127 4832 curationum,
1163 4769 1254 4820 isti
1311 4769 1528 4836 spiritus
1589 4767 1906 4834 prophetiae,
1975 4769 2094 4822 huic

511 4861 732 4927 spiritus
747 4857 1101 4922 discretionis,
1119 4860 1607 4926 interpretationum
1623 4861 1706 4913 illi
1730 4860 1792 4914 ".
1813 4861 1887 4914 Ac
1901 4869 2094 4915 caetera

503 4948 749 5018 denique
791 4949 958 5010 dona.
1003 4958 1063 5002 ut
1101 4957 1332 5005 testatur
1369 4951 1695 5020 Apostolus:
1743 4950 1888 5006 Unus
1936 4969 2094 5020 porro

514 5051 561 5095 et
593 5039 729 5094 idem
761 5039 990 5108 Spiritus
1015 5053 1114 5108 est,
1141 5042 1375 5096 dividens
1407 5045 1683 5112 unicuique
1707 5055 1861 5111 prout
1889 5045 1998 5098 uult
2027 5047 2092 5098 ⁸⁵.

518 5131 782 5198 Quoniam
821 5131 1047 5202 Spiritus
1093 5145 1210 5188 tuus
1246 5135 1408 5188 bonus
1441 5135 1660 5188 deducet
1695 5153 1792 5196 me,
1833 5135 1989 5200 Deus,
2023 5137 2100 5190 ait

2193 4585 2474 4652 μηνειῶν,
2499 4587 2593 4638 καὶ
2617 4586 2685 4639 τὰ
2715 4585 2876 4640 λοιπά
2908 4587 2964 4640 δὲ
2995 4589 3420 4660 χαρίσματα,ὥς
3446 4609 3610 4660 φησιν
3629 4609 3640 4620 ’
3682 4593 3784 4645 Ἓν

2197 4675 2268 4728 δὲ
2318 4677 2415 4730 καὶ
2473 4676 2540 4729 τὸ
2588 4677 2736 4750 αὐτὸ
2785 4677 3029 4748 Πνεῦμα
3053 4721 3069 4746 ,
3109 4679 3380 4749 διαιροῦν
3433 4681 3670 4745 ἑκάστῳ
3704 4683 3787 4747 ὠς

2195 4765 2502 4830 βούλεται.
2539 4768 2658 4820 Ὅτι
2710 4769 2776 4822 τὸ
2821 4770 3064 4839 Πνεῦμὰ
3103 4787 3220 4826 σου
3273 4774 3341 4826 τὸ
3387 4774 3616 4842 ἀγαθὸν
3650 4775 3786 4843 ὁδη-

2203 4857 2375 4927 γήσει
2401 4875 2500 4928 με,
2533 4861 2566 4912 ὀ
2597 4856 2742 4925 Θεὸς
2767 4905 2781 4928 ,
2823 4862 2987 4932 φησὶν
3015 4865 3044 4916 ὁ
3073 4865 3263 4917 Δαϐίδ·
3312 4865 3382 4936 ἢ,
3437 4865 3507 4919 Τὸ
3543 4865 3786 4934 Πνεῦμα

2203 4951 2354 5004 ὅπου
2387 4951 2544 5006 θέλει
2581 4953 2722 5006 πνεῖ
2743 4995 2757 5015 ,
2789 4955 2849 5006 τὸ
2882 4956 3245 5010 ὲνυπόστατον
3299 4957 3386 5010 διὰ
3439 4958 3645 5012 τούτων
3693 4959 3786 5012 τοῦ

2203 5041 2357 5110 ἁγίου
2387 5042 2704 5112 Πνεῦματος
2743 5043 3016 5098 δείκνυσιν
3051 5047 3214 5116 ἡμῖν’
3263 5049 3376 5102 Καὶ
3417 5049 3532 5118 τὴν
3575 5049 3788 5118 φωνὴν

2203 5135 2389 5189 αὑτοῦ
2439 5137 2682 5201 ἀκούεις
2707 5155 2720 5166 °
2759 5137 2898 5191 ἀλλ’
2931 5142 3040 5192 οὐκ
3089 5136 3259 5206 οἶδας
3299 5143 3484 5194 πόθεν
3533 5141 3786 5210 ἔρχεται,

521 5223 686 5280 David
711 5226 777 5280 ἐ.
815 5224 950 5282 Vel:
999 5225 1227 5296 Spiritus
1271 5228 1360 5280 ubi
1419 5227 1525 5280 uult
1575 5229 1740 5294 spirat
1763 5229 1838 5282 ’7:
1902 5231 2091 5298 quibus

2209 5229 2304 5280 καί
2338 5229 2454 5281 ποῦ
2485 5227 2696 5299 ὑπάγει
2719 5247 2731 5260 ’
2765 5232 2879 5294 καὶ,
2923 5233 3058 5284 Ἐὰν
3081 5233 3166 5302 μὴ
3197 5233 3527 5302 γεννηθῆτε
3551 5233 3619 5295 ἐξ
3651 5232 3792 5285 ὕδα-

521 5317 700 5372 vcrbis
747 5318 1138 5372 subsistentem
1184 5333 1304 5372 esse
1346 5315 1608 5386 Spiritum
1649 5331 1904 5372 sanctum
1945 5322 2091 5375 nobis

2208 5339 2309 5386 τος
2347 5323 2446 5374 καὶ
2473 5323 2852 5390 Πνεύματος,
2889 5325 3073 5393 ὅμοιον
3115 5325 3190 5388 ὡς
3235 5319 3354 5377 εἷπε
3399 5323 3638 5386 Παῦλος·
3689 5325 3791 5378 Ἐν

600 5501 804 5576 ‘_I’sa|.
841 5517 960 5576 ctu,
987 5501 1057 5576 4._
1102 5499 1332 5576 _"Psal.
1365 5515 1450 5576 CL,
1484 5503 1534 5576 (ξι.
1601 5573 1612 5576 _
1643 5501 1663 5532 ³
1703 5501 1869 5556 ICor.
1903 5519 2002 5576 χιι,
2049 5505 2091 5557 lt

2243 5506 2264 5538 ⁵
2301 5504 2435 5562 Luc.
2479 5525 2611 5566 vm.
2661 5509 2750 5562 3|.
2853 5510 2874 5541 ⁸
2917 5509 3087 5564 Marc.
3135 5527 3173 5576 ι,
3217 5511 3306 5565 ⁸54.
3407 5513 3428 5544 ⁶
3467 5513 3572 5566 lsa.
3609 5527 3682 5572 Iv,
3733 5509 3788 5562 ἑ.

514 5571 752 5648 ’χΙ-ρος.
783 5589 840 5634 Il,
878 5573 960 5624 12.
1023 5571 1227 5648 lilii-3.
1269 5573 1391 5648 iul.“
1433 5574 1451 5602 ⁹
1492 5570 1884 5648 Ι)εει.ηι.ῑξςνι1,
1913 5575 2000 5628 59.
2083 5575 2448 5648 “’Psaltcn,
2487 5580 2573 5632 lli.
2653 5581 2692 5610 ¹¹
2735 5579 2890 5636 Psal.
2916 5597 3038 5644 cm,
3077 5570 3170 5635 '29..
3244 5585 3286 5614 ¹²
3347 5579 3519 5636 lCor.
3555 5570 3792 5648 xtra-5‘2.

518 5639 666 5722 “,Ill
706 5641 1226 5722 qu-xXIl.2]_.~22._
1283 5641 1514 5722 ‘iliom.
1551 5643 1696 5722 x1,n8'.
1756 5645 2091 5722 ’πλερυμ-

2200 5639 2713 5722 -ιξίΡεεζζηγιμξὸ,
2783 5639 3064 5722 "tulteg.
3101 5652 3362 5714 “11,29.
3443 5639 3792 5722 “suam”

688 5713 729 5742 ’θ
771 5713 901 5764 Luc.
935 5728 1006 5768 XI.
1040 5713 1138 5792 ‘24;
1208 5713 1251 5742 ὀ
1295 5712 1586 5792 Mar-(puts:
1795 5717 1836 5744 ²¹
1883 5715 2011 5769 an.
2053 5735 2080 5770 ι’

2200 5719 2307 5792 3ft;
2353 5719 2519 5792 Mars:
2551 5737 2599 5782 ν,
2643 5721 2696 5772 7.
2776 5723 2822 5792 ’ξ
2866 5711 3066 5792 Epiros.
3105 5711 3304 5788 v1,l9.
3386 5725 3432 5756 ”
3470 5721 3632 5778 Joan.
3677 5711 3791 5783 xw,

525 5779 610 5834 1⁸1.
686 5783 730 5812 ’δ
773 5783 933 5837 lCor.
975 5799 1070 5852 xu,
1109 5783 1140 5836 8
1173 5799 1324 5852 seqq.
1403 5782 1592 5837 "ibid.
1629 5782 1714 5838 11.
1795 5787 1842 5818 ²⁰
1883 5787 2080 5842 Psai.c

2194 5807 2220 5854 ι,
2259 5779 2340 5842 il.
2422 5791 2458 5818 ²²
2483 5779 2642 5844 Josn.
2676 5807 2760 5856 ill,
2794 5791 2850 5845 8.
