4134 6386
357 395 458 469 tas

1019 386 1381 446 ADVERSUS
1425 384 1764 440 lixERESES
1801 383 1923 438 LIB.
1969 382 2057 437 Ill.
2101 381 2263 436 TOM.
2312 377 2734 434 1.-11ίΕῐῖ1οῖ5,
2781 377 3012 434 LXXIV.

3509 375 3615 430 ωδ

359 518 459 581 γάρ
497 505 727 580 Χριστῷ
763 507 956 575 Ἰησοῦ
986 506 1100 576 ἐγὼ
1126 504 1425 575 ἐγέννησα
1453 502 1620 571 ὑμᾶς.
1650 502 1784 574 Περὶ
1811 502 1932 553 τού-

2047 499 2290 554 )stcndit.
2334 498 2396 551 Et
2420 515 2587 552 vorent
2613 499 2725 566 ejus
2759 495 2912 550 audis
2937 513 2952 549 :
2980 493 3067 549 sed
3089 493 3256 548 nescis
3293 492 3426 546 unde
3454 493 3613 552 venit,

359 621 442 656 του
495 605 524 655 ὁ
573 601 778 672 Κύριος
803 616 816 630 ·
875 601 1053 652 Ὅταν
1103 597 1252 665 ἔλθῃ
1314 599 1346 649 ό
1384 593 1774 662 Παράλιλητος
1802 633 1816 653 ,
1859 592 1930 644 ὃν

353 693 464 764 ἐγὼ
503 692 712 762 πέμπω
750 690 895 761 ὑμῖν
919 731 934 753 ,
992 690 1057 742 τὸ
1097 687 1338 756 Πνεῦμα
1389 686 1501 754 τῆς
1547 685 1860 752 ἀληθείας,
1897 683 1929 736 ὃ

353 786 510 854 παρὰ
536 783 646 837 τοῦ
677 782 908 850 Πατρός
935 781 1342 849 ἐκπορεύεται,
1372 777 1604 842 ἐκεῖνος
1631 774 1932 844 μαρτυρή-

352 894 445 932 σει
480 878 612 946 περὶ
648 877 794 946 ἐμοῦ
821 895 834 908 ·
893 876 986 930 καὶ
1011 916 1025 939 ,
1077 875 1202 928 Ἔτι
1251 871 1452 926 πολλά
1505 869 1627 939 ἔχω
1679 869 1881 937 λέγειν
1912 882 1926 896 °

351 970 488 1024 ἀλλ’
548 971 620 1024 οὐ
673 968 937 1022 δύνασθε
990 963 1315 1030 βαστάζειν
1360 962 1511 1030 ἄρτι.
1555 961 1735 1014 Ὅταν
1781 959 1930 1026 ἔλθῃ

349 1061 614 1126 ἐκεῖνος,
671 1061 739 1115 τὸ
790 1059 1033 1128 Πνεῦμα
1089 1056 1198 1124 τῆς
1247 1055 1532 1124 ἀληθείας
1561 1094 1574 1118 ,
1645 1053 1932 1121 ὁδηγήσει

349 1152 506 1227 ὑμᾶς
540 1157 629 1222 είς
656 1151 863 1209 πᾶσαν
910 1152 1026 1221 τὴν
1059 1151 1367 1216 ἀλήθειαν.
1419 1154 1499 1205 Οὐ
1537 1152 1646 1221 γὰρ
1673 1148 1932 1214 λαλήσει

351 1250 450 1320 ἀφ’
483 1247 701 1305 ἑαυτοῦ
725 1265 739 1279 ·
766 1246 904 1302 ἀλλ’
951 1245 1069 1300 ὅσα
1097 1245 1349 1300 ἀκούσει
1380 1242 1641 1311 λαλήσει
1663 1285 1677 1307 ,
1731 1242 1827 1297 καί
1860 1243 1930 1296 τὰ

349 1343 644 1414 ἐρχόμενα
670 1338 995 1410 ἀναγγελεῖ
1029 1337 1194 1408 ὑμῖν.
1238 1336 1498 1402 Ἐκεῖνός
1531 1351 1606 1405 με
1648 1335 1893 1399 δοξάσει
1914 1353 1928 1366 ο

351 1436 440 1489 ὅτι
489 1435 560 1490 ἐκ
597 1433 704 1489 τοῦ
745 1418 899 1504 ἐμοῦ
936 1431 1195 1500 λήψεται
1215 1470 1231 1493 ,
1265 1429 1364 1484 καὶ
1419 1427 1743 1498 ἀναγγελεῖ
1787 1425 1930 1497 ὑμῖν

350 1527 568 1583 πάντα.

421 1702 478 1754 I'.
509 1701 574 1755 Ei
604 1699 783 1756 τοίνυν
828 1698 983 1770 παρὰ
1030 1695 1127 1752 τοῦ
1154 1692 1368 1767 Πατρὸς
1411 1692 1803 1765 ἐκπορεύεται,
1837 1692 1932 1744 κα)⁸

351 1794 416 1848 ἐκ
454 1792 548 1846 τοῦ
586 1791 746 1864 ἐμοῦ,
781 1792 947 1862 φησὶν
980 1792 1010 1844 ό
1033 1788 1273 1861 Κύριος,
1307 1785 1576 1858 λήψεται,
1617 1784 1678 1838 ὃν
1727 1782 1932 1855 τρόπον

2034 599 2126 644 aut
2158 607 2258 660 quo
2312 591 2452 643 vadit
2477 593 2516 642 ².
2579 589 2744 644 Item:
2788 586 2909 641 Nisi
2940 588 3100 658 geniti
3137 585 3344 654 fueritis
3383 599 3447 640 ea:
3477 600 3617 654 aqua

2033 685 2302 754 etSpiritu
2326 687 2364 736 ³.
2416 684 2514 738 Cui
2542 695 2969 737 consentaneum
2997 681 3126 736 illud
3150 688 3234 736 est
3257 679 3441 733 Pauli:
3473 677 3616 731 Nam

2032 780 2087 830 in
2133 777 2344 832 Christo
2398 776 2528 830 Jesu
2574 793 2666 846 ego
2703 776 2858 847 genui
2897 791 2984 829 vos
3009 774 3052 828 ⁸.
3087 773 3160 829 De
3189 773 3377 828 eodem
3409 769 3614 842 Spiritu

2035 869 2296 925 Dominus
2322 870 2394 923 ita
2423 869 2664 939 loquitur
2687 887 2698 920 :
2731 862 2865 922 Cum
2891 866 3082 922 venerit
3108 865 3442 926 Paractetus.
3463 881 3616 933 quem

2033 980 2124 1034 ego
2153 965 2356 1017 mittant
2388 962 2551 1025 vobis,
2581 961 2813 1028 Spiritus
2843 962 3082 1015 veritatis
3116 959 3205 1030 qui
3238 977 3268 1012 (ι
3305 957 3464 1012 Patre
3493 973 3618 1025 pro-

2033 1055 2189 1118 cedit,
2225 1054 2315 1109 ille
2360 1055 2717 1109 testimonium
2779 1053 3062 1121 per/libebit
3111 1053 3170 1106 de
3227 1069 3305 1107 me
3329 1053 3372 1106 ⁸.
3438 1052 3612 1105 Item:

2034 1148 2216 1203 Adhuc
2242 1149 2412 1202 multa
2455 1147 2616 1202 habeo
2648 1142 2872 1201 dicenda
2905 1162 2922 1198 :
2957 1148 3048 1201 sed
3096 1164 3198 1200 non
3227 1149 3443 1217 potestis
3477 1145 3617 1214 ferre

2034 1241 2208 1296 modo.
2239 1239 2372 1296 Cum
2406 1241 2600 1294 venerit
2621 1239 2711 1294 ille
2741 1238 2973 1308 Spiritus
3011 1241 3264 1301 veritatis,
3297 1239 3506 1294 inducet
3526 1253 3614 1290 vos

2033 1331 2087 1386 in
2129 1347 2333 1386 omnem
2365 1332 2654 1385 veritatem.
2712 1327 2834 1383 Non
2875 1330 3015 1382 enim
3061 1329 3301 1398 loquetur
3341 1345 3373 1380 α
3403 1329 3616 1396 seipso;

2033 1426 2124 1480 sed
2156 1440 2476 1496 quiscunque
2503 1423 2682 1477 audiet
2715 1420 2978 1493 loquetur,
3013 1431 3062 1475 et
3097 1432 3312 1476 ventura
3349 1422 3618 1475 nuntiabit

2035 1515 2196 1571 vobis.
2252 1512 2352 1570 Ille
2387 1529 2467 1569 me
2494 1511 2854 1584 ctariﬁcabit;
2901 1515 3025 1584 quia
3052 1517 3115 1568 de
3148 1531 3261 1568 meo
3295 1516 3534 1585 accipiet,
3563 1524 3617 1570 et

2035 1608 2176 1692 vobis
2201 1609 2382 1663 omnia
2410 1608 2676 1663 nuntiabit
2702 1609 2742 1663 ‘.

2107 1694 2176 1751 Χ.
2215 1696 2409 1766 Igitur,
2450 1695 2498 1751 si
2549 1710 2579 1749 a
2607 1694 2772 1751 Patre
2830 1692 3143 1765 procedit",
3189 1706 3242 1751 et
3271 1697 3338 1751 de
3372 1713 3514 1760 meo,
3546 1697 3622 1752 ait

2036 1784 2325 1850 Dominus,
2367 1787 2623 1857 accipit“,
2649 1787 3106 1857 quemadmodum
3154 1781 3322 1841 Nemo
3353 1788 3622 1844 novitPa-

355 1883 565 1951 Οὐδεὶς
591 1862 746 1954 ἔγνω
777 1883 886 1936 τὸν
922 1880 1176 1950 Πατέρα,
1215 1881 1266 1934 ει
1291 1878 1378 1950 μὴ
1410 1880 1443 1933 ὁ
1479 1877 1628 1943 Υἱὸς,
1663 1873 1805 1930 οὐδὲ
1827 1874 1936 1928 τὸν

2047 1888 2170 1933 trem
2222 1877 2327 1932 nisi
2368 1876 2569 1944 Filius,
2621 1889 2784 1949 neque
2821 1873 3020 1933 Filium
3055 1881 3160 1934 nisi
3199 1872 3403 1935 Pater’
3451 1899 3465 1935 :
3547 1882 3626 1937 ita

361 1975 520 2040 Υὶὸν,
548 1977 600 2030 εί
653 1974 735 2042 μὴ
786 1977 818 2028 ό
873 1971 1106 2041 Πατήρο
1147 1969 1321 2034 οὕτως
1368 1967 1610 2040 τολμῶσι
1661 1965 1844 2036 λέγειν
1877 1966 1930 1996 ί·

351 2067 472 2121 οὐδὲ
513 2063 576 2120 τὸ
607 2064 834 2136 Πνεῦμα
859 2066 908 2118 εί
948 2063 1024 2136 μὴ
1061 2065 1090 2119 ό
1117 2064 1246 2129 Υἱὸς
1275 2063 1335 2129 ἐξ
1362 2057 1423 2118 οὗ
1452 2063 1720 2134 λαμϐάνει
1740 2102 1756 2127 ,
1789 2063 1883 2116 καὶ
1907 2063 1935 2115 ὁ

353 2161 546 2232 Πατὴρ
572 2161 705 2228 παρ’
741 2153 804 2213 οὗ
831 2155 1190 2229 ἐκπορεύεται
1211 2175 1223 2188 ’
1257 2155 1352 2211 καὶ
1382 2155 1504 2210 οὐδὲ
1533 2153 1627 2209 τὸν
1657 2155 1808 2219 Υίὸν,
1841 2153 1938 2207 καὶ

351 2252 444 2309 τὸν
476 2253 696 2325 Πατέρα
715 2291 730 2315 ,
774 2253 823 2305 εἰ
854 2251 930 2322 μὴ
959 2251 1022 2306 τὸ
1049 2248 1274 2320 Πνεῦμα
1299 2249 1362 2302 τὺ
1395 2245 1548 2318 ἅγιον
1574 2286 1590 2312 ,
1623 2247 1684 2301 τὸ
1717 2244 1938 2314 δοξάζον

353 2345 600 2418 ἀληθῶς,
643 2342 705 2400 τὸ
745 2343 995 2400 διδάσκον
1039 2342 1110 2397 τὰ
1147 2343 1325 2397 πάντα
1345 2384 1362 2407 ,
1413 2340 1475 2396 τὸ
1525 2338 1839 2414 μαρτυροῦν
1869 2339 1938 2393 τὰ

355 2441 486 2512 περὶ
514 2438 608 2492 τοῦ
639 2437 771 2492 Υίοῦ
798 2479 815 2505 ,
843 2437 872 2492 ὃ
903 2437 1054 2510 παρά
1090 2436 1186 2490 τοῦ
1218 2435 1464 2509 Πατρδς,
1499 2433 1530 2490 ὃ
1559 2438 1625 2491 ὲκ
1661 2434 1756 2490 τοῦ
1783 2432 1935 2500 Υίοῦ,

357 2532 518 2602 μόνος
567 2531 762 2603 ὁδηγὺς
823 2530 1080 2602 ἀληθείας
1118 2548 1131 2564 ο
1189 2530 1372 2604 νόμων
1421 2527 1694 2600 ἐξηγητὴς
1746 2528 1937 2597 ἁγίων,

357 2621 730 2694 πνευματικοῦ
784 2625 950 2694 νόμου
1003 2623 1318 2694 ὑφηγητὴς,
1351 2620 1648 2694 προφητῶν
1693 2619 1942 2691 καθηγη-

356 2717 454 2790 τὴς
472 2759 488 2782 ,
513 2715 824 2771 ἀποστόλων
857 2713 1179 2779 διδάσκαλος
1197 2755 1212 2778 ,
1246 2709 1616 2784 εὐαγγελικῶν
1655 2710 1942 2784 δογμάτων

357 2807 586 2881 φωστὴρ
610 2848 626 2874 ,
662 2807 832 2876 ἁγίων
861 2805 1118 2876 ὲκλογεὺς
1137 2847 1152 2872 ,
1199 2805 1317 2876 φῶς
1345 2804 1406 2859 τδ
1435 2803 1690 2876 ἀληθινὸν
1725 2801 1784 2869 ἐξ
1808 2803 1940 2872 ἀλη-

359 2895 509 2951 θινοῦ
549 2895 748 2966 φωτός.
781 2895 910 2961 Υίδς
937 2892 1166 2966 φυσικὸς
1187 2934 1202 2959 ,
1233 2895 1359 2959 Υἱὸς
1389 2894 1628 2964 ἀληθὴς,
1660 2894 1786 2958 Υἱὸς
1809 2893 1941 2963 γνή-

362 3004 514 3052 σιος.
558 2987 720 3059 μόνος
768 2987 834 3040 ἐκ
869 2986 1062 3058 μόνου,
1102 2988 1199 3041 σὺν
1251 2984 1401 3056 αὺτῷ
1452 2986 1549 3040 καὶ
1594 2985 1656 3038 τὸ
1695 2983 1940 3055 Πνεῦμα,

362 3081 498 3136 ἀλλὰ
530 3079 755 3151 Πνεῦμα
810 3079 1228 3151 ὀνομαζόμενον.
1271 3073 1438 3144 Οὗτος
1494 3077 1525 3132 ό
1561 3077 1692 3141 Θεὸς
1723 3071 1942 3144 δοξαζό-

366 3188 526 3243 μενος
553 3171 613 3225 ὲν
650 3168 947 3241 Ἐκκλησία
969 3185 983 3200 ·
1009 3170 1200 3242 Πατὴρ
1229 3169 1336 3234 ἀεὶ,
1363 3168 1491 3232 Υἱὸς
1517 3168 1623 3233 ἀεὶ,
1653 3169 1749 3222 καὶ
1775 3166 1944 3220 Πνεῦ-

2032 1971 2305 2026 Catholici
2323 1971 2506 2026 dicere
2527 1971 2760 2028 audent:
2800 1971 2986 2044 Neque
3010 1970 3276 2043 Spiritum
3299 1973 3450 2029 novit
3470 1973 3623 2043 quis-

2034 2063 2206 2134 piam,
2250 2063 2355 2120 nisi
2383 2059 2576 2128 Filius,
2623 2079 2654 2118 a
2691 2079 2802 2134 quo
2836 2065 3070 2136 accepit,
3117 2074 3172 2121 et
3205 2059 3386 2132 Pater,
3437 2081 3468 2120 a
3509 2081 3623 2137 quo

2035 2157 2322 2229 procedit;
2367 2172 2545 2228 neque
2584 2151 2782 2212 Filium
2825 2165 2880 2212 et
2923 2153 3140 2213 Patrem
3189 2159 3340 2214 novit
3397 2158 3621 2229 aliquis,

2039 2251 2143 2306 nisi
2179 2248 2416 2320 Spiritus
2445 2256 2704 2305 sanctus:
2754 2250 2847 2321 qui
2881 2265 3009 2306 vere
3041 2246 3282 2306 celebrat
3329 2266 3394 2306 ac
3423 2252 3624 2323 praedi-

2038 2351 2154 2396 cat:
2204 2341 2300 2412 qui
2348 2339 2510 2395 docet
2557 2341 2768 2406 omnia,
2799 2341 2893 2412 qui
2943 2341 3012 2397 de
3059 2339 3200 2397 Filio
3244 2344 3621 2399 testimonium

2038 2435 2193 2501 dicit,
2225 2434 2318 2506 qui
2362 2449 2393 2489 a
2421 2429 2604 2503 Patre,
2633 2435 2728 2506 qui
2758 2451 2789 2491 e
2817 2429 2956 2490 Filio
2987 2437 3258 2507 procedit,
3300 2439 3452 2493 solus
3479 2439 3625 2493 veri-

2041 2524 2169 2582 tatis
2211 2525 2345 2592 dux,
2411 2534 2727 2582 sanctarum
2789 2527 2968 2599 legum
3017 2528 3307 2599 interpres,
3359 2529 3626 2601 spiritalis

2042 2618 2175 2689 legis
2202 2625 2512 2680 enarrator,
2533 2616 2924 2686 prophetarum
2949 2619 3230 2690 magister,
3248 2621 3625 2690 apostolorum

2042 2715 2364 2780 praeceptor,
2406 2708 2849 2778 evangelicorum
2903 2711 3218 2782 dogmatum
3251 2713 3338 2767 tax
3367 2723 3420 2768 et
3448 2713 3624 2776 sidus,

2043 2811 2358 2858 sanctorum
2407 2803 2635 2869 elector,
2691 2818 2878 2858 verum
2915 2803 3099 2858 lumen
3149 2819 3180 2859 e
3229 2819 3359 2860 vero
3398 2792 3630 2860 lumine.
3680 2785 3697 2797 Ν

2044 2893 2217 2949 Filius
2261 2896 2532 2952 naturalis
2578 2905 2697 2961 est,
2745 2911 2909 2950 verus
2955 2893 3158 2962 Filius,
3192 2911 3486 2966 germanus
3535 2895 3626 2950 Fi-

2045 2986 2174 3051 lius,
2217 2987 2369 3042 solus
2413 3003 2446 3043 e
2473 2988 2621 3055 solo,
2669 2987 2838 3058 899
2879 3001 3117 3057 quocum
3147 2994 3202 3043 et
3231 2985 3468 3058 Spiritus
3497 3003 3629 3044 sano

2045 3085 2169 3135 ctus
2217 3080 2587 3152 conjungitur,
2631 3081 2724 3152 qui
2751 3072 2990 3150 Spiritus
3038 3081 3259 3150 proprie
3285 3082 3625 3136 nominatur.

2051 3168 2148 3225 llic
2173 3168 2263 3224 ille
2293 3170 2436 3225 Deus
2475 3170 2531 3225 in
2563 3167 2806 3225 Ecclesia
2843 3169 3172 3232 celebratur,
3205 3184 3419 3240 semper
3443 3169 3626 3232 Pater,

369 3281 446 3333 μα
472 3263 628 3332 ἃγιον
656 3263 746 3316 ἀεὶ
765 3301 781 3325 ,
831 3260 1036 3332 ὑψηλὸς
1068 3260 1274 3332 ὑψηλοῦ
1314 3262 1409 3315 καὶ
1455 3254 1679 3330 ῦψιστος
1698 3300 1712 3322 ,
1753 3258 1945 3330 νοερὰν

2049 3275 2264 3332 semper
2303 3259 2497 3327 Filius,
2545 3276 2761 3331 semper
2793 3260 3030 3331 Spiritus
3079 3272 3326 3329 sanctus,
3375 3263 3630 3318 excelsus

364 3355 522 3421 δόξαν
555 3355 694 3427 ἔχων
723 3355 1064 3426 ἀμέτρητον,
1099 3345 1144 3422 ᾧ
1169 3351 1477 3425 ὑποϐέϐηκε
1515 3353 1584 3406 τὰ
1631 3351 1826 3406 κτιστὰ
1855 3351 1948 3406 καὶ

367 3449 437 3503 τὰ
465 3447 663 3519 ποιητὰ
692 3445 840 3511 ἅπαξ
871 3445 1052 3509 ἅπλῶς
1077 3444 1146 3498 τὰ
1168 3445 1458 3516 σύμπαντα
1488 3443 1830 3516 μετρούμενα
1853 3444 1949 3497 καὶ

370 3539 736 3612 περιεχόμενα
765 3537 991 3592 ἕκαστα.
1019 3537 1224 3610 Θεότης
1249 3537 1307 3591 δὲ
1339 3538 1438 3608 μία
1471 3539 1530 3592 ἐν
1578 3534 1804 3592 Μωῦσεϊ
1843 3537 1948 3607 μά-

370 3636 529 3688 λιστα
555 3629 980 3700 καταγγέλλεται
1003 3643 1018 3656 ⁸
1046 3627 1176 3692 δυὰς
1223 3627 1280 3681 δὲ
1320 3629 1378 3681 ὲν
1409 3629 1714 3700 προφήταις
1745 3625 1952 3698 σφόδρα

371 3723 736 3796 κηρύσσεται·
769 3721 940 3793 Τριὰς
987 3718 1044 3774 δὲ
1093 3721 1152 3772 ἐν
1199 3718 1552 3788 Εὐαγγελίοις
1601 3715 1949 3789 φανεροῦται,

371 3817 554 3870 πλεῖον
583 3813 725 3868 κατὰ
773 3811 998 3882 καιροὺς
1044 3809 1136 3863 καὶ
1169 3809 1360 3876 γενεὰς
1405 3804 1723 3878 ἁρμόζουσα
1767 3804 1846 3877 τῷ
1875 3805 1954 3858 δι-

373 3907 514 3978 καίῳ
554 3907 635 3968 είς
678 3903 878 3974 γνῶσιν
905 3903 1001 3957 καὶ
1025 3902 1227 3955 πίστιν.
1261 3900 1465 3964 Γνῶσις
1495 3899 1552 3953 δὲ
1581 3896 1720 3970 αὕτη
1750 3898 1952 3952 ἀθανα-

376 3996 620 4062 σίας,ὲκ
672 3994 906 4057 πίστεως
971 3992 1028 4045 δὲ
1080 3991 1250 4064 αὐτῆς
1303 3992 1337 4062 ἢ
1401 3990 1671 4053 υἱοθεσίας
1723 3989 1950 4058 γίνεται.

387 4090 550 4144 Ἀλλὰ
601 4088 818 4160 πρῶτον
869 4082 1216 4160 δικαιώματα
1271 4083 1474 4154 σαρκὸς
1525 4081 1790 4156 ἐκφράζει
1817 4123 1832 4146 ,
1879 4079 1955 4142 ὡς

375 4154 660 4252 περίϐολον
686 4177 815 4232 ναοῦ
841 4154 932 4230 τὸν
967 4154 1080 4240 ἔξω
1097 4176 1437 4246 διεγείρουσα
1465 4174 1524 4227 ἐν
1551 4154 1776 4227 Μωῦσετ
1796 4187 1810 4202 ο
1843 4171 1957 4224 δεύ-

374 4285 532 4341 τερον
573 4268 631 4323 δὲ
663 4265 1005 4338 δικαιώματα
1029 4264 1210 4336 ψυχῆς
1237 4263 1592 4335 ἐκδιηγεῖται,
1615 4261 1692 4326 ὡς
1723 4263 1792 4315 τὰ
1824 4261 1956 4331 ἅγια

376 4359 660 4432 κοσμοῦσα
707 4361 766 4415 ὲν
811 4358 1024 4422 λοιπαῖς
1081 4356 1437 4428 προφητείαις
1461 4371 1475 4387 ο
1529 4353 1712 4426 τρίτον
1744 4352 1958 4408 δικαιώ-

379 4471 527 4525 ματα
560 4451 896 4525 πνεύματος,
923 4452 1000 4516 ὡς
1030 4448 1431 4521 τὸίλαστήριον
1463 4451 1558 4503 καὶ
1583 4448 1653 4502 τὰ
1692 4448 1826 4516 ἆγια
1848 4447 1956 4501 τῶν

2049 3351 2117 3405 ab
2148 3350 2388 3414 excelso,
2411 3351 2522 3406 imo
2549 3351 2922 3416 celsissimos;
2950 3350 3045 3422 qui
3079 3351 3408 3424 intelligibili
3431 3353 3629 3423 gloria,

2049 3450 2102 3496 et
2131 3443 2352 3514 quidem
2397 3442 2608 3498 inﬁnita
2642 3442 2904 3514 praeditus
2932 3448 3016 3500 est
3042 3457 3058 3510 ;
3111 3445 3201 3499 cui
3233 3453 3418 3501 creata
3447 3446 3633 3500 omnia

2053 3535 2307 3605 factaque
2343 3543 2474 3591 sunt
2517 3535 2746 3590 omnino
2777 3533 3044 3605 subjecta,
3080 3552 3203 3606 quae
3231 3536 3452 3605 quidem
3481 3549 3635 3594 certa

2053 3641 2332 3692 mensura,
2357 3641 2421 3681 ac
2445 3626 2958 3698 circumscriptione
2979 3627 3337 3684 deﬁniuntur.
3361 3628 3633 3685 Caeterum

2053 3718 2309 3774 divinitas
2348 3733 2456 3772 una
2498 3717 2645 3788 apud
2679 3712 2902 3790 Moysen
2953 3721 3222 3790 praecipue
3264 3721 3632 3792 praedicatur:

2053 3810 2301 3865 hinarius
2333 3811 2386 3864 in
2421 3811 2700 3881 prophetis
2734 3812 3048 3883 diligentius
3085 3813 3389 3869 nuntiatur.
3451 3812 3634 3868 Trini-

2055 3912 2142 3958 tas
2177 3918 2302 3958 vero
2352 3904 2406 3957 in
2457 3902 2767 3974 Evangeliis
2813 3904 3144 3969 ostenditur,
3178 3921 3300 3975 qum
3350 3921 3448 3978 per
3497 3916 3633 3961 tem-

2057 4009 2189 4063 puta
2221 3996 2710 4066 generationesque
2752 3996 2997 4066 singulas
3039 3998 3189 4065 justo
3229 3997 3297 4050 ad
3342 3998 3631 4054 scientiam

2059 4087 2326 4157 ﬁdemque
2351 4089 2584 4158 amplius
2614 4090 2955 4144 conveniret.
3010 4087 3086 4142 Ea
3116 4103 3280 4160 porro
3307 4089 3633 4144 immortali-

2058 4179 2188 4233 tatis
2217 4180 2445 4235 scientia
2470 4194 2537 4235 ex
2579 4179 2684 4235 ﬁde
2720 4181 2862 4251 ipsa,
2905 4180 2988 4237 vel
3029 4179 3318 4251 adoptione
3360 4181 3628 4237 nascitur.

2060 4269 2167 4325 Sed
2221 4270 2459 4340 primum
2509 4272 2933 4342 iustiﬁcationes
2990 4273 3176 4328 carnis
3223 4272 3424 4338 edicit,
3487 4274 3635 4328 velut

2059 4364 2243 4435 templi
2281 4365 2554 4434 quoddam
2604 4366 2848 4422 exterius
2899 4374 3114 4435 septum
3155 4365 3211 4420 in
3241 4363 3426 4437 Moyse
3467 4364 3636 4420 fabri-

2059 4469 2214 4509 cans.
2269 4449 2466 4512 Postea
2503 4471 2634 4512 vero
2676 4457 2873 4512 anima:
2913 4457 3338 4528 justiﬁeationes
3383 4456 3630 4528 exponit,

376 4547 550 4615 ἁγίων
597 4544 935 4616 ρυθμίζουσα
975 4543 1032 4596 ὲν
1067 4539 1421 4612 Εὐαγγελίοις
1509 4540 1644 4611 πρὸς
1693 4540 1951 4610 κατοίκη-

2059 4556 2320 4617 tanquam
2360 4555 2551 4604 sancta
2588 4549 2837 4618 quaedam
2885 4548 3028 4622 apud
3072 4558 3301 4604 cancros
3339 4549 3635 4620 prophetas

378 4658 464 4693 σιν
497 4639 714 4709 ἑαυτῆς.
751 4635 964 4708 Σκηνὴν
1009 4635 1066 4690 δὲ
1096 4634 1256 4703 ἁγίαν
1276 4676 1292 4700 ,
1327 4634 1454 4687 λαὸν
1503 4633 1658 4702 ἆγιον
1679 4673 1695 4697 ,
1741 4633 1832 4686 τὸν
1882 4631 1956 4686 δί-

377 4750 534 4785 καιον
565 4729 678 4802 ἔχει
742 4729 902 4801 μόνον
943 4728 1034 4781 τὸν
1066 4727 1292 4781 συνόντα
1331 4717 1559 4788 τούτοις.
1603 4727 1862 4779 Κατοικεί
1899 4723 1957 4777 δὲ

379 4823 438 4874 ὲν
477 4821 623 4891 αὐτῷ
677 4819 773 4890 μία
813 4819 1003 4890 θεότης
1042 4818 1342 4889 ἄφθαρτος,
1398 4817 1494 4888 μία
1534 4816 1724 4887 θεότης
1765 4817 1958 4886 ἀπερι-

377 4917 568 4984 νόητος
598 4952 613 4978 ,
683 4913 1066 4983 ἁκατάληπτος
1094 4954 1108 4973 ,
1170 4911 1563 4982 ἁνεκδιήγητος
1600 4951 1616 4974 ,
1691 4909 1952 4982 ἀόρατος,

379 5007 579 5076 ἑαυτὴν
618 5005 961 5074 γινώσκουσα
1001 5005 1136 5076 μόνη
1161 5043 1176 5067 ,
1229 5003 1428 5073 ἑαυτὴν
1476 5002 1847 5072 ἐμφανίζουσα
1875 4997 1955 5065 οἷς

382 5099 631 5167 βούλεται
657 5139 674 5165 ,
705 5100 987 5171 μάρτυρας
1037 5096 1237 5167 ἑαυτῆς
1267 5097 1606 5168 διεγείρουσα
1630 5135 1644 5157 ,
1699 5093 1954 5156 καλοῦσα,

380 5191 765 5263 προορίζουσα,
793 5190 1109 5255 δοξάζουσα,
1136 5189 1195 5254 ἐξ
1219 5189 1344 5260 ᾅδου
1375 5189 1604 5257 ὑψοῦσα,
1635 5186 1956 5253 ἁγιάζουσα,

379 5282 702 5335 ὲνοποιοῦσα
732 5282 891 5336 πάλιν
929 5282 1063 5353 πρὸς
1090 5282 1189 5352 τὴν
1222 5280 1418 5350 ἑαυτῆς
1459 5277 1616 5342 δόξαν
1644 5278 1738 5331 καὶ
1776 5277 1958 5330 πίστιν

377 5375 449 5426 τὰ
475 5375 600 5445 τρία
633 5374 826 5441 ταῦτα,
861 5376 1177 5446 ἐπουράνια,
1210 5373 1302 5426 καὶ
1335 5372 1573 5440 ἐπίγεια,
1607 5370 1955 5440 καταχθόνιαο

379 5451 598 5531 πνεῦμα
617 5503 632 5523 ,
663 5463 870 5533 ψυχὴν,
920 5464 1096 5534 σάρκα
1117 5505 1131 5520 .
1178 5465 1358 5516 πίστιν
1385 5504 1398 5525 ,
1437 5463 1628 5516 ἐλπίδα
1652 5501 1666 5525 ,
1705 5461 1955 5531 ἀγάπην

379 5553 738 5624 παρελθόντα,
782 5555 988 5607 ἑστῶτα
1012 5597 1025 5618 ,
1066 5555 1347 5625 μέλλοντα,
1378 5555 1544 5609 αἰῶνα
1576 5555 1770 5619 αἰῶνος
1795 5594 1807 5619 ,
1833 5553 1960 5608 οιἱῶ-

456 5751 471 5778 ¹
516 5749 574 5803 F.
601 5753 784 5821 τολμῶ
827 5754 1124 5821 συλλέγειν.
1249 5757 1268 5785 ¹
1308 5752 1465 5807 Joan.
1509 5771 1590 5814 Ill,
1629 5755 1679 5808 8.

380 5818 467 5877 12-
485 5823 566 5878 M.

1788 5754 1805 5786 Ι
1847 5753 1952 5786 ’1⁸1
2013 5755 2039 5770 ⁸⁵

1847 5772 1933 5786 IIII
2013 5771 2039 5786 λι

646 5754 784 5821 δλμῶ
827 5754 1124 5821 συλλέγειν.
1249 5757 1268 5785 ¹
1308 5754 1465 5807 Joan.
1509 5771 1590 5814 Ill,
1629 5755 1679 5808 8.
1788 5754 1805 5786 '
1847 5754 1976 5807 ibitl.
2011 5755 2042 5806 :‘i
2162 5755 2179 5786 ⁸
2221 5757 2306 5809 lC

646 5825 664 5853 ⁷
702 5823 857 5879 Joan.
891 5843 976 5891 xv,
1001 5827 1088 5879 26.
1169 5825 1188 5856 ⁸
1227 5823 1383 5880 Joan.
1413 5841 1519 5888 xw,
1560 5826 1644 5890 li,
1681 5825 1759 5878 ιδ.
1837 5825 1857 5856 ⁹
1901 5825 2088 5880 Matth.
2126 5827 2306 5891 εκεῖ.

2062 4647 2357 4694 exornans.
2410 4637 2598 4696 Tertio
2643 4641 2878 4711 denique
2907 4639 3327 4710 iustiﬁcationes
3379 4640 3632 4710 spiritus,

2063 4731 2220 4798 quasi
2245 4731 2682 4802 propitiatorium
2715 4741 2769 4788 et
2821 4741 3014 4790 sancta
3040 4741 3356 4788 sanctorum
3385 4732 3438 4785 in
3468 4730 3638 4786 Evan-

2062 4819 2220 4888 geliis
2244 4819 2312 4874 ad
2346 4821 2430 4876 sui
2454 4820 2786 4877 domicilium
2821 4823 3121 4878 instruens.
3159 4823 3227 4875 At
3257 4822 3430 4878 sancti
3459 4824 3638 4878 taber-

2064 4913 2248 4967 naculi
2283 4913 2426 4978 loco,
2456 4915 2744 4985 sanctique
2779 4915 2985 4986 p0puli,
3011 4916 3222 4984 justum
3252 4916 3412 4969 habet
3443 4929 3633 4981 unum,

2063 5005 2155 5074 qui
2183 5004 2236 5058 in
2263 5005 2383 5061 istis
2412 5017 2681 5062 versatur.
2739 5008 2795 5063 In
2822 5009 2909 5062 his
2940 5024 3068 5063 vero
3090 5025 3196 5064 una
3223 5009 3397 5064 dcitas
3426 5009 3638 5063 habitat

2063 5097 2399 5166 incorrupta,
2460 5113 2568 5152 una
2629 5100 2829 5163 deitas,
2867 5115 2986 5166 quae
3029 5102 3358 5170 cogitatione
3422 5099 3640 5170 concipi

2061 5187 2542 5256 comprehendive,
2568 5193 2650 5246 vel
2680 5191 2962 5261 explicari,
2989 5204 3083 5246 aut
3110 5191 3278 5246 videri
3308 5206 3415 5245 non
3439 5199 3644 5262 potest,

2063 5295 2185 5348 qua:
2214 5282 2447 5351 seipsam
2482 5284 2596 5336 sola
2631 5286 2932 5354 cognoscit,
2967 5293 3022 5340 et
3049 5285 3248 5354 quibus
3281 5287 3514 5340 voluerit
3542 5301 3641 5355 pa—

2068 5369 2276 5425 tefacit.
2323 5371 2522 5427 Eadem
2561 5382 2727 5428 testes
2758 5389 2890 5428 suos
2920 5375 3140 5439 excitat,
3172 5383 3356 5439 vocat,
3385 5382 3512 5428 ante
3537 5375 3640 5428 de-

2067 5465 2253 5530 stinat,
2286 5463 2447 5519 allicit
2483 5467 2676 5536 gloria,
2729 5468 2795 5520 ab
2840 5467 3030 5522 inferis
3062 5468 3260 5532 evehit,
3311 5467 3641 5528 sanctiﬁcat,

2066 5565 2118 5611 et
2156 5557 2222 5610 ad
2273 5559 2500 5628 gloriam
2544 5560 2810 5630 ﬁdemque
2861 5575 3017 5614 suam
3063 5560 3164 5614 tria
3218 5561 3337 5613 haec
3383 5561 3437 5612 in
3469 5575 3644 5612 unum

2162 5755 2179 5786 ⁸
2221 5757 2234 5806 Ι
2267 5757 2390 5812 Cor.
2428 5775 2497 5821 ιν,
2533 5760 2612 5814 15.

2713 5763 2731 5791 ⁸
2771 5760 2927 5814 Joan.
2968 5777 3055 5823 tv,
3090 5759 3178 5814 '26.
3258 5761 3275 5788 ⁸
3314 5756 3472 5812 Joan.
3531 5769 3645 5822 XVI,
