4134 6386
513 373 619 429 £95

1921 375 1977 431 S.
2021 377 2356 432 EPll’llANll

3685 389 3790 440 496

516 495 662 562 cogit
694 507 754 546 ac
787 493 1062 546 consociat
1099 513 1108 546 :
1148 494 1410 554 cmlcstia,
1435 502 1673 554 terrena,
1707 494 2096 558 subterranea;

2221 511 2302 555 Ia;
2335 493 2542 545 αἰώνων
2599 494 2841 547 σάϐϐατα
2893 495 3195 559 σαϐϐάτων,
3233 501 3534 570 περιτομὴν
3567 503 3789 569 σαρκὸς,

517 588 793 656 spiritum,
853 587 1087 639 animum
1176 596 1336 658 atque
1377 603 1637 654 carnem;
1691 587 1872 652 iidem,
1921 605 2092 658 spem,

517 678 872 740 charitalem;
921 679 1216 748 pra‘terila,
1247 682 1554 750 prrcseutia,
1585 679 1800 743 futura;
1837 681 2092 735 saeculum

517 771 725 836 saeculi,
777 771 972 824 sarcula
1020 772 1368 836 saaculorum,
1427 773 1652 830 sabbata
1709 772 2093 836 sabbatorum;

518 864 988 918 circumcisioncm
1050 867 1269 920 carnis.
1345 867 1821 922 circumcisionem
1885 867 2092 928 cordis,

518 954 996 1010 circumcisionem
1038 955 1242 1012 Christi
1309 957 1362 1011 in
1411 957 1806 1026 cxspoliatione
1854 956 2102 1026 corporis

519 1049 918 1116 peccatorum‘.
944 1047 1189 1118 Denique
1211 1049 1533 1118 sibimetipsi
1548 1051 1802 1104 universa
1819 1055 2096 1118 repurgat,

521 1147 630 1190 tam
672 1153 792 1208 qua!
825 1138 997 1194 videri
1039 1152 1341 1211 nequeunt,
1381 1158 1542 1212 quam
1595 1159 1716 1214 qua:
1749 1141 2100 1212 aspectabilia

522 1237 671 1294 sunt,
709 1231 958 1294 thronos,
1007 1233 1427 1300 dominationes,
1470 1237 1828 1307 principatus,
1861 1243 2103 1306 potesta-

520 1329 625 1386 tes,
660 1323 909 1380 virtutes.
967 1325 1024 1380 In
1072 1327 1324 1382 omnibus
1355 1345 1482 1382 vero
1520 1329 1706 1382 eadem
1751 1326 2016 1398 sapientia
2049 1333 2102 1380 et

523 1427 710 1470 sancta
759 1433 866 1472 vox
913 1434 942 1471 a
991 1419 1162 1489 gloria
1204 1421 1256 1473 in
1295 1422 1521 1488 gloriam
1575 1421 1826 1487 Sanctus,
1865 1428 2101 1478 sanctus.

2211 588 2508 657 περιτομὴν
2551 588 2795 655 καρδίας.
2841 590 3140 660 περιτομὴν
3190 591 3425 660 Χριστοῦ
3472 595 3530 644 ἐν
3572 596 3640 664 τῇ
3685 595 3794 647 ἀπ-

2213 681 2424 732 εκδύσει
2461 681 2552 732 τοῦ
2583 679 2833 750 σώματος
2873 680 2980 734 τῶν
3019 683 3327 752 ἁμαρτιῶν·
3363 683 3592 738 καθόλου
3625 685 3794 740 καθα-

2217 774 2422 843 ροποιεῖ
2469 773 2635 842 ἑαυτῇ
2673 773 2846 826 πάντα
2887 773 2956 824 τὰ
2987 774 3197 842 ἀόρατα
3235 775 3327 828 καὶ
3356 775 3421 827 τὰ
3449 776 3641 846 ὁρατὰ,
3671 779 3796 848 θρό-

2215 883 2357 929 νους,
2401 866 2760 936 κυριότητας,
2789 867 2996 938 ἀρχὰς,
3045 869 3324 932 ἐξουσίας,
3379 869 3652 939 δυνάμεις.
3705 871 3796 924 Ἐν

2214 961 2350 1012 πᾶσι
2393 959 2449 1010 δὲ
2493 959 2524 1028 ἡ
2565 959 2700 1031 αὐτὴ
2746 961 2906 1030 σοφία
2953 962 3046 1014 καὶ
3095 960 3247 1031 φωνὴ
3293 962 3444 1029 ἁγία,
3485 962 3592 1016 ἀπὸ
3637 959 3796 1032 δόξης

2213 1057 2291 1116 είς
2333 1051 2508 1117 δόξαν,
2553 1055 2772 1122 Ἄγιος,
2819 1054 3004 1123 ἄγνος.
3045 1053 3212 1122 ἅγιος
3254 1056 3534 1124 φωνοῦσα,
3579 1055 3797 1124 Πατέρα

2213 1149 2271 1198 ἑν
2315 1147 2442 1212 Υίῶ,
2491 1148 2616 1202 Υίὸν
2663 1148 2719 1201 δὲ
2769 1149 2827 1200 ἑν
2871 1148 3045 1218 ΙΙατρὶ
3077 1149 3180 1200 σὺν
3220 1147 3360 1217 ἁγίῳ
3409 1147 3715 1216 Πνεύματι·
3751 1141 3796 1214 ᾧ

2215 1241 2248 1310 ἡ
2278 1239 2403 1304 δόξα
2443 1241 2536 1293 καὶ
2581 1239 2640 1292 τὸ
2669 1240 2867 1310 κράτος
2895 1242 2973 1304 είς
3005 1240 3130 1304 τοὺς
3168 1241 3370 1302 αἰῶνας
3409 1239 3519 1292 τῶν
3559 1237 3793 1292 αἰώνων.

2229 1333 2418 1401 Ἀμήν.
2485 1333 2590 1384 Καὶ
2639 1334 2756 1402 ὲρεῖ
2801 1335 2829 1386 ό
2877 1332 3019 1386 οὓτω
3069 1332 3373 1386 πιστεύων·
3425 1331 3659 1398 Γένοιτο,
3703 1331 3797 1400 γέ-

2219 1443 2359 1478 νοιτο
2376 1426 2388 1476 !

523 1521 740 1566 sanctus
783 1515 804 1544 '
836 1514 1172 1574 exclamans,
1205 1529 1268 1568 ac
1299 1513 1515 1570 Patrem
1551 1516 1604 1570 in
1644 1513 1802 1578 Filio,
1835 1512 2030 1568 Filium
2069 1511 2126 1564 in
2175 1509 2336 1570 Patre
2368 1531 2490 1570 cum
2524 1513 2729 1584 Spiritu
2777 1524 2968 1570 sancto
3013 1515 3315 1584 prasdicans
3351 1532 3364 1570 :
3405 1517 3493 1569 cui
3533 1513 3707 1585 gloria
3745 1522 3800 1570 et

521 1601 812 1668 imperium
847 1603 902 1656 in
947 1603 1144 1658 saecula
1180 1605 1522 1658 surculorum.
1558 1607 1750 1659 Amen.
1783 1603 1847 1656 Et
1877 1603 2021 1658 dicet
2049 1601 2140 1670 qui
2172 1601 2249 1659 ita
2284 1608 2497 1661 credit;
2535 1605 2670 1672 Fiat,
2707 1609 2815 1660 nat.

593 1691 874 1748 Hactenus
901 1709 967 1749 ex
997 1695 1281 1750 Ancorato.

593 1787 759 1856 900
793 1784 882 1838 XI.
915 1786 1038 1840 llaec
1069 1801 1218 1848 sunt,
1253 1805 1370 1858 quae
1411 1787 1478 1842 de
1517 1787 1618 1842 iide
1655 1787 1830 1842 Patris
1866 1801 1928 1840 ac
1981 1783 2104 1838 Filii
2143 1802 2186 1856 Β

529 1891 583 1934 et
610 1879 856 1948 Spiritus
884 1879 1058 1934 sancti
1081 1879 1286 1950 scripta
1312 1880 1612 1950 quondam,
1641 1889 1695 1934 ct
1725 1895 1822 1950 pro
1845 1879 2108 1934 tenuitate

2289 1697 2650 1770 Πεπλήρωται
2675 1699 2743 1752 τὰ
2772 1698 2865 1751 τοῦ
2903 1697 3280 1768 Ἀγκιιοωτοᾱ

2291 1794 2389 1846 lA'.
2421 1793 2532 1848 Καὶ
2558 1791 2730 1844 ταῦτα
2761 1792 2858 1862 μὲν
2885 1790 3051 1852 ἔστιν,
3081 1789 3117 1844 ἃ
3151 1791 3251 1862 ἤδη
3287 1791 3413 1862 περὶ
3439 1788 3542 1860 τῆς
3569 1787 3804 1852 πίστεως

2211 1877 2424 1950 Πατρὸς
2447 1919 2464 1946 ,
2497 1879 2594 1932 καὶ
2631 1878 2782 1940 Υίοῦ,
2812 1879 2907 1934 καὶ
2929 1879 3085 1948 ἁγίου
3121 1879 3437 1950 Πνεύματος
3465 1876 3790 1949 γράφοντες,

531 1979 718 2024 nostra
751 1969 1049 2036 declarata,
1085 1970 1324 2024 breviter
1363 1971 1545 2024 denuo
1581 1969 1683 2023 hoc
1713 1970 1834 2023 loco
1867 1977 2112 2036 repetere

2221 1972 2354 2026 κατὰ
2401 1973 2463 2026 τὺ
2509 1971 2844 2044 βραχύτατον
2883 1973 3040 2045 ήμῶν
3071 1973 3171 2044 τῆς
3204 1973 3559 2044 μετριότητος
3593 1971 3794 2040 ἐξηγη-

531 2063 828 2118 voluimus.
867 2061 1024 2118 Nunc
1056 2062 1123 2116 ad
1155 2063 1318 2116 vitam
1353 2071 1600 2118 nostram
1641 2061 1998 2118 asserendam
2045 2075 2109 2116 ac

532 2155 998 2210 corroborandam
1049 2157 1152 2210 alia
1205 2155 1452 2226 quaedam
1499 2155 1812 2212 testimonia
1856 2157 1943 2226 pie
1985 2168 2112 2224 pro-

514 2247 697 2306 terre,
743 2255 797 2301 et
842 2263 908 2302 ex
959 2257 1104 2302 recta
1157 2249 1372 2303 ratione
1423 2249 1676 2318 religiose
1711 2246 1780 2302 de
1821 2245 2112 2300 divinitate

535 2340 736 2393 sentire
757 2354 1065 2410 pergemus.
1101 2339 1313 2396 Etenim
1339 2339 1593 2410 pluribus
1625 2340 1894 2394 hactenus
1918 2345 2110 2392 aucto-

535 2429 794 2482 ritatibus
829 2428 1007 2497 palam
1051 2427 1181 2482 illud
1214 2437 1299 2482 est
1337 2427 1563 2494 factum,
1606 2425 1957 2496 Uuigenitum
1986 2437 2111 2478 cum

537 2519 699 2574 Patre
738 2521 903 2575 simul
946 2520 1202 2576 universa
1251 2521 1462 2586 moliri;
1515 2527 1569 2574 et
1595 2517 1824 2589 atqualia
1854 2515 2116 2586 perlicere

539 2616 594 2668 in
623 2615 878 2670 omnibus
922 2629 988 2669 ac
1023 2615 1230 2685 largiri,
1255 2623 1442 2685 utpote
1471 2613 1564 2683 qui
1593 2613 1664 2668 ab
1691 2613 1810 2682 ipso
1837 2609 2114 2682 procedat,

539 2720 640 2760 nec
671 2721 700 2758 a
729 2714 956 2778 paterna
987 2705 1190 2760 virtute
1239 2719 1302 2760 ac
1341 2704 1628 2758 divinitate
1676 2701 1977 2772 discrepet,
2017 2699 2114 2756 sed

521 2795 786 2864 ejusdem
815 2797 888 2849 sit
908 2811 1030 2850 cum
1055 2793 1212 2848 Patre
1233 2793 1571 2850 substantiae.
1607 2791 1794 2863 Neque
1814 2805 1945 2845 vero
1966 2790 2118 2846 solus

543 2886 738 2948 Filius.
768 2887 862 2942 sed
882 2895 935 2941 et
953 2885 1189 2957 Spiritus
1211 2895 1436 2941 sanctus
1463 2887 1516 2940 in
1551 2879 1743 2956 agendi
1777 2881 2117 2937 communio-

545 2995 666 3034 nem
699 2993 822 3033 cum
851 2977 1014 3034 Patre
1047 2977 1292 3048 Filioque
1324 2977 1492 3040 venit,
1521 2985 1577 3032 et
1622 2973 1849 3046 arqualia
1877 2979 2116 3042 pncstat,

545 3085 644 3140 pro
678 3085 744 3126 eo
772 3085 836 3124 ac
867 3069 1017 3135 libet,
1058 3069 1472 3124 communicans
1513 3081 1578 3122 ac
1611 3065 1850 3144 largiens
1879 3082 1892 3117 :
1921 3061 2119 3133 quippe

2213 2061 2466 2134 σάμεθα,
2503 2063 2598 2118 καὶ
2655 2067 2718 2118 ἑκ
2769 2064 2877 2117 τῶν
2933 2063 3356 2136 προρρηθέντων
3417 2061 3792 2134 παρεθέμεθα.

2216 2155 2338 2208 Ἐτι
2371 2155 2428 2208 δὲ
2455 2155 2829 2228 ,ἐπιμενοῦμεν
2864 2159 2942 2220 είς
2984 2157 3242 2210 σύστασιν
3269 2157 3366 2225 τῆς
3391 2154 3599 2208 ἑαυτῶν
3627 2153 3794 2221 ζωῆς,

2215 2248 2452 2312 εὐσεϐῶς
2515 2251 2820 2323 μαρτυρίας
2883 2251 3177 2320 φέροντες,
3237 2250 3331 2303 καὶ
3389 2249 3448 2314 ἐξ
3501 2247 3661 2321 ὀρθοῦ
3707 2247 3798 2299 λο-

2215 2339 2418 2410 γισμοῦ
2451 2339 2692 2404 εὐσεϐῶς
2727 2341 2856 2410 περὶ
2884 2341 3132 2410 θεότητος
3169 2339 3647 2410 διαλαμϐάνοντες.
3674 2337 3798 2390 ’Ὁτι

2220 2431 2317 2500 μὲν
2343 2431 2450 2502 γὰρ
2497 2432 2555 2484 ἐν
2585 2433 2698 2494 τοῖς
2738 2432 2842 2486 ὐπὸ
2881 2431 3066 2484 τούτου
3113 2431 3409 2502 ἀπεδείχθη
3459 2431 3548 2484 διὰ
3587 2428 3797 2482 πολλῶν

2221 2522 2535 2593 μαρτυριῶν
2563 2523 2592 2574 ό
2631 2523 2937 2594 Μονογενὴς
2964 2523 3331 2592 συμπράττων
3358 2521 3436 2594 τῷ
3471 2522 3665 2592 Ila-cpt,
3703 2521 3798 2573 καὶ

2215 2613 2284 2666 τὰ
2338 2611 2427 2666 ῐσα
2459 2613 2516 2668 ὲν
2557 2612 2730 2666 ἅπασι
2775 2614 2993 2668 τελειῶν
3023 2615 3118 2667 καὶ
3176 2612 3568 2684 χαριζόμενος,
3612 2611 3687 2674 ὡς
3737 2609 3799 2675 ἐξ

2217 2703 2382 2760 αὐτοῦ
2415 2704 2513 2768 ὧν,
2547 2707 2642 2759 καὶ
2667 2709 2766 2760 οὐκ
2793 2706 3001 2770 ἀλλοῖος
3041 2705 3192 2778 παρὰ
3215 2705 3316 2778 τὴν
3344 2705 3440 2760 τοῦ
3473 2705 3688 2778 Ila-cpe;
3711 2703 3802 2758 δύ·-

2217 2815 2384 2868 ναμιν
2407 2798 2503 2850 καὶ
2535 2797 2762 2872 θεότητα
2787 2839 2802 2858 .
2834 2797 2968 2852 ἀλλὰ
2995 2799 3278 2870 ὁμοούσιος
3311 2799 3484 2869 Πατρί
3509 2815 3522 2829 ⁸
3547 2799 3607 2852 οὐ
3642 2799 3801 2870 μόνον

2217 2888 2276 2942 δὲ
2313 2891 2342 2941 ὁ
2367 2888 2494 2952 Υἱὸς
2517 2930 2532 2952 ,
2563 2889 2701 2943 ἀλλά
2743 2890 2838 2944 καὶ
2887 2889 2947 2942 τὸ
2994 2889 3148 2958 ἅγιον
3187 2889 3410 2960 Πνεῦμα
3441 2889 3803 2960 συμπράττον

2223 2979 2336 3048 Υἱῷ
2369 2979 2463 3034 καὶ
2497 2980 2705 3051 Πατρὶ,
2743 2979 2932 3034 καὶτὰ
2963 2980 3053 3032 ι’σα
3113 2979 3478 3052 ἐργαζόμενον
3528 2979 3806 3050 δωρούμε-

2223 3072 2312 3125 νόν
2354 3089 2414 3125 τε
2465 3073 2560 3126 καὶ
2587 3073 2944 3144 χαριζόμενον
2969 3113 2984 3136 ,
3017 3074 3091 3137 ὡς
3128 3073 3412 3142 βούλεται,
3445 3073 3522 3136 ὡς
3549 3075 3642 3126 καὶ
3673 3073 3804 3128 αὐτὸ

543 3180 670 3218 cum
712 3171 766 3218 et
807 3163 922 3233 ipse
955 3177 1079 3217 vere
1119 3177 1186 3216 ex
1227 3159 1336 3216 Deo
1367 3161 1457 3222 sit,
1495 3175 1598 3214 nec
1644 3142 1853 3212 alienus
1889 3170 1919 3208 a
1959 3154 2116 3208 Patre

2223 3163 2391 3226 ὄντως
2435 3163 2500 3216 ὲκ
2550 3139 2682 3216 Θεοῦ
2719 3139 2801 3228 ὃν,
2837 3164 2932 3217 καὶ
2974 3164 3075 3216 οὐκ
3125 3139 3403 3236 αλλότριον
3449 3166 3662 3236 [ἰατρὸς
3711 3166 3806 3218 καὶ

547 3257 811 3326 Filioque.
860 3255 953 3312 sed
1008 3255 1225 3324 utrique
1268 3250 1780 3306 consubstantialis.
1837 3245 1982 3310 Haec,
2031 3247 2116 3298 in-

545 3363 729 3418 quam,
775 3347 977 3403 nemini
1025 3363 1133 3400 non
1163 3353 1350 3414 aperte
1397 3351 1478 3397 tot
1501 3340 1758 3398 adductis
1791 3337 2118 3394 testimoniis

546 3439 916 3504 ostendimus,
940 3455 1005 3494 ac
1029 3438 1287 3507 deinceps
1312 3436 1682 3491 ostendemus.
1709 3432 1826 3487 Jam
1849 3447 1976 3486 vero
1995 3445 2120 3500 pro-

543 3543 666 3602 pter
700 3533 878 3588 sancti
921 3532 1158 3602 Spiritus
1191 3531 1536 3586 adversarios
1593 3538 1646 3583 et
1679 3527 1949 3590 inimicos,
1983 3541 2120 3580 non-

537 3629 696 3682 .nulla
763 3627 1033 3682 uberioris
1109 3625 1492 3696 explicationis
1551 3623 1722 3694 gratia
1784 3621 1978 3691 partim
2033 3619 2120 3688 pia

549 3717 798 3787 qumtlam
841 3725 1158 3785 argumenta
1213 3733 1276 3771 ex
1329 3724 1478 3772 recta
1523 3713 1736 3768 ratione
1777 3711 2118 3782 deprompta,

535 3811 748 3879 r-partim
775 3809 1019 3879 ejusdem
1057 3807 1353 3878 Scriptum
1396 3807 1709 3863 testimonia
1739 3805 2120 3874 superioribus

531 3903 835 3964 addemus,
864 3903 999 3956 adeo
1031 3909 1088 3955 ut
1121 3901 1176 3956 in
1206 3900 1462 3955 omnibus
1497 3915 1684 3952 verum
1710 3913 1773 3953 ac
1807 3897 2120 3966 religiosum

531 3994 616 4046 :de
637 3991 852 4062 Spiritu
879 3993 1294 4062 sancto'dogma
1327 4006 1637 4061 sequamur.
1680 3987 1890 4043 Etenim
1929 3983 2122 4041 unicus

535 4101 614 4139 ac
643 4085 936 4156 singularis
959 4093 1042 4140 est
1069 4083 1316 4154 Spiritus
1347 4082 1436 4138 ille
1467 4089 1711 4144 sanctus,
1731 4083 1823 4150 qui
1855 4080 1922 4134 ab
1945 4079 2122 4133 omni-

553 4181 654 4233 bus
703 4178 984 4241 adoratur,
1023 4178 1091 4232 ab
1141 4175 1396 4230 omnibus
1438 4176 1704 4231 creaturis
1759 4174 2123 4244 operibusque

537 4270 920 4326 desideratur.
959 4271 1067 4336 Qui
1116 4285 1238 4324 cum
1287 4269 1436 4324 nullo
1469 4267 1740 4338 adaequari
1766 4273 1974 4336 potest,
2013 4279 2122 4318 non

553 4363 766 4434 angelo,
814 4377 923 4416 non
961 4363 1134 4416 altero
1169 4359 1388 4430 spiritu,
1439 4343 1533 4414 sed
1569 4373 1709 4413 unus
1737 4371 1799 4412 ac
1830 4357 2122 4427 singularis

551 4463 654 4508 est.
707 4451 842 4506 Nam
891 4467 1015 4506 cum
1069 4453 1222 4505 multi
1273 4452 1381 4506 sint
1420 4450 1668 4518 spiritus,
1715 4447 1973 4502 omnibus
2021 4447 2124 4502 istc

560 4546 809 4613 superior
839 4552 944 4608 est,
979 4552 1166 4614 utpote
1195 4544 1286 4613 qui
1319 4557 1534 4612 semper
1561 4557 1590 4594 a
1623 4539 1779 4594 Patre
1807 4542 1898 4604 sit,
1932 4553 2032 4592 nec
2055 4538 2123 4592 ab

553 4637 677 4690 aliis
707 4651 827 4705 quae
871 4651 900 4689 e
933 4635 1104 4689 nihilo
1132 4635 1391 4704 producta
1442 4641 1589 4696 sunt,
1621 4635 1872 4688 exsistat.
1932 4628 2123 4684 Plures

553 4735 702 4787 sunt,
732 4725 986 4795 inquam,
1015 4726 1274 4795 spiritus;
1313 4723 1408 4780 sed
1437 4740 1582 4778 unus
1610 4733 1694 4778 est
1724 4721 1961 4792 Spiritus
1992 4735 2123 4775 san-

552 4826 711 4880 ctus,
747 4815 1205 4887 quemadmodum
1243 4831 1386 4870 unus
1424 4824 1508 4870 est
1551 4814 1715 4877 Deus,
1771 4822 1823 4866 et
1853 4827 2002 4866 unus
2032 4809 2121 4862 Dei

557 4911 726 4964 Filius
769 4909 1101 4977 unigenitus.
1165 4907 1257 4962 Sic
1299 4919 1353 4962 et
1408 4916 1633 4962 sanctus
1670 4905 1760 4960 Dei
1821 4903 2062 4974 Spiritus
2097 4917 2126 4955 a

559 5004 666 5057 Deo
697 5011 780 5058 est
810 5009 866 5056 et
904 5005 956 5055 in
989 5001 1118 5056 Deo.
1155 5001 1338 5072 Itaque
1369 5010 1425 5057 et
1481 5001 1798 5072 unigeni‘tus
1823 4997 1998 5052 Filius
2043 4997 2129 5050 iu-

555 5093 1066 5164 comprehensibilis
1091 5101 1194 5157 est,
1210 5101 1262 5148 et
1285 5092 1521 5162 Spiritus
1537 5089 2128 5161 incomprehensibilis.

553 5189 658 5254 Qui
685 5195 738 5241 et
773 5204 802 5242 a
837 5187 944 5242 Deo
977 5186 1242 5258 procedit,
1274 5201 1373 5240 nec
1406 5201 1436 5239 a
1465 5183 1628 5238 Patre
1665 5194 1717 5237 et
1741 5182 1884 5237 Filio
1914 5181 2128 5237 alienus

543 5289 658 5336 aest.
711 5280 895 5350 Neque
922 5297 1051 5336 vero
1090 5295 1214 5334 cum
1245 5277 1406 5332 Patre
1453 5275 1673 5332 ctFilio
1717 5277 1865 5330 velut
1890 5273 2126 5354 quadam

549 5369 878 5426 confusione
913 5370 1193 5434 coalescit,
1227 5370 1320 5423 sed
1363 5367 1605 5421 Trinitas
1634 5365 1879 5434 ejusdem
1914 5379 2129 5432 semper

557 5467 641 5513 est
693 5459 1033 5519 substantiae,
1077 5475 1186 5513 non
1233 5457 1456 5511 alterius
1506 5472 1533 5508 a
1581 5455 1899 5521 divinitate;
1950 5470 2130 5524 neque

555 5551 814 5606 divinitas
853 5552 1018 5605 altera
1051 5559 1134 5604 est
1179 5563 1210 5602 a
1243 5547 1570 5609 substantia,
1599 5547 1692 5601 sed
1735 5548 1853 5617 ipsa
1885 5561 1980 5617 per
2001 5561 2129 5602 sese

554 5641 834 5698 divinitas.
866 5651 918 5697 et
946 5657 1014 5697 ex
1041 5643 1227 5698 eadem
1256 5640 1539 5694 divinitate
1567 5636 1736 5692 Filius
1792 5655 1854 5693 ac
1887 5641 2124 5708 Spiritus

633 5755 646 5782 ¹
689 5753 803 5806 Col.
837 5770 896 5816 ll,
933 5753 1016 5810 il.

555 5823 587 5875 ὃ
614 5827 734 5891 μέν,

1093 5755 1115 5784 ¹
1157 5755 1259 5808 lsa.
1291 5769 1367 5818 vi,
1401 5751 1454 5806 5.
1531 5753 1562 5784 ·³
1603 5751 1966 5823 Expunxerim
1997 5756 2124 5827 γάρ.

2223 3253 2352 3307 Υίοῦ
2377 3295 2391 3318 ,
2425 3253 2538 3307 ἀλλ’
2564 3255 2846 3325 ὁμοούσιον
2873 3255 3048 3327 Πατρὶ
3096 3256 3190 3308 καὶ
3219 3255 3364 3324 Υίῷ,
3398 3257 3560 3309 παντί
3589 3273 3670 3328 τῳ
3703 3274 3800 3310 σα-

2225 3345 2324 3414 φὲς
2371 3345 2512 3400 κατὰ
2545 3345 2724 3400 πάντα
2768 3348 2831 3399 ἑκ
2869 3345 2976 3398 τῶν
3021 3346 3291 3399 τοσούτων
3354 3347 3668 3418 μαρτυριῶν
3697 3348 3804 3400 ἀπ-

2223 3437 2439 3508 εδείχθη
2469 3455 2526 3490 τε
2581 3439 2678 3492 καὶ
2713 3437 3186 3510 ἀποδειχθήσεται.
3206 3437 3320 3491 Νῦν
3349 3439 3406 3491 δὲ
3437 3439 3524 3492 διὰ
3549 3441 3675 3503 τοὺς
3705 3441 3800 3493 ἀν-

2223 3529 2465 3593 τιθέτους
2513 3530 2606 3584 καὶ
2639 3529 2866 3602 ἐχθροὺς
2909 3529 3002 3583 τοῦ
3051 3531 3210 3598 ἁγίου
3261 3529 3578 3602 Πνεύματος
3609 3532 3678 3584 τὰ
3714 3533 3802 3583 εὐ-

2225 3621 2358 3692 σεϐῆ
2383 3621 2477 3675 τοῦ
2507 3622 2668 3693 ὀρθοῦ
2695 3621 2956 3692 λογισμοῦ
2989 3623 3086 3676 καὶ
3114 3623 3182 3676 τὰ
3221 3622 3327 3676 ἀπὸ
3359 3622 3674 3694 μαρτυριῶν
3703 3626 3804 3692 τῆς

2223 3716 2392 3786 αὐτῆς
2415 3714 2565 3779 θείας
2588 3717 2808 3786 Γραφῆς
2837 3714 3226 3786 διηγησάμενοι
3258 3715 3664 3788 περισσοτέρως
3693 3715 3805 3770 τῶν

2223 3808 2488 3878 πρότερον
2525 3805 2952 3879 παραιρησόμεθα
3007 3808 3336 3879 μαρτυρίαις
3381 3808 3690 3872 ἀκολούθως
3733 3812 3802 3878 τῇ

2225 3897 2352 3970 περὶ
2385 3898 2540 3966 ἁγίου
2589 3897 2905 3967 Πνεύματος
2951 3895 3175 3968 ἀληθινῇ
3239 3896 3506 3967 εὐσεϐείᾳ.
3551 3897 3636 3959 Ὠς
3691 3895 3803 3966 ἔχει

2223 3989 2333 4062 γὰρ
2359 3991 2379 4022 ³
2413 3992 2508 4044 καὶ
2535 3989 2650 4042 ἔστι
2683 3989 2908 4062 Πνεῦμα
2953 3989 3106 4056 ἆγιον
3153 3990 3360 4044 ἐνοικὺν
3383 3989 3423 4054 ⁸,
3453 3989 3558 4041 ὐπὸ
3585 3991 3802 4043 πάντων

2224 4083 2718 4156 προσκυνούμενον,
2753 4057 2918 4135 πᾶδιν
2953 4081 3282 4153 ὲπιπόθητον
3313 4085 3422 4147 τοῖς
3451 4083 3713 4154 κτίσμασι
3745 4101 3802 4136 τε

2185 4227 2188 4230 ,
2225 4178 2320 4231 καὶ
2345 4177 2643 4247 ποιήμασιν
2663 4217 2678 4242 ,
2707 4175 2884 4228 οὐδενὶ¹
2909 4175 3253 4246 ἐξισούμενον
3271 4217 3287 4238 ,
3311 4175 3410 4228 οὐκ
3437 4175 3654 4244 ἀγγέλῳ
3672 4215 3686 4236 ,
3740 4176 3804 4228 οὐ

2225 4269 2495 4338 πνεύματι
2521 4267 2712 4338 ἑτέρῳ,
2741 4265 2855 4320 ἀλλ’
2891 4269 3092 4321 ἑνικόν.
3129 4266 3346 4338 Ἐπειδὴ
3369 4268 3478 4338 γὰρ
3509 4268 3603 4320 καὶ
3633 4267 3804 4320 πολλὰ

2226 4361 2514 4434 πνεύματά
2553 4363 2693 4424 ἑστι,
2721 4361 2876 4428 τοῦτο
2903 4361 2960 4414 δὲ
3001 4360 3276 4414 ἀνώτατον
3309 4361 3526 4414 πάντων
3555 4361 3804 4430 πνευμά·

2227 4470 2334 4507 των
2353 4493 2369 4518 ,
2401 4452 2564 4517 dig-6v
2605 4453 2691 4506 ἀεὶ
2725 4455 2788 4506 ἑκ
2821 4453 3052 4523 Πατρὸς,
3101 4453 3195 4506 καὶ
3227 4452 3300 4522 μὴ
3330 4451 3437 4504 ἀπὸ
3483 4452 3590 4504 τῶν
3625 4451 3802 4505 ἄλλων

2228 4545 2338 4598 τῶν
2369 4543 2429 4611 ἐξ
2458 4542 2558 4596 οὐκ
2603 4544 2772 4598 ὄντων
2799 4545 3096 4612 γενόμενον
3119 4543 3139 4573 ⁵
3189 4543 3248 4594 δν
3277 4559 3288 4570 ·
3326 4541 3494 4594 πολλὰ
3523 4542 3645 4614 γάρ
3685 4544 3804 4595 ἐστι

2231 4635 2538 4706 πνεύματα,
2573 4634 2631 4687 ἓν
2655 4633 2713 4686 δὲ
2737 4633 2796 4686 τὸ
2825 4633 2980 4702 ἅγιον
3011 4633 3237 4704 Πνεῦμα
3269 4673 3284 4696 ,
3317 4633 3506 4702 ῶσπερ
3543 4627 3625 4700 εἷς
3673 4633 3806 4698 Θεὸς

2231 4727 2326 4780 καὶ
2359 4720 2440 4788 εἷς
2469 4723 2763 4795 μονογενὴς
2791 4723 2916 4786 Υἱὸς
2949 4723 3046 4776 τοῦ
3077 4723 3212 4776 Θεοῦ
3233 4742 3244 4753 ·
3281 4722 3426 4776 οὕτω
3453 4724 3546 4777 καὶ
3579 4724 3806 4794 Πνεῦμα

2233 4817 2384 4884 ἆγιον
2409 4814 2566 4877 Θεοῦ,
2605 4813 2715 4868 ἀπὸ
2741 4814 2798 4866 δὲ
2825 4813 2959 4867 Θεοῦ
2989 4815 3080 4867 καὶ
3111 4816 3168 4866 ἑν
3196 4813 3333 4884 Θεῷ.
3375 4814 3532 4868 Ἀλλὰ
3559 4815 3624 4867 τὸ
3659 4815 3754 4884 μὲν
3785 4815 3805 4844 ⁶

2233 4907 2526 4978 μονογενὴς
2555 4907 2683 4970 Υἱὸς
2719 4907 3100 4977 ὰκατὰληπτος
3128 4945 3142 4968 ,
3166 4907 3228 4959 τὸ
3257 4907 3313 4959 δὲ
3353 4905 3578 4977 Πνεῦμα
3607 4908 3806 4960 ἀκατά-

2229 4999 2462 5070 ληπτον,
2493 5001 2556 5052 ἐκ
2584 4999 2718 5052 Θεοῦ
2745 4999 2802 5052 δὲ
2821 5039 2836 5064 ,
2887 5000 2980 5052 καὶ
3007 4999 3108 5051 οὐκ
3141 5000 3420 5070 ἀλλότριον
3473 5001 3686 5070 Πατρος
3711 5001 3806 5054 καὶ

2232 5089 2382 5144 Υίοῦ.
2429 5090 2502 5142 Οὐ
2548 5089 2838 5160 συναλοιφῇ
2881 5088 2938 5141 δέ
2977 5089 3093 5140 ἐστι
3123 5089 3298 5159 Πατρὶ
3333 5087 3429 5140 καὶ
3473 5087 3588 5156 Υίῷ
3614 5103 3628 5116 ·
3670 5085 3806 5138 ἀλλὰ

2231 5183 2400 5254 Τριὰς
2433 5182 2519 5235 ἀεὶ
2544 5178 2678 5236 οὖσα
2702 5181 2801 5253 τῆς
2827 5181 2994 5252 αὐτῆς
3018 5179 3206 5242 οὐσίας
3225 5221 3239 5242 ,
3265 5181 3364 5250 οὐχ
3400 5179 3594 5249 ἑτέρας
3617 5179 3808 5240 οὐσίας

2231 5270 2383 5342 παρὰ
2419 5271 2516 5342 τὴν
2545 5270 2792 5341 θεότητα,
2829 5271 2929 5340 οὐχ
2961 5270 3122 5340 ἑτέρα
3165 5267 3353 5340 θεότης
3397 5269 3544 5338 παρὰ
3571 5269 3669 5337 τὴν
3715 5267 3806 5320 οὐ·

2233 5363 2371 5424 σίαν,
2407 5361 2539 5414 ἀλλὰ
2589 5361 2914 5432 αὐτοθεότης
2962 5361 3054 5414 καὶ
3101 5363 3163 5414 ἐκ
3209 5361 3306 5430 τῆς
3355 5359 3526 5428 αὐτῆς
3552 5357 3808 5428 θεότητος

2233 5455 2360 5518 Υἱὸς
2380 5456 2475 5508 καὶ
2500 5455 2562 5506 τὸ
2585 5453 2739 5522 ἅγιον
2768 5454 3010 5524 Πνεῦμα.
3036 5455 3145 5506 Καὶ
3175 5455 3236 5506 τὸ
3265 5453 3362 5523 μὲν
3394 5453 3617 5522 Πνεῦμα
3643 5450 3808 5502 Πνεῦ-

2235 5565 2310 5617 μα
2338 5548 2492 5616 ἆγιον
2515 5588 2530 5613 ,
2581 5551 2610 5601 ὁ
2640 5549 2698 5602 δὲ
2732 5547 2858 5611 Υίὸς
2883 5547 3030 5610 Υἱός.
3073 5547 3146 5600 Τὸ
3171 5547 3229 5598 δὲ
3265 5545 3490 5616 Πνεῦμα
3525 5543 3811 5616 παρὰσΠα-

2231 5641 2359 5710 τρὸς
2411 5643 2840 5714 ἐκπορευόμενον
2909 5643 3003 5696 καὶ
3033 5641 3126 5695 τοῦ
3161 5639 3290 5694 Υἱοῦ
3321 5639 3594 5710 λαμϐάνον
3617 5654 3630 5667 ·
3659 5639 3809 5707 ὲρευ·

3695 5747 3805 5811 OF.

2231 5756 2250 5786 "‘
2287 5755 2348 5810 F.
2385 5757 2582 5822 ἑνικόν,
2623 5759 2707 5813 vel
2767 5757 3030 5812 ἐνοικοῦν.
3107 5757 3126 5788 ³
3167 5753 3228 5809 F.
3263 5753 3590 5824 γενομένων.
