4134 6386
519 299 618 355 499

1908 301 1963 357 S.
2005 298 2345 354 El‘ll‘llANll

3665 291 3770 348 500

513 415 777 470 tholicum
808 416 938 470 Illud
967 417 1033 471 de
1079 416 1282 487 Spiritu
1337 428 1527 474 sancto
1565 420 1760 491 dogma
1813 420 1932 475 sine
1965 421 2090 475 ullis

2198 418 2725 490 παρελεύσωμαιτὴν
2749 419 3037 490 ὑφήγησιν.
3068 416 3240 479 Εὐθὺς
3269 415 3367 485 μὲν
3391 413 3497 485 γὰρ
3525 416 3552 466 ὁ
3580 415 3772 484 Πατήρ

513 508 894 563 conﬁrmatum
921 511 1346 567 auctoritatibus
1379 515 1481 566 hoc
1519 514 1638 567 loco
1679 525 2086 584 prmtet'eamus.

515 602 572 656 In
615 603 807 672 primis
845 603 989 657 enim
1025 601 1186 658 Pater
1218 605 1332 674 ipse
1369 605 1436 660 de
1463 606 1694 660 adventu
1728 606 1849 661 Filii
1900 611 1979 662 sic
2012 609 2090 662 lo-

513 694 703 762 quitur
730 711 743 746 :
778 691 1014 758 Portam,
1053 694 1264 768 inquit,
1301 695 1561 766 Spiritum
1594 715 1764 752 meum
1796 701 1847 752 in
1877 701 2016 768 ipso,
2041 709 2090 754 et

513 785 771 848 iudicium
811 785 1050 854 gentibus
1091 789 1356 845 nuntiabit
1390 791 1428 844 ¹.
1456 789 1670 861 Quibus
1707 793 1887 846 verbis
1917 791 2092 862 Spiri-

513 881 627 930 tu‘m
665 891 822 931 suum
859 887 1108 932 sanctum
1152 879 1402 936 ﬁdelibus
1447 882 1701 942 omnibus
1741 884 1805 938 ad
1840 884 2092 939 obtinen-

511 969 636 1020 dam
662 969 890 1023 salutem
930 985 1118 1025 verum
1173 987 1236 1026 ac
1258 988 1579 1043 germanum
1613 973 1780 1029 Deum
1816 989 1940 1031 esse
1961 992 2092 1046 prae-

510 1059 681 1114 dicat.
723 1060 950 1116 Accedit
978 1062 1044 1116 ad
1075 1063 1177 1118 hoc
1208 1066 1582 1120 testimonium
1615 1065 1890 1137 Unigeniti
1919 1068 2092 1138 ipsius

511 1153 814 1210 auctoritas
849 1173 862 1208 :
889 1153 1142 1223 Spiritus.
1172 1157 1372 1227 inquit,
1404 1157 1618 1213 Domini
1649 1176 1807 1228 super
1841 1176 1940 1225 me,
1962 1176 2088 1228 pro-

507 1251 623 1309 pter
653 1240 791 1310 quod
827 1245 977 1296 unxit
1026 1261 1106 1299 me
1141 1248 1196 1310 ²;
1229 1261 1340 1316 quo
1399 1247 1548 1303 illius
1604 1250 1982 1305 incarnatione
2036 1259 2090 1305 et

508 1334 718 1403 Spiritu
787 1347 978 1391 sancto
1037 1338 1312 1402 stabilita,
1376 1347 1429 1395 et
1493 1339 1746 1396 ﬁdelibus
1804 1346 2086 1405 nuntiata,

508 1426 796 1493 ipsiusmet
826 1427 1035 1483 Christi
1082 1430 1466 1486 testilicatione
1507 1444 1656 1489 certo
1687 1433 1820 1488 illud
1868 1448 2088 1489 assera-

2195 531 2327 583 φησι
2359 513 2490 582 περὶ
2517 514 2614 583 τῆς
2645 512 2740 566 τοῦ
2778 513 2905 565 Υίοῦ
2950 510 3272 581 παρουσίας,
3295 509 3376 560 ὅτι
3407 504 3672 574 Θήσομαι
3703 503 3770 556 τὸ

2195 605 2437 675 Πνεῦμά
2464 624 2584 674 μου
2617 605 2708 658 ἐπ’
2747 605 2952 670 αὐτὸν,
2990 603 3086 656 καὶ
3117 602 3319 670 κρίσιν
3349 599 3476 666 τοῖς
3524 600 3768 654 ἔθνεσιν

2191 699 2535 768 ἀπαγγελεῖ,
2567 699 2653 752 ἶνα
2678 701 2896 770 γνήσιον
2943 694 3153 768 κηρύξῃ
3178 694 3309 747 Θεὸν
3337 693 3396 747 τὸ
3423 694 3577 760 ἅγιον
3606 691 3768 744 αὑτοῦ

2193 787 2416 858 Πνεῦμα
2440 789 2574 841 πᾶσι
2609 791 2819 852 πιστοῖς
2843 788 2922 851 είς
2969 786 3262 857 σωτηρίαν.
3301 785 3364 837 El
3391 784 3448 838 δὲ
3478 785 3507 836 ὁ
3533 784 3771 850 Μονογεν⁴

2193 879 2288 949 νὴς
2326 883 2390 951 τῇ
2436 881 2574 951 αὐτῇ
2625 880 2903 952 μαρτυρίᾳ
2942 877 3198 951 προσθεὶς
3241 876 3475 945 φάσκει·
3531 871 3772 940 Πνεῦμα

2191 973 2415 1040 Κυρίου
2465 973 2558 1026 ἐπ’
2590 973 2713 1043 ἐμὲ,
2748 969 2818 1028 οὗ
2861 972 3072 1026 ἕνεκεν
3103 970 3311 1040 ἕχρισέ
3342 985 3418 1038 με
3439 985 3453 998 ο
3485 967 3572 1020 ἵνα
3615 967 3647 1036 ἡ
3687 964 3770 1017 ἔν-

2194 1083 2395 1136 σαρκος
2425 1064 2589 1119 αὐτοῦ
2636 1066 2924 1136 παρουσία,
2960 1065 3054 1119 καὶ
3083 1064 3161 1134 τῷ
3193 1063 3471 1133 Πνεύματι
3516 1059 3594 1130 τῷ
3632 1058 3769 1129 ἁγίῳ

2191 1157 2589 1229 ἠσφαλισμένη,
2629 1159 2724 1212 καὶ
2756 1159 2969 1220 πιστοῖς
2997 1153 3397 1227 κηρυττομένη,
3431 1151 3618 1220 σαφῶς
3641 1151 3768 1219 ὁμοο

2191 1249 2395 1321 λογηθῇ
2424 1250 2534 1304 ἀπὸ
2563 1250 2660 1320 τῆς
2688 1248 2782 1303 τοῦ
2817 1247 3052 1321 Χριστοῦ
3084 1246 3409 1318 μαρτυρίας,
3433 1243 3515 1296 ὅτι
3542 1241 3642 1295 οὑκ
3671 1239 3766 1293 ἀλ-

2191 1342 2398 1412 λότριον
2428 1342 2488 1395 τὸ
2521 1341 2745 1411 Πνεῦμά
2782 1343 2897 1395 ἐστι
2921 1339 3016 1394 τοῦ
3056 1337 3210 1393 Θεοῦ.
3243 1337 3413 1390 Πάλιν
3433 1335 3490 1388 δὲ
3510 1337 3539 1388 ὁ
3567 1332 3770 1404 Κύριος

2192 1435 2321 1505 περὶ
2361 1433 2457 1488 τοῦ
2492 1435 2828 1504 Πνεύματος,
2871 1434 2952 1487 ὅτι
2991 1433 3062 1487 Τὸ
3115 1430 3358 1500 Πνεῦμα
3400 1428 3509 1482 τοῦ
3542 1428 3770 1494 Πατρός

506 1532 631 1573 mus
687 1519 927 1574 alienum
978 1536 1006 1574 a
1068 1521 1179 1577 Deo
1253 1539 1600 1594 nequaquam
1643 1541 1767 1581 esse
1822 1525 2087 1597 Spiritum

2194 1545 2304 1596 μου
2333 1527 2464 1580 ἐστὶ
2497 1526 2564 1579 τὸ
2609 1526 2846 1581 λαλοῦν
2883 1525 2955 1580 ἐν
2986 1524 3147 1596 ὑμῖν.
3185 1522 3297 1577 Καὶ
3344 1522 3527 1584 πάλιν,
3559 1519 3636 1581 ὡς
3670 1518 3770 1571 οὑκ

507 1616 782 1664 sanctum.
821 1607 1059 1666 Rursum
1105 1612 1173 1666 de
1213 1612 1420 1682 Spiritu
1466 1613 1772 1672 Dominus:
1822 1617 2084 1684 Spiritus,

2194 1619 2472 1690 ἀλλοτρίου
2505 1618 2598 1672 τοῦ
2632 1618 2948 1689 Πνεύματος
2993 1617 3347 1687 τυγχάνοντος
3388 1615 3486 1685 τῆς
3515 1611 3609 1666 τοῦ
3635 1610 3770 1664 Θεοῦ

508 1700 706 1770 inquit,
738 1699 920 1756 Patris
966 1704 1066 1756 mei
1089 1714 1190 1768 est,
1217 1706 1308 1775 qui
1343 1705 1575 1776 loquitur
1604 1709 1659 1764 in
1694 1709 1840 1764 vobis
1873 1709 1916 1763 ³.
1941 1707 2089 1764 Prae-

2194 1714 2464 1786 θεότητος,
2487 1711 2820 1783 ἐνεφύσησεν
2851 1713 2932 1776 είς
2950 1711 3012 1765 τὸ
3037 1711 3330 1781 πρόσωπον
3355 1707 3464 1762 τῶν
3490 1704 3769 1777 μαθητῶν,

505 1800 657 1848 terea
703 1799 763 1846 ut
803 1794 872 1848 ab
906 1794 1024 1863 ipsa
1069 1794 1360 1852 divinitate
1392 1775 1502 1854 non
1533 1800 1933 1854 excludendum
1967 1815 2089 1856 esse

2194 1807 2285 1862 καὶ
2526 1775 2746 1858 Λάϐετε
2795 1802 3038 1873 Πνεῦμα
3070 1775 3263 1872 ἀγιον.
3307 1799 3418 1852 Καὶ
3458 1775 3639 1858 πάλιν,
3685 1797 3771 1848 ἵνα

507 1883 774 1952 Spiritum
810 1885 1142 1950 ostenderet,
1180 1886 1356 1942 vultui
1385 1889 1757 1961 apostolorum
1786 1889 2007 1956 aﬂlavit,
2035 1900 2089 1946 et

2194 1896 2335 1969 δείξῃ
2357 1896 2453 1967 τὴν
2485 1894 2678 1951 ἑαυτοῦ
2717 1894 2936 1966 ἰσότητα
2967 1893 3062 1948 xal.
3120 1891 3512 1964 ὁμοουσιότητα
3544 1887 3680 1960 πρὸς
3712 1886 3772 1939 τὸ

503 1977 644 2030 dixit
701 1996 714 2031 :
783 1976 1018 2045 Accipite
1060 1977 1318 2046 Spiritum
1366 1991 1610 2036 sanctum
1632 1982 1673 2036 ⁵.
1750 1981 1971 2047 Λάιιωο,
2031 1990 2092 2037 ut

504 2070 767 2138 animalem
803 2085 866 2126 ac
894 2073 1420 2132 consubstantialem
1481 2089 1583 2130 suo
1612 2073 1901 2146 Patrisque
1927 2074 2092 2147 Spiri-

505 2163 584 2216 tui
617 2173 808 2218 sancto
830 2179 887 2220 se
907 2179 1032 2220 esse
1053 2175 1404 2230 monstraret,
1437 2167 1495 2222 Si
1515 2167 1739 2238 diligitis
1765 2185 1864 2232 me,
1891 2170 2088 2238 inquit,

505 2257 760 2314 mandata
791 2274 906 2312 mea
932 2271 1133 2316 servate
1150 2276 1166 2312 :
1191 2270 1240 2314 et
1263 2276 1356 2330 ego
1379 2261 1574 2331 rogabo
1592 2259 1829 2328 Patrem,
1855 2271 1903 2316 et
1924 2261 2091 2317 alium

506 2347 850 2404 Paracletum
901 2351 1051 2409 dabit
1107 2352 1250 2407 vobis
1273 2353 1314 2406 '.
1356 2351 1526 2418 Quasi
1581 2362 1635 2408 et
1681 2351 1944 2408 Dominus
1976 2353 2092 2425 ipse

503 2439 828 2499 Paracletus
853 2443 945 2508 sit,
977 2453 1032 2498 et
1063 2444 1304 2515 Spiritus
1336 2453 1563 2500 sanctus
1595 2445 1788 2500 eodem
1826 2444 1988 2499 modo
2018 2447 2090 2500 sit

505 2533 849 2594 Paracletus.
875 2534 1120 2606 Apostoli
1155 2550 1306 2600 vero,
1342 2545 1402 2590 ut
1434 2534 1787 2592 ostenderent
1827 2534 2089 2605 Spiritum

505 2637 760 2684 sanctum
825 2643 937 2682 non
977 2644 1102 2684 esse
1139 2643 1388 2695 servum,
1418 2627 1512 2684 sed
1555 2628 1749 2687 eadem
1799 2628 2090 2685 divinitate

505 2718 825 2799 praeditum,
893 2720 1038 2775 illius
1099 2720 1483 2775 auctoritatem
1526 2735 1590 2776 ac
1658 2722 1957 2790 potentiam
2002 2721 2089 2776 his

504 2811 688 2867 verbis
733 2810 1043 2881 signiﬁcant
1087 2828 1102 2864 :
1139 2809 1208 2864 Et
1253 2811 1390 2868 dixit
1427 2809 1656 2879 Spiritus
1696 2821 1956 2865 sanctus:
1990 2809 2086 2866 Se-

502 2912 715 2973 gregate
743 2903 870 2956 mihi
901 2901 1208 2958 Barnabam
1246 2912 1297 2957 et
1341 2901 1567 2958 Saulum
1612 2904 1666 2957 iu
1696 2918 1824 2971 opus
1855 2903 1924 2958 ad
1947 2904 2087 2973 quod

504 3011 591 3054 eos
647 2995 824 3055 vocavi
858 2995 900 3058 ⁸.
949 3002 1055 3050 etc.
1110 2993 1250 3049 Tum
1300 2996 1599 3066 Apostolus
1647 2997 1839 3051 eadem
1885 2995 2090 3052 diserte

503 3089 768 3150 declarat.
823 3087 1079 3144 Dominus
1129 3105 1270 3152 vero,
1324 3089 1524 3158 inquit,
1578 3088 1810 3159 Spiritus
1848 3099 1947 3144 est.
1989 3087 2089 3143 Ubi
2114 3124 2160 3184 ο

503 3193 680 3240 autem
735 3181 970 3252 Spiritus
1013 3181 1227 3237 Domini
1259 3192 1372 3246 est,
1423 3183 1533 3237 illic
1569 3182 1789 3238 libertas
1821 3185 1863 3238 ".
1909 3180 2041 3238 Item
2073 3203 2083 3237 :

517 3274 618 3329 Vos
652 3273 900 3343 templum
941 3273 1041 3338 Dei
1069 3275 1194 3329 estis
1216 3315 1230 3338 ,
1275 3284 1326 3328 et
1361 3273 1594 3344 Spiritus
1630 3274 1841 3330 Domini
1885 3275 2091 3330 habitat

507 3367 562 3418 in
593 3365 736 3422 vobis
770 3363 812 3418 ⁸.
852 3363 972 3419 Jam
1017 3380 1149 3420 vero
1189 3380 1314 3420 cum
1369 3367 1630 3436 templum
1674 3364 1767 3420 Dei
1817 3366 1888 3421 ob
1940 3366 2090 3421 illam

508 3460 684 3514 sancti
729 3451 974 3535 Spiritus
1003 3458 1396 3514 habitationem
1430 3475 1710 3524 vocemur,
1756 3462 1881 3530 quis
1913 3459 2093 3530 Spiri-

504 3559 623 3605 tum
661 3549 952 3627 repudiare
1006 3549 1207 3611 audeat
1239 3558 1294 3610 et
1323 3566 1352 3603 a
1373 3547 1466 3605 Dei
1497 3550 1802 3608 substantia
1833 3551 2091 3620 rejicere;

509 3657 634 3695 cum
665 3641 872 3702 diserte
917 3642 1020 3697 hoc
1059 3641 1356 3710 Apostolus
1405 3650 1650 3705 asserat,
1693 3643 1955 3713 templum
1989 3658 2092 3698 nos

507 3748 631 3788 esse
666 3731 800 3798 Dei,
853 3741 1078 3804 propter
1106 3733 1268 3810 903
1314 3731 1580 3804 Spiritum
1617 3734 1769 3788 illum
1815 3743 2092 3799 sanctum,

511 3823 604 3892 qui
650 3824 705 3882 in
753 3823 935 3894 dignis
979 3824 1280 3880 habitat”?
1321 3821 1590 3880 Praeterea
1647 3839 1887 3896 quonam
1931 3834 2094 3896 pacto

511 3918 722 3974 alienus
769 3933 800 3972 a
836 3915 948 3973 Deo
997 3928 1176 3990 potest
1237 3933 1360 3974 esse
1415 3916 1656 3988 Spiritus
1708 3917 1820 3982 ille,
1865 3919 1957 3990 qui
1999 3918 2093 3974 Dei

509 4009 784 4087 profunda
811 4018 1095 4071 scrutatur
1129 4010 1212 4066 "2
1237 4010 1347 4065 Nec
1379 4017 1464 4066 est
1492 4009 1636 4081 quod
1667 4009 1802 4065 illud
1837 4011 2090 4080 obiicias,

505 4106 746 4160 scrutari
787 4106 878 4162 illa
911 4105 1162 4177 quidem,
1207 4105 1438 4160 necdum
1480 4111 1664 4160 tamen
1725 4119 2090 4176 cognoscere,

509 4208 571 4255 ut
616 4199 866 4253 nonnulli
899 4199 1298 4254 contumeliose
1340 4199 1523 4269 jacere
1555 4214 1680 4252 cum
1718 4215 1816 4253 sua
1852 4200 2097 4268 pernicie

511 4291 630 4344 ausi
668 4299 817 4345 sunt.
845 4289 992 4348 Nihil
1023 4290 1168 4347 enim
1195 4297 1362 4356 vetat,
1396 4291 1528 4361 quin
1563 4291 1705 4346 idem
1734 4290 1801 4346 de
1825 4289 1986 4346 Patre
2011 4291 2094 4345 di-

507 4391 659 4445 cant,
691 4383 759 4438 de
787 4397 898 4453 quo
939 4382 1205 4452 scriptum
1243 4389 1366 4447 est,
1410 4383 1650 4437 scrutari
1698 4383 1852 4436 illum
1883 4383 2092 4438 ventris

2191 1986 2413 2058 Πνεῦμα
2459 1985 2624 2042 αὐτοῦ
2653 2004 2714 2040 τε
2759 1983 2974 2040 καὶτοῦ
3014 1983 3226 2056 Πατρὺς
3279 1981 3445 2037 αὑτοῦ
3487 1979 3548 2034 τὸ
3593 1979 3768 2047 ἅγιον,

2191 2077 2388 2148 φησίνο
2438 2077 2573 2132 Ἐὰν
2608 2075 2879 2148 ἀγαπᾶτέ
2923 2092 3022 2146 με,
3062 2075 3170 2142 τὰς
3199 2071 3456 2138 ἐντολάς
3499 2089 3618 2141 μου
3665 2087 3768 2131 τη-

2182 2167 2425 2236 ρήσετε.
2481 2167 2629 2237 Ἐγὼ
2681 2165 2960 2236 ἐρωτήσω
3008 2165 3116 2219 τὸν
3147 2166 3407 2231 Πατέρα,
3443 2161 3542 2215 καί
3577 2159 3773 2213 ἀλλον

2190 2259 2588 2329 Raptim/tneor
2631 2259 2811 2314 δώσει
2859 2257 3033 2328 ὑμῒνο
3084 2256 3161 2320 ώς
3211 2253 3375 2309 αὑτοῦ
3426 2251 3523 2306 τοῦ
3562 2251 3770 2322 Κυρίου

2191 2355 2548 2426 Παρακλήτου
2603 2353 2786 2418 ὄντος,
2834 2352 2927 2406 καὶ
2965 2349 3059 2405 τοῦ
3109 2347 3424 2419 Πνεύματος
3471 2345 3565 2399 τοῦ
3614 2344 3770 2413 ἀγίου

2193 2448 2660 2520 συμπαρακλήτου
2702 2447 2852 2510 ὄντος
2889 2443 3108 2516 ὁμοίως.
3137 2444 3200 2496 Ol
3229 2441 3286 2495 δὲ
3337 2439 3642 2498 ἀπόστολοι.
3666 2438 3774 2492 δει-

2193 2545 2466 2608 κνύοντες,
2502 2544 2584 2597 ὅτι
2623 2542 2686 2595 οὐ
2715 2539 2900 2594 δοῦλον
2938 2539 3196 2609 τυγχάνει
3233 2535 3296 2589 τὸ
3340 2532 3586 2604 Πνεῦμα,
3636 2529 3772 2586 ἀλλά

2189 2635 2287 2706 τῆς
2317 2634 2487 2704 αὐτῆς
2511 2633 2784 2704 θεότητος,
2810 2631 2909 2702 τὴν
2929 2627 3095 2683 αὐτοῦ
3117 2626 3402 2683 αὐθεντίαν
3435 2622 3774 2679 ὑποδεικνύν-

2193 2743 2285 2790 τες
2313 2725 2479 2796 φασί·
2516 2724 2626 2779 Καὶ
2671 2719 2802 2778 εἷπε
2833 2721 2901 2776 τὸ
2935 2718 3177 2790 Πνεῦμα
3211 2717 3278 2771 τὸ
3315 2716 3510 2785 ἅγιον·
3553 2710 3774 2782 'Ascopl-

2191 2819 2339 2872 σατέ
2373 2833 2470 2885 μοι
2520 2813 2834 2883 Βαρνάϐαν
2880 2811 2978 2866 καὶ
3023 2810 3265 2866 Σαῦλον
3302 2808 3390 2873 εις
3419 2804 3486 2859 τὸ
3519 2803 3696 2872 ἔργον
3742 2800 3773 2854 ὃ

2193 2913 2646 2980 προσκέκλημαι
2670 2907 2912 2974 αὐτοὺς,
2952 2907 3049 2960 καὶ
3076 2905 3144 2958 τά
3183 2902 3332 2973 ἑξῆς.
3376 2902 3438 2954 '0
3458 2899 3526 2953 δὲ
3558 2897 3775 2966 Κύριός

2191 3004 2324 3058 ἐστι
2359 3002 2429 3057 τὸ
2467 3001 2727 3071 Πνεῦμα.
2754 2996 2838 3056 Οὖ
2867 2999 2934 3055 δὲ
2973 2999 3044 3052 τὸ
3092 2996 3334 3066 Πνεῦμα
3377 2993 3621 3062 Κυρίου,
3648 2988 3774 3044 ἐκεῖ

2191 3097 2502 3166 ἐλευθερία
2524 3113 2536 3127 ·
2595 3095 2709 3159 καὶ,
2757 3092 2956 3163 Ὑμεῖς
2981 3090 3130 3156 ναὸς
3168 3087 3319 3145 Θεοῦ
3367 3088 3531 3147 ἐστε,
3578 3083 3678 3138 καὶ
3705 3082 3773 3137 τὸ

2193 3188 2438 3258 Πνεῦμα
2469 3188 2693 3255 Κυρίου
2717 3183 2958 3240 οικεῖὲν
2981 3182 3144 3254 ὑμῖν.
3178 3183 3243 3236 El
3283 3180 3458 3234 τοίνυν
3487 3177 3614 3240 ναὸς
3637 3174 3772 3230 Θεοῦ

2194 3281 2505 3353 καλούμεθα
2528 3280 2617 3334 διὰ
2650 3279 2864 3350 οῐκησιν
2901 3277 3060 3346 ἁγίου
3095 3275 3434 3345 Πνεῦματος,
3459 3271 3544 3335 τίς
3569 3269 3772 3340 τολμή-

2195 3392 2309 3430 σειε
2344 3371 2786 3446 παραιτήσασθαι
2817 3370 2877 3424 τὸ
2912 3368 3157 3440 Πνεῦμα,
3191 3366 3286 3420 καὶ
3332 3360 3773 3435 ἀπαλλοτριῶσαι

2192 3471 2291 3540 τῆς
2319 3466 2416 3522 τοῦ
2444 3463 2579 3519 Θεοῦ
2619 3463 2828 3528 οὐσίας,
2873 3460 3060 3533 σαφῶς
3097 3459 3192 3514 τοῦ
3227 3455 3550 3512 Ἀποστόλου
3591 3454 3775 3523 λέγον-

2193 3576 2285 3622 τος
2330 3560 2477 3629 ἡμᾶς
2543 3557 2705 3619 ναοὺς
2755 3551 2894 3608 Θεοῦ
2967 3549 3246 3620 γίνεσθαι,
3294 3548 3380 3602 διὰ
3425 3547 3487 3599 τὸ
3531 3543 3780 3598 ἐνοικοῦν

2194 3649 2424 3722 Πνεῦμα
2453 3650 2608 3717 ἅγιον
2641 3649 2700 3700 ὲν
2723 3649 2838 3710 τοῖς
2867 3645 3070 3712 ἀξίοις
3103 3643 3229 3707 Πῶς
3248 3642 3305 3695 δὲ
3337 3639 3617 3712 ἀλλότριον
3641 3635 3777 3692 Θεοῦ

2195 3743 2349 3796 ἔσται
2381 3741 2442 3794 τὸ
2485 3739 2711 3810 Πνεῦμα
2746 3738 2810 3791 τὸ
2857 3738 2995 3809 βάθη
3034 3737 3128 3792 τοῦ
3172 3733 3309 3789 Θεοῦ
3342 3730 3618 3805 ὲρῑυνῶν;
3667 3729 3776 3783 Καὶ

2201 3835 2274 3905 μὴ
2303 3832 2429 3902 λέγε
2457 3849 2580 3902 μοι’
2620 3831 2866 3904 Ἐρευνᾷ,
2909 3831 3002 3884 καὶ
3032 3829 3185 3884 οὔπω
3212 3827 3491 3897 γινώσκει,
3531 3825 3610 3888 ῶς
3633 3839 3777 3886 τινες

2194 3926 2438 3998 τολμῶσι
2483 3925 2844 3996 βλασφημεῖν,
2887 3924 2982 3977 καὶ
3025 3921 3251 3984 ἑαυτοὺς
3294 3917 3571 3974 ἀπολύειν.
3624 3914 3777 3968 Ἐπεὶ

2196 4019 2260 4074 ἂν
2291 4019 2385 4074 καὶ
2416 4018 2548 4071 αὐτὸ
2577 4015 2770 4081 λέξωσι
2799 4016 2929 4087 περὶ
2971 4013 3065 4082 τοῦ
3121 4012 3355 4083 Πατρὸς,
3388 4010 3471 4064 ὅτι
3513 4009 3609 4063 καὶ
3650 4005 3778 4079 περὶ

2197 4111 2363 4167 αὑτοῦ
2393 4109 2723 4180 γέγραπται,
2746 4106 2829 4160 ὅτι
2875 4105 3124 4174 Ἐρευνᾷ
3154 4102 3363 4174 ταμεῖα
3386 4101 3638 4166 κοιλίας.
3671 4100 3780 4152 Καὶ

2196 4205 2245 4261 εί
2279 4201 2491 4264 ἀσεϐῶς
2511 4203 2744 4271 νοήσεις,
2771 4197 2858 4252 διὰ
2891 4197 2951 4249 τὸ
3001 4196 3075 4268 μὴ
3105 4194 3409 4250 ἐπικεῖσθαι
3446 4192 3525 4264 τῷ
3554 4192 3779 4264 ὲρευνᾷν

2197 4297 2256 4348 τὸ
2285 4293 2573 4364 γινώσκειν
2611 4291 2705 4345 ἐπὶ
2745 4290 2837 4344 τοῦ
2881 4289 3214 4360 Πνεύματος,
3245 4287 3544 4358 ἀσεϐήσαις
3581 4285 3647 4338 ἂν
3685 4284 3780 4338 καὶ

2198 4390 2325 4460 περὶ
2349 4387 2442 4440 τοῦ
2472 4385 2682 4456 Πατρὺς
2708 4384 2806 4454 τὴν
2829 4383 2998 4455 αὐτὴν
3028 4379 3472 4451 ἀναγκαζόμενος
3504 4377 3780 4450 παρεκφὲ-

509 4491 765 4534 recessus
790 4475 854 4527 ".
886 4473 1068 4542 Quare
1117 4474 1162 4528 si
1207 4482 1491 4544 propterea
1533 4474 1678 4544 quod
1711 4475 1776 4530 ad
1810 4475 2092 4530 scrutandi

2201 4496 2316 4551 ρειν
2348 4479 2624 4534 ὑπόνοιαν.
2656 4475 2793 4529 Οὔτε
2824 4474 2934 4546 γὰρ
2967 4474 3060 4527 ἐπὶ
3091 4473 3302 4544 Πατρδς
3338 4470 3666 4543 ὲρευνῶντος
3686 4487 3782 4524 τα-

511 4569 737 4624 verbum
763 4568 1132 4639 cognoscendi
1164 4567 1310 4622 aliud
1335 4583 1443 4621 non
1464 4575 1549 4623 est
1575 4567 1916 4636 adjunctum,
1947 4569 2095 4639 ejus-

513 4663 658 4722 modi
693 4662 953 4732 quiddam
1004 4661 1170 4731 impie
1195 4661 1264 4716 de
1298 4660 1508 4731 Spiritu
1555 4670 1712 4731 potes
1735 4663 1925 4718 animo
1960 4677 2096 4716 cun-

511 4757 724 4827 cipere,
761 4771 869 4809 non
903 4755 1088 4810 minus
1129 4756 1182 4810 in
1227 4754 1442 4809 Patrem
1479 4755 1678 4826 impius
1722 4755 1800 4810 sis
1843 4763 2090 4825 oportet,

510 4850 580 4905 de
603 4863 712 4920 quo
734 4847 978 4907 eamdem
1011 4848 1224 4918 cogeris
1246 4847 1489 4917 proferre
1519 4847 1865 4903 sententiam.
1882 4847 2094 4918 Quippe

511 4958 636 4998 cum
665 4942 870 4998 ventris
895 4942 1017 4996 illos
1042 4957 1296 4996 recessus
1320 4942 1651 5012 perscrutari
1679 4940 1839 4996 Pater
1863 4941 2087 5002 dicitur,

510 5037 663 5101 nulla
710 5036 767 5090 lit
815 5035 1146 5104 cognitionis
1199 5036 1421 5088 mentio.
1460 5033 1643 5104 Neque
1682 5050 1812 5089 vero
1866 5051 2092 5089 necesse

512 5129 617 5184 fuit
643 5128 789 5184 istud
829 5128 1048 5189 addere,
1084 5142 1208 5180 cum
1243 5126 1336 5179 Dei
1383 5126 1680 5195 anticipata
1715 5126 1807 5180 illa
1851 5126 2092 5196 cognitio

2204 4573 2328 4641 μεῑα
2350 4569 2556 4634 κοιλίας
2581 4569 2899 4638 πρόσκειται
2924 4567 2984 4619 τὸ
3005 4564 3294 4633 γινώσκειν
3312 4577 3325 4592 ·
3352 4562 3475 4616 οὔτε
3493 4562 3602 4632 γάρ
3623 4561 3782 4634 χρεία

2200 4660 2266 4735 ἦν
2301 4663 2496 4724 εἰπεῖν,
2532 4660 2718 4730 σαφῶς
2749 4659 3083 4731 δηλουμένης
3108 4659 3210 4727 τῆς
3247 4655 3342 4710 τοῦ
3367 4653 3503 4708 Θεοῦ
3535 4670 3782 4726 προγνω-

2203 4753 2480 4818 σίας,ἀπὸ
2517 4750 2618 4805 τοῦ
2667 4752 2894 4821 ὲρευνᾷν
2946 4750 3006 4802 τὸ
3055 4747 3256 4801 τέλειον
3301 4746 3400 4815 τῆς
3456 4743 3781 4814 ἀποφάσεως

2202 4846 2448 4916 ἐχούσης.
2498 4842 2654 4896 Οὕτω
2695 4860 2786 4913 μοι
2828 4843 2923 4896 καὶ
2968 4842 3094 4910 περὶ
3123 4838 3439 4909 Πνεύματος
3489 4836 3583 4889 καὶ
3648 4833 3782 4886 Υίοῦ

2202 4941 2294 4992 καὶ
2333 4937 2543 5008 Πατρδς
2579 4935 2675 5005 τὴν
2725 4936 2852 5005 μίαν
2884 4934 3083 5002 γνῶσιν
3118 4933 3210 4986 καὶ
3265 4931 3364 5002 τὴν
3410 4928 3779 5000 προγνωσίαν,

2203 5030 2388 5099 σαφῶς
2417 5029 2646 5099 ἐχούσης
2675 5027 2774 5097 τῆς
2803 5027 2962 5095 ἁγίας
2997 5025 3221 5096 Τριάδος
3254 5023 3350 5094 τὴν
3380 5021 3690 5090 τελειότητά
3723 5037 3782 5072 τε

2201 5125 2293 5178 καὶ
2325 5122 2650 5192 ταυτότητα.

511 5224 799 5295 perapicue
820 5221 1179 5291 signiﬁcetur,
1207 5228 1262 5275 et
1283 5236 1351 5274 ex
1397 5221 1517 5290 ipso
1568 5219 1848 5275 scrutandi
1899 5221 2168 5274 vocabulo
2216 5219 2454 5289 perfecta
2500 5217 2772 5271 sententia
2824 5213 3106 5269 reddatur.
3157 5210 3236 5265 Ad
3295 5210 3544 5266 eumdem
3599 5208 3781 5275 itaque

512 5315 734 5371 modum
772 5314 840 5368 de
873 5313 1079 5382 Spiritu
1121 5321 1175 5366 et
1232 5310 1368 5366 Filio
1431 5320 1485 5366 ct
1532 5310 1694 5367 Patre
1759 5311 2122 5382 pronuntiare
2157 5309 2434 5374 convenit,
2457 5319 2512 5364 et
2561 5323 2723 5361 unam
2749 5308 2816 5362 iis
2873 5305 3240 5375 cognitionem
3279 5317 3342 5356 ac
3381 5299 3780 5370 pnescieutiam

515 5407 761 5466 tribuere
783 5449 797 5471 ,
829 5423 897 5462 eo
957 5406 1102 5475 quod
1147 5413 1497 5461 sacrosancta
1541 5404 1784 5461 Trinitas
1825 5421 1924 5460 sua
1959 5405 2104 5459 haud
2135 5404 2299 5459 dubie
2327 5401 2662 5472 perfectione
2693 5409 2745 5454 et
2773 5399 3056 5453 identitate
3083 5403 3316 5450 constet.

596 5501 731 5556 XIV.
773 5500 877 5557 Sed
904 5501 972 5556 de
1000 5503 1088 5558 his
1117 5502 1372 5556 omnibus
1399 5501 1607 5557 inlinita
1638 5502 1886 5571 quaedam
1909 5501 2092 5572 dispu-

2273 5501 2368 5557 IA'.
2403 5499 2511 5552 Καὶ
2555 5496 2812 5569 ἀμύθητά
2863 5491 2979 5548 ἔστι
3031 5493 3165 5564 περὶ
3209 5490 3416 5542 τούτων
3445 5486 3642 5555 λέγειν,
3691 5482 3784 5536 καὶ

2662 5678 2678 5704 ⁸
2722 5674 2873 5727 .lnau.
2911 5688 3020 5733 xiv,
3071 5670 3251 5732 l5,16.
3333 5669 3351 5698 ⁸
3385 5669 3503 5721 Art.
3557 5683 3684 5730 xui,
3724 5663 3780 5722 3.

1110 5684 1128 5712 ²
1172 5680 1272 5734 Isa.
1304 5698 1422 5745 ut,
1458 5683 1506 5734 l.
1586 5683 1603 5712 ³
1645 5681 1832 5733 Matth.
1872 5699 1922 5741 ιι,
1955 5681 2043 5732 20.

1127 5753 1293 5802 lCor.
1333 5767 1412 5802 ιιι.
1452 5751 1533 5802 16.
1613 5755 1628 5784 ε
1660 5754 1677 5802 l
1714 5752 1834 5802 Cor.
1872 5751 2027 5802 111.9
2070 5767 2092 5802 ξπ

2194 5680 2336 5732 Ioan.
2375 5693 2460 5736 xx,
2491 5680 2577 5728 22.
2662 5680 2678 5704 ⁸
2722 5680 2873 5727 .loau.
2911 5688 3020 5733 xlv,
3071 5680 3251 5732 15,16.

2278 5751 2316 5778 ευ
2351 5749 2366 5802 1
2402 5749 2593 5802 Cornu.
2633 5745 2715 5802 10.
2801 5750 2836 5776 ἰ
2873 5744 3029 5800 Prov.
3067 5759 3151 5802 xx,
3183 5741 3252 5802 2'?

3022 5787 3029 5793 -
3068 5784 3151 5806 n.1,
3186 5784 3267 5802 ἰι

1067 5754 1085 5781 ⁸
1127 5753 1293 5806 lCor.
1333 5767 1412 5816 ιιι,
1452 5751 1533 5805 16.
1613 5755 1628 5784 ε
1660 5754 1677 5808 l
1714 5752 1834 5805 Cor.
1872 5765 1969 5816 xu,
1997 5751 2027 5804 9
2070 5766 2190 5824 ειη.

2125 5679 2144 5709 "
2183 5678 2336 5732 Joan.
2375 5693 2460 5736 xx,
2491 5677 2577 5728 ‘22.

2278 5751 2316 5778 ευ
2351 5749 2366 5802 1
2402 5749 2593 5814 (Ξωκιι,
2633 5745 2715 5802 10.

591 5681 605 5710 ί
645 5677 750 5733 Isa.
785 5698 915 5742 xui,
960 5684 1005 5737 l.

520 5749 615 5814 ιιι
638 5751 760 5814 Cor.
799 5755 990 5822 111,17.
