4134 6386
428 457 524 514 ενι

1162 448 1521 515 .iuvrinsu's
1557 458 1891 514 "massas
1933 459 2025 515 Lm

2128 463 2184 518 II.
2227 464 2388 519 TO.\l.
2433 461 2827 524 l.——fl.-EBES,
2871 460 3111 515 LXXIV.

3552 467 3668 521 5t"!

427 575 536 629 ἀπὸ
566 575 714 638 Θείας
747 577 964 646 Γραφῆς
1010 577 1167 644 ῧγκον
1205 579 1514 649 μαρτυριῶν
1548 578 1753 647 φέρειν,
1785 577 1876 629 καὶ
1917 578 1993 638 εἰς
2024 633 2025 636 η

2128 582 2198 632 ari
2237 591 2482 650 possunt,
2516 583 2881 637 ctiuuumera:
2910 585 3083 638 sacris
3116 598 3144 635 e
3176 580 3391 634 Litteris
3421 581 3660 634 auctori-

429 665 629 730 πλάτος
659 667 1037 737 ὲπιμηκύνειν,
1068 669 1160 721 καὶ
1207 669 1448 738 κάματον
1482 670 1727 738 ἐμποιεῖν
1755 669 1865 729 τοῖς
1909 669 1996 719 ὲν-

2107 679 2245 724 tates
2269 674 2470 733 aﬂerri,
2508 683 2564 726 ut
2601 675 2650 726 in
2679 674 2894 744 longum
2929 675 3196 742 producta
3227 671 3517 725 lectoribus
3544 687 3659 725 mo-

429 754 804 822 τυγχάνουσιν.
848 756 1116 826 Ἀρκετῶς
1150 756 1262 828 γὰρ
1289 759 1346 809 ἐν
1391 758 1542 830 πάσῃ
1572 756 1778 824 αἱρέσει
1831 756 2000 808 πολλά

2128 773 2234 816 esta
2264 764 2335 818 sit
2367 768 2557 818 oratio.
2613 764 2718 819 Sed
2763 781 2860 819 nos
2891 765 2944 817 in
2982 779 3303 833 unaquaque
3331 761 3658 816 confutanda

430 844 694 910 εἰπόντες,
728 845 826 908 τὰς
851 846 1026 908 πάσας
1060 849 1117 898 ὲν
1147 847 1282 900 Θεοῦ
1317 847 1542 917 δυνάμει
1578 848 1738 917 ἡμεῖς
1767 848 1814 898 oi
1844 845 2002 898 ἀσθε-

433 937 542 996 νεῖς
575 935 971 1006 ἀνετρέψαμεν,
1007 938 1098 990 καὶ
1140 937 1500 1008 ἀπεδείξαμεν
1525 937 1810 1009 ἀλλοτρίας
1839 936 2003 998 οὔσας

437 1028 535 1095 τῆς
559 1026 834 1097 ἀληθείας,
859 1030 955 1082 καὶ
972 1029 1210 1100 ἑκάστην
1235 1028 1414 1082 αὐτῶν
1444 1028 1888 1100 βλασφημοῦσαν,
1913 1030 2006 1082 καὶ

437 1117 774 1189 ἀρνουμένην
800 1119 898 1189 τὴν
934 1119 1208 1190 ἀλήθειαν,
1244 1121 1346 1174 κᾶν
1375 1137 1433 1172 τε
1464 1122 1522 1174 ἐν
1565 1120 1776 1190 βραχεῖ,
1813 1120 1914 1173 κάν
1942 1137 2000 1172 τε

437 1209 497 1260 ὲν
530 1209 707 1282 πολλῷ
731 1227 744 1240 ·
774 1211 850 1275 ὡς
882 1213 974 1266 καὶ
1017 1207 1160 1266 οῦτοι
1195 1213 1369 1282 μάτην
1402 1212 1484 1275 είς
1515 1211 1605 1264 τὸν
1644 1210 1842 1282 Κύριον
1877 1211 2006 1281 βλα-

435 1300 776 1372 σφημοῦντες
839 1304 933 1357 καὶ
964 1305 1042 1366 είς
1069 1304 1132 1356 τὸ
1162 1303 1314 1371 ἆγιον
1356 1303 1597 1372 Πνεῦμα,
1627 1303 1720 1356 καὶ
1761 1304 1834 1374 μὴ
1863 1302 2010 1373 ἕχον-

435 1411 523 1456 τες
557 1395 692 1465 μήτε
720 1393 971 1458 ἐνταῦθα,
1009 1395 1143 1466 μήτε
1183 1395 1240 1447 ἐν
1266 1393 1342 1464 τῷ
1384 1393 1628 1464 μέλλοντι
1661 1393 1841 1458 αἰῶνι,
1872 1392 2012 1447 κατά

437 1485 505 1540 τά
558 1487 662 1540 ὑπὸ
723 1488 926 1556 Κυρίου
992 1486 1286 1558 εἰρημένα,
1347 1487 1538 1555 ἀφεσιν
1595 1483 1875 1556 ἁμαρτιῶν
1925 1484 2012 1537 διὰ

437 1576 534 1646 τὴν
561 1578 639 1640 είς
667 1576 726 1629 τὸ
756 1576 910 1644 ἆγιον
946 1575 1167 1647 Πνεῦμα
1196 1575 1560 1646 βλασφημίαν,
1594 1573 2004 1644 καταπατηθέν-

437 1685 527 1731 τες
563 1668 654 1721 ὑπ’
701 1668 870 1740 αὐτῆς
898 1669 996 1739 τῆς
1029 1668 1284 1741 ἀληθείας
1329 1669 1485 1740 δίκην
1529 1667 1795 1739 κεράστου
1838 1666 2010 1720 δεινοῦ

441 1758 830 1829 μονοκέρωτος,
883 1758 976 1812 τοῦ
1016 1757 1108 1812 νοῦ
1152 1758 1253 1829 τῆς
1305 1751 1652 1830 βλασφημίας
1715 1757 2012 1829 δυναμένου

439 1848 558 1901 ὅλον
601 1849 662 1901 τὸ
701 1850 858 1920 σῶμα
901 1850 1180 1922 φθείρεινο
1219 1850 1532 1913 πεισθέντες
1582 1849 1659 1918 τῷ
1713 1848 1808 1902 τοῦ
1856 1848 2011 1914 ξύλου

2105 852 2292 906 Ιιιιιιοεεὶ
2325 855 2458 908 satis
2505 857 2670 908 multa
2703 857 2815 922 jam
2850 855 3111 915 diximus,
3149 863 3202 906 et
3250 865 3441 906 omnes
3475 850 3660 904 divino

2106 945 2355 1012 prmsidio
2391 946 2510 1000 freti
2543 962 2641 1002 nos
2673 947 2798 1001 licet
2827 945 3124 1000 imbecilles
3153 943 3470 1004 evertimus,
3501 950 3671 1011 atque.

2108 1052 2137 1087 a
2165 1036 2390 1090 veritate
2419 1053 2541 1092 esse
2568 1039 2773 1093 alienas
2823 1038 3186 1103 ostendimus;
3228 1049 3438 1091 necnon
3463 1042 3518 1087 et
3551 1033 3665 1087 sin-

2104 1128 2260 1196 gulas
2287 1128 2401 1182 sive
2429 1129 2482 1182 in
2513 1130 2707 1199 exigua
2739 1130 2920 1198 aliqua
2954 1144 3010 1184 re
3031 1169 3046 1195 ,
3078 1128 3192 1183 sive
3220 1127 3273 1180 in
3307 1124 3500 1193 majori
3528 1122 3666 1177 veri-

2108 1218 2202 1270 tati
2239 1217 2630 1273 contumeliose
2663 1218 2947 1272 detrahere
3007 1225 3171 1286 atque
3215 1215 3466 1284 ablegare
3493 1211 3698 1266 fundi?

2108 1314 2216 1361 tus.
2247 1307 2402 1373 Quod
2429 1308 2646 1378 quidem
2678 1316 2733 1362 et
2759 1309 2850 1363 isti
2884 1307 3063 1362 facere
3091 1307 3408 1364 instituunt.
3444 1307 3536 1374 qui
3561 1302 3668 1356 Do-

2108 1399 2314 1454 minum
2365 1414 2429 1454 ac
2489 1399 2750 1470 Spiritum
2797 1408 3045 1455 sanctum
3083 1399 3282 1455 frustra
3325 1395 3700 1451 contumeliis.

2109 1499 2371 1555 onerant,
2418 1506 2595 1560 neque
2637 1500 2732 1545 aut
2759 1492 2845 1547 hic
2879 1500 2973 1545 aut
3017 1489 3072 1544 in
3124 1489 3308 1543 fumro
3343 1487 3573 1549 saeculo,
3612 1496 3674 1538 ut

2112 1578 2324 1635 Domini
2353 1582 2533 1636 verbis
2562 1593 2684 1637 utar
2706 1579 2753 1647 τ,
2782 1590 3129 1652 peccatorum
3167 1580 3552 1636 relaxatiouem
3603 1576 3699 1630 ob»

2113 1682 2267 1722 suam
2316 1668 2461 1722 illam
2516 1670 2570 1724 in
2647 1669 2910 1740 Spiritum
2980 1680 3229 1726 sanctum
3285 1669 3673 1738 blasphemiam

2110 1758 2356 1815 obtinere
2398 1770 2673 1830 possunt:
2712 1764 2804 1833 qui
2855 1763 2924 1817 ab
2958 1765 3085 1832 ipsa
3104 1761 3332 1817 veritate
3373 1760 3675 1831 proculcati

2113 1857 2261 1913 sunt,
2320 1860 2547 1907 cerastae
2593 1853 2877 1920 cujusdam
2934 1855 3106 1909 instar
3135 1853 3358 1919 atrocis,
3408 1859 3462 1906 et
3511 1850 3676 1905 unico

440 1939 602 2010 λόγῳ,
644 1941 736 1993 καὶ
758 1944 830 2011 τῇ
855 1941 948 1994 τοῦ
980 1941 1318 2010 Μονογενοῦς
1359 1940 1586 2012 ἀληθινῇ
1627 1939 1906 2011 ὁμολογίᾳ,
1933 1941 2014 1993 ὅτι

2128 1953 2286 1993 :ornu
2313 1941 2606 1998 metuendi.
2628 1942 2777 2000 Talis
2807 1945 2950 1998 enim
2978 1951 3060 1998 est
3083 1943 3432 2013 blasphemiae
3457 1955 3675 2005 sensus,

440 2027 516 2096 τῷ
551 2027 958 2100 βλασφημοῦντι
993 2031 1072 2094 εἰς
1112 2031 1174 2083 τὸ
1209 2029 1434 2099 Πνεῦμα
1479 2029 1603 2084 οὒτε
1646 2030 1703 2084 ὲν
1740 2029 1816 2099 τῷ
1859 2027 2012 2082 αἰῶνι

2128 2031 2210 2100 ιιιὶ
2241 2046 2441 2101 corpus
2490 2035 2806 2104 universum
2841 2051 3198 2106 corrumpere
3235 2042 3434 2107 potest.
3477 2031 3545 2086 Et
3576 2046 3678 2087 nos

425 2120 635 2190 τούτῳ,
679 2119 803 2173 οὔτε
841 2123 898 2174 ἐν
940 2121 1017 2192 τῷ
1063 2122 1304 2192 μέλλοντι
1334 2121 1684 2193 ἀφεθήσεται,
1730 2122 1805 2185 ὡς
1845 2120 2012 2190 ἔφην’

443 2211 918 2282 καταπατηθέντες
944 2214 1036 2267 καὶ
1058 2213 1452 2285 συντριϐέντες,
1485 2213 1560 2284 μὴ
1589 2213 1858 2284 ἰσχύοντες
1879 2213 2018 2265 κατά

443 2302 542 2372 τῆς
565 2302 840 2374 ἀληθείας.
867 2304 1037 2358 Πύλαι
1059 2306 1167 2378 γὰρ
1195 2305 1322 2377 ᾅδου
1348 2305 1562 2376 ἀληθῶς
1593 2306 1764 2359 πᾶσαι
1794 2306 1849 2359 αἱ
1872 2304 2020 2376 αἱρέ-

447 2410 560 2457 σεις
581 2411 594 2424 ⁵
626 2393 762 2448 ἀλλά
800 2395 943 2449 κατά
971 2397 1067 2468 τῆς
1102 2398 1306 2470 πέτρας
1330 2398 1391 2451 οὐ
1433 2397 1838 2467 κατισχύσουσι,
1865 2411 2020 2447 τουτ-

447 2479 565 2534 ἐστι
602 2481 743 2535 κατά
779 2484 878 2553 τῆς
916 2483 1188 2554 ἀληθείας.
1221 2486 1336 2540 Κάν
1367 2502 1426 2539 τε
1449 2485 1558 2557 γὰρ
1592 2485 1653 2549 ἐξ
1671 2484 1848 2538 αὐτῶν
1875 2498 2018 2544 τινες

449 2567 734 2639 θελήσειαν
760 2569 962 2640 λέγειν,
985 2573 1066 2626 ὅτι
1095 2573 1204 2645 Τὴν
1235 2575 1330 2645 μὲν
1367 2576 1548 2628 πίστιν
1581 2576 1679 2642 τὴν
1707 2572 2019 2628 ἐκτεθεῖσαν

449 2661 590 2714 κατὰ
613 2657 848 2716 Νίκαιαν
875 2665 968 2718 καὶ
996 2664 1148 2718 αὐτοὶ
1176 2665 1559 2737 ὁμολογοῦμεν.

451 2755 674 2810 omnino
723 2757 916 2812 virium
957 2757 1155 2813 habere
1199 2767 1448 2830 possunt.
1494 2759 1718 2818 Etiamsi

2115 2121 2333 2190 quidem
2383 2120 2596 2177 Domini
2637 2139 2887 2180 sermone
2919 2135 2974 2181 et
3005 2126 3278 2196 Unigeniti
3309 2139 3439 2179 vera
3471 2122 3679 2192 profes-

2116 2209 2270 2265 sione
2293 2212 2538 2280 persuasi
2563 2213 2836 2271 credimus
2852 2215 2923 2277 ei,
2943 2214 3036 2284 qui
3062 2213 3450 2284 blasphemarit
3471 2212 3524 2266 in
3549 2210 3673 2281 Spi-

2117 2301 2282 2355 ritum
2321 2311 2593 2367 sanct‘um,
2629 2321 2805 2376 neque
2838 2306 2892 2359 in
2920 2308 3022 2362 hoc
3057 2307 3256 2361 saeculo
3285 2319 3386 2360 nec
3414 2306 3468 2358 in
3491 2304 3673 2358 futuro

2121 2391 2538 2447 condonandqu
2573 2410 2696 2451 esse
2740 2406 3054 2466 peccatum,
3102 2405 3162 2450 ut
3207 2397 3466 2452 diximus.
3499 2394 3680 2460 Quare

2124 2483 2421 2550 proculcati
2491 2485 2568 2538 illi
2623 2494 2678 2542 et
2715 2487 2895 2543 obtriti
2933 2500 3096 2554 sunt;
3145 2503 3246 2542 nec
3286 2486 3499 2541 veritati
3543 2484 3684 2539 resi-

2122 2580 2266 2626 stere
2292 2580 2600 2642 potuerunt.
2627 2573 2762 2630 Nam
2792 2576 3027 2632 hiereses
3053 2592 3244 2632 omnes
3295 2591 3482 2631 revera
3513 2581 3684 2644 portae

2124 2669 2252 2716 sunt
2277 2659 2573 2719 inferorum
2602 2668 2646 2731 ’,
2678 2683 2798 2738 quae
2820 2668 2983 2740 904
3015 2669 3276 2724 adversus
3315 2675 3517 2738 petram
3541 2665 3677 2720 nihil

1839 2772 1905 2812 ex
1971 2753 2079 2810 illis
2144 2757 2389 2811 nonnulli
2430 2758 2576 2812 istud
2621 2760 2858 2830 objicere
2905 2762 3171 2816 voluerint
3204 2759 3348 2818 :Nos
3397 2773 3518 2814 eam
3563 2758 3701 2811 fidei.

455 2845 744 2903 formulam
766 2889 781 2914 ,
821 2865 941 2920 quae
967 2855 1020 2905 in
1052 2849 1268 2906 Nicaana
1306 2851 1516 2922 synodo
1541 2851 1790 2922 exposita
1830 2857 1934 2912 est,
1966 2855 2020 2902 et
2047 2845 2150 2916 ipsi
2182 2849 2521 2916 proﬁtemur.

525 2967 704 3031 Δεῖξον
731 2967 789 3021 δέ
824 2986 913 3040 μοι
941 2970 1034 3023 ἀπ’
1077 2971 1266 3041 αὐτῆς,
1301 2971 1382 3025 ὅτι
1417 2973 1477 3025 τὸ
1517 2971 1668 3038 ἆγιον
1714 2969 1937 3038 Πνεῦμα
1969 2967 2027 3018 ὲν

455 3061 522 3128 τῇ
561 3059 770 3130 θεότητι
807 3053 1216 3133 συναριθμεῖται
1235 3080 1248 3093 ·
1277 3063 1660 3136 εὑρεθήσονται
1699 3064 1792 3116 καὶ
1816 3062 1909 3113 ἀπ’
1937 3060 2000 3114 αιί

456 3151 554 3221 τῆς
582 3151 945 3222 ἐλεγχόμενοι.
970 3156 1045 3208 Ού
1067 3155 1255 3223 γέγονε
1285 3156 1340 3208 δὲ
1368 3157 1489 3210 τότε
1513 3156 1640 3226 περὶ
1665 3153 1758 3207 τοῦ
1788 3153 2028 3222 Πνεύμα-

457 3246 600 3315 τοςή
629 3243 871 3316 ζήτησις.
902 3247 1046 3318 Πρὸς
1068 3247 1176 3318 γὰρ
1216 3247 1276 3300 τὺ
1307 3247 1607 3302 ὑποπίπτον
1645 3249 1702 3299 ἐν
1731 3243 1907 3315 καιρῷ
1933 3246 2026 3298 καὶ

2200 2967 2343 3025 Doce
2374 2969 2540 3040 igitur
2567 2986 2633 3026 ex
2672 2973 2762 3027 illa
2803 2971 3061 3042 Spiritum
3101 2980 3345 3026 sanctum
3391 2969 3445 3023 in
3487 2965 3687 3022 divini-

2128 3065 2239 3114 tate
2257 3045 2534 3115 numerari
2558 3079 2571 3114 :
2595 3062 2758 3116 etiam
2793 3063 2883 3116 illa
2922 3063 3040 3131 ipsa
3069 3060 3409 3115 confessione
3433 3055 3686 3112 refellen-

2129 3161 2236 3205 tur.
2263 3150 2582 3221 Quanquam
2617 3153 2763 3206 nulla
2789 3163 2900 3207 tum
2939 3154 3008 3208 de
3039 3151 3242 3221 Spiritu
3278 3157 3470 3206 sancto
3512 3147 3689 3200 fuerat

2129 3240 2376 3295 instituta
2407 3240 2656 3310 quaestio.
2691 3241 2903 3311 Quippe
2942 3241 3010 3295 de
3034 3241 3118 3295 his
3140 3253 3262 3308 qua:
3288 3236 3517 3308 singulis
3549 3243 3686 3289 tetu-

459 3337 635 3408 καιρῷ
661 3340 716 3391 αἱ
746 3338 950 3392 σύνοδοι
978 3339 1075 3410 τὴν
1097 3340 1394 3408 ἀσφάλειαν
1422 3341 1719 3394 ποιοῦνται.
1757 3338 1908 3390 Ἐπεὶ
1934 3334 2025 3391 οῦν

2132 3334 2356 3401 poribus
2382 3343 2712 3400 occurrunt,
2745 3349 2936 3388 cavere
2962 3331 3155 3403 synodi
3190 3346 3254 3386 ac
3281 3330 3572 3385 decernere
3599 3340 3690 3380 so-

457 3435 487 3483 ὀ
517 3433 731 3504 Ἀρειος
754 3433 834 3495 είς
852 3432 944 3487 τὸν
966 3433 1093 3486 Υίδν
1113 3433 1213 3505 τὴν
1234 3435 1540 3505 δυσφημίαν
1561 3433 1893 3495 ἀπετείνετο,
1910 3430 2031 3484 τού-

460 3539 552 3575 του
581 3522 741 3576 ἓνεκα
771 3523 911 3592 μετά
936 3525 1200 3595 περισσῆς
1234 3525 1486 3596 διαλογῆς
1514 3524 1769 3594 ἀκρίϐεια
1809 3523 1916 3575 τῶν
1942 3522 2030 3574 λό-

462 3628 575 3679 γων
614 3613 927 3685 γεγένηται.
963 3615 1106 3686 Ὅρα
1148 3616 1206 3670 δὲ
1247 3616 1340 3668 ἀπ’
1368 3615 1539 3689 αὐτῆς
1575 3615 1672 3684 τῆς
1725 3613 2031 3684 ὁμολογίας,

465 3703 546 3756 ὃτι
571 3703 693 3756 οὔτε
720 3706 778 3758 ὲν
808 3705 980 3776 τούτῳ
1008 3706 1392 3778 εὑρεθήσονται
1419 3724 1469 3759 τι
1509 3706 1756 3775 λέγοντες
1789 3705 1838 3757 οἱ
1868 3705 1947 3766 είς
1977 3704 2035 3757 τὸ

466 3793 692 3865 Πνεῦμα
736 3795 1199 3867 βλασφημοῦντες,
1246 3799 1294 3850 oi
1337 3797 1785 3868 Πνευματομάχοι
1816 3795 1910 3848 καὶ
1944 3794 2037 3846 ἀλ·-

463 3885 663 3957 λότριοι
687 3890 785 3958 τῆς
803 3888 966 3941 αὑτοῦ
986 3888 1191 3960 δωρεᾶς
1216 3889 1310 3940 καὶ
1337 3889 1643 3956 ἀγιαστίας.
1675 3886 1849 3949 Εὐθὺς
1869 3886 1976 3956 γὰρ
2003 3887 2035 3954 ἡ

467 3976 680 4041 ἐκθεσις
707 3978 979 4048 ὁμολογεῖ,
1009 3980 1102 4032 καί
1122 3980 1224 4032 οὐκ
1243 3979 1504 4051 ἀρνεῖται.
1540 3978 1902 4046 Πιστεύομεν
1930 3975 2038 4045 γὰρ

466 4073 553 4138 εἰς
585 4070 694 4124 ἕνα
728 4071 876 4125 Θεὸν
925 4072 1157 4141 Πατέρα
1194 4071 1658 4142 παντοκράτορα.
1711 4071 1785 4123 Τὸ
1828 4070 1905 4136 δὲ,
1936 4073 2038 4122 Πι-

468 4165 786 4232 στεύομεν,
819 4163 915 4234 οὐχ
939 4164 1124 4229 ἁπλῶς
1152 4166 1388 4236 εἴρηται,
1420 4163 1609 4234 ἀλλάή
1639 4162 1815 4225 πίστις
1849 4164 1927 4225 είς
1951 4161 2040 4214 τὸν

471 4255 624 4309 Θεόν.
653 4256 764 4310 Καὶ
811 4258 899 4322 εὶς
936 4256 1044 4311 ἕνα
1074 4257 1296 4326 Κύριον
1339 4256 1582 4324 Ἰησοῦν
1623 4255 1898 4325 Χριστόν.
1929 4255 2040 4324 Οὐχ

472 4347 659 4412 ἁπλῶς
694 4347 928 4418 εἴρηται,
979 4347 1092 4399 ἀλλ’
1115 4349 1195 4412 εἰς
1225 4346 1356 4399 Θεὸν
1396 4349 1430 4417 ὴ
1480 4347 1687 4422 πίστιςη
1729 4344 1837 4398 Καὶ
1866 4345 1950 4408 εὶς
1978 4342 2042 4395 τὸ

474 4437 643 4506 ἅγιον
679 4439 948 4508 Πνεῦμα·
1003 4442 1098 4492 καὶ
1143 4439 1241 4509 οὐχ
1291 4438 1476 4500 ἀπλῶς
1530 4435 1766 4507 εἴρηται,
1805 4434 1919 4488 ἀλλ’
1963 4435 2042 4495 εἰς

477 4530 604 4598 μίαν
660 4529 964 4597 δοξολογίαν
1003 4531 1098 4584 καὶ
1127 4533 1206 4593 είς
1252 4530 1381 4599 μίαν
1432 4527 1624 4580 ἕνωσιν
1671 4526 1920 4596 θεότητος
1951 4523 2044 4577 καὶ

479 4621 605 4691 μίαν
625 4623 1034 4692 ὁμοουσιότητα,
1058 4624 1134 4684 εἰς
1160 4623 1289 4692 τρία
1311 4619 1512 4680 τέλεια,
1547 4618 1674 4688 μίαν
1704 4618 1761 4670 δὲ
1789 4615 2041 4686 θεότητα,

2133 3425 2261 3478 lent.
2293 3424 2472 3492 Quare
2510 3439 2633 3479 cum
2663 3424 2827 3479 Arius
2857 3424 2910 3477 in
2950 3421 3149 3477 Filium
3193 3420 3481 3475 maledicta
3515 3416 3690 3485 conji-

2133 3523 2312 3582 ceret,
2345 3525 2630 3587 propterea
2668 3515 2904 3572 uberiori
2930 3513 3164 3585 quadam
3205 3493 3574 3582 disputatione
3605 3523 3693 3560 ar—

2133 3619 2445 3675 gumentum
2487 3607 2616 3662 illud
2663 3615 2746 3662 est
2781 3607 3190 3662 accuratissime
3241 3608 3553 3656 tractatum.
3591 3597 3696 3651 Ve-

2134 3713 2254 3751 rum
2309 3714 2373 3755 ex
2431 3698 2620 3753 eadem
2680 3696 2804 3752 fidei
2859 3695 3199 3766 professione
3258 3690 3694 3745 animadvertere

2137 3791 2292 3854 licet,
2328 3807 2399 3848 ne
2444 3791 2545 3846 hac
2586 3791 2644 3845 in
2685 3797 2835 3860 parte
2870 3788 3087 3860 quidem
3118 3784 3541 3841 contumeliosus
3573 3781 3698 3834 illos

2137 3885 2191 3937 in
2227 3881 2486 3953 Spiritum
2541 3882 2823 3936 haereticos
2860 3895 2921 3934 ac
2975 3879 3213 3947 Spiritus
3261 3881 3695 3945 oppugnatoreS.

2137 3982 2191 4029 et
2234 3975 2301 4028 ab
2330 3975 2450 4043 ejus
2482 3973 2771 4030 sanctitate
2806 3988 2870 4027 ac
2925 3971 3083 4025 donis
3125 3969 3352 4026 alienos,
3397 3961 3693 4033 quidquam

2139 4065 2362 4119 omnino
2391 4064 2593 4119 dicere.
2631 4062 2909 4131 Siquidem
2941 4057 3208 4129 expositio
3247 4057 3361 4123 ipsa
3412 4053 3695 4104 veritatem

2140 4155 2372 4213 subinde
2405 4153 2709 4223 profitetur,
2741 4167 2842 4206 nec
2873 4157 3050 4220 negat.
3076 4145 3374 4204 Credimus,
3409 4140 3606 4209 inquit,
3645 4137 3698 4188 in

2140 4260 2302 4300 unum
2338 4242 2506 4298 Deum
2546 4242 2762 4297 Patrem
2813 4240 3234 4308 omnipotentem.
3270 4231 3376 4287 Ubi
3422 4245 3524 4284 vox
3557 4227 3662 4282 ista
3684 4266 3698 4289 ,

2143 4337 2440 4403 Credimus,
2475 4351 2584 4390 non
2629 4331 2950 4403 simpliciter
2983 4326 3296 4398 accipienda
3321 4363 3336 4388 ,
3370 4321 3464 4378 sed
3498 4320 3565 4375 de
3599 4317 3703 4370 fide

2143 4431 2198 4485 in
2242 4428 2408 4484 Deum
2442 4425 2790 4497 intelligenda
2815 4423 2984 4478 venit.
3022 4420 3090 4475 Et
3127 4421 3185 4474 in
3225 4431 3385 4471 unum
3417 4411 3702 4467 Dominum

2142 4519 2325 4575 Iesum
2358 4519 2644 4575 Christum.
2686 4516 2870 4586 Neque
2907 4517 3011 4570 hoc
3043 4522 3318 4580 utcunque
3346 4507 3574 4566 dictum,
3605 4500 3703 4555 sed

2145 4612 2210 4667 ad
2237 4612 2394 4668 fidem
2419 4613 2474 4666 in
2508 4611 2676 4666 Deum
2707 4608 3071 4665 referendum.
3106 4603 3172 4657 Et
3202 4605 3257 4656 in
3283 4599 3540 4669 Spiritum
3575 4610 3697 4685 san:
3777 4681 3780 4685 ‘

479 4682 609 4781 μίαν
637 4682 846 4773 οὐσίαν,
897 4682 1031 4780 μίαν⁷
1058 4682 1384 4776 δοξολογίαν,
1426 4682 1560 4776 μίαν*
1585 4705 1899 4774 κυριότητα,
1934 4682 2025 4754 ἀπέ

2143 4713 2304 4759 ctum.
2328 4704 2481 4771 Quod
2510 4718 2685 4774 neque
2730 4699 3048 4770 simpliciter
3080 4700 3402 4764 usurpatum
3439 4695 3524 4744 est
3555 4682 3703 4781 ,“sed

475 4801 568 4855 τοῦ
597 4803 982 4872 Πιστεύομεν,
1007 4802 1097 4856 καὶ
1122 4800 1507 4869 Πιστεύομεν,
1535 4797 1628 4851 ιιιαλ⁸
1655 4796 2038 4864 Πιστεύομεν.

478 4894 588 4947 Καὶ
608 4893 840 4948 ἐνταῦθα
869 4893 1114 4946 διέπεσεν
1137 4893 1165 4944 ὁ
1193 4892 1298 4946 τῶν
1319 4890 1572 4944 τοιούτων
1595 4889 1770 4956 λόγος.
1801 4889 1908 4940 Καὶ
1939 4887 2043 4949 ἕως

481 4983 584 5038 ποῦ
612 4985 835 5055 μηκύνω
859 4986 949 5039 τὸν
973 4984 1148 5050 λόγον,
1180 4982 1425 5054 ἀρκετῶς
1450 4980 1791 5052 ἡγησάμενος
1811 4982 1920 5042 τοῖς
1947 4980 2043 5049 τὴν

484 5075 737 5146 ἀλήθειαν
770 5074 1021 5144 ἀγαπῶσι
1079 5075 1148 5129 τὰ
1204 5075 1344 5128 κατά
1384 5072 1586 5124 τούτων
1624 5071 1916 5141 είρημένα;
1957 5069 2044 5121 Διὸ

485 5167 863 5238 ὑπερϐήσομαι
890 5169 982 5220 καὶ
996 5167 1216 5237 ταύτην,
1240 5167 1488 5236 δεόμενος
1501 5163 1634 5216 Θεοῦ
1657 5165 1784 5234 ὑμῖν
1807 5161 2044 5234 συνήθως

487 5257 862 5312 ἀντιλαϐέσθαι
893 5258 1026 5329 πρὸς
1072 5257 1168 5327 τὴν
1191 5257 1392 5310 τούτων
1418 5255 1724 5327 ἀνατροπὴν
1752 5255 2003 5307 ἁπάντων
2032 5273 2044 5285 ο

487 5351 652 5412 ὅπως,
680 5349 737 5401 ἐν
767 5351 830 5419 τῇ
860 5347 1020 5402 αὐτοῦ
1056 5348 1277 5416 δυνάμει
1303 5347 1360 5400 τὸ
1389 5345 1707 5415 ἐπάγγελμα
1738 5344 2050 5397 τελειώσαν-

487 5459 595 5504 τες,
630 5439 770 5494 κατά
790 5439 966 5494 πάντα
992 5437 1138 5508 αὐτῷ
1169 5437 1662 5509 εὐχαριστήσωμεν.

2149 4799 2202 4852 in
2237 4812 2400 4852 unam
2435 4794 2872 4868 praedicationem
2909 4804 2971 4843 ac
2999 4787 3226 4860 gloriam
3247 4825 3260 4849 ,
3287 4785 3344 4837 in
3377 4794 3536 4834 unam
3561 4775 3706 4868 clivi-

2151 4889 2336 4943 nitatis
2369 4867 2843 4954 conjunctiouem,
2878 4881 2932 4933 in
2963 4893 3126 4931 unam
3165 4867 3708 4929 consubstantialita—

2151 4990 2293 5045 tem;
2325 4979 2379 5030 in
2417 4975 2656 5047 perfecta
2690 4974 2817 5034 tria,
2845 4971 2938 5026 sed
2967 4984 3128 5022 unam
3151 4964 3511 5024 divinitatem,
3541 4971 3704 5011 unam

2151 5069 2549 5133 substantiam;
2581 5080 2745 5118 unam
2770 5061 3016 5132 gloriam,
3043 5056 3465 5112 dominationem
3499 5062 3660 5100 unam
3687 5059 3702 5092 :

2153 5164 2295 5235 quod
2318 5177 2394 5218 eae
2423 5176 2600 5222 voces,
2633 5157 2926 5214 Credimus,
2957 5158 3010 5207 et
3035 5148 3327 5209 Credimus,
3359 5154 3411 5198 et
3434 5138 3705 5235 Credimus

2155 5224 2452 5308 declarant.
2503 5251 2579 5303 Ex
2613 5263 2720 5318 quo
2755 5247 2969 5300 illorum
3001 5241 3313 5296 confutatur
3340 5233 3536 5290 oratio.
3566 5224 3707 5294 Quid

2156 5354 2334 5399 autem
2377 5344 2431 5398 in
2472 5357 2536 5398 ea
2575 5357 2693 5397 sum
2741 5337 3106 5408 disputatione
3153 5330 3386 5400 longior,
3425 5339 3550 5379 cum
3591 5334 3710 5388 qua:

2158 5435 2422 5490 adversus
2442 5434 2576 5489 istos
2601 5433 2883 5500 hucusque
2906 5429 3050 5483 dicta
3077 5431 3203 5480 sunt
3226 5416 3472 5476 veritatis
3504 5411 3712 5468 studio-

488 5537 566 5590 sis
613 5535 746 5590 satis
801 5551 924 5590 esse
961 5551 1068 5588 non
1117 5533 1397 5587 dubitem?
1427 5532 1697 5597 Quocirca
1740 5531 1960 5587 missam
2002 5538 2056 5585 ct
2097 5533 2237 5588 hanc
2286 5531 2538 5587 haeresim
2588 5528 2820 5594 faciam,
2872 5533 2928 5581 et
2971 5524 3137 5578 Deum
3197 5515 3482 5589 precabor.
3540 5517 3600 5563 ιιι
3643 5504 3712 5598 3d

485 5640 676 5680 Omnes
709 5624 974 5693 ejusmodi
1011 5623 1374 5694 prolligandas
1419 5637 1575 5693 opem
1615 5623 1770 5677 nobis
1822 5623 2031 5687 afferat,
2074 5633 2131 5678 ut
2166 5625 2310 5680 illius
2343 5625 2541 5679 virtute
2594 5621 2717 5678 freti
2771 5617 2914 5690 quod
2975 5613 3318 5684 suscepimus
3384 5600 3611 5673 exsequi
3657 5603 3716 5654 οι

489 5719 544 5772 in
579 5719 833 5772 omnibus
879 5719 1082 5788 gratias
1113 5717 1309 5771 habere
1342 5716 1636 5784 possimus.

570 5837 586 5864 ⁸
619 5834 807 5888 Matth.
886 5850 986 5898 xtl,
1023 5834 1107 5888 52.
1189 5835 1206 5863 ⁸
1244 5833 1424 5888 Matth.
1461 5848 1569 5899 1m,
1611 5830 1693 5885 18.
