4134 6386
506 320 610 384 305

941 443 1306 501 ADVERSUS
1335 446 1620 512 AERIUM,

895 559 1127 615 [heresis
1171 560 1291 628 LV,
1330 565 1433 618 sive
1457 563 1680 620 LXXV.

577 667 616 720 Ι.
659 667 850 721 Acrius
876 667 1098 737 quidam
1140 669 1340 742 ingenti
1373 674 1595 742 perinde
1616 675 1812 729 damno
1839 677 1891 730 in
1921 691 2079 730 mun-

507 756 638 812 dum
694 759 1039 816 introductus
1098 771 1200 828 est,
1243 763 1401 821 furiis
1447 767 1772 835 quibusdam
1819 771 2080 840 percitus,

507 859 562 902 et
615 851 902 907 insolentia
938 856 1197 924 majorem
1245 857 1300 911 in
1353 859 1574 914 modum
1623 862 1816 916 elatus.
1869 861 2080 917 Etenim

507 943 730 998 haeresis
786 946 966 1001 omnis
1017 949 1258 1019 pessimo
1321 965 1384 1005 ex
1443 967 1653 1018 eorum,
1693 956 1784 1024 qui
1817 955 1886 1008 ab
1925 955 2083 1009 initio

505 1049 682 1102 usque
707 1034 772 1089 ad
815 1035 973 1090 linem
1010 1039 1357 1104 exstiterunt,
1379 1043 1609 1096 consilio
1637 1042 1797 1114 905
1826 1043 2083 1114 profectae

507 1131 657 1190 sunt,
712 1125 826 1181 sive
865 1127 987 1183 illos
1031 1127 1218 1198 gloriae
1271 1131 1562 1200 cupiditas,
1622 1135 2079 1206 autarrogantia,

506 1217 623 1270 sive
661 1216 1001 1286 voluptatum
1033 1219 1220 1280 libido.
1246 1220 1362 1276 sive
1391 1222 1622 1278 aliorum
1647 1225 1940 1290 aamulatio,
1971 1228 2086 1283 sive

507 1309 803 1364 commotio
843 1311 1090 1380 quaedam
1133 1313 1322 1376 animi,
1365 1321 1458 1368 aut
1489 1317 2081 1389 temeritasimpulerit.

507 1398 548 1452 Α
575 1397 792 1454 diabolo
813 1415 977 1472 porro
1005 1405 1188 1460 omnis
1221 1403 1310 1460 illa
1355 1413 1440 1462 est
1471 1406 1674 1462 inflicta
1715 1411 1950 1476 caecitas,
1977 1427 2082 1466 non

505 1487 652 1554 quod
685 1487 774 1541 hic
803 1489 1031 1544 invitum
1089 1507 1152 1548 ac
1187 1495 1462 1550 nolentem
1493 1495 1744 1566 decipere
1773 1502 2082 1570 quempiam

505 1581 717 1649 possit,
761 1583 854 1637 sed
891 1584 1037 1653 quod
1089 1589 1469 1660 unusquisque
1515 1594 1726 1661 peccati
1770 1593 1873 1648 sibi
1921 1609 2085 1648 causa

507 1677 672 1740 atque
701 1681 892 1728 auctor
940 1677 1032 1742 sit,
1070 1677 1138 1732 Ut
1167 1681 1256 1750 qui
1295 1683 1505 1752 probati
1528 1693 1669 1748 sunt,
1695 1683 1890 1754 inquit,
1919 1685 2088 1739 mani-

507 1761 629 1832 [esti
650 1765 986 1824 reddantur‘.
1008 1769 1203 1826 Acrius
1221 1771 1322 1828 iste
1342 1789 1467 1829 vero
1485 1774 1552 1828 ad
1574 1774 1896 1830 hodiernum
1915 1759 2087 1846 usque

509 1859 726 1923 tempus
785 1869 1054 1927 superest,
1113 1868 1305 1932 estque
1353 1871 1503 1917 secta
1557 1863 1776 1934 penitus
1826 1863 2080 1920 Arianus.

509 1943 697 2013 Neque
753 1947 897 2002 enim
943 1951 1102 2006 aliter
1156 1961 1320 2024 atque
1369 1954 1471 2009 iste
1518 1957 1726 2010 sentit:
1765 1957 1876 2012 imo
1921 1957 2084 2012 etiam
2120 1939 2160 1996 Β

507 2035 702 2092 Arium
742 2039 922 2109 ipsum
970 2043 1282 2114 dogmatum
1331 2048 1574 2103 novitate
1605 2049 1896 2120 superavit.
1941 2051 2084 2116 Quin

511 2128 690 2184 hacin
743 2141 894 2200 parte
931 2133 1171 2206 linguam
1204 2151 1357 2192 suam
1417 2139 1738 2209 procudisse
1805 2149 1860 2196 et
1910 2142 1974 2196 ad
2005 2142 2086 2196 di-

511 2225 744 2282 cendum
795 2237 1076 2298 promptus
1113 2245 1236 2286 esse
1265 2231 1498 2298 videtur,
1533 2243 1590 2287 ut
1613 2234 1960 2305 deceptorum
1989 2236 2086 2290 ho-

511 2319 721 2372 minum
749 2321 1049 2374 exercitum
1100 2336 1418 2391 eorumque,
1446 2324 1646 2392 quibus
1679 2337 1732 2378 et
1771 2339 1931 2378 aures
1961 2340 2088 2394 pru-

513 2409 664 2464 riunt
699 2411 741 2472 ',
766 2419 818 2465 et
845 2411 1060 2468 animus
1093 2413 1336 2470 vanitate
1367 2417 1788 2486 arrogantisque
1817 2417 2088 2472 distentus

511 2509 617 2566 est,
645 2503 1043 2560 multitudinem
1065 2505 1132 2560 ad
1163 2521 1287 2561 sese
1314 2507 1570 2577 pelliciat.
1603 2509 1810 2563 Etenim
1838 2523 2088 2580 magnam

509 2600 566 2648 et
619 2593 710 2650 ille
761 2611 980 2666 quoque
1032 2612 1300 2667 nugarum
1332 2613 1396 2653 ac
1429 2600 1740 2655 fabularum
1786 2602 1998 2670 copiam
2033 2602 2088 2656 in

515 2685 815 2742 humanum
849 2703 1026 2758 genus
1057 2690 1280 2746 invexit.
1317 2690 1448 2758 Qua:
1483 2693 1698 2746 tametsi
1731 2691 2092 2760 prudentiori-

516 2775 620 2832 bus
669 2777 902 2834 ridicula
951 2779 1222 2847 videatur,
1283 2783 1641 2837 nihilominus
1683 2783 1958 2852 plerisque
1996 2797 2092 2852 per

513 2865 662 2925 illam
725 2867 986 2938 imposuit
1035 2877 1091 2924 et
1154 2875 1210 2924 in
1269 2885 1510 2926 errorem
1554 2871 1800 2926 abduxit.
1847 2869 1972 2925 Fuit
2003 2871 2091 2928 hic

513 2953 786 3010 Eustathii
853 2955 1114 3014 Sebastiae
1143 2960 1382 3031 episcopi
1408 2966 1549 3032 (quae
1585 2969 1670 3016 est
1708 2961 1762 3014 in
1790 2962 1945 3017 Ponti
2001 2979 2092 3018 re.

511 3049 677 3118 gione
723 3049 838 3105 sive
885 3051 1118 3107 minoris
1159 3051 1451 3124 Armenize)
1477 3052 1703 3108 sodalis.
1744 3053 1920 3110 Ambo
1944 3055 2088 3108 enim

513 3138 882 3201 nionasticum
927 3141 1055 3198 vitae
1086 3157 1258 3214 genus
1291 3144 1522 3216 amplexi
1559 3153 1706 3200 sunt.
1734 3143 1870 3200 Cum
1906 3155 2086 3201 autem

451 3256 464 3270 -
515 3229 836 3290 Eustathius
893 3231 960 3288 ad
991 3233 1366 3304 episcopatum
1406 3243 1549 3288 esset
1581 3243 1826 3297 evectus,
1871 3235 2089 3300 Aerius,

1980 336 2031 390 S.
2067 333 2402 390 EPIPHANII

3651 343 3756 402 MM

2723 455 2906 508 ΚΑΤΑ
2945 457 3218 520 ΑΕΡΙΟΥ,

2707 571 2818 622 σει
2875 571 2911 637 ἡ
2968 571 3062 622 καὶ
3111 573 3240 624 013'-

2251 675 2325 730 A'.
2348 677 2552 746 Ἀέριὸς
2572 695 2656 741 τις
2686 680 2846 734 πάλιν
2871 679 3131 742 ὡσαύτως
3156 679 3232 748 τῷ
3259 680 3444 751 κόσμῳ
3469 683 3757 752 γεγένηται

2188 767 2332 836 μέγα
2361 767 2548 831 κακὸν,
2581 769 2968 839 ὲμϐροντηθεὶς
2995 771 3095 840 τὴν
3143 772 3373 836 ἔννοιαν,
3405 774 3662 844 ἐπαρθεὶς
3698 775 3758 826 τὸ

2187 859 2460 929 φρόνημα.
2507 861 2694 914 Πᾶσαν
2723 861 2830 930 γὰρ
2873 861 3090 932 αἵρεσις
3119 863 3446 917 κακοδουλία
3479 865 3585 917 τῶν
3611 883 3760 933 γενο-

2189 949 2366 1018 μένων
2405 953 2500 1005 ἀπ’
2531 951 2707 1022 ἀρχῆς
2735 952 2862 1023 ἄχρι
2899 953 3144 1024 τέλους·ῆ
3194 955 3557 1026 κενοδοξίαςῆ
3589 958 3760 1028 ἐπάρ-

2191 1058 2324 1104 σεως
2351 1042 2522 1096 ταῦτα
2570 1042 2860 1112 εἰργάσατο
2915 1045 2948 1113 ἢ
2984 1043 3278 1115 ἐπιθυμίας
3310 1045 3503 1117 ὄρεξις,
3535 1048 3568 1118 ἢ
3601 1048 3761 1116 ζῆλος

2187 1131 2323 1202 πρὸς
2357 1135 2480 1198 τοὺς
2509 1134 2694 1200 πέλας,
2729 1135 2762 1205 ἢ
2792 1134 3160 1207 παροξυσμὸς,
3191 1137 3224 1208 ἦ
3257 1139 3578 1209 προπέτεια.
3610 1139 3684 1191 Τὸ
3706 1140 3763 1191 δὲ
3817 1180 3821 1184 .

2188 1225 2294 1276 πᾶν
2317 1225 2381 1278 ὲκ
2410 1225 2654 1280 διαϐόλου
2679 1228 2712 1296 ἡ
2739 1226 3029 1296 τύφλωσις,
3059 1229 3119 1280 οὐ
3149 1229 3242 1281 τοῦ
3275 1229 3522 1283 διαϐόλου
3555 1230 3765 1300 ἰσχύον-

2187 1333 2278 1378 τος
2303 1316 2516 1388 ἀπατᾷν
2535 1316 2627 1370 τὸν
2663 1318 2738 1388 μὴ
2775 1317 3115 1389 βουλόμενον,
3155 1319 3288 1372 ἀλλὰ
3315 1320 3547 1374 ἑκάστου
3587 1319 3766 1390 ἑαυτῷ

2189 1409 2476 1479 παραιτίου
2511 1409 2800 1478 γινομένου
2846 1411 2944 1481 τῆς
2979 1411 3106 1482 περὶ
3145 1411 3246 1481 τὴν
3281 1413 3557 1482 ἁμαρτίαν
3601 1413 3766 1483 ἔργα·

2190 1500 2328 1566 σίας,
2347 1500 2490 1563 Ἵνα,
2523 1500 2706 1570 φησὶν,
2725 1503 2779 1554 oi
2807 1499 3036 1569 δόκιμοι
3060 1503 3302 1570 φανεροὶ
3322 1503 3622 1572 γένωνται.
3658 1497 3764 1554 Ob-

2185 1607 2276 1653 τος
2297 1591 2326 1642 ὸ
2370 1589 2575 1660 ’Λέριος
2609 1589 2688 1642 ἔτι
2711 1591 2804 1643 καὶ
2831 1591 2989 1662 δεῦρο
3015 1589 3081 1662 ζῇ
3111 1593 3168 1644 ἐν
3195 1593 3378 1662 σαρκὶ,
3405 1593 3498 1646 καὶ
3519 1594 3764 1662 περίεστι

2187 1681 2264 1751 τῷ
2290 1681 2408 1752 βίῳ,
2449 1679 2722 1750 Ἀρειανδς
2745 1681 2842 1751 μὲν
2873 1680 2936 1732 τὸ
2955 1683 3083 1736 πᾶν.
3113 1681 3320 1746 Ἀλλως
3355 1683 3463 1753 γὰρ
3486 1685 3548 1736 οὐ
3579 1687 3770 1754 φρονεῖ

2187 1772 2300 1826 ἀλλ’
2323 1772 2398 1834 ὼς
2419 1773 2654 1844 Ἄρειος,
2683 1772 2776 1824 καὶ
2797 1771 2878 1824 ἔτι
2906 1771 3160 1826 ἐπέκεινα
3186 1773 3448 1842 μειζόνως
3467 1774 3536 1828 τὰ
3557 1775 3768 1844 Ἀρείου

2189 1863 2548 1934 ἐπιζητήσας,
2599 1863 2922 1934 ὼξυμμένος
2973 1879 3033 1916 τε
3071 1865 3171 1934 τὴν
3214 1863 3479 1932 γλῶτταν,
3529 1865 3624 1917 καὶ
3685 1863 3770 1930 ἐξ-

2191 1955 2528 2028 ωπλισμένος
2547 1956 2604 2008 ὲν
2629 1954 2864 2024 χείλεσιν
2879 1957 2938 2010 ὲν
2957 1955 3130 2026 τούτῳ
3149 1955 3228 2026 τῷ
3253 1955 3318 2026 μέ
3329 1973 3432 2027 ρει,
3456 1955 3603 2019 ὅπως
3633 1955 3773 2042 ὲξλ-

2193 2048 2333 2118 κύσῃ
2357 2050 2436 2110 είς
2467 2047 2656 2100 ἑαυτὸν
2689 2047 3036 2118 ἠπατημένον
3063 2048 3292 2118 στρατὸν
3313 2049 3406 2102 καὶ
3430 2047 3638 2118 πληθὺν
3663 2046 3772 2098 τῶν

2193 2140 2280 2192 ἀεὶ
2308 2139 2410 2202 τὰς
2434 2139 2604 2202 ἀκοὰς
2627 2138 3128 2210 γαργαλιζομένων,
3152 2140 3248 2192 καὶ
3268 2138 3368 2210 τὴν
3388 2138 3626 2192 διάνοιαν
3650 2139 3774 2190 ὑπο.

2193 2229 2542 2302 χαλωμένων.
2569 2229 2678 2282 Καὶ
2695 2229 2802 2300 γὰρ
2827 2229 2920 2282 καὶ
2939 2229 3102 2292 αὐτὸς
3127 2229 3203 2299 τῷ
3231 2229 3329 2299 βιῳ
3352 2229 3624 2299 ὲφεύρατό
3653 2244 3774 2282 τινα

2199 2324 2438 2395 μεγάλην
2465 2321 2684 2394 μυθώδη
2717 2321 3042 2386 κενοδοξίαν,
3073 2321 3280 2388 γελοῖον
3311 2321 3411 2391 μὲν
3443 2319 3774 2390 ἐμποιοῦσαν

2193 2420 2306 2480 τοῖς
2329 2417 2616 2488 ἔμφροσιν,
2651 2415 2800 2485 ὅμως
2824 2413 2909 2468 διὰ
2932 2413 3118 2467 τούτου
3145 2412 3378 2476 πολλοὺς
3409 2413 3656 2484 ἠπάτησε
3682 2414 3776 2464 καὶ

2195 2506 2581 2577 παρείλκυσεν.
2618 2499 2784 2569 Οὗτος
2829 2505 3036 2574 γίνεται
3078 2501 3445 2572 συσχολαστὴς
3477 2503 3774 2555 Εὐσταθίου

2197 2600 2487 2654 Σεθαστίου
2513 2597 2606 2652 τοῦ
2640 2599 2738 2668 τῆς
2765 2595 3090 2658 Σεϐαστείας
3117 2593 3317 2646 Πόντου
3346 2611 3406 2646 τε
3437 2593 3776 2665 καλουμένης

2198 2691 2399 2763 χώρας,
2441 2691 2560 2762 ῆτοι
2617 2691 2820 2761 μικρᾶς
2877 2687 3184 2758 Ἀρμενίας.
3243 2685 3412 2755 Ὃμοῦ
3467 2685 3576 2756 γὰρ
3637 2680 3778 2756 ἦσαν

2197 2783 2490 2846 ἀσκοῦντες
2519 2783 2546 2836 'o'
2565 2799 2624 2835 τε
2647 2780 3046 2854 προειρημένος
3066 2777 3365 2840 Εὑστάθιος
3383 2777 3476 2830 καὶ
3496 2779 3524 2830 ὁ
3549 2777 3776 2849 Ἀέριος.

2199 2873 2327 2926 Ὅτε
2355 2871 2410 2926 δὲ
2433 2875 2462 2925 ό
2489 2870 2784 2934 Εὐστὰθιος
2804 2867 2966 2940 ἦλθεν
2989 2869 3070 2932 είς
3096 2866 3194 2938 τὴν
3216 2864 3540 2936 ἐπισκοπὴν,
3577 2867 3782 2928 ἐκεῖνος

2203 2963 2401 3036 μᾶλλον
2435 2961 2722 3034 ἐπεθύμει,
2758 2961 2872 3014 ἀλλ’
2903 2962 3004 3013 οὐκ
3051 2958 3286 3028 ἔφθασεν
3325 2957 3405 3020 εἰς
3447 2955 3624 3012 τοῦτο.
3669 2957 3782 3008 Ἐν-

2199 3055 2388 3111 τεῦθεν
2415 3053 2575 3126 ζῆλος
2605 3054 2854 3124 γίνεται..
2875 3051 3079 3104 Ἐδόκει
3106 3050 3163 3102 δὲ
3197 3049 3592 3119 προσλιπαρεῖν
3627 3048 3656 3099 ὁ
3683 3047 3784 3098 Εὑ-

2203 3146 2420 3210 στάθιος
2449 3146 2540 3200 τὸν
2569 3145 2798 3218 Ἀέριον.
2832 3143 3040 3196 Λύτίκα
3070 3141 3296 3212 ὕστερον
3328 3140 3561 3212 καθιστᾷ
3593 3138 3782 3192 τοῦτον

2203 3238 2600 3312 πρεσῦύτερον,
2645 3237 2706 3290 τό
2751 3253 2816 3290 τε
2865 3234 3192 3304 ξενοδοχεῖον
3237 3231 3386 3302 αὐτῷ
3433 3230 3775 3300 ἑμπιστεύει,

499 3321 616 3375 etsi
649 3322 704 3377 id
734 3338 1066 3394 magnopere
1093 3335 1337 3396 cuperet,
1363 3341 1427 3380 eo
1457 3333 1634 3379 tamen
1670 3326 1953 3396 pervenire
1977 3342 2087 3380 non

2195 3297 2328 3401 ὅπερ
2350 3330 2408 3383 ἐν
2430 3297 2505 3400 ad)
2523 3297 2708 3398 Πόντῳ
2725 3297 2969 3382 καλεῖται
2991 3297 3099 3396 (ἹΞ)
3122 3297 3573 3394 πτωχοτροφε-ἶον.
3591 3321 3783 3376 Τοιαύ-
3815 3339 3818 3342 ’

515 3413 710 3482 potuit.
743 3413 912 3478 ,llinc
963 3413 1216 3474 simultas
1257 3431 1322 3470 ex
1363 3416 1710 3470 aeruulatione
1744 3415 1999 3471 conﬂata.
2027 3416 2089 3470 Et

2194 3437 2257 3476 τα
2288 3420 2396 3494 γάρ
2443 3437 2564 3474 τινα
2593 3417 3062 3479 κατασκευάζουσι
3112 3417 3250 3470 κατὰ
3303 3415 3641 3486 φιλοξενίαν⁹
3689 3418 3782 3469 καὶ

497 3505 735 3574 quidem
793 3503 1112 3562 Eustathius
1163 3505 1327 3562 Aerio
1379 3507 1678 3577 plurimum
1729 3505 2011 3578 indulgere
2041 3517 2089 3561 et

2194 3514 2315 3576 τοὺς
2345 3511 2754 3582 λελωϐημένους
2783 3510 2878 3564 καὶ
2910 3508 3203 3572 ἀδυνάτους
3228 3509 3338 3580 (75)
3367 3511 3546 3562 ἐκεῖσε
3571 3507 3784 3560 ποιοῦν-

519 3597 772 3653 addictus
797 3613 920 3654 esse
947 3600 1100 3655 visus
1136 3611 1238 3656 est.
1264 3598 1398 3653 Nam
1433 3611 1486 3654 et
1543 3601 1922 3670 presbyterum
1951 3599 2089 3656 hunc

2201 3622 2292 3668 τες
2325 3605 2671 3675 καταμένειν,
2707 3599 3098 3672 ὲπιχορηγοῦσι
3145 3601 3288 3654 κατὰ
3323 3599 3552 3671 δύναμιν
3597 3602 3646 3653 οἱ
3675 3601 3782 3652 τῶν

517 3695 710 3756 postea
744 3689 968 3752 creavit,
1003 3697 1056 3744 et
1073 3689 1413 3754 xenodochii,
1449 3689 1594 3760 quod
1626 3690 2089 3760 ptochotrophium

2214 3696 2550 3766 Ἐκκλησιῶν
2583 3696 2908 3766 προστάται.

517 3777 578 3840 in
617 3781 790 3838 Ponto
834 3793 1081 3850 vocatur,
1127 3799 1313 3840 curam
1365 3787 1415 3840 ei
1454 3786 1746 3842 commisit.
1799 3785 2082 3857 Ejusmodi
2128 3793 2328 3864 quippe
2378 3793 2658 3847 domicilia
2713 3808 2822 3862 prae
2871 3807 3058 3848 altiore
3115 3805 3246 3862 erga
3300 3791 3544 3860 hospites
3583 3788 3652 3842 ab
3685 3786 3784 3840 Ee-

491 3877 813 3944 _clesiarum
849 3877 1187 3932 antistitibus
1225 3877 1450 3932 excitari
1503 3877 1712 3942 solent;
1757 3877 1813 3931 in
1863 3879 2065 3950 quibus
2107 3884 2384 3940 mutilatos
2438 3893 2492 3940 et
2533 3883 2834 3938 imbecillos
2889 3882 3182 3942 collocant,
3239 3881 3416 3950 iisque
3471 3879 3538 3932 ad
3580 3877 3783 3930 victum

520 3969 833 4024 necessaria
857 3983 957 4038 pro
990 3969 1134 4022 virili
1175 3967 1545 4040 suppeditant.

595 4060 657 4116 ll.
690 4061 796 4117 Sed
830 4078 955 4116 eum
992 4061 1200 4117 nullum
1235 4061 1595 4119 sueceusendi
1624 4062 1846 4118 modum
1897 4063 2089 4122 faceret

2270 4061 2344 4115 B’.
2397 4059 2548 4114 Ἐπεὶ
2575 4055 2670 4114 οὖν
2700 4061 2733 4131 ἡ
2769 4059 2930 4130 μῆνις
2959 4059 3053 4113 ἀπ’
3079 4055 3343 4112 αὐτοῦιού
3377 4057 3633 4120 διέλειπε,
3659 4057 3781 4110 καθ’

519 4156 736 4219 Aerius,
787 4155 920 4210 rixa:
976 4169 1040 4210 ac
1071 4155 1249 4228 jurgia
1297 4156 1352 4210 in
1409 4155 1527 4212 dies
1581 4157 1984 4228 ingravescere,
2025 4179 2088 4220 ac

2199 4154 2437 4222 ἑκάστην
2480 4153 2693 4222 ἡμέραν
2733 4149 2968 4222 ηὔξανον
3013 4151 3064 4203 οἱ
3105 4149 3275 4216 λόγοι,
3323 4149 3417 4201 καὶ
3455 4147 3794 4218 προέϐαινεν·

519 4255 724 4302 mutuae
761 4245 1067 4300 simultates
1097 4247 1302 4316 augeri.
1343 4246 1424 4302 Ad
1477 4246 1592 4301 haec
1626 4248 1848 4316 pessimi
1877 4248 2089 4318 quidam

2197 4245 2468 4315 ἀναμέσον
2503 4241 2681 4296 αὐτῶν
2715 4245 2742 4294 ὁ
2783 4241 2962 4311 ζῆλος,
3009 4241 3154 4309 λόγοι
3199 4257 3257 4292 τε
3294 4239 3396 4292 οὐκ
3439 4237 3632 4306 ἁγαθοὶ
3671 4240 3781 4293 καὶ

521 4352 770 4396 rumores
797 4347 852 4392 et
875 4337 1158 4392 calumnia:
1187 4337 1449 4392 adversus
1473 4337 1819 4393 Eustathium
1850 4339 1919 4399 ab
1938 4339 2089 4393 Aeria

2195 4337 2438 4392 διαϐολαὶ
2478 4335 2582 4388 ὑπὸ
2613 4333 2706 4387 τοῦ
2739 4334 2947 4405 Ἀερίου
2991 4332 3134 4388 κατὰ
3173 4330 3474 4386 Εὐσταθίου
3521 4331 3778 4399 ἐγίνοντο.

521 4428 724 4499 spargi.
772 4425 993 4482 Interim
1039 4425 1359 4482 Eustathius
1389 4427 1681 4498 episeOpus
1709 4437 1996 4484 evocatum
2029 4429 2089 4483 ad

2209 4429 2265 4482 '0
2285 4429 2341 4482 δὲ
2364 4427 2660 4490 ἐπίσκοπος
2693 4427 3010 4490 Εὐστάθιος,
3047 4423 3520 4495 μετακαλούμενος
3545 4423 3638 4474 τὸν
3666 4423 3784 4474 Ἀέ-

526 4533 649 4574 Sese
678 4516 900 4572 Aerium
925 4515 1185 4581 mulcere,
1215 4516 1517 4582 adhortari,
1548 4518 2089 4580 conm‘iinari,irasci,

2204 4537 2335 4590 ριον,
2371 4517 2636 4584 ὲθώπευε,
2674 4519 2928 4588 παρῄνει.
2960 4517 3214 4586 ἠπείλει,
3261 4516 3612 4585 ἑνεϐριμᾶτο,
3645 4532 3784 4586 παρ-

525 4607 855 4678 supplicare,
907 4623 1080 4676 neque
1113 4609 1406 4678 quidquam
1435 4617 1612 4662 tamen
1661 4607 1746 4660 his
1783 4609 1944 4663 rebus
1980 4607 2094 4662 eﬂi-

525 4715 667 4754 cerc.
707 4696 840 4752 Nam
889 4698 1032 4767 quod
1071 4699 1141 4754 ab
1167 4699 1325 4754 initio
1350 4701 1710 4754 constitutum
1745 4701 2092 4754 inchoatum-

522 4806 629 4862 que
663 4790 864 4854 fuerat,
894 4789 1166 4859 ingentem
1205 4795 1263 4848 in
1294 4791 1420 4844 mali
1455 4791 1562 4844 vim
1587 4791 1785 4860 erupit.
1815 4789 2097 4847 Postremo

521 4885 710 4944 relicto
738 4883 1108 4938 mendicorum
1138 4883 1376 4952 hospitio
1399 4883 1626 4937 discedit
1651 4885 1865 4940 Acrius.
1891 4883 2012 4951 Quo
2031 4900 2096 4937 ex

523 4985 767 5045 tempore
795 4975 848 5028 in
873 4989 1086 5028 onmem
1109 4973 1451 5028 occasionem
1484 4973 1724 5028 intentus
1752 4973 1917 5046 906
1951 4973 2098 5029 velut

522 5065 616 5136 qui
659 5065 870 5121 hostem
924 5065 1233 5134 Oppi-iniere
1282 5079 1345 5118 ac
1409 5065 1534 5118 telis
1587 5077 1841 5136 appetere
1888 5067 2094 5128 studet,

521 5158 780 5214 versabat
811 5174 871 5214 se
904 5157 958 5212 in
991 5173 1182 5212 omnes
1212 5164 1394 5226 partes
1425 5169 1479 5212 et
1503 5157 1645 5226 apud
1675 5173 1866 5214 omnes
1887 5160 2100 5212 calum-

521 5256 692 5330 niese.
725 5251 980 5319 deinceps
1037 5248 1322 5306 Eustathio
1373 5247 1667 5302 detrahens
1705 5247 1858 5304 :Non
1905 5249 1952 5304 is
1990 5255 2100 5311 est,

593 5411 611 5444 ‘
639 5409 658 5464 Ι
691 5409 817 5464 Cor.
859 5425 934 5470 ιι,
957 5409 1042 5460 19.
1119 5409 1138 5438 ²
1161 5407 1198 5458 ll
1221 5403 1361 5474 Tim.
1400 5423 1472 5469 Iv,
1634 5407 1654 5438 ³
1688 5403 1746 5458 F.
1779 5405 1920 5460 τινά.

590 5567 718 5644 (ΤΞ).
739 5569 922 5632 Ὅπερ
949 5565 1125 5644 ἑνί-τῴ
1155 5567 1357 5644 Πόντῳ
1391 5561 1673 5644 Ξιλεῖταα
1693 5561 1822 5614 Vide
1849 5558 2083 5644 Nazian:

523 5633 638 5706 gei'ii
673 5633 968 5706 elegantem
1013 5636 1156 5687 illam
1193 5643 1331 5688 orat.
1387 5633 1522 5696 Περὶ
1571 5633 1998 5699 φιλοπτωχίας,
2031 5638 2082 5681 et

522 5703 717 5765 Hicetas
742 5703 803 5758 all
832 5721 946 5758 eam
977 5707 1240 5756 seholinn.

593 5773 704 5844 {75)
744 5777 846 5835 Καὶ
889 5779 1027 5840 rein;
1069 5773 1518 5842 .ie.l:_of'q_.r.iér'cvq
1557 5773 1652 5825 καὶ
1695 5769 2049 5832 ἀὲῖυιεγῖτσυς.

2191 5624 2558 5696 pociationem
2626 5635 2678 5680 et
2727 5624 2948 5696 Lysiam
3017 5629 3158 5675 orat.

2191 5715 2316 5751 TOU.

2200 4609 2402 4672 εκάλει,
2429 4609 2520 4661 καὶ
2547 4607 2697 4661 οὐδὲν
2734 4607 2885 4675 ἤνυε.
2907 4607 2980 4660 Τὸ
3009 4607 3118 4678 γὰρ
3147 4605 3214 4672 ἐξ
3234 4606 3410 4677 ἀρχῆς
3445 4605 3785 4675 καταϐληθὲν

2202 4702 2280 4762 εἰς
2311 4699 2452 4770 μέγα
2479 4699 2647 4753 κακὸν
2681 4697 2742 4751 τὸ
2773 4698 2933 4770 ἔργον
2970 4697 3191 4768 ἤλαυνε.
3245 4697 3424 4767 Πέρας
3458 4693 3587 4764 γοῦν
3617 4712 3786 4748 κατα-

2179 4789 2374 4848 λιπὼν
2406 4791 2467 4844 τὸ
2493 4792 2930 4862 πτωχοτροφεῖον
2956 4791 2985 4840 ό
3023 4789 3232 4862 ’Λέριος
3267 4787 3634 4858 ἀνεχώρησεν.
3665 4787 3786 4839 Ἐν·
3843 4810 3846 4814 ’

2203 4884 2391 4936 τεῡθεν
2415 4883 2514 4951 τὴν
2546 4883 2838 4954 πρόφασιν,
2864 4881 3052 4952 ὥσπερ
3075 4881 3215 4934 κατὰ
3243 4878 3438 4950 ἐχθροῦ
3467 4877 3786 4948 βουλόμενός

2203 4991 2286 5037 τις
2318 4975 2338 5003 ³
2366 4974 2567 5044 εὑρεῖν,
2604 4973 2638 5042 ἢ
2673 4973 2817 5026 κατὰ
2864 4973 3125 5044 πολεμίου
3174 4973 3464 5039 ἐπαφεῖναι
3489 4969 3662 5039 βέλος,
3695 4969 3786 5020 ἁν-

2205 5065 2436 5136 ηρεύνα·
2493 5065 2588 5116 καὶ
2613 5064 2798 5116 λοιπὸν
2845 5065 2980 5118 πᾶσι
3020 5063 3322 5118 διαϐάλλων
3364 5061 3455 5114 τὸν
3487 5058 3788 5114 Εὐστάθιον

2207 5157 2422 5227 ἔλεγεν·
2479 5157 2672 5210 Οὐκέτι
2731 5155 2970 5219 τοιοῦτος
3005 5156 3269 5225 ὑπάρχει·
3307 5153 3422 5206 ἀλλ’
3465 5151 3674 5204 ἔκλινεν
3708 5153 3786 5212 εἰς

2209 5247 2506 5318 χρημάτων
2557 5245 2886 5317 συναγωγὴν·
2953 5246 3043 5300 καὶ
3115 5247 3193 5306 εἰς
3251 5245 3442 5312 κτῆσιν
3503 5242 3780 5293 παντοίαν.

2192 5555 2417 5626 Proprie
2451 5555 2746 5626 ἀδυνάτους
2790 5551 3068 5622 appellant
3111 5549 3418 5626 causarios.
3449 5543 3593 5626 Vide
3616 5541 3788 5626 “Har.-

3241 5619 3375 5686 περὶ
3419 5617 3524 5670 τοῦ
3564 5612 3789 5670 ἁδονᾶς
3861 5654 3866 5657 ς
