4134 6386
418 430 423 433 _
513 366 622 424 305

1204 378 1575 438 ADVERSUS
1618 382 1958 442 llAERESES
1993 387 2123 457 LIB.
2165 388 2251 446 l'll.
2295 390 2456 446 Τυιι.
2500 393 2619 446 l.--
2648 394 2919 453 lleliES.
2949 394 3181 452 LXXIV.
3646 403 3750 456 E306

514 482 710 538 ’Ἀτινα
741 482 808 557 ἧν
851 489 1020 553 ταῦτα
1066 498 1392 563 συκοφαντία
1436 500 1535 568 μὲν
1585 504 1709 573 παρ’
1752 504 1983 568 ἐκείνου,
2020 508 2067 575 τῇ

2192 506 2491 576 inquiebat,
2516 510 2770 578 amplius,
2822 510 2914 579 qui
2968 510 3232 565 hactenus
3270 510 3392 577 fuit,
3428 512 3521 567 sed
3540 516 3605 567 ad
3639 531 3750 568 rem

513 575 571 628 δέ
598 576 825 651 ἀληθείᾳ
868 581 964 646 τὰς
1016 585 1474 656 ἐκκλησιαστικὰς
1518 593 1706 662 χρείας
1759 594 1895 664 ἔχων
1947 598 2067 666 μετέ

2189 575 2430 656 attentus
2451 609 2554 663 est.
2596 575 2650 656 et
2683 575 3031 657 cumulandis
3069 604 3263 673 opibus
3295 575 3438 660 totus
3466 606 3748 661 incumbit.

514 670 698 758 χεῖρας
733 671 762 723 6
795 672 1112 739 Εύστάθιος,
1160 675 1335 742 ἄλλως
1384 681 1483 734 ούκ
1529 682 1762 753 ⁴ὴδύνατο
1803 686 2079 758 πράττειν.

514 756 623 811 Καὶ
651 752 718 829 ἦν
745 758 945 817 πιθάνὰ
974 762 1041 818 τὰ
1080 766 1185 819 ὑπὸ
1222 766 1318 823 τοῦ
1356 752 1567 844 Ἀερίου
1596 752 1882 847 λεγόμενα.

582 1026 840 1098 Νομίσειε
872 1029 920 1082 δ’
949 1031 1015 1085 ἄν
1056 1048 1140 1097 τις
1168 1034 1302 1105 (7ι),
1332 1036 1650 1110 ἐπειδήπερ,
1688 1040 1829 1094 κατὰ
1870 1040 2081 1113 Ἀερίου

508 1116 777 1187 λέγοντες,
805 1122 1101 1178 Εύστάθιον
1122 1130 1539 1200 παρηγάγομεν,
1577 1132 1705 1202 μήτι
1739 1128 1848 1202 ἄρα
1879 1134 1971 1187 καὶ
1990 1134 2082 1188 τὸν

508 1208 802 1265 Εύστάθιον
827 1214 888 1266 ὲν
918 1214 1154 1281 ἐπαίνοις
1180 1218 1409 1288 ἔχομενς
1456 1220 1548 1275 τὸν
1583 1222 1682 1292 μὲν
1709 1222 1816 1295 γὰρ
1850 1224 1964 1293 βίον
1993 1226 2081 1279 αύ-

507 1298 600 1352 τοῦ
631 1302 724 1354 καὶ
761 1302 860 1374 τὴν
892 1304 1167 1360 πολιτείαν
1194 1310 1294 1363 οὐκ
1338 1310 1506 1379 ὀλίγοι
1538 1312 1730 1384 ἄνδρες
1772 1313 2080 1385 θαυμάζου-

505 1405 620 1444 σιν⁸
656 1390 766 1444 εἴθε
801 1390 858 1445 δὲ
890 1393 985 1447 καὶ
1008 1397 1075 1467 τῇ
1103 1397 1281 1451 πίστει
1325 1399 1501 1466 ὀρθῶς
1528 1402 1793 1474 ἐφρόνησε
1813 1406 1825 1458 i
1849 1406 1922 1459 Τὸ
1970 1407 2078 1481 γάρ

505 1482 717 1554 ’Δερίου
743 1483 761 1515 ⁸
790 1484 885 1538 καὶ
911 1485 1071 1551 αὐτὸς
1100 1487 1352 1560 άπαρχῆς
1373 1491 1477 1555 ἕως
1504 1492 1688 1557 τέλους
1709 1495 1963 1568 κατέσχε,
1982 1498 2078 1552 καὶ

501 1572 627 1627 οὔτε
678 1577 734 1629 αἱ
765 1575 972 1645 θλίψεις
1017 1577 1127 1632 τῶν
1168 1579 1426 1651 διωγμῶν
1475 1584 1637 1638 αὐτὸν
1676 1586 2072 1657 διωρθώσαντο.

502 1664 764 1738 Ἐδιώχθη
799 1666 907 1739 γὰρ
938 1669 1077 1740 μετὰ
1112 1670 1221 1725 τῶν
1254 1672 1384 1745 περὶ
1418 1674 1698 1730 Βασίλειον
1761 1679 1857 1732 καὶ
1890 1677 2076 1732 Ἐλεύ-

503 1773 616 1811 σιον
653 1757 749 1813 καὶ
800 1759 1039 1824 λοιπούς.
1070 1761 1255 1830 Ἔδοξε
1282 1762 1339 1816 δέ
1382 1765 1476 1818 καὶ
1506 1766 1642 1838 πρὸς
1682 1768 1933 1841 Λιϐέριον
1961 1770 2072 1840 (75)

2187 690 2317 757 Quae
2373 691 2592 762 quidem
2651 708 2745 762 per
2787 708 3055 749 summam
3110 694 3438 748 calumniam
3478 695 3549 748 ab
3590 697 3752 749 Aet-io

2181 783 2548 851 jactabautur.
2593 783 2907 840 Eustathius
2937 801 3087 851 vero,
3124 785 3217 855 qui
3251 785 3512 841 Ecclesia:
3540 788 3750 857 negotia

2184 872 2471 937 tractabat,
2502 873 2681 929 facere
2715 874 2871 928 aliter
2892 890 2999 928 non
3039 884 3270 944 poterat,
3296 875 3525 946 ideoque
3552 877 3752 947 proba-

2183 962 2365 1018 biliter
2391 964 2507 1019 haec
2525 964 2596 1018 ab
2621 965 2786 1019 Aerio
2806 965 3143 1021 dicebantur.

2251 1055 2515 1112 Caeterum
2589 1056 2860 1112 dubitabit
2911 1055 3142 1115 forsitan
3195 1058 3425 1128 aliquis,
3494 1058 3750 1127 quoniam

2180 1145 2326 1200 Aerii
2351 1147 2512 1204 istius
2533 1147 2821 1203 occasione
2848 1148 3183 1202 mentionem
3206 1146 3477 1203 Eustathii
3502 1147 3751 1212 fecimus,

2180 1252 2310 1301 num
2350 1236 2523 1307 ipsum
2579 1237 2796 1292 tandem
2836 1235 3178 1295 Eustathium
3226 1236 3557 1297 laudandum
3606 1239 3755 1291 arbi-

2180 1334 2389 1379 tremur
2414 1325 2438 1378 ?
2462 1341 2585 1380 nam
2628 1326 2770 1395 quod
2798 1325 2867 1380 ad
2895 1326 3014 1395 ejus
3038 1327 3164 1380 vitae
3199 1326 3505 1382 institutum
3538 1328 3753 1390 attinet,

2178 1429 2287 1469 non
2318 1416 2507 1486 paucis
2557 1416 2974 1473 admirationem
3022 1417 3250 1487 peperit.
3289 1416 3394 1484 Qui
3434 1418 3641 1473 utinam
3687 1418 3755 1471 ad

2181 1515 2380 1562 rectam
2410 1522 2474 1561 ac
2507 1508 2778 1563 sinceram
2811 1506 2969 1565 ﬁdem
3026 1509 3383 1565 adhaisisset!
3418 1508 3620 1563 Verum
3663 1509 3755 1563 hic

2177 1598 2231 1663 in
2250 1597 2364 1652 Arii
2394 1597 2647 1669 dogmate
2674 1614 2704 1653 a
2735 1600 3004 1671 principio
3029 1600 3098 1655 ad
3124 1599 3282 1656 finem
3306 1615 3479 1670 usque
3508 1616 3755 1670 perseve-

2176 1689 2336 1755 ravit,
2365 1690 2647 1762 nihiloque
2669 1693 3106 1763 persecutionum
3135 1694 3535 1748 calamitatibus
3557 1693 3751 1747 melior

2175 1776 2352 1835 factus
2370 1790 2474 1837 est.
2495 1779 2773 1852 Siquidem
2790 1799 2913 1838 cum
2940 1782 3140 1841 Basilio
3160 1792 3214 1838 et
3238 1783 3457 1840 Eleusio
3503 1800 3567 1838 ac
3593 1792 3753 1839 caete-

510 1847 731 1920 Ῥώμης
756 1849 847 1905 τὸν
878 1852 1187 1938 μακαρίτην
1224 1854 1555 1943 ⁹πρεσϐεύειν
1582 1858 1698 1928 ἆμα
1732 1859 1912 1925 ἄλλοις
1954 1864 2067 1916 ἐπι·

2178 1872 2253 1927 ris
2273 1847 2652 1942 persecutione
2673 1875 2913 1945 jactatus
2934 1884 3054 1943 est;
3087 1892 3151 1932 ac
3175 1876 3391 1932 videtur
3418 1885 3472 1932 et
3494 1877 3563 1932 ad
3594 1875 3753 1932 Libe-

500 1940 745 2006 σκόποις,
776 1941 871 1995 καὶ
891 1944 956 2014 τῇ
981 1935 1198 1997 ἐκθέσει
1224 1935 1327 2016 τῆς
1348 1946 1489 2000 κατὰ
1513 1947 1749 2003 Νίκαιαν
1776 1951 2074 2022 γενομένης

434 2014 463 2089 ἶ
499 2029 739 2094 συνόδου,
775 2033 871 2087 καὶ
898 2037 964 2107 τῇ
1005 2014 1401 2109 ὁμολογίαήτῆς
1436 2030 1740 2110 όρθοδοξίας
1771 2014 2076 2114 ύπογεγρα-

496 2122 676 2190 φέναι.
707 2124 802 2189 Εἰς
846 2124 1072 2198 ὕστερον
1102 2128 1161 2182 δὲ
1197 2128 1385 2202 ὥσπερ
1418 2132 1699 2203 μνησθεὶς,
1727 2135 1821 2188 καὶ
1856 2134 1916 2200 ἐξ
1937 2137 2075 2190 ὀνεί-

497 2229 607 2282 ρων
659 2213 917 2280 άναστὰς,
968 2216 1040 2271 τά
1085 2218 1280 2273 ἐαυτοῦ
1338 2220 1500 2275 πάλιν
1562 2222 1754 2293 πρῶτα
1810 2225 1908 2296 τῆς
1962 2226 2072 2281 τῶν

494 2302 789 2375 ’Ᾱρειανῶν
822 2307 1140 2375 κακοδοξίας
1183 2313 1647 2385 ἐπισκεπτόμενος
1680 2316 1739 2369 ού
1781 2316 2068 2374 διέλειπεν.

493 2394 684 2466 Ὅμως
704 2398 832 2469 περὶ
851 2399 1064 2471 Ἀερίου
1091 2402 1221 2473 ἡμῖν
1247 2406 1274 2458 6
1298 2404 1455 2474 λόγος
1477 2389 1620 2462 ἐστί.
1638 2406 1732 2461 Διό
1755 2404 1912 2474 αὖθις
1935 2412 2070 2483 πρὸς

493 2487 655 2545 αὐτὸν
682 2490 1093 2582 ἐπιστρεπτέον.

492 2742 497 2750 ³
561 2757 635 2813 F'.
671 2752 841 2824 Οὗτος
869 2762 898 2814 6
924 2759 1134 2834 ’Λέριος
1157 2761 1245 2817 διὰ
1273 2764 1400 2829 τοὺς
1441 2764 1717 2830 τοιούτους
1762 2767 1952 2836 λόγους
1977 2786 2066 2821 σε-

492 2853 752 2925 μνύνεται
796 2853 896 2924 μὲν
934 2854 1232 2923 ἀπθταξίαν
1260 2859 1317 2911 ἐν
1351 2856 1527 2931 ἀρχῇ⁸
1576 2858 1893 2915 καταλιπὼν
1917 2861 1974 2915 δέ
2009 2862 2071 2915 τὸ

488 2944 943 3019 πτωχοτροφεῖον,
987 2947 1322 3019 παρείλκυσε
1357 2950 1530 3005 πολὺν
1562 2951 1724 3024 χορὸν
1761 2953 1971 3024 ἀνδρῶν
2009 2971 2069 3007 τε

488 3032 896 3100 καὶγυναικῶν.
923 3035 1296 3109 ’Δπηλαύνετοη
1324 3038 1380 3093 δὲ
1407 3039 1573 3104 αὐτὸς
1599 3041 1740 3111 μετὰ
1773 3043 1873 3113 τῆς
1901 3043 2066 3097 αὐτοῦ

486 3125 596 3182 ἀπὸ
622 3125 731 3181 τῶν
768 3127 1075 3201 ἐκκλησιῶν
1110 3130 1206 3183 καὶ⁵
1249 3130 1435 3203 ἀγρῶν
1483 3132 1577 3186 καὶ
1607 3133 1817 3204 κωμῶν
1846 3134 2069 3189 καὶτῶν

486 3214 661 3273 ἄλλων
695 3194 937 3275 πόλεωνξ
974 3220 1242 3286 Πολλάκις
1276 3194 1340 3275 δὲ.
1365 3224 1505 3293 μετὰ
1544 3194 1739 3279 πολλοῦ
1776 3226 1932 3297 ὄχλου
1971 3227 2065 3280 τοῦ
2092 3194 2139 3254 θ

490 3310 618 3385 ἰδίου
656 3311 935 3383 νιφόμενοι
975 3313 1209 3385 ἀγρόθεν
1248 3314 1536 3383 διετέλουν,
1569 3316 1824 3390 ὔπαιθροί
1868 3335 1926 3373 τε
1974 3319 2067 3374 καὶ

486 3403 592 3457 ὑπὸ
613 3403 818 3474 πέτρας
832 3404 1195 3476 αὐλιζόμενοι,
1222 3409 1278 3461 ἐν
1296 3408 1448 3473 ὕλαις
1476 3410 1931 3480 καταφεύγοντες.
1957 3407 2067 3466 Ἦν

484 3496 543 3551 δὲ
564 3494 728 3551 αὐτοῦ
752 3500 781 3552 6
801 3497 961 3570 λόγος
989 3497 1261 3572 μανιώδης
1287 3501 1484 3572 μᾶλλον
1507 3503 1651 3575 ἥπερ
1681 3504 2066 3570 καταστάσεως

486 3588 869 3661 ἀνθρωπίνης’
930 3591 1027 3644 καί
1094 3609 1260 3664 φησι·
1302 3593 1368 3645 Τί
1415 3597 1562 3650 ἐστιν
1609 3596 1906 3662 ἐπίσκοπος
1951 3598 2062 3669 (76)

486 3682 623 3753 πρὸς
658 3680 1066 3754 πρεσϐύτερονς
1107 3684 1271 3738 Οὐδὲν
1298 3685 1601 3742 διαλλάττει
1645 3682 1800 3753 οὗτος
1836 3689 2059 3743 τούτοιν

489 3774 586 3844 μία
629 3774 736 3846 γάρ
794 3774 912 3827 ἐστι
971 3773 1127 3839 τάξις
1186 3777 1280 3830 καὶ
1329 3778 1449 3849 μία,
1502 3782 1655 3852 φησι,
1705 3783 1969 3853 τιμὴ,καὶ
2005 3784 2063 3838 ἒν

382 3878 385 3883 ’
486 3863 725 3937 ἀξίωμα.
798 3864 1137 3939 Χειροθετεῖ,
1198 3870 1381 3939 φησιν,
1440 3872 1755 3936 ἐπίσκοπος,
1795 3875 1929 3929 ἀλλὰ
1969 3879 2062 3931 καὶ

482 3960 511 4012 6
539 3958 929 4031 πρεσϐύτερος.
965 3961 1202 4031 Δουτρὸν
1227 3962 1441 4017 δίδωσιν
1468 3966 1497 4016 6
1520 3946 1836 4034 ἐπίσκοπος,
1861 3969 2060 4039 ὁμοίως

484 4052 579 4105 καὶ
607 4052 636 4104 6
662 4052 1047 4123 πρεσϐύτερος.
1080 4053 1192 4125 Τὴν
1212 4055 1525 4128 οἰκονομίαν
1543 4059 1641 4130 τῆς
1670 4059 1922 4132 λατρείας
1948 4061 2060 4132 (77)

485 4146 628 4198 ποιεῖ
651 4145 679 4196 6
701 4144 1016 4211 ἐπίσκοπος,
1042 4146 1134 4198 καὶ
1157 4147 1184 4199 6
1214 4147 1584 4220 πρεσϐύτερος
1603 4150 1885 4211 ὡσαύτως.
1914 4152 2063 4205 Καθ-

484 4236 667 4300 ἑζεται
695 4238 724 4289 6
761 4237 1059 4302 ἐπίσκοπος
1082 4238 1175 4291 ἐπὶ
1208 4239 1303 4292 τοῦ
1342 4239 1556 4311 θρόνου,
1584 4241 1875 4308 καθέζεται
1910 4244 2005 4297 καὶ
2032 4246 2061 4299 ὁ

484 4326 872 4400 πρεσϐύτερος.
925 4329 1018 4382 Ἐν
1069 4329 1246 4403 τούτῳ
1279 4331 1509 4397 πολλοὺς
1534 4334 1806 4406 ἠπάτησε,
1840 4335 1935 4388 καὶ⁵
1963 4336 2059 4406 dp;-

482 4418 650 4490 χηγὸν
693 4418 881 4472 τοῦτον
924 4420 1242 4492 ἐσχήκασιν.
1284 4420 1420 4478 Εἶτά
1497 4441 1671 4497 φησι·
1721 4428 1785 4481 Τί
1832 4429 1951 4482 ἐστι
1996 4431 2060 4483 τὸ

2174 1963 2317 2020 rium
2334 1966 2504 2022 beatae
2533 1969 2806 2025 memoria:
2827 1966 3131 2024 Romanum
3158 1970 3471 2040 episcOpum
3494 1985 3617 2024 cum
3632 1970 3754 2024 aliis

2172 2058 2443 2127 episcopis
2495 2058 2816 2129 legationem
2847 2059 3072 2124 obiisse,
3118 2070 3172 2115 et
3213 2061 3553 2131 expositione
3592 2060 3745 2123 fidei,

2178 2162 2302 2218 quae
2328 2153 2384 2203 in
2410 2147 2633 2204 Nicama
2672 2150 2882 2222 synodo
2914 2151 3192 2221 proposita
3219 2150 3416 2216 fuerat,
3449 2166 3513 2205 ac
3547 2152 3750 2206 sinceri

2176 2241 2450 2313 dogmatis
2501 2241 2834 2313 professioni
2896 2242 3311 2312 subscripsisse.
3356 2241 3552 2297 Postea
3599 2258 3748 2306 vero,

2171 2332 2317 2388 velut
2346 2348 2379 2388 a
2408 2348 2701 2405 somnose
2725 2348 2991 2390 revocans
3009 2349 3084 2389 .ac
3116 2334 3362 2404 priorum
3399 2334 3746 2396 recordatus,

2171 2424 2240 2480 ad
2293 2406 2554 2480 Arianam
2617 2424 2920 2496 perfidiam,
2968 2441 3130 2496 quam
3185 2425 3342 2481 initio
3399 2436 3746 2496 susceperat,

2172 2514 2504 2587 respiciendi
2531 2513 2692 2587 finem
2716 2515 2925 2570 nullum
2951 2515 3159 2569 habuit.
3180 2512 3382 2568 Verum
3409 2513 3479 2568 ad
3503 2515 3748 2577 Aerium,

2170 2607 2238 2662 de
2265 2621 2376 2676 quo
2406 2606 2687 2663 institutus
2719 2622 2750 2661 a
2780 2606 2938 2664 nobis
2964 2622 3143 2664 sci-mo
3178 2606 3302 2675 fuit,
3331 2605 3635 2662 revocanda
3664 2613 3750 2661 est

2173 2704 2377 2767 oratio.
3536 2768 3541 2773 .

2240 2790 2327 2845 lll.
2355 2790 2453 2861 Hic
2485 2791 2651 2863 igitur
2678 2798 2901 2863 propter
2928 2791 3197 2860 ejusmodi
3229 2793 3471 2847 rationes
3503 2790 3749 2847 omnium

2169 2899 2352 2939 rerum
2408 2884 2810 2941 abdicationem
2869 2883 3029 2951 initio
3074 2898 3184 2951 pra-
3234 2900 3294 2940 se
3339 2884 3502 2949 tulit;
3552 2882 3749 2938 deinde

2170 2974 2593 3046 ptochotmphio
2638 2974 2857 3035 relicto,
2890 2988 3140 3044 magnam
3181 2974 3290 3028 vim
3323 2989 3511 3029 secum
3544 2974 3738 3029 utrius-

2171 3080 2278 3137 que
2315 3080 2482 3127 sexus
2506 3064 2786 3119 hominum
2834 3061 3081 3127 abduxit,
3117 3064 3207 3134 qui
3252 3078 3447 3120 omnes
3469 3065 3539 3118 ab
3567 3063 3745 3123 eccle-

2171 3159 2291 3223 siis,
2326 3159 2496 3229 agris,
2547 3159 2701 3228 pagis
2727 3164 2783 3212 et
2822 3156 3038 3228 oppidis
3081 3158 3425 3214 arcebantur.
3459 3157 3746 3226 Ac-saepe-

2168 3264 2396 3313 numero
2425 3255 2573 3304 totus
2626 3248 2716 3302 ille
2741 3255 2917 3302 canus
2963 3249 3086 3302 nive
3117 3246 3373 3317 perfusus
3398 3248 3610 3321 passim
3649 3262 3747 3317 per

2167 3351 2389 3410 campos
2419 3337 2522 3393 sub
2554 3336 2643 3392 dio
2659 3336 2906 3406 degebat,
2936 3343 3031 3390 aut
3065 3335 3132 3389 ad
3161 3345 3431 3407 praerupta
3462 3350 3742 3398 saxorum,

2166 3432 2443 3499 silvasque
2464 3428 2835 3500 confugiebat.
2881 3425 2976 3483 Est
3010 3437 3189 3511 autem
3244 3428 3401 3511 illius
3425 3427 3622 3505 dogma
3652 3444 3745 3481 su-

2166 3536 2262 3592 pra
2298 3521 2537 3577 hominis
2569 3529 2787 3591 captum
2825 3496 3090 3577 furiostim
3123 3527 3177 3575 et
3211 3496 3465 3575 immane.
3520 3518 3575 3573 ln
3635 3521 3744 3587 pci-

2164 3614 2272 3670 mis
2304 3612 2480 3675 enim,
2521 3611 2792 3679 Quanam,
2820 3612 3016 3683 inquit,
3052 3612 3108 3666 in
3160 3627 3218 3666 re
3256 3611 3576 3682 presbytero
3597 3609 3745 3679 epis-

2164 3720 2334 3777 copus
2391 3704 2715 3781 antecellit?
2784 3703 3007 3759 Nullum
3061 3704 3204 3758 inter
3268 3711 3559 3770 utrumque
3623 3702 3741 3753 liis-

2165 3799 2374 3854 crimen
2405 3806 2513 3853 est.
2544 3796 2644 3853 Est
2675 3797 2823 3854 enim
2860 3797 3144 3852 amborum
3192 3812 3333 3852 unus
3362 3795 3521 3859 ordo,
3562 3810 3658 3864 par
3688 3801 3742 3847 et

2164 3891 2304 3946 idem
2332 3891 2508 3945 honor
2559 3905 2623 3945 ac
2654 3890 2915 3961 dignitas.
2947 3888 3139 3944 Manus
3170 3887 3400 3958 imponit
3428 3886 3742 3957 episc0pus,

2163 3981 2395 4051 imponit
2425 3991 2478 4036 et
2502 3981 2821 4051 presbyter;
2850 3979 3090 4049 haptizat
3123 3978 3436 4047 episc0pus,
3476 3976 3621 4031 idem
3661 3975 3742 4029 fa-

2161 4073 2237 4127 cit
2276 4082 2332 4127 et
2375 4073 2695 4144 presbyter;
2731 4073 2975 4128 divinum
3007 4086 3222 4125 omnem
3266 4070 3471 4123 cultum
3508 4067 3741 4121 admini-

2162 4173 2301 4219 strat
2331 4148 2644 4235 episcopus,
2690 4180 2799 4218 non
2849 4164 3031 4217 minus
3063 4160 3113 4216 id
3154 4159 3285 4214 facit
3330 4167 3384 4213 et
3430 4159 3736 4230 presbyter;

2160 4254 2452 4324 episcopus
2490 4253 2545 4308 in
2575 4253 2775 4307 throno
2813 4253 2985 4316 sedet,
3034 4250 3186 4307 sedet
3230 4249 3392 4319 907
3412 4255 3467 4304 et
3510 4248 3740 4319 presby-

2160 4356 2264 4401 ter.
2322 4345 2419 4401 ilis
2472 4346 2527 4400 in
2592 4346 2791 4415 vulgus
2819 4342 3042 4413 jactatis
3072 4342 3360 4412 plerosque
3400 4340 3453 4394 iu
3493 4356 3736 4395 errorem

2161 4426 2408 4502 abduxit,
2487 4452 2720 4507 quorum
2773 4444 2934 4490 secta:
3002 4433 3258 4502 princeps
3328 4431 3559 4485 exstitit.
3602 4428 3741 4483 Prag-

487 4510 698 4597 Πάσχα,
734 4511 871 4583 ὅπερ
899 4515 1026 4584 παρ’
1053 4514 1181 4585 ὑμῖν
1204 4515 1564 4584 ἐπιτελεῖται;
1603 4520 1916 4586 Ἰουδαϊκοῖς
1957 4523 2055 4577 πά-

2168 4537 2330 4591 tcrea,
2394 4527 2531 4595 Quid
2584 4535 2690 4590 est,
2751 4524 2954 4595 inquit,
3014 4523 3257 4585 Pascha,
3319 4522 3464 4592 quod
3512 4536 3541 4574 a
3584 4520 3738 4574 vobis

482 4600 566 4654 λιν
626 4601 816 4672 μύθοις
855 4605 1239 4676 προσανέχετε.
1288 4609 1363 4661 Οὐ
1440 4610 1550 4681 γὰρ
1596 4611 1720 4683 χρὴ,
1782 4615 1936 4684 φησὶ,
1998 4617 2060 4669 τὸ

482 4694 673 4766 Πάσχα
700 4696 990 4752 ἐπιτελεῖν.
1028 4696 1098 4752 Τὸ
1126 4697 1235 4769 γὰρ
1263 4700 1480 4771 Πάσχα
1518 4703 1689 4774 ἡμῶν
1715 4706 1895 4775 ἐτύθη
1922 4710 2058 4777 Χρι-

555 4853 570 4883 ¹
599 4852 728 4908 Cor.
767 4854 997 4925 Ἀρείου.

553 5006 664 5086 (74)
704 5007 982 5086 Nautaca;
1085 5006 1165 5086 dr-
1187 5026 1295 5075 τις.
1325 5008 1400 5065 De
1426 5010 1715 5086 Eustathio
1753 5012 2058 5086 Sebasteno

485 5076 574 5152 adi
611 5076 810 5152 praeter
840 5079 1342 5152 ecclesiasticarum
1386 5097 1572 5136 rerum
1607 5084 2058 5152 scriptores.Ba—

483 5146 666 5221 _s_ilium
694 5148 864 5221 epist.
906 5148 1012 5221 74,
1050 5159 1122 5221 et;
1147 5150 1268 5206 aliis
1309 5152 1637 5220 quibusdam
1676 5146 2052 5221 sequentibus.

472 5214 636 5293 llum:
660 5214 939 5293 ab'altero
967 5219 1214 5293 ejusdem
1259 5214 1500 5277 nominis
1530 5214 1837 5286 Eustathio,
1875 5225 1969 5293 qui
2001 5225 2056 5278 in

481 5284 787 5359 (ἴδηαι-εηεί
816 5284 1028 5359 synodo
1061 5291 1463 5347 condemnatus
1494 5300 1599 5353 est,
1634 5284 1913 5349 diversum
1934 5309 2058 5348 esse

479 5356 675 5426 prohat
693 5356 955 5413 adversus
983 5358 1286 5423 Socratem,
1317 5362 1700 5426 Sozomenum,
1752 5372 1807 5418 et
1831 5375 2058 5420 caeteros

480 5425 542 5479 in
568 5427 763 5481 Annal.
796 5428 1087 5491 Barouius,
1120 5432 1188 5484 ad
1217 5447 1307 5487 an.
1330 5433 1455 5487 519.

696 5498 912 5571 ξἘδοξε
940 5499 1008 5553 δὲ
1048 5498 1146 5552 καὶ
1176 5502 1325 5569 πρὸς
1364 5500 1650 5571 Λιϐέριον.
1679 5501 2056 5558 Maecdoniani

476 5567 839 5643 su_b_\_’alente
867 5570 1192 5643 imperatore
1218 5567 1529 5643 abAriani's
1548 5574 1817 5643 oppressi,
1851 5574 2056 5642 legatos

476 5636 545 5690 ad
584 5636 859 5694 Liberium
915 5636 1106 5709 papam
1149 5641 1444 5708 destinant,
1486 5636 1828 5697 Eustathium
1875 5636 2045 5697 Si-ba-

477 5714 717 5782 stenum,
746 5708 1022 5763 Silvanum
1049 5708 1375 5766 Tarsensem
1417 5722 1471 5765 et
1507 5715 1664 5775 alios,
1688 5730 1782 5778 per
1812 5730 1949 5782 quos
1974 5717 2052 5777 si;

477 5776 538 5830 τὸ
558 5779 840 5850 όμοούσιον
876 5783 1276 5839 consentientes
1303 5786 1499 5853 recepti
1528 5792 1674 5839 sunt.
1692 5776 1795 5840 Sed
1829 5776 1888 5840 ea
1917 5801 2051 5839 con-

2166 4615 2513 4670 celebratur?
2548 4614 2817 4668 Nimirum
2850 4614 2917 4668 ad
2960 4612 3272 4668 Iudaeorum
3307 4613 3483 4667 adhuc
3526 4610 3738 4664 fabulas

2168 4708 2577 4776 adhazrescitis;
2638 4723 2815 4778 neque
2883 4707 3027 4763 enim
3080 4704 3370 4761 Paschalis
3418 4703 3739 4760 sol'cmnitas

2156 5014 2278 5071 Silia
2306 5012 2379 5067 ab
2420 5009 2669 5065 Eudoxio
2710 5017 2897 5079 postea
2940 5008 3249 5079 disturbata
3288 5013 3436 5061 sunt.
3464 5004 3611 5079 Vich
3638 5005 3738 5079 So_-_

2156 5093 2361 5137 cratem
2394 5082 2489 5136 lib.
2540 5098 2625 5145 ιιι,
2677 5073 2798 5149 cap.
2846 5079 2931 5132 Η.
2985 5073 3737 5149 Eustathiusporrohiberii

2157 5152 2435 5223 pontificis
2480 5146 2895 5223 litterisml'relus
2933 5150 2996 5223 in,
3031 5146 3347 5223 Tyranensi
3375 5146 3610 5199 concilio
3649 5162 3736 5199 res

2158 5216 2384 5278 stitutus
2422 5230 2528 5275 est.
2560 5220 2798 5273 Basilius
2831 5217 2884 5271 in
2917 5216 3176 5286 epist.”
3197 5227 3251 5270 et
3285 5216 3375 5269 84.

2229 5292 2340 5363 (76)
2368 5293 2495 5363 Kal
2530 5306 2703 5358 5mm-
2747 5290 2805 5342 Τί
2831 5284 3015 5363 sarcir
3055 5288 3409 5363 ἐπίσκοπος.
3452 5285 3631 5363 Habes
3680 5284 3735 5338 in

2155 5357 2412 5418 Aci-ianuis
2457 5357 2774 5429 expressam
2831 5359 2996 5427 hujus
3042 5357 3300 5427 temporis
3351 5357 3733 5429 haereticorum

2157 5433 2474 5502 imaginem.
2526 5424 2708 5495 Quare
2754 5444 2877 5502 cum
2906 5424 3481 5502 illorunﬁdogmata,
3534 5424 3734 5502 quibus

2158 5494 2495 5557 recevntiores
2532 5494 2626 5554 isti
2662 5499 3094 5569 patrocinantnr,
3137 5496 3359 5569 danmat
3413 5511 3477 5569 ac
3534 5494 3733 5569 refellit

2156 5571 2524 5642 Epiphanius,
2561 5563 2780 5642 plenum
2816 5563 3100 5638 gravitatis
3143 5565 3598 5642 auter-itatisque
3644 5563 3729 5630 ju‘

2154 5638 2357 5697 diciiim
2396 5644 2447 5693 in
2480 5638 2702 5696 eoSdcm
2736 5640 2883 5707 ipsos
2916 5638 3257 5709 pronuntiat.
3300 5705 3309 5709 _
3468 5706 3494 5709 η
3547 5703 3596 5709 __
3694 5704 3699 5709 _

2222 5712 2336 5778 (77)
2381 5710 2497 5776 Τὴν
2528 5703 2873 5775 οἰκονομίαν
2920 5703 3045 5778 τῆς
3107 5705 3404 5775 λατρείας.
3459 5703 3598 5771 Quid
3661 5704 3734 5759 sil

2150 5784 2359 5837 (licetur
2390 5782 2454 5836 ad
2494 5780 2898 5856 Expositioneni
2931 5777 3076 5831 lidei.
