4134 6386
375 344 480 398 507

370 460 620 518 obeunda
677 479 690 515 :

367 564 445 608 est
491 551 733 608 Christus
761 555 799 607 '.
863 553 1039 622 Pergit
1090 554 1327 610 deinde:
1381 557 1441 611 Et
1483 576 1603 629 qua:
1647 563 1784 615 ratio
1845 574 1949 627 est,

370 647 567 717 inquit,
653 656 774 715 post
821 647 1028 701 obitum
1083 657 1424 705 mortuorum
1513 655 1788 724 appellare
1854 673 1952 710 no—

369 738 557 792 mina?
584 737 718 792 Nam
755 748 812 792 ut
861 739 1017 794 vivus
1076 747 1214 805 oret,
1263 749 1358 795 aut
1401 743 1454 796 in
1486 760 1753 814 pauperes
1811 747 1952 801 bona

371 843 470 883 sua
524 830 823 898 dispenset,
849 831 977 900 quid
1011 847 1076 885 ex
1117 846 1179 886 ea
1199 847 1257 886 re
1284 833 1503 888 tandem
1557 836 1625 889 ad
1675 848 1950 892 mortuum

371 921 544 975 redit?
599 921 804 988 Quodsi
858 923 1217 992 superstitum
1253 939 1445 993 preces
1490 926 1557 982 iis
1589 927 1682 996 qui
1745 944 1811 982 ex
1851 929 1952 983 hac

370 1015 481 1069 vita
515 1014 876 1070 discesserint
897 1015 1158 1085 opitulari
1185 1023 1416 1085 possunt
1442 1035 1455 1083 ;
1487 1033 1647 1074 nemo
1679 1019 1764 1088 pie
1793 1020 1950 1074 dein-

370 1122 499 1177 ceps
531 1118 654 1176 agat
689 1106 912 1178 aliquid,
946 1123 1121 1177 neque
1143 1107 1269 1163 boni
1309 1109 1608 1180 quidquam
1636 1109 1823 1174 faciat,
1856 1111 1949 1166 sed

371 1201 579 1254 amicos
607 1199 708 1256 sibi
746 1200 962 1270 aliquos
988 1216 1315 1271 quacunque
1360 1202 1570 1257 ratione
1599 1203 1726 1257 velit
1760 1203 1949 1272 adjun-

371 1301 492 1364 gat,
524 1293 639 1348 sive
671 1293 1026 1364 pecuniarum
1076 1293 1384 1362 largitione,
1416 1296 1530 1348 sive
1558 1295 1812 1364 precibus
1847 1295 1950 1350 hoc

373 1387 440 1439 ab
492 1386 598 1439 illis
637 1386 742 1440 sub
775 1384 902 1438 vitm
947 1383 1107 1437 linem
1157 1385 1429 1454 impetret,
1462 1391 1522 1438 ut
1551 1401 1648 1455 pro
1688 1402 1747 1440 se
1783 1384 1949 1440 Deum

372 1486 621 1545 exorent,
680 1485 740 1531 ut
793 1492 862 1531 ne
911 1477 1023 1530 illic
1068 1476 1273 1546 aliquid
1312 1476 1640 1530 incommodi
1686 1479 1948 1547 patiatur,

371 1587 472 1626 nec
517 1570 836 1624 immanium
889 1583 918 1621 a
950 1585 1008 1624 se
1047 1568 1352 1623 facinorum
1397 1583 1570 1639 poena:
1615 1580 1948 1639 repetantur.

368 1661 482 1717 Sed
528 1676 704 1730 neque
758 1659 973 1732 jejunii,
1037 1659 1236 1729 inquit,
1283 1659 1604 1714 instituendi
1669 1661 1778 1714 ulla
1810 1662 1953 1716 ratio

372 1764 477 1808 est.
514 1751 636 1808 Haic
665 1753 809 1807 enim
842 1751 1026 1806 omnia
1083 1749 1394 1805 Judaaorum
1435 1752 1657 1822 propria
1707 1762 1856 1818 sunt,
1898 1761 1952 1807 et

1793 359 1850 411 s.
1895 357 2237 416 EPll‘llANll
2303 333 2305 336 ⁴

759 460 1022 528 Quoniam
1095 461 1300 517 Pascha
1346 478 1582 520 nostrum
1643 469 1948 525 immolatus

2060 478 2215 541 στός.
2274 471 2405 528 Εἶτα
2461 477 2778 544 μετέπειτα,
2834 477 2950 531 Τίνι
2997 477 3072 548 τῷ
3132 479 3274 550 λόγῳ
3315 481 3454 551 μετὰ
3480 482 3642 538 θάνα-

3539 368 3642 428 503

2055 581 2145 615 τον
2193 563 2508 632 ὀνομάζετε,
2558 569 2742 636 φησὶν,
2792 568 3030 638 ὀνόματα
3077 570 3422 636 τεθνεώτων;
3473 573 3642 643 Εὔχε-

2061 670 2150 705 ται
2206 653 2334 724 γὰρ,
2397 655 2583 725 φησιν,
2639 658 2667 708 ὁ
2725 657 2854 720 ζῶν,
2917 659 2949 728 ἦ
2997 660 3311 729 οἰκονομίαν
3372 663 3637 732 ἐποίησε·

2053 744 2105 796 τί
2138 744 2554 816 ὠφεληθήσεται
2583 747 2611 799 ὁ
2640 747 2912 813 τεθνεώς;
2958 750 3018 802 Et
3070 749 3124 801 δὲ
3175 751 3312 814 ὅλως
3353 752 3485 823 εύχὴ
3535 754 3642 805 τῶν

2052 836 2290 890 ἐνταῦθα
2313 839 2438 901 τοὺς
2468 839 2650 891 ἐκεῖσε
2695 839 2928 909 ὤνησεν,
2965 843 3074 912 ἄρα
3101 842 3232 910 γοῦν
3277 843 3463 913 μηδεὶς
3490 845 3642 896 εὐσε-

2053 926 2239 991 ϐείτω,
2296 929 2431 1000 μηδέ
2481 930 2916 998 ἁγαθοποιείτωο
2947 932 3084 985 ἀλλὰ
3126 934 3419 1004 κτησάσθω
3457 935 3641 1004 φίλους

2051 1019 2204 1083 τινάς
2237 1019 2302 1072 δι’
2331 1015 2392 1074 οὗ
2443 1021 2689 1092 βούλεται
2718 1023 2940 1094 τρόπου,
2987 1026 3104 1095 ἤτοι
3135 1028 3380 1097 χρήμασι
3428 1029 3638 1091 πείσας,

2053 1112 2171 1182 ἢτοι
2201 1112 2388 1180 φίλους
2422 1112 2660 1177 ἀξιώσας
2701 1117 2758 1166 ἐν
2784 1117 2849 1185 τῇ
2881 1114 3126 1186 τελευτῇ,
3161 1117 3255 1170 καὶ
3295 1116 3640 1186 εὐχέσθωσαν

2054 1203 2182 1273 περὶ
2216 1203 2414 1268 αὐτῶν,
2452 1205 2538 1257 ἴνα
2569 1205 2642 1276 μή
2669 1221 2722 1257 τι
2755 1206 2872 1257 ἐκεῖ
2900 1205 3067 1278 πάθῃ,
3102 1206 3235 1276 μηδὲ
3270 1207 3335 1261 τὰ
3360 1209 3450 1260 ὑπ’
3475 1208 3637 1261 αὐτού

2053 1295 2323 1364 γενόμενα
2378 1295 2488 1347 τῶν
2557 1296 2870 1366 ἀνηκέστων
2922 1297 3340 1368 ἁμαρτημάτων
3409 1298 3639 1370 ἐκζητη-

2053 1386 2142 1456 θῇ.
2188 1386 2327 1439 Ἀλλ’
2379 1386 2503 1439 οὔτε
2545 1387 2788 1458 νηστεία,
2853 1389 3038 1459 φησιν,
3104 1389 3254 1443 ἔσται
3311 1392 3638 1463 τεταγμένη.

2053 1479 2241 1533 Ταῦτα
2278 1479 2388 1549 γὰρ
2439 1481 2705 1534 Ἰουδαϊκὰ
2742 1483 2878 1546 ἐστι,
2911 1481 3004 1534 καὶ
3045 1482 3148 1534 ὑπὸ
3188 1482 3349 1550 ζυγὸν
3377 1482 3638 1546 δουλείας.

2053 1569 2256 1638 Δικαίῳ
2294 1571 2403 1642 γὰρ
2434 1571 2603 1642 νόμος
2629 1572 2691 1624 ού
2731 1573 2929 1632 κεῖται,
2960 1570 3095 1624 άλλὰ
3138 1571 3496 1641 πατραλοίαις
3548 1573 3642 1625 καὶ

2057 1663 2415 1733 μητραλοίαις
2485 1664 2580 1716 καὶ
2632 1662 2859 1726 λοιποῖς.
2916 1663 2982 1717 Εἰ
3025 1663 3132 1734 γὰρ
3187 1662 3324 1726 ὅλως
3382 1661 3643 1732 βούλομαι

2055 1754 2356 1825 νηστεύειν,
2385 1755 2502 1809 οἷαν
2539 1755 2583 1808 δ’
2613 1755 2680 1808 ἂν
2710 1756 3007 1826 αἱρήσομαι
3036 1757 3248 1827 ἡμέραν
3271 1753 3642 1825 ἀπ’ἐμαυτοῦ,

381 1845 600 1902 cuidam
628 1844 908 1900 servitutis
931 1842 1064 1913 jugo
1090 1843 1356 1914 subjecta.
1386 1841 1600 1914 Quippe
1621 1843 1773 1914 justo
1807 1845 1955 1898 nulla

2060 1823 2304 1917 νηπεῦω
2329 1846 2419 1900 διὰ
2456 1845 2556 1918 τὴν
2584 1823 2923 1918 ἐλευθερίανξ
2951 1823 3115 1901 Ὅθεν
3150 1823 3282 1918 παρ’
3321 1823 3507 1909 αὐτοῖς
3550 1863 3645 1898 πε-

378 1939 466 1993 lex
519 1937 698 2007 posita
752 1941 860 1999 est,
905 1933 1001 1989 sed
1045 1932 1333 2003 parricidis
1372 1947 1436 1987 ac
1475 1932 1778 1988 matricidis
1815 1933 1956 1987 dun-

377 2039 529 2085 taxat
562 2039 615 2085 et
647 2029 701 2085 id
734 2043 906 2100 genus
959 2027 1085 2082 aliis
1115 2027 1158 2082 '.
1193 2025 1327 2080 Nam
1358 2025 1405 2081 si
1442 2025 1692 2096 jejunare
1731 2027 1956 2081 omnino

374 2121 731 2184 decreverim,
761 2134 1086 2190 quacunque
1135 2119 1353 2175 libuerit
1412 2118 1522 2183 die,
1555 2126 1751 2188 sponte
1787 2129 1840 2174 et
1873 2119 1958 2173 in-

379 2223 535 2284 tegra
565 2213 819 2268 libertate
843 2213 1123 2282 jejunabo.
1168 2211 1306 2266 Hinc
1336 2219 1420 2266 est
1452 2211 1597 2282 quod
1639 2212 1729 2266 isti
1773 2209 1956 2266 Domi-

373 2304 496 2357 nica
541 2301 628 2358 die
673 2302 923 2373 jejunare
1002 2303 1185 2374 potius
1234 2301 1529 2367 all'ectant,
1577 2312 1772 2373 quarta
1828 2317 1958 2357 vero

375 2405 640 2465 sextaque
664 2394 799 2450 feria
846 2403 1157 2450 vescantur.
1197 2393 1519 2464 Quanquam
1584 2408 1960 2464 saepenumero

375 2495 574 2556 quarta
611 2486 747 2542 feria
773 2487 1046 2558 jejunent,
1073 2502 1183 2541 non
1208 2487 1317 2541 ulla
1349 2487 1486 2556 lege,
1527 2486 1619 2541 sed
1658 2487 1955 2549 voluntate,

375 2590 436 2632 ut
465 2587 742 2644 asserunt,
819 2578 1054 2634 inducti.
1118 2577 1292 2633 Porro
1325 2578 1518 2634 diebus
1555 2578 1692 2648 ipsis
1722 2578 1960 2633 Pascha-

375 2676 467 2736 tis,
503 2672 649 2743 quod
679 2681 893 2743 tempus
927 2672 1078 2728 humi
1111 2671 1388 2737 cubando,
1425 2672 1807 2727 castimoniam
1845 2687 1961 2727 ser-

373 2766 554 2820 vando
585 2763 1000 2834 alllictandoque
1049 2777 1303 2832 corpore,
1339 2777 1552 2817 necnon
1584 2771 1638 2817 et
1679 2764 1959 2819 aridorum

374 2857 619 2910 ciborum
655 2871 779 2918 usu,
807 2855 1084 2926 precibus,
1123 2853 1344 2924 vigiliis,
1373 2853 1601 2924 jejuniis
1636 2869 1700 2910 ac
1734 2854 1960 2925 reliquis

375 2950 426 3003 id
459 2963 630 3020 genus
654 2947 1030 3003 saluberrimis
1059 2946 1306 3017 corporis
1324 2947 1661 3003 cruciatibus
1683 2947 1961 3003 celebrare

375 3041 635 3105 solemus,
665 3039 740 3114 illi
769 3054 800 3094 e
830 3038 1107 3093 contrario
1135 3037 1249 3108 jam
1279 3046 1393 3092 tum
1429 3039 1672 3094 diluculo
1699 3039 1959 3095 obsonari

374 3133 570 3195 solent,
602 3139 656 3188 et
721 3131 982 3187 carnibus
1043 3130 1281 3201 vinoque
1341 3130 1567 3187 distenti
1617 3131 1957 3196 cachinnari,

2055 1939 2404 2010 φιλοτίμηται
2449 1939 2652 2011 μᾶλλον
2682 1942 2740 1993 ἐν
2779 1941 3035 2012 κυριακῇ
3077 1939 3378 2010 νηστεύειν,
3410 1939 3645 2010 τετράδα

2054 2032 2112 2085 δὲ
2140 2031 2235 2086 καὶ
2291 2031 2681 2105 Προσάδὸατον
2734 2032 2954 2086 ἐσθίειν.
3004 2032 3272 2096 Πολλάκις
3321 2031 3375 2085 δὲ
3417 2032 3513 2085 καὶ
3547 2031 3646 2103 τὴν

2054 2124 2288 2196 τετράδα
2325 2124 2706 2195 νηστεύουσιν,
2744 2125 2866 2195 οὐχὶ
2897 2123 3106 2195 θεσμῷ,
3151 2123 3266 2177 ἁλλ’
3299 2123 3407 2194 ἰδίᾳ
3455 2140 3646 2194 προαι-

2059 2216 2227 2288 ρέσει,
2277 2218 2462 2288 φησίν.
2511 2217 2610 2270 Ἔν
2642 2233 2703 2269 τε
2749 2219 2868 2280 ταῖς
2900 2215 3136 2288 ἡμέραις
3176 2214 3270 2267 τοῦ
3309 2214 3522 2284 Πάσχα,
3552 2214 3640 2267 ὅτε

2059 2309 2186 2379 παρ’
2215 2309 2348 2379 ἡμῖν
2377 2307 2690 2380 χαμευνίαι,
2727 2309 2961 2375 ἁγνεῖαι,
2989 2305 3375 2368 κακοπάθειαι,
3414 2303 3642 2376 ξηροφα-

2057 2403 2194 2469 γίαι,
2231 2401 2410 2472 εύχαὶ,
2463 2401 2762 2472 ἁγρυπνίαι
2795 2417 2854 2452 τε
2905 2398 2998 2452 καὶ
3030 2401 3273 2470 νηστεῖαι
3313 2399 3408 2451 καὶ
3471 2398 3644 2450 πᾶσαι

2055 2493 2166 2545 τῶν
2203 2492 2393 2563 ψυχῶν
2437 2494 2494 2545 ai.
2537 2492 2803 2564 σωτηρίαι
2845 2490 2953 2543 τῶν
3003 2490 3176 2559 ἁγίων
3230 2488 3440 2551 παθῶν,
3490 2488 3645 2541 αὐτοὶ

2058 2582 2306 2636 ἁπέωθεν
2350 2581 2618 2661 ὀψωνοῦσι
2667 2580 2804 2652 κρέα
2843 2598 2902 2634 τε
2948 2581 3042 2633 καὶ
3087 2576 3249 2640 οἶνον,
3288 2577 3495 2630 ἑαυτῶν
3545 2576 3645 2639 τὰς

2060 2675 2264 2744 φλέϐας
2287 2676 2628 2746 γεμίζοντες,
2657 2675 3125 2744 άνακαγχάζουσι,
3147 2671 3432 2741 γελῶντες,
3460 2669 3648 2740 χλευά-

2060 2768 2243 2832 ζοντες
2267 2767 2394 2830 τοὺς
2423 2767 2523 2838 τὴν
2552 2767 2717 2836 ἁγίαν
2762 2766 2965 2838 ταύτην
2995 2765 3251 2836 λατρείαν
3283 2763 3383 2832 τῆς
3417 2761 3648 2830 ἐὸδομά-

2059 2856 2147 2921 δος
2175 2857 2266 2911 τοῦ
2300 2858 2491 2929 Πάσχα
2531 2855 2933 2919 ἐπιτελοῦντας.
2961 2857 3071 2909 Καὶ
3095 2855 3203 2925 γὰρ
3229 2856 3276 2907 εἰ
3304 2853 3396 2906 καὶ
3444 2853 3650 2906 ἀποτα-

2062 2947 2248 3002 κτικὸν
2292 2949 2592 3019 ἐσχήκασιν
2625 2941 2771 3002 οὗτοι
2808 2947 3030 3018 τρόπον,
3076 2947 3176 3000 ούκ
3229 2946 3466 3017 ησκηται
3518 2943 3650 3012 παρ’

2062 3039 2245 3101 αὐτοῖς
2265 3055 2278 3068 ·
2315 3038 2449 3092 πολὺ
2472 3039 2529 3092 δέ
2559 3056 2610 3091 τι
2640 3038 3002 3110 κρεωφαγιῶν
3029 3039 3122 3090 καὶ
3150 3035 3467 3090 οἰνοποσιῶν
3491 3049 3505 3062 ⁶
3533 3033 3649 3086 ἀλλ’

2065 3131 2112 3183 εἰ
2139 3129 2246 3202 ἄρα
2288 3130 2432 3195 τινὲς
2467 3131 2683 3185 σπάνιοι
2717 3132 2775 3184 ἐν
2811 3130 2962 3201 μέσῳ
2998 3128 3178 3182 αὐτῶν
3217 3129 3309 3181 ἀπ’
3353 3126 3487 3189 ιδίας
3512 3141 3647 3196 προσ

376 3223 577 3286 ridere,
611 3237 840 3293 eosque,
880 3222 974 3292 qui
1023 3222 1170 3276 illam
1219 3219 1504 3277 Paschatis
1570 3221 1959 3277 hebdomadem

2063 3224 2326 3296 αιρέσεως
2355 3224 2625 3294 βούλοιντο
2654 3223 2832 3278 τοῦτο.
2859 3221 3077 3279 Μᾶλλον
3097 3221 3154 3275 δέ
3186 3223 3325 3274 εἰσιν
3353 3221 3401 3271 οἱ
3430 3218 3646 3281 πλείους

377 3315 747 3371 sanctissimis
794 3315 903 3372 illis
954 3315 1314 3387 religionibus
1357 3314 1689 3380 traducunt,
1731 3315 1959 3370 ludibria

2061 3317 2242 3370 αὐτῶν
2284 3317 2612 3388 κεχρημένοι
2655 3316 2934 3386 δαψιλέσιν
2986 3313 3196 3367 ἐδωδῶν
3250 3310 3651 3384 σαρκοφαγίαις

375 3409 595 3464 habere.
631 3406 844 3463 Etenim
892 3409 1113 3462 tametsi
1151 3408 1464 3464 renuntiare
1499 3423 1558 3463 se
1590 3407 1756 3463 rebus
1789 3407 1959 3461 omni-

2062 3407 2157 3462 καὶ
2187 3401 2539 3474 οίνοποσίαις,
2585 3407 2662 3472 ὡς
2709 3406 2969 3470 πολλάκις
3005 3406 3163 3476 ἔφην.
3198 3403 3386 3456 Ταῦτά
3415 3404 3530 3456 ἐστι
3582 3402 3654 3456 τὰ

378 3501 480 3554 bus
505 3501 884 3571 proliteantur,
939 3499 1166 3553 minime
1218 3508 1400 3553 tamen
1457 3499 1583 3553 vita:
1619 3497 1756 3553 illud
1807 3498 1959 3554 insti-

2063 3500 2217 3570 παρὰ
2256 3500 2464 3570 Ἀερίου
2493 3498 2572 3570 τῷ
2611 3498 2712 3568 βίῳ
2745 3497 3092 3569 ἐξεμεθέντα.

379 3598 555 3644 tutum
580 3591 895 3656 observant,
948 3589 1042 3646 sed
1082 3590 1342 3648 carnibus
1391 3605 1456 3646 ac
1504 3589 1812 3646 vinolentia:
1860 3591 1982 3662 plus
2030 3607 2189 3664 atquo
2242 3593 2556 3665 indulgent,
2608 3593 2715 3647 nisi
2766 3590 2906 3646 forte
2965 3590 3122 3662 pauci
3180 3589 3469 3644 admodum
3512 3587 3651 3640 inter

381 3685 502 3739 illos
527 3695 722 3755 sponte
756 3700 854 3740 sua
901 3685 1137 3756 priorem
1168 3685 1316 3740 illam
1349 3687 1475 3742 vita
1522 3686 1792 3741 rationem
1825 3687 2118 3743 retineant.
2148 3687 2339 3759 Hajori
2395 3688 2541 3744 enim
2589 3703 2652 3744 ex
2693 3694 2846 3758 parte
2894 3686 3220 3759 largioribus
3269 3684 3468 3754 epulis,
3529 3696 3652 3736 car-

382 3778 544 3833 nibus
605 3793 668 3834 ac
714 3779 843 3834 vino
880 3795 1001 3835 sese
1050 3781 1406 3852 ingurgitant,
1444 3786 1504 3836 ut
1559 3781 1894 3836 non'semel
1950 3781 2209 3840 diximus.
2271 3783 2398 3838 Haec
2457 3770 2584 3838 sunt
2638 3784 2937 3852 praecipue,
2988 3796 3108 3852 quae
3146 3779 3343 3835 Acrius
3407 3778 3464 3832 in
3509 3776 3653 3832 hunc

382 3873 646 3927 mundum
673 3875 934 3928 evomuit.

460 3964 547 4022 IV.
586 3966 782 4023 Eadem
815 3969 930 4040 ipsa
962 3985 1127 4042 porro
1159 3979 1392 4026 mentem
1415 3968 1560 4025 illius
1596 3981 1661 4025 ac
1687 3968 1959 4041 perﬁdiam

2152 3968 2225 4019 A'.
2273 3963 2642 4018 ’Υποδεικνύει
2673 3963 2850 4018 τοίνυν
2877 3962 2974 4033 τὴν
3001 3961 3207 4015 ἔννοιαν
3234 3961 3329 4014 καὶ
3355 3960 3455 4032 τὴν
3487 3960 3653 4014 αὐτοῦ

384 4056 675 4115 manifeste
721 4058 1024 4126 declarant,
1079 4078 1202 4133 qua:
1249 4062 1304 4117 in
1347 4061 1627 4115 hominum
1657 4076 1829 4130 genus
1863 4061 1959 4112 im-

2072 4056 2351 4118 άπιστίαν,
2392 4058 2486 4110 καὶ
2515 4055 2584 4109 τὰ
2621 4056 2688 4109 δι’
2714 4055 2880 4110 αὑτοῦ
2910 4055 3073 4109 πάλιν
3102 4054 3179 4126 τῷ
3228 4053 3328 4126 βίῳ
3358 4057 3437 4118 είς
3482 4071 3652 4109 κακο-

386 4152 558 4221 probo
585 4152 816 4209 artillcio
839 4169 932 4226 per
949 4169 1219 4210 summam
1251 4153 1520 4209 insaniam
1560 4150 1770 4207 eliudit.
1800 4151 1959 4223 908

2073 4151 2312 4220 μήχανον
2333 4149 2529 4220 τέχνην
2552 4147 3006 4219 ἐμϐροντηθένταο
3036 4149 3114 4210 εἰς
3136 4146 3193 4200 δὲ
3211 4145 3309 4208 τὰς
3337 4147 3472 4218 πρὸς
3495 4147 3655 4200 αὑτὸν

387 4246 668 4302 Adversus
700 4262 821 4317 qua:
852 4247 944 4302 ubi
979 4247 1169 4317 paucis
1211 4245 1699 4316 disputaverimus,
1731 4245 1959 4300 missum

2068 4240 2372 4303 ἀντιθέσεις
2405 4237 2759 4309 ἐλευσόμεθα,
2785 4238 2940 4307 ὀλίγα
2961 4237 3333 4308 διηγούμενοι⁹
3361 4239 3453 4291 καὶ
3484 4238 3656 4302 οὕτως

390 4338 541 4392 illum
584 4336 868 4394 iaciemus.
908 4337 1198 4392 Enimvero
1231 4346 1406 4392 totum
1458 4338 1590 4392 illud
1643 4337 1959 4393 stoliditatis

2072 4330 2489 4402 παρερχόμενοι.
2537 4328 2645 4384 Καὶ
2675 4330 2756 4383 ὅτι
2809 4330 2908 4401 μὲν
2942 4328 3255 4400 ἀφροσύνης
3305 4330 3422 4382 ἐστὶ
3453 4329 3566 4400 (78)
3595 4330 3656 4382 τὸ

387 4445 511 4485 esse
540 4428 918 4500 plenissimum
949 4428 1190 4499 prudens
1220 4430 1452 4500 quisque
1487 4429 1646 4484 facile
1680 4429 1961 4499 perspicit,

2074 4425 2180 4476 πᾶν
2205 4422 2477 4493 ἔμπλεων,
2509 4424 2620 4486 τοῖς
2646 4421 2860 4476 σύνεσιν
2885 4421 3242 4492 κεκτημένοις
3269 4420 3428 4474 τοῦτο
3456 4421 3617 4492 δῆλον
3637 4437 3650 4450 ·

388 4521 532 4575 velut
598 4536 720 4575 cum
775 4522 1090 4592 episcopum
1133 4535 1196 4575 ac
1244 4521 1621 4594 presbyterum
1681 4521 1959 4591 adu-quare

2071 4515 2130 4568 τὸ
2149 4515 2326 4584 λέγειν
2347 4513 2506 4568 αὐτὸν
2523 4515 2818 4568 ἐπίσκοπον
2839 4515 2933 4567 καὶ
2960 4513 3328 4586 πρεσϐύτερον
3355 4513 3468 4566 ἴσον
3492 4509 3652 4568 εἶναι.

389 4619 638 4667 conatur.
671 4611 785 4668 Hoc
811 4613 956 4668 enim
1008 4621 1268 4668 constare
1302 4613 1395 4684 qui
1442 4613 1654 4683 potest?
1689 4613 1970 4683 Siquidem

389 4704 772 4774 episcoporum
831 4705 969 4759 ordo
1025 4705 1092 4759 ad
1143 4705 1445 4776 gignendos
1483 4715 1666 4776 patres
1703 4705 1974 4776 praecipue

392 4796 646 4864 pertinet.
675 4795 850 4868 llujus
881 4798 1024 4851 enim
1049 4806 1131 4852 est
1160 4805 1376 4868 patrum
1412 4797 1466 4850 in
1500 4797 1742 4852 Ecclesia
1775 4811 1974 4868 propa-

392 4888 556 4955 gatio.
590 4889 743 4943 Alter
765 4904 890 4943 cum
928 4897 1112 4959 patres
1142 4905 1251 4942 non
1289 4888 1484 4958 possit,
1523 4889 1664 4943 lilios
1714 4886 1973 4943 Ecclesia:

395 4981 820 5052 regenerationis
869 4981 1072 5035 lotione
1113 4980 1387 5049 producit,
1426 4997 1532 5034 non
1577 4989 1759 5035 tamen
1789 4988 1973 5050 patres

395 5081 488 5124 aut
514 5073 827 5142 magistros.
886 5070 1118 5137 Quinam
1157 5087 1286 5126 vero
1314 5071 1428 5127 ﬁeri
1464 5079 1659 5141 potest,
1695 5080 1751 5124 ut
1779 5072 1824 5128 is
1855 5088 1976 5142 pre-

396 5165 676 5235 sbyterum
709 5164 1026 5227 constituat,
1060 5163 1126 5218 ad
1171 5178 1331 5236 quem
1371 5165 1668 5218 creandum
1714 5177 1975 5218 manuum

400 5256 844 5326 imponendarum
886 5257 976 5325 jus
1022 5257 1228 5311 nullum
1276 5256 1514 5310 habeat?
1549 5256 1652 5309 Aut
1701 5255 1978 5324 quomodo

400 5349 682 5420 presbyter
738 5351 997 5420 episcopo
1055 5350 1162 5403 diei
1222 5357 1398 5418 potest
1470 5348 1738 5416 aequalis?
1776 5345 1978 5399 Verum

2072 4606 2184 4660 Καὶ
2213 4607 2329 4672 πῶς
2372 4606 2526 4660 ἐσται
2554 4607 2713 4660 τοῦτο
2749 4606 3003 4671 δυνατόν;
3034 4597 3111 4659 ’Ἦ
3143 4606 3240 4677 μὲν
3268 4607 3378 4678 γάρ
3405 4609 3522 4660 ἐστι
3548 4623 3655 4659 πα-

2071 4697 2244 4769 τέρων
2272 4699 2563 4770 γεννητικὴ
2609 4697 2759 4763 τάξις
2780 4715 2792 4728 ·
2822 4697 3066 4767 πατέρας
3101 4696 3209 4769 γὰρ
3231 4699 3396 4768 γεννᾷ.
3430 4701 3496 4768 τῇ
3535 4699 3657 4751 Ἐκ-

2074 4789 2274 4861 κλησίᾳ
2296 4807 2310 4820 ο
2340 4793 2372 4862 ὴ
2403 4790 2481 4853 δὲ,
2524 4789 2766 4861 πατέρας
2794 4789 2868 4861 μὴ
2893 4789 3166 4860 δυναμένη
3194 4791 3409 4858 γεννᾷν,
3443 4789 3529 4844 διὰ
3560 4789 3658 4858 τῆς

2071 4881 2164 4934 τοῦ
2200 4882 2426 4952 λουτροῦ
2471 4881 2891 4950 παλιγγενεσίας
2915 4881 3082 4935 τέκνα
3115 4883 3282 4952 γεννᾷ
3309 4884 3376 4950 τῇ
3425 4882 3655 4950 Ἐκκλη-

2075 4975 2186 5044 σία,
2219 4974 2278 5026 οὐ
2311 4974 2416 5044 μὴν
2450 4973 2692 5045 πατέρας
2718 4973 2752 5043 ἢ
2778 4972 3147 5036 διδασκάλους.
3176 4971 3287 5025 Καὶ
3317 4972 3434 5034 πῶς
3461 4967 3572 5025 οἷόν
3599 4989 3656 5024 τε

2073 5063 2141 5138 ἦν
2163 5067 2252 5120 τὸν
2288 5066 2656 5138 πρεσϐύτερον
2685 5067 2966 5137 καθιστᾷν,
2999 5067 3072 5137 μὴ
3099 5065 3291 5136 ἔχοντα
3321 5065 3660 5138 χειροθεσίαν

2075 5161 2169 5215 τοῦ
2214 5165 2572 5234 χειροτονεῖν,
2608 5162 2641 5233 ἢ
2685 5164 2859 5215 εἰπεῖν
2892 5161 3056 5216 αὑτὸν
3089 5158 3227 5213 εἶναι
3269 5160 3380 5213 ἴσον
3411 5159 3488 5230 τῷ
3539 5161 3659 5210 ἐπι-

2080 5255 2297 5325 σκόπῳς
2352 5254 2626 5325 Ὴπάτησε
2673 5253 2731 5306 δέ
2782 5255 2872 5307 τὸν
2923 5252 3322 5324 προειρημένον
3385 5251 3594 5322 Ἀέριον
3625 5251 3658 5319 ὴ

2081 5347 2244 5399 αὐτοῦ
2274 5347 2555 5417 ἐρεσχελία
2588 5347 2681 5400 καὶ
2715 5348 2742 5398 ὁ
2771 5346 2950 5415 ζῆλος.

398 5442 618 5497 Aerium
668 5444 830 5498 istum
884 5445 1048 5497 nimia
1089 5443 1335 5522 qumdam
1391 5441 1696 5510 procacitas
1746 5440 2126 5507 mmulatioquc
2162 5439 2391 5508 decepit.

475 5559 488 5586 ¹
519 5557 533 5608 Ι
565 5555 692 5610 Cor.
718 5575 768 5620 v,
795 5557 846 5612 7.
926 5561 946 5591 ’
977 5555 993 5609 I
1022 5556 1160 5610 Tim.
1191 5573 1228 5622 I,
1261 5559 1312 5610 9.

476 5680 586 5744 (-78)
619 5681 724 5732 Καὶ
760 5679 988 5745 ὅτιμὲν
1047 5678 1397 5746 ἀφροσύνης
1447 5677 1638 5730 ἐστίν.
1678 5675 1957 5746 Disputavi

2084 5672 2213 5746 dum
2266 5672 2555 5746 dissolvit:
2609 5674 2702 5740 qui
2756 5673 2808 5746 in
2859 5671 3087 5739 epistola
3120 5671 3188 5723 83$
3235 5666 3310 5746 ad
3379 5664 3664 5746 [ivngi-ium

407 5734 491 5804 dc‘
525 5734 586 5802 ea
637 5734 939 5817 qumstione
971 5734 1650 5816 copuisissimc"llaronius
1681 5747 1745 5800 ad
1779 5734 1983 5798 annum
2085 5743 2397 5817 nihilolim
2451 5734 2740 5817 epism'pos
2796 5734 2935 5817 inter
2985 5757 3046 5792 ac
3105 5740 3453 5810 presbyteros
3496 5734 3665 5788 ltussc

405 5822 498 5888 5.3,
533 5821 620 5876 ubi
649 5813 1020 5876 dillicillimum
1045 5813 1119 5875 ex
1163 5818 1476 5889 Hieronymi
1515 5819 1838 5874 auctoritate
1885 5831 1988 5870 no-
2085 5813 2419 5869 discriminis
2461 5813 2760 5868 allirmasse
2788 5813 3023 5865 videtur.
