4134 6386
442 375 545 433 509

1091 379 1454 437 ADVERSUS
1495 381 1838 437 ll.-ERESES
1880 383 2004 438 LIB.
2049 387 2136 441 ΙΙΙ.
2181 389 2342 444 TUM.
2389 390 2427 444 l.
2470 421 2537 428 —
2581 389 2853 444 lldﬂllES.
2909 386 3118 442 LXXV.

3611 383 3714 438 5H)

511 492 586 546 ΕΩ
608 493 769 562 Φέρει
787 493 843 546 δὲ
867 494 944 556 εἰς
963 494 1158 547 ἑαυτοῦ
1179 496 1384 567 πλάνην
1401 498 1494 548 καὶ
1518 498 1623 549 τῶν
1642 497 1805 550 αὑτοῦ
1824 500 2029 551 ἀκουόν-

2214 502 2276 558 ν.
2321 509 2388 558 At
2414 505 2558 560 enim
2587 513 2644 558 ut
2685 512 2794 558 tam
2827 503 2932 558 sibi
2973 518 3134 571 qnam
3167 501 3506 555 auditoribus
3543 501 3716 571 impo-

438 604 566 648 των,
588 585 671 638 ὅτι
695 588 723 639 ὁ
758 586 1077 650 Ἀπόστολος
1097 589 1300 658 γράφει
1324 589 1713 660 πρεσϐυτέροις
1739 591 1833 643 καὶ
1856 591 2033 644 διακό-

437 695 567 740 νοις,
588 678 681 730 καὶ
696 677 756 730 οὐ
785 678 985 747 γράφει
1003 679 1342 743 ἐπισκόποις.
1359 679 1555 750 Καὶτῷ
1576 680 1859 750 ἐπισκόπῳ
1874 683 2025 753 φησί·

437 773 492 824 Μ
503 769 534 838 ὴ
563 769 767 839 ἀμέλει
806 769 913 823 τοῦ
945 771 1015 824 ἐν
1043 772 1142 824 σοὶ
1171 774 1560 841 χαρίσματος,
1587 767 1659 826 οὗ
1699 772 1911 838 ἔλαϐες
1932 772 2031 825 διὰ

437 859 653 929 χειρῶν
683 860 789 914 τοῦ
823 862 1254 929 πρεσϐυτερίου
1281 878 1292 890 ·
1325 862 1488 915 πάλιν
1514 863 1569 915 δὲ
1599 865 1656 916 ἐν
1683 863 1826 934 ἄλλῳ
1849 863 2026 934 τόπῳ’

451 953 838 1020 Ἐπισκόποις
891 953 994 1007 καὶ
1059 953 1392 1021 διακόνοις·
1451 956 1526 1018 ὡς
1601 951 1780 1016 εἶναι,
1855 957 2028 1026 φησι,

436 1045 528 1097 τὸν
599 1044 761 1097 αὑτὸν
838 1045 1154 1110 ἐπίσκοπον,
1227 1047 1318 1100 τὸν
1393 1046 1552 1099 αὑτὸν
1630 1048 2018 1120 πρεσϐύτερον.

438 1137 548 1190 Καὶ
576 1137 679 1190 οὐκ
712 1132 854 1192 οἷδεν
885 1139 913 1189 ό
937 1137 1035 1210 τὴν
1064 1139 1386 1192 ἀκολουθίαν
1418 1140 1514 1210 τῆς
1547 1140 1808 1210 ἀληθείας
1836 1142 2030 1212 ἀγνοή-

439 1245 558 1292 σας,
601 1230 695 1282 καί
723 1230 987 1301 ἱστορίαις
1027 1229 1354 1300 βαθυτάταις
1385 1231 1461 1303 μὴ
1494 1232 1752 1303 ἐντυχὼν,
1777 1234 1879 1297 ὅτι,
1909 1235 2028 1287 νέου

435 1321 589 1383 ὄντος
625 1319 720 1374 τοῦ
756 1321 1136 1392 κηρύγματος,
1167 1323 1303 1394 πρὸς
1337 1323 1405 1376 τὰ
1447 1324 1822 1378 ὑποπίπτοντα
1863 1324 2030 1397 ἔγρα-

438 1431 536 1480 φεν
566 1414 595 1466 ό
633 1411 786 1482 ἅγιος
832 1413 1171 1478 Ἀπόστολος.
1208 1413 1388 1469 Ὅπου
1431 1417 1528 1487 μὲν
1569 1411 1713 1488 ἦσαν
1742 1417 2030 1470 ἐπίσκοποι

437 1506 538 1577 ἤδη
580 1505 1036 1570 κατασταθέντες,
1073 1507 1313 1577 ἔγραφεν
1358 1508 1678 1571 ἐπισκόποις
1717 1509 1812 1562 καὶ
1848 1507 2030 1561 διακό-

436 1615 568 1660 νοις.
602 1596 681 1651 Οὑ
725 1597 836 1668 γὰρ
870 1599 1048 1652 πάντα
1094 1599 1254 1663 εὐθὺς
1284 1599 1624 1671 ἠδυνήθησαν
1657 1601 1706 1653 οί
1741 1599 2030 1654 ἀπόστολοι

436 1692 798 1762 καταστῆσαι.
829 1692 1226 1764 Πρεσϐυτέρων
1252 1693 1360 1765 γὰρ
1381 1693 1592 1762 ἐγίνετο
1611 1694 1770 1765 χρεία
1797 1694 1891 1746 καὶ
1915 1693 2031 1747 δια-

436 1784 630 1837 κόνων.
657 1783 755 1837 Διά
789 1783 900 1854 γὰρ
944 1783 1053 1836 τῶν
1098 1784 1192 1837 δύο
1237 1784 1441 1838 τούτων
1484 1785 1553 1839 τὰ
1598 1783 2029 1856 ἐκκλησιαστικά

434 1877 689 1930 δύνανται
722 1849 1083 1948 πληροῦσθαι.
1110 1877 1286 1931 Ὅπου
1319 1877 1376 1930 δὲ
1404 1878 1503 1947 οὐχ
1536 1877 1734 1949 εὑρέθη
1758 1849 1851 1941 τις
1878 1875 2028 1944 ἄξιος
2063 1849 2102 1905 Β

436 1967 771 2037 ἐπισκοπῆς,
802 1967 1017 2038 ἔμεινεν
1043 1967 1072 2019 ὀ
1094 1967 1257 2032 τόπος
1293 1967 1461 2039 χωρὶς
1493 1968 1817 2022 ἐπισκόπου.
1852 1969 2026 2022 Ὅπου

437 2061 493 2114 δὲ
527 2061 718 2129 γέγονε
747 2061 928 2132 χρεία,
957 2061 1052 2114 καὶ
1069 2057 1210 2133 ἦσαν
1233 2060 1372 2126 ἄξιοι
1404 2062 1731 2133 ἐπισκοπῆς,
1764 2062 2029 2116 κατεστά-

440 2154 612 2222 θησαν
641 2155 952 2208 ὲπίσκοποι.
983 2153 1229 2225 Πλήθους
1256 2155 1313 2208 δὲ
1348 2154 1422 2226 μή
1461 2154 1632 2220 ὄντος,
1664 2154 1762 2226 οὑχ
1800 2153 2031 2226 εὑρέθη-

442 2261 541 2299 σαν
571 2246 629 2297 ὲν
658 2246 845 2308 αὑτοῖς
883 2244 1247 2318 πρεσϐύτεροι
1279 2245 1708 2315 κατασταθῆναι,
1741 2245 1837 2298 καὶ
1864 2245 2030 2316 ήρκέ-

441 2335 646 2407 σθησαν
673 2336 766 2390 ἐπὶ
797 2335 875 2407 τῷ
904 2335 1047 2390 κατὰ
1073 2336 1238 2390 τόπον
1270 2336 1418 2408 μόνῳ
1441 2336 1746 2407 ἐπισκόπῳ.
1780 2337 1944 2388 Ἀνευ
1973 2334 2030 2388 δὲ

433 2430 680 2484 διακόνου
711 2429 1009 2483 ἐπίσκοπον
1032 2427 1292 2483 ἀδύνατον
1319 2423 1479 2484 εἶναι.
1511 2428 1623 2483 Kal
1647 2428 2030 2499 ὲπεμελήσατο

433 2525 463 2576 ὁ
493 2522 648 2592 ἆγιος
689 2521 1012 2585 ’Δπὸστολος
1049 2521 1330 2586 διακόνους
1358 2517 1494 2575 εἶναι
1524 2519 1602 2592 τῷ
1631 2521 1916 2591 ὲπισκόπῳ
1943 2519 2032 2573 διὰ

433 2616 532 2692 τὴν
559 2616 890 2691 ὑπηρεσίαν.
928 2602 1090 2670 Οὑτωί
1118 2616 1218 2686 τῆς
1255 2614 1584 2686 Ἐκκλησίας
1611 2613 1888 2684 λαϐούσης
1917 2612 2030 2683 (79)

434 2714 504 2768 τά
535 2710 880 2785 πληρώματα
907 2709 1006 2780 τῆς
1029 2709 1363 2780 οἰκονομίας,
1393 2707 1538 2761 οὑτω
1564 2707 1683 2760 κατ’
1705 2708 1884 2761 έκεῖνο
1909 2723 2032 2759 και-

437 2806 533 2878 ροῦ
563 2802 707 2877 ἦσαν
737 2807 790 2859 oi.
843 2806 1024 2860 τόποι.
1059 2803 1169 2859 Kal
1211 2803 1320 2874 γὰρ
1363 2802 1594 2856 ἕκαστον
1650 2802 1885 2874 πρᾶγμα
1931 2801 2032 2854 οὑκ

434 2899 692 2970 ἀπαρχῆς
732 2897 804 2952 τὰ
851 2897 1032 2952 πάντα
1081 2896 1269 2966 ἔσχεν·
1307 2893 1445 2948 ἀλλά
1498 2891 1886 2964 προϐαίνοντος
1932 2890 2026 2944 τοῦ

435 2992 629 3065 χρόνου
657 2990 728 3046 τά
762 2991 899 3064 πρὸς
935 2990 1216 3044 τελείωσιν
1262 2986 1369 3043 τῶν
1401 2986 1600 3059 χρειῶν
1645 2986 2026 3058 κατηρτίζετο.

2136 605 2251 660 nat,
2281 597 2410 650 illud
2442 598 2632 667 objicit
2663 617 2676 650 :
2718 596 3038 666 Apostolnm
3072 594 3410 665 presbyteris
3464 593 3715 647 ctdiaco-

2143 686 2231 738 nis
2281 688 2547 752 scribere,
2590 703 2698 740 non
2742 686 3037 756 episcopis.
3075 684 3205 739 Item
3237 686 3551 753 episcopum
3583 685 3716 736 allo-

2134 794 2330 846 quens,
2385 777 2538 843 Noli,
2593 778 2792 848 inquit,
2826 777 3082 848 negligere
3129 778 3380 847 gratiam,
3428 793 3544 846 qua:
3575 777 3627 829 in
3665 786 3714 830 te

2132 880 2232 932 est,
2268 887 2424 940 quam
2465 872 2712 938 accepisti
2763 885 2855 938 per
2903 886 3092 923 manus
3138 870 3555 938 presbyterorum
3603 867 3713 920 col-

2135 962 2254 1032 legii
2315 965 2330 992 ¹
2377 979 2390 1013 :
2435 962 2629 1016 deinde
2693 962 2801 1016 alio
2845 961 2965 1016 loco
3026 961 3280 1030 episcopis
3365 970 3414 1013 et
3453 960 3713 1022 diaconis,

2135 1065 2193 1108 ut
2222 1055 2364 1110 idem
2397 1056 2692 1126 cpiscopus
2738 1064 2792 1109 et
2828 1055 3108 1125 presbyter
3144 1069 3269 1108 esse
3299 1053 3572 1107 videatur.
3609 1051 3716 1107 Sed

2133 1147 2394 1200 nimirum
2431 1147 2677 1201 veritatis
2708 1147 2810 1201 iste
2834 1147 3030 1200 seriem
3065 1145 3346 1216 ignorans,
3380 1159 3483 1199 nec
3533 1145 3589 1198 in
3626 1160 3714 1198 re-

2133 1239 2441 1295 conditiore
2477 1239 2709 1295 historia
2735 1246 3008 1304 versatus,
3061 1253 3168 1293 non
3197 1237 3446 1308 intelligit
3478 1236 3716 1307 Aposto-

2132 1333 2268 1397 lum,
2324 1348 2449 1386 cum
2505 1347 2698 1387 recens
2744 1332 2923 1386 adhuc
2951 1341 3098 1387 esset
3126 1329 3718 1400 Christianidogmatis

2132 1424 2478 1496 prOpagatio,
2539 1439 2638 1494 pro
2673 1439 2734 1479 re
2783 1435 2910 1478 nata
2961 1423 3290 1493 scripsisse;
3325 1437 3451 1477 nam
3485 1423 3576 1476 ubi
3603 1422 3716 1491 jam

2133 1515 2375 1585 episcopi
2399 1515 2684 1569 constituti
2711 1515 2947 1576 fuerant,
2967 1515 3034 1568 ad
3065 1515 3354 1583 episcopos
3374 1520 3428 1568 et
3453 1513 3718 1567 diaconos

2135 1607 2435 1661 scribebat.
2471 1603 2657 1676 Neque
2685 1605 2832 1658 enim
2869 1603 3105 1659 subinde
3129 1603 3316 1658 omnia
3344 1603 3413 1656 ab
3447 1601 3717 1672 apostolis

2133 1694 2376 1748 ordinari
2419 1701 2691 1764 poterant.
2714 1692 2781 1746 Et
2810 1693 3031 1764 quidem
3063 1692 3397 1763 presbyteris
3436 1693 3490 1746 in
3526 1691 3718 1762 primis

2135 1800 2198 1840 ac
2227 1786 2474 1842 diaconis
2504 1801 2643 1857 opus
2693 1793 2836 1853 erat;
2868 1800 2898 1838 a
2920 1785 3121 1856 quibus
3158 1784 3415 1841 videlicet
3450 1784 3716 1839 ambobus

2129 1879 2502 1934 ecclesiastica
2553 1879 2771 1949 negotia
2819 1876 3196 1933 administrari
3242 1887 3493 1947 possunt.
3534 1875 3718 1942 Quare

2131 1970 2224 2025 tibi
2259 1970 2501 2025 nondum
2532 1970 2852 2040 episcopatu
2909 1969 3108 2039 dignus
3141 1967 3342 2037 aliquis
3372 1975 3714 2030 occurrerat,

2130 2062 2315 2118 nullus
2341 2062 2390 2116 ei
2429 2062 2553 2116 loco
2611 2061 2926 2130 propositus
2969 2069 3052 2114 est
3081 2060 3396 2128 episcopus.
3439 2057 3508 2109 At
3541 2056 3633 2109 ubi
3661 2063 3716 2109 et

2130 2160 2435 2210 necessitas
2484 2154 2816 2224 postulabat.
2873 2167 2974 2207 nec
3016 2167 3231 2216 eorum,
3270 2150 3365 2221 qui
3397 2150 3717 2220 episcOpatu

2130 2246 2280 2319 digni
2311 2253 2492 2310 erant,
2524 2246 2682 2316 copia
2712 2245 2923 2310 deerat,
2983 2244 3059 2299 ibi
3106 2243 3349 2314 episcopi
3409 2241 3714 2300 constituti.

2135 2338 2240 2396 Sed
2291 2354 2417 2394 cum
2479 2337 2624 2393 haud
2679 2352 2872 2408 magna
2932 2335 3220 2392 multitudo
3269 2335 3446 2401 foret,
3488 2332 3718 2404 reperiri

2133 2432 2267 2488 nulli
2315 2438 2634 2502 potuerunt,
2665 2432 2758 2501 qui
2819 2429 3122 2501 presbyteri
3175 2435 3533 2484 crearentur:
3574 2426 3719 2484 unde

2134 2526 2253 2581 solo
2287 2525 2546 2596 episcopo
2601 2526 2847 2580 contenti
2880 2523 3123 2579 fuerunt.
3169 2521 3300 2576 Sine
3323 2522 3558 2575 diacono
3592 2534 3718 2574 vero

2133 2619 2426 2689 episcopus
2453 2632 2575 2672 esse
2621 2631 2733 2671 non
2763 2624 2964 2686 potest.
2999 2615 3179 2681 Quare
3218 2615 3273 2667 in
3323 2612 3374 2667 id
3423 2609 3719 2681 Apostolus

2136 2708 2405 2771 incubuit,
2471 2716 2528 2761 ut
2575 2704 2926 2762 ministrandi
2975 2705 3148 2776 gratia
3197 2703 3456 2775 episcopo
3501 2699 3717 2755 diaconi

2137 2807 2508 2871 suppeterent.
2562 2799 2750 2870 Itaque
2808 2812 2933 2852 cum
2995 2797 3238 2852 nondum
3301 2794 3550 2850 Ecclesia
3601 2792 3718 2848 suis

2137 2892 2393 2948 omnibus
2421 2891 2800 2946 [unctionibus
2833 2889 3038 2960 expleri
3071 2897 3278 2960 posset,
3306 2903 3402 2958 per
3428 2886 3559 2940 illud
3578 2895 3720 2940 tem-

2138 2999 2242 3056 pus
2271 2984 2583 3040 istiusmodi
2617 2983 2958 3054 singulorum
2988 2980 3232 3035 locorum
3275 2987 3452 3034 status
3477 2975 3712 3049 exstitit.

435 3085 622 3156 Neque
657 3099 788 3140 vero
809 3083 920 3138 ulla
953 3097 1044 3138 res
1074 3089 1325 3150 est,quae
1347 3080 1417 3134 ab
1445 3076 1604 3134 initio
1645 3077 1764 3132 suis
1807 3076 2068 3132 omnibus
2128 3075 2376 3130 numeris
2429 3073 2677 3129 absoluta
2731 3072 2926 3138 fuerit;
2974 3071 3068 3127 sed
3122 3070 3453 3142 procedente
3500 3067 3716 3124 demum

437 3195 702 3252 tempore.
756 3194 858 3234 sua
909 3175 1416 3248 opportunitatibus
1471 3173 1731 3230 omnibus
1780 3172 1848 3227 ad
1894 3171 2288 3243 perfectionem
2317 3169 2567 3224 accessio
2601 3167 2850 3240 contigit.

509 3277 600 3342 (ῖό
638 3272 815 3336 Εὐθὺς
866 3273 962 3342 μὲν
1001 3269 1111 3341 γὰρ
1151 3267 1388 3340 Μωῦσῆς
1435 3266 1713 3338 πέμπεται
1751 3267 1833 3329 είς
1855 3265 2020 3333 Αῖγυ-

2191 3261 2358 3332 909
2394 3259 2477 3315 Vl.
2509 3258 2680 3329 Cujus
2731 3257 3036 3325 exemplum
3089 3257 3353 3318 habemus
3399 3254 3452 3309 in
3501 3252 3711 3325 Moyse.

439 3384 573 3421 πτον
606 3364 749 3420 κατά
777 3364 878 3436 τὴν
907 3361 1150 3416 Παλαιὰν
1183 3360 1460 3431 Διαθήκην
1491 3358 1673 3431 ῥάϐδῳ
1711 3359 1880 3433 μόνῃο
1916 3358 2024 3413 ὑπὸ

442 3458 534 3512 τοῦ
557 3456 694 3511 Θεοῦ
723 3455 782 3510 δὲ
806 3453 1234 3526 ἀπεσταλμένος,
1268 3453 1328 3506 ὲν
1355 3451 1434 3524 τῷ
1462 3451 1724 3506 εἰσελθεῖν
1749 3453 1831 3516 είς
1863 3453 2027 3520 Δίγυ-

443 3567 596 3615 πτον,
629 3546 980 3620 προστίθεται
1012 3545 1161 3618 αὐτῷ
1183 3547 1262 3610 είς
1295 3545 1548 3616 βοήθειαν
1579 3544 1790 3616 ’Δαρὼν
1823 3546 1851 3598 ὁ
1872 3543 2025 3599 ἀδελ-

443 3641 542 3712 φὸς
575 3638 764 3695 αὑτοῦ.
799 3631 935 3693 Εἶτα
977 3637 1116 3709 μετά
1139 3637 1202 3690 τὸ
1234 3635 1523 3691 πιστεῦσαι
1555 3634 1706 3706 αὑτῷ
1744 3635 1836 3690 τὸν
1868 3635 2024 3690 ἀδελ-

444 3732 568 3804 φὸν,
601 3730 846 3803 συνήχθη
872 3729 1009 3801 πρὸς
1035 3731 1197 3783 αὑτὸν
1230 3731 1264 3800 ἡ
1305 3729 1570 3800 γερουσία
1594 3727 1687 3782 καὶ
1715 3729 1764 3782 oi
1792 3729 2028 3800 ἀρχηγοὶ

444 3823 537 3878 τοῦ
570 3820 701 3877 λαοῦ
741 3821 862 3876 κατ’
891 3823 1069 3875 έκεῖνο
1101 3820 1318 3890 καιροῦ.
1351 3822 1462 3874 Καὶ
1496 3820 1636 3892 μετά
1671 3819 1845 3875 ταῦτα
1886 3837 2024 3892 κρα-

443 3911 738 3982 τυνομένου
763 3909 859 3964 τοῦ
889 3909 1074 3981 ἔργου,
1107 3909 1203 3963 καὶ
1234 3909 1333 3980 τῆς
1360 3908 1684 3974 ἀκολουθίας
1727 3909 2028 3980 συναγομέ-

443 4020 563 4074 νης,
589 4001 880 4075 διεπέρασε
918 4000 1017 4072 τὴν
1062 4000 1354 4056 θάλασσαν.
1386 4002 1497 4056 Kal
1528 3999 1682 4054 οῠπω
1711 3997 1854 4072 ἦσαν
1884 4001 2026 4056 κατά

444 4096 537 4149 τὸν
569 4095 754 4166 νόμον,
788 4095 894 4158 ἕως
930 4095 1021 4148 ὅτε
1050 4093 1254 4166 Κύριος
1289 4094 1452 4148 αὑτὸν
1479 4094 1638 4148 καλεῖ
1673 4097 1754 4158 είς
1793 4094 1855 4148 τὸ
1879 4094 2024 4166 ὅρος.

445 4187 638 4241 Δίδωσι
667 4186 726 4240 δὲ
751 4185 902 4258 αὑτῷ
930 4185 1029 4249 τὰς
1058 4187 1288 4256 πτύχας,
1331 4187 1426 4239 καὶ
1463 4186 1846 4240 ὑποδείκνυσιν
1879 4187 2029 4257 αὑτῷ

447 4277 653 4349 σκηνὴν
685 4276 1112 4340 κατασκευάσαι,
1148 4275 1426 4348 ἀρχηγούς
1477 4294 1537 4330 τε
1589 4278 2026 4350 προστήσασθαι,

445 4363 766 4436 δεκάρχους,
785 4364 1311 4436 πεντηκοντάρχους,
1338 4366 1789 4438 ἑκατοντάρχους,
1819 4367 2029 4439 χιλιάρ-

447 4474 592 4526 χους.
614 4457 724 4510 Kal
757 4457 890 4528 ὁρᾷς
916 4455 1034 4520 πῶς
1057 4455 1124 4510 τά
1152 4459 1453 4528 πράγματα
1473 4457 1801 4512 πλατύνεται
1822 4476 1837 4524 ;
1867 4460 2026 4528 Ὅρα,

445 4547 602 4618 φησὶ,
649 4546 926 4614 ποιήσεις
971 4547 1168 4602 πάντα
1214 4549 1364 4602 κατὰ
1401 4549 1510 4603 τὸν
1546 4551 1738 4604 τύπον
1782 4550 1888 4604 τὸν
1911 4551 2030 4605 δειο

2133 3351 2232 3407 llic
2253 3353 2397 3408 enim
2419 3351 2682 3407 inVetere
2698 3351 3076 3407 Testamento’
3102 3351 3218 3407 sola
3237 3351 3388 3422 virga
3405 3351 3717 3404 instructus

2134 3446 2190 3499 in
2229 3444 2526 3515 Egyptum
2570 3443 2808 3498 mittitur
2858 3464 2872 3498 :
2927 3457 3090 3513 quam
3136 3459 3260 3499 cum
3313 3440 3712 3512 ingrederetur,

2131 3541 2314 3594 Aaron
2343 3539 2516 3609 ipsius
2550 3535 2719 3592 frater
2741 3535 3003 3592 divinitus
3035 3536 3240 3592 missus
3276 3536 3326 3591 ei
3356 3551 3415 3590 se
3446 3532 3516 3587 ad
3541 3533 3717 3588 subsi-

2132 3631 2283 3685 dium
2314 3628 2584 3699 adjungit.
2634 3626 2841 3682 Deinde
2883 3634 3176 3698 postquam
3204 3627 3256 3684 ei
3296 3643 3327 3681 a
3366 3625 3534 3681 fratre
3579 3623 3714 3678 ﬁdes

2134 3720 2318 3774 habita
2346 3727 2452 3783 est,
2495 3719 2775 3775 seniorum
2806 3719 2872 3774 ad
2937 3719 3090 3773 illum
3128 3733 3193 3774 ac
3225 3718 3414 3790 populi
3443 3734 3540 3789 per
3580 3715 3716 3770 illud

2134 3819 2353 3882 tempus
2381 3811 2690 3882 principum
2731 3809 3024 3864 multitudo
3067 3812 3346 3869 convenit.
3381 3809 3521 3864 Tum
3552 3809 3714 3864 desti-

2134 3914 2265 3959 nato
2291 3919 2458 3974 opere
2481 3903 2630 3960 vires
2657 3910 2713 3957 et
2742 3903 3084 3958 incrementa
3120 3903 3394 3974 capiente,
3423 3917 3575 3958 mare
3613 3917 3712 3972 pe-

2132 3997 2392 4051 netravit.
2448 3993 2692 4051 Necdum
2748 4002 2930 4050 tamen
2976 3996 3044 4050 ad
3103 3995 3275 4067 legem
3329 4001 3709 4072 pervenerant,

2132 4088 2309 4144 donec
2345 4089 2497 4142 illum
2529 4081 2680 4144 Deus.
2702 4088 2768 4142 ad
2799 4096 3038 4144 montem
3071 4094 3347 4150 evocaret,
3377 4102 3501 4141 cum
3543 4094 3599 4141 et
3625 4095 3706 4141 ta-

2133 4181 2291 4236 bulas
2323 4181 2566 4245 tradidit,
2605 4189 2662 4236 et
2695 4181 3106 4236 tabernaculum
3147 4180 3467 4244 instituere,
3501 4180 3712 4249 princi-

2136 4289 2252 4344 pes,
2286 4273 2639 4337 decuriones,
2679 4273 3206 4344 quinquagenarios,
3265 4271 3617 4327 centuriones
3646 4285 3711 4325 ac

2136 4366 2391 4422 tribunos
2433 4381 2622 4420 creare
2666 4366 2874 4421 docuit.
2909 4365 3073 4422 Vides
3118 4363 3582 4436 quemadmodum
3625 4379 3712 4420 res

2139 4478 2329 4517 omnes
2358 4461 2614 4531 paulatim
2646 4461 2986 4532 ampliﬁcatae
3031 4461 3274 4516 fuerint?
3318 4458 3464 4524 Vide,
3509 4459 3708 4528 inquit,

2138 4555 2298 4624 [acies
2327 4554 2508 4607 omnia
2527 4556 2813 4607 secundum
2842 4552 3131 4620 exemplar,
3157 4549 3294 4622 quod
3319 4549 3416 4603 tibi
3450 4559 3711 4603 monstra-

446 4639 665 4708 χθέντα
694 4654 794 4694 σοι
839 4640 910 4694 ἐν
952 4639 1032 4706 τῷ
1063 4640 1183 4708 ὄρει
1224 4639 1387 4696 Σινᾱ.
1422 4643 1530 4695 Kal
1551 4643 1682 4713 ὁρᾷς
1715 4643 1830 4706 πῶς
1859 4660 2015 4716 προσ.

2133 4655 2242 4698 tum
2267 4644 2418 4698 estin
2438 4653 2612 4696 monte
2633 4642 2764 4696 Sina
2792 4641 2832 4695 ³.
2853 4640 3343 4702 Animadvertisne,
3371 4649 3432 4692 ut
3452 4638 3519 4692 ad
3550 4637 3711 4708 legis-

446 4733 605 4803 ετέθη
633 4736 698 4804 τῇ
734 4732 1025 4805 νομοθεσίᾳ
1052 4733 1364 4804 ἑπτάμυξος
1392 4733 1604 4803 λυχνία,
1633 4735 1842 4806 ποδήρη
1875 4735 2024 4806 ίερα-

446 4821 573 4875 τικά
605 4821 897 4892 ἐνδύματα,
923 4821 1168 4886 κώδωνές
1196 4840 1254 4875 τε
1281 4823 1375 4876 καὶ
1401 4823 1649 4893 μανδύαι,
1672 4824 1946 4895 ἐπωμίδες
1966 4841 2026 4878 τε

448 4914 543 4968 καὶ
569 4915 832 4986 κιδάρεις,
870 4915 1061 4987 μίτραι
1089 4933 1147 4968 τε
1181 4917 1274 4969 καὶ
1316 4915 1476 4970 λίθων
1527 4917 1797 4988 διαφόρων
1841 4916 2027 4971 συνθέ-

451 5022 583 5070 σεις,
621 5006 832 5071 κύαθοι,
877 5008 1116 5070 θυῖσκαι,
1157 5009 1434 5081 λουτῆρες,
1472 5009 1854 5082 θυσιαστήρια,
1900 5027 2028 5081 τρυ-

449 5095 593 5164 ϐλία,
627 5099 956 5169 μασμαρὼθ,
992 5100 1149 5153 ἅτινά
1179 5102 1294 5153 ἐστι
1328 5100 1682 5173 διυληστήρια
1711 5102 1844 5171 (80),
1890 5102 2028 5172 μιδι-

521 5247 540 5281 ¹
569 5246 586 5301 Ι
613 5249 756 5305 Tim.
791 5267 862 5315 ιν,
899 5251 982 5305 Η.
1063 5252 1082 5282 ¹
1115 5250 1285 5306 Exod.
1319 5269 1391 5317 Iv,
1428 5251 1462 5304 2
1485 5268 1606 5322 sqq.

520 5405 635 5476 (79)
672 5407 838 5460 Οὕτω
892 5407 1001 5475 τῆς
1054 5409 1409 5476 Ἐκκλησιίις
1440 5411 1765 5478 λαϐούσης.
1807 5410 1912 5476 Qui
1965 5411 2031 5465 ad

452 5476 744 5549 Epiphanii
786 5485 1037 5549 Amcntem
1095 5480 1386 5548 diligenter
1447 5476 1706 5534 animum
1745 5481 2026 5549 adjecerit,

449 5564 559 5629 non
590 5547 893 5613 dubitabit,
929 5550 1060 5618 quin
1101 5549 1253 5603 οὔπω
1297 5565 1396 5621 pro
1439 5550 1581 5604 οὕτω
1615 5551 1742 5605 huic
1792 5547 1913 5606 loco
1957 5552 2028 5605 sit

452 5628 654 5688 aptius.

524 5687 1037 5758 (80)ίΜασμαρὼθ,
1077 5689 1251 5744 ἅτινά
1295 5692 1426 5743 ἐστι
1454 5692 1850 5758 διυλιστήρια.
1895 5689 2026 5744 Nul-

450 5759 566 5837 l_um
599 5757 889 5837 ejusmodi
937 5760 1263 5837 vocabulum
1317 5762 1369 5813 in
1434 5757 1737 5837 scripturis
1790 5763 2024 5837 reperio.

449 5827 701 5889 Proxima
733 5845 832 5884 vox
876 5829 1002 5886 huic
1051 5839 1134 5888 est
1178 5840 1428 5901 mnam,
1470 5827 1612 5890 inter
1653 5827 2023 5904 templi'vasa,

2134 4736 2393 4790 lationem
2444 4733 2835 4790 candelabrum
2884 4732 3018 4787 illud
3062 4741 3266 4802 septem
3312 4731 3708 4801 ellychniorum

2133 4827 2376 4881 additum
2415 4825 2602 4888 fuerit,
2632 4841 2843 4881 necnon
2871 4834 2925 4879 et
2953 4825 3152 4879 talares
3173 4823 3478 4878 sacerdotis
3508 4831 3706 4882 vestes,

2134 4918 2521 4982 tintinnabula,
2559 4918 2802 4988 palliola,
2839 4917 3136 4986 opomides,
3187 4914 3334 4985 pilei,
3372 4913 3558 4975 baltei,
3608 4927 3702 4965 νει-

2135 5016 2344 5064 riorum
2405 5010 2704 5080 lapillorum
2757 5016 3067 5070 contextus,
3117 5007 3320 5078 cyathi,
3370 5006 3704 5067 mortariola,

2137 5103 2312 5164 labra,
2346 5101 2642 5168 thuribula,
2669 5101 2854 5164 catini,
2891 5099 3286 5162 masmarhoth,
3320 5099 3423 5154 hoc
3446 5109 3528 5154 est
3559 5098 3706 5159 cola;

1686 5254 1704 5284 ³
1736 5251 1908 5307 Exod.
1948 5269 2074 5317 xxv,
2105 5254 2193 5308 40.

2125 5426 2245 5480 qua:
2285 5426 2314 5464 a
2347 5409 2658 5479 Babyloniis
2691 5411 2897 5479 direpta
2943 5419 3441 5463 commemorantur
3505 5407 3683 5461 Jercni

2125 5498 2243 5543 LII,
2288 5481 2370 5534 '19.
2435 5480 2539 5534 Sed
2590 5498 2694 5533 non
2751 5481 3100 5549 διυλιστῆρας
3153 5481 3458 5548 signiﬁcat.
3524 5492 3702 5532 rerum

2127 5552 2342 5619 φιάλας,
2377 5552 2518 5618 apud
2556 5549 2713 5604 LXX.
2747 5550 2965 5604 Hieron.
3003 5549 3262 5602 Psalteria
3287 5565 3304 5607 .'
3331 5549 3417 5600 alii
3443 5558 3696 5619 cmitiictoj

2129 5617 2230 5676 ria.
2270 5617 2651 5678 Saneinl‘ﬁm
2690 5620 2842 5687 fcrces
2872 5628 3019 5674 sunt.
3059 5621 3162 5673 Sed
3199 5621 3266 5672 ab
3292 5635 3353 5671 ca
3384 5632 3511 5672 vocc
3561 5617 3701 5671 baud

2127 5693 2241 5746 scio
2273 5708 2338 5744 an
2374 5700 2636 5750 ΠἸἾὩΨὩ
2667 5691 2898 5760 derivari
2954 5692 3183 5760 possint,
3217 5704 3317 5760 pro
3364 5687 3492 5742 rotis
3513 5726 3527 5747 ,
3583 5688 3675 5757 qui

2125 5762 2228 5815 bus
2272 5761 2452 5814 vinum
2513 5761 2825 5815 dcfmcetnr.
2877 5759 2967 5813 lta’
3007 5759 3234 5830 μιδικώθ
3271 5759 3412 5812 idem
3461 5774 3582 5830 esse
3634 5771 3698 5830 ac

2125 5831 2361 5897 κυάθους
2412 5830 2656 5888 nondum
2704 5826 3196 5903 comperiz'quam
3253 5845 3438 5887 vocem
3489 5829 3583 5884 lib.
3622 5826 3698 5883 Dc
