4134 6386
396 345 492 402 Sil

1765 346 1821 400 S.
1868 341 2207 398 EPIPIIANII

3552 349 3655 402 51!

400 462 682 523 midieoth,
715 463 829 517 sive
859 461 1074 532 cyathi;
1113 461 1462 524 machonotb,
1491 460 1584 529 qui
1628 469 1755 514 sunt
1790 461 1967 516 bases.

2093 458 2209 519 ιὼθ,
2232 461 2388 512 ἆτινα
2433 459 2721 512 καλοῦνται
2757 460 2968 525 κύαθοι,
3001 460 3286 531 μαχωνὼθ,
3319 463 3518 524 αἵτινες
3548 465 3651 514 εἰσι

397 564 447 609 et
489 571 830 624 quaecunque
878 556 982 608 alia
1021 556 1104 608 lex
1153 554 1431 618 edisserit,
1498 553 1645 606 velut
1685 551 1972 606 cberubini

397 655 451 698 et
483 645 533 698 id
564 659 736 716 genus
761 645 890 707 alia,
925 660 1048 698 arca
1082 645 1418 706 testamenti,
1446 652 1653 705 vectes.
1675 643 1973 697 humerarii

399 739 612 803 annuli,
646 740 1085 796 tabernaculum,
1123 737 1263 801 vela,
1311 735 1478 804 pelles
1518 735 1833 797 rubricatze.
1872 749 1974 806 an:

399 843 474 884 sae
527 839 580 883 et
656 829 757 882 alia
801 828 849 880 id
887 843 1080 897 genus,
1120 827 1406 895 janitores,
1449 827 1590 881 tubae
1645 827 1878 880 ductiles
1922 832 1976 880 et

399 917 639 971 incurvae
699 924 753 971 et
793 932 992 982 aureae,
1045 926 1332 986 argenteae,
1381 932 1555 979 terea,
1603 931 1837 979 corneae,
1870 914 1974 969 alia

398 1011 631 1079 denique
656 1025 723 1064 ex
755 1011 888 1078 legis
920 1013 1260 1080 praescripto,
1303 1010 1449 1065 velut
1483 1010 1879 1066 sacriliciorum
1923 1018 1978 1063 et

400 1101 809 1154 institutionum
841 1103 991 1161 varia
1023 1117 1223 1173 genera
1261 1121 1273 1156 :
1312 1117 1434 1172 qua:
1466 1117 1594 1155 cum
1631 1102 1789 1155 initio
1835 1115 1976 1155 non-

399 1193 528 1245 dum
551 1203 757 1258 essent,
794 1208 976 1247 nonne
997 1203 1286 1264 postquam
1324 1197 1536 1249 invecta
1555 1203 1705 1256 sunt,
1736 1208 1872 1248 suus
1893 1201 1978 1247 est

398 1284 536 1339 ordo
570 1285 735 1340 rebus
761 1287 1101 1342 attributus?
1135 1286 1334 1341 Eadem
1367 1289 1508 1340 ratio
1529 1294 1615 1341 est
1646 1285 1888 1348 illorum,
1911 1283 1978 1339 de

399 1377 601 1446 quibus
633 1378 931 1446 Apostolus
953 1379 1200 1448 scripsit,
1229 1394 1350 1447 quae
1381 1378 1571 1431 tandiu
1597 1377 1976 1438 obtinuerunt,

398 1469 574 1522 donec
609 1470 941 1538 ampliﬁcata
967 1479 1052 1524 est
1075 1469 1341 1533 Ecclesia,
1369 1471 1542 1526 donec
1569 1487 1725 1527 suam
1759 1486 1823 1524 ac
1848 1471 1979 1539 legi-

400 1560 589 1613 timam
624 1561 692 1614 ad
729 1576 1038 1615 mensuram
1065 1565 1330 1630 pervenit,
1365 1563 1537 1620 donec
1568 1563 1822 1633 prudenti
1844 1579 1980 1632 qua-

399 1652 524 1705 dam
570 1652 949 1708 moderatione
994 1656 1304 1725 justissime
1336 1666 1421 1712 est
1454 1674 1483 1711 a
1521 1656 1703 1720 Patre,
1740 1656 1876 1714 Filio
1925 1668 1980 1714 et

2079 549 2283 616 βάσεις,
2319 551 2411 603 καὶ
2459 553 2666 622 ὅσαπερ
2721 555 2748 604 ό
2791 554 2952 622 νόμος
2998 554 3325 622 διαλέγεται,
3391 554 3652 624 χερουϐὶμ

2078 646 2172 696 καὶ
2215 645 2283 696 τὰ
2329 644 2485 708 ἄλλα,
2529 645 2758 710 κιϐωτὸς
2805 647 3088 720 διαθήκης,
3119 649 3408 719 ἀναφορεῖς
3447 665 3508 700 τε
3561 652 3653 700 καὶ

2075 734 2366 800 δακτύλιοι,
2394 738 2563 808 σκηνή
2587 754 2646 790 τε
2674 739 2765 790 καὶ
2795 738 3006 809 δέρρεις
3029 739 3122 792 καὶ
3152 739 3391 810 δέρματα
3418 739 3654 812 ἡρυθροο

2076 826 2380 897 δανωμένα,
2410 827 2644 896 ἀγκύλαι
2689 845 2747 882 τε
2799 830 2891 882 καὶ
2934 829 3003 882 τὰ
3048 830 3200 891 ἄλλα,
3275 829 3514 900 πυλωροὶ
3563 831 3654 882 καὶ

2080 921 2377 990 σάλπιγγες
2405 922 2594 976 έλαταὶ
2622 923 2716 975 καὶ
2766 923 3042 990 καμπύλαι
3107 923 3198 976 καὶ
3226 926 3424 994 χρυσαῖ
3443 922 3536 975 καὶ
3558 923 3654 992 ἁρ-

2077 1013 2264 1081 γυραῖ,
2301 1011 2519 1081 χαλκαῖ,
2554 1011 2860 1083 κεράτιναι,
2885 1013 2978 1065 καὶ
3012 1010 3078 1065 τὰ
3115 1010 3248 1065 ἄλλα
3273 1013 3479 1080 ὅσαπερ
3509 1012 3538 1062 ό
3569 1009 3653 1062 νό-

2082 1123 2181 1176 μος
2208 1104 2334 1175 ἔφη,
2361 1104 2542 1158 θυσίαι
2570 1104 2837 1175 διάφοροι,
2859 1103 3214 1157 διδασκαλίαι.
3235 1103 3452 1173 Ἐπειδὴ
3473 1103 3651 1173 ἀπαρ-

2078 1196 2180 1265 χῆς
2209 1195 2383 1248 ταῦτα
2429 1196 2531 1248 οὐκ
2570 1190 2660 1266 ἦν,
2695 1190 2804 1266 ἆρα
2837 1193 2974 1265 μετὰ
3007 1195 3066 1246 τὸ
3095 1193 3348 1262 γενέσθαι
3379 1195 3475 1263 τὴν
3503 1193 3652 1257 τάξιν

2078 1288 2179 1340 οὐκ
2225 1285 2414 1357 εἴληφε
2463 1285 2534 1340 τὰ
2578 1286 2913 1357 πράγματα;
2958 1285 3114 1338 Οὕτω
3152 1287 3244 1339 καὶ
3287 1285 3358 1338 τά
3399 1285 3546 1356 παρὰ
3579 1283 3655 1354 τῷ

2097 1379 2407 1449 Ἃποστόλῳ
2446 1379 2828 1450 γεγραμμένα,
2863 1377 2966 1441 ἕως
3006 1377 3096 1430 ὅτε
3127 1375 3431 1446 ἐπλατύνθη
3533 1376 3654 1428 Ἐκ-

2081 1471 2299 1542 κλησία,
2322 1470 2426 1535 ἕως
2448 1472 2536 1524 ὅτε
2567 1472 2648 1536 εἰς
2667 1471 2729 1524 τὸ
2759 1471 2886 1524 ῐδιον
2915 1470 3110 1542 μέτρον
3135 1470 3416 1540 ἐλήλακεν,
3442 1469 3545 1532 ἓως
3567 1471 3655 1522 ὅτε
3755 1525 3764 1535 ,

2079 1564 2171 1617 τὸν
2215 1563 2418 1634 κόσμον
2463 1564 2564 1634 τῆς
2608 1564 2875 1628 συνέσεως
2902 1564 3215 1618 δικαιότατα
3241 1565 3304 1616 ὲκ
3330 1563 3540 1632 Πατρὸς
3565 1563 3658 1616 καὶ

2082 1658 2214 1712 Υἱοῦ
2275 1659 2366 1711 καὶ
2401 1657 2556 1727 ἁγίου
2592 1658 2906 1729 Πνεύματος
2941 1658 3303 1729 ᾠκονόμηται.
3333 1656 3436 1711 Καὶ
3465 1656 3657 1710 ἔπεσεν

401 1742 611 1812 Spiritu
642 1754 837 1799 saneto
866 1755 1186 1817 temperata.
1236 1747 1313 1802 Ex
1357 1749 1560 1819 quibus
1597 1750 1745 1806 Aerii
1783 1749 1979 1822 dogma

2093 1752 2109 1803 5
2132 1750 2226 1802 τοῦ
2261 1750 2470 1821 Ἀερίου
2500 1749 2675 1818 λόγος.

397 1836 686 1893 refellitur.

471 1931 626 1996 Quod
650 1939 830 1985 autem
864 1945 976 1984 non
1008 1931 1150 1985 idem
1185 1947 1306 1988 esse
1341 1935 1514 2004 possit
1552 1950 1677 1990 cum
1721 1938 1983 2006 episc0po

402 2024 720 2094 presbyter,
773 2022 996 2078 divinus
1047 2023 1297 2094 Apostoli
1332 2041 1513 2082 sermo
1551 2029 1832 2093 declarat,
1876 2045 1986 2100 quo

402 2117 656 2184 quisnam
690 2116 1010 2186 episcopus,
1055 2118 1252 2186 quisve
1297 2121 1580 2191 presbyter
1611 2121 1684 2175 sit
1727 2121 1987 2192 intelligi-

403 2216 497 2260 tur
538 2225 551 2260 :
585 2222 709 2261 nam
756 2209 822 2262 ad
865 2207 1212 2264 Timotheum
1253 2212 1568 2280 episcopum
1610 2213 1860 2269 scribens
1910 2218 1985 2269 ita

405 2299 645 2367 loquitur
671 2317 683 2352 :
710 2296 1086 2370 Presbyterum
1120 2317 1182 2353 ne
1212 2301 1480 2371 objurges,
1503 2303 1594 2356 sed
1617 2304 1830 2358 hortare
1850 2305 1986 2359 velut

401 2401 604 2457 patrem
641 2393 682 2446 ¹.
716 2392 883 2462 910
907 2395 1046 2458 Quid
1081 2402 1261 2448 autem
1302 2395 1568 2450 attinebat
1609 2397 1870 2468 episcopo
1896 2415 1988 2453 ve-

405 2495 544 2548 tare,
579 2491 640 2538 ut
671 2499 739 2538 ne
779 2487 1160 2556 presbyterum
1199 2487 1537 2557 objurgaret,
1573 2489 1678 2544 nisi
1719 2489 1986 2560 majorem

406 2575 527 2644 ipso
559 2584 884 2646 potestatem
927 2579 1237 2632 obtineret?
1266 2578 1449 2644 Quare
1487 2581 1750 2651 deinceps
1796 2583 1989 2637 admo-

409 2673 499 2719 net
535 2665 836 2720 :A:iversus
852 2669 1211 2736 presbyterum
1234 2669 1340 2720 cito
1380 2671 1770 2725 accusationem
1801 2687 1863 2724 ne
1894 2674 1990 2723 ad-

406 2759 634 2822 miseris,
670 2760 771 2812 nisi
795 2759 996 2813 duobus
1021 2759 1248 2813 tribusve
1278 2760 1492 2815 testibus
1513 2763 1554 2818 '.
1581 2761 1699 2816 Non
1729 2762 1891 2817 alicui
1923 2781 1988 2818 ex

410 2849 742 2920 presbyteris
793 2851 1072 2920 praecepit,
1117 2861 1175 2904 ut
1209 2854 1612 2907 accusationem
1648 2866 1839 2908 contra
1870 2855 1990 2923 epi-

410 2957 641 3013 sc0pum
677 2959 786 2997 non
822 2944 1164 3010 admitteret;
1191 2954 1286 2998 aut
1325 2953 1384 2999 ut
1415 2947 1732 3016 episcopum
1763 2961 1870 3001 non
1890 2948 1991 3002 οι).

407 3035 678 3106 jurgaret.
715 3034 952 3090 Videsne
987 3051 1153 3106 quam
1187 3054 1292 3091 non
1326 3038 1620 3094 mediocris
1652 3039 1799 3095 illius
1833 3042 1990 3095 ruina

413 3127 506 3189 sit,
535 3141 695 3196 quem
728 3125 981 3182 diabolus
1005 3126 1378 3181 labefactum?

484 3217 595 3272 VII.
628 3217 734 3273 Sed
756 3217 991 3274 hominis
1013 3219 1218 3288 reliqua
1238 3220 1533 3274 videamus.
1554 3220 1610 3274 In
1636 3220 1828 3290 primis
1841 3220 1989 3291 quod

412 3311 480 3364 ad
507 3309 716 3363 Pascha
748 3310 1007 3378 pertinet,
1045 3313 1113 3364 de
1150 3326 1259 3380 quo
1297 3311 1672 3365 testimonium
1705 3309 1838 3363 illud
1872 3326 1992 3380 pro-

415 3402 536 3456 tulit
567 3420 581 3456 :
607 3401 814 3456 Pascha
845 3413 1083 3456 nostrum
1111 3403 1416 3456 immolatus
1446 3412 1525 3456 est
1569 3401 1810 3457 Christus
1829 3405 1873 3466 ³,
1919 3403 1988 3458 il-

414 3494 524 3547 lum
553 3493 733 3563 ipsum
753 3493 1088 3556 intueamur,
1115 3493 1274 3562 cujus
1299 3493 1402 3547 ista
1417 3508 1518 3547 vox
1546 3504 1650 3558 est,
1678 3503 1992 3550 utrumnam

415 3584 708 3639 celebrarit
742 3585 880 3653 ipse.
921 3583 994 3638 De
1019 3601 1084 3639 eo
1133 3601 1263 3640 vero
1293 3587 1373 3640 sic
1417 3588 1681 3656 scriptum
1721 3598 1849 3644 est:
1892 3589 1996 3644 Fe-

417 3675 674 3742 sliuabat,
696 3685 753 3728 ut
775 3676 1059 3730 celebraret
1077 3676 1414 3733 Pentecosten
1445 3678 1794 3751 Jerosolymis
1830 3682 1872 3736 ‘.
1893 3681 1995 3736 Ec-

418 3784 581 3836 quam
616 3784 746 3823 vero
779 3767 1143 3824 Pentecosten
1173 3769 1375 3826 Paulus
1411 3782 1620 3842 ageret,
1651 3775 1759 3830 nisi
1783 3773 1994 3830 Pascha

417 3858 572 3926 prius
586 3858 815 3914 obiisset
831 3857 966 3929 ?(8l)
987 3858 1120 3925 Quis
1136 3868 1220 3914 est
1236 3863 1443 3928 uspiam
1463 3866 1870 3935 terrarum,'qui
1885 3880 1993 3920 non

420 3946 473 3998 in
494 3959 560 3997 eo
587 3948 918 4010 consentiat,
944 3959 1192 4016 quartam
1242 3957 1521 4005 sextamve
1549 3950 1740 4006 feriam
1762 3955 1995 4010 solemni

419 4034 474 4088 in
508 4033 751 4091 Ecclesia
779 4038 1005 4120 jejunio
1039 4042 1456 4096 consecratam?
1491 4043 1649 4109 Quod
1683 4047 1730 4100 si
1763 4061 1828 4102 ex
1865 4063 1995 4116 apo-

420 4129 687 4183 stolorutn
715 4131 1128 4187 Constitutione
1163 4136 1453 4203 repetenda
1490 4137 1650 4191 nobis
1697 4141 1998 4196 auctoritas

418 4226 523 4281 est,
554 4233 654 4273 cur
701 4219 810 4274 illis
842 4230 1048 4291 quarta!
1087 4233 1360 4292 sextaaque
1391 4224 1540 4280 feriae
1567 4227 1835 4296 jejunium
1870 4245 1993 4299 per-

419 4321 580 4377 petua
627 4311 744 4381 lege
778 4312 1047 4375 sancitur,
1087 4323 1313 4382 excepta
1355 4314 1718 4372 Pentecoste?
1752 4319 1863 4373 Cur
1897 4334 1992 4374 sex

422 4399 706 4458 Paschatis
760 4403 955 4460 diebus
1003 4404 1140 4458 nihil
1181 4407 1406 4460 omnino
1451 4408 1519 4462 ad
1569 4410 1752 4463 cibum
1801 4420 1996 4480 praeter

2159 1928 2266 1981 Καὶ
2307 1927 2389 1980 ὅτι
2433 1927 2530 1998 μὲν
2570 1928 2632 1980 οὐ
2677 1927 2897 1982 δύναται
2932 1930 3129 1983 ταυτὸν
3164 1924 3325 1994 εἶναι,
3355 1929 3593 1982 διδάσκει
3635 1932 3663 1982 ὁ

2088 2021 2227 2084 θεῖος
2264 2020 2420 2088 λόγος
2446 2019 2538 2073 τοῦ
2573 2019 2729 2089 ἁγίου
2767 2022 3089 2075 Ἀποστόλου
3132 2023 3216 2086 τίς
3242 2022 3343 2093 μὲν
3377 2021 3524 2074 ἐστιν
3547 2023 3664 2074 ἐπί-

2090 2129 2308 2176 σκοπος,
2336 2113 2422 2176 τίς
2471 2113 2528 2166 δέ
2573 2115 2690 2166 ἐστι
2723 2113 3112 2185 πρεσϐύτερος,
3139 2113 3214 2178 ὡς
3241 2114 3388 2182 λέγει
3415 2113 3664 2184 Τιμοθέῳ

2087 2205 2372 2274 ὲπισκόπῳ
2402 2204 2545 2258 ϐντι·
2576 2207 2990 2276 Πρεσϐύτερον
3013 2205 3100 2274 μὴ
3127 2205 3667 2273 ὲπιπλήξῃς,ἁ.ῖλὰ

2089 2294 2420 2364 παρακάλει
2449 2295 2532 2361 ὡς
2560 2296 2803 2364 πατέρα.
2839 2298 2903 2350 Τί
2930 2293 3042 2367 εἶχε
3090 2298 3324 2369 πρᾶγμα
3366 2296 3664 2349 ἐπίσκοπον

2090 2392 2444 2464 πρεσϐυτέρῳ
2493 2390 2569 2461 μὴ
2631 2388 2999 2465 ἐπιπλήττειν,
3042 2389 3088 2440 εἰ
3141 2389 3214 2458 μὴ
3261 2384 3329 2458 ἦν
3383 2387 3523 2457 ὑπὲρ
3573 2386 3663 2438 τὸν

2090 2483 2459 2556 πρεσϐύτερον
2491 2483 2629 2552 ἔχων
2654 2481 2752 2552 τὴν
2782 2481 3028 2546 ἐξουσίαν
3048 2479 3166 2545 ;⁹Ως
3187 2481 3279 2553 καὶ
3304 2479 3463 2531 πάλιν
3485 2478 3657 2545 λέγει·

2091 2577 2250 2630 Κατὰ
2277 2572 2682 2643 πρεσϐυτέρου
2703 2571 2790 2642 μὴ
2820 2571 3042 2640 ταχέως
3074 2569 3433 2640 κατηγορίαν
3459 2568 3660 2638 δέχου,

2090 2671 2141 2722 εί
2159 2669 2241 2737 μή
2273 2683 2326 2721 τι
2351 2668 2448 2721 ἐπὶ
2475 2666 2584 2719 δύο
2610 2666 2706 2719 καὶ
2738 2663 2912 2732 τριῶν
2930 2663 3262 2732 μαρτύρων.
3288 2662 3395 2714 Καὶ
3425 2660 3525 2713 οὐκ
3545 2657 3664 2712 εἶπέ

2089 2777 2195 2812 τινι
2242 2758 2352 2811 τῶν
2392 2755 2812 2828 πρεσϐυτέρων·
2856 2752 2947 2823 Μὴ
2991 2750 3118 2824 δέξῃ
3162 2751 3496 2821 κατηγορίαν
3527 2749 3666 2802 κατὰ

2093 2851 2391 2905 ἐπισκόπου
2411 2865 2426 2879 ο
2450 2848 2571 2901 οὐδὲ
2595 2846 2799 2917 ἔγραψε
2826 2843 3000 2917 [περὶ]
3025 2844 3133 2896 τῶν
3152 2842 3540 2915 πρεσϐυτέρων
3564 2845 3668 2894 τινί

2097 2946 2170 3017 μὴ
2197 2944 2549 3014 ἐπιπλήττειν
2580 2941 2886 3010 ὲπισκόπῳ.
2912 2939 3022 2992 Καὶ
3055 2939 3210 3010 ὁρᾷς,
3239 2938 3320 2991 ὅτι
3347 2935 3542 3000 παντὸς
3574 2934 3668 2988 τοῦ

2093 3039 2157 3090 ὲκ
2183 3036 2276 3089 τοῦ
2306 3034 2553 3089 διαϐόλου
2585 3030 3100 3103 παρασαλευομένου
3127 3033 3161 3101 ἡ
3186 3030 3393 3094 πτῶσις
3415 3032 3474 3083 οὐ
3501 3031 3670 3100 μικρά

2017 3133 2060 3193 c
2091 3126 2176 3191 τίς
2208 3129 2391 3190 (iactv;

2161 3218 2233 3273 τ.
2279 3219 2400 3272 Ἰδω
2414 3233 2511 3291 μεν
2541 3217 2598 3271 δὲ
2629 3217 2724 3272 καὶ
2753 3216 2821 3270 τὰ
2863 3214 2998 3269 ἄλλα
3043 3213 3230 3276 αὑτοῦ,
3263 3215 3355 3266 καὶ
3379 3212 3672 3282 διασκοπή-

2094 3328 2298 3382 σωμεν.
2343 3312 2452 3364 Καὶ
2489 3307 2618 3381 περὶ
2659 3307 2755 3361 τοῦ
2792 3308 2982 3376 Πάσχα
3029 3307 3245 3378 πρῶτον
3287 3305 3551 3375 εἴπωμεν,
3596 3303 3671 3365 ὥς

2095 3420 2258 3475 φησι·
2299 3403 2370 3457 Τὸ
2403 3403 2617 3470 Πάσχα
2641 3399 2812 3470 ἡμῶν
2831 3400 3010 3466 ἐτύθη
3040 3400 3326 3467 Χριστός·
3356 3397 3552 3467 ἴδωμεν
3575 3396 3671 3447 αὑ-

2093 3498 2183 3551 τὸν
2205 3497 2296 3550 τὸν
2319 3496 2562 3562 εἰπόντα,
2583 3496 2632 3546 εί
2660 3494 2762 3546 οὐκ
2783 3491 3043 3546 ἐπετέλει.
3079 3491 3188 3544 Καί
3210 3507 3340 3559 φησι
3361 3507 3373 3519 ·
3412 3491 3671 3543 Ἕσπευ-

2095 3588 2221 3653 δεν,
2238 3589 2396 3654 ὅπως
2421 3585 2648 3653 ποιήσῃ
2679 3583 2795 3651 τὴν
2823 3580 3248 3648 ιιεντηκοστὴν
3276 3582 3362 3645 εἰς
3390 3581 3672 3648 Ἰερουσαο

2094 3681 2238 3748 λήμ.
2276 3680 2438 3732 Ποίαν
2462 3678 2519 3731 δὲ
2546 3679 2643 3749 τὴν
2679 3675 3057 3745 Πεντηκοστὴν
3087 3672 3332 3726 ἐπετέλει
3359 3670 3588 3734 Παῦλος,
3626 3673 3672 3722 εἰ
3711 3685 3732 3702 ε

2099 3773 2175 3842 μὴ
2218 3773 2409 3841 Πάσχα
2449 3770 2764 3833 ὲπετέλεσες
2807 3768 2924 3820 Τίνι
2951 3760 3007 3820 δὲ
3041 3767 3101 3819 οὐ
3142 3764 3571 3835 συμπεφώνηται
3616 3763 3672 3813 ἐν

2095 3865 2231 3916 πᾶσι
2259 3863 2485 3934 κλίμασι
2506 3861 2604 3932 τῆς
2625 3860 2969 3930 οἰκουμένης,
2988 3859 3068 3912 ὅτι
3091 3857 3288 3928 τετράς
3310 3857 3402 3910 καὶ
3426 3855 3673 3927 Προσάϐ-
3729 3920 3734 3924 ,

2095 3954 2258 4006 ϐατον
2278 3952 2499 4022 νηστεία
2525 3952 2669 4004 ἐστὶν
2697 3953 2755 4002 ἐν
2778 3953 2843 4021 τῇ
2874 3948 3166 4018 Ἐκκλησία
3194 3947 3474 4017 ὡρισμένη
3497 3963 3511 4009 ;
3539 3945 3599 3997 Εἰ
3619 3945 3673 3996 δὲ

2097 4044 2192 4097 καὶ
2211 4045 2316 4115 χρὴ
2350 4043 2411 4095 τὸ
2435 4043 2534 4112 τῆς
2545 4033 2850 4105 Διατάξεως
2873 4039 2979 4092 τῶν
3001 4037 3314 4092 ἀποστόλων
3333 4037 3533 4103 λέγειν,
3557 4035 3676 4096 πῶς

2096 4137 2213 4188 ἐκεῖ
2241 4133 2500 4204 ὡρίζοντό
2527 4131 2758 4203 τετράδα
2787 4131 2880 4184 καὶ
2911 4128 3294 4200 Προσάϐϐατσν
3316 4127 3568 4196 νηστείαν
3590 4124 3676 4176 διὰ

2098 4226 2296 4288 παντὸς
2315 4225 2484 4296 χωρὶς
2507 4224 2886 4292 Πεντηκοστῆς
2902 4239 2924 4285 ς·
2947 4222 3054 4275 Καὶ
3082 4221 3211 4292 περὶ
3236 4219 3342 4272 τῶν
3455 4217 3676 4288 ἡμερῶν

2095 4318 2190 4372 τοῦ
2224 4319 2414 4387 Πάσχα
2445 4316 2561 4378 πῶς
2597 4313 3036 4387 παραγγέλλουσι
3072 4313 3238 4382 μηδὲν
3285 4312 3422 4374 ὅλως
3468 4310 3675 4380 λαμϐά-

2099 4430 2210 4464 νειν
2241 4412 2275 4481 ἢ
2315 4410 2480 4479 ἄρτου
2515 4407 2610 4462 καὶ
2638 4407 2764 4469 ἁλὸς
2797 4406 2888 4459 καὶ
2920 4405 3144 4469 ὓδατος;
3178 4405 3342 4457 Ποίαν
3379 4421 3436 4455 τε
3467 4403 3678 4473 ἡμέραν
3772 4473 3788 4484 ⁸

421 4509 642 4562 panem,
688 4495 858 4550 salem
916 4503 971 4549 et
1036 4511 1232 4565 aquam
1279 4497 1646 4554 adhibendum
1695 4502 1988 4557 deﬁniunt?

2100 4504 2272 4571 ἄγειν,
2297 4500 2414 4564 πῶς
2441 4517 2501 4552 τε
2531 4497 2785 4552 ἀπολύειν
2814 4498 2892 4560 εἰς
2924 4496 3343 4566 ὲπιφώσκουσαν
3370 4493 3674 4563 Κυριακὴν.

423 4586 725 4650 Quamnam
756 4603 886 4642 vero
911 4590 1173 4644 celebrari
1203 4589 1344 4645 diem
1393 4601 1446 4646 et
1476 4593 1528 4646 in
1574 4594 1978 4650 illucescentem

423 4677 764 4733 Dominicam
792 4681 1067 4738 dimittere
1084 4684 1422 4753 praecipiant,
1441 4687 1643 4740 nemini
1667 4703 1790 4744 esse
1820 4698 2000 4758 potest

424 4772 742 4826 obscurum.
769 4770 888 4825 Jam
927 4790 1056 4827 vero
1079 4778 1184 4828 utri
1224 4775 1441 4830 tandem
1470 4779 1683 4832 illorum
1712 4781 2000 4849 peritiores

425 4863 592 4918 sunt?
627 4865 708 4917 An
738 4879 925 4919 errore
955 4867 1218 4936 deceptus
1238 4867 1554 4931 homuncio,
1592 4871 1685 4940 qui
1715 4886 1860 4925 nunc
1885 4880 2003 4925 tan-

425 4956 546 5009 dem
581 4958 826 5021 emersit,
848 4967 901 5012 et
933 4959 1110 5012 adhuc
1135 4960 1293 5014 hodie
1320 4972 1604 5030 superstes
1631 4965 1752 5017 est?
1791 4967 1872 5017 An
1903 4967 1994 5034 qui

426 5057 552 5102 ante
599 5065 698 5104 nos
730 5058 898 5105 testes
932 5053 1282 5115 exstiterunt,
1313 5056 1514 5122 quique
1546 5063 1671 5110 ante
1716 5071 1818 5110 nos
1841 5072 1995 5111 cam-

2102 4595 2334 4666 φανερόν
2379 4595 2514 4645 ἐστι.
2545 4592 2642 4653 Τίς
2684 4591 2739 4643 δὲ
2776 4589 2976 4660 μᾶλλον
3015 4587 3303 4640 ἐπίσταται
3335 4586 3572 4648 τούτων;
3622 4586 3680 4638 Ὀ

2101 4691 2285 4757 ὴπατη
2296 4685 2452 4755 μένος
2471 4682 2777 4754 ἄνθρωπος,
2803 4685 2833 4736 ό
2855 4682 2948 4734 νῦν
2975 4681 3096 4751 ὲνδη
3107 4681 3307 4752 μήσας,
3342 4680 3435 4734 καὶ
3461 4679 3565 4741 ἓως
3587 4678 3680 4730 νῦν

2104 4783 2161 4834 ὲν
2190 4779 2266 4852 τῷ
2293 4779 2392 4849 βίῳ
2419 4775 2644 4848 περιὼν,
2671 4775 2704 4846 ἢ
2729 4778 2777 4829 οἱ
2818 4775 2925 4846 πρὸ
2967 4773 3126 4845 ἡμῶν
3157 4773 3434 4843 μάρτυρες
3467 4773 3682 4839 γεγονό-

2103 4892 2213 4936 τες,
2243 4873 2457 4942 ἐχοντες
2487 4870 2592 4941 πρὸ
2624 4869 2781 4940 ἡμῶν
2812 4869 2912 4938 τὴν
2958 4868 3256 4937 παράδοσιν
3299 4867 3392 4917 ἐπὶ
3429 4867 3526 4933 τῆς
3563 4865 3684 4916 Ἐκ-

2105 4963 2350 5034 κλησίας,
2393 4963 2485 5015 καὶ
2521 4955 2666 5014 οὗτοι
2718 4959 3117 5031 παρειληφότες
3158 4957 3310 5026 παρὰ
3351 4955 3458 5008 τῶν
3505 4954 3684 5007 αὐτῶν
3751 5009 3756 5012 ,

2106 5055 2375 5125 πατέρων,
2401 5054 2508 5106 τῶν
2537 5070 2594 5106 τε
2623 5051 2802 5106 αὐτῶν
2827 5051 3080 5120 πατέρων
3105 5047 3265 5102 πάλιν
3292 5047 3684 5118 μεμαθηκότων

501 5207 515 5234 ¹
554 5201 572 5256 l
605 5203 747 5258 Tim.
779 5222 833 5270 ν,
872 5206 922 5259 1.
1001 5209 1019 5236 ²
1055 5207 1185 5259 ibid.
1222 5207 1305 5260 19.
1385 5208 1405 5237 ³
1437 5207 1452 5260 Ι
1481 5207 1608 5261 Cor.
1648 5225 1698 5271 ν,
1727 5209 1776 5260 7.
1853 5166 2022 5262 δτλίῖί.
2058 5225 2150 5274 xx,
2197 5208 2282 5262 16.

431 5375 593 5412 mens.
619 5367 668 5411 et
701 5358 860 5426 pond.
891 5360 1084 5427 repetit
1105 5399 1119 5417 ,
1148 5377 1268 5429 pag.
1309 5360 1411 5413 182
1438 5401 1450 5416 .
1484 5372 1543 5415 nt
1573 5371 1626 5415 et
1673 5365 1998 5416 anteceden-

432 5430 733 5518 teqt."‘§ed'
769 5429 1192 5518 tuaﬂouglvorat
1246 5431 1507 5500 μεδεκώθ.
1553 5432 1750 5486 Verntn
1799 5442 2005 5518 mpm:

434 5515 462 5549 ιι
505 5497 644 5550 LXX
672 5498 864 5551 κύαθοι
901 5501 1222 5554 redduntur.

505 5567 617 5645 (et)
652 5567 982 5645 Luculentus
1017 5579 1102 5624 est
1139 5571 1229 5645 hic
1261 5570 1564 5645 Epiphanii
1588 5573 1762 5636 locus,
1794 5589 1857 5645 es
1896 5589 2002 5641 quo

437 5641 710 5708 variorum
745 5641 970 5702 rituum,
1007 5641 1436 5708 quoscatbolica
1461 5660 1522 5696 ac
1551 5643 1792 5698 Romana
1822 5643 2004 5696 Eccle-

437 5709 517 5759 sia
551 5705 819 5775 hodieque
850 5705 1066 5782 retinet,
1093 5721 1335 5765 vetustas
1368 5715 1650 5768 asscritnr.
1681 5714 2002 5782 (Iujusmodi

439 5784 565 5828 sunt
599 5785 867 5831 certorum
895 5779 1102 5834 dierum
1132 5782 1355 5850 jejunta,
1393 5800 1578 5850 preces
1621 5801 1717 5853 pro
1762 5779 2003 5837 inm-luis

2110 5371 2165 5417 et
2189 5371 2506 5416 sanctorum
2536 5361 2762 5431 perinde
2796 5377 2858 5415 ac
2895 5369 3216 5414 cancrorum
3261 5359 3496 5431 ﬁdelium
3531 5374 3685 5431 com-
3735 5388 3748 5399 ι

2114 5429 2555 5486 ιιιοιιιοιτιιὶυηρεζ
2621 5431 2695 5486 lle
2757 5433 2956 5500 quibus
3020 5432 3252 5500 aliisque
3313 5429 3687 5500 compluribus

2113 5504 2223 5571 agit
2253 5504 2306 5555 in
2337 5505 2485 5556 calce
2515 5502 2680 5568 hujus
2713 5499 2916 5571 operis,
2960 5501 3012 5553 iu
3048 5499 3400 5570 PprOsitione
3434 5499 3555 5552 lldei
3588 5513 3688 5549 ca-

2113 5574 2346 5626 tholicae.
2378 5574 2743 5638 Quamobrem
2785 5573 2835 5625 iu
2885 5573 3034 5626 illum
3066 5573 3244 5639 ipsum
3279 5572 3455 5639 locum
3490 5584 3688 5636 oppor-

2113 5643 2298 5695 tunius
2345 5646 2689 5704 conferetur,
2763 5646 2808 5695 si
2867 5643 2997 5712 quid
3050 5638 3114 5694 ad
3167 5638 3541 5712 illustrandam
3578 5656 3659 5712 _ca

2115 5714 2438 5766 tholicorum
2503 5715 2816 5782 dugmatum
2882 5710 3255 5784 antiquitatem
3317 5710 3686 5764 adnotandum

2116 5784 2402 5836 \‘lticlllllll‘.
