4134 6386
460 357 563 410 MS

1234 352 1602 409 ADVERSUS
1650 352 1988 408 ll/ERESES
2028 352 2050 408 Ι

2151 396 2155 406 .
2198 352 2285 409 lll.
2338 351 2489 408 ron.
2536 353 2576 409 ι.
2617 384 2683 393 -
2710 353 2977 410 namss.
3020 324 3273 408 LXXVI

3614 352 3722 408 5N

456 472 606 539 παρά
634 468 739 521 τῶν
769 468 875 538 πρὸ
916 468 1094 520 αὐτῶν
1133 469 1453 536 γεγονότων,
1483 469 1599 532 πῶς
1648 470 1682 538 ἡ
1721 469 2035 539 Ἐκκλησία,

2151 468 2265 521 dem
2308 469 2664 522 traditionem
2712 470 2765 523 in
2819 469 3061 525 Ecclesia
3113 474 3432 531 tenuerunt.
3464 484 3628 549 quam
3671 474 3725 524 ει

456 557 850 630 παραλαϐοῦσα
875 557 1026 629 παρά
1056 559 1163 612 τῶν
1185 560 1354 629 αὐτῆς
1375 559 1645 631 πατέρων,
1678 560 1804 629 ἄχρι
1830 562 1922 612 καὶ
1944 561 2043 628 τῆς

455 648 616 718 δεῦρο
643 648 863 718 κατέχει
895 649 996 720 τὴν
1023 648 1284 721 ἀληθινὴν
1312 650 1517 714 πίστιν,
1546 652 1639 703 καὶ
1681 651 1777 715 τὰς
1804 651 2041 720 παραδό-

459 756 608 803 σεις;
648 739 757 793 Καὶ
781 736 1119 794 διαπιπτέτω
1150 740 1310 796 πάλιν
1336 743 1369 811 ή
1400 741 1589 795 τούτου
1630 741 1806 796 ἔννοια
1839 747 1872 813 ὴ
1910 745 2039 812 περὶ

460 830 554 884 τοῦ
579 832 793 902 Πάσχα.
822 826 957 885 Εἶτα
984 832 1040 884 δὲ
1070 833 1120 885 εί
1149 833 1225 903 μὴ
1257 833 1385 904 περὶ
1413 833 1515 903 τῆς
1537 833 1707 904 αὐτῆς
1735 833 2044 898 ὑποθέσεως

352 950 360 957 ο
456 925 742 995 Τετράδων
767 925 861 978 καὶ
890 926 1293 998 Προσαϐϐάτων
1313 928 1363 980 οἱ
1393 927 1547 980 αὐτοὶ
1577 927 1861 981 ἀπόστολοι
1888 930 1944 981 ἐν
1973 931 2040 1000 τῇ

448 1013 695 1081 Διατάξει
737 1014 942 1085 ἔλεγον,
979 1016 1072 1070 καὶ
1118 1016 1292 1079 άλλως
1336 1017 1400 1069 ὲκ
1441 1016 1775 1087 πανταχόθεν
1822 1017 2043 1088 εἴχομεν

454 1105 752 1171 ἀποδεῖξαι,
771 1108 922 1177 ὅμως
948 1108 1076 1178 περὶ
1100 1106 1289 1161 τούτου
1316 1106 1558 1179 ἀκριϐῶς
1580 1108 1869 1181 γράφουσι.
1894 1110 2043 1180 Παρο

456 1195 645 1267 είληφε
674 1197 733 1250 δὲ
757 1198 793 1269 ἡ
837 1197 1153 1267 Ἐκκλησία,
1186 1193 1280 1252 καὶ
1306 1200 1362 1251 ὲν
1383 1197 1489 1269 ὅλῳ
1518 1198 1595 1269 τῷ
1619 1199 1810 1269 κόσμῳ
1834 1216 2043 1271 συμπε-

458 1278 702 1360 φώνηται
721 1307 734 1320 ·
760 1291 891 1363 πρὶν
929 1290 1083 1363 [γὰρ]
1128 1291 1223 1345 τοῦ
1249 1288 1386 1344 εἶναι
1426 1292 1633 1360 Ἀέριον
1666 1294 1761 1347 καὶ
1792 1295 1919 1359 τοὺς
1947 1290 2042 1350 ἀπ’

458 1379 623 1432 αὐτοῦ
666 1380 998 1451 Ἀεριανούς.
1038 1381 1193 1452 Τάχα
1212 1381 1323 1452 γὰρ
1354 1381 1449 1434 καὶ
1475 1382 1617 1436 κατά
1656 1382 1816 1437 τοῦτο
1839 1384 2043 1438 δικαιό-

457 1485 615 1522 τατον
657 1469 828 1540 ὄνομα
872 1469 1338 1541 εἶληφεν.Ἀέριον
1376 1471 1486 1542 γὰρ
1529 1470 1746 1543 πνεῦμα
1787 1471 1943 1543 ἔσχεν
1983 1470 2042 1541 ἐξ

457 1560 822 1632 ἀκαθαρσίας,
848 1562 959 1616 ἀπὸ
998 1563 1108 1618 τῶν
1140 1564 1339 1635 ἀερίων
1374 1567 1702 1635 πνευμάτων
1738 1565 1839 1635 τῆς
1872 1583 2070 1638 πονη--

459 1652 603 1723 ρίας,
626 1653 690 1706 τὸ
718 1657 776 1707 ὲν
801 1653 951 1725 αὐτῷ
980 1656 1207 1727 οίκῆσαν
1233 1656 1375 1710 κατά
1401 1656 1499 1727 τῆς
1546 1655 1891 1726 Ἐκκλησίας.

2151 560 2256 630 ipsi
2288 576 2318 612 a
2351 562 2673 631 parentibus
2715 561 2830 617 suis
2865 571 3214 630 acceperant,
3246 572 3301 616 et
3350 563 3593 631 ipsorum
3628 576 3725 631 pa-

2147 658 2330 707 rentes
2358 667 2387 705 a
2410 653 2713 721 majoribus
2739 653 2856 707 suis
2887 653 3194 721 didicerant
3224 672 3238 706 :
3263 653 3725 721 quemadmodum

2146 739 2413 807 Ecclesia,
2448 759 2610 814 quam
2642 759 2671 797 a
2717 744 2969 813 patribus
3013 745 3129 799 suis
3167 745 3378 813 accepit
3421 752 3728 798 rectamne

2149 834 2421 889 sinceram
2464 835 2655 902 Iidem,
2703 852 2827 888 cum
2863 836 3251 890 traditionibus
3281 835 3350 891 ad
3394 835 3538 889 hunc
3581 834 3727 889 diem

2148 923 2437 979 observat?
2465 923 2729 979 Facessat
2762 926 2928 996 igitur
2972 926 3111 980 falsa
3157 925 3309 981 illius
3347 924 3416 981 de
3461 923 3728 979 Paschate

2148 1016 2441 1073 sententia.
2471 1016 2676 1085 Quodsi
2728 1018 2795 1073 de
2841 1027 3037 1089 quarta
3099 1026 3319 1075 sextave
3346 1016 3483 1072 feria
3522 1017 3725 1071 nullam

2148 1106 2372 1163 omnino
2403 1108 2458 1161 in
2471 1107 2878 1164 Constitutione
2899 1125 2999 1165 sua
3025 1111 3359 1164 mentionem
3387 1108 3621 1177 apostoli
3656 1107 3728 1163 fe-

2149 1200 2374 1265 cissent,
2405 1200 2529 1256 aliis
2572 1208 2759 1256 tamen
2787 1200 3131 1271 argumentis
3174 1201 3373 1256 licebat
3404 1200 3501 1253 uti.
3540 1197 3721 1264 Quane

2134 1307 2312 1363 .quam
2343 1307 2407 1348 ea
2439 1292 2508 1349 de
2542 1308 2601 1348 re
2631 1301 2715 1350 est
2744 1294 2814 1349 ab
2845 1294 2954 1350 illis
2990 1292 3408 1348 accuratissime
3437 1292 3726 1361 scriptum,

2149 1382 2311 1453 idque
2327 1383 2502 1454 ipsum
2532 1385 2601 1439 ab
2616 1384 2861 1442 Ecclesia
2881 1393 3195 1456 susceptum
3212 1385 3586 1439 communiest
3596 1396 3727 1438 con—

2149 1476 2403 1533 sensione
2449 1474 2763 1541 ﬁrmatum,
2810 1484 3102 1546 antequam
3162 1475 3355 1531 Acrius
3403 1475 3549 1531 ullus
3599 1486 3726 1528 cum

2147 1566 2402 1627 Aerianis
2441 1567 2755 1622 exsisteret.
2795 1565 2900 1632 Qui
2927 1565 3060 1621 mihi
3102 1572 3389 1636 prepterea
3430 1564 3628 1617 merito
3668 1560 3724 1617 id

2145 1660 2385 1715 nominis
2423 1660 2656 1730 adeptus
2679 1658 2916 1715 videtur.
2959 1659 3186 1712 Aerium
3228 1658 3433 1729 quippe
3470 1656 3729 1727 spiritum

455 1759 522 1797 ex
560 1744 879 1816 impuritate
909 1754 1102 1802 nactus
1121 1757 1227 1812 est,
1249 1749 1410 1820 911
1442 1750 1509 1806 de
1533 1750 1629 1805 illo
1655 1751 1928 1807 aeriorum
1943 1752 2201 1825 nequitiae
2220 1755 2514 1823 spirituum
2539 1768 2723 1826 grege,
2776 1753 2871 1823 qui
2934 1752 2989 1806 in
3052 1753 3174 1822 ipso
3219 1752 3485 1808 adversus
3536 1748 3729 1803 Eccle-

459 1835 599 1891 siam
637 1837 977 1893 domicilium
1004 1840 1268 1909 posuerit.

526 1940 612 1999 H’.
637 1945 869 2000 Ἔπειτα
897 1947 954 2000 δὲ
975 1949 1103 2019 περὶ
1125 1949 1218 2003 τοῦ
1249 1950 1486 2023 ὀνόματα
1513 1951 1690 2021 λέγειν
1721 1952 1829 2007 τῶν
1857 1953 2039 2008 τελευ-

2210 1951 2346 2008 Vlll.
2371 1952 2527 2020 Quod
2556 1967 2684 2009 vero
2714 1959 2924 2022 spectat
2952 1952 3020 2007 ad
3047 1953 3212 2007 ritum
3240 1952 3415 2014 illum,
3437 1966 3549 2021 quo
3574 1966 3723 2005 mor-

459 2037 763 2107 τησάντων,
781 2039 833 2091 τί
857 2038 923 2093 ἂν
952 2040 1039 2112 εἴη
1063 2037 1252 2096 τούτου
1274 2043 1756 2116 προὺργιαίτερονς
1780 2046 1828 2098 τί
1856 2045 2043 2100 τούτου

463 2128 818 2203 καιριιῦτερον
854 2133 949 2187 καὶ
981 2132 1450 2209 θαυμασιώτερον,
1478 2137 1753 2194 πιστεύειν
1786 2139 1885 2210 μὲν
1916 2141 2045 2204 τοὺς

462 2222 760 2293 παρόντας,
792 2224 874 2277 ὅτι
903 2226 953 2278 οἱ
987 2226 1312 2292 ἀπελθόντες
1338 2226 1497 2293 ζῶσι,
1524 2228 1620 2283 καὶ
1650 2231 1708 2284 ὲν
1738 2230 2046 2303 ἀνυπαρξίᾳ

461 2314 562 2367 οὔκ
595 2316 764 2368 είσίν·
796 2316 931 2371 ἀλλὰ
967 2318 1104 2384 είσὶ,
1141 2320 1235 2373 καὶ
1275 2318 1409 2384 ζῶσι
1447 2321 1597 2394 παρά
1645 2321 1722 2394 τῷ
1766 2323 2042 2396 Δεσπότῃο

464 2405 558 2459 καὶ
600 2406 749 2470 ὅπως
796 2407 861 2461 ἂν
901 2407 962 2461 τὸ
1012 2410 1338 2480 σεμνότατον
1382 2415 1645 2485 κήρυγμα
1673 2415 2044 2486 διηγήσοιτοί,

462 2496 539 2561 ὡς
568 2496 723 2563 ἐλπίς
750 2501 897 2563 ἐστιν
923 2501 1061 2574 ὑπὲρ
1090 2501 1334 2573 ἀδελφῶν
1362 2505 1697 2576 εὐχομένοις,
1725 2506 1801 2570 ὡς
1825 2508 1884 2559 ὲν
1907 2508 2046 2561 ἀπο-

463 2588 634 2659 δημίᾳ
663 2590 1042 2660 τυγχανόντων
1063 2608 1076 2620 ⁸
1104 2591 1306 2662 ὠφελεῖ
1330 2592 1387 2645 δὲ
1418 2594 1512 2647 καὶ
1532 2595 1566 2665 ἡ
1597 2594 1736 2666 ὑπὲρ
1765 2594 1943 2649 αὐτῶν
1964 2613 2049 2665 γι-

466 2680 667 2752 νομένη
694 2682 853 2755 εὐχὴ,
882 2684 932 2735 εί
959 2684 1053 2737 καὶ
1078 2684 1146 2741 τὰ
1170 2685 1269 2739 ὅλα
1296 2685 1404 2742 τῶν
1436 2687 1775 2758 αἰτιαμάτων
1809 2687 1884 2760 μὴ
1910 2688 2048 2743 ἀπο-

466 2772 659 2826 κόπτοι
681 2792 694 2803 ·
727 2774 845 2828 ἀλλ’
869 2766 962 2828 οὖν
1010 2793 1073 2846 γε
1110 2774 1199 2831 διὰ
1237 2777 1299 2830 τὺ
1321 2777 1583 2842 πολλάκις
1606 2780 1664 2831 ὲν
1687 2778 1878 2850 κόσμῳ
1902 2781 2048 2851 ἡμᾶς

465 2860 627 2931 ὄντας
668 2867 997 2936 σφάλλεσθαι
1042 2870 1316 2935 ἀκουσίως
1341 2888 1403 2925 τε
1426 2872 1520 2925 καὶ
1559 2872 1841 2935 ἑκουσίως,
1873 2872 1961 2928 ἵνα
1988 2872 2053 2926 τὸ

468 2957 740 3012 ἔντελέστε
752 2977 841 3030 ρον
890 2961 1166 3034 σημανθῇ.
1201 2961 1323 3031 ,Καὶ
1353 2962 1462 3034 γὰρ
1491 2963 1721 3017 δικαίων.
1747 2964 2052 3036 ποιούμεθα

468 3048 566 3121 τὴν
598 3053 838 3123 μνήμην,
866 3053 962 3106 καὶ
986 3052 1127 3125 ὑπὲρ
1158 3054 1528 3125 ἁμαρτωλῶνο
1557 3055 1698 3128 ὑπὲρ
1732 3055 1831 3127 μὲν
1871 3057 2054 3127 ἁμαρ

467 3140 656 3195 τωλῶν
685 3142 826 3216 ὑπὲρ
858 3144 1043 3208 ἐλέους
1070 3144 1206 3199 Θεοῦ
1240 3146 1508 3217 δεόμενοι,
1541 3148 1682 3220 ὑπὲρ
1727 3147 1785 3200 δὲ
1828 3146 2052 3201 δικαίων

470 3232 566 3287 καὶ
596 3233 856 3307 Πατέρων
902 3236 997 3289 καὶ
1040 3223 1414 3310 πατριαρχῶν,
1443 3239 1736 3311 προφητῶν
1780 3239 1874 3309 καὶ
1917 3239 2054 3293 ἀποι-

2144 2052 2366 2099 tuorum
2400 2045 2621 2099 nomina
2640 2046 3088 2115 pronuntiantur,
3122 2043 3256 2115 quid
3285 2057 3504 2099 eo~esse
3538 2052 3722 2110 potest

2147 2136 2376 2193 utilius?
2402 2134 2532 2206 quid
2558 2136 2946 2206 opportunius,
2969 2145 3063 2189 aut
3088 2148 3220 2189 vero
3247 2134 3609 2189 admiratione
3636 2134 3727 2188 di-

2147 2227 2306 2299 gnius
2326 2227 2349 2280 ?
2366 2225 2571 2297 Nempe
2595 2234 2655 2281 ut
2687 2225 2782 2297 qui
2800 2226 3005 2282 adsunt
3028 2225 3339 2281 certissime
3367 2224 3473 2280 sibi
3504 2240 3732 2295 persua—

2146 2319 2573 2375 deantmortuos
2600 2319 2807 2383 vivere,
2820 2333 2921 2374 nec
2954 2317 3011 2372 in
3041 2317 3276 2372 nihilum
3300 2316 3557 2383 redactos
3582 2332 3728 2380 esse,

2148 2412 2241 2468 sed
2274 2412 2538 2468 exsistere
2567 2411 2748 2467 adhuc
2783 2419 2948 2481 atque
2983 2410 3127 2478 apud
3182 2409 3475 2465 Dominum
3510 2410 3730 2476 vivere;

2147 2512 2264 2559 tum
2311 2513 2370 2558 ut
2417 2503 2893 2574 religiosissimum
2940 2502 3073 2556 illud
3123 2499 3323 2571 dogma
3380 2501 3730 2572 praedicetur,

2147 2612 2258 2667 quo
2287 2597 2382 2666 qui
2410 2611 2513 2666 pro
2544 2595 2808 2650 fratribus
2839 2602 3155 2666 precantur.
3192 2593 3334 2650 bene
3364 2593 3434 2650 de
3463 2595 3573 2651 illis
3608 2608 3735 2665 spe-

2148 2702 2273 2743 rare
2287 2696 2526 2750 constat,
2551 2689 2707 2757 quasi
2740 2702 2967 2758 peregre
2993 2686 3277 2758 profectis.
3301 2687 3571 2743 Caeterum
3590 2703 3728 2759 quae

2151 2793 2250 2849 pro
2285 2779 2522 2835 mortuis
2566 2778 2958 2850 concipiuntur
2994 2780 3320 2850 preces,-iis
3372 2780 3537 2835 utiles
3579 2788 3733 2845 sunt,

2098 2937 2102 2941 ι
2149 2874 2368 2929 tametsi
2396 2889 2507 2928 non
2530 2888 2723 2929 omnes
2740 2873 2931 2957 culpas
2953 2875 3332 2944 exstinguant.
3356 2871 3559 2929 Verum
3577 2888 3644 2929 ex
3668 2890 3736 2929 eo

2149 2974 2403 3038 prosunt,
2436 2967 2582 3039 quod
2613 2967 2956 3038 plerumque,
2997 2965 3127 3020 dum
3160 2965 3340 3020 adhuc
3366 2966 3421 3020 in
3454 2975 3602 3021 terra
3629 2967 3729 3021 de-

2151 3059 2354 3129 gimus,
2375 3067 2569 3129 sponte
2595 3066 2691 3111 aut
2713 3057 2871 3112 inviti
2902 3056 3224 3121 titubemus,
3257 3064 3314 3110 ut
3344 3056 3425 3123 id,
3454 3056 3600 3127 quod
3619 3072 3738 3127 per-

2153 3149 2348 3205 fectius
2371 3158 2477 3215 est,
2510 3149 2869 3221 signiﬁcetur.
2887 3146 3021 3202 Nam
3051 3155 3104 3202 et
3123 3148 3402 3217 iustorum
3449 3147 3656 3218 pariter
3680 3154 3763 3202 et-

2154 3250 2507 3313 peccatorum
2536 3241 2875 3295 mentionem
2901 3239 3139 3295 iacimus
3168 3257 3181 3293 :
3213 3246 3568 3309 peccatorum
3607 3241 3735 3310 qui-

470 3324 671 3379 στόλων
697 3305 788 3380 καὶ
813 3305 1211 3397 εὐαγγελιστῶν
1247 3305 1342 3386 καὶ
1392 3305 1688 3403 μαρτύρων
1743 3305 1837 3384 καί.
1862 3319 2050 3402 ὁμολοτ

2155 3334 2303 3396 dem,
2328 3343 2391 3387 ut
2416 3332 2486 3388 iis
2521 3347 2553 3386 a
2596 3331 2829 3388 Domino
2865 3331 3299 3386 misericordiam
3344 3329 3738 3400 imploremus;

470 3418 672 3488 γητῶν,
709 3419 1023 3474 ἐπισκόπων
1062 3437 1123 3475 τε
1164 3423 1256 3475 καὶ
1290 3422 1658 3495 ἀναχωρητῶν
1718 3423 1812 3477 καὶ
1854 3422 2053 3489 παντὸς

468 3506 563 3560 τοῦ
591 3508 890 3580 τάγματος,
918 3511 1003 3564 ἵνα
1027 3510 1120 3565 τὸν
1145 3511 1345 3585 Κύριον
1372 3513 1579 3585 Ἰησοῦν
1599 3514 1834 3586 Χριστὸν
1862 3513 2055 3586 ἀφορί-

473 3612 657 3671 σωμεν
682 3601 790 3655 ἀπὸ
820 3603 1068 3673 τῆςτῶν
1109 3603 1415 3677 ἀνθρώπων
1439 3605 1647 3670 τάξεως
1674 3605 1764 3659 διά
1790 3604 1890 3676 τῆς
1915 3604 2055 3678 πρὸς

470 3692 633 3748 αὐτὸν
684 3695 871 3767 τιμῆς,
900 3697 993 3751 καὶ⁹
1036 3697 1203 3761 σέϐας
1246 3698 1397 3769 αὺτῷ
1440 3698 1752 3770 ἀποδῶμεν,
1784 3701 1843 3753 ὲν
1874 3698 2054 3771 ἐννοίᾳ

471 3784 756 3853 ϐντες,”ὄτι
792 3790 893 3842 οὐκ
932 3790 1079 3844 ἔστιν
1122 3790 1470 3862 ὲξισούμενος
1495 3791 1524 3844 ό
1550 3791 1755 3864 Κύριος
1792 3792 1901 3845 τινὶ
1946 3791 2055 3846 τῶν

471 3878 798 3950 ἀνθρώπων,
827 3880 929 3934 κάν
961 3882 1221 3952 τεημυρία
1248 3881 1344 3934 καὶ
1374 3881 1632 3935 ἐπέκεινα
1658 3884 1717 3934 ὲν
1736 3881 2052 3954 δικαιοσύνῃ

473 3971 694 4043 ὑπάρχῃ
725 3973 956 4038 ἕκαστος
982 3972 1306 4045 ἀνθρώπων.
1328 3973 1455 4038 Πῶς
1476 3972 1585 4046 γὰρ
1607 3968 1719 4028 οἷόν
1741 3990 1802 4027 τε
1827 3972 2056 4048 εἴητοῦ-

471 4079 566 4129 το;
596 4064 656 4116 '0
687 4064 787 4136 μὲν
815 4065 924 4137 γάρ
953 4067 1068 4119 ἐστι
1100 4065 1253 4129 Θεὸς,
1271 4067 1299 4120 ό
1323 4066 1380 4120 δὲ
1412 4066 1699 4138 ἄνθρωπος
1718 4082 1731 4095 ·
1767 4067 1862 4121 καὶ
1890 4069 1921 4121 ό
1956 4066 2055 4138 μὲν

476 4156 538 4210 ὲν
564 4157 804 4233 οὐρανῷ,
830 4160 859 4212 ό
885 4158 942 4212 δὲ
969 4158 1061 4211 ἐπὶ
1087 4158 1190 4230 τῆς
1209 4159 1314 4230 γῆς
1337 4158 1427 4213 διὰ
1447 4158 1518 4214 τά
1553 4159 1646 4213 ἐπὶ
1678 4158 1784 4229 γῆς
1805 4157 2054 4228 λείψανα,

472 4248 652 4320 πάρεξ
689 4249 798 4303 τῶν
845 4249 1191 4321 ἀναστάντων
1234 4252 1330 4306 καὶ
1379 4249 1827 4305 συνεισελθόντων
1871 4251 1929 4303 ἐν
1977 4248 2056 4321 τῷ

474 4340 745 4412 νυμφῶνι,
777 4342 853 4406 ὥς
886 4359 1020 4414 φησι
1060 4342 1122 4395 τὸ
1155 4342 1308 4412 ἀγιον
1337 4342 1671 4413 Εὐαγγέλιον
1691 4340 1943 4397 ⁸”Πολ.λὰ
1987 4340 2058 4394 δὲ

454 4416 720 4504 eduram
750 4432 869 4487 τῶν
892 4434 1075 4503 ἁγίων
1099 4433 1474 4502 ἀνέστησαν,
1508 4433 1607 4487 καὶ
1638 4430 2057 4501 συνβισῆλθον

383 4544 395 4553 ·
475 4522 636 4590 αὐτῷ
663 4524 754 4591 εὶς
798 4524 913 4592 τὴν·
956 4524 1135 4594 ἁγίαν
1159 4525 1358 4578 πόλιν.
1376 4523 1561 4593 Ἀγίαν
1603 4523 1660 4578 δὲ
1702 4523 1858 4577 πόλιν
1906 4521 2055 4591 λέγει
2093 4538 2102 4543 ·

2150 3427 2427 3498 iustorum
2455 3436 2638 3482 autem
2672 3433 2727 3480 et
2759 3425 2985 3481 Patrum
3034 3439 3099 3478 ac
3127 3423 3585 3494 patriarcharum,
3611 3437 3739 3492 pro-

2154 3520 2470 3591 pbetarum,
2483 3520 2880 3590 apostolorum,
2900 3516 3384 3588 evangelistarum,
3409 3521 3736 3586 martyrum,

2155 3612 2562 3675 confessorum,
2595 3612 3008 3682 episcoporum,
3039 3608 3497 3663 anachoretarum
3538 3622 3605 3662 ac
3632 3619 3740 3662 cm-

2157 3714 2246 3761 tus
2280 3705 2425 3761 illius
2472 3704 2748 3768 universi,
2803 3709 2865 3757 ut
2906 3701 3196 3756 Dominum
3236 3697 3423 3756 Jesum
3456 3697 3741 3754 Christum

2156 3797 2421 3868 singulari
2448 3794 2683 3867 quodam
2714 3795 2922 3849 honore
2946 3788 3381 3864 prosequentes,
3407 3790 3480 3846 ab
3513 3799 3741 3847 caetero-

2155 3904 2276 3943 rum
2300 3887 2582 3942 hominum
2607 3886 2801 3941 ordine
2832 3898 3204 3957 segregemus,
3243 3882 3601 3953 debitumque
3621 3883 3742 3938 cul-

2155 3986 2273 4033 tum
2306 3977 2458 4032 illius
2486 3977 2761 4048 majestati
2787 3977 3122 4042 tribuamus,
3148 3976 3279 4031 dum
3309 3973 3444 4030 illud
3474 3984 3601 4029 cum
3625 3975 3740 4029 ani-

2156 4083 2248 4123 mo
2292 4079 2484 4124 nostro
2535 4077 2856 4138 reputamus
2894 4086 2909 4122 :
2950 4081 3063 4121 non
3105 4081 3230 4122 esse
3273 4064 3560 4119 Dominum
3612 4079 3740 4119 cum

2157 4159 2284 4215 ullis
2315 4159 2638 4216 mortalibus
2663 4159 3087 4230 adaequandum,
3114 4157 3367 4229 quamvis
3402 4156 3604 4228 singuli
3648 4157 3735 4210 in-

2157 4250 2310 4306 ﬁnita
2351 4251 2610 4321 quadam,
2641 4260 2736 4306 aut
2765 4252 2934 4307 etiam
2966 4250 3235 4321 ampliore
3262 4248 3482 4319 justitia
3522 4249 3740 4319 praediti

2157 4345 2289 4401 sint.
2325 4342 2461 4399 Nam
2504 4359 2626 4414 quae
2684 4351 2867 4415 potest
2905 4359 3042 4400 esse.
3065 4341 3432 4412 comparatio,
3475 4355 3600 4395 cum
3650 4340 3743 4395 ille

2155 4436 2322 4500 Deus,
2355 4435 2446 4491 hic
2475 4436 2639 4492 homo
2663 4437 2735 4492 sit
2769 4455 2782 4491 :
2815 4435 2907 4490 ille
2936 4435 2989 4490 in
3021 4435 3184 4498 caelo,
3216 4435 3305 4490 hic
3334 4434 3393 4489 in
3424 4440 3740 4502 terra,pro-

2156 4538 2278 4601 pter
2321 4529 2544 4584 relictas
2578 4528 2779 4584 ibidem
2823 4527 3075 4596 corporis
3117 4526 3421 4597 reliquias,
3465 4533 3738 4589 versetur,

477 4617 637 4672 ποίαν
664 4618 903 4689 ταύτην;
947 4617 1255 4689 Πληροῠται
1305 4616 1416 4688 γὰρ
1462 4620 1580 4670 κατ’
1609 4618 1813 4689 ἀμφοῖν
1845 4617 1874 4671 ὁ
1898 4616 2050 4684 λόγος

2157 4621 2401 4691 exceptis
2442 4620 2512 4677 iis
2539 4620 2633 4691 qui
2667 4636 2696 4674 a
2728 4619 2960 4674 mortuis
2992 4619 3212 4674 excitati
3240 4620 3297 4673 in
3332 4617 3631 4672 thalamum
3660 4617 3741 4672 si-

476 4712 556 4775 εἰς
589 4710 687 4783 τὴν
710 4708 968 4774 ἐνταῦθα,
1003 4710 1098 4764 καὶ
1139 4711 1219 4772 είς
1256 4710 1355 4781 τὴν
1380 4709 1642 4764 ἄνω.”οτι
1696 4710 1795 4778 μὲν
1835 4708 1946 4780 γὰρ
1976 4709 2057 4773 είς

468 4802 575 4872 ,τὴν
604 4801 840 4883 ἐνταῦθα
875 4801 1232 4875 Ἰερουσαλὴμ
1265 4800 1614 4873 συνεισῆλθον
1642 4800 1792 4872 αὐτῷ
1817 4801 2054 4886 πρῶτον,

476 4893 634 4948 τοῦτο
657 4894 815 4966 δῆλον
834 4911 849 4926 ·
880 4895 1047 4966 πρινὴ
1093 4893 1150 4947 δὲ
1181 4893 1275 4948 τοῦ
1301 4893 1572 4964 ἀναϐῆναι
1599 4893 1691 4946 τὸν
1719 4894 1946 4965 Σωτῆρα
1973 4894 2055 4956 είς

356 4993 365 5013 ⁸
476 4985 568 5039 τὸν
615 4984 865 5056 οὐρανὸν,
897 4984 1069 5049 οὐδεὶς
1101 4985 1209 5057 γὰρ
1240 4984 1577 5056 ἀναϐέϐηκεν
1620 4983 1726 5049 ἕως
1767 4985 1856 5038 ὅτε
1908 4983 2057 5054 αὐτῷ

421 5076 431 5084 ’
478 5074 827 5145 συνανῆλθον.
863 5074 1072 5141 Οὐδείς
1105 5076 1217 5146 τοι)
1251 5075 1619 5143 ἀναϐέϐηκεν»
1638 5078 1725 5141 είς
1749 5075 1858 5130 τὸν
1882 5077 2057 5144 οὐρα-

477 5163 612 5228 νὸν,
641 5166 690 5218 εί
703 5163 791 5233 μὴ
824 5167 857 5218 ό
889 5165 957 5218 ἐκ
991 5163 1098 5219 τοῦ
1126 5164 1388 5233 οὐρανοῦ
1414 5164 1694 5231 καταϐὰς,
1723 5168 1756 5218 ό
1792 5163 1922 5231 Υἱός
1949 5164 2055 5219 τοῦ

478 5254 811 5323 ἀνθρώπου.
834 5254 991 5309 Ἀλλά
1023 5256 1151 5327 περὶ
1178 5255 1382 5309 τούτων
1410 5258 1469 5309 ὲν
1500 5254 1579 5326 τῷ
1598 5256 1750 5326 τόπῳ
1775 5255 2055 5327 γενόμενοι

478 5346 574 5408 τὰς
620 5344 714 5401 δύο
761 5344 933 5409 λέξεις
956 5346 1340 5416 ὑπεδείξαμεν.
1368 5347 1431 5400 Et
1455 5346 1512 5399 δέ
1538 5364 1621 5410 τις
1645 5347 1780 5416 ἐρεῖ,
1810 5347 1893 5400 ὅτι
1947 5348 2057 5417 ἀρα

422 5452 453 5471 ὀ
478 5434 560 5498 είς
583 5435 680 5506 τὴν
718 5435 1075 5507 Ἰερουσαλὴμ
1102 5436 1369 5507 εἰσῆλθον,
1408 5436 1647 5507 μαθέτω,
1673 5436 1756 5490 ὅτι
1785 5438 1845 5491 ὲν
1872 5437 2054 5510 ἐκείνῃ

477 5530 543 5600 τῇ
578 5528 762 5601 ἡμέρᾳ
788 5529 895 5584 τῶν
926 5529 1106 5601 θυρῶν
1134 5529 1537 5601 κεκλεισμένων
1575 5529 1821 5601 παρέστη
1866 5531 1896 5582 ὁ
1936 5528 2052 5585 Κύ-

554 5773 576 5808 ⁸
610 5773 675 5833 F.
701 5774 1063 5848 διηγήσοιντο.
1142 5778 1162 5808 ¹
1190 5776 1378 5832 Matth.
1408 5792 1579 5839 xxvii,
1612 5774 1701 5840 52,
1736 5774 1805 5832 55

2163 4711 2277 4766 mul
2309 4711 2539 4781 ingressi
2566 4717 2717 4772 sunt,
2748 4718 2808 4764 ut
2829 4711 2883 4763 in
2912 4708 3208 4780 Evangelio
3230 4716 3492 4763 narratur
3522 4726 3536 4763 :
3565 4705 3742 4761 Multa

2162 4819 2281 4857 vero
2308 4818 2534 4870 corpora
2556 4810 2865 4855 sanctorum
2896 4810 3312 4863 resurrexerunt,
3351 4811 3400 4854 et
3425 4799 3741 4854 introierunt

2162 4895 2217 4949 in
2245 4904 2485 4949 sanctam
2499 4894 2764 4948 civitatem
2786 4895 2845 4948 ’ἲ
2870 4893 2942 4949 De
2961 4909 3200 4965 quanam
3231 4908 3363 4949 vero
3392 4900 3583 4950 sancta
3614 4892 3742 4946 civi-

2162 4991 2274 5039 tate
2319 4983 2595 5054 loquitur?
2630 4981 2765 5038 Nam
2795 4983 2863 5038 ad
2903 4996 3215 5055 utramque,
3254 4991 3365 5037 tam
3407 4988 3737 5052 praesentem

2161 5075 2435 5143 videlicet,
2464 5090 2627 5147 quam
2650 5076 3117 5138 calestemillam,
3150 5075 3304 5129 locus
3331 5074 3436 5129 iste
3468 5074 3743 5144 pertinere

2161 5175 2361 5239 potest.
2386 5166 2456 5222 Et
2480 5167 2699 5238 quidem
2719 5175 2990 5223 terrenam
3016 5168 3157 5239 hanc
3172 5166 3476 5222 Jerusalem
3506 5167 3740 5236 primum

2162 5260 2288 5315 illos
2321 5259 2602 5329 ingressos
2632 5274 2757 5314 esse
2791 5259 2998 5314 nemini
3025 5259 3255 5314 dubium
3303 5268 3407 5314 est.
3438 5258 3508 5312 At
3559 5258 3742 5329 prius-

2162 5368 2328 5424 quam
2374 5352 2628 5407 Salvator
2666 5353 2721 5406 in
2769 5353 2970 5407 caelum
3019 5352 3373 5415 ascenderet,
3419 5354 3743 5408 ascenderat

2163 5456 2346 5504 nemo,
2377 5429 2551 5496 donec
2586 5442 2663 5495 illi
2690 5458 2813 5496 cum
2835 5457 2901 5496 eo
2938 5443 3141 5511 pariter
3171 5443 3344 5497 evecti
3368 5450 3497 5496 sunt
3529 5464 3540 5497 :
3572 5441 3741 5496 Nemo

2161 5533 2300 5586 enim
2339 5532 2574 5587 ascendit
2606 5533 2658 5586 in
2686 5533 2894 5599 cwlum,
2941 5534 3046 5587 nisi
3085 5535 3177 5603 qui
3217 5535 3281 5588 de
3314 5533 3440 5589 caelo
3496 5532 3733 5587 decena'ii
