4134 6386
401 349 508 404 5λὸ

1794 345 1850 402 S.
1895 344 2236 400 EPlPllANll

3567 352 3678 411 διο

399 464 576 520 Filius
617 465 844 520 hominis
869 467 906 520 ί.
947 465 1144 520 Verum
1187 469 1323 520 duas
1362 481 1424 518 ea
1457 463 1522 518 de
1567 479 1626 518 re
1669 461 1968 518 sententias

2083 479 2193 532 ριος
2219 463 2363 516 ἔνθα
2401 459 2558 530 ἦσαν
2602 467 2654 516 ol
2687 465 2944 534 μαθηταὶ
2983 463 3370 536 συνηγμένοι,
3397 465 3490 518 καί
3519 481 3682 536 φησιν

399 573 501 614 suo
539 559 659 612 loco
713 562 1118 628 proposuimus.
1164 558 1372 624 Quodsi
1414 557 1541 628 quis
1571 555 1876 610 Jerusalem
1907 553 1993 604 in-

2099 555 2279 618 αὑτοῖς
2298 573 2311 588 ·
2343 557 2567 624 Εἰρήνη
2595 558 2759 626 ὑμῖν.

397 667 616 722 gressus
665 667 788 706 esse
849 653 1015 716 dicat,
1059 652 1202 707 scire
1261 651 1422 706 debet
1465 651 1556 705 illa
1625 649 1714 704 die
1761 645 1966 702 clausis
2006 641 2189 710 januis
2239 647 2350 704 illic
2417 651 2666 706 astitisse
2718 651 2884 722 912
2935 651 3244 715 Dominum,
3303 649 3395 704 ubi
3425 661 3572 704 erant
3603 651 3674 702 di-

393 745 586 814 scipuli
659 748 974 815 congregati,
1015 745 1319 816 iisdemque
1349 745 1586 800 dixisse:
1622 741 1742 796 Pax
1788 737 1980 794 vobis‘.

469 839 559 893 IX.
595 837 700 893 Sed
759 838 844 892 his
875 839 1096 892 omissis
1141 853 1228 900 eo,
1263 839 1405 892 unde
1433 837 1782 902 diverteram,
1815 831 1980 888 redeo

399 943 462 982 ac
495 929 806 982 necessario
835 925 1018 983 facere
1053 926 1187 982 illud
1219 925 1521 982 Ecclesiam
1554 926 1698 989 dico,
1730 938 1850 994 quae
1875 931 1980 976 tra-

404 1019 578 1074 ditum
623 1020 727 1075 sibi
763 1019 931 1073 ritum
967 1019 1117 1074 illum
1150 1035 1180 1074 a
1209 1019 1511 1090 majoribus
1547 1017 1836 1088 acceperit.
1883 1015 1980 1070 Po-

397 1119 503 1167 test
535 1125 665 1166 vero
702 1111 992 1182 quisquam
1027 1120 1333 1168 maternam
1367 1111 1734 1173 sanctionem,
1776 1119 1868 1164 aut
1896 1107 1978 1163 le-

395 1215 514 1270 gem
557 1201 729 1272 patris
772 1201 1058 1257 evertere?
1107 1201 1567 1272 quemadmodum
1615 1215 1645 1255 a
1689 1199 1982 1255 Salomone

393 1295 658 1366 scriptum
688 1303 804 1350 est:
830 1295 990 1362 Audi,
1012 1296 1115 1366 ﬁli,
1141 1312 1405 1351 sermones
1421 1297 1590 1366 patris
1607 1295 1707 1360 tui,
1734 1303 1784 1348 et
1807 1310 1870 1347 ne
1893 1307 1978 1346 re-

393 1387 558 1442 vellas
609 1387 742 1458 leges
777 1389 964 1442 matris
997 1397 1100 1442 tua!
1147 1387 1188 1443 ³.
1219 1386 1433 1454 Quibus
1477 1383 1719 1450 Patrem,
1763 1386 1865 1439 hoc
1892 1389 1980 1440 est

395 1480 736 1552 unigenitum
767 1479 936 1536 Deum
981 1495 1106 1536 cum
1133 1479 1342 1551 Spiritu
1373 1489 1566 1536 sancto
1584 1478 1826 1533 declarat
1852 1491 1979 1547 par-

391 1575 490 1628 tim
535 1574 782 1644 scripto,
831 1571 1029 1644 partim
1090 1571 1210 1628 sine
1258 1571 1466 1641 scripto
1503 1568 1790 1632 docuisse;
1847 1581 1980 1620 ma-

395 1677 532 1724 trem
588 1683 720 1724 vero
777 1677 1022 1724 nostram
1078 1665 1380 1722 Ecclesium
1449 1663 1668 1719 decreta
1726 1661 1974 1732 quaedam

2159 823 2235 881 9'.
2277 822 2409 880 Εἶτα
2442 827 2498 881 δὲ
2522 831 2649 900 περὶ
2671 830 2862 882 τούτου
2887 823 3044 894 αὖθις
3067 827 3402 900 ἐπιλήψομαι
3422 830 3522 900 τῆς
3546 833 3678 886 ἀκοσ-

2087 915 2324 984 λουθίας,
2356 919 2436 974 ὅτι
2463 922 2778 990 ἀναγκαίως
2830 924 2862 993 ή
2905 921 3204 992 Ἐκκλησία
3232 921 3390 976 τοῦτο
3417 925 3674 990 ἐπιτελεῖ,

2087 1011 2383 1082 παράδοσιν
2412 1013 2650 1067 λαϐοῦσα
2678 1013 2831 1085 παρὰ
2859 1014 3140 1084 πατέρων.
3173 1013 3269 1078 Τίς
3300 1015 3358 1068 δὲ
3389 1014 3675 1087 δυνήσεται

2086 1103 2285 1174 θεσμὸν
2334 1106 2536 1178 μητρὸς
2586 1107 2900 1170 καταλύειν,
2939 1107 2972 1178 ἢ
3005 1108 3170 1178 νόμον
3199 1109 3442 1180 πατρός;
3485 1110 3562 1172 ὡς
3604 1111 3674 1166 τὰ

2085 1197 2237 1269 παρὰ
2287 1197 2366 1269 τῷ
2425 1199 2733 1272 Σολομῶντι
2775 1201 3081 1272 εἰρημένα·
3123 1201 3356 1267 Ἄκουε,
3413 1204 3529 1266 υἱὲ,
3567 1207 3673 1260 λό-

2086 1307 2234 1359 γους
2273 1293 2498 1360 πατρός
2555 1309 2693 1356 σου,
2733 1294 2832 1347 καὶ
2874 1293 2962 1363 μὴ
3008 1293 3224 1362 ἀπώσῃ
3265 1293 3530 1365 θεσμοὺς
3557 1313 3672 1364 μη-

2085 1379 2222 1447 τρός
2263 1395 2409 1434 σου’
2457 1381 2662 1449 δείξας,
2701 1383 2785 1436 ὅτι
2821 1383 3116 1454 ἐγγράφως
3157 1401 3217 1437 τε
3269 1385 3366 1438 καὶ
3409 1383 3674 1456 ἀγράφως

2085 1471 2364 1526 ἐδίδασκεν
2385 1471 2414 1526 6
2441 1475 2653 1546 Πατὴρ,
2683 1474 2962 1529 τουτέστιν
2985 1478 3013 1529 6
3035 1476 3168 1541 Θεὸς
3187 1477 3216 1531 6
3241 1477 3558 1548 μονογενὴς,
3581 1478 3673 1530 καὶ

2083 1563 2145 1616 τὸ
2171 1563 2324 1634 ἅγιον
2346 1565 2570 1637 Πνεῦμα
2591 1583 2603 1596 ·
2627 1569 2659 1638 ἡ
2685 1566 2742 1620 δὲ
2776 1568 2960 1640 μήτηρ
2984 1569 3016 1639 ή
3025 1567 3140 1638 μῶν
3163 1570 3198 1640 ἡ
3233 1567 3534 1640 Ἐκκλησία
3559 1565 3671 1640 εἶχε

2085 1655 2324 1728 θεσμοὺς
2355 1657 2414 1710 ὲν
2442 1657 2580 1729 αὐτῇ
2616 1657 2923 1730 κειμένους,
2955 1657 3207 1724 ἀλύτους,
3243 1657 3318 1730 μὴ
3345 1658 3672 1729 δυναμένους

395 1758 600 1814 habere
631 1773 800 1830 penes
835 1773 916 1820 se,
947 1773 1069 1828 quas
1097 1755 1322 1812 dissolvi
1349 1753 1635 1824 evertique
1673 1757 1974 1823 nequeunt.

2082 1747 2476 1821 καταλυθῆναι.
2515 1751 2879 1821 Τεταγμένων
2905 1751 3086 1806 τοίνυν
3113 1751 3222 1805 τῶν
3255 1752 3315 1806 ὲν
3341 1754 3408 1824 τῇ
3443 1751 3673 1822 Ἐκκλη-

391 1856 524 1920 Quae
559 1851 782 1923 quidem
811 1867 936 1906 cum
979 1851 1035 1904 in
1067 1847 1316 1906 Ecclesia
1342 1847 1642 1904 constituta
1673 1845 1804 1910 sint,
1833 1860 1976 1916 pra:-

391 1943 540 1998 clara
573 1943 795 2014 quidem
833 1957 895 1996 ac
931 1941 1150 2012 penitus
1195 1937 1542 2001 admiranda,
1589 1953 1654 1993 ex
1701 1937 1807 1992 hoc
1855 1937 1977 2008 ipso

391 2035 571 2106 capite
609 2043 883 2091 veterator
933 2035 1026 2090 ille
1059 2033 1429 2088 convincitur.
1477 2029 1584 2086 Sed
1618 2045 1744 2094 nos,
1776 2044 1842 2086 eo
1885 2045 1975 2084 re—

391 2127 544 2190 licto,
581 2127 725 2182 velut
771 2125 1052 2180 scaraban
1083 2124 1342 2195 quodam,
1383 2131 1476 2177 aut
1504 2119 1850 2184 cantharide,
1889 2119 1972 2173 vel

389 2218 668 2288 bupreste,
687 2218 834 2289 quod
855 2225 940 2273 est
965 2219 1156 2274 insecti
1183 2217 1459 2288 quoddam
1482 2231 1675 2288 genus,
1703 2230 1767 2270 ac
1796 2215 1976 2271 solido

391 2309 648 2366 Ecclesiae
679 2311 933 2382 dogmate
987 2308 1194 2381 Deique
1208 2309 1413 2364 virtute
1445 2307 1755 2372 contracto,
1795 2307 1863 2362 ad
1891 2307 1976 2362 in-

392 2413 690 2473 sequentes
719 2403 954 2458 haereses
974 2417 1098 2457 cum
1127 2401 1316 2458 eodem
1364 2399 1458 2458 Dei
1501 2400 1756 2472 prasidio
1791 2407 1974 2456 trans-

391 2509 604 2551 eamus.
787 2585 1158 2642 sovsusus
1197 2583 1582 2654 monaaos,

617 2679 748 2746 Qua!
783 2691 862 2734 est
894 2681 1104 2736 haeresis
1135 2678 1290 2744 LVI,
1331 2695 1437 2735 stne
1465 2677 1728 2734 LXXVI.

459 2773 498 2828 Ι.
531 2773 734 2830 Frater
751 2773 854 2830 hos
881 2773 1132 2829 Anomaai
1156 2773 1375 2844 quidam
1397 2773 1752 2837 exstiterunt,
1780 2785 1976 2827 recens

2079 1838 2168 1910 σία
2208 1839 2427 1912 Θεσμῶν
2481 1842 2576 1894 καὶ
2623 1841 2804 1906 καλῶς
2851 1843 3084 1913 ἐχόντων
3141 1842 3238 1896 καὶ
3297 1843 3404 1896 τῶν
3453 1843 3672 1897 πάντων

2077 1931 2396 2002 θαυμασίων
2419 1931 2739 2004 γινομένων,
2768 1932 3057 2005 ὲλήλεκται
3105 1933 3268 1988 πάλιν
3317 1935 3412 1986 καὶ
3459 1926 3614 1997 οὗτος
3642 1935 3674 1988 6

2079 2023 2303 2086 πλάνος.
2346 2024 2458 2078 Καὶ
2500 2023 2690 2080 τοῦτον
2737 2025 2795 2078 δὲ
2849 2025 3213 2098 παρελθόντες
3247 2025 3438 2098 ὥσπερ
3471 2025 3673 2081 κάνθα-

2081 2115 2247 2188 pomi,
2281 2117 2654 2190 κανθαρίδα,ἥ
2686 2119 2775 2172 τὸν
2799 2118 3134 2189 καλούμενον
3165 2118 3500 2192 βούπρηστιν
3525 2121 3668 2174 κνώ-

2075 2209 2232 2262 δαλον
2263 2209 2702 2274 καταθλάσαντες
2731 2209 2809 2282 τῷ
2835 2209 3274 2282 ἐκκλησιαστικῷ
3333 2210 3672 2283 ἑδραιώματι

2077 2301 2172 2355 καὶ
2205 2303 2270 2372 τῇ
2301 2301 2396 2354 τοῦ
2429 2301 2566 2355 Θεοῦ
2595 2301 2845 2372 δυνάμει,
2873 2302 2967 2355 ἐπὶ
2997 2301 3097 2366 τὰς
3127 2299 3254 2373 ἑξῆς
3279 2302 3441 2358 πάλιν
3476 2293 3666 2374 ἴωμεν,

2077 2395 2166 2448 τὸν
2201 2394 2333 2449 Θεὸν
2363 2395 2556 2466 βοηθὸν
2584 2393 3026 2465 ἐπικαλούμενοι.

2567 2577 2756 2632 ΚΑΤΑ
2793 2578 3178 2648 ΑΝοΜοιΩΝ,

2199 2667 2586 2738 Πεντηκοστὴ
2619 2670 2784 2738 ἕκτη,
2815 2671 2854 2740 ἡ
2888 2671 2989 2726 καὶ
3013 2669 3358 2740 ἑπτακοστὴ
3380 2669 3542 2740 ἕκτη.

2148 2765 2228 2818 A'.
2283 2761 2551 2835 Ἀνόμοιοι
2594 2761 2758 2816 πάλιν
2801 2763 2944 2828 τινές
2978 2765 3084 2818 εἰσι
3118 2764 3484 2836 καλούμενοιο
3521 2755 3668 2818 οὗτοι

389 2867 444 2920 in
481 2869 659 2921 lucem
699 2865 831 2922 editi
854 2905 870 2930 ,
917 2881 1149 2937 quorum
1182 2867 1438 2937 princeps
1479 2865 1671 2920 Aetius
1708 2864 1975 2920 diaconus

2080 2857 2136 2910 δὲ
2167 2855 2701 2929 πρόσφατοι.Ἔσχον
2734 2856 2791 2910 δὲ
2823 2856 3067 2928 ἀρχηγὸν
3109 2857 3316 2912 Ἀέτιὸν
3337 2875 3460 2911 τινα
3487 2857 3666 2911 διάκο-

390 2962 527 3026 fuit;
563 2959 656 3032 qui
693 2961 762 3016 ad
794 2975 919 3015 eum
949 2960 1232 3032 dignitatis
1264 2960 1492 3032 gradum
1521 2959 1591 3016 ob
1621 2959 1855 3029 ineptias
1911 2973 1975 3012 ac

2080 2967 2190 3010 νον,
2225 2947 2569 3021 προαχθέντα
2618 2947 2708 3002 διὰ
2749 2949 2850 3018 τὴν
2899 2949 3207 3022 46106182)
3254 2949 3522 3022 φλυαρίαν
3561 2951 3668 3004 ὑπὸ

389 3069 562 3126 nugas
591 3069 721 3110 suas
772 3069 802 3107 a
839 3051 1076 3124 Georgio
1119 3051 1492 3108 Alexandrino
1539 3063 1825 3124 promotus
1863 3061 1968 3116 est,

2080 3040 2353 3111 Γευργίου
2385 3040 2932 3112 τοῦ¹Ἀλεξανδρέως,
2962 3043 3070 3096 τῶν
3115 3042 3410 3115 Ἀρειανῶν
3433 3043 3550 3115 ἅμα
3571 3045 3668 3096 καὶ

389 3165 456 3204 eo
487 3147 745 3204 videlicet
801 3147 946 3218 ipso,
983 3148 1074 3218 qui
1111 3146 1440 3201 Arianorum
1483 3145 1687 3216 pariter
1720 3161 1782 3200 ac
1811 3143 1970 3200 Mele-

2080 3133 2424 3190 Μελετιανῶν
2447 3135 2739 3205 γεγονότος
2761 3138 3085 3200 ἐπισκόπου,
3105 3138 3200 3192 καὶ
3221 3138 3280 3190 ὲν
3301 3139 3514 3210 χρόνοις
3536 3138 3666 3191 Ἰου-

390 3241 664 3294 tianorum
710 3239 1024 3308 episcopus,
1071 3236 1292 3292 Juliano
1329 3236 1655 3307 imperante,
1703 3245 1762 3292 ut
1808 3246 1970 3292 antea

2080 3227 2278 3291 λιανοῦ,
2318 3229 2394 3292 ὡς
2431 3229 2543 3282 ἄνω
2577 3246 2667 3300 μοι
2711 3229 3139 3300 προδεδήλωται,
3181 3229 3281 3300 τὴν
3329 3230 3483 3284 πόλιν
3525 3247 3668 3300 πομ-

391 3329 700 3392 docuimus,
741 3328 797 3382 in
842 3329 1111 3383 camelum
1147 3327 1460 3397 impositus,
1493 3335 1605 3382 tota
1636 3327 1769 3382 urbe
1817 3327 1970 3394 igno—

2080 3319 2376 3386 πεύσαντος
2405 3321 2498 3373 ἐπὶ
2533 3321 2782 3394 καμήλου
2803 3337 2816 3352 ·
2849 3323 2944 3376 καὶ
2967 3321 3184 3393 πρῶτον
3225 3324 3324 3394 μὲν
3359 3321 3532 3376 πολλὰ
3562 3321 3668 3376 ὑπὸ

391 3421 624 3474 miniose
669 3419 955 3473 traductus
999 3425 1104 3473 est.
1150 3417 1229 3472 Ac
1273 3418 1514 3488 primum
1561 3417 1630 3472 ab
1677 3419 1971 3488 gentilibus

2080 3413 2181 3467 τῶν
2225 3412 2494 3484 Ἐλλήνων
2524 3413 2974 3483 συγκλεισθέντος
3017 3416 3112 3468 καὶ
3141 3413 3496 3478 πεπονθότος,
3525 3432 3668 3484 πομ-

389 3512 795 3580 circumseptus
840 3525 905 3563 ac
969 3508 1140 3562 multa
1177 3521 1498 3578 perpessus,
1529 3515 1693 3575 atque
1735 3507 1806 3562 ad
1845 3523 1967 3563 eum

2080 3507 2374 3572 πεύσαντός
2402 3525 2482 3570 τε,
2509 3507 2584 3570 ὡς
2606 3507 2763 3578 ἔφην,
2789 3509 2885 3562 καὶ
2911 3507 3086 3574 ξύλοις
3109 3507 3452 3574 παισθέντος,
3477 3506 3666 3560 ἔπειτα

391 3621 550 3677 quem
599 3603 840 3660 diximus
887 3605 1106 3658 modum
1154 3601 1570 3658 circumductus
1629 3611 1684 3659 et
1729 3601 1970 3659 fustibus

2080 3599 2128 3651 δὲ
2160 3599 2412 3670 συρέντος
2445 3599 2571 3670 ὃλην
2599 3600 2784 3670 σχεδὸν
2816 3600 2915 3672 τὴν
2949 3600 3129 3666 πόλιν,
3161 3601 3264 3656 καὶ
3309 3599 3484 3663 οὕτως
3531 3600 3662 3654 ἀπο-

391 3713 685 3768 percussus
757 3705 982 3767 totaque
1035 3696 1427 3767 pr0pemodum
1469 3697 1608 3752 urbe
1643 3705 1878 3764 tractus,
1915 3697 1970 3751 in

2080 3691 2348 3756 θανόντος,
2381 3690 2475 3744 καὶ
2509 3692 2648 3762 μετὰ
2678 3691 2910 3746 θάνατον
2936 3693 3183 3758 καέντος,
3212 3693 3306 3746 καὶ
3353 3691 3492 3764 μετὰ
3537 3693 3666 3746 πολ-

391 3791 461 3845 iis
503 3790 787 3861 suppliciis
819 3793 1131 3846 exstinctus
1165 3799 1279 3857 est;
1330 3805 1393 3844 ac
1441 3799 1566 3860 post
1596 3789 1807 3845 obitum
1837 3805 1970 3844 con-

2080 3783 2180 3838 λῶν
2213 3783 2416 3838 ὀστέων
2449 3784 2665 3856 κτηνῶν
2699 3785 2794 3840 καὶ
2825 3783 2985 3850 ζώων
3018 3787 3099 3850 είς
3129 3785 3337 3856 τέφραν
3371 3784 3660 3855 συναχθέν-

389 3869 775 3946 crematus,et
815 3897 939 3937 cum
983 3883 1172 3936 multis
1211 3881 1480 3953 pecudum
1551 3898 1614 3938 ac
1667 3883 1970 3938 bestiarum

2080 3893 2186 3941 τος,
2233 3877 2325 3930 καί⁴
2372 3875 2668 3947 μετέπειτα
2702 3879 2814 3940 τοῖς
2845 3875 3070 3947 ἀνέμοις
3122 3877 3213 3930 ὑπ’
3240 3876 3420 3930 αὐτῶν
3466 3876 3660 3946 λικμη-

389 3977 611 4032 ossibus
646 3975 698 4030 in
740 3976 976 4031 cinerem
1023 3975 1279 4030 redactus
1316 3983 1480 4045 atque
1523 3975 1579 4030 in
1641 3983 1836 4031 ventos
1885 3975 1970 4029 di-

2080 3968 2278 4032 θέντος,
2317 3967 2414 4023 καὶ
2442 3967 2616 4032 οὕτως
2644 3969 2704 4022 τὸ
2730 3969 2904 4040 πέρας
2931 3968 3246 4038 ἐσχηκότος.
3294 3967 3478 4033 Λέςιιε
3529 3967 3572 4020 δ’
3600 3969 3666 4022 ἄν

392 4083 640 4138 spersus,
671 4067 838 4122 talem
866 4067 1076 4122 exitum
1103 4067 1228 4122 vitae
1252 4076 1584 4123 consecutus
1613 4075 1717 4122 est.
1759 4067 1832 4121 De
1861 4083 1970 4138 quo

2080 4081 2159 4127 τις
2189 4063 2316 4134 περὶ
2341 4061 2434 4116 τοῦ
2469 4062 2642 4126 οὕτως
2671 4061 3119 4134 τετελευτηκότος
3139 4077 3152 4092 '
3187 4059 3398 4114 υὺκοῦν
3423 4061 3660 4132 ἐμαρτύ-

391 4161 472 4216 sic
519 4159 763 4229 objicere
806 4159 967 4215 nobis
1006 4159 1279 4230 quispiam
1322 4168 1500 4230 potest
1536 4177 1550 4214 :
1594 4158 1733 4216 Cum
1774 4160 1889 4216 hate
1939 4176 1972 4214 a

2080 4173 2242 4228 μησεν
2285 4155 2391 4208 ὑπὸ
2433 4154 2703 4226 Ἑλλήνων
2749 4154 2925 4208 ταῦτα
2970 4153 3292 4219 πεπονθὼς;
3335 4152 3440 4206 Καὶ
3479 4156 3528 4207 εί
3565 4154 3664 4224 μὲν

391 4251 691 4324 gentilibus
723 4267 921 4324 passus
952 4253 1046 4318 sit,
1079 4268 1260 4308 nonne
1304 4253 1626 4324 martyrium
1655 4253 1860 4310 obiisse
1889 4253 1972 4306 vi-

2080 4247 2216 4319 ὑπὲρ
2250 4246 2507 4317 ἀληθείας
2537 4245 2687 4316 αὺτῷ
2727 4241 2796 4317 ἦν
2839 4248 2868 4299 6
2915 4245 3086 4314 ἀγὼν,
3116 4246 3210 4300 καὶ
3246 4245 3350 4299 ὑπὸ
3392 4245 3661 4316 Ἑλλήνιον

390 4344 506 4399 deri
543 4343 761 4415 potest?
795 4341 995 4398 Verum
1031 4343 1076 4398 si
1104 4359 1202 4413 pro
1234 4343 1465 4398 veritate
1509 4355 1788 4400 certamen
1818 4345 1970 4415 ejus-

2080 4339 2160 4393 διὰ
2192 4339 2383 4408 φθόνον
2409 4338 2504 4392 καὶ
2539 4338 2636 4408 τὴν
2660 4339 2745 4402 ,εἰς
2774 4338 3008 4410 Χριστὸν
3033 4337 3322 4408 ὁμολογίαν
3345 4337 3414 4392 τὰ
3437 4337 3662 4393 τοιαῦτα

399 4430 538 4483 <nodi
585 4429 876 4492 subiisset,
927 4437 980 4484 et
1028 4445 1056 4484 a
1103 4431 1399 4502 gentilibus
1429 4431 1500 4487 ob
1536 4431 1828 4497 invidiam,
1887 4434 1969 4490 vel

2080 4431 2224 4504 αὐτῷ
2251 4431 2619 4503 συμϐέϐηκεν,
2653 4429 2822 4492 ὅντως
2852 4431 2909 4482 ὲν
2941 4430 3178 4500 μάρτυσι
3226 4429 3322 4484 καὶ
3347 4429 3448 4483 οὐκ
3486 4431 3544 4482 ἐν
3575 4448 3663 4499 μι-

393 4517 690 4575 Christiani
744 4520 906 4591 913
951 4523 1189 4578 nominis
1247 4525 1648 4594 professionem
1697 4527 1810 4580 haec
1865 4527 1970 4596 ipsi

2080 4529 2226 4599 κροῖς
2276 4526 2534 4578 ἐτέτακτο
2557 4541 2570 4554 °
2606 4525 2708 4578 οὐκ
2730 4519 2798 4595 ἦν
2828 4523 2885 4576 δὲ
2911 4523 2970 4577 τὸ
2994 4523 3168 4576 αἴτιον
3189 4523 3276 4578 διὰ
3305 4522 3404 4594 τὴν
3432 4523 3512 4586 είς
3529 4523 3664 4594 Χρι-

393 4611 572 4666 iurent
606 4609 810 4666 inﬂicta
850 4613 1137 4682 supplicia,
1175 4616 1363 4684 procul
1401 4617 1565 4672 dubio
1591 4617 1734 4672 inter
1772 4628 1975 4690 marty-

2080 4619 2197 4672 στδν
2230 4617 2543 4690 ὁμολογίαν,
2573 4615 2712 4670 ἀλλὰ
2737 4617 2805 4670 δι’
2834 4616 2901 4686 ἢν
2941 4618 2998 4668 ὲν
3027 4617 3092 4687 τῇ
3127 4615 3322 4668 ἑαυτοῦ
3351 4615 3512 4686 δῆθεν
3539 4615 3662 4666 ἑπι-

393 4721 479 4760 res
545 4715 598 4760 et
657 4705 874 4776 quidem
927 4709 1218 4775 primarios
1275 4709 1634 4766 collocandus
1671 4711 1970 4766 videretur.

2080 4712 2251 4782 σκοπῇ
2283 4710 2592 4782 καλουμένῃ
2627 4709 2829 4780 πολλὴν
2869 4708 2989 4778 βίαν
3021 4709 3120 4779 τὴν
3155 4709 3310 4761 πόλιν
3351 4725 3410 4760 τε
3447 4709 3542 4761 καὶ
3573 4707 3664 4760 τὸν

391 4799 496 4852 Sed
533 4799 645 4852 haec
688 4798 912 4853 minime
947 4809 1164 4870 pr0pter
1188 4797 1395 4855 Christi
1431 4801 1832 4858 confessionem
1881 4821 1976 4858 su-

390 4887 585 4939 stinuit
619 4903 632 4940 :
664 4885 796 4954 quin
852 4888 1032 4955 potius
1068 4889 1138 4942 ob
1164 4904 1378 4944 omnem
1415 4891 1560 4945 illam
1607 4893 1863 4962 injuriam
1907 4911 1972 4950 ac

389 4975 726 5040 violentiam,
779 4992 885 5048 qua
925 4979 1274 5047 episcopatus
1318 4982 1402 5035 sui
1452 4991 1718 5053 tempore,
1750 5002 1971 5057 quoquo

391 5086 516 5124 cum
567 5069 790 5125 tandem
833 5071 995 5126 modo
1041 5075 1295 5142 gesserit,
1337 5075 1610 5132 civitatem
1652 5094 1867 5135 omnem
1910 5097 1972 5134 ac.

391 5163 648 5233 populum
675 5163 967 5231 oppressit,
1012 5181 1134 5220 cum
1167 5169 1468 5234 praesertim
1504 5171 1716 5227 civibus
1745 5183 1971 5241 paterna

463 5319 478 5350 ¹
509 5318 666 5374 Joan.
698 5337 780 5386 ut,
829 5321 910 5375 l5.
989 5323 1008 5350 ¹
1039 5323 1198 5377 .Ioan.
1232 5339 1324 5384 xx,
1363 5324 1448 5378 19.
1527 5327 1546 5356 ³
1579 5327 1738 5382 Prov.
1771 5348 1807 5389 ι,
1845 5331 1898 5384 8.

394 5551 406 5562 ο
461 5481 572 5552 (82)
599 5483 981 5562 Προαχθέντα
1027 5483 1124 5538 διὰ
1167 5484 1282 5553 τὴν
1315 5487 1840 5562 αὐτοῦκϐοηειιιηε
1886 5501 1968 5546 est

394 5555 448 5605 in
483 5567 545 5605 ea
578 5555 852 5628 opinione,
893 5569 1058 5628 quam
1100 5571 1266 5628 supra
1293 5558 1600 5628 proposuit,
1633 5567 1692 5613 ut
1726 5561 1966 5623 Aetium,

392 5637 553 5690 quem
596 5639 624 5676 a
654 5623 883 5679 Leontio
910 5623 1251 5680 Antioclte‘no
1273 5623 1454 5682 cTteteri
1486 5629 1775 5684 diaconum
1818 5631 1968 5685 ordi—

393 5701 578 5770 natum
611 5705 883 5758 asserunt,
913 5695 1220 5770 a_Georgio
1243 5697 1610 5752 Alexandrino
1650 5701 1700 5754 id
1733 5701 1968 5764 dignita-

393 5767 466 5814 tis
497 5773 852 5816 consecutum
886 5767 1182 5820 existimet.

467 5832 575 5902 (ὃὸ)
627 5832 756 5898 Πῶς
804 5835 920 5902 μὲν
977 5836 1090 5888 τὴν
1149 5838 1353 5906 νίτρον
1402 5839 1647 5895 ἅπασαν
1699 5839 1962 5900 effe-latis.

2072 4803 2242 4875 δῆμον
2270 4801 2497 4868 διέθετο,
2535 4803 2611 4874 πή
2647 4803 2744 4874 μὲν
2783 4802 3047 4872 ἁρπάζων
3096 4803 3222 4865 τοὺς
3250 4801 3570 4874 ἀνθρώπους
3597 4804 3664 4855 τὰ

2075 4897 2180 4950 ὑπὸ
2204 4897 2313 4950 τῶν
2345 4897 2547 4966 γονέων
2579 4895 2756 4950 αὐτῶν
2787 4897 3268 4968 κληρονομήματα.
3313 4895 3424 4949 Καὶ
3469 4897 3555 4948 ἵνα
3589 4895 3663 4965 μὴ

2076 4991 2447 5061 διαϐάλλωμεν
2475 4990 2565 5044 τὸν
2599 4991 2766 5062 ἄνδρα
2785 5007 2799 5021 ·
2833 4989 3002 5044 πολλὰ
3029 4989 3138 5060 γάρ
3167 4991 3283 5041 ἐστι
3312 4987 3380 5041 τὰ
3408 4989 3498 5042 ὑπ’
3523 4989 3650 5042 ὲκεί-

2078 5102 2167 5138 νου
2217 5087 2329 5147 τοῖς
2367 5083 2775 5156 Ἀλεξανδρεῦσι
2833 5083 3122 5152 γενόμενα,
3155 5081 3272 5145 πῶς
3323 5083 3420 5153 μὲν
3454 5084 3552 5154 τὴν
3587 5083 3660 5135 vi-

2079 5175 2246 5243 tpov"
2295 5175 2512 5227 ἃπασαν
2561 5173 2780 5238 ἐξέλαϐε
2810 5174 2942 5244 (85),
2973 5173 3090 5234 πῶς
3127 5171 3183 5224 δὲ
3225 5173 3292 5225 τὰ
3337 5175 3432 5246 ἕλη
3465 5173 3534 5226 τὰ
3566 5175 3660 5244 τῆς

1977 5331 1996 5359 ⁸
2029 5349 2119 5398 71p.
2157 5331 2253 5400 τὴν
2289 5331 2496 5400 τρίτην.

2079 5489 2342 5564 Nitrarite
2381 5491 2946 5564 egregimr/Egyptiis,
2984 5495 3060 5548 ait
3109 5493 3318 5552 Plinius
3371 5496 3464 5549 lib.
3509 5511 3658 5554 xxxi.

2076 5577 2194 5636 cap.
2241 5563 2328 5617 10.
2391 5561 2528 5636 Hinc
2567 5561 3004 5636 blitria'IEgypti
3050 5565 3408 5636 praefectura,
3456 5581 3498 5636 gap
3535 5567 3660 5619 nitri

2076 5633 2254 5704 copia,
2293 5639 2350 5686 nt
2383 5633 2549 5687 refert
2582 5632 3150 5699 Sozomenns—libfw,
3179 5651 3297 5704 cap.
3327 5636 3415 5690 50.
3455 5633 3662 5689 Horum

2079 5703 2268 5777 igitur
2290 5717 2354 5755 ac
2396 5703 2730 5777 reliquorum
2765 5707 3112 5777 vectigalium
3143 5703 3454 5777 redemptor
3491 5706 3662 5777 fuerat

2076 5773 2382 5847 Georgius:
2428 5775 2586 5847 quod
2615 5775 2864 5828 ἐκλαϐεῖν
2906 5773 3140 5845 appellat
3171 5773 3528 5847 Epiplianius.
3562 5776 3664 5830 Ne-

2081 5860 2187 5912 que
2218 5845 2362 5898 enim
2391 5845 2548 5899 aliter
2577 5846 2929 5914 interpretari
2961 5850 3062 5900 ista
3093 5845 3408 5917 possumus.
