4134 6386
445 342 543 396 bl?
1144 342 1511 398 ADVERSUS
1551 343 1893 398 ΙΙίΕΒΕὸΕδ
1931 343 2028 397 ιιι]

2128 341 2187 398 ll.
2232 343 2395 397 ΤΟΜ.
2437 345 2553 398 l—-—
2592 342 2850 397 IIAZRES
2906 340 3142 396 LXXVI.

3605 334 3709 387 518

443 460 699 532 παπύρου
735 461 827 514 καὶ
857 459 951 514 τοῦ
987 460 1255 531 καλάμου,
1286 463 1376 516 καὶ
1402 461 1501 526 τὰς
1528 463 1723 534 λίμνας
1764 462 1857 515 τοῦ
1901 462 2027 525 ἁλὸς

2132 463 2272 516 bona
2322 479 2385 517 ac
2431 464 2810 532 possessiones
2849 461 3107 533 eriperet.
3163 458 3349 529 Neque
3366 459 3709 513 verocalum-

442 553 666 608 διοικεῖν
695 554 788 608 καὶ
818 555 897 617 είς
929 553 1119 608 ἑαυτὸν
1145 555 1512 626 ἀποφέρεσθαι
1568 555 1884 624 ἐπενόησεν.
1940 554 2028 618 Ὠς

446 644 597 698 πᾶσα
621 642 935 722 αἰσχρότης
966 641 1081 713 βίου
1112 644 1339 715 κέρδους
1377 644 1465 698 διὰ
1515 643 1718 716 πολλῆς
1758 645 2025 716 μηχανῆς,

444 734 572 805 άχρι
598 734 693 788 καί
712 733 925 789 λεπτῶν
948 734 1309 805 πραγμάτων,
1346 736 1478 802 παρ’
1507 734 1655 806 αὑτῷ
1693 736 1794 789 οὐκ
1822 735 2027 808 ὴμέληυ

444 845 526 881 το.
576 826 666 888 Ὠς
717 826 813 880 καὶ
859 825 1045 889 κλίνας
1084 825 1344 895 ἐπενόησε
1373 825 1484 897 (84)
1521 828 1636 890 τοῖς
1680 825 1895 896 σώμασι
1920 827 2029 883 τῶν

445 919 796 985 ἐξοδευόντων
826 920 1048 992 ποιῆσαι
1074 918 1132 972 ἐν
1166 918 1388 992 ἀριθμῷ
1417 935 1557 973 τινιο
1604 920 1700 974 καὶ
1744 921 1874 976 ἄνευ
1919 921 2028 976 τῶν

444 1009 536 1063 ὑπ’
560 1008 728 1062 αὑτοῦ
759 1007 1197 1079 ἐπιτεταγμένων
1222 1008 1322 1062 οὐκ
1360 1006 1713 1079 ἐξεκομίζετο
1741 1006 1899 1079 σῶμα
1919 1007 2027 1062 τῶν

441 1098 843 1162 τελευτώντων.
873 1099 1217 1153 ἐπιπλεῖστον
1249 1099 1309 1154 δὲ
1337 1099 1448 1154 τῶν
1485 1098 1652 1167 ξένων
1675 1115 1691 1131 ο
1725 1099 1788 1153 οὐ
1818 1098 1907 1153 διὰ
1940 1116 2030 1170 φι-

442 1192 709 1260 λοξενίαν,
744 1190 901 1257 ἀλλὰ,
936 1190 1118 1256 καθὼς
1167 1190 1373 1262 ελεγον,
1396 1191 1485 1247 διὰ
1526 1191 1796 1264 πορισμὸν
1837 1190 2025 1263 βιὼδη.

443 1285 514 1339 Ei.’
556 1301 644 1348 τις
675 1283 785 1356 γὰρ
820 1283 1023 1337 ἔθαπτε
1074 1282 1144 1337 δι’
1172 1282 1364 1337 ἐαυτοῦ
1420 1282 1600 1355 σῶμα,
1636 1282 1880 1338 κίνδυνον
1928 1283 2030 1354 ὑφ-

451 1376 656 1430 ίστατο.
683 1374 870 1439 Οὕτως
897 1373 951 1428 δέ
979 1374 1068 1444 ὑφ’
1095 1373 1325 1429 ἑκάστου
1355 1374 1464 1429 τῶν
1489 1375 1869 1447 ἐκφερομένων
1898 1372 2029 1447 κέρο

328 1535 345 1549 η
441 1469 530 1534 δος
566 1487 619 1523 τι
664 1468 815 1540 αὑτῷ
861 1466 1251 1541 προσεφέρετο.
1282 1468 1395 1524 Καὶ
1437 1468 1627 1522 σιωπῶ
1667 1468 1736 1522 τὰ
1762 1468 1897 1524 ἄλλα
1938 1468 2028 1523 λέ·

442 1580 559 1631 γειν
590 1562 726 1635 (85),
770 1563 875 1618 ὅσα
913 1561 943 1614 ὁ
974 1559 1115 1632 ἀνὴρ
1141 1561 1199 1613 ἐν
1224 1561 1460 1632 τρυφαῖς
1487 1560 1583 1615 καὶ
1628 1559 1809 1625 ἄλλοις
1835 1558 2026 1631 ἐκομί-

443 1654 566 1719 ζετο
618 1655 713 1710 καὶ
764 1656 823 1709 ἐν
866 1656 1189 1729 ἀπηνότητι.
1224 1654 1324 1708 Διὰ
1353 1652 1486 1721 γοῦν
1518 1653 1692 1709 ταῦτα
1722 1652 1903 1709 πάντα
1925 1651 2027 1725 τὴν

441 1750 520 1812 είς
549 1747 711 1802 αὑτὸν
742 1748 903 1818 μῆνιν
937 1745 1340 1819 κεκρατηκότες
1385 1743 1786 1817 Ἀλεξανδρέων
1815 1742 2021 1809 παῖδες,

444 1840 705 1912 Ἕλληνες
730 1839 787 1893 δέ
818 1840 1074 1911 μάλιστα,
1103 1840 1265 1895 τοῦτο
1288 1839 1451 1896 αὑτὸν
1476 1839 1715 1894 διέθεντο
1746 1836 1810 1892 τὸ
1844 1836 2017 1902 τέλος.

454 1932 607 2002 Ἐμοὶ
653 1932 710 1987 δὲ
755 1932 946 2003 γέγονε
992 1932 1266 2005 πρόφασις
1310 1935 1439 2003 περὶ
1473 1929 1664 1985 τούτου
1696 1929 1896 1999 λέγειν,
1921 1928 2018 1994 ὡς,

440 2023 798 2095 ἐνηχηθέντες
850 2023 949 2096 τὴν
1000 2022 1092 2078 τοῦ
1148 2023 1529 2078 Κωνσταντίου
1557 2020 1831 2094 τελευτὴν,
1858 2019 2021 2085 εὐθὺς

439 2113 614 2179 οὕτως
664 2114 826 2169 αὑτὸν
880 2114 1170 2170 ἀπώλεσαν
1218 2114 1269 2168 οί
1329 2114 1484 2170 αὑτοὶ
1524 2112 1914 2185 Ἀλεξανδρεῖς,
1950 2108 2019 2166 δι’

441 2204 591 2258 οὐδὲν
635 2204 823 2278 ἕτερον
878 2205 937 2279 [ἡ
981 2205 1111 2278 περὶ
1151 2205 1343 2261 τούτου
1378 2224 1470 2277 μοι
1510 2205 1803 2276 γεγένηται
1837 2202 2032 2258 ὑπόθε-

441 2298 571 2373 σις],
602 2298 742 2354 ἀλλὰ
775 2300 865 2355 διὰ
910 2300 1002 2355 τὸν
1047 2301 1253 2357 Ἀέτιον
1289 2302 1381 2356 τὸν
1426 2302 1516 2355 ὑπ’
1550 2298 1716 2355 αὐτοῦ
1751 2313 2029 2354 καταστα-

439 2390 601 2448 θέντα
630 2391 896 2451 διάκονον.

2139 551 2279 607 niari
2326 552 2598 607 hominem
2658 555 2944 618 volumus;
2979 553 3145 608 variis
3176 551 3320 606 enim
3364 549 3452 603 hic
3479 547 3712 603 Alexan-

2129 645 2319 703 drinos
2352 647 2715 703 incommodis
2740 646 2942 710 affecit,
2972 646 3119 702 velut
3143 652 3267 699 cum
3298 640 3555 698 nitrarias
3586 654 3706 695 om-

2129 753 2228 793 nes
2264 737 2512 796 ollicinas
2559 738 2811 800 redemit.
2855 754 2961 793 una
2999 753 3124 815 cum
3170 735 3357 807 papyri
3401 734 3708 804 calamique

2131 830 2443 900 paludibus,
2474 847 2575 886 nec
2613 846 2723 885 non
2752 838 2808 885 et
2846 829 3103 886 salinaria
3132 828 3316 882 omnia
3342 834 3554 898 stagna,
3586 839 3709 895 quae

2128 921 2434 977 conducere
2482 929 2536 978 et
2587 922 2655 978 ad
2705 936 2828 979 sese
2874 921 3172 976 transferre
3220 918 3429 975 studuit
3470 934 3486 973 :
3548 916 3706 986 cujus

2128 1022 2294 1080 tantae
2332 1022 2594 1085 praeterea
2632 1014 2826 1070 sordes
2864 1012 3107 1068 avaritiae
3148 1012 3389 1075 fuerunt,
3431 1018 3493 1065 ut
3539 1010 3706 1065 etiam

2128 1104 2412 1162 vilissimis
2463 1122 2527 1161 ex
2578 1105 2745 1161 rebus
2803 1104 3124 1161 illiberalem
3176 1117 3392 1158 omnem
3437 1108 3706 1173 quaestum

2128 1213 2342 1255 summa
2368 1212 2480 1273 ope.
2497 1212 2562 1252 ac
2585 1198 2936 1253 contentione
2964 1203 3229 1267 captaret.
3275 1194 3409 1249 Nam
3440 1194 3584 1250 inter
3609 1207 3711 1249 ea

2126 1297 2249 1345 tera
2280 1289 2716 1355 lecticariorum,
2751 1287 2820 1344 ad
2857 1287 3133 1345 efferenda
3173 1294 3516 1343 mortuorum
3549 1284 3709 1340 cada-

2126 1395 2277 1446 vera,
2319 1386 2532 1437 certum
2582 1396 2871 1437 numerum
2912 1379 3194 1436 instituit:
3222 1394 3404 1450 neque
3450 1377 3706 1447 cuiquam

2126 1470 2246 1527 sine
2290 1470 2397 1536 bis,
2443 1487 2583 1543 quos
2612 1471 2739 1527 huic
2776 1471 2957 1528 oliicio
2996 1482 3387 1543 praeposuerat,
3426 1476 3705 1525 mortuum

2125 1560 2326 1616 licebat
2360 1570 2673 1633 exportare,
2713 1562 3061 1634 peregrinum
3105 1561 3362 1618 maxime.
3397 1559 3553 1629 Quod
3595 1576 3706 1615 non

2126 1652 2517 1724 hospitalitatis
2567 1668 2754 1709 amore
2790 1653 3054 1722 faciebat,
3094 1653 3192 1710 sed
3236 1653 3399 1718 lucri,
3440 1652 3521 1708 uti
3566 1652 3706 1715 dixi,

2133 1747 2488 1818 pecuniaeque
2509 1746 2706 1819 gratia.
2733 1743 2947 1815 Quodsi
3002 1745 3130 1816 quis
3160 1746 3363 1801 mortui
3382 1759 3588 1816 corpus
3611 1760 3708 1814 per

2128 1852 2249 1895 sese
2287 1839 2564 1909 sepeliret,
2610 1839 2667 1894 in
2706 1839 3008 1909 periculum
3046 1839 3372 1895 vocabatur.
3429 1836 3603 1909 Igitur
3636 1853 3707 1893 ex

2126 1945 2458 2003 unoquoque
2492 1931 2758 1988 cadavere
2790 1942 3034 2003 quaestus
3064 1932 3271 2003 aliquid
3298 1931 3366 1988 ad
3394 1929 3576 2003 ipsum
3626 1946 3708 1985 re-

2125 2020 2297 2078 dibat.
2350 2021 2507 2078 Mitto
2576 2031 2808 2088 cetera,
2876 2024 2931 2079 in
2988 2024 3290 2096 primisque
3343 2026 3531 2081 luxum
3580 2024 3707 2095 ejus

2124 2129 2364 2181 omnem,
2399 2128 2508 2171 una
2540 2129 2665 2170 cum
2679 2116 2892 2172 ueteris
2936 2117 3086 2175 vitiis
3122 2132 3188 2174 ac
3211 2116 3535 2174 crudelitate
3571 2132 3709 2188 prae-

2133 2204 2346 2260 sertim.
2382 2203 2592 2272 Quibus
2619 2205 2687 2261 de
2719 2208 2932 2273 causis,
2959 2222 3083 2263 cum
3113 2208 3466 2265 Alexandrini
3489 2223 3554 2265 ac
3571 2223 3707 2280 gen-

2129 2296 2256 2353 tiles
2295 2295 2599 2367 praesertim
2648 2305 2804 2355 vetus
2861 2299 2917 2354 in
2960 2299 3113 2354 illum
3152 2298 3339 2356 odium
3375 2298 3706 2371 jampridem

2049 2403 2053 2411 '
2131 2388 2401 2454 foverent,
2431 2387 2703 2460 ejusmodi
2742 2389 2896 2445 illum
2927 2405 3126 2461 genere
3156 2389 3349 2447 mortis
3385 2389 3704 2448 affecerunt.

438 2484 611 2553 Quem
652 2488 718 2543 ad
777 2489 899 2558 ejus
959 2503 1151 2544 casum
1217 2487 1758 2544 commemorandum
1797 2493 1853 2541 et
1907 2482 2313 2540 atrocissimum
2353 2482 2487 2539 illud
2546 2483 2898 2556 supplicium,
2941 2499 3052 2556 quo
3100 2484 3285 2541 statim
3320 2493 3485 2558 atque
3521 2486 3707 2543 audita

438 2580 754 2636 Constantii
805 2595 958 2638 mors
1000 2590 1106 2647 est,
1142 2582 1212 2638 ab
1245 2579 1631 2636 Alexandrinis
1674 2579 2037 2649 interemptus
2066 2582 2173 2641 est,
2200 2574 2352 2631 nulla
2374 2575 2480 2630 alia
2502 2578 2796 2636 occasione
2823 2592 2951 2635 sum
2979 2578 3274 2647 deductus,
3329 2594 3492 2651 quam
3557 2581 3706 2651 quod

440 2671 506 2726 de
525 2669 683 2726 Aetio
719 2671 1110 2742 disputandum
1153 2673 1312 2730 nobis
1335 2679 1501 2738 esset,
1534 2671 1629 2742 qui
1657 2670 1727 2726 ab
1775 2669 1870 2726 illo
1896 2668 2163 2725 diaconus
2188 2673 2273 2723 est
2295 2668 2601 2724 ordinatus.

508 2762 585 2816 B'.
618 2758 791 2826 Οὗτος
814 2764 843 2816 ὁ
879 2763 1086 2828 Ἀέτιος
1112 2764 1254 2819 κατὰ
1277 2765 1370 2819 τὸν
1393 2763 1657 2836 κοσμικὺν
1677 2763 1834 2833 λόγον
1861 2761 2027 2817 ἀπαί-

436 2852 622 2918 δευτος
644 2849 714 2926 ἦν
741 2854 847 2919 ἓως
872 2854 974 2926 τῆς
995 2855 1210 2921 τελείας
1229 2856 1394 2911 αὑτοῦ
1417 2855 1654 2929 ἡλικίας,
1687 2854 1764 2919 ὡς
1789 2857 1819 2910 ὁ
1844 2853 2024 2925 λόγος.

452 2945 746 3016 Ἐπενόησε
777 2945 855 3010 δέ,
886 2946 1096 3011 ὑποϐὰς
1129 2948 1224 3002 καὶ
1253 2948 1521 3020 σχολάσας
1547 2949 1607 3002 ἐν
1650 2946 2029 3021 Ἀλεξανδρείᾳ

452 3036 867 3110 Ἀριστοτελικῷ
887 3036 1039 3111 [τινι]
1054 3038 1442 3110 φιλοσόφῳκαὶ
1458 3041 1707 3111 σοφιστῇ,
1728 3038 1905 3093 καὶτὰ
1929 3041 2028 3110 τῆς

2196 2757 2262 2815 ΙΙ.
2302 2760 2405 2817 Hic
2444 2762 2610 2833 igitur
2654 2760 2847 2820 Aetius
2874 2761 2945 2819 ad
2991 2762 3232 2818 adultam
3276 2771 3489 2821 aetatem
3528 2782 3705 2838 usque

2123 2865 2432 2911 exterarum
2463 2856 2901 2928 disciplinarum,
2926 2857 3006 2913 uti
3063 2866 3311 2926 narrant,
3334 2858 3437 2916 fuit
3478 2862 3709 2919 omnino

2123 2947 2303 3002 rudis.
2375 2945 2617 3003 Tandem
2694 2963 2828 3006 vero
2906 2964 3032 3004 cum
3081 2951 3424 3008 Alexandriae
3490 2952 3708 3010 Aristo-

2123 3038 2288 3095 telico
2334 3039 2549 3095 cuidam
2619 3039 2943 3111 philosopho
2999 3056 3065 3097 ac
3118 3042 3375 3112 sophistae
3447 3055 3706 3102 navasset

438 3127 785 3200 διαλεκτικῆς
830 3128 991 3202 δῆθεν
1042 3131 1267 3185 ἐκείνων
1288 3129 1496 3202 μαθὼν,
1514 3130 1666 3185 οὐδὲν
1687 3130 1873 3203 ἕτερον
1890 3129 2028 3203 πλὴν

2130 3144 2376 3201 operam,
2408 3132 2478 3187 ab
2514 3147 2689 3205 eoque
2716 3132 3059 3189 dialecticam
3103 3133 3409 3199 didicisset,
3458 3144 3608 3192 totus
3647 3138 3704 3192 in

443 3223 866 3294 σχηματοποιεῖν
881 3221 981 3294 τὴν
992 3222 1122 3295 περὶ
1134 3222 1228 3277 τοῦ
1236 3223 1372 3277 Θεοῦ
1388 3222 1548 3293 λόγου
1590 3222 1863 3278 ἀπόδοσιν.
1896 3224 2028 3294 Σχοο

441 3314 690 3387 λαίτερον
719 3315 997 3386 ἐπεχείρει
1018 3314 1285 3387 ὁρθρίζων
1303 3314 1420 3387 ἅμα
1442 3316 1536 3370 καὶ
1552 3315 1843 3386 ἐνδελεχῶς
1870 3314 2030 3388 ἄχρις

442 3406 679 3479 ἑσπέρας
692 3408 772 3469 είς
788 3404 944 3459 τοῦτο
968 3404 1349 3477 καθεζόμενος·
1366 3407 1508 3477 φημί
1528 3406 1586 3460 δὲ
1608 3407 1689 3470 είς
1710 3405 1771 3458 τὸ
1791 3405 1879 3459 διὰ
1897 3422 2031 3475 γεω-

444 3498 670 3571 μετρίας
678 3498 824 3562 τινὸς
841 3499 933 3552 καὶ
950 3496 1039 3551 διὰ
1056 3497 1352 3569 σχημάτων
1370 3514 1438 3550 πε
1446 3498 1499 3569 pl.
1515 3497 1650 3551 Θεοῦ
1666 3496 1846 3566 λέγειν
1862 3513 1922 3550 τε
1936 3497 2029 3551 καὶ

440 3587 668 3662 ὁρίζειν,
700 3589 964 3643 διδάσκων
989 3606 1050 3642 τε
1079 3589 1173 3644 καὶ
1195 3590 1389 3644 τελῶν.
1422 3584 1525 3642 Οἷα
1542 3588 1599 3642 δέ
1627 3589 1903 3660 Ἀρειανὺς
1932 3588 2031 3661 βα-

440 3680 692 3745 θύτατος,
725 3680 822 3736 καὶ
850 3680 949 3752 τὴν
990 3680 1199 3753 Ἀρείου
1226 3680 1366 3751 ἔχων
1393 3680 1631 3753 μανιώδη
1656 3680 2026 3745 διδασκαλίαν,

443 3770 847 3842 περισσοτέρως
878 3787 963 3833 τις
996 3768 1215 3841 λυμεὼν
1235 3769 1426 3838 γέγονε
1456 3769 1668 3833 τούτοις
1700 3769 2039 3842 κατατριΰόοη

444 3878 629 3933 μενος,
670 3862 766 3915 καὶ
798 3861 942 3916 κατὰ
981 3859 1076 3914 τοῦ
1109 3860 1242 3914 Υἱοῦ
1288 3861 1383 3915 τοῦ
1429 3860 1565 3915 Θεοῦ
1606 3861 1700 3915 καὶ
1745 3861 1886 3915 κατὰ
1931 3861 2027 3915 τοῦ

441 3954 602 4024 ἁγίου
633 3954 948 4026 Πνεὺματος
978 3955 1078 4026 τὴν
1123 3952 1378 4023 γλῶσσαν
1417 3953 1585 4008 αὑτοῦ
1631 3953 1751 4007 καθ’
1788 3953 2028 4027 ἑκάστην

443 4046 658 4120 ἡμέραν
683 4045 896 4111 ὀξύνας.
928 4041 1096 4110 Οὗτος
1116 4047 1174 4100 δὲ
1201 4049 1587 4117 κατηγορεῖται
1611 4045 1714 4098 ὑπό
1734 4063 1915 4110 τινων,
1932 4047 2029 4100 καὶ

442 4138 521 4210 τῷ
552 4137 702 4209 αὐτῷ
735 4138 1101 4209 Κωνσταντίῳ
1141 4137 1418 4208 δηλοῦται,
1467 4137 1561 4192 καὶ
1594 4137 1881 4206 ὑφίσταται
1942 4137 2030 4204 ἐξ·

446 4231 603 4302 ορίαν
641 4232 700 4284 ἐν
723 4233 836 4294 τοῖς
864 4229 958 4284 τοῦ
984 4230 1199 4300 Ταύρου
1235 4229 1478 4301 μέρεσιν·
1511 4231 1571 4283 ἐν
1601 4221 1647 4297 ᾧ
1671 4228 1824 4300 τόπῳ
1845 4230 2028 4285 πάντα

443 4321 514 4374 τὰ
543 4321 644 4392 τῆς
682 4321 847 4376 αὑτοῦ
882 4321 1371 4386 κακοδιδασκαλίας
1416 4321 1702 4387 ἐπλάτυνε,
1750 4322 1844 4376 καὶ
1886 4321 2029 4392 ἐφώ-

447 4427 614 4483 ρασεν
645 4415 725 4476 εἰς
764 4412 931 4483 μέσον
965 4412 1145 4484 φέρων
1187 4412 1325 4483 μετὰ
1357 4412 1691 4485 παρρησίας,
1726 4411 2028 4485 ἀποτριψά-

2128 3222 2954 3293 illud‘incubuit,utdivinarum
2980 3241 3164 3282 rerum
3191 3228 3459 3284 rationem
3482 3243 3704 3286 omnem

2120 3314 2459 3385 quibusdam
2513 3314 2703 3387 ﬁguris
2771 3316 3088 3387 explicaret.
3158 3315 3214 3370 ιιι
3284 3316 3430 3386 quod
3488 3332 3707 3374 summo

2128 3405 2184 3460 in
2233 3406 2348 3461 otio
2387 3421 2418 3461 a
2462 3407 2638 3477 prima
2681 3407 2803 3463 luce
2842 3406 2910 3463 ad
2955 3421 3241 3478 vesperam
3294 3422 3467 3479 usque
3507 3408 3707 3465 sedens

2127 3498 2397 3573 pertinaci
2446 3514 2613 3570 Opera
2658 3498 3028 3555 contendebat
3058 3515 3073 3552 :
3099 3499 3356 3555 nimirum
3387 3509 3449 3555 ut
3483 3518 3707 3573 geome-

2132 3593 2304 3647 tricas
2345 3591 2546 3664 flguras
2574 3594 2792 3652 divinas
2816 3594 2883 3649 ad
2913 3609 3003 3649 res
3041 3593 3378 3660 tractandas,
3407 3594 3576 3669 915.
3605 3594 3705 3654 deo

2130 3680 2399 3738 ﬁniendas
2458 3682 2843 3754 docendasque
2893 3680 3232 3739 transferret.
3286 3682 3459 3752 Atque
3491 3694 3548 3738 ut
3584 3699 3709 3740 sese

2133 3774 2191 3828 in
2236 3773 2565 3830 Arianorum
2606 3782 2814 3831 sectam
2848 3774 3013 3829 altius
3056 3773 3421 3839 immerserat,
3460 3782 3516 3830 et
3555 3774 3706 3830 insa-

2128 3878 2255 3917 nam
2295 3863 2414 3919 Arii
2450 3864 2760 3919 doctrinam
2794 3864 3075 3931 hauserat,
3127 3865 3345 3921 illorum
3381 3867 3527 3921 velut
3557 3868 3709 3921 aﬂ‘ri-

2128 3960 2223 4007 ctu
2260 3953 2502 4023 quodam
2533 3955 2834 4025 attrituque
2874 3954 3033 4025 longe
3065 3954 3405 4025 pestilentior
3427 3957 3622 4018 evasit,
3653 3966 3708 4010 et

2129 4042 2394 4098 adversus
2419 4042 2512 4099 Dei
2546 4043 2745 4098 Filium
2778 4059 2842 4099 ac
2868 4042 3129 4117 Spiritum
3156 4052 3406 4099 sanctum
3463 4046 3705 4114 linguam

2130 4151 2286 4192 suam
2317 4137 2373 4191 in
2405 4136 2523 4192 dies
2548 4138 2788 4193 exacuit.
2821 4136 2927 4192 Sed
2959 4151 2987 4190 a
3029 4137 3308 4192 nonnullis
3335 4135 3405 4191 ad
3431 4135 3709 4192 Constauo

2127 4225 2265 4281 tium
2298 4226 2534 4291 delatus,
2570 4228 2625 4281 in
2667 4227 2968 4297 subjectam
2998 4226 3180 4282 Tauro
3223 4229 3395 4281 monti
3428 4230 3705 4299 regionem

2129 4320 2409 4388 relegatur
2443 4320 2557 4375 :ibi
2595 4321 2958 4390 perniciosam
3004 4335 3158 4375 suam
3202 4320 3510 4375 doctrinam
3550 4321 3709 4391 longe

2128 4409 2347 4481 lateque
2392 4412 2729 4482 propagavit,
2777 4426 2842 4467 ac
2890 4411 3068 4481 palam
3118 4421 3172 4467 et
3221 4410 3481 4466 audacter
3515 4410 3708 4481 perfri—

450 4520 609 4573 μενος
633 4503 694 4556 τὸ
723 4504 974 4575 μέτωπον
1003 4506 1062 4558 ἐν
1102 4504 1459 4576 ἀναισχυντίᾳ
1501 4505 1878 4579 περιττοτέρᾳ,
1925 4506 2026 4571 τὰς

2128 4502 2398 4574 ctiorique
2433 4518 2595 4574 quam
2648 4512 2805 4558 antea
2870 4505 3049 4559 fronte
3103 4504 3523 4559 acerbissimum
3557 4519 3710 4557 erro-

447 4594 728 4665 ἐξεμέσεις
768 4597 868 4667 τῆς
900 4594 1065 4650 αὑτοῦ
1101 4596 1587 4661 κακοδιδασκαλίας
1617 4598 2028 4670 άπαραλείπτως

2135 4595 2217 4650 ris
2248 4595 2416 4658 illius,
2451 4611 2613 4665 quem
2653 4606 2990 4661 evomuerat,
3019 4599 3172 4651 virus
3208 4596 3263 4651 in
3309 4595 3546 4651 medium
3591 4596 3712 4650 sine

449 4685 752 4751 ὑπέδειξεν.
789 4686 1090 4758 Ἐτόλμησε
1124 4686 1235 4758 γάρ
1265 4687 1462 4751 εἰπεῖν,
1501 4688 1758 4759 ἀνόμοιον
1798 4688 2028 4759 «omne.

2136 4687 2246 4741 ulla
2283 4687 2691 4743 intermissione
2726 4690 2967 4759 protulit.
3012 4689 3196 4744 Ausus
3238 4698 3323 4744 est
3367 4689 3512 4746 enim
3544 4689 3711 4744 dissi-

448 4777 527 4848 τῷ
558 4776 734 4851 Πατρὶ
766 4778 1054 4851 ὑπάρχειν,
1092 4779 1186 4832 καὶ
1220 4780 1283 4832 οὑ
1315 4779 1511 4834 ταυτὸν
1547 4775 1686 4834 εἶναι
1723 4784 1788 4852 τῇ
1820 4780 2028 4853 Θεότητι

2133 4780 2317 4834 tnilem
2360 4780 2512 4834 Patri
2552 4778 2775 4845 Filium,
2825 4797 2928 4837 nec
2970 4782 3222 4837 eumdem
3269 4781 3558 4836 divinitate
3589 4796 3713 4838 esse

451 4871 590 4942 πρὸς
625 4870 718 4925 τὸν
749 4872 990 4942 Πατέρα·
1036 4873 1132 4926 καὶ
1158 4873 1267 4926 οὐδ’
1290 4873 1372 4925 ὅτι
1414 4874 1574 4944 ἡμεῖς
1610 4873 1689 4945 τῷ
1725 4874 2028 4945 ὁμοιώματι

2129 4884 2254 4924 cum
2284 4871 2378 4926 illo
2404 4871 2643 4942 proﬁteri
2667 4891 2679 4926 :
2702 4873 2854 4943 atqui
2880 4890 2945 4928 ne
2971 4889 3073 4929 nos
3095 4873 3317 4944 quidem
3351 4875 3714 4929 similitudine

451 4961 862 5032 ἐπερειδόμεθα.
911 4961 1083 5033 ’Υπὲρ
1112 4962 1220 5033 γὰρ
1257 4962 1356 5033 τὴν
1388 4963 1645 5032 ὁμοίωσιν
1686 4963 1908 5033 οἴδαμεν
1937 4963 2029 5016 τὸν

521 5142 635 5211 (84)
673 5142 767 5207 Ὠς
809 5142 908 5195 καὶ
946 5144 1162 5209 κλίνας
1190 5144 1506 5211 ἐπενόησε.
1537 5142 1691 5209 Quod
1744 5159 1773 5196 a
1805 5144 2038 5198 catholi-

451 5213 532 5268 cis
562 5213 989 5283 imperatoribus
1019 5214 1186 5282 proba
1222 5229 1285 5267 ac
1333 5214 1595 5267 laudabili
1624 5214 1740 5283 lege
1768 5215 2039 5268 cons1itu-

453 5292 568 5338 tum
623 5283 1100 5355 Constantinopoli
1153 5284 1385 5355 quidem
1409 5284 1643 5355 maxime
1691 5285 2038 5355 aConstan-

452 5354 612 5418 tino;
657 5368 783 5406 nam
825 5368 855 5406 a
900 5354 1125 5409 decanis
1172 5353 1228 5408 et
1265 5353 1560 5408 lecticariis
1607 5354 1826 5423 publice
1887 5357 2038 5411 elata

454 5433 583 5478 sunt
619 5438 848 5491 corpora
871 5464 885 5486 ,
913 5439 1053 5493 quos
1082 5433 1136 5478 et
1176 5424 1443 5486 κοπιατὰς
1489 5432 1542 5478 et
1600 5425 1907 5491 vespillones
1936 5442 2038 5480 no-

456 5496 688 5564 minant,
717 5494 785 5546 de
811 5496 1009 5562 quibus
1044 5495 1097 5548 in
1151 5496 1301 5549 calce
1330 5495 1513 5563 operis
1545 5494 1728 5564 hujus.
1766 5495 1835 5547 At
1874 5494 2037 5552 Geor-

455 5563 578 5632 gius
630 5564 908 5627 Ariauus,
958 5566 1272 5619 mortalium
1305 5566 1548 5617 omnium
1597 5565 2033 5630 sordidissimus,

456 5650 521 5687 ex
553 5648 615 5687 ea
647 5649 706 5688 re
755 5636 964 5688 lucrum
1011 5652 1074 5689 ac
1108 5634 1487 5704 compendium
1523 5637 1798 5703 captabat.

528 5704 779 5772 (85)·Καὶ
824 5705 1027 5758 σιωπῶ
1063 5709 1133 5759 τὰ
1193 5706 1356 5759 ἄλλα
1394 5706 1551 5773 λέγει
1590 5726 1616 5759 ·.
1651 5704 1890 5761 Verbum
1944 5725 2036 5760 κο-

459 5773 710 5842 μίζεσθαι
741 5777 898 5831 aliter
943 5776 1193 5832 fortassis
1239 5776 1710 5846 interpretandum
1738 5818 1752 5841 ,
1783 5792 1945 5848 quam
1978 5790 2038 5834 ut

1243 5864 1259 5885 ο

2138 4965 2255 5035 ipsa
2300 4980 2629 5036 magnopere
2675 4966 2924 5030 nitimur,
2969 4967 3170 5037 quippe
3211 4967 3303 5036 qui
3352 4967 3409 5020 in
3460 4965 3620 5033 Filio,
3667 4966 3715 5021 si

2137 5143 2195 5197 in
2246 5143 2455 5199 Latinis
2511 5145 2716 5199 nostris
2748 5144 3110 5211 exprimitur:
3152 5145 3408 5199 nimirum
3448 5153 3713 5213 quaestum

2136 5230 2205 5269 ex
2234 5230 2293 5268 re
2322 5215 2569 5284 qualibet
2598 5214 2796 5270 fecisse
2821 5214 3139 5285 Georgium,
3169 5222 3362 5283 utputa
3394 5228 3461 5267 ex
3486 5214 3716 5267 lautitiis

2135 5294 2192 5340 et
2233 5286 2503 5354 cupediis,
2536 5300 2656 5355 quae
2676 5284 3018 5338 Alexandria:
3044 5284 3441 5346 vendebantur,
3483 5285 3717 5337 maxime

2138 5356 2193 5410 in
2218 5355 2553 5426 εὐδαιμόνων
2573 5356 2767 5426 λαύρα,
2791 5356 2859 5409 de
2886 5371 2993 5424 qua
3023 5355 3089 5426 ad
3124 5355 3314 5409 Arian.
3350 5355 3477 5426 hwr.
3510 5355 3718 5406 dictum

2137 5435 2256 5486 est.
2286 5424 2399 5480 tum
2447 5431 2658 5481 caeteris
2683 5424 2768 5478 ex
2800 5427 2986 5482 rebus.
3030 5425 3240 5490 Quibus
3288 5424 3555 5478 accedunt
3596 5439 3719 5491 qua:

2137 5512 2237 5567 per
2283 5512 2553 5550 summam
2588 5496 2965 5550 crudelitatem
2998 5495 3290 5564 exigebat;
3330 5508 3461 5567 nam
3494 5494 3718 5546 Alexan-

2139 5564 2422 5620 drinorum
2455 5568 2838 5635 episcoporum
2879 5580 3072 5631 magna
3104 5564 3444 5617 Alexandria).
3474 5571 3719 5635 potestas

2142 5638 2261 5690 fuit.
2305 5636 2377 5689 Isle
2409 5634 2653 5690 Didscori
2703 5637 3057 5689 Alexandrini
3115 5636 3298 5688 itidem
3330 5634 3568 5700 episeopi
3622 5634 3720 5684 im-

2140 5709 2265 5776 quis
2321 5722 2385 5759 ac
2442 5708 2749 5775 tyrannicis
2805 5707 3189 5759 exactionibus
3260 5709 3427 5757 multa
3482 5708 3714 5772 sparsim

2141 5787 2358 5833 exstant
2391 5777 2442 5829 iu
2477 5778 2733 5830 tilmlced.
2763 5777 2991 5846 synodo.
