4134 6386
449 364 554 422 ’.119

1826 369 1883 423 S.
1926 367 2264 422 EPIPHANII

3587 358 3694 415 ὅθί)

409 455 572 528 ἐιιιιι
621 475 782 530 Patre
829 475 1163 536 conferatur.
1209 475 1568 531 similitudine
1599 478 1858 547 quiddam
1914 495 2009 532 am-

2123 481 2250 533 Υἱὸν
2293 481 2430 551 πρὸς
2471 481 2562 532 τὸν
2609 481 2847 549 Πατέρα,
2879 475 3182 540 ὡς’ταυτὸν
3225 477 3290 545 τῇ
3337 472 3549 542 θεότητι
3596 475 3724 524 καὶο

447 565 594 632 ptius
620 567 987 633 agnoscimus,
1034 581 1102 621 eo
1139 569 1287 636 quod
1323 569 1464 622 idem
1509 569 1794 626 divinitate
1833 575 1922 634 sit,
1963 581 2015 624 et

447 657 690 726 aequalis.
727 673 825 711 nec
843 659 972 712 -ullo
1003 661 1165 713 modo
1195 661 1466 716 diversus.
1486 661 1752 716 Caeterum
1785 664 1886 716 etsi
1913 665 2017 730 ple-

448 763 616 816 raqne
659 749 954 802 assimilari
1003 748 1112 812 Deo
1139 749 1410 814 dicantur,
1457 768 1566 806 non
1601 763 1802 815 tamen,
1858 754 1900 806 si
1950 754 2016 808 de

445 838 759 904 aequalitate
799 837 1108 906 loquamur,
1135 841 1324 894 eadem
1359 856 1484 894 cum
1518 842 1801 896 divinitate
1841 853 2028 897 sunt-r

445 929 524 981 sic
563 929 704 982 enim
749 928 912 982 homo
945 930 1012 983 ad
1049 931 1338 1001 imaginem
1369 931 1460 986 Dei
1498 933 2016 1002 sin'iilitudinemque

445 1019 619 1073 factus
647 1019 684 1084 ³,
719 1035 824 1073 non
861 1021 1000 1074 idem
1033 1035 1156 1074 cum
1191 1023 1284 1076 illo
1327 1024 1636 1093 teqttalilate
1667 1031 1785 1090 est;
1816 1025 1895 1078 sic
1927 1039 2014 1078 re-

441 1123 606 1178 gnum
651 1111 915 1165 castorum
947 1127 1118 1182 grano
1149 1114 1359 1184 sinapis
1393 1116 1572 1170 simile
1615 1117 1757 1181 est‘,
1794 1131 1902 1170 non
1936 1126 2015 1170 ta-

443 1215 566 1254 men
600 1217 829 1271 granum
863 1205 994 1258 illud
1029 1206 1166 1259 idem
1209 1215 1296 1260 est
1335 1223 1460 1261 cum
1499 1223 1688 1279 regno,
1737 1225 1838 1264 nec
1874 1210 2016 1279 ejus-

441 1295 564 1347 dem
597 1310 720 1348 cum
771 1297 864 1350 illo
893 1305 1100 1352 natura
1133 1301 1408 1368 particeps
1437 1309 1539 1355 est.
1579 1299 1719 1354 ldem
1753 1311 2014 1371 praeterea

443 1401 668 1456 regnum
699 1391 860 1442 modo
895 1389 1144 1446 fermenti
1179 1393 1356 1446 simile
1377 1393 1418 1457 ³,
1451 1393 1612 1447 modo
1637 1395 1822 1449 decem
1851 1395 2016 1464 virgi-

441 1491 570 1530 num
594 1477 636 1538 ‘,
691 1479 850 1532 modo
889 1481 1298 1548 patrisfamilias
1321 1483 1340 1512 ⁵
1377 1484 1642 1536 asseritur
1671 1503 1684 1538 :
1709 1485 1852 1553 quod
1900 1486 2016 1554 qui-

439 1566 561 1620 dem
589 1567 658 1621 de
689 1567 1066 1634 similitudine,
1097 1587 1205 1626 non
1229 1574 1417 1628 cadent
1451 1575 1757 1630 substantia
1795 1591 1894 1646 par
1925 1587 2015 1633 est

439 1656 634 1725 accipi.
671 1655 842 1713 Filius
887 1667 1068 1714 autem
1121 1675 1244 1714 cum
1292 1669 1346 1716 et
1396 1661 1540 1716 Patri
1576 1664 1772 1718 similis
1823 1665 1913 1728 sit,
1962 1677 2014 1720 et

439 1749 748 1817 plusquam
800 1752 1018 1814 similis,
1045 1752 1192 1822 quod
1219 1754 1358 1808 idem
1401 1755 1734 1824 aequalisque
1771 1757 1861 1822 sit,
1903 1771 2011 1811 non

2127 572 2260 632 ἴσον,
2301 573 2393 625 καὶ
2431 573 2538 624 οὐδ’
2577 571 2711 634 ὅλως
2761 569 3139 638 ἠλλοιωμένον.
3185 565 3340 618 Ἔστι
3377 565 3484 633 γὰρ
3523 563 3692 616 πολλὰ

2122 666 2527 734 ὰφωμοιωμένα
2573 663 2651 732 τῷ
2693 663 2830 732 Θεῷ,
2877 657 2988 713 ἀλλ’
3031 660 3090 710 οὐ
3134 657 3348 722 ταυτὸν,
3379 657 3483 709 ’ἴσα
3518 657 3690 725 ὑπᾶρη

2123 774 2286 826 χοντα
2319 759 2384 828 τῇ
2434 755 2666 824 θεότητιο
2713 755 2787 816 ὼς
2838 755 2930 806 καὶ
2971 755 2998 804 ό
3028 749 3316 821 ἄνθρωπος
3363 749 3480 801 κατ’
3511 748 3690 800 εἰκόνα

2123 847 2218 897 καὶ
2251 845 2370 898 καθ’
2405 845 2678 914 ὁμοίωσιν,
2709 845 2821 897 ἀλλ’
2853 847 2912 896 οὐ
2943 843 3137 895 ταυτὸν
3171 842 3246 912 τῷ
3279 842 3396 912 Θεῷ
3423 842 3555 912 πρὸς
3589 845 3691 894 ἰσό-

2121 954 2278 1006 τητα.
2303 937 2411 988 Καὶ
2435 937 2594 1006 ὁμοία
2614 939 2645 1006 ἡ
2669 921 2915 1004 ξὀασιλεία
2935 935 3042 987 τῶν
3063 933 3304 1006 οὐρανῶν
3336 933 3517 1003 κόκκῳ
3543 934 3690 984 σινὰ-

2123 1045 2288 1090 πεως,
2325 1028 2438 1080 ἀλλ’
2470 1029 2529 1080 οὐ
2569 1028 2762 1082 ταυτὸν
2813 1029 2878 1096 τῇ
2926 1025 3192 1096 βασιλεία,
3247 1024 3354 1077 οὐδ’
3382 1024 3516 1085 ὅλως
3563 1040 3691 1092 μετ-

2123 1115 2243 1185 έχον
2273 1133 2324 1168 τι
2357 1115 2454 1185 τῆς
2481 1117 2648 1185 αὐτῆς
2682 1117 2773 1168 καὶ
2801 1115 2989 1186 ὁμοίας
3022 1113 3216 1184 ζύμης.
3245 1113 3352 1167 Καὶ
3373 1112 3533 1182 ὁμοία
3561 1112 3693 1164 δέκα

2121 1208 2433 1279 παρθένοις,
2474 1209 2567 1261 καὶ
2601 1207 2753 1278 ἀνδρὶ
2773 1205 3120 1276 οἰκοδεσπότῃ
3165 1206 3239 1268 ὡς
3266 1205 3394 1274 πρὸς
3413 1205 3689 1274 ὁμοίωσιν,

2120 1301 2235 1353 ἀλλ’
2264 1300 2325 1352 οὐ
2353 1301 2496 1353 κατὰ
2523 1300 2840 1368 ταυτότητα.
2873 1298 2979 1351 Τοῦ
3003 1298 3059 1350 δὲ
3085 1297 3211 1350 Υἱοῦ
3235 1297 3416 1367 ὁμοίου
3445 1297 3596 1358 ὄντος
3615 1295 3693 1366 τῷ

2121 1392 2296 1462 Πατρὶ
2331 1391 2424 1446 καὶ
2457 1391 2808 1462 ὑπερομοίου,
2839 1390 2926 1443 διὰ
2951 1390 3011 1442 τὸ
3041 1389 3234 1443 ταυτὸν
3266 1383 3404 1442 εἶναι
3439 1386 3571 1457 πρὸς
3603 1387 3692 1438 τὸν

2121 1483 2341 1555 Πατέρα
2379 1483 2474 1536 καὶ
2506 1483 2618 1535 ἴσον
2652 1482 2848 1552 Πατρὶ,
2883 1482 2943 1534 οὐ
2983 1481 3040 1534 τὺ
3066 1482 3247 1551 ὅμοιον
3283 1481 3534 1550 συνιστᾷν
3563 1479 3692 1548 ἡμῖν

2125 1577 2284 1647 μόνον
2307 1576 2564 1646 ἐπιμελὲς
2589 1575 3032 1644 πεφιλοτίμηται,
3058 1572 3194 1626 ἀλλὰ
3221 1571 3418 1625 ταυτὸν
3438 1571 3531 1623 καὶ
3558 1569 3688 1632 ἴσον,

2119 1663 2196 1725 ὡς
2225 1661 2358 1718 Θεὸν
2390 1666 2453 1716 ὲκ
2491 1663 2648 1728 θεοῦ,
2693 1663 2786 1716 καὶ
2817 1663 2942 1714 Υίὸν
2975 1663 3037 1714 ὲκ
3071 1662 3302 1732 Πατρὸς,
3347 1661 3439 1713 καὶ
3471 1663 3570 1712 οὐκ
3600 1658 3692 1712 ἁλ-

2120 1755 2261 1808 λοῖον
2293 1755 2394 1824 τῆς
2441 1755 2648 1821 οὐσίας,
2695 1754 2808 1807 ἀλλ’
2837 1753 2896 1818 ἐξ
2948 1751 3110 1806 αὑτοῦ
3139 1751 3558 1822 γεγεννημένον·
3596 1750 3690 1803 οὓ-

441 1839 614 1892 solam
649 1840 704 1894 in
747 1843 1270 1898 eo-similitudinem
1323 1847 1686 1916 comprobare
1731 1849 1877 1902 omni
1917 1863 2009 1918 ope

2119 1863 2198 1900 τω
2222 1848 2318 1901 καὶ
2351 1854 2477 1918 περὶ
2499 1847 2590 1900 τοῦ
2623 1847 2777 1916 ἁγίου
2805 1845 3140 1916 Πνεύματος,
3175 1845 3361 1914 Τούτῳ
3386 1843 3441 1896 δὲ
3465 1843 3542 1914 τῷ
3567 1861 3684 1912 γεν-

439 1928 752 1996 studemus,
805 1933 900 1988 sed
942 1935 1192 1989 eumdem
1239 1939 1614 2008 mqualemque
1672 1947 2012 2006 monstrare,

439 2019 670 2086 perinde
704 2035 768 2074 ac
813 2021 982 2078 Deum
1015 2025 1082 2079 de
1109 2023 1220 2078 Deo
1265 2037 1320 2080 et
1346 2041 1414 2080 ex
1457 2026 1618 2082 Patre
1649 2025 1868 2092 Filium,
1913 2043 2015 2085 nec

441 2109 512 2163 ab
543 2111 662 2179 ejus
691 2113 1004 2170 substantia
1033 2116 1336 2178 diversum,
1367 2119 1464 2172 sed
1497 2119 1566 2173 ab
1599 2120 1720 2189 ipso
1745 2123 2010 2190 genitum,

439 2203 582 2270 quod
621 2203 800 2272 ipsum
829 2205 898 2262 de
949 2209 1154 2276 Spiritu
1194 2218 1386 2264 saneto
1415 2225 1522 2264 non
1561 2213 1746 2266 minus
1775 2213 2011 2268 affirma-

439 2310 582 2350 mus.
621 2299 690 2349 At
731 2299 984 2369 egregiu
1019 2300 1108 2355 ille
1151 2303 1364 2366 Aetius,
1409 2319 1480 2356 ne
1523 2303 1758 2359 similem
1788 2306 2008 2374 quidem

437 2383 588 2440 Patri
611 2385 810 2442 Filium
839 2393 1194 2459 pronuntiare
1219 2395 1405 2446 voluit.
1433 2393 1754 2464 Quanquam
1779 2413 1880 2453 nos
1903 2413 2010 2452 non

439 2481 554 2532 sola
586 2479 948 2538 similitudine
977 2484 1100 2538 freti
1131 2485 1492 2540 constitutum
1539 2488 1660 2543 fidei
1710 2489 1904 2558 dogma
1947 2505 2010 2544 ac
2053 2527 2062 2536 .

439 2569 732 2628 Trinitatis
777 2577 986 2630 cultum
1027 2577 1400 2647 honoremque
1451 2581 1832 2650 suscipientes,
1879 2581 2010 2636 illud

2120 1937 2254 2010 νάδᾳ
2304 1939 2492 2009 Ἀετίῳ
2521 1937 2641 1990 οὐδὲ
2679 1937 2740 1990 τὸ
2768 1937 2952 2006 ὅμοιον
2999 1935 3136 2006 πρὸς
3177 1933 3396 2004 Πατέρα
3438 1931 3528 1984 τὸν
3569 1931 3693 1984 Υἰὸν

2119 2031 2304 2098 ἀξιοῦν
2336 2031 2532 2097 ἔδοξεν.
2575 2033 2650 2084 Οὺ
2690 2029 2767 2100 τῷ
2801 2031 2972 2101 ὁμοίῳ
3011 2031 3066 2082 δὲ
3103 2028 3255 2080 αὐτοὶ
3295 2025 3693 2096 ἐπερειδόμενος.

2123 2125 2282 2195 μόνον
2319 2124 2418 2194 τὴν
2458 2123 2716 2176 σύστασιν
2751 2122 2848 2193 τῆς
2893 2122 3149 2182 πίστεως,
3191 2119 3286 2172 καὶ
3328 2117 3388 2170 τὸ
3417 2115 3696 2187 γεραίρειν

2117 2215 2216 2286 τὴν
2251 2215 2460 2287 Τριάδα
2505 2213 2722 2285 ἀληθῶς
2769 2213 3108 2283 ἐνιστάμενοι
3147 2207 3538 2282 ὁμολογοῦμεν.
3585 2205 3694 2259 Καὶ

2117 2311 2226 2380 γὰρ
2265 2310 2358 2362 καὶ
2397 2309 2635 2381 ἄργυρος
2673 2306 2983 2377 κασσιτέρῳ
3029 2303 3328 2376 ὁμοιοῦται,
3353 2302 3446 2354 καὶ
3497 2299 3696 2370 χρυσὸς

2117 2399 2324 2469 χαλκῷ,
2353 2400 2448 2452 καὶ
2503 2397 2750 2468 μόλιϐδος
2791 2397 3015 2466 σιδήρῳ,
3073 2393 3168 2445 καὶ
3212 2391 3346 2443 λίθοι
3392 2388 3562 2459 τίμιοι
3605 2385 3692 2451 ἐξ·

2115 2491 2424 2561 ομοιοῦνται
2463 2490 2624 2560 ὖέλῳ,
2667 2489 2762 2542 καὶ
2789 2487 2850 2540 οὐ
2890 2487 2950 2539 τὸ
2987 2487 3172 2556 ὅμοιον
3197 2482 3294 2551 τὴν
3327 2480 3488 2550 φύσιν
3519 2477 3690 2547 δηλοῖ,

2117 2582 2253 2636 ἀλλὰ
2281 2582 2342 2634 τὸ
2367 2581 2706 2650 ἁπείκασμα.

439 2681 607 2720 unum
663 2666 996 2736 profitemur.
1045 2669 1180 2723 Nam
1215 2679 1264 2724 et
1300 2682 1582 2741 argentum
1649 2683 1847 2728 stanno
1893 2674 2070 2729 simile
2133 2681 2238 2734 est,
2260 2683 2310 2728 et
2363 2687 2556 2726 aurum
2627 2671 2810 2734 atri,et
2847 2669 3124 2739 plumbum
3171 2665 3333 2725 ferro,
3357 2675 3412 2719 et
3467 2659 3692 2733 pretiosi

445 2758 654 2828 lapides
704 2761 876 2826 vitm;
931 2777 1030 2818 nec
1083 2764 1386 2818 similitudo
1427 2767 1543 2835 ipsa
1589 2773 1840 2820 naturam
1871 2805 1885 2829 _.
1929 2767 2024 2822 sed
2063 2765 2470 2835 expressionem
2495 2773 2658 2832 atque
2695 2763 2921 2832 etligiem
2960 2761 3321 2815 demonstrat.

509 2850 598 2903 ΙΙΙ.
641 2850 798 2916 Quod
831 2861 1012 2908 autem
1051 2853 1118 2906 ad
1167 2855 1510 2924 Scripturam
1536 2856 1752 2920 attinet,
1777 2871 1899 2923 qua:
1927 2853 2018 2909 Fi—

2190 2855 2230 2906 Γ
2231 2861 2262 2907 ’.
2306 2841 2570 2906 Ἐνταῦθά
2593 2851 2648 2904 δὲ
2677 2853 2838 2920 ἡμεῖς
2879 2849 2973 2901 καὶ
3011 2848 3141 2916 περὶ
3173 2847 3270 2914 τῆς
3299 2843 3520 2914 Γραιρῆς
3562 2843 3692 2912 όμο-

437 2942 566 2994 limn
595 2941 690 2996 Dei
731 2943 1024 3000 invisibilis
1057 2947 1350 3016 imaginem
1397 2948 1655 3016 appellat,
1685 2962 1786 3002 nos
1837 2963 2009 3002 saera-

2117 2945 2384 3015 λογούσης
2419 2945 2510 2998 τὸν
2545 2945 2674 2997 Υἱὸν
2717 2944 2901 2996 εἰκόνα
2942 2940 3079 2994 Θεοῦ
3119 2939 3210 2993 τοῦ
3245 2939 3477 3006 ἀοράτου
3521 2935 3694 3006 ὑπάρ-

443 3049 562 3086 rtnn
589 3032 922 3090 Litterarum
954 3037 1059 3090 vim
1091 3037 1278 3091 divino
1307 3040 1574 3094 beneficio
1611 3043 1826 3109 penitus
1865 3055 2009 3096 asse-

2118 3056 2251 3108 χειν,
2280 3039 2378 3109 τὴν
2411 3038 2640 3106 δύναμιν
2663 3037 2758 3106 τῆς
2785 3035 2936 3098 θείας
2967 3033 3190 3106 Γραφῆς
3217 3034 3280 3084 ὲκ
3309 3031 3460 3092 θείας
3487 3029 3694 3100 δωρεᾶς

438 3127 574 3191 cuti,
603 3127 768 3198 915
795 3144 916 3198 qua:
957 3131 1038 3185 sic
1081 3129 1386 3186 Pharisaeos
1421 3134 1706 3202 compellat
1741 3151 1754 3187 :
1785 3131 2009 3188 Nescitis

2121 3132 2513 3204 ὴκριὸωκότες,
2546 3131 2644 3201 τῆς
2678 3131 2930 3202 φησάσης
2961 3125 3298 3198 Φαρισαίοιςο
3337 3125 3457 3176 Οὐκ
3495 3121 3696 3176 οἴδατε

446 3217 774 3287 Scripturas,
825 3237 984 3290 neque
1017 3223 1322 3286 virtutem“,
1363 3224 1636 3294 duplicem
1687 3225 1829 3278 hanc
1861 3224 2009 3278 habi-

2117 3225 2226 3292 τὰς
2259 3226 2522 3294 Γραφὰς,
2575 3222 2716 3278 οὐδὲ
2757 3223 2872 3289 τὴν·
2905 3219 3162 3289 δύναμιν
3197 3217 3305 3271 τοῦ
3351 3215 3530 3270 8801')-
3599 3216 3693 3265 επ-

439 3307 684 3368 tudinem
741 3326 864 3367 esse
925 3314 1199 3368 novimus.
1265 3313 1652 3370 Verumtamen
1707 3317 2015 3385 explicandi

439 3401 634 3470 gratia,
667 3411 723 3457 et
749 3404 1016 3460 abusione
1047 3405 1284 3474 quadam
1322 3423 1387 3462 ex
1417 3407 1658 3461 humano
1699 3407 1832 3460 illud
1867 3421 2018 3464 more

441 3492 848 3548 transferimus.
880 3497 1092 3565 Quippe
1122 3507 1176 3551 et
1213 3497 1450 3552 hominis
1485 3499 1664 3568 imago
1687 3513 1906 3568 quoque
1939 3497 2018 3550 di-

435 3591 614 3654 citur;
654 3603 828 3657 neque.
855 3597 1036 3642 tamen
1073 3588 1270 3644 similis
1299 3596 1402 3644 est.
1431 3587 1566 3643 Nam
1605 3593 1778 3646 altera
1823 3595 2012 3648 colori-

438 3685 540 3738 bus
557 3684 822 3738 duntaxat
838 3683 1092 3754 elligiata,
1116 3685 1286 3738 altera
1309 3683 1554 3738 eamdem
1583 3699 1646 3739 ex
1666 3687 2013 3754 generatione

435 3777 798 3832 substantiam
835 3775 1070 3840 obtinet,
1106 3791 1232 3830 cum
1265 3777 1484 3846 genitus
1519 3776 1690 3832 Filius
1718 3781 2010 3848 quamdam

435 3871 652 3940 generis
677 3870 762 3925 sui
793 3879 976 3924 notam
1019 3884 1082 3922 ac
1113 3867 1344 3922 formam
1391 3871 1798 3939 comparatione
1828 3869 2008 3928 Patris

434 3963 672 4033 accipiat
701 3977 713 4014 :
748 3971 861 4016 tum
893 3963 948 4014 in
987 3975 1052 4016 eo
1079 3975 1210 4014 vero
1241 3976 1348 4014 non
1388 3959 1589 4029 efﬁgies
1618 3961 1779 4015 modo
1826 3967 2006 4018 cerni-

432 4068 543 4121 tur,
585 4055 679 4111 sed
727 4066 782 4111 et
825 4063 1019 4108 natura
1055 4053 1244 4109 eadem
1309 4061 1362 4108 et
1411 4055 1718 4108 substantia
1763 4055 2008 4126 adeoque

433 4165 560 4206 vera
607 4150 756 4204 illius
800 4149 1104 4218 expressio.
1145 4147 1311 4217 Igitur
1353 4147 1668 4218 unigenitus
1701 4147 1791 4202 Dei
1837 4147 2007 4205 Filius

432 4245 573 4298 idem
629 4257 752 4296 cum
806 4241 1091 4294 divinitate
1134 4255 1198 4292 ac
1241 4238 1528 4306 majestate
1567 4237 1747 4296 Patris
1799 4249 1902 4300 est,
1953 4251 2008 4297 ct

429 4336 656 4405 aequalis
693 4349 953 4404 get-mana
985 4331 1221 4403 quadam
1255 4331 1492 4401 imagine
1521 4347 1584 4385 ac
1623 4333 2003 4399 similitudine,

426 4443 548 4498 quae
583 4429 730 4482 nulla
765 4427 972 4480 ratione
1005 4424 1300 4492 discrepet,
1344 4431 1604 4488 tanquam
1634 4421 1804 4478 Filius
1839 4439 1868 4477 a
1908 4423 2006 4478 Pa-

2120 3315 2387 3386 ιστάμεθα
2427 3312 2520 3368 οὖν
2554 3313 2734 3385 διττὴν
2759 3310 2924 3366 οὖσαν
2963 3311 3164 3381 ταύτην
3198 3309 3294 3380 τὴν
3339 3309 3544 3377 σχέσιν.
3581 3303 3692 3372 Τὴν

2115 3409 2422 3479 ἀπόχρησιν
2466 3407 2523 3460 δὲ
2567 3407 2642 3470 ὡς
2689 3405 2796 3459 ἀπὸ
2845 3391 3132 3474 ἀνθρώπου
3156 3399 3524 3470 λαμϐάνοντες
3556 3396 3692 3468 πρὸς

2117 3501 2464 3572 παράστασιν
2489 3501 2743 3572 φράσεως
2769 3489 3058 3570 δηλοῦμεν.
3096 3495 3199 3548 Καὶ
3227 3493 3334 3565 γὰρ
3361 3493 3454 3546 καὶ
3485 3489 3692 3560 ἀνθρώ-

2117 3613 2218 3648 που
2252 3593 2415 3647 εἰκὼν
2452 3593 2690 3662 λέγεται,
2716 3589 2808 3644 καὶ
2839 3591 2935 3659 οὐχ
2966 3589 3148 3658 ὁμοία.
3203 3587 3266 3639 Ἦ
3309 3585 3406 3656 μὲν
3435 3585 3542 3653 γάρ
3573 3585 3689 3634 ἐστι

2113 3687 2200 3740 διὰ
2221 3686 2524 3757 χρωμάτων
2547 3681 2976 3752 ἀπεικαζομένη,
3003 3683 3036 3752 ή
3057 3680 3113 3732 δὲ
3137 3677 3225 3732 διὰ
3249 3677 3348 3747 τῆς
3368 3673 3690 3747 γεννητικῆς

2113 3779 2549 3848 όμοουσιότητος,
2593 3777 2669 3839 ὡς
2717 3775 2810 3828 τοῦ
2853 3773 3192 3843 γεννωμένου
3243 3768 3374 3824 Υἱοῦ
3418 3767 3553 3838 πρὸς
3600 3767 3688 3820 τὸν

2113 3871 2331 3942 Πατέρα
2377 3867 2872 3941 χαρακτηρίζοντος
2912 3867 2972 3918 τὸ
3014 3864 3188 3933 γένος·
3231 3861 3686 3930 ἀπεικονίσματος

2111 3963 2168 4015 δὲ
2194 3963 2379 4015 λοιπὸν
2406 3961 2796 4032 εὑρισκομένου
2833 3956 3158 4027 ταυτότητός
3195 3973 3254 4008 τε
3285 3955 3379 4008 καὶ
3404 3951 3684 4021 ὁμοουσιό-

2113 4071 2274 4122 τητος
2323 4055 2414 4106 καὶ
2435 4051 2847 4122 ὲκτυπώματος.
2881 4050 2987 4102 Καὶ
3015 4049 3159 4102 ἔστιν
3177 4049 3308 4118 ἡμῖν
3335 4048 3364 4098 ό
3396 4044 3686 4115 μονογενὴς

2117 4147 2240 4210 Υἱὸς
2282 4147 2373 4199 τοῦ
2424 4145 2560 4199 Θεοῦ
2606 4145 2798 4200 ταυτὸν
2845 4144 2943 4215 μὲν
2987 4145 3052 4214 τῇ
3091 4141 3185 4194 τοῦ
3228 4139 3442 4210 Πατρὺς
3473 4137 3683 4206 θεότητι

2115 4237 2209 4290 καὶ
2239 4235 2385 4306 ἀξίᾳ,
2445 4235 2536 4288 καὶ¹
2590 4235 2701 4297 ίσος
2746 4233 2833 4286 διὰ
2886 4233 2985 4300 τῆς
3037 4229 3296 4300 ἀληθινῆς
3335 4227 3543 4286 εἰκόνος
3593 4225 3683 4276 καὶ

2115 4329 2426 4400 ὁμοιώσεως
2467 4329 2528 4380 οὐ
2572 4324 3053 4398 παρηλλαγμένης,
3091 4323 3204 4376 ἀλλ’
3238 4319 3681 4392 ἁπαραλλάκτου,

2115 4420 2190 4485 ὡς
2219 4421 2346 4482 Υἱὸς
2374 4422 2438 4472 ὲκ
2463 4419 2674 4490 Πατρός
2706 4416 2972 4488 ἀληθινῶς
2991 4417 3084 4469 καὶ
3101 4413 3400 4484 όμοουσίως
3420 4425 3681 4478 γεγεννη-

425 4531 509 4574 tre
533 4519 732 4588 reipsa,
765 4523 819 4570 et
851 4531 976 4569 cum
1009 4514 1194 4568 eadem
1237 4513 1546 4568 substantia
1575 4515 1811 4582 genitus.
1851 4513 1996 4570 Idem

2117 4521 2290 4592 μένος.
2321 4516 2477 4570 Οὕτω
2509 4517 2603 4568 καὶ
2628 4514 2718 4565 ἐπὶ
2743 4509 2836 4563 τοῦ
2871 4509 3024 4578 ἁγίου
3055 4505 3391 4576 Πνεῦματος,
3417 4503 3506 4555 διὰ
3533 4501 3590 4554 τὺ
3619 4503 3684 4553 ὲκ

430 4625 590 4678 porro
619 4608 689 4662 de
724 4605 928 4676 Spiritu
977 4609 1170 4659 sancto
1201 4612 1444 4658 statuere
1473 4618 1575 4657 nos
1607 4611 1820 4672 oportet
1849 4605 1993 4674 quod

426 4719 454 4754 a
483 4700 638 4754 Patre
674 4695 952 4768 procedat,
981 4694 1196 4748 tametsi
1245 4709 1355 4747 non
1403 4701 1715 4764 generetur,
1766 4695 1818 4749 id
1847 4695 1993 4764 quod

424 4791 690 4863 unigeniti
724 4789 844 4843 Filii
875 4787 1016 4842 ratio
1037 4787 1262 4841 minime.
1291 4786 1514 4855 patitur.
1555 4785 1660 4840 Sed
1689 4787 1879 4842 Aetius
1903 4804 1994 4842 ve-

423 4887 602 4942 ritatis
631 4882 958 4955 professioni
983 4881 1362 4936 vehementius
1403 4895 1708 4949 repugnare
1742 4879 1993 4942 studens,

421 4979 490 5036 ne
541 4977 662 5032 Filii
715 4975 932 5045 quidem
985 4989 1110 5028 cum
1169 4973 1331 5026 Patre
1388 4973 1796 5027 similitudinem
1839 4971 1994 5028 fateri

421 5069 612 5124 voluit.
646 5067 704 5122 ln
738 5083 846 5136 quo
889 5065 958 5120 ab
991 5065 1210 5118 Arianis
1244 5063 1459 5118 caeteris
1496 5063 1774 5129 dissentit,
1821 5064 1915 5131 qui
1964 5081 1995 5118 a

419 5161 664 5215 Luciano
695 5169 747 5213 et
777 5158 1008 5228 Origene
1045 5158 1250 5214 erroris
1281 5157 1626 5211 occasionem
1657 5157 1800 5209 nacti
1844 5165 1992 5219 sunt,

415 5265 470 5310 et
504 5271 627 5308 cum
663 5253 881 5308 Aslcrio
915 5251 1150 5320 quodam
1191 5251 1436 5319 sophista
1470 5249 1667 5303 versati
1711 5257 1865 5312 sunt;
1900 5249 1992 5318 qui

418 5347 472 5396 ίιι
503 5346 886 5417 persecutione
918 5344 1234 5398 Maximiani
1261 5342 1634 5399 Christianam
1667 5341 1824 5396 fidem
1870 5343 1990 5404 eius

982 5535 1000 5564 ί
1037 5531 1221 5585 Matth.
1266 5543 1386 5588 xm,
1419 5525 1506 5578 5|.
1577 5523 1596 5552 ³
1635 5519 1767 5574 ibid.
1795 5520 1882 5572 55.

513 5545 528 5574 ¹
565 5541 701 5596 Gen.
729 5555 767 5604 ι,
792 5537 882 5590 27.

514 5699 626 5766 (ςῡ)
666 5695 988 5765 Γεγονότες
1023 5689 1141 5757 ἅμα
1167 5682 1451 5766 ,Ἄστερξςρ
1483 5679 1620 5732 τινί.
1661 5677 1733 5730 De
1771 5691 1880 5766 quo
1909 5675 2013 5766 ﬁo-

788 5743 999 5832 ’νίςίξιξγῇ
1032 5743 1119 5821 ﬁt},
1152 5743 1358 5810 Soloni
1391 5743 1482 5805 lib.
1528 5767 1594 5832 it,
1639 5765 1759 5832 gap.
1788 5749 1872 5800 51.

449 5818 1063 5894 intuitt‘tr—idth'anastus
1101 5818 1191 5881 lib.
1249 5831 1322 5878 Ue
1371 5823 1604 5890 agundis.
1645 5818 1739 5872 llic
1774 5819 1916 5888 quod
1961 5821 2012 5869 in

1957 5519 1977 5548 ’δ
2001 5517 2186 5572 Matth.
2230 5531 2358 5579 xxv,
2396 5514 2446 5568 1.

2112 4612 2320 4684 Πατρὸς
2347 4607 2662 4674 ἐξελθεῖν,εί
2690 4605 2782 4658 καὶ
2812 4605 2872 4656 οὐ
2898 4601 3236 4672 γεγέννηται,
3258 4597 3346 4649 διὰ
3367 4595 3426 4648 τὸ
3441 4592 3683 4647 τοῦ-Υἱοῦ

2115 4703 2420 4777 μονογενές.
2451 4695 2618 4763 Οὗτος
2643 4699 2700 4751 δὲ
2726 4699 2754 4750 ὁ
2788 4697 3014 4758 Ἀέτιος,
3051 4691 3450 4764 περισσοτέρως
3480 4689 3674 4759 βουλη-

2112 4799 2223 4861 θεὶς
2261 4797 2574 4865 ἀντιστῆναι
2614 4795 2680 4864 τῇ
2719 4791 2816 4852 τῆς
2856 4787 3110 4858 ἀληθείας
3141 4783 3416 4856 ὁμολογία,
3459 4782 3578 4834 οὐδὲ
3605 4781 3668 4833 τὸ

2113 4893 2298 4963 ὅμοιον
2328 4889 2460 4944 Υίοῦ
2484 4889 2618 4960 πρὸς
2646 4884 2865 4953 Πατέρα
2888 4883 3142 4952 πειρᾶται
3169 4877 3468 4948 ὁμολογεῖν.
3501 4877 3562 4929 Οἱ
3586 4873 3685 4945 μὲν

2115 4985 2224 5054 γὰρ
2253 4983 2401 5038 ἄλλοι
2429 4981 2536 5034 τῶν
2576 4975 2886 5048 Ἀρειανῶν,
2912 4973 3021 5025 τῶν
3049 4971 3156 5024 ἀπὸ
3181 4969 3475 5024 Λουκιανοῦ
3499 4985 3558 5019 τε
3590 4967 3684 5018 καὶ

2121 5073 2429 5150 Ὠριγένους
2467 5071 2724 5132 λαϐόντες
2765 5069 2864 5138 τὴν
2909 5065 3199 5136 πρόφασιν,
3243 5062 3524 5130 γεγονότες
3568 5059 3684 5129 ἃμα

2123 5170 2382 5242 ’Λστερίῳ
2415 5168 2522 5221 τινὶ
2559 5165 2669 5236 (86)
2701 5162 2808 5217 ἀπὸ
2840 5159 3108 5231 σοφιστῶν
3136 5157 3270 5218 ὄντι,
3313 5154 3596 5209 ἐκπεσόντι
3627 5152 3682 5204 δὲ

2111 5263 2166 5317 ἐν
2195 5263 2272 5333 τῷ
2294 5260 2518 5331 διωγμῷ
2539 5257 2617 5328 τῷ
2641 5258 2734 5310 ἐπὶ
2755 5251 3098 5325 Μαξιμιανοῦ
3127 5249 3392 5318 γεγονότι·
3423 5247 3562 5308 τινὲς
3590 5245 3685 5315 μὲν

2113 5357 2218 5426 γὰρ
2245 5355 2446 5420 αὐτῶν,
2476 5353 2548 5414 ὼς
2584 5352 2640 5403 ἐν
2673 5351 2792 5410 ταῖς
2826 5348 2938 5400 ἄνω
2972 5361 3061 5416 μοι
3093 5343 3336 5412 αἱρέσεσι
3367 5339 3683 5408 δεδήλωται,

2523 5509 2751 5563 l‘lilatth.
2783 5522 2874 5570 xx,
2909 5504 2958 5559 l.
3059 5503 3078 5532 ⁶
3119 5499 3282 5554 Marc.
3307 5515 3404 5560 χιι,
3443 5495 3534 5548 Ξ4.

2120 5671 2497 5741 persecutione
2535 5663 2919 5741 sacrificassel,
2964 5657 3228 5718 ordinari,
3265 5653 3408 5725 quod
3443 5661 3689 5722 apprime

2120 5737 2393 5813 cupiebat,
2427 5754 2534 5792 non
2569 5737 2763 5807 potuit.
