4134 6386
357 289 462 346 821

1077 283 1450 348 ADVERSUS
1489 282 1835 340 HERESES
1873 281 2007 339 LIB.
2044 281 2132 338 Ill.
2173 281 2339 338 TOM.
2379 282 2506 340 l.—
2548 281 2825 342 HIERES.
2861 283 3096 340 LXXVI.

3535 284 3643 344 5&2

359 407 438 461 ὅτι
466 403 671 475 κτίσμα
697 401 790 455 τὸν
821 401 950 454 raw
981 400 1077 454 τοῦ
1111 402 1246 456 Θεοῦ
1273 402 1506 467 ἕκαστος
1540 401 1649 455 τῶν
1685 417 1948 473 προειρη-

2062 401 2197 456 ravit
2226 420 2240 456 ε
2268 417 2394 458 nam
2438 419 2563 460 cum
2605 404 2826 460 illorum
2870 406 3144 472 nonnulli,
3185 415 3246 462 ut
3293 405 3348 461 in
3397 409 3642 478 superio-

363 497 542 571 μένων
563 495 823 569 ὡρίσατο,
857 496 951 548 καὶ
976 493 1037 547 τὸ
1063 493 1290 565 Πνεῦμα
1316 495 1378 547 τὸ
1407 494 1562 564 ἅγιον
1599 493 1806 564 κτίσμα
1832 493 1950 547 κτί-

365 605 567 660 σματος
615 585 876 650 ἐδίδαξαν·
931 584 1076 648 τινὲς
1121 585 1178 640 δὲ
1211 585 1396 653 ἔλεγον
1441 587 1629 656 ὅμοιον
1670 581 1811 640 εἶναι
1857 584 1951 638 τὸν

361 679 491 733 Υίδν
523 675 602 748 τῷ
637 676 833 748 Πατρὶ,
875 676 924 728 εί
963 676 1056 730 καὶ
1097 673 1301 746 κτίσμα
1331 674 1494 729 αὐτὸν
1525 675 1814 747 ὡρίσαντο.
1850 670 1954 730 Οὖ-

360 791 452 838 τος
475 772 534 825 δὲ
563 773 623 825 τὸ
652 772 762 825 πᾶν
799 774 898 841 τῆς
936 769 1162 824 ἐκείνων
1203 771 1303 841 μὲν
1348 771 1654 842 εἰρωνείας,
1706 769 1841 834 ἰδίας
1895 771 1952 824 δὲ

354 865 618 931 ,ἀσεϐείας
642 864 961 933 ἀπεκάλυψε
983 864 1275 936 τηλαυγῶς
1304 865 1365 919 τὸ
1396 864 1492 918 τοῦ
1521 867 1792 938 δόγματος
1817 866 1954 937 πρὸς

361 957 450 1013 τὸν
480 959 690 1031 Κύριον
719 957 931 1030 ἀπηνές
962 974 1022 1011 τε
1058 959 1150 1011 καὶ
1179 957 1555 1028 ἀναίσχυντον.

430 1229 542 1284 Καὶ
575 1229 651 1292 ὡς
683 1227 780 1301 μὲν
809 1225 922 1298 ἔχει
949 1227 982 1297 ή
1010 1226 1262 1299 ἀλήθεια,
1299 1227 1618 1282 δικαιότατα
1656 1230 1794 1301 πρὸς
1827 1232 1956 1295 τοὺς

359 1321 422 1376 τὸ
449 1321 657 1392 κτίσμα
684 1321 1159 1392 παρεισφέροντας
1192 1319 1536 1374 ἀποτείνεται
1563 1323 1596 1392 ἡ
1628 1323 1822 1376 τούτου
1860 1321 1954 1375 τοῦ

374 1415 582 1468 ’Δετίου
611 1431 672 1467 τε
700 1414 796 1468 καὶ
834 1413 1114 1485 Ἀνομοίου
1151 1413 1449 1486 λεγομένου
1473 1413 1567 1468 τοῦ
1600 1414 1761 1483 λόγου
1791 1416 1954 1487 ἀκρι-

362 1507 603 1576 ϐολογία.
637 1508 755 1560 Πᾶν
796 1506 905 1578 γὰρ
944 1506 1005 1560 τὸ
1044 1507 1266 1560 κτιστὸν
1294 1507 1550 1576 ἀνόμοιον
1581 1507 1845 1578 τυγχάνει
1877 1507 1957 1580 τῷ

361 1601 661 1664 κεκτικότι,
691 1599 793 1653 κᾶν
821 1617 880 1652 τε
911 1600 1054 1653 κατὰ
1068 1600 1227 1671 χάριν
1243 1601 1579 1671 ἀφομοιοῖ-το·
1605 1601 1745 1654 κανὸ
1764 1600 1959 1665 κτίσας

358 1693 438 1766 τῷ
465 1692 810 1764 κεκτισμένῳ
831 1693 1085 1763 ἀνόμοιος
1115 1692 1373 1764 ὑπάρχει,
1399 1693 1557 1747 είκαὶ
1573 1693 1826 1766 χρώμασι
1851 1695 1958 1750 δια-

2057 489 2213 546 ribus
2267 489 2569 550 haeresibus
2617 493 2984 562 ostendimus,
3027 494 3228 551 Filium
3275 494 3373 552 Dei
3421 506 3642 554 creatu-

2056 597 2200 646 ram,
2245 584 2508 654 Spiritum
2541 600 2672 640 vero
2727 593 2980 641 sanctum
3027 595 3297 644 creaturae
3336 603 3644 645 creaturam

2057 688 2181 730 esse
2209 674 2522 741 docuerint,
2557 677 2651 730 alii
2676 677 2772 747 qui
2799 692 3097 736 commune
3123 679 3259 735 illud
3293 679 3359 736 de
3390 691 3646 737 creatura

2060 776 2333 831 tenerent,
2377 767 2575 823 Filium
2606 769 2759 824 Patri
2792 767 3026 825 similem
3059 787 3186 827 esse
3210 773 3452 829 confessi
3493 785 3644 831 sunt.

2057 857 2128 912 At
2164 859 2356 915 Aetius
2397 859 2506 917 iste
2549 875 2768 916 omnem
2819 862 3038 918 illorum
3080 865 3485 922 cavillationem
3521 883 3646 922 cum

2058 952 2346 1024 impietate
2397 971 2496 1011 sua
2547 957 2830 1028 propalam
2876 973 2988 1028 pra
3041 975 3100 1014 se
3151 959 3358 1027 ferens,
3410 961 3647 1018 immane

2059 1055 2250 1100 contra
2305 1045 2600 1102 Dominum
2629 1049 3257 1118 et-impudentissimum
3293 1053 3491 1124 dogma
3522 1069 3644 1124 pro-

2057 1139 2262 1208 posuit.

2129 1231 2336 1300 Atque,
2373 1239 2434 1287 ut
2469 1245 2708 1301 ingenue
2733 1228 2929 1295 fatear,
2963 1232 3105 1286 Aetii
3138 1233 3325 1304 hujus,
3357 1239 3474 1293 sive
3503 1237 3648 1293 Ano-

2059 1321 2191 1378 mmi
2231 1322 2454 1378 subtilis
2498 1323 2592 1377 illa
2637 1323 2782 1378 ratio
2817 1323 2943 1380 illos
2987 1333 3137 1380 recta
3175 1341 3238 1381 ac
3273 1329 3467 1383 merito
3513 1333 3648 1401 petit

2059 1416 2153 1486 qui
2182 1413 2384 1470 Filium
2429 1414 2527 1472 Dei
2563 1425 2875 1472 creaturam
2909 1432 3034 1474 esse
3074 1418 3395 1474 defendunt.
3431 1420 3647 1478 Etenim

2059 1504 2333 1578 quidquid
2374 1515 2624 1562 creatum
2663 1514 2770 1571 est,
2809 1506 3047 1561 creatori
3092 1522 3194 1562 suo
3222 1507 3492 1564 dissimile
3539 1518 3646 1575 est,

2059 1598 2284 1655 tametsi
2317 1613 2417 1670 per
2444 1598 2680 1670 gratiam
2710 1599 2965 1654 nonnihil
2998 1599 3370 1669 assimiletur;
3405 1611 3460 1657 et
3490 1617 3649 1658 crea-

2059 1698 2152 1745 tor
2175 1691 2292 1760 ipse
2343 1690 2425 1746 rei
2477 1705 2510 1744 a
2556 1705 2617 1746 se
2665 1700 2862 1745 creatae
2912 1690 3198 1746 dissimilis
3233 1700 3340 1755 est.
3399 1695 3674 1764 quamvis.

362 1784 550 1856 φόροις
588 1783 721 1836 αὐτὸ
758 1786 986 1854 κοσμεῖν
1024 1781 1364 1853 πειράσοιτο·
1415 1784 1465 1836 εί
1501 1784 1576 1856 μή
1617 1802 1669 1837 τι
1715 1785 1782 1839 ἂν
1827 1785 1958 1856 πρὸς

2067 1785 2242 1841 variis
2269 1799 2390 1839 eam
2425 1783 2706 1840 coloribus
2740 1784 3015 1855 perpolire
3043 1787 3360 1849 contendat,
3400 1788 3510 1842 nisi
3543 1787 3652 1843 eiii-

360 1875 706 1949 ἀπεικασμὸν
757 1878 854 1931 καὶ
901 1877 1273 1948 ἁπεικόνισμα
1317 1877 1460 1931 κατὰ
1511 1877 1744 1949 μίμησιν
1794 1879 1955 1950 μόνον

361 1967 596 2039 θεωρίας
643 1967 763 2020 ἐστὶ
807 1967 868 2020 τὸ
909 1966 1337 2038 ἐκτυπούμενον.
1393 1969 1505 2022 Καὶ
1555 1969 1630 2033 ὡς
1675 1971 1774 2041 μὲν
1819 1971 1957 2043 πρὸς

373 2059 688 2132 Ἀρειανοὺς
735 2060 864 2131 τοὺς
913 2059 1135 2112 κτιστὺν
1187 2058 1510 2130 νομίζοντας
1557 2061 1650 2115 τὸν
1691 2061 1821 2116 Υίὸν
1861 2062 1954 2116 τοῦ

358 2156 496 2210 Θεοῦ
527 2157 623 2209 καὶ
643 2155 704 2208 τὸ
726 2155 882 2224 ἅγιον
910 2153 1135 2225 Πνεῦμα
1168 2153 1390 2224 ἴσχυσεν
1411 2155 1477 2208 ἂν
1505 2157 1533 2208 ό
1559 2154 1750 2209 τούτου
1776 2156 1953 2226 λόγος,

362 2249 439 2311 ὡς
467 2248 563 2301 καὶ
588 2246 815 2319 ὕστερον
837 2247 929 2301 ὑπ’
954 2246 1137 2301 αὐτῶν
1167 2246 1278 2300 τῶν
1314 2247 1610 2321 Ἀρελιανῶν
1639 2249 1776 2319 (87),
1813 2251 1957 2321 φημὶ

359 2339 417 2393 δὲ
438 2339 548 2394 τῶν
578 2317 986 2410 περὶνΕύδόξιον
1010 2339 1106 2392 καὶ
1155 2317 1470 2408 Μηνόφιλον
1501 2341 1596 2393 καὶ
1625 2317 1839 2404 ἄλλους,
1863 2317 1958 2393 καὶ

361 2431 742 2495 ἀποσύνακτος
772 2432 1068 2503 γενόμενος
1099 2431 1390 2504 διήλεγχεν
1422 2433 1516 2486 ἐπὶ
1552 2432 1645 2486 τοῦ
1691 2434 1958 2504 βασιλέως

359 2525 506 2577 τότε”
542 2524 626 2578 ὅτι
731 2523 961 2586 Ὀποίως
1001 2523 1156 2577 αὐτοὶ
1188 2523 1425 2595 ἔχουσιν,
1455 2524 1568 2594 ἐγὼ
1597 2524 1725 2596 ἔχω,
1758 2525 1836 2590 ὡς
1862 2527 1958 2580 καὶ

361 2617 516 2670 αὐτοὶ
557 2617 782 2680 πάντες·
823 2615 940 2670 ἀλλ’
971 2615 998 2668 ὃ
1032 2617 1090 2670 ἐν
1119 2617 1244 2687 ἐμοὶ
1271 2616 1491 2688 ἀληθὲς,
1521 2618 1676 2671 αὐτο)⁴
1712 2620 1959 2690 κρυπτά-

362 2711 538 2775 ζουσι’
573 2711 670 2764 καὶ
701 2710 729 2764 ὃ
763 2711 874 2780 ἐγὼ
906 2711 1196 2782 τηλαυγῶς
1221 2711 1507 2781 ὑποφαίνω
1558 2711 1653 2765 καὶ
1685 2711 1954 2782 ὁμολογῶ,

360 2797 510 2858 οὗτοι
540 2805 742 2868 πάντες
770 2803 840 2858 τὰ
876 2804 1016 2859 αὐτὰ
1046 2804 1285 2874 λέγουσι,
1317 2803 1725 2876 κρυπτάζονται
1756 2805 1834 2870 δὲ,
1862 2804 1956 2857 τοῦ

359 2898 525 2952 τότε¹
575 2896 859 2968 βασιλέως.
903 2899 1019 2951 Οὐκ
1075 2897 1336 2962 ἐναντίως
1383 2897 1599 2968 ἔχοντος
1662 2902 1800 2969 πρὸς
1861 2897 1957 2968 τὴν

375 2989 664 3062 Ἀρειανὴν
708 2989 1177 3062 δραματουργίαν,
1214 2989 1351 3043 ἀλλὰ
1392 2987 1552 3060 δῆθεν
1591 2988 1838 3042 εὐσεϐεῖν
1866 3004 1956 3040 νο-

364 3083 637 3155 μίζοντος.
671 3083 745 3137 Τδ
771 3084 870 3155 μὲν
899 3084 1010 3156 γὰρ
1044 3083 1252 3154 κτίσμα
1279 3082 1568 3154 ὁμολογεῖν
1589 3083 1682 3136 τὸν
1713 3082 1840 3136 Υίδν
1862 3080 1956 3134 τοῦ

2063 1877 2206 1946 giem
2260 1875 2556 1948 quamdam
2617 1883 2671 1931 et
2712 1875 3186 1932 adumbrationem
3245 1877 3302 1932 in
3351 1891 3440 1945 co,
3500 1881 3646 1950 quod

2063 1965 2388 2038 expressum
2441 1974 2548 2034 est,
2594 1967 2776 2022 inesse
2818 1967 3090 2032 dicamus,
3127 1983 3250 2038 quae
3289 1969 3356 2023 ad
3402 1978 3652 2025 contem-

2063 2060 2327 2130 plationis
2402 2059 2769 2114 imitationem
2830 2060 3088 2129 pertinet.
3145 2059 3329 2132 Quare
3384 2061 3652 2118 adversus

2065 2153 2327 2215 Arianos,
2359 2151 2452 2222 qui
2481 2150 2574 2207 Dei
2604 2150 2804 2206 Filium
2831 2158 3076 2206 creatum
3106 2166 3231 2208 esse
3255 2157 3468 2222 putant,
3500 2154 3652 2212 illius

2067 2243 2402 2314 procedebat
2431 2242 2594 2306 ratio,
2618 2241 2787 2312 916
2817 2241 2963 2296 unde
2988 2250 3206 2312 postea,
3237 2258 3361 2298 cum
3389 2245 3459 2300 ab
3489 2243 3653 2299 Aria-

2063 2335 2153 2391 nis
2182 2335 2342 2405 ipsis,
2379 2333 2488 2388 hoc
2525 2339 2612 2388 est
2654 2332 2906 2388 Eudoxio
2951 2341 3006 2388 et
3047 2332 3364 2404 Menophilo
3400 2351 3465 2390 ac
3526 2337 3655 2393 reli-

2063 2427 2228 2499 quis,
2265 2425 2660 2480 communione
2683 2425 2938 2494 privatus
2983 2435 3151 2490 esset,
3196 2428 3417 2483 eosdem
3466 2443 3653 2484 coram

2065 2519 2404 2590 imperatore
2449 2519 2757 2588 redarguit,
2816 2533 3077 2574 asserens
3111 2518 3256 2574 idem
3317 2536 3378 2576 se
3409 2521 3653 2592 proﬁteri

2065 2627 2132 2666 ac
2181 2612 2389 2668 sentire
2423 2625 2550 2666 cum
2585 2611 2697 2666 illis
2743 2596 3006 2667 omnibus
3035 2630 3050 2666 :
3088 2611 3312 2680 Verum,
3346 2614 3651 2684 inquiebat,

2065 2703 2212 2774 quod
2263 2719 2431 2774 penes
2481 2718 2569 2758 me
2618 2718 2813 2758 verum
2866 2711 2973 2768 est,
3029 2704 3121 2760 isti
3167 2705 3549 2771 dissimulant;
3599 2715 3658 2764 ct

2063 2797 2210 2867 quod
2261 2812 2365 2868 ego
2413 2811 2528 2867 prae
2577 2810 2664 2850 me
2715 2793 2840 2849 fero
2880 2810 2946 2850 ac
3008 2797 3186 2868 palam
3237 2796 3525 2862 conﬁteor,
3576 2799 3654 2852 illi

2064 2905 2257 2945 omnes
2303 2904 2415 2943 non
2458 2888 2781 2954 diﬂitentur,
2819 2887 2914 2942 sed
2962 2887 3340 2943 fraudulenter
3368 2889 3653 2960 obtegnnt.

2065 2979 2277 3034 Etenim
2310 2978 2406 3048 qui
2441 2988 2559 3033 tum
2601 2978 2926 3050 imperabat,
2979 2977 3048 3032 ab
3089 2978 3293 3032 Ariana
3332 2980 3423 3034 illa
3459 2988 3658 3050 tragm-

2065 3073 2154 3128 dia
2187 3086 2538 3144 nequaquam
2575 3070 2924 3135 abhorrebat,
2966 3069 3062 3124 sed
3110 3070 3258 3146 inea
3293 3072 3494 3126 tuenda
3534 3072 3653 3140 pie-

358 3173 500 3229 Θεοῦ
545 3161 1007 3248 παραιτούμενος,
1063 3175 1387 3247 ἠγανάκτει,
1439 3175 1535 3230 καὶ
1576 3176 1658 3239 είς
1700 3175 1956 3246 ὑπερορι-

2062 3173 2230 3219 tatem
2281 3177 2347 3218 ac
2371 3163 2693 3233 religionem
2723 3162 2910 3216 inesse
2941 3161 3044 3217 sibi
3071 3170 3445 3230 persuaserat.
3479 3163 3655 3220 Idem-

361 3264 502 3338 σμδν
528 3265 848 3332 κατέταξεν,
879 3267 955 3332 ὡς
981 3267 1094 3322 ἄνω
1123 3267 1542 3344 προδεδήλωται.

436 3537 511 3587 Δ’.
552 3533 834 3588 Ἐντεῦθεν
869 3534 1013 3606 ἀρχὴ
1055 3533 1157 3600 τῆς
1204 3533 1472 3605 αἱρέσεως
1513 3533 1827 3605 γεγένηταιο
1863 3535 1958 3586 καὶ

361 3625 482 3678 ἀπὸ*
508 3624 605 3695 τῆς
656 3626 786 3694 μιᾶς
831 3625 1146 3689 ὑποθέσεως
1183 3627 1264 3689 είς
1297 3625 1503 3696 πολλὴν
1549 3624 1739 3678 κακῶν
1785 3624 1960 3697 φορὰν

361 3715 556 3788 ἀρθεὶς
585 3717 614 3768 ὁ
645 3715 782 3786 ἀνὴρ
815 3716 914 3787 τὴν
942 3715 1203 3779 διάνοιαν,
1240 3715 1431 3780 δεινῶς
1463 3717 1809 3788 κατέτρωσεν
1833 3717 1956 3769 ἑαυ-

359 3805 461 3860 τοῦ
487 3807 587 3878 τὴν
617 3805 794 3877 ψυχὴν
851 3806 944 3859 καὶ
976 3806 1085 3858 τῶν
1123 3805 1350 3880 [αὐτῶν]
1383 3807 1534 3876 αὐτῷ
1604 3805 1956 3862 πεισθέντων.

376 3896 821 3969 Ἐφαντασιᾶσθη
869 3896 978 3967 γὰρ
1028 3889 1184 3959 οὗτος
1225 3895 1450 3968 ὕστερον
1489 3898 1662 3948 εἰπεῖν
1700 3895 1863 3960 αὐτός
1898 3913 1959 3948 τε

363 3993 465 4047 καὶ
503 3992 553 4043 οἱ
594 3990 686 4042 ὑπ’
729 3988 892 4042 αὑτοῦ
946 3985 1446 4063 μεμαθητευμὲνοι,
1494 3987 1576 4040 ὅτι
1613 4005 1632 4038 ι
1669 3986 1892 4052 Οὕτως,
1935 4006 1954 4039 ι

361 4078 528 4150 φησὶ,
575 4095 596 4127 ι
631 4075 724 4129 τὸν
752 4074 886 4128 Θεὸν
916 4075 1221 4144 ἐπίσταμαι
1247 4072 1684 4143 τηλαυγέστατα,
1716 4072 1812 4125 καὶ
1844 4089 1963 4125 τοσ-

360 4170 529 4222 οῦτον
573 4167 735 4221 αὐτὸν
778 4164 1106 4236 ἐπίσταμαι,
1155 4164 1252 4216 καὶ
1294 4157 1434 4228 οἶδα,
1477 4161 1620 4216 ὥστε
1656 4163 1730 4234 μὴ
1765 4161 1961 4216 εἰδέναι

362 4258 630 4331 ἐμαυτὸν,
667 4256 744 4320 ὠς
785 4255 920 4308 Θεὸν
962 4251 1216 4326 [μᾶλλον]
1270 4253 1592 4323 ἐπίσταμαι.
1631 4270 1649 4302 ι
1691 4250 1866 4303 Ἀλλα
1903 4249 1962 4302 δὲ

362 4352 471 4404 ὅσα
499 4350 628 4420 περὶ
653 4347 842 4402 τούτου
868 4347 1210 4417 ἀκηκόαμεν,
1239 4343 1422 4409 καθὼς
1443 4343 1633 4407 δεινῶς
1661 4344 1690 4396 ὁ
1719 4341 1964 4405 διάϐολος

365 4442 493 4496 κατ’
526 4440 692 4494 αὑτοῦ
732 4441 1142 4511 ἐμηχανήσατο,
1195 4436 1375 4508 ψυχὰς
1421 4434 1726 4506 ἀνθρώπων
1777 4433 1964 4487 δελεα-

2059 3274 2166 3328 que
2199 3256 2400 3310 Filium
2431 3263 2744 3310 creaturam
2791 3268 2918 3310 esse
2959 3252 3068 3308 dici
3104 3253 3392 3310 molestius
3423 3254 3651 3319 ferebat,

2061 3349 2402 3420 proindeque
2452 3348 2672 3402 Aetium
2724 3347 2779 3402 in
2816 3346 3073 3402 exsilium
3116 3347 3348 3418 relegari
3373 3346 3560 3418 jussit,
3591 3356 3655 3400 ut

2066 3451 2226 3497 antea
2258 3440 2626 3495 narravimus.

2131 3532 2222 3586 IV.
2264 3531 2406 3586 Hinc
2446 3544 2601 3586 novae
2637 3529 2863 3587 haeresis
2896 3529 3199 3601 primordia
3227 3528 3466 3584 conﬂata
3501 3537 3655 3605 sunt,

2057 3631 2222 3694 atque
2247 3637 2313 3678 ex
2343 3621 2448 3676 hoc
2481 3635 2592 3676 uno
2618 3627 2944 3690 argumento
2985 3619 3352 3689 multiplicem
3389 3619 3455 3673 ad
3489 3621 3660 3674 malo-

2063 3730 2185 3770 rum
2238 3723 2478 3785 segetem
2535 3713 2782 3768 haeretici
2835 3712 3077 3767 hominis
3118 3712 3372 3768 sublatus
3413 3712 3654 3779 animus,

2061 3815 2172 3860 tam
2221 3806 2330 3861 sibi
2385 3819 2549 3875 quam
2584 3805 2701 3860 suis
2749 3803 3134 3878 gravissimam
3182 3805 3392 3874 plagam
3434 3802 3652 3858 inﬂixit.

2059 3897 2162 3964 Qui
2199 3897 2419 3968 quidem
2464 3910 2656 3950 omnes
2697 3904 2904 3949 tantam
2955 3896 3024 3949 ad
3070 3896 3370 3949 caecitatem
3420 3895 3660 3950 insolen-

2060 3990 2306 4061 tiamque
2357 3988 2602 4059 provecti
2647 3996 2796 4053 sunt,
2848 3995 2909 4041 ut
2961 3987 3097 4042 illud
3151 3986 3652 4056 vnlgojactarent:

2066 4101 2086 4134 ‹
2117 4083 2249 4135 Tam
2284 4080 2573 4150 perspicue
2611 4078 2782 4134 Deum
2831 4078 2980 4144 novi,
3029 4093 3094 4132 ac
3129 4086 3335 4132 tantam
3374 4078 3522 4132 illius
3558 4093 3657 4132 no-

2059 4173 2238 4227 titiam
2283 4187 2406 4227 sum
2465 4180 2823 4234 consecutus,
2884 4179 2945 4224 ut
2988 4186 3058 4225 ne
3113 4171 3379 4239 meipsum
3433 4169 3655 4239 quidem

2062 4264 2259 4319 melius
2291 4279 2453 4334 quam
2487 4262 2659 4317 Deum
2693 4263 2963 4318 noverim.
2995 4281 3014 4314 ι
3051 4261 3192 4316 Sunt
3234 4268 3289 4316 et
3352 4262 3458 4315 alia
3488 4277 3654 4332 quam

2063 4357 2320 4427 plurima,
2350 4370 2472 4426 quae
2499 4356 2566 4411 de
2600 4356 2792 4410 eodem
2820 4355 3158 4426 accepimus,
3196 4353 3655 4425 quemadmodum

2065 4466 2162 4522 per
2207 4449 2357 4503 illum
2391 4448 2646 4504 diabolus
2679 4449 2942 4518 majorem
2994 4447 3050 4501 in
3089 4447 3312 4501 modum
3363 4445 3416 4499 id
3460 4447 3653 4515 egerit,

368 4535 611 4589 σθέντων
647 4532 933 4587 ἀπολέσαι.
978 4531 1091 4585 Καὶ
1119 4529 1228 4602 γὰρ
1258 4529 1360 4582 οὐκ
1389 4527 1580 4596 ἄγεται
1612 4529 1798 4591 αὐτοῖς
1833 4527 1958 4597 περὶ

2067 4511 2131 4596 ut
2159 4550 2408 4612 captatas
2445 4542 2728 4596 hominum
2759 4542 2974 4596 animas
3015 4541 3072 4595 in
3121 4542 3350 4596 exitium
3389 4539 3628 4594 traheret

367 4627 492 4698 βίου
523 4625 870 4696 σεμνότητος,
915 4624 977 4677 ού
1029 4623 1160 4694 περὶ
1198 4619 1484 4692 νηστειῶν,
1515 4620 1576 4672 οὐ
1616 4620 1744 4690 περὶ
1775 4618 1964 4672 ὲνταλ-

370 4719 566 4790 μάτων
598 4715 756 4776 Θεοῦ,
792 4717 855 4768 οὐ
886 4715 1015 4787 περί
1045 4732 1192 4778 τινος
1225 4713 1413 4785 ἑτέρου
1441 4711 1551 4764 τῶν
1589 4714 1669 4774 είς
1700 4711 1845 4782 ζωὴν
1871 4710 1966 4764 ἀν-

367 4807 618 4881 θρώποις
637 4810 701 4861 ὲκ
724 4806 858 4860 Θεοῦ
883 4805 1400 4878 προστεταγμένων,
1425 4805 1458 4876 ἥ
1492 4805 1652 4875 μόνον
1674 4806 1964 4876 πρόχειρος

367 4901 560 4961 αὐτοῖς
593 4901 622 4952 ὁ
655 4898 811 4965 λόγος
861 4897 928 4951 δι’
972 4898 1090 4960 ὲνὸς
1133 4899 1377 4968 ῥήματος
1410 4895 1472 4950 τὸ
1506 4898 1634 4950 πᾶν
1668 4894 1746 4958 ὡς
1770 4894 1825 4948 ετ
1851 4911 1958 4958 τις,

367 4991 487 5046 ἀπὺ
515 4991 643 5062 νηὸς
679 4991 863 5060 ῥίψας,
893 4992 988 5044 καὶ
1017 4989 1118 5062 τὴν
1152 4992 1333 5043 πᾶσαν
1369 4989 1600 5060 ἐκϐολὴν
1633 4987 1728 5042 τοῦ
1761 4989 1962 5052 παντὸς

371 5082 578 5153 φόρτου
613 5082 864 5152 ποιήσας,
895 5081 1146 5155 κατάσχῃ
1177 5081 1235 5136 δὲ
1271 5081 1330 5134 ἓν
1356 5098 1410 5133 τι
1443 5080 1550 5134 τῶν
1594 5082 1652 5134 ὲν
1685 5080 1762 5152 τῷ
1795 5080 1964 5153 πλοίῳ

370 5172 827 5246 ὲμῦεϐλημένων,
861 5173 1110 5244 κεράμου
1142 5175 1204 5227 τέ
1236 5191 1378 5245 φημι
1407 5173 1442 5244 ἦ
1471 5190 1618 5236 τινος
1647 5173 1858 5245 ἐτέρου,
1889 5173 1965 5236 ὡς

369 5267 635 5324 δύνασθαι
659 5266 727 5320 δι’
748 5267 868 5332 ἑνὸς
897 5267 1125 5333 σκεύους
1150 5268 1242 5322 τὸν
1273 5268 1454 5323 πάντα
1489 5267 1683 5322 πόντον
1710 5267 1966 5341 διανήξα-

453 5450 471 5480 ¹
511 5446 572 5502 F.
621 5448 780 5502 Ἀλλὰ
801 5449 893 5502 τοῦ
923 5450 1070 5503 τότε.

453 5602 577 5676 (87)_
600 5605 885 5676 Ὕστερον
929 5606 1032 5676 ὐπῗ
1092 5604 1288 5659 αὐτῶν
1340 5605 1460 5660 τῶν
1515 5605 1846 5676 Ἀρειανῶν.
1881 5606 1965 5661 Ab

376 5673 744 5746 iisvidelicet
791 5675 1098 5746 episcopis,
1155 5678 1248 5744 qui
1299 5692 1367 5731 ex
1420 5673 1655 5746 utroque
1700 5677 1962 5740 concilio,

377 5743 717 5801 Ariminensi
767 5743 843 5799 ac'
884 5743 1263 5811 Seleueiensi,
1315 5743 1846 5818 Constantinopolim
1895 5747 1965 5801 ad

783 5843 1055 5906 ΡΑτιιοι..
1096 5844 1222 5904 Gao
1248 5842 1446 5905 XLII.

2070 4632 2283 4694 Etenim
2309 4633 2459 4687 nulla
2492 4633 2636 4703 apud
2662 4633 2786 4688 illos
2806 4649 2939 4688 cura
2974 4633 3281 4687 sanctitatis
3311 4640 3423 4697 est;
3457 4639 3552 4684 aut
3572 4629 3651 4699 je-

2066 4725 2374 4796 juniorum,
2427 4735 2522 4780 aut
2570 4726 2953 4780 mandatorum
3008 4723 3103 4779 Dei
3139 4735 3528 4779 caeterarurnve
3565 4737 3645 4776 re-

2070 4829 2220 4873 rum.
2253 4829 2375 4884 qua:
2414 4813 2731 4870 hominibus
2769 4815 2956 4870 divino
3009 4814 3268 4871 mandato
3323 4815 3649 4885 praescriptm

2064 4913 2213 4962 sunt.
2250 4907 2426 4978 Atque
2457 4908 2524 4962 ad
2574 4908 2758 4962 omnia
2807 4923 2976 4962 unum
3025 4907 3081 4960 in
3122 4914 3374 4978 promptu
3423 4907 3651 4961 verbum

2065 4997 2176 5053 illis
2205 5003 2290 5053 est
2320 5016 2333 5051 :
2369 4998 2428 5052 in
2464 5015 2574 5070 quo
2610 4999 2840 5070 perinde
2874 4999 2984 5054 illis
3018 4999 3230 5054 accedit
3279 5015 3343 5054 ac
3375 4999 3650 5068 naviganti

2069 5090 2260 5158 alicui,
2294 5093 2388 5161 qui
2420 5091 2689 5162 ejectione
2718 5093 2982 5147 mercium
3011 5093 3256 5147 omnium
3290 5091 3454 5155 facta,
3487 5091 3651 5161 quid-

2067 5183 2213 5255 piam
2243 5199 2453 5249 eorum,
2486 5200 2608 5255 quae
2638 5185 2694 5238 in
2717 5200 2911 5241 navem
2944 5184 3199 5254 imposita
3231 5193 3380 5250 sunt,
3411 5183 3650 5238 retinue-

2071 5271 2163 5335 rit,
2199 5280 2330 5343 puta
2371 5272 2537 5329 ﬁctile
2579 5273 2800 5347 aliquod
2854 5289 2975 5342 vas,
3011 5283 3107 5330 aut
3140 5275 3366 5330 alterius
3411 5275 3649 5346 generis,

2073 5603 2454 5682 Constantium
2519 5607 2926 5682 missi___erant:
2966 5609 3294 5682 quibuscum
3351 5609 3650 5682 disputavit

2073 5679 2280 5735 Aetius.
2316 5679 2655 5734 Sozomenus
2680 5679 2772 5733 lib.
2814 5695 2885 5744 ιν,
2932 5694 3050 5749 cap.
3093 5679 3178 5733 22.

3337 5845 3413 5905 17
