4134 6386
543 267 651 324 525

1915 264 1973 317 S.
2016 261 2354 318 El’lPllANll

3685 270 3795 329 524

543 390 705 456 cujus
736 385 990 456 praesidio
1013 392 1183 438 totum
1230 398 1378 437 mare
1419 382 1600 435 nando
1649 380 1902 450 trajicere
1933 396 1995 435 ac
2029 396 2116 435 sa-

2223 380 2365 444 σθαι,
2401 381 2492 434 καὶ
2524 380 2797 450 σωτηρίαν
2830 380 3010 451 ἑαυτῷ
3041 381 3531 452 προσπορίσασθαιο
3564 385 3792 454 σφαλένο

546 481 714 536 lutem
740 492 1058 548 comparare
1088 477 1188 532 sibi
1228 484 1432 546 possu;
1460 475 1551 544 qui
1594 474 1638 528 si
1674 473 1856 542 aliquo
1889 471 2117 528 fortasse

545 588 678 629 casu
710 571 996 633 exciderit,
1026 583 1203 638 neque
1251 583 1318 622 ex
1365 567 1459 620 illo
1489 580 1634 628 vase,
1668 579 1827 634 quem
1864 565 2118 633 sperabat

545 665 755 720 exitum
786 661 1052 732 consequi
1093 659 1352 730 potuerit,
1385 666 1501 712 tum
1533 671 1665 711 vero
1699 656 1954 711 ﬂuetibus
1983 656 2116 710 hau-

545 763 666 810 stus
699 760 872 808 totum
907 752 1012 807 hoc
1043 751 1318 821 negotium
1351 763 1474 803 cum
1509 749 1686 802 salute
1713 747 2070 817 pessundabit
2098 767 2111 802 τ

544 845 626 900 sic
677 841 868 897 Aetius
923 841 1151 911 ejusque
1209 845 1505 894 sectatores
1554 837 1806 893 Anomazi
1862 837 2006 907 quod
2062 838 2114 892 in

540 933 835 1006 Evangelia
890 933 1096 996 dictum
1140 947 1172 986 a
1210 930 1443 986 Domino
1472 930 1671 1000 legitur
1719 929 2008 985 afferentes
2061 931 2116 985 in

541 1026 802 1088 medium,
855 1023 1038 1080 verbis
1082 1022 1301 1094 quidem
1330 1021 1464 1092 ipsis
1510 1027 1760 1085 utuntur,
1795 1019 1891 1076 sed
1927 1035 2114 1075 eorum

540 1119 649 1173 vim
679 1131 803 1172 cum
838 1125 985 1172 recte
1011 1131 1122 1170 non
1164 1113 1492 1182 intelligant,
1521 1111 1742 1184 utrique
1770 1111 2118 1167 vehementer

539 1213 817 1266 aberrant.
847 1210 986 1264 Cum
1025 1209 1171 1264 enim
1206 1219 1508 1262 occurrens
1547 1205 1618 1260 iis
1665 1203 1868 1275 aliquis
1902 1203 2118 1258 divino-

541 1317 663 1356 rum
694 1307 1087 1371 prazceptorum
1111 1296 1440 1352 mentionem
1471 1293 1669 1364 injicit,
1697 1308 1763 1347 ex
1789 1292 1932 1347 illius
1953 1290 2116 1362 917

542 1394 869 1448 auctoritate
912 1389 1045 1446 dicti
1098 1389 1442 1458 subjiciunt:
1481 1405 1500 1438 ‹
1531 1385 1678 1440 Nihil
1706 1384 1854 1440 aliud
1889 1399 1920 1438 a
1957 1386 2116 1440 nobis

539 1484 786 1555 ﬂagitare
806 1481 998 1542 Deum,
1017 1495 1181 1551 quam
1203 1487 1262 1534 ut
1283 1491 1679 1550 cognoscamus
1706 1477 1908 1547 ipsum,
1935 1492 2118 1547 quem-

540 1574 832 1629 admodum
863 1573 1115 1627 Christus
1143 1569 1442 1626 declaravit
1474 1567 1560 1624 his
1588 1568 1773 1624 verbis
1799 1583 1813 1620 :
1848 1567 1934 1622 Da
1963 1568 2112 1636 ipsis,

543 1668 731 1730 Pater,
768 1664 956 1718 habere
987 1665 1040 1716 in
1075 1663 1260 1729 scipsis
1291 1662 1473 1715 vitam.
1507 1658 1636 1714 Ha’c
1660 1669 1740 1714 est
1781 1671 1956 1714 autem
1983 1659 2112 1722 vita,

539 1768 598 1812 ut
623 1764 942 1826 cognoscant
974 1763 1022 1808 te
1050 1753 1224 1807 solum
1249 1769 1428 1807 verum
1452 1751 1642 1818 Deum,
1671 1760 1721 1805 et
1749 1767 1900 1822 quem
1924 1751 2115 1805 misisti

536 1846 721 1905 Jcsum
767 1846 1098 1901 Christum‘.
1127 1862 1146 1895 ι
1201 1842 1337 1898 Nam
1387 1849 1444 1898 et
1488 1842 1782 1897 nonnullos
1819 1841 2116 1896 referentes

539 1941 874 2005 audivimus,
909 1936 1057 2008 quod
1099 1935 1167 1991 de
1198 1936 1292 1990 illo
1343 1950 1403 1991 se
1440 1937 1619 2005 palam
1665 1932 1883 1988 audisse
1923 1931 2116 1988 testiﬁ-

539 2039 817 2096 carentur,
853 2045 978 2085 cum
1021 2025 1240 2098 quidam
1269 2026 1340 2082 ob
1371 2035 1621 2095 stuprum
1651 2023 1863 2078 feminae
1906 2023 2114 2078 illatum

540 2130 956 2184 accusarentur,
988 2129 1042 2175 et
1080 2119 1150 2174 ab
1177 2119 1302 2174 aliis
1333 2117 1748 2176 damnarentur,
1784 2117 1920 2172 nihil
1962 2117 2113 2171 illum

549 2223 906 2276 commotum,
944 2211 1040 2266 sed
1068 2209 1271 2265 factum
1302 2207 1448 2263 illud"
1473 2207 1588 2264 risu
1619 2223 1683 2263 ac
1719 2209 1956 2263 ludibrio
1990 2223 2116 2277 pro-

541 2315 858 2377 sequentem
890 2303 1119 2368 dixisse,
1155 2302 1361 2356 nullius
1386 2301 1492 2356 hoc
1521 2316 1645 2357 esse
1673 2301 1954 2356 momenti.
1985 2301 2114 2356 Cor-

519 2398 690 2470 ,poris
747 2397 891 2452 enim
949 2396 1091 2449 hanc
1137 2409 1263 2449 esse
1321 2392 1702 2447 necessitatem
1753 2407 1818 2447 ac
1876 2391 2116 2447 functio-

531 2505 684 2553 nem,
707 2484 1165 2558 quemadmodum
1188 2497 1377 2538 aurem
1400 2496 1792 2552 nonnunquam
1818 2481 2114 2550 scalpimus

531 2585 873 2653 (quanquam
904 2593 964 2632 ea
1001 2589 1290 2632 recensere
1313 2589 1422 2630 non
1452 2574 1572 2630 sine
1601 2576 1798 2629 rubore
1823 2589 2114 2645 possumus

526 2685 659 2742 quas
690 2670 939 2738 impurus
971 2666 1062 2720 ille
1089 2663 1376 2735 jactabat),
1415 2663 1512 2718 sed
1540 2672 1620 2730 ut,
1651 2663 1952 2734 inquiebat,
1995 2665 2116 2735 pin-

536 2764 697 2826 nula,
745 2759 840 2814 vel
891 2757 1100 2812 festuca
1155 2769 1346 2810 aurem
1397 2755 1717 2825 scalpimus.
1781 2764 1946 2824 atque
2009 2757 2113 2810 hoc

535 2851 701 2908 modo
734 2848 974 2921 pruritus
1011 2844 1235 2911 desinit,
1287 2844 1369 2900 sic
1403 2851 1459 2900 et
1495 2844 1550 2899 id
1601 2845 1926 2901 naturaliter
1955 2844 2114 2900 nobis

536 2944 738 3006 evenit,
778 2953 956 3009 neque
987 2938 1278 3007 quisquam
1313 2949 1377 2990 ea
1415 2949 1477 2990 re
1516 2934 1764 2990 facienda
1795 2945 2007 3004 peccat.

606 3033 672 3090 ν.
704 3032 829 3088 Haec
852 3038 907 3087 et
938 3031 1044 3084 alia
1083 3039 1194 3083 tum
1224 3026 1491 3098 ejusmodi
1530 3027 1810 3088 narrabat,
1845 3041 1908 3081 ac
1937 3027 2113 3081 disso-

535 3130 648 3184 lute
671 3135 723 3181 et
751 3123 997 3194 nequiter
1012 3119 1264 3183 docebat,
1281 3127 1341 3173 ut
1361 3118 1444 3172 vel
1469 3133 1532 3172 ex
1565 3116 1699 3186 ipsis
1731 3115 1911 3181 factis,
1936 3117 2116 3188 cujus-

536 3218 683 3274 modi
727 3216 889 3270 fuerit
922 3213 1032 3276 ille,
1065 3217 1299 3274 constet,
1325 3206 1656 3278 nosqueipsi
1682 3206 2114 3272 Dominiverbis,

536 3309 684 3364 velut
708 3308 827 3361 luce
857 3302 1112 3375 quadam,
1141 3302 1544 3363 collustremur,
1572 3299 1663 3370 qui
1707 3299 1785 3353 sic
1823 3297 2113 3354 admonet:

541 3400 808 3456 Attendite
854 3416 886 3452 a
940 3397 1092 3466 falsis
1132 3393 1416 3464 prophetis,
1455 3393 1544 3463 qui
1596 3391 1804 3445 veniunt
1844 3391 1912 3444 ad
1947 3409 2032 3446 vos
2064 3393 2118 3446 in

543 3493 861 3548 uestimentis
898 3491 1092 3554 ovium,
1118 3488 1431 3540 intrinsecus
1460 3493 1633 3537 autem
1657 3492 1778 3537 sunt
1817 3483 1927 3553 Lupi
1959 3500 2119 3552 rapa-

535 3601 643 3639 ces.
700 3584 742 3635 Α
787 3579 1042 3651 fructibus
1104 3593 1285 3632 eorum
1337 3575 1658 3645 cognoscetis
1701 3590 1808 3628 eos.
1865 3573 2116 3644 Nunquid

541 3675 793 3744 colligunt
823 3672 886 3726 de
916 3671 1078 3738 spinis
1125 3685 1274 3732 uvas,
1305 3676 1397 3720 aut
1440 3666 1504 3718 de
1539 3664 1748 3719 tribulis
1773 3666 1908 3734 ﬁcus
1934 3666 1990 3719 ’ἲ
2028 3665 2118 3719 Sic

542 3763 705 3835 igitur
735 3759 1083 3816 stolidissima
1129 3757 1274 3811 illius
1317 3756 1371 3809 in
1418 3754 1670 3808 omnibus
1711 3754 1943 3808 audacia
1991 3753 2119 3807 hinc

542 3864 596 3910 et
629 3855 778 3909 illinc
827 3851 1205 3921 redarguitur:
1239 3854 1424 3917 utpote
1464 3847 1556 3916 qui
1606 3854 1794 3899 contra
1829 3845 2118 3899 Dominum

540 3947 723 4020 ipsum
762 3943 1081 4000 ell‘renatum
1135 3957 1197 3996 os
1241 3939 1504 3993 attollere
1553 3954 1660 3991 non
1713 3936 2010 3999 dubitavit,
2063 3937 2117 3990 in

543 4052 777 4108 eumque
807 4037 926 4091 sine
953 4035 1062 4089 ullo
1096 4033 1310 4103 pudore
1351 4029 1633 4084 maledicta
1658 4029 1912 4098 conjeeit,
1949 4036 2007 4081 ut
2053 4043 2117 4082 ex

544 4127 1011 4200 ipsispetulantiat
1037 4139 1098 4180 ac
1125 4123 1402 4180 dissoluta:
1433 4121 1675 4175 libidinis
1701 4120 1967 4174 fructibus
1991 4135 2120 4189 pru-

544 4222 820 4278 dentiores
853 4220 1053 4290 quique
1087 4217 1387 4288 periculum
1430 4214 1575 4268 illius
1626 4212 1883 4268 facientes
1921 4213 1991 4268 ab
2020 4212 2120 4268 iis-

545 4316 670 4371 dem
704 4313 810 4369 illis
847 4309 1164 4380 c‘otligendis
1194 4307 1521 4363 abstineant.
1557 4304 1741 4375 Neque
1767 4306 1910 4359 enim
1943 4320 1974 4359 e
2005 4305 2119 4374 spi-

543 4409 632 4462 nis
677 4421 778 4460 uva
827 4403 1022 4458 demeti
1071 4408 1269 4471 potest,
1316 4407 1374 4453 ut
1415 4414 1482 4452 ex
1532 4395 1825 4466 depravata
1873 4396 2117 4450 doctrina

545 4497 812 4554 sanctitas
861 4495 1086 4548 oriatur.
1123 4490 1322 4546 Verum
1375 4490 1489 4543 hzee
1536 4489 1602 4542 de
1645 4488 1861 4542 homine
1912 4488 2004 4540 illo
2051 4487 2120 4540 ab

545 4587 666 4642 aliis
705 4593 926 4654 accepta
952 4582 1240 4638 didicimus
1267 4598 1280 4633 :
1315 4581 1368 4633 in
1407 4580 1551 4634 illius
1568 4593 1744 4647 porro
1775 4577 2118 4647 dogmatibus

546 4692 670 4734 cum
716 4677 886 4731 multa
934 4675 1044 4730 sint
1091 4673 1310 4728 furiosae
1356 4671 1617 4727 adversus
1663 4668 1951 4724 Dominum
1999 4670 2118 4737 ejus

547 4768 850 4823 insolentiae
895 4771 1282 4826 consentanea,
1331 4775 1502 4831 pauca
1541 4759 1644 4814 hoc
1677 4759 1797 4813 loco
1830 4758 1896 4813 de
1931 4758 2119 4813 multis

548 4859 841 4930 proferam,
877 4871 1092 4924 unaque
1122 4854 1188 4908 ad
1215 4867 1276 4907 ea
1316 4851 1601 4906 refutanda
1629 4850 1827 4912 dicam,
1864 4865 1984 4919 qua:
2011 4848 2118 4901 Do-

548 4950 728 5003 minus
761 4947 988 5002 diceuda
1017 4943 1372 5000 concesserit.
1416 4942 1571 4998 .Sane
1607 4944 1824 5014 quidem
1853 4943 2120 5013 ejusmodi

545 5050 630 5097 est
655 5039 902 5095 Anomoei
929 5039 1074 5092 illius
1108 5037 1162 5090 iu
1194 5035 1516 5091 stabilienda
1541 5036 1791 5106 dogmate
1821 5035 2117 5099 calumnia,

547 5134 682 5189 nihil
729 5140 789 5186 ut
834 5130 980 5185 aliud
1025 5137 1218 5200 praeter
1273 5128 1660 5183 sententiarum
1703 5127 1926 5184 umbras
1953 5127 2121 5197 918

545 5241 610 5282 ac
641 5224 1024 5282 similitudines
1057 5231 1420 5286 consectetur,
1450 5236 1569 5291 qua'
1599 5220 1810 5274 tametsi
1859 5235 1927 5274 ex
1972 5219 2122 5274 Scri-

547 5315 722 5385 pturis
747 5314 880 5384 ipsis
915 5311 1227 5373 all‘erantur,
1283 5313 1439 5382 longe
1484 5319 1665 5365 tamen
1697 5309 1863 5364 alium
1895 5323 2117 5365 sensum

547 5404 847 5470 continent,
877 5413 932 5458 ut
968 5419 1090 5457 cum
1122 5404 1281 5456 aliam
1321 5402 1543 5458 omnino
1570 5401 1677 5454 vim
1711 5407 1764 5454 et
1797 5407 2118 5470 potestatem

2217 490 2306 533 τος
2327 472 2383 525 δὲ
2409 471 2503 524 τοῦ
2533 471 2796 533 τοιούτου,
2831 472 2925 525 καὶ
2944 473 3043 542 οὑχ
3066 473 3141 535 ὡς
3172 473 3520 544 ὑπελάμϐανε
3547 477 3673 546 περὶ
3695 474 3790 532 τοῦ

2221 563 2357 632 μετά
2383 565 2541 634 χεῖρα
2566 561 2792 626 σκεύους
2815 561 2876 614 τὸ
2905 563 3079 634 πέρας
3110 563 3385 635 εὑρόντος,
3421 564 3646 637 ὕστερον
3667 567 3794 622 ὑπο·

2218 655 2440 726 ϐρυχίου
2467 656 2769 723 γεγονότος,
2795 656 3051 708 ἐκπεσεῖν
3081 656 3180 726 τῆς
3204 655 3383 726 πάσης
3411 659 3790 728 πραγματείας

2215 766 2286 810 τε,
2305 749 2397 802 καὶ
2428 749 2721 818 σωτηρίας·
2751 749 2892 803 οὕτω
2920 749 3014 802 καὶ
3042 740 3198 814 οὗτος
3225 751 3253 802 ό
3302 751 3504 816 Ἀέτιος
3536 753 3630 805 καὶ
3660 755 3707 806 οἱ
3729 753 3788 820 ἐξ

2216 836 2383 891 αὑτοῦ
2424 836 2714 908 Ἀνόμοιοι,
2743 838 2825 901 είς
2848 837 3013 908 μέσον
3039 839 3298 909 φέροντες
3327 839 3388 892 τὸ
3421 840 3580 911 ῥητὸν
3604 840 3666 894 τὸ
3685 841 3790 895 ὑπὸ

2214 928 2308 982 τοῦ
2353 929 2560 1001 Κυρίου
2613 930 2671 982 ἐν
2715 929 2790 1000 τῷ
2836 929 3154 1000 Εὐαγγελίῳ
3201 930 3508 1001 εἰρημένον,
3556 931 3656 1002 τὴν
3689 931 3791 1002 μὲν

2216 1020 2358 1085 λέξιν
2388 1019 2742 1091 ὑφηγοῦνται,
2786 1020 2885 1091 τὴν
2927 1021 2984 1074 δὲ
3017 1021 3188 1091 αὐτῆς
3219 1021 3448 1093 δύναμιν
3483 1024 3584 1076 οὐκ
3613 1023 3790 1096 ὀρθῶς

2217 1113 2555 1181 κατέχοντες,
2599 1113 2891 1181 σφάλλεται
2941 1113 3035 1165 καὶ
3087 1114 3428 1182 σφάλλονται.
3473 1117 3641 1169 Ὅταν
3679 1117 3789 1189 γὰρ

2215 1203 2396 1266 αὑτοῖς
2429 1201 2740 1272 περιτύχοιέ
2769 1219 2873 1265 τις,
2911 1203 3154 1272 καὶπερὶ
3177 1203 3405 1257 ἐντολῶν
3429 1204 3783 1277 ὑπομνήσειε,

2214 1290 2371 1347 τοῦτο
2400 1291 2722 1360 φάσκουσιν,
2754 1292 2829 1356 ὡς
2856 1291 2958 1361 ἔφη
2998 1292 3058 1344 τὸ
3093 1294 3274 1362 ῥητὸν,
3307 1293 3387 1346 ὅτι
3422 1312 3441 1345 ι
3474 1295 3638 1349 οὐδὲν
3666 1296 3786 1351 ἓτε-

2218 1385 2311 1457 ρόν
2354 1386 2502 1438 ἐστιν
2546 1385 2574 1438 ὃ
2613 1384 2766 1457 ζητεῖ
2795 1384 2927 1448 Θεὸς
2962 1386 3091 1457 παρ’
3147 1387 3322 1456 ἡμῶν,
3361 1387 3475 1440 ἀλλ’
3515 1389 3602 1443 ἵνα
3633 1391 3787 1458 γινώ-

2217 1493 2436 1546 σκωμεν
2464 1475 2627 1529 αὑτὸν
2662 1475 2842 1545 μόνον,
2873 1476 2949 1538 ὡς
2988 1477 3080 1528 καὶ
3103 1476 3132 1528 ὁ
3165 1477 3398 1547 Χριστὸς
3437 1478 3564 1551 ἔφη.
3601 1483 3782 1551 φησὶν,

2215 1569 2273 1620 ἐν
2301 1567 2378 1637 τῷ
2419 1567 2599 1636 λέγειν
2640 1568 2822 1620 αὑτόν·
2867 1567 2976 1632 Δὸς
3013 1567 3238 1633 αὐτοῖς,
3278 1568 3488 1639 Πάτερ,
3532 1573 3695 1640 ἔχειν
3718 1573 3790 1626 ἐν

2216 1659 2450 1724 ἑαυτοῖς
2473 1659 2642 1726 ζωήν.
2672 1659 2832 1726 Αὕτη
2852 1659 2920 1712 δέ
2944 1660 3115 1713 ἐστιν
3129 1661 3167 1729 ἡ
3185 1660 3316 1728 ζωὴ,
3335 1663 3434 1715 ἵνα
3454 1665 3790 1732 γινώσκωσι

2147 1726 2188 1779 Β
2215 1762 2290 1802 σε
2321 1749 2427 1803 τὸν
2457 1751 2650 1817 μόνον
2669 1749 2959 1816 ἀληθινὸν
2986 1726 3165 1814 Θεὸν,
3198 1726 3295 1804 καί
3329 1751 3401 1806 ὃν
3429 1726 3791 1823 ἀπέστειλας

2229 1837 2461 1906 Ἰησοῦν
2489 1838 3152 1910 Χριστόν.›“Ακηκόαμεν
3180 1841 3289 1912 γάρ
3323 1843 3417 1895 καί
3439 1861 3597 1898 τινων
3615 1845 3792 1916 λεγόν-

2213 1947 2342 1990 των,
2387 1929 2462 1993 ὠς
2509 1931 2640 2000 παρ’
2675 1928 2840 2002 αὑτοῦ
2881 1931 3126 2002 ἐναργῶς
3174 1934 3504 2003 ἀκηκόασιν,
3538 1935 3614 2002 ῶς
3643 1954 3789 2004 τινες

2215 2020 2616 2092 κατηγοροῦντο
2641 2021 2734 2074 ἐπὶ
2760 2021 3078 2093 ἀτοπήματι
3112 2025 3365 2092 γυναικὸς
3386 2027 3602 2098 ᾄδοντες
3619 2029 3660 2094 δ’
3691 2031 3786 2084 καὶ

2215 2114 2678 2183 κατεγινώσκοντο
2712 2115 2804 2168 ὑπ’
2841 2116 3042 2170 αὐτῶν.
3104 2117 3160 2170 Ὀ
3199 2117 3256 2171 δὲ
3287 2120 3406 2173 οὑδὲ
3434 2121 3561 2192 περὶ
3584 2121 3790 2177 τούτων

2215 2208 2465 2279 χαλεπῶς
2499 2209 2710 2280 ἔφερενο
2749 2209 2886 2264 ἀλλά
2922 2212 3015 2264 καὶ
3047 2210 3223 2282 μάτην
3257 2213 3536 2282 ἐχλεύαζε,
3566 2215 3788 2284 φάσκων

2217 2300 2380 2372 μηδὲν
2409 2297 2626 2355 εἶναιτὸ
2645 2302 2905 2355 τοιοῦτον.
2931 2304 3224 2374 Σωματικὴ
3257 2304 3365 2376 γάρ
3397 2307 3543 2358 ἐστιν
3570 2308 3602 2377 ἡ
3630 2309 3789 2378 χρεία

2214 2396 2308 2448 καὶ
2345 2398 2378 2466 ἡ
2413 2396 2710 2467 ὑπηρεσία·
2743 2396 2931 2467 ὥσπερ
2958 2395 3087 2470 γὰρ,
3117 2397 3272 2468 φησὶ,
3301 2399 3429 2470 περὶ
3451 2399 3513 2452 τὸ
3544 2395 3635 2463 οῦς
3658 2418 3788 2472 κνη-

2214 2486 2418 2556 θόμεθα
2437 2487 2552 2556 (καὶ
2566 2487 2728 2550 αὐτὸς
2761 2486 2861 2557 μὲν
2892 2487 3143 2556 αἰδοῦμαι
3160 2487 3336 2557 λέγειν
3351 2489 3558 2561 ὅσαπερ
3581 2492 3788 2556 ἐκεῖνος

2213 2575 2522 2646 ἀκάθαρτος
2565 2575 2904 2646 διηγήσατο),
2943 2575 3196 2640 λαϐόντες
3230 2576 3306 2638 δὲ,
3337 2577 3490 2645 φησὶ.
3531 2579 3727 2649 πτερὸν
3750 2580 3784 2650 ἢ

2215 2666 2445 2738 κάρφος,
2482 2665 2542 2721 τὸ
2570 2662 2663 2730 οῦς
2692 2665 3020 2738 κνηθόμεθα,
3061 2667 3155 2720 καὶ
3195 2667 3338 2720 οὑτω
3377 2667 3660 2739 παυόμεθα
3689 2671 3789 2740 τῆς

2217 2761 2348 2831 περὶ
2388 2760 2487 2830 τὴν
2529 2759 2698 2830 ἀκοὴν
2739 2759 3054 2830 κνησμονῆς
3075 2773 3090 2788 ·
3127 2758 3270 2814 οὕτω
3303 2760 3396 2814 καὶ
3424 2760 3598 2824 τοῦτο,
3632 2763 3787 2834 φησὶ,

2216 2848 2500 2920 συμϐαίνει
2536 2848 2678 2902 κατά
2708 2848 2890 2917 φύσιν·
2935 2850 3030 2902 καὶ
3067 2849 3121 2902 εἴ
3148 2867 3233 2914 τις
3273 2850 3656 2918 ὲπιτελέσειεν,
3686 2855 3789 2926 οὐχ

2216 2940 2539 3012 ἁμαρτάνει.

2291 3031 2363 3085 E’.
2390 3032 2500 3084 Καὶ
2527 3032 2628 3084 ὅσα
2641 3030 2864 3085 τοιαῦτα
2891 3032 2920 3084 ὀ
2937 3032 3077 3103 ἀνὴρ
3105 3032 3478 3103 διηγούμενος,
3497 3035 3708 3108 ὑδαρῶς
3722 3039 3791 3092 τὰ

2219 3126 2395 3177 πάντα
2416 3121 2508 3175 καὶ
2534 3121 2719 3185 κακῶς
2741 3122 3016 3176 ἐδίδασκεν
3032 3139 3046 3152 ·
3075 3125 3163 3176 ἵνα
3189 3124 3247 3190 ἐξ
3270 3124 3448 3178 αὑτῶν
3473 3125 3580 3180 τῶν
3614 3127 3791 3198 ἔργων

2215 3213 2376 3284 ὀφθῇ,
2409 3213 2461 3266 τί
2489 3214 2586 3282 μὲν
2612 3205 2768 3277 οῦτός
2789 3213 2938 3268 ἐστιν
2961 3231 2975 3244 ο
3005 3215 3054 3267 oi
3086 3215 3142 3268 δὲ
3167 3215 3260 3269 τοῦ
3283 3217 3488 3289 Κυρίου
3511 3217 3658 3287 λόγοι
3692 3236 3789 3272 σα-

2217 3307 2332 3376 φῶς
2364 3308 2493 3378 ημῖν
2518 3305 2957 3373 καταυγάσωσιν,
2987 3306 3062 3370 ὡς
3093 3307 3245 3376 ἔλεγε
3267 3324 3281 3338 ·
3317 3308 3650 3378 Προσέχετε
3671 3310 3792 3364 ἀπὸ

2216 3397 2335 3453 τῶν
2369 3395 2898 3466 ψευδοπροφητῶν,
2917 3398 3134 3461 οἵτινες
3159 3397 3434 3467 ἔρχονται
3464 3401 3613 3468 πρὸς
3640 3399 3791 3468 ὑμᾶς

2215 3491 2286 3544 ὲν
2313 3489 2605 3558 ἐνδύμασι
2636 3488 2964 3556 προϐάτων,
2986 3489 3213 3543 ἔσωθεν
3239 3489 3307 3543 δέ
3337 3493 3456 3543 εισι
3487 3492 3662 3544 λύκοι
3691 3491 3792 3557 {ip-

2217 3597 2422 3650 παγες.
2463 3581 2598 3634 Ἀπὸ
2624 3579 2742 3633 τῶν
2766 3579 3008 3648 καρπῶν
3045 3580 3243 3634 αὐτῶν
3263 3582 3667 3652 ἐπιγνώσεσθε
3679 3585 3792 3637 αὑ-

2217 3676 2377 3739 τούς.
2405 3671 2559 3738 Μήτι
2579 3671 2992 3740 συλλέγουσιν
3009 3673 3128 3727 ἀπὸ
3153 3673 3432 3728 ἀκανθῶν
3449 3677 3788 3743 σταφυλὰς,

2217 3766 2256 3834 ἢ
2289 3765 2407 3820 ἀπὸ
2451 3767 2736 3832 τριϐόλων
2778 3763 2972 3828 σῦκα;
3019 3764 3174 3818 Οὕτω
3201 3765 3296 3818 καὶ
3337 3766 3371 3836 ἡ
3415 3765 3602 3818 τούτου
3651 3766 3793 3820 κατὰ

2220 3855 2398 3908 πάντα
2430 3855 2528 3926 τῆς
2565 3855 2822 3924 ἀνοησίας
2858 3855 3034 3924 τόλμα
3070 3854 3319 3908 ἐντεῦθεν
3349 3856 3442 3908 καὶ
3471 3856 3677 3910 ἐκεῖθεν
3710 3857 3792 3911 δι·

2219 3947 2499 4016 ελέγχεται
2517 3963 2532 3978 ·
2559 3944 2633 4008 ὡς
2665 3946 2762 4015 μὲν
2796 3945 2935 3998 κατὰ
2951 3945 3041 3999 τοῦ
3065 3945 3334 3999 Δεσπότου
3368 3947 3531 4000 αὐτοῦ
3553 3946 3790 4000 ἀνέτεινε

2216 4039 2278 4093 τὸ
2299 4039 2475 4110 στόμα
2500 4036 2942 4108 ἀθυρογλωττῶν,
2961 4039 3039 4099 εἰς
3065 4037 3157 4090 τὸν
3173 4038 3368 4090 ἑαυτοῦ
3400 4039 3603 4110 Κύριον
3631 4038 3792 4109 βλασ-

2219 4133 2420 4200 φημεῖν
2462 4129 2536 4199 μὴ
2599 4128 3013 4198 αἰσχυνόμενος,
3059 4128 3146 4181 ἵνα
3179 4130 3272 4181 καὶ
3315 4130 3379 4181 ὲκ
3419 4128 3528 4182 τῶν
3562 4128 3792 4200 καρπῶν

2218 4223 2316 4292 τῆς
2338 4219 2502 4274 αὑτοῦ
2529 4219 2823 4282 ἀκολασίας
2851 4219 2943 4272 καὶ
2971 4219 3297 4289 ὑδαρότητος
3325 4219 3376 4272 οἱ
3405 4219 3616 4272 συνετοὶ
3645 4219 3792 4272 δοκι-

2225 4313 2493 4383 μάσαντες
2535 4309 2608 4380 μὴ
2637 4309 2937 4380 δρέψωνται
2965 4311 3071 4363 τῶν
3095 4310 3272 4364 αὐτῶν
3299 4309 3549 4382 καρπῶν.
3578 4311 3651 4364 Οὑ
3684 4310 3794 4382 γὰρ

2152 4419 2196 4474 D
2223 4404 2441 4458 δύναται
2463 4402 2520 4468 ἐξ
2544 4400 2793 4455 ἀκανθῶν
2830 4403 3069 4472 σταφυλὴ
3095 4402 3419 4473 τρυγᾶσθαι,
3455 4403 3542 4457 ἵνα
3562 4403 3655 4456 καὶ
3685 4402 3795 4456 ἀπὸ

2223 4495 2324 4565 τῆς
2343 4495 2827 4557 κακοδιδασκαλίας
2849 4498 2881 4567 ἡ
2914 4496 3176 4566 σεμνότης
3196 4495 3406 4566 ὀφθείη.
3447 4493 3607 4548 um
3625 4494 3793 4548 ταῦτα

2229 4587 2326 4657 μὲν
2376 4588 2502 4659 περὶ
2531 4587 2622 4640 τὸν
2665 4587 2834 4659 ἄνδρα
2859 4587 3116 4656 γεγονότα
3147 4586 3462 4656 ἀκηκόαμεν
3519 4587 3616 4639 καὶ
3654 4603 3795 4656 συμ-

2224 4679 2529 4750 ϐεϐηκότα”
2563 4677 2650 4732 διὰ
2683 4679 2738 4731 δὲ
2771 4679 2876 4732 τῶν
2899 4678 3071 4746 λόγων
3099 4677 3261 4731 αὑτοῦ
3285 4677 3550 4731 ἀκόλουθα
3581 4680 3658 4741 είς
3689 4695 3794 4748 μα-

2223 4769 2339 4821 νίαν
2367 4767 2579 4839 ἄρσεως
2611 4769 2754 4823 κατά
2782 4768 2875 4821 τοῦ
2905 4769 3108 4840 Κυρίου
3135 4767 3513 4838 τολμηθείσης,
3539 4768 3612 4831 ὼς
3636 4767 3793 4838 ἔφην,

2224 4860 2392 4914 πολλὰ
2419 4861 2514 4930 μὲν
2554 4860 2719 4925 ἔστιν,
2765 4861 2918 4929 ὀλίγα
2953 4861 3010 4913 δὲ
3041 4859 3148 4912 ἀπὸ
3175 4859 3282 4912 τῶν
3320 4859 3579 4912 πλειόνων
3613 4876 3793 4931 παρα-

2222 4951 2478 5022 θήσομαι.
2511 4952 2654 5022 Πρὸς
2683 4953 2820 5006 αὐτὰ
2848 4954 2904 5006 δὲ
2937 4953 2972 5006 ἃ
2995 4953 3023 5004 ό
3056 4951 3258 5021 Κύριος
3288 4952 3470 5005 δίδωσι
3495 4952 3630 5022 πρὸς
3661 4953 3793 5006 ἀνα-

2222 5043 2446 5114 τροπὴν,
2476 5044 2569 5097 καὶ
2600 5044 2753 5097 αὐτοὶ
2796 5044 3041 5115 λέξομεν.
3093 5044 3204 5097 Καὶ
3239 5043 3382 5096 ἔστιν
3413 5046 3446 5113 ἡ
3482 5042 3670 5096 τούτου
3697 5041 3791 5096 τοῦ

2235 5134 2510 5204 Ἀνομοίου
2557 5134 2655 5203 τῆς
2698 5135 2932 5198 πίστεως
2979 5135 3290 5206 ὲρεσχελία,
3337 5134 3432 5201 καὶ
3471 5134 3577 5187 τῶν
3622 5133 3793 5201 λόγων

2222 5222 2558 5292 άπεικασμοὶ
2583 5217 2750 5288 οῦτοι,
2787 5225 2851 5277 ὲκ
2875 5222 3106 5294 Γραφῶν
3137 5223 3236 5294 μὲν
3259 5223 3561 5294 λεγόμενοι,
3585 5222 3682 5292 οὑχ
3704 5219 3797 5273 οὖ-

2219 5330 2328 5376 τως
2355 5313 2574 5396 δὲκατά
2599 5315 2690 5368 τὸν
2717 5314 2840 5367 νοῦν
2867 5313 3101 5385 ἔχοντες,
3135 5314 3271 5368 ἀλλά
3297 5314 3470 5377 ἄλλως
3506 5312 3605 5383 τὴν
3637 5311 3796 5365 Euva-

2232 5419 2322 5472 μιν
2351 5402 2587 5472 ἔχοντες,
2619 5406 2712 5459 ἀπ’
2739 5405 2902 5460 αὑτοῦ
2930 5407 2987 5460 δὲ
3023 5404 3197 5471 οὕτως
3229 5405 3650 5478 λαμϐανόμενοι.

548 5501 806 5564 habeant,
840 5499 908 5554 ab
943 5500 1032 5553 illo
1072 5509 1252 5554 tamen
1290 5497 1623 5553 contrariam
1651 5495 1719 5551 ad
1753 5503 1989 5551 mentem
2014 5496 2463 5566 detorqueantur.

613 5649 824 5708 ‘Joan.
849 5667 980 5715 xvu,
1012 5652 1044 5706 ’ὀ

1012 5652 1063 5706 ’5.
1141 5653 1161 5683 ³
1196 5651 1382 5705 Matth.
1419 5666 1514 5715 vn,
1549 5649 1614 5704 15
1669 5648 1755 5705 16.
1834 5649 1854 5680 ³
1880 5646 1944 5705 F.
1974 5648 2212 5714 ἁλόντες⁴
