4134 6386
431 324 534 381 525

1142 323 1513 381 ADVERSUS
1551 324 1896 383 IUERESES
1934 324 2060 380 LIB.
2103 326 2195 381 ΙΙΙ.
2237 326 2401 383 ΤΟΜ.
2444 327 2484 383 l.
2524 359 2592 370 —
2631 329 2907 385 IUERES.
2946 328 3179 385 LXXVI.

3608 331 3714 388 52b

500 437 590 509 ς’.
624 440 826 495 Φάσκει
860 441 917 494 δὲ
948 442 1110 507 εὐθὺς
1141 445 1199 496 ὲν
1232 446 1398 518 ἀρχῇ,
1431 447 1513 499 ὄτι
1554 465 1574 497 ι
1604 448 1677 501 Οὐ
1708 447 1928 502 δύναται
1957 448 2002 502 τί

2197 447 2283 504 Vl.
2318 447 2458 520 Ergo
2495 451 2566 505 ita
2601 451 2783 505 statim
2824 451 2980 505 initio
3016 451 3258 521 disputat
3289 468 3300 503 :
3344 467 3364 501 ι
3402 447 3521 505 Non
3552 466 3713 521 posse

426 533 722 604 ἀγέννητον
756 534 940 605 ὅμοιον
979 531 1119 591 εἶναι
1151 536 1229 609 τῷ
1274 539 1554 610 γεννητῷο
1602 542 1697 594 καὶ
1738 542 1847 614 γὰρ
1878 542 2018 596 κατὰ

426 626 485 676 τὸ
507 624 679 695 ὄνομα
707 624 1012 681 διαλλάττει
1030 645 1045 659 ο
1084 629 1147 683 τὸ
1177 630 1275 702 μὲν
1297 632 1407 703 γάρ
1434 634 1582 686 ἐστιν
1612 635 1923 705 ἀγέννητον,
1957 635 2018 688 τὸ

423 717 481 770 δὲ
508 720 788 790 γεννητόν.
818 740 838 774 ι
883 723 957 775 Τὸ
988 722 1045 777 δὲ
1078 724 1189 778 πᾶν
1224 726 1373 778 ἐστιν
1406 725 1636 796 ἠλίθιον,
1688 728 1782 781 καὶ
1807 730 1887 791 εἰς
1914 746 2019 799 μα-

430 811 542 865 νίαν
570 812 779 885 τρέψαν
817 814 909 869 τὸν
941 815 1130 888 ἄνδρα.
1187 816 1251 871 Εἰ
1278 818 1387 889 γὰρ
1420 819 1728 891 ζητήσομεν
1756 820 1833 891 τῷ
1860 822 2017 890 ἀγεν-

424 904 575 975 vim)
611 907 934 979 γεννήτορα,
990 909 1077 961 ἴνα
1134 909 1207 980 μὴ
1251 908 1350 980 τὴν
1403 912 1532 982 περὶ
1577 911 1814 983 Χριστοῦ
1855 911 2015 977 δόξαν

421 994 601 1065 ἀληθῆ
639 995 1016 1069 ἀπολέσωμεν,
1040 999 1398 1071 εὑρεθήσεται
1424 1001 1608 1054 οὐκέτι
1640 998 1718 1065 εἷς
1750 1005 1777 1056 6
1803 1003 2010 1074 Πατὴρ,

417 1087 543 1140 οὐδὲ
571 1088 763 1161 Πατὴρ
789 1090 1020 1163 πατρὸς,
1040 1090 1175 1145 ἀλλὰ
1195 1092 1414 1165 ἄπειροι
1440 1097 1487 1147 οἱ
1512 1094 1746 1165 πατέρες
1762 1096 2015 1166 πατέρων

418 1176 767 1251 ζητούμενοι,
800 1181 897 1235 καὶ
929 1182 1119 1237 οὐκέτι
1147 1178 1231 1251 εἷς
1267 1185 1401 1249 Θεός
1430 1187 1577 1238 ἐστιν
1614 1187 1643 1237 6
1675 1184 1751 1240 ὣν
1783 1187 1888 1252 ἀεὶ,
1920 1188 2013 1241 καὶ

419 1270 529 1339 πρὸ
578 1272 744 1326 αὑτοῦ
787 1272 955 1343 μηδὲν
997 1274 1274 1346 ἐσχηκὼς,
1320 1277 1416 1331 καὶ
1455 1277 1542 1330 ἀεὶ
1586 1277 1867 1341 διατελῶν,
1918 1279 2013 1332 καὶ

421 1368 622 1433 μένων·
647 1365 706 1431 ἐξ
731 1360 792 1421 οῦ
830 1369 859 1421 6
886 1369 1185 1441 μονογενὴς
1217 1370 1475 1441 ἀληθινὸς
1513 1371 1634 1435 Υἱὸς
1666 1372 2008 1445 γεγέννηται,

415 1457 515 1510 καὶ
558 1456 695 1521 ἔστι,
744 1459 840 1513 καὶ
866 1459 929 1512 τὸ
956 1459 1111 1529 ἆγιον
1134 1460 1303 1515 αὑτοῦ
1330 1462 1557 1531 Πνεῦμα
1581 1461 1643 1528 ἐξ
1665 1462 1830 1516 αὐτοῦ
1853 1482 1864 1492 ·
1895 1464 2008 1518 ἀλλ’

415 1548 634 1604 ἔσονται
682 1551 734 1604 οι
782 1551 1106 1624 ζητούμενοι
1158 1552 1345 1607 ’πολλοὶ⁹
1389 1553 1533 1619 θεοὶ,
1578 1556 1674 1609 καὶ
1724 1556 1906 1611 λοιπὸν
1942 1557 2010 1610 τὰ

409 1642 597 1696 πάντα
624 1643 808 1715 ἀπάτη
839 1644 1014 1711 ἔσται,
1050 1647 1145 1700 καὶ
1174 1647 1275 1700 οὐκ
1312 1648 1561 1718 ἀλήθεια.
1602 1651 1695 1703 Δεῖ
1721 1650 1776 1703 δὲ
1807 1652 1901 1704 καὶ
1933 1651 2009 1715 ὡς

413 1734 592 1802 ἔστιν,
626 1736 724 1792 ἕνα
770 1738 969 1792 εἰδέναι
1017 1738 1172 1805 Θεὸν,
1216 1741 1440 1810 Πατέρα
1484 1742 1578 1795 τοῦ
1614 1744 1819 1815 Κυρίου
1853 1746 2010 1816 ἡμῶν

2122 540 2285 609 geniti
2321 541 2499 597 simile
2540 557 2661 596 esse
2694 542 2838 611 quod
2876 558 2983 597 non
3032 548 3118 597 est
3164 541 3428 612 genitum,
3462 555 3586 595 cum
3630 548 3709 593 vel

2121 631 2482 700 appellatione
2515 632 2632 702 ipsa
2670 633 2991 700 dissideant,
3020 647 3085 686 eo
3113 630 3257 701 quod
3288 646 3458 686 unum
3501 632 3714 702 ingcni-
3742 632 3769 670 ν

2121 729 2237 775 tum
2293 732 2396 787 est,
2450 724 2679 778 alterum
2734 726 2995 795 genitum.
3048 745 3066 777 ι
3104 726 3305 780 Verum
3355 733 3529 781 totum
3579 725 3712 779 illud

2120 829 2252 867 sane
2280 830 2442 883 quam
2482 815 2723 885 ineptum
2770 824 2876 879 est,
2909 816 3072 887 idque
3110 817 3288 886 ipsum
3323 817 3599 870 hominem
3644 816 3712 869 ad

2120 903 2387 958 insaniant
2420 908 2705 977 compulit.
2756 905 2890 961 Nam
2935 909 2979 963 si
3031 908 3080 962 ei
3118 908 3261 977 quod
3294 908 3595 976 ingenitum
3629 916 3713 962 est

2116 998 2415 1066 genitorem
2439 1014 2770 1068 quaeramus,
2820 1008 2879 1053 ut
2908 1016 2975 1055 ne
3016 1016 3197 1055 veram
3232 1001 3298 1056 de
3338 1000 3561 1055 Christo
3592 1000 3712 1069 opi-

2116 1088 2335 1142 nionem
2392 1091 2740 1158 amiltamus,
2795 1106 2903 1146 non
2965 1107 3130 1146 unum
3205 1094 3440 1163 amplius
3492 1091 3710 1145 Patrem

2114 1195 2237 1236 esse
2264 1183 2621 1251 reperiemus,
2663 1199 2841 1254 neque
2881 1186 3053 1254 patris
3084 1183 3335 1252 Patrem;
3384 1184 3478 1241 sed
3513 1181 3711 1238 infiniti

2114 1288 2343 1328 numero
2373 1282 2589 1344 patrum
2619 1284 2803 1346 patres
2830 1280 3133 1343 exsistent;
3166 1294 3230 1332 ac
3270 1294 3379 1333 non
3424 1279 3537 1347 jam
3567 1293 3711 1332 unus

2114 1363 2259 1420 Deus
2292 1366 2416 1429 erit,
2461 1369 2555 1438 qui
2599 1385 2814 1441 semper
2863 1370 2983 1437 fuit,
3033 1373 3237 1441 quique
3268 1371 3419 1441 prius
3460 1387 3520 1427 se
3569 1370 3709 1425 nihil

2113 1445 2305 1502 habuit
2358 1466 2423 1503 ac
2455 1460 2716 1524 perpetuo
2755 1463 2977 1508 manet:
3012 1471 3041 1508 a
3069 1471 3178 1526 quo
3208 1457 3404 1512 unicus
3433 1472 3711 1526 verasque

2111 1537 2286 1596 Filius
2317 1542 2535 1613 genitus
2585 1555 2687 1609 cst,
2742 1553 2795 1601 et
2842 1548 3079 1611 exsistit,
3132 1548 3200 1603 ab
3237 1551 3540 1619 eodemque
3578 1563 3709 1618 pro-

2111 1630 2310 1689 ductus
2358 1643 2442 1689 est
2498 1650 2719 1692 sanctus
2769 1640 2943 1710 ipsius
2993 1640 3268 1712 Spiritus;
3310 1641 3406 1697 sed
3437 1642 3528 1711 qui
3557 1656 3710 1712 qua:-

2110 1733 2304 1780 reutur
2354 1729 2664 1798 complures
2709 1742 2871 1787 erunt
2905 1732 2982 1788 dii
3020 1752 3030 1788 :
3076 1736 3261 1805 itaque
3312 1736 3379 1790 ad
3433 1735 3708 1788 fallaciam

427 1826 606 1899 Ἰησοῦ
639 1829 901 1902 Χριστοῦ,
955 1830 1015 1897 ἐξ
1038 1826 1099 1887 οὗ
1138 1803 1232 1887 καὶ
1265 1832 1327 1886 τὸ
1358 1803 1584 1905 Πνεῦμα
1625 1835 1689 1889 τὸ
1705 1803 2002 1905 ’ἅγιον-,ἀπὶ

2116 1819 2430 1875 relabentur
2457 1823 2661 1885 omnia,
2687 1831 2741 1878 et
2774 1839 2805 1878 a
2838 1825 3065 1881 veritate
3098 1827 3316 1896 penitus
3346 1827 3706 1882 aberrabunt.

412 1922 629 1995 Πατρὸς
656 1923 1121 1995 ἐκπορευόμενον,
1157 1923 1367 1978 καὶτοῦ
1400 1924 1533 1978 Υἱοῦ
1568 1925 1864 1996 λαμϐάνον.
1903 1929 2012 1981 Καὶ

412 2010 555 2084 αὕτη
578 2012 725 2066 ἐστὶν
747 2014 781 2084 ἡ
809 2012 911 2084 μία
939 2013 1149 2085 θεότης,
1178 2006 1258 2076 εἷς
1279 2013 1432 2078 Θεὸς,
1458 2009 1539 2078 εἷς
1578 2015 1802 2087 Κύριος,
1823 2017 2009 2090 Πατὴρ

410 2103 510 2157 καὶ
538 2104 667 2168 Υἱὸς
699 2105 793 2158 καὶ
824 2104 980 2174 ἅγιον
1010 2104 1239 2176 Πνεῦμα
1263 2123 1275 2135 ·
1333 2106 1392 2158 οῦ
1427 2105 1723 2178 συναλοιφή
1763 2125 1847 2171 τις
1875 2107 1949 2160 ὢν
1982 2111 2010 2161 6

411 2192 545 2258 Υἱὸς
576 2194 653 2265 τῷ
680 2195 877 2266 Πατρὶ,
904 2194 1028 2248 οὐδὲ
1064 2195 1126 2248 τὸ
1156 2194 1317 2263 ἅγιον
1347 2196 1593 2264 Πνεῦμα,
1628 2197 1744 2251 ἀλλ’
1769 2201 1796 2252 6
1820 2200 2008 2272 Πατὴρ

411 2288 639 2361 Πατὴρ,
684 2289 782 2343 καὶ
820 2291 849 2342 6
890 2289 1020 2353 Υἱὸς
1054 2289 1211 2354 Υἱὸς,
1255 2289 1350 2343 καὶ
1388 2289 1545 2356 ἅγιον
1580 2291 1805 2362 Πνεῦμα
1853 2293 2007 2362 ἅγιον

410 2379 638 2451 Πνεῦμα
656 2397 669 2410 ·
698 2380 826 2451 τρία
845 2381 1047 2444 τέλεια,
1069 2380 1165 2451 μία
1184 2380 1396 2450 Θεὸτης,
1413 2374 1492 2444 εἷς
1507 2379 1663 2446 Θεὸς,
1683 2378 1760 2446 εἷς
1780 2383 2003 2456 Κύριος,

406 2472 485 2536 ὡς
510 2474 606 2526 κα)⁸
630 2472 894 2538 πολλάκις
925 2474 985 2528 ὲν
1016 2473 1220 2535 πάσαις
1260 2472 1539 2543 αἱρέσεσιν
1567 2473 1711 2527 οὕτω
1744 2476 1843 2547 τὴν
1876 2478 2004 2548 περὶ

406 2564 544 2618 Θεοῦ
594 2563 959 2636 ἀπεδώκαμεν
1008 2563 1336 2634 δοξολογίαν.
1413 2564 1625 2619 Οὐκοῦν
1681 2567 1868 2638 ἐπειδὴ
1922 2565 2004 2633 εἷς

408 2658 531 2710 ἐστι
564 2657 720 2723 Θεὸς,
765 2659 861 2712 καὶ
907 2658 1008 2711 οὐκ
1042 2657 1121 2710 ἔνι
1166 2656 1457 2709 ὑπολαϐεῖν
1499 2658 1686 2729 ἕτερον
1721 2660 1872 2730 παρὰ
1909 2661 2002 2713 τὸν

404 2748 556 2812 ὅντα,
591 2750 923 2821 θαυμαστῶς
970 2750 1066 2803 καὶ
1100 2749 1393 2819 ἀγέννητός
1434 2752 1580 2801 ἐστιν
1616 2751 1645 2803 6
1682 2752 1873 2822 Πατὴρ
1907 2753 2000 2805 καὶ

403 2841 683 2906 ἀκτιστος,
730 2842 826 2896 καὶ
860 2843 889 2894 6
948 2841 1245 2913 μονογενὴς
1279 2842 1407 2904 Υἱὸς
1440 2840 1536 2894 τοῦ
1564 2841 1701 2895 Θεοῦ
1741 2843 1797 2909 ἐξ
1832 2845 1998 2898 αὐτοῦ

402 2932 689 3005 γεννηθεὶς
713 2934 813 2987 οὐκ
832 2932 1086 3005 ἀνόμοιος
1106 2933 1256 3005 αὑτῷ
1275 2931 1416 2986 κατὰ
1441 2932 1619 2987 πάντα
1644 2935 1843 3005 τρόπον
1864 2953 1966 3005 τυγ
1986 2968 1998 2979 -

402 3028 579 3096 χάνει,
615 3027 753 3081 ἀλλὰ
784 3028 979 3082 ταυτὸν
1018 3026 1099 3099 τῷ
1124 3028 1301 3099 Πατρὶ
1346 3028 1440 3081 καὶ
1483 3028 1596 3093 ἴσος
1643 3030 1785 3083 κατὰ
1819 3032 1997 3084 πᾶσαν

403 3116 586 3184 ἀξίαν,
616 3119 718 3173 κᾶν
739 3136 799 3172 τε
825 3120 854 3172 6
876 3118 976 3189 μὲν
994 3118 1340 3190 γεγέννηται,
1370 3122 1398 3173 6
1417 3120 1473 3173 δὲ
1503 3120 1801 3191 ἀγέννητός
1826 3123 1993 3176 ἐστιν.
2026 3154 2068 3210 C

401 3211 470 3266 El
501 3212 598 3282 μὲν
623 3211 732 3284 γὰρ
757 3212 893 3275 ὅλως
921 3212 1251 3283 γεγέννηκεν
1274 3212 1335 3275 ἐξ
1380 3212 1548 3267 αὑτοῦ
1577 3212 1667 3265 τὸν
1699 3214 1844 3275 Υἱὸν,
1874 3213 2001 3268 ἁδύ-

401 3319 561 3357 νατον
592 3304 665 3375 μὴ
696 3300 834 3358 εἶναι
857 3305 970 3358 ἴσον
993 3304 1071 3376 τῷ
1101 3305 1279 3375 Πατρὶ
1300 3306 1397 3358 καὶ
1424 3306 1633 3375 ὅμοιον.
1668 3306 1782 3358 Πᾶν
1809 3306 1917 3377 γὰρ
1943 3308 2002 3361 τὸ

402 3395 610 3465 γεννῶν
660 3399 846 3468 ὅμοιον
901 3396 1080 3468 ἑαυτῷ
1117 3398 1283 3468 γεννᾷ
1306 3413 1318 3427 ·
1374 3398 1469 3451 καὶ
1500 3398 1560 3451 οὺ
1605 3399 1765 3469 μόνον
1794 3399 1999 3469 ὅμοιον,

401 3487 519 3542 ἀλλ’
551 3488 665 3542 ἴσον
692 3491 758 3559 τῇ
792 3488 1104 3559 ταυτότητι.
1167 3488 1490 3557 Ἀνθρωπος
1525 3490 1624 3559 μὲν
1652 3488 1762 3561 γὰρ
1791 3489 2001 3562 ἀνορω-

403 3596 507 3631 πον
536 3580 723 3648 γεννᾷ,
751 3579 845 3631 καὶ
873 3577 1007 3640 Θεὸς
1037 3577 1189 3631 Θεόν.
1235 3578 1344 3631 Kal
1382 3580 1411 3631 6
1452 3579 1550 3646 μὲν
1575 3577 1685 3649 γὰρ
1719 3577 2001 3650 ἄνθρωπος

403 3668 471 3720 ἐκ
492 3666 761 3737 σωμάτων
784 3666 1126 3737 συμπλοκῆς,
1163 3668 1192 3719 6
1219 3668 1276 3720 δὲ
1301 3666 1434 3729 Θεὸς
1466 3666 1872 3739 ἁνεκδιηγήτως
1904 3669 2000 3739 μό-

402 3774 496 3820 νος
544 3757 823 3827 Μονογενῆ
864 3755 1186 3825 γεγέννηκε,
1226 3756 1321 3809 καὶ
1360 3756 1421 3809 οὑ
1464 3756 1609 3809 κατά
1641 3774 1763 3810 τινα
1816 3758 1996 3828 ῥῆσιν,

400 3848 526 3901 οὐδὲ
578 3846 863 3916 συστολὴν,
906 3846 1028 3899 οὐδὲ
1051 3845 1387 3915 πλατυσμόν.
1426 3844 1589 3897 Ἀλλὰ
1611 3844 1827 3914 πνεῦμα
1866 3844 1939 3896 ὢν
1970 3846 1998 3896 6

402 3936 598 4009 Πατὴρ
627 3936 687 4003 ἐξ
714 3934 879 3989 αὑτοῦ
902 3935 1157 4006 ἁνάρχως
1182 3933 1278 3986 καὶ
1303 3932 1548 4003 ἁχρόνως
1580 3930 1669 3984 τὸν
1691 3931 1815 3985 Υἰὸν
1846 3931 1997 4000 ὲγέν-

401 4046 587 4100 νησεν,
618 4032 803 4099 ὅμοιον
848 4026 997 4096 αὐτῷ
1027 4026 1169 4079 κατὰ
1210 4026 1408 4087 πάντα,
1439 4024 1534 4077 καὶ
1576 4023 1709 4087 ἴσον,
1745 4023 1821 4087 ὡς
1847 4024 1997 4091 λέγει

399 4125 464 4178 τὸ
506 4124 654 4190 ἆγιον
708 4122 1078 4190 Εὑαγγέλιον,
1128 4121 1209 4172 ὅτι
1264 4117 1545 4185 Ἐζήτουν
1614 4116 1801 4171 αὑτὸν
1848 4119 1996 4172 ἀπο-

400 4215 623 4270 κτεῖναι
660 4218 714 4269 ol
758 4213 1065 4268 Ἰουδαῖοι·
1098 4212 1188 4265 ὅτι
1232 4213 1305 4265 οὐ
1340 4212 1533 4280 μόνον
1565 4210 1710 4264 ἔλυε
1742 4210 1810 4263 τὸ
1842 4210 1994 4264 Σιλϐ-

400 4311 604 4370 ϐατον,
624 4308 759 4363 ἀλλ’
785 4308 873 4360 ὅτι
903 4306 1001 4360 καὶ
1022 4306 1158 4359 my
1179 4303 1327 4359 Θεοῦ
1347 4303 1565 4357 ἑαυτὸν
1589 4303 1819 4372 ἔλεγεν,
1855 4303 1996 4356 ἴσον

398 4401 621 4455 ἑαυτὸν
654 4398 843 4453 ποιῶν
871 4396 952 4463 τῷ
987 4395 1128 4462 Θεῷ.
1164 4395 1289 4459 Πῶς
1318 4394 1427 4466 γὰρ
1458 4395 1555 4465 οὐχ
1580 4395 1764 4464 ὅμοιος
1793 4392 1868 4464 τῷ
1889 4396 1995 4447 Πα-

2116 1911 2480 1993 Quamobrem
2519 1932 2660 1972 unus
2706 1917 2886 1981 nobis,
2927 1926 2987 1973 ut
3030 1935 3217 1975 revera
3259 1927 3364 1983 cst,
3398 1920 3707 1991 intelligen-

2113 2005 2219 2061 dus
2264 2014 2347 2062 est
2382 2007 2543 2074 Deus,
2594 2007 2755 2065 Pater
2792 2011 3006 2066 Domini
3048 2012 3222 2068 nostri
3269 2012 3400 2069 Jesu
3434 2013 3636 2070 Christi
3665 2015 3707 2078 ¹,

2111 2112 2177 2149 ex
2211 2112 2317 2167 quo
2350 2096 2589 2169 Spiritus
2628 2113 2852 2159 sanctus
2881 2112 2985 2169 est,
3011 2105 3104 2175 qui
3137 2121 3167 2159 a
3208 2104 3369 2162 Patre
3414 2107 3663 2177 procedit
3684 2108 3707 2139 '

2110 2195 2168 2242 et
2196 2202 2224 2241 a
2264 2187 2402 2243 Filio
2452 2193 2651 2262 accipit
2685 2193 2727 2249 ⁸.
2766 2193 2891 2250 Haec
2933 2205 3015 2250 est
3066 2211 3173 2250 una
3216 2197 3507 2263 divinitas,
3560 2215 3707 2254 unus

2111 2279 2274 2341 Deus.
2302 2298 2445 2337 unus
2491 2282 2779 2352 Dominus,
2817 2282 2998 2350 Pater,
3049 2294 3103 2341 et
3132 2285 3327 2351 Filius,
3358 2297 3411 2344 et
3464 2288 3706 2359 Spiritus

2109 2381 2355 2431 sanctus.
2412 2374 2471 2430 In
2495 2391 2606 2447 quo
2629 2377 2778 2432 nulla
2804 2386 2889 2435 est
2910 2377 3032 2434 Filii
3063 2393 3186 2435 cum
3210 2370 3372 2436 Patre
3397 2380 3706 2453 Spiritusve

2107 2466 2282 2519 sancti
2332 2466 2607 2533 confusio,
2651 2467 2747 2523 sed
2793 2476 2848 2524 et
2894 2468 3058 2526 Pater
3102 2469 3266 2526 Pater
3296 2481 3400 2537 est,
3444 2479 3497 2527 et
3528 2472 3706 2528 Filius

2105 2551 2296 2618 Filius.
2328 2565 2383 2611 et
2424 2558 2663 2629 Spiritus
2702 2568 2930 2617 sanctus
2988 2561 3225 2634 Spiritus
3266 2572 3493 2619 sanctus
3524 2581 3538 2618 :
3575 2579 3706 2636 per-

2106 2645 2245 2701 fccta
2293 2650 2417 2714 tria,
2461 2666 2567 2703 una
2618 2650 2899 2720 divinitas,
2946 2670 3089 2711 unus
3139 2653 3305 2721 Deus,
3338 2672 3483 2713 unus
3523 2656 3706 2713 Domi-

2104 2753 2229 2804 nus,
2258 2741 2715 2809 quemadmodum
2766 2760 2911 2815 szepe
2957 2745 3011 2800 in
3057 2745 3356 2802 hatresibus
3400 2748 3704 2807 refutandis

2101 2830 2345 2887 divinum
2384 2850 2587 2890 numen
2623 2836 3032 2905 przedicandum
3060 2840 3561 2911 celebrandumque
3597 2842 3704 2898 do—

2100 2923 2336 2979 cuimus.
2371 2924 2490 2991 Qua
2522 2942 2582 2981 re
2610 2943 2736 2982 cum
2771 2936 2825 2983 et
2860 2944 3002 2985 unus
3054 2928 3200 2987 Deus
3246 2932 3339 2996 sit,
3386 2948 3486 2988 nec
3532 2934 3703 2990 alium

2098 3023 2296 3084 praeter
2327 3017 2475 3072 hunc
2513 3020 2695 3073 animo
2735 3021 3354 3093 concipere‘possimus,
3390 3024 3702 3083 admirabili

2102 3114 2284 3162 tamen
2328 3109 2559 3174 ratione,
2609 3118 2663 3167 et
2711 3112 2984 3184 ingenitus
3018 3123 3182 3185 atque
3231 3116 3508 3173 increatus
3538 3116 3703 3177 Pater

2102 3205 2209 3264 est,
2235 3208 2290 3254 et
2319 3202 2517 3257 unicus
2553 3201 2644 3258 Dei
2675 3202 2843 3260 Filius
2879 3205 2949 3260 ab
2995 3205 3113 3275 ipso
3152 3206 3368 3276 genitus
3414 3210 3567 3265 nulla
3606 3226 3700 3265 ra-

2105 3291 2253 3345 tione
2282 3291 2566 3349 dissimilis
2606 3294 2753 3349 illius
2803 3302 2909 3357 est,
2958 3295 3052 3350 sed
3095 3294 3237 3350 idem
3262 3312 3385 3350 cum
3419 3296 3603 3365 Patre,
3640 3307 3698 3354 et

2103 3383 2297 3453 aequali
2332 3385 2388 3438 in
2435 3385 2689 3439 omnibus
2729 3384 2997 3456 dignitate
3031 3386 3296 3456 gaudens,
3340 3389 3558 3444 tametsi
3600 3405 3698 3461 ge-

2105 3475 2253 3527 nitus
2278 3474 2403 3539 iste,
2442 3475 2531 3531 ille
2563 3491 2691 3530 vero
2726 3478 2798 3532 sit
2828 3478 3126 3548 ingenitus.
3167 3480 3376 3533 Etenim
3415 3481 3461 3535 si
3490 3479 3694 3536 Filium

2103 3565 2328 3621 omnino
2352 3568 2559 3635 genuit,
2588 3568 2701 3623 fieri
2738 3584 2845 3624 non
2866 3578 3064 3640 potest,
3095 3579 3153 3625 ut
3188 3587 3298 3626 non
3332 3571 3481 3627 Patri
3507 3588 3696 3644 mqua-

2102 3656 2171 3711 lis
2205 3657 2275 3712 sit
2301 3673 2365 3712 ac
2400 3657 2616 3714 similis.
2647 3658 2923 3731 Quidquid
2955 3663 3103 3716 enim
3136 3662 3328 3733 gignit,
3373 3664 3552 3719 simile
3587 3654 3695 3719 sibi

2100 3750 2313 3821 gignit;
2372 3767 2554 3821 neque
2617 3753 2795 3809 simile
2865 3760 3114 3819 tantum,
3166 3754 3259 3811 sed
3328 3755 3471 3813 idem
3531 3764 3698 3828 atque

2100 3842 2309 3912 equale
2336 3858 2585 3913 prorsus.
2619 3843 2862 3916 Exempli
2898 3848 3069 3918 gratia
3106 3847 3381 3904 hominem
3418 3852 3584 3906 homo
3613 3851 3697 3921 qi-

2100 3934 2238 4005 guit,
2289 3942 2345 3989 et
2392 3934 2536 3991 Deus
2588 3935 2805 3991 Deum:
2844 3938 2934 3993 ille
2982 3940 3330 4009 copulatione
3372 3957 3689 4013 corporum,

2099 4025 2190 4081 hic
2224 4027 2595 4099 inexplicabili
2637 4030 2872 4095 quodam
2925 4032 3089 4086 modo
3141 4048 3283 4087 unus
3335 4034 3560 4088 unicum
3595 4034 3693 4090 Fi-

2099 4116 2229 4170 lium
2268 4118 2478 4187 genuit,
2527 4118 2646 4173 sine
2686 4120 2797 4173 ullo
2839 4119 3124 4190 profluvio,
3162 4123 3247 4177 vel
3290 4126 3694 4191 contractione,

2095 4208 2263 4279 919
2291 4210 2371 4265 vel
2400 4210 2737 4266 dilatatione.
2770 4211 2929 4266 Pater
2964 4214 3111 4268 enim
3159 4229 3283 4268 cum
3330 4217 3403 4270 sit
3437 4216 3692 4286 spiritus,

2097 4316 2165 4356 ex
2199 4302 2383 4373 seipso
2414 4304 2567 4358 nullo
2596 4305 2681 4359 vel
2721 4306 2897 4371 initio,
2929 4308 3014 4361 vel
3058 4314 3303 4378 tempore
3350 4308 3549 4365 Filium
3596 4326 3692 4381 ge-

2097 4396 2239 4462 nuit,
2271 4397 2375 4452 sibi
2420 4399 2473 4451 in
2519 4399 2776 4454 omnibus
2828 4400 3060 4455 similem
3110 4412 3163 4457 et
3205 4404 3491 4474 aequalem,
3526 4414 3585 4459 ut
3618 4421 3693 4461 ex

398 4489 493 4564 τρὶ
514 4489 609 4542 καὶ
636 4490 747 4551 ἶσος
771 4488 911 4542 κατὰ
941 4488 1139 4552 πάντα,
1177 4489 1205 4539 6
1234 4488 1290 4539 ἐν
1320 4484 1470 4555 αὐτῷ
1498 4485 1637 4555 ἔχων
1664 4484 1722 4537 τὸ
1744 4484 1862 4555 ζῇν,
1899 4484 1993 4537 καὶ

2105 4486 2376 4563 Evangelii
2429 4489 2756 4545 auctoritate
2798 4501 3060 4549 constat:
3104 4493 3441 4561 Quwrebant,
3486 4496 3688 4567 inquit,

396 4589 610 4656 λέγων·
654 4583 881 4650 Ὥσπερ
928 4584 961 4636 ὀ
1005 4580 1209 4649 Πατὴρ
1264 4579 1475 4649 ἐγείρει
1527 4577 1669 4643 τοὺς
1715 4576 1988 4646 νεκροὺς,

397 4682 550 4735 οὕτω
578 4675 682 4735 καὶ
707 4679 743 4731 ό
762 4675 897 4741 Υἱὸς
914 4675 1124 4745 ἐγείρει
1152 4672 1296 4739 τοὺς
1318 4672 1561 4741 νεκρούς
1587 4687 1605 4734 ;
1638 4670 1748 4724 Kal
1782 4670 1984 4739 λέγων⁸

410 4776 463 4825 '0
493 4767 766 4841 ἑωρακὼς
811 4766 918 4839 ἐμὲ
967 4766 1189 4837 ἑώρακε
1238 4766 1344 4818 τὸν
1368 4763 1632 4832 Πατέρα·
1667 4763 1728 4815 οῦ
1764 4762 1987 4816 δύναται

397 4867 786 4938 διηλλαγμένος
828 4855 996 4924 εἶναι,
1021 4863 1051 4914 6
1086 4858 1154 4912 δι’
1185 4857 1378 4912 ἑαυτοῦ
1409 4858 1499 4910 τὸν
1530 4856 1751 4927 Πατέρα
1786 4855 1987 4927 σημαί-

396 4976 535 5012 νων·
567 4960 663 5013 καὶ
686 4961 715 5012 6
751 4958 949 5027 λέγων,
990 4952 1073 5005 ὅτι
1117 4952 1182 5003 '0
1229 4949 1538 5019 γινώσκων
1566 4948 1671 5017 ἐμὲ
1707 4947 1987 5018 γινώσκει

393 5050 504 5102 τὸν
540 5047 773 5117 Πατέρα
797 5065 811 5078 ·
872 5050 989 5111 καὶ,
1048 5042 1115 5100 '0
1163 5039 1435 5109 ἑωρακὼς
1462 5038 1568 5109 ἐμὲ
1614 5039 1834 5107 ἑώρακε
1881 5040 1990 5093 τὸν

396 5139 649 5206 Πατέρα·
674 5141 749 5203 ὠς
776 5139 937 5193 αὐτοῦ
954 5140 1054 5193 οῦκ
1078 5133 1242 5193 ἄλλου
1261 5132 1427 5194 ὄντος
1444 5131 1595 5203 παρὰ
1626 5130 1718 5183 τὸν
1749 5132 1991 5203 Πατέρα,

396 5233 470 5296 ὡς
499 5236 592 5286 και
628 5236 656 5286 ὁ
690 5233 881 5304 Πατὴρ
916 5232 1009 5284 και
1051 5233 1081 5284 ὁ
1122 5230 1253 5294 Υἱὸς
1300 5223 1579 5294 σημαίνει.
1633 5222 1990 5291 Ποιήσωμεν

398 5324 711 5393 ἄνθρωπον
744 5326 872 5377 κατ’
904 5326 1110 5378 εἰκόνα
1138 5314 1460 5391 ἡμετέραν,
1486 5314 1584 5367 καὶ
1624 5314 1754 5367 καθ’
1775 5316 1987 5382 ὁμοίω-

397 5430 518 5469 σιν.
550 5416 613 5468 El
641 5415 741 5485 μὲν
764 5415 871 5487 γὰρ
898 5416 998 5468 οὐκ
1028 5410 1096 5486 ἦν
1122 5415 1150 5467 6
1172 5413 1299 5477 Υἱὸς
1321 5414 1511 5485 ὅμοιος
1537 5404 1621 5476 τῷ
1646 5406 1843 5477 Πατρὶν
1868 5405 1983 5470 πῶς

396 5506 580 5560 λοιπὸν
599 5507 627 5558 6
655 5505 751 5561 ἄνο
760 5523 937 5578 ρωπος
954 5509 1072 5559 κατ’
1097 5506 1279 5559 εἰκόνα
1324 5506 1417 5559 καὶ
1436 5496 1563 5557 καθ’
1584 5496 1842 5568 ὁμοίωσιν
1860 5496 1984 5565 ὲγέ-

397 5617 553 5664 νετο;
607 5600 682 5651 Οὑ
716 5598 823 5671 γὰρ
856 5594 1010 5653 εἶπεν
1053 5600 1082 5651 6
1128 5599 1350 5670 Πατήρ·
1399 5598 1729 5668 Ποιήσωμεν
1770 5587 1983 5660 ἄνθρω-

471 5718 489 5737 ⁹
520 5716 562 5770 ll
594 5716 721 5772 Cor.
758 5718 868 5787 1,3.

399 5789 422 5823 '
446 5789 578 5844 ibid.
615 5790 668 5843 7.

984 5721 1004 5749 ²
1036 5716 1193 5773 Joan.
1232 5734 1320 5783 xv,
1352 5716 1442 5771 26.

1558 5714 1759 5771 ηοω.
1794 5722 1884 5763 xvr
1906 5748 1920 5776 ,
1950 5706 2129 5777 ιι,ιδ.

2098 4578 2249 4633 illum
2274 4579 2564 4648 interﬁcere
2590 4580 2790 4645 Iudici,
2820 4588 2943 4654 quia
2971 4602 3073 4639 non
3105 4588 3260 4640 modo
3283 4587 3515 4642 solvebat
3546 4588 3692 4644 Sab-

2097 4669 2300 4733 batum,
2330 4671 2420 4726 sed
2446 4673 2604 4726 etiam
2632 4672 2835 4728 Filium
2866 4675 2963 4730 Dei
2993 4678 3223 4746 seipsum
3252 4680 3479 4747 dicebat,
3513 4700 3690 4753 aequa-

2102 4762 2205 4817 lem
2252 4780 2307 4818 se
2356 4765 2558 4834 faciens
2595 4765 2702 4821 Deo
2732 4770 2774 4821 ⁸.
2839 4768 2904 4822 Ει
2948 4786 3080 4825 vero
3135 4773 3410 4842 quomodo
3467 4790 3577 4829 non
3629 4776 3688 4831 in

2097 4852 2351 4907 omnibus
2382 4851 2530 4908 Patri
2559 4855 2757 4911 similis
2793 4864 2878 4914 est
2905 4868 2959 4915 et
2985 4862 3230 4931 aequalis,
3264 4864 3359 4933 qui
3397 4864 3452 4919 in
3493 4866 3679 4935 seipso

2094 4942 2264 4997 vitam
2318 4944 2481 5000 habet
2536 4955 2701 5017 atque
2758 4949 2834 5004 ita
2882 4952 3166 5022 loquitur:
3220 4955 3681 5021 Quemadmodum

2099 5032 2264 5087 Pater
2295 5037 2517 5092 suscitat
2558 5051 2814 5107 mortuos,
2860 5042 2937 5095 ita
2975 5053 3025 5097 et
3063 5042 3241 5099 Filius
3284 5048 3509 5101 suscitat
3545 5066 3689 5102 more

2104 5135 2220 5178 tuos
2254 5127 2316 5180 ’ἲ
2348 5127 2553 5185 Deinde
2580 5150 2592 5185 :
2624 5133 2730 5199 Qui
2772 5132 2911 5187 videt
2962 5151 3064 5200 me,
3105 5137 3240 5190 videt
3282 5148 3332 5191 et
3364 5137 3579 5194 Patrem
3613 5141 3635 5171 ⁸
3668 5158 3682 5196 :

2094 5233 2203 5273 non
2233 5228 2416 5288 potest
2460 5222 2507 5277 is
2561 5238 2685 5278 esse
2735 5224 3008 5291 diversus,
3036 5228 3127 5298 qui
3164 5244 3259 5295 per
3307 5245 3427 5286 sese
3472 5230 3681 5287 Patrem

2092 5314 2402 5384 significat;
2449 5324 2563 5372 tum
2612 5319 2704 5387 qui
2758 5319 2861 5374 ista
2910 5320 3087 5375 dicit:
3121 5322 3227 5387 Qui
3276 5327 3541 5394 cognoscit
3583 5343 3662 5381 mc

2089 5407 2356 5474 cognoscit
2398 5417 2447 5461 et
2492 5408 2787 5477 Patrem';
2829 5417 2885 5465 et
2926 5430 2939 5465 :
2976 5410 3082 5478 Qui
3129 5410 3265 5466 videt
3299 5430 3399 5481 me,
3453 5414 3589 5468 videt
3633 5433 3676 5468 ea

2095 5495 2310 5552 Patrem
2339 5514 2358 5552 :
2389 5507 2650 5571 tanquam
2699 5518 2811 5558 non
2852 5502 2994 5558 alius
3023 5505 3252 5575 ipsemet
3294 5520 3326 5559 a
3370 5506 3531 5562 fatre
3565 5508 3680 5576 sit;

2089 5588 2144 5644 id
2172 5590 2318 5659 quod
2348 5597 2460 5647 tam
2495 5592 2655 5650 Pater
2684 5611 2848 5667 quam
2887 5594 3058 5652 Filius
3098 5597 3303 5653 indicat
3333 5598 3417 5653 his
3448 5600 3632 5656 verbis
3662 5620 3677 5656 ι

2238 5710 2258 5742 ⁸
2293 5713 2451 5770 Joan.
2505 5730 2558 5782 v,
2622 5714 2707 5770 18.
2826 5716 2846 5747 ⁵
2877 5715 3013 5771 ibid.
3044 5715 3135 5770 2|.
3239 5716 3260 5747 '
3287 5713 3445 5773 Joan.
3480 5732 3595 5784 nv,
3623 5717 3682 5777 9.
