4134 6386
547 336 654 395 5‘27

1967 347 2025 403 S.
2071 349 2412 407 EPiPllANll

3730 344 3839 410 59.8

544 453 838 511 Faciamus
871 457 1132 512 hominem
1173 460 1248 512 ad
1278 460 1561 531 imaginem
1595 472 1836 517 nostram
1879 475 1927 518 et
1968 466 2036 518 ad
2069 468 2111 520 si

2215 517 2221 528 ,
2250 483 2352 520 πον
2385 466 2504 520 κατ’
2535 467 2719 522 εἰκόνα
2755 468 2917 540 ἐμὴν,
2953 467 2987 538 ἢ
3019 467 3141 522 κατ’
3174 467 3356 522 εἰκόνα
3392 467 3514 539 σὴν,
3547 467 3682 522 ἀλλὰ
3708 473 3837 527 κατ’

542 547 896 603 militudinem
931 550 972 604 ¹.
1010 550 1173 620 Atqui
1206 551 1310 606 nisi
1344 549 1517 605 Filius
1554 551 1699 608 Patri
1739 554 1936 609 similis
1965 564 2132 620 esset,

2240 560 2447 612 εἰκόνα
2472 558 2790 627 ἡμετέραν.
2809 560 2942 614 Ἀπὸ
2967 560 3025 612 δὲ
3039 559 3134 614 τοῦ
3153 562 3304 614 κατὰ
3323 560 3617 630 ἡμετέραν
3637 562 3837 633 λέγειν,

539 644 766 714 quinam
805 645 872 698 ad
912 646 1203 716 imaginem
1247 654 1302 701 et
1331 645 1744 702 similitudinem
1786 657 1930 705 esset
1969 651 2111 704 honu

2239 650 2302 701 τὸ
2339 649 2361 702 ῐ
2365 665 2456 704 σον
2478 649 2572 703 τοῦ
2597 651 2808 722 Ιίατρὸς
2829 654 2886 705 ὲν
2907 651 2983 722 τῷ
3012 651 3126 722 Υἱῷ
3150 651 3399 718 ἀπέδειξε
3418 653 3512 706 καὶ
3532 653 3593 706 τὸ
3623 655 3835 724 ὅμοιον·

543 735 754 790 factus?
783 732 900 788 Non
931 735 1076 788 enim
1106 733 1244 788 dixit
1279 733 1440 790 Pater
1477 753 1488 788 :
1534 733 1824 791 Faciamus
1853 735 2130 790 hominem

538 826 605 880 ad
647 826 933 898 imaginem
976 841 1173 889 meam,
1218 836 1312 880 aut
1369 827 1437 881 ad
1488 828 1779 898 imaginem
1831 837 2002 891 tuam,
2035 827 2130 883 sed

2234 743 2298 794 οὐ
2333 743 2515 813 μόνον,
2547 741 2682 796 ἀλλὰ
2717 743 2812 797 καὶ
2850 743 3044 798 ταυτὸν
3078 745 3138 797 ἐν
3171 744 3365 811 ἅπασι,
3395 745 3490 798 καὶ
3524 745 3598 816 μὴ
3627 747 3838 819 παρηλ-

2243 835 2535 906 λαγμένον.

535 919 606 973 ad
652 921 933 990 imaginem
984 930 1244 976 nostram.
1278 919 1460 975 Porro
1505 931 1744 976 nostram
1791 938 1917 978 cum
1968 924 2122 990 dicit,
2159 931 2527 999 aequalitatem
2577 929 2697 984 Filii
2758 945 2885 985 cum
2943 930 3107 986 Patre
3165 931 3692 1005 similitudinemque
3743 932 3837 988 de-

531 1014 732 1081 clarat;
766 1028 868 1067 nec
897 1029 1017 1068 eam
1068 1014 1269 1079 solum,
1302 1015 1399 1069 sed
1441 1013 1585 1069 idem
1635 1015 1816 1086 ipsum
1847 1017 1904 1070 in
1941 1018 2220 1089 onminus,
2260 1039 2362 1079 nec
2399 1024 2807 1094 discrepantem
2847 1039 2971 1080 esse
3011 1024 3302 1095 significat.

607 1108 713 1164 Vll.
750 1110 1035 1176 Quomodo
1066 1126 1199 1165 vero
1239 1127 1348 1165 non
1381 1111 1608 1181 aequalis
1643 1120 1738 1166 aut
1773 1113 1972 1170 similis
2005 1130 2128 1171 esse

530 1212 728 1275 potest,
761 1205 874 1276 qui,
905 1212 962 1260 ut
997 1205 1112 1276 jam
1157 1205 1294 1273 dixi,
1333 1209 1414 1262 sic
1443 1206 1688 1276 loquitur
1727 1228 1738 1262 :
1783 1205 1895 1278 Ego
1929 1209 1984 1262 in
2019 1208 2128 1264 Pa-

530 1309 628 1362 tre,
659 1308 708 1353 et
743 1297 908 1353 Pater
935 1300 988 1352 in
1021 1315 1100 1352 me
1128 1308 1206 1353 est
1243 1299 1298 1352 '.?
1323 1298 1490 1366 Quod
1523 1313 1634 1354 non
1669 1299 1832 1354 modo
1862 1299 1918 1354 in
1951 1299 2128 1356 Evan-

527 1391 672 1460 gelio
724 1391 840 1462 ipse
887 1391 1048 1455 dixit,
1082 1390 1180 1446 sed
1224 1400 1280 1445 et
1329 1390 1502 1447 Isaias
1549 1407 1618 1446 ex
1666 1391 1842 1445 sancti
1884 1390 2125 1461 Spiritus

527 1481 708 1538 aiIlatu
732 1483 1038 1538 vaticinans
1071 1482 1268 1537 Filium
1296 1483 1351 1537 in
1377 1481 1540 1538 Patre
1565 1497 1689 1538 esse
1717 1485 1994 1552 cognovit,
2025 1498 2125 1538 nec

526 1575 596 1630 ab
623 1575 814 1629 eodem
841 1574 1078 1628 alienum
1111 1584 1206 1629 aut
1238 1574 1518 1630 diversum
1547 1593 1559 1629 ε
1601 1573 1764 1644 idque
1793 1575 1940 1630 illius
1961 1575 2124 1628 verba

525 1667 930 1724 demonstrant'
950 1707 965 1721 .
994 1667 1127 1734 Qum
1158 1669 1252 1723 sic
1298 1669 1354 1723 iu
1375 1666 1605 1724 Hebraeo
1643 1677 1904 1738 concepta
1944 1675 2073 1722 sunt
2107 1685 2121 1722 :

2307 1121 2382 1175 Z'.
2420 1119 2544 1183 Πῶς
2573 1121 2630 1174 δὲ
2662 1120 2888 1174 δύναται
2924 1120 2999 1192 μὴ
3045 1114 3185 1174 εἶναι
3213 1120 3345 1186 ἴσος,
3375 1121 3470 1175 καὶ
3503 1120 3580 1192 μὴ
3622 1122 3830 1193 ὅμοιος,

2235 1209 2310 1273 ὼς
2345 1211 2439 1262 καὶ
2463 1209 2564 1281 ήδη
2593 1210 2764 1264 εἰπὼν
2782 1217 2800 1240 ⁸
2823 1251 2837 1276 ,
2870 1212 2900 1262 ὁ
2925 1210 3118 1279 λέγων,
3145 1213 3229 1266 ὅτι
3263 1209 3404 1281 Ἐγὼ
3430 1212 3500 1265 ἐν
3531 1209 3612 1276 τῷ
3625 1213 3830 1282 Πατρὶ,

2233 1303 2331 1356 καὶ
2378 1306 2413 1357 ό
2445 1303 2650 1372 Πατὴρ
2689 1305 2760 1357 ἐν
2789 1305 2922 1374 ἐμοί
2935 1321 2958 1371 ;
3006 1307 3084 1358 Οὐ
3126 1307 3287 1376 μόνον
3333 1306 3441 1376 γὰρ
3473 1305 3629 1369 αὐτὸς
3675 1306 3733 1361 ὲν
3753 1305 3832 1378 τῷ

2233 1394 2548 1465 Εὐαγγελίῳ
2577 1395 2726 1463 λέγει
2752 1397 2930 1464 τοῦτο,
2953 1397 3090 1451 ἀλλὰ
3115 1399 3210 1453 καὶ
3230 1397 3509 1468 Πνεύματι
3537 1397 3675 1468 ἁγίῳ
3696 1415 3830 1469 προ·

2234 1488 2487 1558 φητεύων
2531 1490 2759 1554 Ἡσαΐας
2789 1489 2932 1559 ἔγνω
2958 1491 3049 1544 τὸν
3080 1491 3209 1544 Υίὸν
3241 1493 3299 1545 ὲν
3326 1490 3406 1562 τῷ
3433 1493 3610 1562 Πατρὶ
3633 1491 3725 1544 καὶ
3754 1493 3829 1564 μὴ

2231 1579 2512 1652 ἀλλότριον
2541 1581 2635 1634 τοῦ
2670 1583 2907 1655 Πατρός,
2938 1584 3076 1656 μηδὲ
3109 1585 3587 1656 παρηλλαγμένον,
3621 1586 3697 1648 ὡς
3715 1586 3828 1656 ἔχει

2233 1670 2292 1723 τὸ
2321 1672 2507 1742 ῥητὸν,
2540 1671 2569 1725 ὃ
2594 1673 2800 1744 ταύτην
2825 1674 2938 1745 ἔχει
2964 1675 3061 1746 τὴν
3083 1674 3410 1728 ἀκολουθίαν
3433 1691 3448 1704 ·
3477 1675 3586 1728 ἀπὸ
3616 1675 3713 1744 μὲν
3731 1675 3828 1728 τοῦ

525 1760 770 1816 ΡΙιιΙιοοιι
824 1763 996 1825 sariu,
1051 1761 1300 1816 viaboton
1353 1761 1559 1828 sadiclt,
1603 1777 1780 1817 somer
1834 1761 2094 1814 emmunio

2246 1760 2536 1831 Ἐϐραῖκοῦ
2569 1761 2743 1824 οὕτως
2761 1762 2906 1832 (88)·
2944 1765 3138 1819 Φθόου
3173 1763 3448 1833 σααρεὶμ,
3489 1765 3827 1818 οὐϊαὸωτών

523 1853 900 1915 iesrosmooch,
952 1853 1129 1906 thesar
1161 1853 1335 1907 salem
1367 1851 1562 1917 salom,
1596 1852 1782 1906 chibac
1811 1851 1971 1904 batou
1991 1892 2005 1916 ,
2037 1850 2126 1904 be-

523 1946 613 1999 tub
665 1946 918 2000 baldonai
979 1945 1212 2012 addotlt,
1260 1945 1484 1998 'chibaia
1543 1943 1738 1999 adonai
1789 1943 2120 1998 sodalemim.

522 2045 653 2108 Quae
687 2041 767 2094 sic
797 2039 994 2110 Aquila
1024 2038 1207 2093 reddit
1236 2058 1249 2094 :
1283 2039 1494 2107 Aperite
1535 2049 1746 2107 portas,
1796 2038 2123 2109 ingrediatur

519 2152 645 2204 gens
660 2135 836 2203 justa,
886 2131 1185 2186 custodiens
1245 2133 1437 2201 ﬁdem,
1495 2131 1764 2200 opiﬁcium
1821 2133 2117 2200 ﬁrmatum,

519 2226 768 2280 custodia
795 2225 964 2294 pacis,
1004 2223 1253 2294 quoniam
1278 2223 1332 2276 in
1376 2224 1490 2291 ipso
1533 2222 1825 2292 conﬁdunt.
1858 2222 2120 2292 Conﬁdite

520 2319 750 2374 Domino
783 2319 1154 2380 in-sa'culum,
1180 2315 1431 2386 quoniam
1477 2317 1530 2369 in
1579 2313 1805 2369 Domino
1839 2315 2114 2381 Dominus,

518 2412 608 2482 qui
643 2409 874 2479 ﬁrmavit
902 2409 1117 2464 sa'cuia.
1153 2407 1510 2480 Septuaginta
1541 2423 1669 2461 vero
1703 2427 1716 2462 :
1752 2409 1965 2477 Aperite
1990 2425 2118 2478 por-

522 2517 628 2571 tas,
668 2503 1000 2575 ingrediatur
1039 2501 1346 2556 custodiens
1396 2502 1690 2564 veritatem,
1733 2512 1782 2556 et
1827 2502 2114 2572 apprehen-

518 2600 648 2652 dens
673 2599 966 2659 veritatem,
994 2605 1044 2649 et
1086 2595 1384 2649 custodiens
1427 2609 1631 2663 pacem,
1665 2594 1832 2664 920
1864 2597 2114 2666 quoniam

519 2693 574 2744 in
609 2701 656 2744 te
685 2698 1050 2761 speraverunt,
1094 2687 1334 2750 Domine,
1378 2703 1540 2752 usque
1573 2688 1627 2741 in
1657 2687 1933 2751 swculum,
1972 2687 2114 2742 Deus

518 2801 763 2854 magnus,
797 2793 1049 2838 celerans.
1085 2781 1210 2848 Quo
1254 2781 1307 2834 in
1359 2781 1480 2834 loco
1519 2779 1918 2834 animadvertat
1947 2779 2116 2834 lector

516 2878 658 2947 apud
696 2876 1070 2946 Septuaginta,
1106 2873 1392 2936 Dominus,
1432 2881 1508 2936 et,
1555 2888 1797 2941 magnus,
1845 2872 2112 2941 scriptum

515 2982 660 3033 esse,
695 2983 794 3039 pro
823 2983 886 3022 eo
913 2967 1056 3038 quod
1098 2974 1202 3028 est,
1243 2966 1299 3018 in
1335 2949 1784 3030 Domino.'Quam
1817 2963 1986 3018 multa
2017 2978 2111 3018 ca-

2229 1851 2433 1917 σαδὶὶι,
2469 1853 2680 1922 σωμὴρ
2709 1855 3060 1924 ἐμμουνείω,
3091 1856 3487 1925 ῑεσροσμοὼχ,
3512 1857 3697 1926 θεσὰρ
3717 1873 3826 1912 σα-

2233 1944 2367 2013 λὼμ
2415 1944 2650 2015 σαλὼμ,
2707 1947 2882 2015 χιϐὰκ
2925 1949 3190 2014 βατόου,
3246 1948 3476 2014 ,ϐετοὺϐ
3513 1949 3825 2014 ,βαλδωναι

2235 2037 2456 2100 ἀδδὼθ,
2502 2040 2703 2108 χιὸατα
2741 2039 2970 2094 ἀδωναῒ
3011 2041 3425 2112 σωδωλεμείμ·
3472 2043 3582 2095 ἀπὸ
3639 2041 3695 2095 δὲ
3727 2042 3824 2112 τῆς

2223 2129 2523 2200 ἑρμηνείας
2577 2129 2781 2186 Ἀκύλα
2824 2129 2999 2195 οὕτως
3025 2148 3038 2162 ·
3103 2131 3400 2196 Ἀνοίξατε
3439 2133 3660 2197 πύλας,
3694 2133 3822 2184 810'-

2221 2221 2440 2275 ελθέτω
2473 2222 2652 2289 ἔθνος
2674 2222 2930 2289 δίκαιον,
2968 2223 3276 2294 φυλάττον
3303 2226 3534 2284 πίστιν,
3567 2223 3822 2293 πλάσμα

2219 2315 2671 2384 ἐστηριγμένον,
2699 2318 2963 2386 pexam
2991 2317 3257 2386 εἰρήνης,
3289 2318 3378 2370 ὅτι
3411 2316 3504 2369 ἐπ’
3531 2315 3692 2382 αὐτῷ
3713 2333 3818 2369 πε-

2219 2407 2482 2462 ποίθασι.
2551 2410 2881 2464 Πεποίθατε
2917 2409 3018 2462 ἐπὶ
3053 2407 3132 2473 τῷ
3173 2410 3366 2476 Kvplqt
3403 2409 3513 2474 ἕως
3562 2407 3779 2474 αἰῶνος
3802 2425 3815 2437 ·

2222 2499 2255 2550 ὅ
2261 2517 2314 2552 τι
2339 2499 2410 2552 ἐν
2431 2498 2511 2565 ἰῷ
2531 2503 2726 2569 Κιιοίῳ
2741 2503 2957 2570 Κύριος
2979 2505 3010 2555 o'
3033 2500 3374 2568 στερεώσας
3395 2500 3538 2566 τοὺς
3559 2498 3782 2566 αίῶνας
3797 2513 3818 2534 ⁸

2219 2588 2369 2656 παρὰ
2385 2589 2441 2642 δὲ
2461 2593 2576 2653 τοῖς
2593 2591 2996 2662 Ἐϐδομήκοντα
3018 2589 3192 2656 οὕτως
3211 2608 3224 2622 ο
3274 2590 3569 2655 Ἀνοίξατε
3593 2591 3814 2656 πύλας,

2217 2679 2540 2736 εἰσελθέτω
2561 2680 2905 2750 φυλάσσων
2926 2683 3234 2748 ἀλήθειαν,
3257 2684 3352 2736 καὶ
3384 2682 3816 2751 ἀντιλαμϐανό-

2211 2787 2395 2838 μενος
2416 2772 2720 2840 ἀληθείας,
2777 2773 2875 2827 καὶ
2902 2773 3243 2843 φυλάσσων
3294 2774 3564 2843 εἰρήνην,
3593 2773 3683 2827 ὅτι
3713 2773 3812 2828 ἐπὶ

2214 2867 2316 2919 σοί
2363 2865 2670 2935 ἤλπισαν,
2705 2869 2906 2935 Κύριε,
2953 2867 3066 2932 ἓως
3104 2867 3210 2922 τοῦ
3253 2865 3490 2932 αἰῶνος,
3539 2868 3572 2920 ό
3608 2865 3752 2933 Θεὸς
3779 2869 3815 2921 ό

2209 2954 2418 3024 μέγας,
2443 2958 2476 3009 ό
2498 2955 2758 3022 αἰώνιος.
2799 2956 3234 3028 Παρατηρείσθω
3257 2956 3314 3009 δὲ
3344 2957 3372 3010 ὁ
3399 2955 3810 3026 ἀναγινώσκων,

516 3066 640 3117 dem
688 3061 756 3116 de
809 3076 868 3115 re
919 3067 1179 3130 praeterea
1227 3057 1335 3112 dici
1372 3057 1626 3127 possunt!
1681 3055 1787 3110 Sed
1821 3070 2012 3111 vereor
2043 3071 2111 3110 ne

2215 3049 2291 3111 ὼς
2325 3048 2472 3120 [ἀντὶ
2498 3048 2619 3120 τοῦ]
2654 3050 2892 3118 Κύριος,
2918 3051 3012 3103 καὶ
3038 3050 3116 3112 τὸ,
3159 3053 3192 3104 ὀ
3217 3049 3427 3120 μέγας,
3451 3051 3573 3104 ἀντὶ
3601 3050 3718 3114 τοῦ,
3745 3050 3815 3105 ἐν

517 3153 732 3223 longius
758 3150 1090 3223 disputando
1131 3149 1468 3221 progrediar.
1527 3148 1738 3220 Quippe
1789 3149 1973 3203 omnia
2019 3163 2105 3203 sa-

2215 3140 2425 3207 Κηρίῳ,
2446 3143 2620 3194 κεῖται
2645 3139 2798 3212 παρὰ
2825 3143 2938 3204 τοῖς
2954 3141 3376 3212 Ἐεδομήκοντα.
3402 3144 3515 3196 Καὶ
3533 3143 3673 3196 πόσα
3696 3145 3814 3196 ἐστὶ

515 3244 710 3300 crisin
744 3241 964 3298 Litteris
999 3241 1286 3312 perspicua
1337 3249 1486 3305 sunt,
1537 3239 1583 3295 si
1634 3240 1760 3310 quis
1793 3240 1879 3310 pia
1930 3248 2111 3293 mente

517 3335 584 3390 ad
617 3334 785 3391 divini
826 3333 977 3389 verbi
1018 3333 1386 3403 cognitionem
1427 3331 1752 3397 accesserit;
1785 3346 1962 3401 neque
1992 3331 2108 3384 dia-

517 3427 624 3482 holi
658 3426 895 3497 impulsu
921 3426 974 3480 in
1009 3425 1190 3494 seipso
1217 3432 1504 3495 concepto,
1537 3424 1593 3478 in
1615 3423 1938 3478 altissimam
1962 3437 2110 3478 mor-

519 3523 588 3576 tis
620 3520 931 3590 voraginem
967 3518 1300 3590 praecipitem
1338 3533 1462 3573 sese
1499 3517 1857 3572 commiserit.
1905 3514 2108 3582 Quem-

515 3612 809 3666 admodum
842 3609 1031 3667 infelix
1072 3611 1174 3665 iste
1206 3625 1330 3664 cum
1375 3608 1738 3663 sectatoribus
1777 3607 1894 3662 suis
1928 3607 2107 3662 facere

516 3703 782 3769 instituit;
833 3703 926 3774 qui
983 3717 1150 3772 supra
1205 3717 1417 3768 omnes,
1469 3708 1737 3772 quotquot
1782 3709 1908 3756 ante
1961 3700 2107 3770 ipsos

515 3797 896 3852 contumeliosi
948 3797 1004 3851 in
1055 3795 1222 3850 Deum
1260 3795 1486 3864 ejusque
1542 3793 1700 3848 tidem
1747 3793 2105 3857 exstiterunt,

515 3890 584 3958 ad
618 3888 1037 3959 oppugnandam
1073 3888 1356 3942 veritatem
1397 3885 1635 3956 aggressi
1685 3892 1836 3938 sunt.
1894 3882 2108 3938 Maneat

514 3976 680 4049 igitur
733 3977 1055 4033 dissimilem
1101 3973 1279 4030 Patris
1331 3990 1453 4029 esse
1499 3989 1608 4028 non
1663 3989 1822 4044 posse
1865 3971 2102 4032 Filium;

512 4083 690 4138 neque
732 4078 914 4122 tamen
959 4066 1012 4120 in
1052 4080 1118 4121 eo
1159 4062 1450 4118 admodum
1501 4062 1922 4133 acquiescimus.
1971 4060 2103 4115 Nam

511 4173 626 4214 non
671 4157 845 4213 solum
901 4157 1126 4220 similis,
1176 4153 1271 4210 sed
1321 4161 1376 4209 et
1423 4155 1650 4224 aequalis
1691 4161 1809 4217 est,
1856 4153 2106 4223 idemque

512 4250 821 4317 divinitate,
859 4250 1180 4316 aeternitate,
1214 4249 1438 4304 virtute.
1487 4246 1622 4301 Nam
1661 4248 1808 4302 illum
1846 4247 2106 4302 ταυτοού-

515 4359 630 4398 σιον
661 4358 769 4398 non
802 4342 1158 4412 appellamus,
1195 4341 1299 4396 hoc
1345 4348 1431 4395 est
1471 4338 1717 4394 eamdem
1772 4353 1896 4393 cum
1946 4339 2106 4394 Patre

2214 3229 2388 3303 [περὶ]
2412 3231 2602 3285 τούτου
2625 3231 2804 3300 λέγειν
2825 3233 2838 3285 !
2864 3233 3021 3286 Δέδια
3043 3232 3100 3285 δὲ
3124 3234 3322 3304 μήπως
3349 3235 3429 3299 είς
3450 3234 3616 3303 νδγκον
3644 3234 3812 3289 πολὺν

2214 3325 2426 3379 ἐλάσω⁵
2457 3326 2585 3398 περὶ
2614 3325 2821 3380 τούτων
2843 3326 2951 3380 τῶν
2973 3327 3148 3391 λόγων
3189 3328 3594 3399 πραγματείαν.
3625 3329 3809 3382 Πάντα

2210 3417 2319 3488 γὰρ
2349 3418 2494 3488 σαφῆ
2513 3418 2572 3470 ὲν
2599 3420 2666 3488 τῇ
2703 3417 2823 3488 Θείᾳ
2851 3418 3041 3489 Γραφῇ
3077 3420 3189 3480 τοῖς
3224 3417 3567 3488 βουλομένοις
3595 3419 3812 3473 εὐσεϐεῖ

2211 3512 2458 3585 λογισμῷ
2480 3513 2884 3584 προσέρχεσθαι
2913 3512 2989 3583 τῷ
3009 3513 3138 3583 θείῳ
3157 3513 3320 3581 λόγῳ.
3347 3513 3438 3566 καὶ
3461 3513 3534 3584 μὴ
3556 3509 3808 3585 διαὸολὴν

2209 3608 2527 3679 ὲνέργειαν⁸
2555 3608 2612 3659 ὲν
2645 3607 2858 3669 ἑαυτοῖς
2891 3607 3329 3676 ὲγκισσήσαντας
3362 3606 3589 3669 ἑαυτοὺς
3633 3623 3803 3660 κατα-

2213 3699 2464 3768 στρέφειν
2499 3699 2580 3760 είς
2627 3696 2697 3751 τὰ
2745 3697 2995 3768 βάραθρα
3034 3695 3129 3749 τοῦ
3165 3697 3399 3750 Θανάτου
3426 3712 3438 3724 ·
3483 3696 3558 3759 ὡς
3587 3688 3743 3760 οὗτος
3775 3697 3805 3750 ὁ

2209 3789 2460 3853 ἐλεεινὸς,
2489 3789 2584 3842 καὶ
2613 3791 2662 3842 οἱ
2699 3788 2848 3859 αὐτῷ
2878 3789 3191 3851 πεισθέντες
3225 3788 3501 3856 ἄνθρωποι
3536 3786 3677 3841 κατὰ
3705 3789 3803 3859 τῆς

2209 3879 2468 3952 ἀληθείας
2488 3881 2921 3950 ἐστρατεύσαντο
2945 3880 3085 3950 ὑπὲρ
3110 3881 3316 3942 πάντας
3335 3881 3462 3942 τοὺς
3484 3878 3590 3951 πρὸ
3620 3879 3800 3932 αὐτῶν

2208 3971 2500 4040 γεγονότας
2543 3971 2895 4042 βλασφήμους
2941 3973 3020 4034 είς
3059 3971 3212 4036 Θεὸν,
3245 3972 3338 4024 καὶ
3384 3972 3485 4043 τὴν
3513 3971 3676 4024 αὐτοῦ
3711 3971 3800 4024 πί-

2209 4081 2344 4118 στιν.
2392 4063 2500 4116 Kal
2541 4064 2623 4117 ὅτι
2668 4064 2766 4135 μὲν
2785 4065 2848 4117 οὐ
2892 4064 3115 4143 δύνατΟαι
3149 4065 3401 4134 ἀνόμοιος
3435 4060 3569 4117 εἶναι
3597 4065 3628 4116 ό
3672 4064 3797 4127 Υἱὸς

2206 4155 2283 4226 τῷ
2310 4157 2503 4226 Πατρὶ,
2526 4156 2639 4210 ἀλλ’
2661 4155 2779 4209 οὐδὲ
2804 4155 2962 4209 τοῦτο
2979 4158 2996 4186 ⁷
3030 4157 3433 4229 ἐπερειδόμενοι
3467 4157 3642 4210 ταῦτα
3663 4157 3795 4226 ἔφη-

2210 4265 2329 4317 μεν.
2360 4247 2516 4300 Ἔστι
2543 4248 2652 4320 γὰρ
2679 4248 2739 4300 οὐ
2774 4249 2932 4318 μόνον
2959 4249 3164 4317 ὅμοιος,
3207 4249 3344 4302 ἀλλὰ
3368 4250 3463 4303 καὶ
3503 4251 3634 4313 ἶσος,
3665 4267 3796 4304 ταυ-

2205 4339 2296 4393 τὸν
2340 4343 2406 4409 τῇ
2455 4340 2690 4411 θεότητι,
2746 4341 2944 4394 ταυτὸν
2983 4345 3048 4413 τῇ
3103 4342 3366 4413 atate-cm
3405 4344 3499 4396 καὶ
3541 4343 3791 4414 δυνάμει.

513 4436 915 4502 substantiam;
949 4451 1017 4490 ne
1050 4449 1153 4490 vox
1183 4434 1289 4489 ista
1324 4448 1354 4487 a
1383 4432 1658 4488 nonnullis
1700 4439 1962 4502 usurpata
1999 4429 2102 4485 Sa-

2215 4432 2317 4483 Καὶ
2355 4433 2414 4484 οὺ
2455 4430 2689 4502 λέγομεν
2733 4432 3102 4499 ταυτοούσιον,
3147 4433 3234 4486 ἵνα
3277 4433 3352 4503 μὴ
3400 4435 3432 4504 ἡ
3467 4431 3611 4497 λέξις
3643 4434 3793 4505 παρά

467 4583 474 4586 _
513 4525 804 4580 bellianum
841 4524 908 4578 ad
943 4523 1139 4594 dogma
1173 4525 1441 4578 trahatur.
1474 4519 1580 4576 Sed
1629 4521 1873 4576 eunulem
1901 4520 2100 4575 divini-

462 4677 466 4681 _
513 4625 645 4680 tate,
669 4623 723 4671 et
752 4615 1080 4679 substantia,
1112 4624 1166 4670 et
1196 4614 1404 4669 virtute
1442 4613 1824 4684 praedicamus,
1859 4611 2006 4666 Patri
2037 4627 2098 4666 ac

513 4707 740 4778 Spiritui
777 4715 968 4760 sancto
997 4706 1050 4759 in
1085 4705 1342 4759 omnibus
1371 4705 1654 4776 aequalem.
1687 4702 1869 4770 Quare
1907 4703 2100 4774 ὁμοσύ-

513 4814 646 4861 σιον,
705 4793 758 4850 id
792 4804 875 4850 est
917 4792 1440 4849 consubstantialem
1487 4807 1747 4847 vocamus
1797 4807 1863 4847 ex
1909 4806 2096 4846 sacro-

511 4897 715 4944 sancte
747 4886 867 4941 ﬁdei
899 4887 1238 4958 praescripto,
1275 4893 1335 4940 ut
1366 4884 1629 4956 particula
1663 4881 1796 4954 ὁμοῦ
1829 4882 2099 4953 perfectas

510 4997 633 5037 esse
677 4996 941 5052 personas
989 4979 1301 5050 signiticet:
1339 4979 1780 5056 quandoquidem
1827 4977 1999 5034 Filius
2030 4993 2097 5034 ex

509 5072 690 5137 Patre,
720 5072 996 5142 perfectus
1024 5086 1087 5125 ex
1118 5070 1397 5141 perfecto;
1429 5067 1703 5140 perlectus
1749 5068 1938 5125 itidem
1971 5066 2096 5141 Spi-

509 5166 649 5220 ritus
675 5173 900 5220 sanctus
925 5173 1029 5220 est.

582 5322 599 5352 ¹
624 5317 760 5374 Gen.
786 5338 824 5383 ι,
852 5320 942 5372 26.
1035 5323 1056 5352 ³
1084 5316 1244 5374 Joan.
1277 5335 1389 5385 xw,
1421 5319 1479 5374 9.
1571 5320 1593 5351 ³
1627 5318 1726 5374 lsa.
1766 5335 1915 5386 xxvr,
1942 5321 2067 5374 2-4.

507 5391 533 5445 Ι
552 5406 652 5464 ego
673 5390 1003 5461 διαϐολικήν.
1079 5391 1097 5420 ¹
1121 5388 1182 5444 F.
1209 5389 1401 5458 τούτῳ.

576 5546 692 5619 (88)
732 5545 877 5602 Ἀπὸ
914 5545 1032 5616 μὲν
1065 5545 1174 5600 τοῦ
1213 5546 1520 5615 Ἑϐραῖκοῦ
1569 5546 1779 5612 οὕτως.
1821 5545 2088 5602 Hebraice

469 5715 472 5718 ῃ
512 5642 587 5694 ita
629 5643 934 5712 concipitur
965 5658 979 5695 :
1015 5649 1182 5728 gmw
1212 5649 1370 5728 PH!
1421 5649 1494 5702 "ll
1528 5649 1652 5700 nan
1697 5650 1894 5705 mare?
1941 5649 2086 5701 ἫΠΣ)

507 5740 662 5816 ma
719 5744 797 5816 ’ρ
848 5737 907 5791 τι
961 5716 1297 5792 aheni-ha
1350 5741 1690 5814 man-pm
1744 5742 1844 5792 -ατ
1901 5742 2087 5792 eum

509 5807 722 5888 adn;
748 5807 857 5885 ἠυξ
893 5833 1012 5886 mm
1050 5833 1150 5886 nt:
1187 5831 1242 5884 ν)
1275 5834 1348 5892 'm
1385 5833 1477 5890 rm
1519 5807 1680 5888 rem:
1742 5825 1820 5881 Ex
1885 5825 2087 5899 quibus

2173 5320 2197 5352 δ
2223 5321 2348 5377 Cor.
2381 5319 2556 5381 εἶπον.

2205 4523 2611 4593 τισι’λεγομένη
2635 4522 2907 4594 Σαϐελλίῳ
2933 4526 3261 4596 ἁπεικασθῇ.
3313 4524 3518 4576 Ταυτὸν
3545 4523 3604 4577 δὲ
3637 4524 3791 4594 λέγο-

2205 4630 2306 4684 μεν
2334 4616 2399 4684 τῇ
2437 4613 2672 4686 θεότητι,
2711 4617 2804 4669 καὶ
2833 4619 2897 4686 τῇ
2930 4616 3109 4687 οὐσίᾳ,
3146 4621 3238 4670 καὶ
3269 4621 3336 4688 τῇ
3358 4617 3608 4688 δυνάμει,
3650 4620 3790 4673 κατά

2207 4706 2386 4759 πάντα
2415 4707 2529 4759 ἴσον
2555 4707 2636 4778 τῷ
2659 4709 2856 4781 Πατρὶ,
2889 4710 2982 4762 καὶ
3013 4708 3092 4779 τῷ
3121 4710 3261 4780 ἁγίῳ
3285 4710 3451 4763 αὑτοῦ
3487 4711 3784 4782 Πνεύματι.

2213 4798 2531 4867 Ὀμοούσιον
2552 4799 2608 4853 δέ
2633 4819 2835 4872 φαμεν,
2862 4803 2938 4864 ὡς
2960 4801 3073 4872 ἔχει
3098 4803 3130 4874 ἡ
3177 4803 3306 4870 ἁγία
3331 4804 3534 4867 πίστις,
3566 4805 3651 4857 ἵνα
3679 4805 3789 4859 ἀπὸ

2197 4888 2292 4942 τοῦ
2317 4889 2454 4961 ὁμοῦ
2501 4893 2689 4962 σαφῶς
2721 4894 2972 4965 σημανθῇ
3014 4895 3082 4948 τὰ
3126 4896 3326 4962 τέλεια,
3365 4898 3448 4951 ὅτι
3493 4901 3521 4952 ό
3567 4898 3693 4963 Υίὸς
3721 4899 3786 4952 ἐκ

2196 4980 2432 5054 Πατρὸς,
2479 4984 2684 5050 τέλειος
2713 4987 2777 5038 ὲκ
2805 4986 3033 5052 τελείου,
3079 4987 3284 5041 τέλειον
3328 4990 3388 5043 δὲ
3422 4991 3517 5045 καὶ
3542 4991 3602 5044 τὸ
3630 4991 3784 5062 ἅγιον

2195 5073 2440 5144 Πνεῦμα.

2657 5327 2678 5358 ⁸
2713 5325 2875 5382 Deest
2901 5327 2998 5381 τὴν
3026 5328 3178 5400 περί.
3291 5329 3313 5360 ⁸
3341 5327 3472 5401 Reg.
3509 5330 3602 5383 καὶ
3622 5329 3772 5397 ἐνέρ.

2196 5545 2464 5622 Hebraica
2491 5545 2678 5622 Graece
2700 5548 2905 5622 scripta
2931 5549 3252 5622 corrigenda
3292 5559 3442 5607 sunt.
3481 5549 3641 5622 Velut
3677 5564 3779 5622 pro

2193 5616 2537 5692 οὐῖαῆωτών,
2571 5616 3231 5692 ΔΙςξ-εηοιίοῖθῲνγιειρῖίῘΜυι
3286 5637 3383 5692 pro
3424 5621 3618 5692 βετούϐ
3668 5616 3772 5692 leg.

2197 5685 2354 5758 βετού
2378 5703 2389 5715 °
2429 5702 2528 5758 pro
2559 5685 2732 5742 ἀδδὼθ
2762 5737 2774 5754 ,
2822 5685 2964 5743 ἀδδὲ
2989 5691 3082 5745 ὡδ.
3118 5693 3252 5746 Item

2197 5709 2389 5758 ρετου-
2430 5709 2528 5757 pro
2559 5709 2732 5742 αοοωυ
2762 5737 2774 5754 ,
2822 5709 2945 5743 αοοε
2989 5709 3082 5745 ωο.
3118 5709 3252 5746 item
3325 5709 3383 5744 ru
3419 5709 3775 5764 σωοωλεμειμ

2197 5761 2297 5832 leg.
2349 5757 2714 5832 σῳρολεμείμ.
2770 5759 2826 5814 lu
2865 5759 3054 5816 Graeco
3086 5778 3236 5832 ivero
3277 5709 3484 5832 xquila:
3528 5778 3627 5831 pro
3670 5761 3775 5832 φύ-

2193 5828 2345 5894 λαξις
2370 5828 2627 5900 εἰρήνης,
2667 5830 2803 5886 forte
2843 5831 3193 5888 scribendum
3236 5828 3490 5902 φυλᾶξεις
3525 5828 3772 5906 ὲίρήνὴν.

3325 5708 3383 5744 ru
3419 5692 3776 5764 omowlspsip.
