4134 6386
410 446 518 510 529

1066 453 1435 510 ADVERSUS
1471 454 1817 512 ll.-ERESES
1856 455 1986 513 LIB.

2110 497 2118 513 .
2159 455 2324 514 TOM.
2366 460 2422 512 Ι,
2449 488 2520 499 --
2558 456 2830 514 ΠΕΒΕΒ.
2885 457 3152 514 LXXVL

3607 460 3716 518 530

479 571 564 627 H'.
609 571 746 626 Ἀπὸ
779 573 934 643 μιᾶς,
965 574 1060 626 καὶ
1101 573 1383 646 δευτέρας,
1439 575 1536 628 καὶ
1573 574 1767 647 τρίτης
1797 592 2007 647 μαρτυ-

2185 575 2323 632 VIII.
2354 577 2488 644 Quae
2513 592 2638 633 cum
2669 579 2743 632 ita
2767 577 2901 642 sint,
2931 578 3150 633 duobus
3173 577 3443 633 .tribtrsn-
3465 579 3715 635 testimo-

409 664 536 738 ρίας
563 659 712 719 οῦτοι
745 664 1187 737 φωραθήσονται.
1226 667 1288 719 Ei
1321 666 1428 738 γὰρ
1461 667 1599 731 ὅλως
1643 667 2007 738 ὁμολογεῖται,

413 758 508 813 ὑπ’
546 757 714 811 αὑτοῦ
747 756 1171 828 γεγεννημένος,
1213 758 1684 830 ὀμολογηθήσεται
1724 756 1866 814 εἶναι
1912 763 2010 815 ὲπ-

412 849 654 919 άναγκες
672 850 860 920 ὅμοιος
883 848 962 920 τῷ
983 850 1358 919 γεγεννηκότι.
1375 850 1544 920 Δῆλον
1569 851 1647 918 δὲ,
1669 853 1752 907 ὅτι
1777 856 1835 908 ἐν
1864 854 2010 926 λόγῳ

413 941 512 1012 μὲν
542 940 692 1009 λέγει
721 938 788 996 τὸ
812 940 1081 1011 γέννημα,
1109 941 1318 1010 κτίσμα
1343 942 1400 995 δὲ
1432 943 1622 1012 σαφῶς
1652 942 1766 1016 ἔχει
1799 962 1860 998 τε
1915 948 2010 1002 καὶ

408 1033 744 1086 πεπίστευκε
767 1047 781 1062 ’
811 1031 953 1086 κατὰ
981 1033 1142 1104 χάριν
1175 1032 1230 1087 δὲ
1256 1034 1542 1090 καλεῖσθαι
1568 1037 1732 1090 αὐτὸν
1759 1038 1907 1104 Υίὸν,
1934 1038 2010 1104 ὡς

409 1124 734 1195 ἐδοκίμασεν
766 1126 794 1178 ὁ
825 1123 1150 1195 ὀριγνώμων
1174 1126 1189 1156 ³
1229 1124 1339 1180 τῶν
1377 1128 1718 1200 ἐπουρανίων
1750 1131 1846 1184 καὶ
1909 1147 2008 1201 με·

413 1215 605 1286 ριστὴς
628 1213 738 1268 τῶν
761 1214 1088 1286 ἀδιαιρέτων
1137 1217 1232 1270 καὶ
1254 1217 1580 1289 γεωμέτρης
1608 1219 1710 1290 τῆς
1735 1219 2010 1294 ἡμετέρας

410 1309 492 1371 είς
514 1309 751 1380 Χριστὸν
781 1309 1080 1380 σωτηρίας.
1112 1309 1406 1363 Διαπίπτει
1432 1310 1488 1364 δὲ
1511 1313 1540 1365 ὁ
1567 1312 1786 1368 πάντων
1805 1314 2010 1368 τούτων

410 1401 590 1471 λόγος,
621 1401 728 1455 τῶν
754 1402 1072 1472 κτισμάτων
1095 1402 1258 1456 αὐτὸν
1280 1420 1553 1476 παρεισφε
1563 1406 1784 1476 ρόντων,
1812 1406 1890 1472 ὡς
1913 1407 2009 1462 καὶ¹

409 1497 438 1549 ὁ
459 1493 652 1548 τούτου
683 1497 953 1550 πεσεῖται.
982 1494 1138 1561 Λέξω
1163 1495 1275 1568 γὰρ
1303 1498 1443 1567 πρὸς
1471 1498 1636 1552 αὐτὸν
1661 1500 2003 1556 δικαιότατα·

407 1585 550 1656 Λέγε
574 1603 685 1657 μοι,
703 1579 748 1639 ὦ
767 1580 945 1651 οὗτος,
960 1586 1014 1640 τί
1030 1586 1095 1642 ἂν
1113 1587 1292 1658 λέγοις
1315 1589 1446 1662 περὶ
1467 1590 1561 1645 τοῦ
1580 1591 1710 1646 Υἱοῦ
1731 1592 1826 1648 τοῦ
1836 1593 1972 1648 Θεοῦ
1991 1611 2006 1662 ;

408 1679 615 1750 κτίσμα
637 1679 800 1733 αὐτὸν
823 1679 1055 1750 φάσκεις
1083 1681 1117 1752 ἢ
1151 1681 1313 1754 γέννη
1323 1699 1432 1752 μα;
1464 1683 1528 1738 Ei
1553 1684 1652 1756 μὲν
1673 1685 1782 1755 γὰρ
1804 1686 2010 1758 κτίσμα

407 1773 570 1828 αὑτὸν
601 1773 783 1844 λέγεις
812 1771 973 1844 εἶναι,
1004 1777 1202 1849 μηκέτι
1232 1777 1477 1844 πιθανῶς
1518 1781 1883 1854 παράκρυπτε
1910 1785 2008 1854 τὴν

405 1865 610 1938 λύμην,
651 1868 879 1940 ὀνόματι
921 1869 1172 1941 γέννημα
1209 1871 1372 1926 αὐτὸν
1421 1873 1605 1926 καλῶν
1639 1873 1733 1927 τοῦ
1765 1875 2001 1946 Πατρός.

2112 669 2224 724 niis
2259 671 2478 724 illorum
2519 669 2858 742 detegendus
2886 685 3042 726 error
3073 680 3179 727 est.
3203 667 3356 724 Nam
3393 670 3440 726 si
3470 671 3710 741 seruitum

2113 757 2182 813 ah
2213 759 2304 814 illo
2335 757 2547 814 Filium-
2576 760 2802 816 omnino
2846 757 3139 828 fateamur,
3163 760 3432 816 eumdem
3467 768 3522 816 et
3563 763 3708 832 geni-

2111 850 2218 905 tori
2251 849 2488 906 similem
2515 850 2835 906 necessario
2861 848 3175 906 fatebimur.
3205 848 3570 920 Perspicuum
3615 867 3717 906 au-

2110 950 2219 998 tem
2258 950 2364 1010 est,
2409 957 2534 998 cum
2572 942 2742 998 verbo
2793 951 2953 998 tenus
2997 943 3238 1014 genitura
3277 918 3402 999 esse
3435 941 3584 998 dicat
3623 918 3742 1000 Fi-i

2110 1032 2268 1101 lium,
2301 1033 2485 1104 reipsa
2534 1042 2846 1090 creaturam
2892 1033 3212 1089 eXistimare
3249 1048 3316 1088 ac
3346 1033 3607 1100 credere;
3638 1034 3712 1088 ita

2108 1139 2172 1186 ut
2200 1131 2318 1188 sola
2348 1129 2441 1186 Dei
2473 1131 2647 1202 gratia
2676 1129 2849 1187 Filius
2890 1130 3194 1200 appelletur
3221 1147 3234 1183 :
3265 1144 3388 1199 qua;
3415 1139 3503 1185 est
3539 1129 3708 1184 coale-

2107 1223 2276 1278 stium
2329 1221 2578 1278 linitoris-
2621 1222 2792 1290 illius,
2845 1232 2899 1277 et
2947 1235 3138 1276 eorum
3187 1237 3315 1292 qum
3371 1219 3540 1276 dividi
3598 1236 3710 1274 non

2109 1323 2343 1388 possunt
2385 1313 2667 1379 divisoris,
2715 1323 2769 1371 et
2815 1322 3023 1370 nostrae
3052 1330 3150 1385 per
3187 1314 3466 1372 Christum
3514 1315 3710 1370 salutis

2109 1409 2380 1464 mensoris
2423 1407 2652 1478 opinio..
2689 1404 2889 1462 Verum
2941 1409 3188 1463 omnium
3242 1407 3471 1462 istorum
3529 1407 3709 1462 oratio

2108 1500 2270 1558 facile
2311 1499 2589 1566 concidet,
2639 1500 2735 1570 qui
2775 1515 2874 1570 pro
2906 1509 3158 1556 creatura
3207 1499 3361 1552 illum
3413 1498 3573 1553 nobis
3606 1499 3708 1554 ob-

2111 1593 2362 1658 trudunt,
2396 1602 2560 1664 atque
2602 1593 2656 1648 in
2700 1592 2894 1663 primis
2922 1592 3160 1647 haeretici
3189 1591 3376 1661 hujus,
3409 1606 3574 1660 quem
3623 1591 3714 1646 his

2044 1681 2066 1708 ⁸
2107 1682 2291 1738 verbis
2321 1683 2519 1740 merito
2563 1681 2717 1739 aﬂ‘ari
2765 1696 2928 1753 posse
2981 1683 3113 1738 mihi
3160 1682 3382 1738 videor:
3419 1680 3516 1737 Dic
3549 1681 3710 1747 mihi,

2107 1791 2312 1847 quaeso,
2356 1777 2489 1849 quid
2563 1776 2633 1834 de
2694 1777 2834 1832 Filio
2887 1777 2984 1833 Dei
3039 1779 3245 1834 sentias
3292 1785 3712 1834 et'utrumnam

2109 1874 2418 1923 creaturam
2469 1883 2540 1922 an
2588 1868 2760 1924 fetum
2794 1869 2862 1924 ab
2895 1869 3087 1924 eodem
3135 1869 3382 1939 genitum
3417 1869 3704 1924 arbitrere.

407 1959 526 2013 Πᾶν
558 1959 669 2033 γὰρ
685 1961 747 2014 τὸ
778 1963 993 2016 κτιστὸν
1024 1964 1084 2017 οὐ
1111 1964 1401 2035 γεννητόν·
1441 1966 1534 2020 καὶ
1564 1969 1612 2020 εί
1634 1969 1912 2039 γεννητὸν,
1944 1969 2003 2022 ού

2110 1960 2242 2016 Nam
2287 1961 2336 2019 si
2383 1969 2696 2018 creaturam
2737 1976 2864 2018 esse
2901 1971 3137 2026 statuas,
3163 1960 3355 2017 desine
3385 1962 3538 2017 virus
3572 1961 3710 2016 illud

409 2051 652 2106 κτιστύν.
692 2053 893 2110 Ἐασον
924 2055 1106 2110 τοίνυν
1140 2057 1200 2110 τὸ
1242 2059 1384 2130 μήτε
1416 2057 1560 2130 λόγῳ
1594 2058 1775 2129 λέγειν
1814 2076 2007 2132 γεννη-

406 2141 518 2198 τόν.
565 2143 641 2197 Ού
676 2145 789 2218 γὰρ
825 2147 1026 2218 πρέπει
1065 2166 1148 2202 σοι
1183 2150 1320 2214 ὅλως
1365 2151 1470 2206 κᾶν
1516 2152 1596 2206 ἑνὶ
1631 2152 1775 2224 λόγῳ
1819 2153 2006 2225 φέρειν

406 2234 507 2305 τῆς
527 2235 785 2307 ἀληθείας
809 2238 878 2292 τὰ
903 2241 1126 2312 ῥήματα
1158 2243 1252 2296 ἐπὶ
1273 2241 1517 2314 χειλέων.
1565 2242 1726 2298 Ἀλλὰ
1759 2244 1883 2314 λέγε
1911 2261 2004 2299 σου

406 2326 468 2380 τὸ
489 2329 598 2382 πᾶν
622 2329 722 2401 τῆς
748 2329 1063 2402 ἐπιϐουλῆς,
1091 2333 1178 2387 ’ίνα
1207 2334 1468 2405 μάθωμεν
1493 2335 1578 2400 τίς
1607 2330 1677 2400 εἴ,
1703 2337 1798 2389 καὶ
1830 2335 2006 2400 οὓτως

408 2420 786 2493 ἀποφύγωμεν
826 2424 938 2476 ἀπὸ
981 2425 1082 2496 τῆς
1115 2426 1414 2497 ἐπιϐουλῆς
1457 2444 1576 2492 σου,
1621 2429 1866 2499 ἀγρευτὰ
1894 2428 2004 2482 τῶν

405 2510 614 2582 ψυχῶν,
641 2512 734 2566 καὶ
759 2513 1015 2568 ἐπίϐουλε
1055 2515 1166 2569 τῶν
1214 2533 1296 2568 σοι
1326 2517 1760 2589 πεποθημένωνί
1823 2519 2004 2589 Προσ-

404 2605 586 2666 κυνεῖς
606 2604 788 2658 τοίνυν
807 2605 898 2658 τὸν
918 2605 1047 2658 Υίὸν
1063 2606 1158 2659 τοῦ
1175 2606 1333 2669 Θεοῦ,
1357 2608 1390 2678 ἢ
1410 2607 1472 2661 οὐ
1496 2611 1820 2680 προσκυνεῖς
1835 2627 1852 2677 ;
1870 2609 2000 2676 Ναὶ,

413 2693 570 2764 φησὶ,
622 2695 918 2768 προσκυνῶ
963 2697 1148 2751 αὐτόν.
1202 2698 1334 2753 Θεὸν
1379 2702 1725 2770 προσκυνεῖς,
1776 2700 1810 2772 ἢ
1848 2700 2002 2771 οὐχί;

404 2784 531 2852 Ναὶ,
559 2787 716 2859 φησι,
739 2787 872 2841 Θεὸν
896 2790 1208 2859 προσκυνῶ.
1239 2790 1398 2853 Ποῖος
1419 2785 1514 2845 οῦν
1543 2791 1677 2855 ideo;
1701 2791 1856 2848 ἔσται
1891 2811 2007 2848 κτι-

407 2878 533 2942 στὸς
560 2879 712 2952 παρὰ
737 2881 820 2934 σοὶ
841 2881 1136 2952 λεγόμενος
1159 2883 1255 2935 καὶ
1281 2883 1789 2956 προσκυνούμενος;
1816 2887 1881 2940 Et
1907 2887 2004 2956 μὲν

404 2971 518 3041 γὰρ
544 2970 634 3026 τὸν
663 2972 758 3027 ἕνα
792 2973 1002 3027 ἔκτισεν
1040 2975 1070 3026 ὁ
1100 2975 1479 3046 προσκυνητδς
1516 2977 1670 3042 Θεὸς,
1697 2978 1791 3032 καὶ
1815 2977 2005 3032 τοῦτον

405 3063 666 3135 εὐδόκησε
703 3065 1148 3136 προσκυνεῖσθαι,
1192 3065 1262 3119 τὰ
1308 3066 1355 3119 δ’
1399 3066 1536 3122 ἄλλα
1569 3069 1750 3123 πάντα
1787 3070 1950 3134 αὐτὸς
1976 3073 2006 3124 ὁ

407 3154 600 3220 κτίσας
629 3155 690 3208 οὐ
721 3154 971 3225 βούλεται
998 3158 1444 3228 προσκυνεῖσθαι,
1475 3158 1612 3214 ἀλλὰ
1639 3161 1734 3214 καὶ
1762 3162 2003 3216 αἰτιᾶται

405 3247 533 3309 τοὺς
559 3245 1004 3317 προσκυνοῦντας
1033 3249 1131 3319 τὴν
1156 3247 1356 3312 κτίσιν,
1396 3249 1484 3304 διὰ
1509 3251 1676 3322 νόμου
1711 3251 1998 3306 διδάσκων·

410 3339 492 3391 Οὐ
517 3335 793 3405 ποιήσεις
814 3335 1050 3403 σεαυτῷ
1076 3337 1200 3394 πᾶν
1227 3339 1510 3410 ὁμοίωμα.
1534 3341 1630 3394 καὶ
1657 3340 2006 3412 προσκυνή-

405 3445 538 3496 σεις
565 3429 726 3496 αὐτῷ
742 3471 757 3497 ,
793 3429 947 3500 μήτε
962 3431 1036 3484 ἐν
1055 3431 1136 3497 τῷ
1157 3431 1414 3500 οὐρανῷ,
1434 3433 1590 3503 μήτε
1618 3435 1717 3488 ἐπὶ
1742 3432 1850 3504 τῆς
1871 3433 2006 3506 τῆς,

402 3517 553 3589 μήτε
575 3521 646 3574 ἐν
674 3520 802 3587 τοῖς
823 3521 1006 3575 ὕδασι
1029 3540 1042 3552 ·
1074 3522 1169 3576 καλ⁵
1197 3525 1224 3574 ὁ
1254 3523 1577 3588 Ἀπόστολός
1602 3541 1768 3596 φησιν
1789 3542 1802 3555 ·
1845 3524 2010 3580 Ἐλά-

407 3627 672 3681 τρευσαν
698 3612 772 3684 τῇ
805 3615 1000 3669 κτίσει
1035 3616 1195 3685 παρὰ
1230 3617 1338 3669 τόν
1365 3618 1682 3684 κτίσαντα,
1723 3618 1823 3672 καὶ
1862 3619 2008 3688 ἐμω-

404 3702 741 3773 ράνθησαν.

2109 2061 2264 2108 tuum
2299 2052 2496 2109 callida
2540 2053 2982 2110 dissimulatione
3013 2062 3214 2125 tegere,
3240 2061 3294 2109 et
3335 2068 3366 2107 a
3405 2052 3570 2109 Patre
3615 2065 3707 2125 ge-

2107 2147 2282 2202 nitum
2319 2146 2475 2202 illum
2503 2160 2640 2202 voce
2683 2155 2848 2202 tenus
2886 2147 3268 2217 pronuntiare.
3299 2145 3460 2216 921
3493 2143 3704 2200 Etenim

2105 2238 2374 2310 quidquid
2405 2246 2652 2295 creatum
2683 2248 2788 2304 est,
2837 2241 3082 2311 genitum
3108 2254 3233 2295 esse
3266 2254 3380 2294 non
3423 2246 3622 2309 potest,
3651 2248 3707 2293 et

2109 2333 2156 2389 si
2191 2333 2435 2406 genitum
2464 2341 2570 2397 est,
2593 2341 2844 2389 creatum
2874 2348 2984 2388 non
3013 2340 3118 2388 est.
3161 2329 3530 2398 Quamobrem
3560 2319 3708 2401 geni;

2107 2433 2224 2480 tum
2254 2425 2406 2480 illum
2439 2426 2608 2482 verbo
2628 2425 2916 2480 nominare
2949 2424 3162 2480 desine.
3199 2422 3319 2479 Non
3359 2425 3506 2480 enim
3549 2423 3709 2478 decet

2107 2529 2160 2574 te
2188 2519 2274 2574 vel
2301 2519 2422 2590 ipso
2447 2519 2978 2576 sermone~veritatis
2999 2532 3164 2574 voces
3193 2517 3526 2588 exprimere.
3561 2515 3707 2583 Quin

2106 2611 2292 2681 potius
2327 2611 2576 2668 fraudem
2615 2619 2767 2666 tuam
2801 2625 3020 2666 omnem
3068 2609 3334 2672 edissere,
3382 2616 3441 2662 ut
3486 2609 3582 2678 qui
3628 2608 3707 2663 sis

2107 2716 2438 2773 cognoscere
2483 2703 2784 2773 possimus,
2834 2717 2900 2758 ac
2949 2701 3284 2757 malitiosum
3329 2708 3484 2755 tuum
3531 2699 3703 2754 artifi-

2105 2793 2250 2849 cium
2299 2792 2575 2864 elfugere.
2624 2809 2659 2849 ο
2701 2801 2950 2863 captator
3006 2791 3354 2856 animarum,
3405 2805 3708 2860 eorumque

2107 2901 2246 2955 quos
2285 2885 2489 2956 diligis.
2518 2884 2784 2942 insidiose
2834 2891 3152 2954 corruptor.
3191 2883 3297 2938 Sed
3343 2882 3479 2937 illud
3517 2882 3617 2938 abs
3653 2889 3709 2937 te

2105 2993 2330 3048 quaero,
2364 2975 2566 3033 Filium
2611 2976 2705 3033 Dei
2738 2977 2957 3041 adores,
2996 2990 3191 3030 necne.
3254 2973 3460 3038 Adero,
3502 2973 3704 3043 inquit.

2106 3070 2239 3139 Age,
2270 3068 2440 3125 Deum
2464 3068 2764 3131 adoras,an
2797 3067 2947 3122 non?
2967 3065 3081 3136 Ego
3105 3081 3258 3128 vero,
3287 3064 3486 3133 inquit,
3510 3063 3698 3118 adoro.

2111 3158 2210 3216 Ubi
2238 3159 2406 3230 igitur
2435 3159 2527 3214 ille
2573 3155 2720 3213 Deus
2747 3163 2856 3218 est,
2887 3170 3048 3226 quem
3091 3165 3146 3208 tu
3190 3161 3435 3208 creatum
3467 3153 3706 3206 adoran-

2108 3248 2349 3320 dumque
2375 3247 2674 3320 pradicas?
2705 3245 2838 3300 Nam
2873 3247 2919 3302 si
2947 3260 3115 3300 unum
3143 3243 3410 3298 duntaxat
3440 3242 3707 3298 colendus

2109 3339 2431 3396 adoratione
2455 3337 2600 3395 Deus
2624 3353 2654 3392 ιι
2687 3353 2747 3394 se
2771 3345 3018 3392 creatum
3046 3335 3264 3390 adorari
3293 3335 3486 3402 voluit,
3508 3342 3702 3389 caetera

2108 3447 2240 3490 vero
2277 3433 2461 3488 omnia
2489 3432 2582 3487 ille
2613 3431 2752 3503 ipse,
2783 3431 2877 3501 qui
2907 3428 3173 3494 condidit,
3205 3427 3422 3483 adorari
3453 3435 3619 3494 vetat,
3651 3438 3707 3481 et

2105 3541 2202 3582 eos
2236 3526 2482 3590 damnat,
2515 3525 2610 3595 qui
2637 3535 2853 3580 creatas
2882 3539 2972 3577 res
3004 3521 3325 3576 adoratione
3352 3527 3704 3584 venerantur,

2106 3634 2233 3675 cum
2261 3619 2335 3674 ita
2365 3617 2672 3689 praescribit
2701 3635 2715 3670 :
2752 3613 2878 3670 Non
2907 3614 3071 3684 {acies
3118 3614 3212 3667 tibi
3246 3613 3416 3667 ullam
3455 3612 3708 3666 similitu-

2106 3711 2305 3775 dinem,
2353 3719 2405 3765 et
2448 3708 2700 3764 adorabis
2748 3724 2888 3770 eam,
2943 3722 3106 3778 neque
3151 3708 3207 3760 in
3264 3708 3412 3773 caelo,
3461 3721 3621 3768 neque
3655 3706 3708 3756 iu

410 3808 574 3863 terra,
601 3817 764 3871 neque
805 3802 858 3856 in
896 3803 1047 3873 aquis
1089 3801 1130 3857 ³.
1175 3800 1284 3856 Sed
1323 3810 1377 3858 et
1418 3803 1738 3874 Apostolus,
1793 3804 2120 3871 Servierunt,
2153 3808 2375 3875 inquit,
2426 3815 2689 3860 creaturae
2740 3804 2916 3873 potius
2947 3819 3107 3878 quam
3151 3801 3429 3865 Creatori,
3463 3811 3512 3854 et
3559 3799 3712 3854 stulti

407 3891 540 3961 [acti
566 3904 687 3947 sunt
709 3896 752 3948 ⁸.

482 3988 607 4053 Πῶς
655 3989 832 4044 τοίνυν
876 3992 1004 4063 περὶ
1038 3993 1258 4047 πάντων
1292 3993 1507 4049 κελεύει
1560 3995 1636 4067 μὴ
1673 4000 2001 4070 προσκυνεῖ-

411 4081 536 4135 σθαι
563 4099 577 4148 ;
609 4077 720 4154 ἆρα
759 4078 852 4136 οῦν
887 4085 1321 4156 προσωποληψία
1368 4089 1486 4141 ἐστὶ
1528 4089 1679 4160 παρὰ
1719 4090 1868 4162 Θεῷ;
1909 4091 2002 4163 Μὴ

409 4174 659 4243 γένοιτοί
708 4175 798 4229 Ἐν
844 4176 922 4248 τῷ
969 4176 1078 4249 γὰρ
1107 4178 1198 4232 τὸν
1235 4179 1331 4233 ἕνα
1367 4183 1790 4253 προσκυνεῖσθαι
1835 4185 2003 4250 ἔδειξε

412 4267 761 4320 παντάπασιν
797 4267 957 4323 ἄλλον
999 4270 1128 4323 ὄντα
1161 4271 1312 4343 παρὰ
1357 4273 1456 4344 τὴν
1489 4273 1666 4329 κτίσιν
1706 4277 1798 4330 τὸν
1838 4294 2006 4349 προσ-

412 4357 768 4430 κυνούμενον,
818 4362 912 4414 καὶ
952 4361 1121 4433 ἄλλην
1152 4363 1252 4432 τὴν
1307 4367 1794 4438 προσκυνουμένην
1833 4368 2010 4424 κτίσιν

420 4452 572 4525 παρὰ
610 4453 702 4507 τὸν
755 4456 1134 4527 προσκυνητὸν
1173 4455 1403 4529 Κύριον,
1447 4458 1576 4514 Υἱὺν
1624 4460 1718 4515 τοῦ
1759 4462 1897 4516 Θεοῦ
1945 4464 2012 4516 ὲκ

414 4542 635 4614 Πατρὸς
667 4543 1087 4614 γεγεννημένον.
1124 4545 1223 4600 Διὰ
1252 4547 1365 4618 γὰρ
1404 4546 1466 4600 τὸ
1511 4547 1571 4613 ἐξ
1615 4550 1781 4604 αὐτοῦ
1820 4568 2012 4620 γεγεν-

2177 3994 2378 4058 Quaero
2417 3987 2586 4058 igitur
2631 3999 2732 4040 cur
2780 3983 3002 4038 adorari
3042 3983 3226 4036 omnia
3258 3979 3351 4034 illa
3384 3977 3710 4049 prohibeat?
3751 4050 3755 4054 _

2109 4083 2250 4139 Num
2307 4081 2450 4136 Deus
2497 4091 2861 4150 personarum
2916 4074 3186 4128 rationem
3238 4070 3441 4124 habet?
3489 4067 3710 4123 Minime

2109 4193 2262 4235 vero.
2309 4175 2492 4242 Quare
2539 4173 2642 4227 hoc
2695 4171 2818 4242 ipso
2858 4169 3006 4240 quod
3053 4181 3197 4220 unus
3236 4161 3555 4218 adorandus
3587 4171 3706 4222 est,

2113 4271 2280 4325 alium
2315 4269 2464 4322 hunc
2492 4281 2520 4320 a
2561 4271 2882 4320 creatarum
2918 4275 3104 4315 rerum
3135 4256 3453 4312 conditione
3475 4269 3599 4310 esse
3630 4253 3707 4308 εἰο-

2111 4365 2356 4438 gniﬁcat,
2401 4370 2456 4419 et
2485 4370 2799 4416 creaturam
2829 4357 3111 4418 vicissim,
3156 4368 3279 4423 quae
3318 4349 3541 4405 adorari
3582 4363 3710 4418 pro-

2116 4460 2356 4522 hibetur,
2390 4457 2460 4513 ah
2489 4454 2771 4510 adorando
2821 4451 3055 4507 Domino
3097 4448 3305 4519 Deique
3354 4445 3520 4507 Filio,
3581 4450 3636 4498 et
3677 4457 3707 4495 ιι

2118 4551 2280 4605 Patre
2323 4549 2509 4619 genito
2541 4545 2840 4601 diversam.
2875 4541 3035 4608 Quod
3064 4539 3210 4596 enim
3240 4538 3308 4593 ab
3339 4535 3462 4608 ipso
3487 4534 3707 4606 genitus

415 4635 816 4706 νῆσθαιὸμοιον
857 4636 1145 4709 αὐτῷ,καὶ
1179 4640 1300 4693 κατ’
1331 4639 1495 4694 αὐτὸν
1530 4643 1688 4697 Υἱόνο
1727 4644 1817 4699 διὰ
1852 4645 2007 4700 τοῦτο

2118 4655 2203 4701 est
2227 4643 2348 4713 ejus
2377 4641 2572 4698 similis
2603 4637 2942 4711 aequalisque
2970 4633 3164 4696 Filius,
3201 4631 3324 4686 ideo
3351 4630 3421 4684 ab
3447 4627 3707 4684 omnibus

412 4723 522 4797 γὰρ
543 4726 638 4780 καὶ
676 4729 1054 4799 προσκυνητὸν
1084 4730 1236 4802 παρὰ
1257 4733 1391 4786 πᾶσι
1417 4748 1431 4762 ⁸
1465 4733 1535 4787 δι’
1574 4735 1742 4790 αὐτοῦ
1785 4737 2012 4810 ἐποίησε

392 4812 482 4871 ’τὰ
521 4817 719 4885 πάντα,
773 4819 868 4873 καὶ¹
921 4821 1092 4892 χωρὶς
1137 4822 1302 4878 αὐτοῦ
1356 4825 1578 4896 ἐγένετο
1624 4828 1745 4882 οὐδὲ
1783 4829 1860 4884 ἓν.
1921 4829 2011 4885 Ἐν

413 4910 565 4982 αὐτῷ
598 4911 731 4983 γὰρ,
774 4913 794 4943 ³
816 4911 896 4984 τῷ
929 4914 1072 4986 ἁγίῳ
1103 4914 1270 4970 αὐτοῦ
1315 4919 1597 4992 Πνεύματι
1630 4921 1710 4994 τῷ
1753 4920 1816 4988 ἐξ
1841 4922 2009 4978 αὐτοῦ

413 5004 822 5077 ὲκπορευθέντι,
855 5007 952 5060 καὶ
987 5007 1084 5061 τοῦ
1119 5009 1256 5064 Υίοῦ
1291 5011 1648 5082 λαμϐάνοντι,
1684 5016 1909 5086 ἐποίησε
1937 5017 2008 5072 τὰ

414 5098 596 5153 πάντα
655 5099 752 5154 καὶ
789 5099 1114 5171 ὲστερέωσε.
1165 5102 1251 5171 Τῷ
1298 5104 1410 5175 γὰρ
1479 5107 1640 5177 λόγῳ
1688 5109 1910 5177 Κυρίου
1956 5114 2012 5164 οἱ

415 5193 664 5262 οὐρανοί
717 5192 1210 5262 ἐστερεώθησαν,
1260 5197 1359 5251 καί
1421 5196 1503 5264 τῷ
1555 5200 1849 5269 πνεύματι
1900 5201 2009 5257 τοῦ

416 5285 717 5354 στόματος
739 5286 928 5340 αὐτοῦ
952 5285 1122 5342 πᾶσα
1142 5289 1180 5358 ἡ
1203 5287 1458 5359 δύναμις
1482 5290 1692 5346 αὑτοῦ.
1709 5292 1880 5347 Ὅταν
1901 5292 2010 5367 γὰρ

417 5372 549 5448 εἴπῃ
577 5376 606 5429 ὁ
644 5376 980 5449 Μονογενὴς,
1009 5377 1086 5442 ὡς
1119 5379 1234 5434 ἄνω
1265 5397 1356 5450 μοι
1383 5379 1602 5455 εἴρηται
1626 5400 1641 5416 ο
1671 5383 1799 5438 Ἵνα
1842 5385 2012 5454 γινώ-

417 5470 615 5524 σκωσί
639 5487 714 5525 σε
746 5471 854 5525 τὸν
883 5472 1074 5541 μόνον
1109 5472 1403 5542 ἀληθινὸν
1432 5476 1600 5540 Θεὸν,
1649 5476 1751 5531 καὶ
1783 5475 1856 5531 ὃν
1897 5479 2012 5533 ἁπ-

417 5561 698 5632 έστειλας
733 5565 971 5634 Ἰησοῦν
1013 5567 1274 5634 Χριστόν
1298 5585 1313 5599 ·
1355 5567 1634 5640 ἀφώρισεν
1683 5570 1875 5624 ἑαυτὸν
1903 5571 2014 5624 ἀπὸ

2121 4735 2438 4793 adorandus
2466 4741 2552 4790 est
2585 4751 2598 4786 ι
2635 4732 2741 4786 Per
2777 4730 2924 4783 hunc
2953 4724 3141 4782 omnia
3169 4723 3320 4786 fecit,
3350 4729 3406 4776 et
3440 4721 3560 4776 sine
3586 4719 3708 4790 ipso

2119 4832 2328 4886 factum
2385 4836 2470 4884 est
2501 4826 2701 4881 nihil'.
2756 4823 2814 4879 In
2868 4823 3010 4894 ipso.
3077 4819 3340 4889 inquam,
3395 4828 3607 4869 necnon
3655 4821 3709 4866 et

2119 4931 2310 4979 sancto
2349 4935 2452 4975 suo
2495 4918 2725 4989 Spiritu,
2757 4915 2852 4987 qui
2893 4930 2924 4968 a
2977 4930 3038 4969 se
3076 4909 3350 4982 procedit,
3380 4915 3435 4964 et
3463 4908 3534 4964 de
3567 4906 3708 4960 Filio

2119 5013 2342 5082 accipit,
2364 5009 2613 5066 condidit
2657 5023 2721 5062 ac
2781 5005 3022 5060 ﬁrmavit
3051 5003 3330 5057 universa.
3376 4998 3542 5054 Verbo
3569 4997 3709 5052 enim

2119 5109 2335 5164 Domini
2364 5107 2480 5161 cali
2511 5104 2713 5177 ﬁrmati
2737 5111 2882 5165 sunt,
2912 5110 2964 5155 et
2993 5099 3186 5169 spiritu
3228 5097 3338 5151 oris
3383 5095 3497 5164 ejus
3537 5094 3708 5149 omnis

2119 5206 2285 5258 uirtus
2311 5201 2550 5256 eorum“.
2575 5197 2711 5252 Nam
2736 5211 2860 5252 cum
2887 5194 3086 5250 unicus
3116 5191 3210 5246 Dei
3243 5189 3441 5250 Filius,
3485 5195 3544 5241 ut
3583 5192 3709 5241 ante

2117 5296 2325 5351 dictum
2355 5301 2471 5357 est,
2506 5293 2582 5346 ita
2625 5288 2870 5359 loquitur
2905 5307 2918 5342 :
2960 5283 3030 5339 Ut
3069 5290 3388 5355 cognoscant
3437 5288 3486 5332 te
3533 5277 3705 5340 solum

2119 5403 2297 5441 verum
2345 5385 2551 5449 Deum,
2587 5391 2635 5436 et
2659 5397 2812 5453 quem
2852 5377 3046 5432 misisti
3073 5375 3257 5430 Jesum
3303 5370 3636 5434 Christum',
3677 5383 3706 5420 τι

2119 5487 2429 5534 creatarum
2457 5492 2578 5534 sese
2603 5489 2786 5530 rerum
2817 5486 3049 5526 numero
3076 5465 3401 5539 segregavit.
3428 5463 3550 5529 Quo
3571 5460 3706 5515 illud

2120 5572 2284 5626 etiam
2313 5569 2560 5640 Apostoli
2590 5565 2830 5639 pertinet
2855 5580 2868 5616 :
2901 5560 3049 5617 Unus
3077 5560 3240 5622 Deus,
3270 5572 3335 5612 ea:
3367 5572 3470 5626 quo
3502 5554 3702 5618 omnia,

420 5654 521 5725 τῆς
573 5657 826 5720 κτίσεως.
873 5658 962 5720 Ὠς
1008 5657 1102 5711 καὶ
1157 5659 1186 5711 ὁ
1247 5659 1569 5724 Ἀπόστολος
1625 5662 1857 5731 φάσκει·
1903 5658 2006 5729 Εἷς

2113 5673 2163 5718 et
2199 5679 2292 5717 nos
2323 5677 2414 5730 per
2444 5662 2638 5729 ipsum.
2675 5667 2727 5711 et
2755 5671 2892 5710 unus
2940 5653 3204 5708 Dominus
3229 5649 3386 5704 lusus
3431 5646 3701 5706 Christus,

421 5747 588 5815 Θεὸς,
616 5749 687 5814 ἐξ
714 5745 786 5806 οὗ
832 5749 904 5805 τὰ
935 5749 1155 5814 πάντα,
1195 5752 1293 5806 καὶ
1327 5752 1502 5822 ἡμεῖς
1536 5753 1610 5806 δι’
1636 5755 1825 5811 αὐτοῦ
1851 5772 1864 5788 ⁸
1907 5755 2006 5809 καὶ

2111 5771 2202 5824 per
2238 5771 2389 5825 quem
2429 5752 2630 5814 omnia,
2658 5759 2707 5802 et
2734 5764 2826 5801 nos
2890 5759 2982 5813 per
3010 5744 3182 5813 ipsum
3197 5740 3242 5796 ⁸.
3273 5738 3508 5794 Videsne
3538 5749 3704 5806 quam

514 5867 532 5897 ¹
658 5868 800 5950 ὁριη
838 5937 861 5950 Ἰ
914 5871 934 5900 ²
967 5865 1025 5922 F.
1048 5869 1240 5950 καὶέν.
1353 5875 1372 5908 ³
1403 5873 1571 5933 Exod.
1601 5896 1691 5944 xx,
1727 5880 1775 5934 4.
1886 5880 1904 5909 ⁸
1934 5877 2007 5935 Re

2127 5894 2166 5946 ι,
2191 5878 2281 5933 25.
2393 5877 2413 5908 "
2447 5873 2604 5931 Joan.
2638 5889 2676 5940 ι,
2707 5871 2760 5925 3.
2870 5869 2890 5900 ‘
2920 5865 3066 5921 Psal.
3105 5880 3252 5919 nxu
3281 5903 3296 5930 ,
3329 5862 3382 5916 6.
3495 5860 3514 5891 ⁷
3541 5854 3704 5913 Joan.

424 5951 560 6006 svnt,
592 5938 644 5994 ’5.
694 5935 744 5972 ’⁸
779 5935 947 5994 lCer.
979 5955 1094 6006 vm,
1125 5939 1178 5996 θ.

2870 5869 2890 5900 ⁸
2920 5865 3066 5921 Psal.
3105 5880 3252 5919 sunt
3281 5903 3296 5930 ,
3329 5862 3382 5916 6.
