4134 6386
458 513 556 571 δζί

1883 508 1940 563 S.
1985 503 2326 561 EPIPHANII

3625 507 3733 565 552

459 632 666 688 uiserte
697 649 863 689 unum
901 631 1095 701 Deum,
1118 648 1181 688 ac
1213 632 1450 697 Patrem,
1479 640 1533 688 et
1557 647 1724 686 unum
1752 631 2045 685 Dominum

2165 627 2236 698 εἷς
2262 632 2476 700 Κύριος
2510 631 2740 700 Ἰησοῦς
2777 632 3054 702 Χριστὸς,
3079 631 3152 686 δι’
3176 629 3247 689 οὗ
3285 632 3360 687 τὰ
3387 632 3605 697 πάντα,
3632 632 3733 686 καί

461 725 533 782 ab
581 726 770 782 eodem
821 728 1064 799 genitum
1123 728 1496 799 expresserit?
1546 726 1732 798 Neque
1782 741 1911 784 vero
1968 725 2044 781 ita

460 817 628 884 dixit,
664 817 818 876 Unus
871 821 1046 884 Deus,
1093 820 1258 892 922
1299 831 1353 876 et
1416 837 1559 876 unus
1593 819 1859 876 Dominus
1917 835 2044 874 cum

460 909 739 970 omnibus,
769 925 890 980 qua:
917 910 986 964 ab
1024 910 1146 980 ipso
1183 910 1326 966 facta
1357 920 1486 966 sunt
1521 926 1534 976 ;
1573 909 1669 966 sed
1699 925 1837 963 units
1864 908 2046 964 Domi-

461 1018 561 1056 nus
585 1017 677 1070 per
706 1019 857 1072 quem
901 1005 1104 1058 omnia.
1140 1002 1297 1070 Quod
1352 1004 1395 1058 si
1433 1020 1574 1058 unus
1623 1001 1888 1059 Dominus
1928 1009 2047 1066 est,

459 1107 558 1162 per
585 1108 746 1160 quem
799 1090 940 1146 facta
975 1100 1104 1147 sunt
1133 1094 1342 1158 omnia,
1382 1093 1471 1148 ille
1505 1107 1648 1147 unus
1679 1106 1747 1146 ex
1792 1089 2051 1144 omnibus

457 1198 580 1238 esse
610 1197 722 1238 non
765 1192 967 1253 potest,
997 1184 1093 1240 sed
1119 1185 1365 1239 omnium
1404 1183 1680 1248 conditor,
1713 1191 2048 1245 creatarum,

457 1276 712 1345 inquam,
744 1290 928 1331 rerum
955 1277 1201 1332 omnium
1229 1277 1455 1334 eiiector
1482 1285 1589 1332 est.

424 1414 428 1421 .
532 1368 624 1426 IX.
665 1367 788 1426 Jam
818 1386 948 1425 vero
977 1371 1070 1442 qui
1102 1387 1132 1425 a
1161 1369 1324 1426 Patre
1364 1372 1582 1442 genitus
1626 1378 1680 1426 et
1713 1371 1783 1426 ab
1809 1385 1875 1426 eo
1928 1383 2053 1438 pro-

425 1503 432 1514 .
458 1460 668 1519 ductus
693 1471 779 1518 est
804 1459 1001 1528 Filius,
1036 1478 1131 1533 per
1165 1478 1328 1533 quem
1367 1462 1553 1517 omnia
1584 1461 1729 1517 facta
1764 1467 1917 1525 sunt,
1947 1459 2056 1514 dis-

428 1551 664 1609 .similis
707 1555 956 1610 omnium
1006 1563 1112 1620 est,
1167 1567 1225 1611 ut
1267 1557 1359 1627 qui
1394 1563 1612 1610 creator
1655 1555 1728 1610 sit
1757 1553 2002 1608 omnium
2037 1569 2050 1603 :

387 1705 392 1716 .
464 1643 916 1714 quandoquidem
952 1661 1096 1702 unus
1151 1653 1205 1701 et
1251 1663 1392 1702 unus
1433 1653 1518 1701 est
1564 1645 1709 1701 Deus
1757 1644 1935 1708 Pater,
1991 1659 2056 1698 ex

465 1751 568 1805 quo
619 1737 822 1802 omnia,
873 1747 927 1792 et
968 1736 1232 1794 Dominus
1277 1737 1462 1803 Jesus,
1511 1753 1604 1807 per
1652 1753 1804 1808 quem
1853 1737 2055 1799 omnia,

468 1826 607 1882 adeo
647 1835 708 1882 ut
757 1829 1012 1898 superior
1041 1828 1212 1883 dictio
1244 1829 1527 1884 vocabulis
1557 1829 1711 1884 hisce
1745 1828 2055 1898 copuletur,

467 1937 605 1975 unus
631 1927 686 1977 et
712 1937 872 1976 unus.
900 1919 1013 1976 Hoc
1043 1929 1248 1987 autem,
1279 1937 1343 1975 ex
1376 1938 1500 1992 quo,
1530 1929 1586 1976 et
1635 1936 1726 1990 per
1751 1937 1901 1991 quem
1933 1935 2055 1975 cum

467 2012 605 2068 illud
639 2021 826 2083 aperte
857 2013 1159 2069 declaravit
1185 2055 1200 2081 ,
1231 2029 1260 2068 a
1291 2013 1454 2070 Patre
1482 2014 1779 2084 procedere
1803 2001 2005 2066 'Filium
2039 2033 2050 2068 :

468 2113 590 2162 tum
627 2116 951 2163 ceterarum
987 2124 1171 2163 rerum
1206 2109 1484 2180 disparem
1517 2107 1768 2163 eumdem
1794 2123 1919 2164 esse
1961 2107 2059 2161 ad-

467 2201 710 2256 mirabili
740 2202 976 2272 quadam
1007 2203 1224 2258 ratione
1258 2200 1608 2264 monstravit,
1647 2215 1774 2256 cum
1808 2199 1882 2255 ita
1919 2200 2060 2256 scri-

469 2292 615 2361 psit:
650 2291 756 2348 Per
779 2310 933 2364 quem
961 2295 1177 2356 omnia,
1208 2302 1268 2348 ut
1297 2301 1352 2350 et
1379 2292 1598 2348 Patrem
1630 2308 1774 2358 esse,
1804 2299 1862 2348 et
1889 2293 1958 2347 ab
1994 2307 2060 2348 eo

471 2381 670 2438 Filium
703 2385 1044 2457 unigenitum
1082 2385 1372 2441 Dominum
1403 2384 1732 2456 productum
1760 2385 2057 2456 intelligas.

471 2474 606 2543 Quae
633 2492 762 2533 cum
806 2479 1106 2550 Apostolus
1131 2496 1200 2536 ex
1240 2479 1418 2536 sancti
1452 2478 1693 2550 Spiritus
1727 2478 1909 2532 alllatu
1942 2493 2061 2547 pro-

470 2568 788 2636 nuntiaret,
855 2585 1086 2628 necesse
1144 2587 1254 2626 non
1315 2571 1510 2626 habuit
1573 2569 1752 2626 sancti
1819 2569 2059 2640 Spiritus

383 2697 388 2704 -
471 2661 807 2718 mentionem
853 2661 1034 2719 facere
1061 2680 1076 2716 :
1106 2663 1254 2736 quod
1285 2679 1400 2720 non
1434 2664 1516 2720 sic
1537 2661 1927 2733 accipiendum
1953 2669 2059 2730 est,

471 2755 631 2824 quasi
677 2753 924 2824 ejusdem
972 2758 1062 2814 ille
1100 2773 1225 2814 cum
1259 2756 1421 2814 Patre
1451 2756 1702 2828 Filioque
1731 2756 1917 2830 glorias
1949 2772 2060 2812 non

472 2848 546 2904 sit
577 2847 874 2919 particeps,
911 2859 1005 2904 aut
1036 2850 1183 2920 quod
1220 2850 1276 2906 in
1308 2865 1501 2907 eorum
1531 2851 1780 2906 ordinem
1811 2849 2064 2921 redigen-

473 2941 580 2997 dus
618 2943 724 3010 sit,
764 2959 886 3015 quas
934 2957 964 2996 a
1009 2939 1147 2998 Filio
1193 2950 1478 3012 procreata
1525 2942 1809 3000 dicuntur.
1860 2940 2063 2998 Verum

473 3031 610 3087 satis
655 3032 786 3088 illud
823 3042 942 3090 erat
965 3074 981 3100 ,
1011 3033 1161 3104 quod
1195 3033 1250 3089 in
1299 3033 1615 3091 ﬁrmissima
1648 3035 1740 3090 illa
1779 3033 1902 3090 iidei
1937 3049 2065 3106 pro-

473 3121 716 3178 fessione
741 3139 866 3178 cum
899 3123 1065 3180 Patre
1109 3123 1358 3197 Filioque
1385 3134 1710 3183 numeratus
1742 3124 1942 3192 fuerit,
1977 3126 2064 3183 his

473 3215 658 3270 verbis
694 3233 706 3267 :
747 3215 946 3272 Euutes
977 3216 1246 3288 baptizare
1290 3219 1348 3273 in
1377 3220 1586 3274 nomine
1619 3218 1838 3284 Patris,
1872 3230 1922 3275 et
1964 3218 2065 3274 Fi-

479 3306 574 3374 lii,
617 3317 668 3363 et
700 3306 936 3376 Spiritus
983 3310 1220 3365 sancti‘.
1253 3310 1393 3367 Cum
1424 3311 1593 3383 igitur
1620 3309 1945 3382 Apostolus,
1978 3309 2064 3366 vel

476 3400 659 3470 potius
693 3398 932 3472 Spiritus
960 3411 1186 3458 sanctus
1220 3417 1318 3474 per
1360 3403 1679 3474 Apostolum
1726 3403 2064 3473 loqueretur,

478 3488 615 3544 nihil
645 3497 732 3545 est
763 3489 832 3544 de
884 3491 1004 3561 ipso
1055 3491 1346 3562 perspicue
1379 3491 1738 3548 declaratum.
1784 3491 2066 3562 Siquidem

479 3581 625 3635 baud
653 3582 886 3636 obscura
915 3582 1062 3637 illius
1094 3592 1214 3638 erat
1243 3583 1518 3654 cognitio,
1553 3598 1656 3639 nec
1700 3583 1769 3640 de
1800 3599 1864 3639 ea
1892 3583 2066 3640 Judaei

481 3674 824 3729 dubitabant.
855 3673 1035 3740 Quare
1059 3674 1112 3729 in
1143 3674 1290 3729 aliud
1325 3686 1538 3747 tempus
1569 3677 1977 3743 reservabatur,
1998 3693 2067 3734 ne

485 3765 727 3837 Spiritus
752 3775 980 3822 sanctus
1004 3782 1104 3822 sua
1125 3783 1182 3822 se
1212 3767 1603 3838 praedicatione
1633 3770 2064 3826 commendaret.

482 3857 694 3928 Quippe
727 3856 1023 3927 Apostolus
1053 3866 1246 3914 sancto
1281 3857 1491 3932 Spiritu
1525 3861 1816 3931 impulsus,
1866 3861 1944 3916 uti
1981 3861 2069 3916 di-
2110 3889 2124 3903 ι

484 3947 689 4012 ximus,
723 3951 788 4004 de
815 3947 977 4004 Patre
1006 3947 1255 4020 Filioque
1281 3951 1501 4008 locutus
1541 3961 1645 4018 est,
1681 3961 1740 4008 ut
1778 3969 1845 4009 ex
1879 3969 1947 4010 eo
1980 3969 2069 4011 sa-

484 4051 776 4097 crosancta
805 4041 1049 4099 Trinitas
1085 4045 1446 4110 indicaretur,
1491 4061 1612 4116 quae
1640 4055 1696 4102 et
1724 4061 1943 4117 semper
1970 4062 2070 4102 ex—

485 4135 674 4201 sistit,
706 4151 807 4189 nec
853 4151 1093 4206 unquam
1126 4139 1394 4196 exsistere
1433 4138 1659 4195 desinit.
1708 4137 1896 4210 Neque
1941 4155 2070 4195 vero

485 4228 674 4283 mirari
704 4229 890 4294 debes,
938 4244 1060 4284 cum
1090 4230 1224 4286 illud
1255 4231 1415 4288 audis
1449 4251 1462 4286 :
1504 4231 1650 4287 Unus
1689 4233 1850 4297 Deus,
1878 4249 1944 4288 ex
1969 4251 2071 4305 quo

486 4322 690 4387 omnia,
709 4331 758 4376 et
789 4338 924 4377 unus
953 4322 1238 4386 Dominus,
1260 4341 1352 4393 per
1372 4342 1525 4396 quem
1549 4326 1902 4382 omnia.Cum
1926 4327 2070 4381 enim

486 4412 686 4467 Filium
716 4413 1007 4469 Dominum
1044 4416 1300 4485 appellat,
1333 4433 1442 4471 non
1467 4418 1720 4474 eumdem
1754 4434 1863 4473 una
1905 4417 2070 4473 Deum

487 4520 611 4560 esse
639 4489 856 4575 negavit
879 4506 1216 4577 Apostolus;
1249 4508 1502 4564 similiter
1535 4509 1681 4580 quod
1712 4509 1852 4564 dixit
1879 4527 1892 4563 :
1925 4509 2072 4566 Unus

487 4595 631 4651 Deus
670 4611 762 4665 per
789 4586 942 4668 quem
981 4600 1192 4664 omnia,
1235 4599 1488 4655 eumdem
1548 4601 1719 4657 Deum
1773 4618 1838 4658 ac
1883 4603 2073 4658 Domi-

2147 723 2319 793 ήμεῖς
2340 722 2415 776 δι’
2447 723 2653 778 αὑτοῦ.
2684 723 2794 777 Kal.
2814 724 2945 794 ὁρᾷς
2969 723 3088 794 μὲν,
3118 722 3236 786 πῶς
3259 721 3458 786 ἔδειξεν
3479 720 3576 774 ἕνα
3601 720 3737 774 Θεὸν

2147 816 2239 870 τὸν
2261 817 2500 888 Πατέρα,
2514 816 2611 871 ἕνα
2629 815 2684 870 δὲ
2703 815 2909 888 Κύριον
2923 816 3014 870 τὸν
3031 815 3091 881 ἐξ
3113 813 3276 869 αὑτοῦ
3300 830 3528 883 γεγεννη
3539 812 3728 882 μένον;

2149 906 2261 960 Καὶ
2279 907 2380 960 οὐκ
2401 902 2554 959 εἶπεν
2574 922 2588 936 ⁸
2615 901 2708 969 Εἷς
2732 905 2883 969 Θεὸς,
2908 906 3001 958 καὶ
3029 898 3113 968 εἷς
3131 904 3336 975 Κύριος
3353 905 3450 957 σὺν
3471 904 3606 956 πᾶσι
3624 904 3737 965 τοῖς

2149 999 2212 1064 έξ
2228 997 2394 1053 αὐτοῦ
2411 999 2690 1067 γεγονόσιν
2707 1012 2720 1028 ⁰
2735 993 2971 1064 ἀλλ’,εῖς
2982 999 3218 1065 Κύριος,
3235 995 3311 1050 δι’
3329 992 3400 1051 οὗ
3423 994 3495 1048 τὰ
3518 993 3732 1052 πάντα.
3758 1006 3765 1019 ‘

2151 1093 2216 1146 Εἰ
2238 1093 2296 1146 δὲ
2327 1086 2408 1156 εἷς
2428 1091 2652 1163 Κύριος,
2675 1091 2740 1146 δι’
2766 1084 2827 1144 οῦ
2861 1091 2931 1145 τὰ
2965 1091 3144 1144 πάντα
3166 1091 3336 1154 ἐστὶν,
3360 1089 3460 1142 οὐκ
3488 1087 3636 1141 ἐστιν
3657 1080 3739 1150 εἷς

2153 1185 2219 1237 ὲκ
2250 1183 2490 1250 πάντων,
2523 1182 2659 1237 ἀλλὰ
2701 1182 2931 1253 ποιητὴς
2973 1182 3083 1236 τῶν
3119 1183 3397 1244 ἁπάντων,
3430 1180 3524 1236 καὶ
3549 1196 3738 1234 κεκτι-

2157 1275 2372 1346 σμένων
2410 1275 2628 1329 πάντων
2663 1275 2888 1347 κτίστης
2922 1275 3206 1346 ὑπάρχων.

2225 1369 2302 1424 Θθ.
2345 1369 2453 1423 Τοῦ
2487 1369 2707 1424 δὲξΥἱοῦ
2737 1372 2802 1423 ἐκ
2846 1369 3062 1441 [ἰατρὸς
3091 1365 3514 1439 γεγεννημένου,
3548 1364 3643 1419 καὶ
3675 1365 3741 1418 ἐκ

2157 1461 2372 1532 Πατρὸς
2425 1462 2820 1533 τυγχάνοντος,
2877 1461 2944 1515 δι’
2976 1455 3036 1515 οῦ
3091 1460 3158 1514 τά
3212 1461 3389 1514 πάντα
3425 1458 3740 1530 γεγένηται,

2157 1550 2414 1620 ἀνόμοιος
2455 1555 2568 1615 τοῖς
2597 1553 2766 1606 πᾶσίν
2816 1553 2983 1616 ἐστιν,
3019 1544 3106 1603 οἷα
3153 1549 3218 1621 δὴ
3268 1550 3493 1621 κτίστης
3528 1547 3605 1602 ῶν
3634 1547 3744 1600 τῶν

2159 1644 2443 1698 ἁπάντωνο
2477 1645 2665 1716 ἐπειδὴ
2692 1639 2773 1709 εἷς
2808 1647 2903 1698 καὶ
2952 1639 3034 1708 εἷς
3071 1643 3204 1708 Θεὸς
3241 1644 3270 1696 6
3305 1642 3516 1714 Πατὴρ,
3564 1641 3635 1706 ἐξ
3669 1635 3743 1697 οὗ

2159 1739 2232 1794 τὰ
2269 1738 2485 1804 πάντα,
2525 1738 2620 1793 καὶ
2667 1738 2872 1810 Κύριος
2921 1737 3148 1809 Ἰησοῦς,
3177 1735 3251 1790 δι’
3287 1732 3360 1793 οὗ
3405 1735 3480 1790 τὰ
3510 1734 3742 1788 πάνταυ

2163 1831 2560 1902 συνενουμένης
2592 1833 2693 1902 τῆς
2727 1831 2841 1886 ἄνω
2879 1829 3077 1896 λέξεως
3111 1829 3202 1883 διὰ
3228 1828 3348 1892 τοῦ,
3379 1823 3468 1895 εἷς
3503 1828 3600 1881 καὶ
3632 1821 3742 1893 εἷς,

2163 1923 2257 1975 καὶ
2299 1919 2387 1976 διὰ
2427 1920 2542 1985 τοῦ,
2594 1922 2665 1986 ἐξ
2705 1917 2779 1977 οὗ
2825 1922 2922 1976 καὶ
2966 1921 3041 1974 δι’
3076 1917 3172 1986 οὗ,
3221 1919 3284 1973 τὸ
3317 1919 3415 1990 μὲν
3451 1918 3637 1986 σαφῶς
3681 1918 3747 1970 ὲκ

2095 1977 2137 2036 Β
2166 2014 2380 2088 Πατρὸς
2412 2015 2503 2069 τὸν
2530 1977 2667 2069 ’γεδᾷ
2703 2015 2975 2088 δεδήλωκε
2998 2030 3014 2044 ο
3059 2014 3122 2068 τὸ
3157 1977 3213 2067 δὲ
3260 1977 3448 2066 οὐικέτι
3497 1977 3589 2064 τὸν
3617 1977 3747 2063 Ϋὶὸν

2161 2108 2226 2162 ἐκ
2257 2107 2367 2161 τῶν
2401 2109 2606 2162 λοιπῶν
2651 2102 2794 2163 εῖναι
2831 2106 3162 2179 θαυμαστῶς
3194 2106 3536 2175 ἀπεφήνατο,
3562 2102 3637 2156 δι’
3669 2095 3744 2156 οὗ

2161 2202 2234 2256 τὰ
2272 2202 2506 2268 πάντα,
2545 2202 2800 2271 φάσκων,
2855 2201 2943 2256 ἵνα
2991 2199 3139 2272 δείξῃ
3188 2199 3412 2270 Πατέρα
3458 2197 3618 2260 ὄντα,
3653 2195 3748 2248 καὶ

2164 2295 2292 2348 Υἱὸν
2328 2294 2462 2348 ὄντα
2508 2294 2617 2348 ὑπὸ
2649 2293 2864 2366 Πατρὸς
2897 2293 3051 2356 ὄντος
3093 2293 3184 2345 τὸν
3221 2290 3483 2362 μονογενῆ
3520 2287 3745 2360 Κύριον.

2167 2385 2360 2453 Ἔλεγε
2381 2383 2638 2438 δὲταῦτα
2671 2386 2700 2438 6
2737 2383 3058 2447 Ἀπόστολος
3083 2381 3361 2453 Πνεύματι
3407 2380 3546 2451 ἁγίῳ
3583 2378 3749 2450 φερόο

2167 2493 2354 2549 μενος·
2391 2476 2470 2530 διὸ
2491 2477 2592 2530 οὐκ
2615 2475 2740 2547 ἔσχε
2769 2477 2956 2548 χρείαν
2985 2475 3116 2546 περὶ
3145 2471 3464 2544 Πνεύματός
3495 2489 3550 2524 τι
3575 2470 3749 2541 δηλῶ-

2167 2585 2291 2623 σαι·
2317 2569 2415 2640 οὐχ
2441 2569 2518 2632 ὡς
2553 2569 2628 2641 μὴ
2661 2569 3118 2640 συνδοξαζομένου
3155 2567 3252 2621 τοῦ
3287 2565 3605 2637 Πνεύματος
3637 2567 3752 2620 Πα-

2164 2659 2256 2732 τρὶ
2289 2659 2381 2714 καὶ
2416 2659 2550 2731 Υἰῷ,
2584 2660 2692 2713 οὐδ’
2724 2661 2809 2714 ἵνα
2841 2659 2974 2715 αὐτὸ
3001 2660 3110 2714 ἀπὸ
3135 2659 3246 2713 τῶν
3275 2657 3494 2712 πάντων
3527 2655 3751 2728 σημάνῃ

2164 2753 2276 2806 τῶν
2307 2754 2378 2807 δι’
2395 2754 2524 2807 Υἰοῦ
2547 2755 2937 2825 κεκτισμένων.
2964 2756 3163 2826 Ἤρκει
3193 2752 3303 2825 γὰρ
3329 2753 3392 2806 τὸ
3414 2751 3754 2824 συναριθμηο

2168 2844 2328 2917 θῆναι
2363 2846 2453 2901 διὰ
2495 2847 2596 2918 τῆς
2643 2846 2868 2918 βεϐαίας
2907 2846 3197 2918 ὁμολογίας
3242 2844 3336 2899 τοῦ
3383 2842 3536 2908 Υἱοῦ,
3574 2843 3754 2914 Πατρὶ

2165 2943 2264 2996 καὶ
2292 2940 2426 3012 Υίῷ,
2462 2943 2520 2995 ὲν
2543 2941 2625 3013 τῷ
2652 2943 2848 3005 είπεῖν,
2881 2941 3272 3006 Ἀπελθόντες
3289 2939 3634 3004 βαπτίσατε
3665 2938 3754 3003 εἰς

2169 3034 2358 3104 ὄνομα
2407 3033 2658 3103 Πατρός,
2690 3035 2788 3088 καί
2827 3033 2991 3098 Υίοῦ,
3025 3032 3126 3087 καὶ
3165 3032 3340 3102 ἁγίου
3381 3032 3752 3099 Πνεύματος.

2166 3128 2544 3200 Φθεγγόμενος
2575 3127 2706 3197 γοῦν
2722 3129 2750 3182 6
2779 3127 3124 3190 Ἀπόστολος,
3146 3125 3347 3198 μᾶλλον
3367 3124 3424 3179 δὲ
3445 3125 3506 3178 τὸ
3529 3122 3755 3194 Πνεῦμα

2167 3221 2228 3274 τὸ
2279 3221 2435 3290 ἅγιον
2486 3220 2858 3292 φθεγγόμενον
2907 3221 2965 3273 έν
3019 3219 3186 3290 αὐτῷ,
3235 3219 3336 3272 οὐκ
3389 3216 3579 3288 ἐδήλου
3625 3216 3754 3288 περὶ

2093 3334 2137 3394 c
2170 3313 2356 3368 αὐτοῦ.
2401 3313 2582 3385 Σαφὴς
2611 3314 2718 3387 γὰρ
2767 3309 2838 3386 ἦν
2886 3314 3086 3386 ήπερὶ
3132 3312 3301 3368 αὑτοῦ
3344 3311 3580 3381 γνῶσις,
3631 3309 3753 3364 οὐδὲ

2170 3406 2276 3460 ὑπὸ
2302 3400 2412 3458 τῶν
2451 3406 2720 3460 Ἰουδαίων
2755 3405 3230 3478 ἀμφιϐαλλομένη.
3281 3402 3636 3475 Έταμιεύετο
3673 3402 3751 3466 δὲ,

2170 3499 2258 3554 ἵνα
2300 3497 2375 3570 μὴ
2431 3498 2831 3552 αὑτοσύστατον
2883 3497 2969 3570 εἴη
3011 3497 3075 3551 τὸ
3127 3497 3282 3566 ἆγιον
3343 3494 3654 3565 Πνεῦμα,ὃ
3681 3494 3753 3548 6'

2183 3590 2506 3654 Ἀπόστολος
2538 3590 2636 3644 σὺν
2670 3589 2952 3660 Πνεύματι
2995 3589 3138 3661 άγίῳ
3185 3589 3430 3660 ἐφέρετο.
3472 3587 3584 3641 Καὶ
3627 3587 3757 3659 περὶ

2169 3682 2386 3754 Πατρὸς
2416 3681 2568 3751 ἔλεγε
2602 3683 2698 3736 καὶ
2718 3681 2871 3747 Υίοῦ,
2907 3682 2994 3736 ἴνα
3014 3682 3198 3754 δειχθῇ
3231 3684 3264 3754 ἡ
3287 3681 3456 3753 Τριὰς
3484 3681 3570 3735 ἀεὶ
3596 3677 3754 3745 οὖσα,

2169 3776 2265 3829 καὶ
2290 3774 2561 3848 μηδέποτε
2589 3775 2943 3829 διαλείπουσα
2969 3774 3065 3828 τοῦ
3095 3771 3255 3829 εἶναι.
3274 3774 3366 3846 Μὴ
3396 3773 3644 3846 θαύμαζε
3675 3773 3756 3840 δὲ,

2169 3871 2267 3924 ἐὰν
2305 3869 2581 3941 ἀκούσῃς’
2619 3863 2726 3936 Εἷς
2769 3869 2938 3936 Θεὸς,
2969 3867 3037 3933 ἐξ
3073 3863 3146 3925 οὗ
3181 3868 3252 3922 τὰ
3290 3865 3506 3930 πάντα,
3541 3861 3758 3933 scale-21¢

2170 3965 2405 4033 Κύριος,
2435 3963 2510 4017 δι’
2543 3958 2614 4019 οὗ
2660 3963 2734 4018 τὰ
2776 3962 2994 4017 πάντα.
3027 3961 3118 4033 Τῷ
3151 3961 3258 4035 γὰρ
3303 3963 3476 4015 εἰπεῖν
3507 3961 3600 4014 τὸν
3629 3960 3760 4014 Υἰὸν

2171 4055 2403 4127 Κύριον,
2435 4055 2495 4108 οὐ
2543 4056 2762 4120 πάντως
2805 4055 3082 4127 ἠρνήσατο
3112 4057 3140 4108 6
3179 4053 3499 4117 Ἀπόστολος
3534 4053 3595 4106 τὸ
3621 4048 3760 4108 εἶναι

2169 4149 2285 4202 τὸν·
2319 4148 2526 4220 Κύριον
2576 4149 2671 4202 καὶ
2707 4147 2874 4201 Θεόν·
2929 4148 3026 4201 καὶ
3067 4147 3146 4218 τῷ
3181 4149 3356 4200 εἰπεῖν
3378 4189 3392 4212 ,
3448 4142 3554 4214 Εἷς
3592 4145 3758 4212 Θεὸς,

2172 4237 2248 4291 δι’
2284 4233 2357 4293 οὗ
2393 4238 2467 4292 τὰ
2509 4238 2733 4301 πάντα,
2775 4239 2876 4291 οὐκ
2912 4239 3192 4310 ἠρνήσατο
3220 4239 3280 4292 τὸ
3325 4234 3466 4292 εἶναι
3508 4239 3601 4292 τὸν
3627 4238 3760 4291 Θεὸν

2172 4331 2269 4386 καὶ
2313 4331 2539 4402 Κύριον.
2582 4328 2751 4402 Ὁμοῦ
2788 4330 2898 4402 γὰρ
2933 4330 3028 4383 καὶ
3081 4329 3287 4402 Κύριος
3339 4331 3434 4384 καὶ
3475 4329 3629 4394 Θεὸς,
3667 4329 3762 4383 καὶ

2172 4422 2306 4487 Θεὸς
2347 4422 2443 4475 καὶ
2503 4419 2738 4492 Κύριος·
2791 4421 2886 4474 καὶ
2927 4420 3081 4474 οὐδὲν
3126 4420 3316 4473 διοίσει
3367 4420 3496 4491 περὶ
3527 4419 3635 4474 τῶν
3681 4421 3762 4482 είς

2175 4517 2326 4586 ἡμᾶς
2358 4514 2416 4567 έν
2443 4512 2673 4585 ἀληθείᾳ
2710 4512 3072 4585 σωτηριωδῶς
3099 4514 3164 4566 ὲκ
3195 4512 3332 4566 Θεοῦ
3375 4513 3464 4566 διὰ
3487 4512 3596 4566 τῶν
3628 4513 3764 4566 άπο-

2178 4603 2380 4658 στόλων
2407 4602 2856 4675 κεκηρυγμένων.
2886 4603 3235 4673 Καταλείψας
3261 4604 3318 4658 δὲ
3373 4605 3402 4656 6
3441 4603 3604 4667 αὐτὸς
3645 4605 3764 4656 Ἀν-

488 4704 622 4743 num
667 4705 791 4746 esse
825 4703 1170 4760 nequaquam
1223 4690 1497 4748 inliciatus
1541 4702 1646 4748 est.
1687 4695 1876 4764 itaque
1909 4695 2065 4748 simul

2175 4697 2363 4768 ὅμοιος
2394 4697 2489 4749 καὶ
2525 4698 2574 4749 οί
2617 4695 2677 4760 ἐξ
2707 4695 2875 4750 αὑτοῦ
2913 4695 3198 4765 γεγονότες
3227 4696 3324 4767 τὴν
3364 4696 3479 4750 ὁδὸν
3501 4697 3600 4767 τῆς
3630 4696 3765 4769 άλη-

490 4781 756 4837 Dominus
796 4789 852 4838 et
881 4781 1063 4848 Deus,
1109 4793 1164 4838 et
1209 4786 1350 4839 Deus
1397 4801 1461 4840 ac
1505 4785 1771 4844 Dominus
1800 4803 1924 4844 esse
1951 4803 2075 4844 cre-

489 4873 704 4928 dendus
737 4879 856 4940 est;
890 4890 1070 4944 neque
1096 4875 1394 4945 quidquam
1426 4885 1509 4932 est
1544 4879 1599 4933 in
1633 4879 1740 4945 his,
1767 4896 1889 4950 quae
1915 4881 2075 4936 nobis

492 4982 522 5018 a
555 4963 666 5018 Deo
699 4978 797 5034 per
843 4965 1122 5033 apostolos
1156 4967 1451 5022 salubriter
1479 4971 1726 5023 nuntiata
1765 4980 1912 5038 sunt,
1965 4971 2077 5027 dis-

492 5069 728 5124 crepans
783 5068 848 5108 ac
904 5053 1205 5110 diversum.
1274 5053 1379 5111 Sed
1461 5057 1722 5114 nimirum
1775 5060 2076 5118 Anomteus

489 5148 655 5219 923
688 5147 780 5203 ille
809 5163 934 5202 cum
970 5148 1087 5203 suis
1115 5148 1302 5204 relicta
1329 5149 1575 5205 veritatis
1597 5152 1704 5216 via,
1734 5151 1801 5207 ad
1827 5168 2075 5209 errorum

491 5238 818 5294 diverticula
877 5238 1164 5294 traductus
1222 5247 1348 5304 est,
1409 5255 1806 5313 perperamque
1867 5244 2078 5302 divinas

490 5331 797 5388 sententias
826 5329 1119 5387 intellexnt.
1151 5331 1230 5386 ita
1260 5332 1519 5402 deinceps
1555 5334 1624 5389 ad
1652 5334 2076 5406 disputationes,

489 5424 922 5495 vocularumque
950 5423 1378 5493 disceptationes
1426 5427 1610 5481 animo
1653 5441 1718 5482 ac
1767 5438 1948 5484 mente
1987 5429 2077 5485 isti

489 5516 784 5581 conversi,
821 5531 852 5569 a
881 5516 1114 5571 veritate
1148 5517 1481 5582 resilientes,
1514 5519 1832 5576 cmlestibus
1859 5523 2079 5578 excide-

490 5617 642 5663 runt.
677 5607 782 5675 Qui
813 5609 860 5662 si
892 5609 1266 5681 evangelicum
1297 5610 1474 5666 lucem
1509 5612 1784 5668 mentibus
1822 5613 1939 5669 suis
1979 5616 2078 5670 ad-

493 5701 714 5758 mittere
745 5703 1040 5767 voluerint,
1091 5703 1162 5758 ab
1201 5719 1531 5775 unaquaque
1561 5706 1954 5776 propemodum
1995 5708 2080 5763 di-

495 5794 683 5849 ctione
734 5794 1076 5852 refellentur.
1124 5795 1406 5868 Nusquam
1440 5797 1586 5853 enim
1627 5799 1822 5854 unicus
1852 5797 1950 5856 Dei
1990 5799 2080 5856 Fi-

574 5951 588 5982 ¹
625 5951 816 6011 Matth.
847 5971 1040 6023 xxvm,
1071 5956 1154 6012 i9.
1236 5960 1254 5989 ²
1283 5956 1342 6011 F.
1376 5961 1401 6011 ὁ
1431 5957 1507 6012 δέ.
1590 5958 1606 5984 ³
1635 5957 1758 6013 Cor.
1790 5960 1996 6034 Πατήρ.

2179 4791 2350 4856 θείας,
2387 4789 2730 4861 ἐτράπησαν,
2756 4789 2942 4853 κακῶς
2970 4790 3070 4853 τὰς
3098 4787 3232 4842 Θεοῦ
3266 4791 3455 4862 ῥήσεις
3483 4792 3766 4861 ἐπινενοη-

2178 4883 2356 4947 κὸτες.
2394 4883 2507 4936 Kal.
2535 4882 2720 4936 λοιπὸν
2745 4885 2823 4945 είς
2851 4881 3236 4954 διαλογισμοὺς
3269 4884 3362 4935 καὶ
3399 4884 3480 4947 είς
3508 4881 3765 4950 διαλογὰς

2178 4974 2378 5042 λέξεων
2417 4975 2900 5048 παρεκτρέψαντες
2947 4975 3040 5029 τὸν
3088 4975 3235 5040 νοῦν,
3271 4975 3632 5046 άπεπήδησαν
3663 4975 3764 5045 τῆς

2178 5066 2457 5139 ἀληθείας,
2493 5069 2587 5121 καὶ
2630 5067 2887 5132 ἐξέπεσον
2921 5066 3033 5120 τῶν
3077 5067 3434 5138 ἐπουρανίων.
3469 5069 3627 5121 Πᾶσα
3655 5067 3765 5139 γάρ

2179 5161 2325 5228 λέξις
2371 5160 2582 5230 ἐλέγξει
2628 5161 2856 5225 αὐτοὺς,
2896 5159 2992 5214 ἐὰν
3030 5159 3229 5214 θέλωσι
3257 5161 3350 5214 τὸν
3388 5161 3598 5214 ἑαυτῶν
3637 5160 3764 5214 νοῦν

2179 5252 2363 5308 δοῦναι
2387 5254 2468 5316 εἰς
2489 5252 2772 5322 φωτισμὸν
2793 5249 2889 5304 τοῦ
2918 5250 3274 5320 Εὐαγγελίου.
3312 5250 3564 5321 Οὐδαμοῦ
3603 5251 3713 5321 γάρ
3737 5254 3766 5304 6

2180 5345 2491 5416 Μονογενὴς
2518 5344 2689 5413 λέγει,
2721 5343 2899 5397 καίτοι
2918 5359 2984 5411 γε
3017 5345 3075 5396 ὲν
3101 5343 3266 5416 σαρκὶ
3296 5343 3764 5414 παραγενόμενος,

2180 5439 2262 5492 ὅτι
2321 5440 2380 5491 '0
2427 5436 2622 5501 κτίσας
2685 5454 2754 5508 με
2811 5437 3001 5508 Πατὴρ
3050 5436 3362 5490 ἀπέσταλκέ
3420 5451 3518 5506 με·
3566 5435 3687 5488 οὐδὲ
3739 5437 3768 5488 6

2184 5532 2375 5603 Σωτήρ
2401 5530 2420 5561 ³
2454 5547 2556 5583 που
2607 5531 2665 5582 ἐν
2714 5529 2794 5600 τῷ
2841 5529 3159 5601 Εὐαγγελίῳ
3209 5529 3494 5600 διελέχθη,
3533 5528 3655 5582 οὐδὲ
3709 5531 3768 5581 ὲν

2183 5623 2397 5694 Παλαιᾷ
2429 5621 2696 5694 Διαθήκῃ,
2734 5622 2816 5674 ὃτι
2855 5623 3086 5675 Ἔκτισα
3125 5622 3256 5693 ὑμῖν
3303 5620 3394 5674 τὸν
3433 5621 3584 5684 Υἱὸν,
3624 5619 3764 5684 ἀλλ’,

2193 5716 2250 5766 '0
2296 5713 2500 5783 Πατήρ
2545 5730 2624 5783 με
2667 5713 3024 5769 ἀπέστειλε·
3056 5714 3177 5778 καὶ,
3241 5713 3343 5768 Ἐκ
3386 5712 3494 5767 τοῦ
3535 5711 3767 5780 Πατρός

2183 5805 2470 5876 ἐξῆλθον,
2519 5806 2621 5863 καὶ
2681 5806 2837 5874 ἥκων
2877 5807 3003 5876 καὶ,
3034 5807 3088 5861 Ὀ
3122 5806 3207 5862 ὢν
3249 5809 3335 5874 εἰς
3377 5805 3486 5861 τὸν
3531 5807 3766 5860 κόλπον⁹
