4134 6386
398 481 504 539 εὸδ

1080 487 1449 545 ADVERSUS
1489 490 1839 548 [IERESES
1866 491 1994 548 LIB.

2100 492 2293 549 .TOM.
2334 491 2376 548 l.
2417 521 2486 536 -ι
2511 491 2784 549 ηΑειιεε.
2825 492 3055 549 LXXVI.

3547 491 3660 555 ω

398 597 506 652 τοῦ
542 599 808 670 Πατρός·
852 602 969 668 καὶ,
1014 603 1078 658 '0
1124 606 1316 676 Λόγος
1355 603 1437 676 ἦν
1473 607 1621 678 πρὸς
1656 609 1764 663 τὸν
1805 609 1976 674 Θεὸν,

2101 610 2207 677 ius,
2258 611 2422 666 etiam
2467 619 2592 680 post
2641 620 2976 681 asstnnptam
3021 609 3258 664 hominis
3291 624 3536 672 carnem,
3579 612 3655 667 ita

399 691 497 744 καὶ
529 692 674 758 Θεὸς
717 689 796 764 ἦν
841 697 876 750 ό
925 695 1129 766 Λόγος.
1173 698 1284 752 Καὶ
1335 699 1502 752 πολλὰ
1540 699 1656 753 ἔστι
1707 703 1838 772 περὶ
1882 703 1982 773 τῆς

400 783 560 856 ἡμῶν
595 786 870 857 σωτηρίας
904 789 1262 860 κατανοῆσαι,
1304 791 1399 844 καὶ
1435 792 1510 863 μὴ
1541 793 1982 864 συναρπάζεσθαι

401 876 510 932 ἀπὸ
529 878 630 950 τῆς
649 877 744 930 τοῦ
774 879 1024 934 διαϐόλου
1051 882 1242 936 τούτου
1270 885 1594 956 κυδευτικῆς
1613 885 1978 947 διδασκαλίας.

415 968 475 1024 '0
495 969 604 1043 γὰρ
625 971 892 1036 διάϐολος,
916 971 1235 1046 βουλόμενος
1257 977 1520 1030 ἀπολέσαι
1545 976 1608 1030 τὸ
1635 977 1745 1030 τῶν
1772 975 1981 1050 ἀνθρώ-

403 1080 524 1116 πων
548 1062 725 1132 γένος,
761 1064 942 1135 φθόνῳ
969 1069 1332 1138 κατεχόμενος
1361 1069 1496 1140 πρὸς
1521 1067 1621 1141 τὴν
1645 1068 1741 1122 τοῦ
1769 1066 1980 1142 ἀνθρὼ-

402 1173 506 1215 που
534 1155 712 1222 δόξαν,
741 1164 987 1230 μηχανάς
1017 1161 1280 1230 ἐπενόησε
1309 1160 1626 1233 διαφόρουςο
1667 1161 1727 1214 τὸ
1767 1159 1984 1232 πρῶτον

406 1249 507 1319 μὲν
535 1248 623 1303 διὰ
653 1249 754 1320 τῆς
796 1251 1034 1317 ἀγνοίας,
1068 1251 1128 1305 τὸ
1155 1251 1408 1323 δεύτερον
1441 1252 1497 1306 δὲ
1525 1251 1614 1306 διὰ
1643 1254 1744 1324 τῆς
1769 1251 1987 1305 εἰδωλο-

403 1339 680 1414 λατρείας,
725 1341 912 1396 ἄλλοτε
957 1343 1016 1396 δὲ
1050 1344 1138 1398 διὰ
1174 1345 1572 1416 κακοτροπίας,
1609 1345 1726 1398 νυνὶ
1775 1344 1834 1398 δὲ
1875 1347 1986 1398 εἰσ-

406 1431 633 1504 ύστερον
661 1434 752 1488 διὰ
782 1435 884 1505 τῆς
913 1434 1123 1506 πλάνης
1156 1436 1252 1489 καὶ⁹
1283 1436 1500 1508 ἀπάτης
1529 1435 1638 1492 τῶν
1676 1435 1944 1506 αἱρέσεων
1968 1453 1981 1466 ⁸

405 1524 494 1577 ἵνα
521 1525 859 1596 πανταχόθεν
897 1529 1253 1599 καταστρέψῃ
1281 1529 1370 1582 τὸν
1401 1529 1688 1600 ἄνθρωπον
1722 1528 1832 1582 ἀπὸ
1876 1528 1986 1582 τῶν

403 1615 536 1670 ὲπου
545 1617 766 1688 ρανίων.

2081 709 2298 763 locutus
2326 715 2409 763 est
2443 724 2456 760 :
2493 706 2597 774 Qui
2627 708 2834 763 creavit
2858 723 2942 764 me
2961 706 3122 763 Pater
3145 709 3296 764 misit
3321 725 3443 776 me;
3473 725 3657 781 neque

2081 807 2175 854 aut
2207 799 2262 854 in
2292 797 2608 870 Evangelio,
2645 807 2738 853 aut
2771 800 2828 854 in
2861 797 3058 855 Vetere
3112 797 3466 856 Testamento
3495 799 3658 856 Pater

2082 905 2324 961 unquam
2367 889 2435 944 ad
2463 906 2587 946 eum
2623 889 2844 946 modum
2896 890 3158 945 disseruit
3203 908 3218 946 :
3261 889 3454 946 Creavi
3501 891 3658 947 vobis

2083 979 2310 1047 Filium;
2345 979 2462 1047 sed,
2491 979 2642 1035 Misit
2669 997 2750 1035 me
2777 980 2936 1036 Pater
2957 983 2972 1013 ¹
2995 999 3010 1048 ;
3034 989 3124 1037 et:
3156 980 3313 1036 Exivi
3336 999 3370 1036 a
3399 981 3583 1040 Patre.
3606 993 3656 1036 et

2080 1072 2286 1138 vado’;
2319 1073 2446 1128 item
2477 1092 2490 1128 :
2527 1073 2630 1139 Qui
2659 1084 2738 1127 est
2766 1073 2821 1126 in
2849 1074 2970 1127 sinu
2999 1073 3186 1127 Patris
3206 1072 3264 1140 ³;
3292 1081 3348 1127 et
3375 1093 3388 1127 :
3437 1072 3656 1126 Verbum

2080 1167 2198 1214 erat
2239 1158 2383 1229 apud
2435 1158 2628 1223 Deum,
2671 1171 2722 1214 et
2765 1159 2908 1215 Deus
2959 1172 3076 1216 erat
3128 1161 3412 1216 Verbum‘.
3442 1161 3657 1216 inﬁnita

2083 1259 2233 1317 sunt,
2275 1267 2396 1323 quae
2433 1251 2500 1308 de
2536 1254 2732 1310 salutis
2762 1263 2964 1310 nostrae
3009 1255 3286 1324 mysteriis
3314 1255 3500 1310 animo
3527 1271 3661 1310 con--

2083 1341 2189 1413 cipi
2224 1352 2494 1413 possunt,
2562 1359 2630 1399 ne
2680 1360 2781 1400 nos
2811 1344 3013 1401 diaboli
3063 1345 3225 1402 istius
3262 1345 3662 1416 praestigiarum

2088 1437 2413 1508 artiﬁciique
2463 1438 2620 1509 plena
2668 1438 2918 1492 doctrina
2972 1441 3390 1496 circumveniat.
3451 1439 3665 1510 Quippe

2087 1523 2341 1578 diabolus
2385 1525 2645 1593 perdendi
2683 1527 2898 1596 generis
2943 1527 3167 1581 humani
3219 1528 3473 1597 cupidus,
3515 1529 3664 1598 ejus,

2088 1617 2322 1687 demque
2351 1618 2538 1688 gloriae
2570 1618 2819 1674 invidens
2849 1620 3031 1675 varias
3075 1619 3317 1674 admovit
3355 1621 3662 1687 machinas,

406 1707 644 1778 primum
691 1711 1055 1779 ignorantiae,
1099 1719 1216 1766 tum
1270 1712 1611 1777 idololatriae,
1672 1721 1793 1784 post
1846 1711 1961 1766 haec
2015 1709 2430 1780 improbitatis:
2479 1711 2584 1765 hoc
2627 1725 2756 1766 vero
2800 1713 3058 1782 deinceps
3105 1722 3350 1782 tempore
3399 1712 3668 1768 haeretica

403 1801 726 1857 calliditatis
771 1811 826 1858 et
869 1807 1098 1870 erroris,
1157 1813 1218 1860 ut
1243 1823 1572 1876 quacunque
1613 1807 1828 1861 ratione
1859 1813 2047 1876 posset
2076 1805 2352 1859 hominem
2381 1819 2412 1859 e
2449 1805 2592 1858 ctelo
2624 1803 2908 1874 dejiceret.

475 1893 533 1948 l'.
575 1893 724 1946 Πόσα
749 1890 842 1949 οὖν
874 1895 1087 1966 ἰσχύσει
1110 1897 1139 1950 ό
1169 1896 1293 1960 νοῦς
1319 1896 1420 1967 τῆς
1447 1896 1605 1968 ἡμῶν
1632 1895 1982 1967 μετριότητος

2162 1893 2230 1947 Χ.
2271 1894 2446 1960 Quam
2498 1895 2666 1948 multa
2717 1910 2848 1950 vero
2888 1905 3048 1960 sunt,
3101 1910 3135 1949 ο
3187 1896 3477 1963 Δηοπιαιο,
3551 1912 3668 1967 quae

405 1985 581 2036 εἰπεῖν
612 1984 750 2055 πρὸς
789 1985 869 2045 σὲ,
917 1980 962 2040 ὧ
1003 1987 1281 2058 Ἀνόμοιεί
1315 1987 1513 2053 Καλῶς
1555 1987 1665 2059 γάρ
1713 1987 1986 2058 Ἀνόμοιος

2100 1984 2353 2042 adversus
2380 1993 2533 2041 tuum
2566 1986 2698 2040 illud
2726 1987 2921 2058 dogma
2947 1987 3147 2059 ingenii
3178 1989 3350 2044 nostri
3373 1988 3668 2044 mediocri-

404 2077 718 2149 τυγχάνεις,
752 2080 781 2131 ὁ
824 2079 920 2133 καὶ
965 2080 1075 2135 ἀπὸ
1115 2081 1225 2136 τῶν
1263 2080 1567 2154 ἀνθρώπων
1593 2083 1719 2147 τοὺς
1754 2082 1988 2155 τρόπους

407 2171 500 2225 καὶ
532 2166 630 2243 τὴν
659 2172 898 2226 διάνοιαν
931 2173 1318 2246 παρεκτρέψας
1357 2175 1470 2228 τῶν.
1503 2175 1600 2247 τὴν
1645 2176 1860 2229 σύνεσιν
1892 2174 1986 2229 τοῦ

406 2263 543 2318 Θεοῦ
575 2266 950 2338 κεκτημένων,
981 2269 1076 2321 καὶ
1116 2268 1214 2339 τὴν
1249 2269 1434 2323 πίστιν
1465 2269 1697 2340 ἐχόντων
1730 2271 1828 2340 τῆς
1855 2270 1988 2340 άλη-

407 2352 577 2419 θείας.
604 2356 681 2409 Οὐ
704 2355 813 2427 γὰρ
835 2361 915 2422 είς
936 2358 1141 2427 ἀγαθὸν
1169 2359 1449 2431 προκόψας
1479 2361 1730 2430 ἀνόμοιος
1759 2361 1988 2431 γέγονας

404 2446 738 2518 ἀνθρώποις,
780 2449 895 2502 ἀλλ’
943 2452 1009 2504 ἐκ
1055 2451 1156 2524 τῆς
1202 2452 1322 2506 ὁδοῦ
1357 2453 1455 2524 τῆς
1483 2453 1741 2523 ἀληθείας
1782 2470 1990 2522 παρεκ-
2039 2461 2044 2466 “

409 2538 632 2604 κλίνας,
680 2541 935 2613 ἀνόμοιος
988 2543 1177 2612 ἐγένου
1227 2543 1339 2598 τῶν
1381 2543 1513 2598 υἱῶν
1556 2544 1658 2615 τῆς
1713 2543 1808 2597 τοῦ
1853 2543 1990 2596 Θεοῦ

420 2629 772 2704 Ἐκκλησίας,
803 2634 1078 2705 πρόφασιν
1120 2635 1302 2690 λαϐὼν
1327 2636 1422 2690 τὸν
1456 2636 1586 2689 Υἱδν
1614 2634 1709 2688 τοῦ
1735 2633 1871 2688 Θεοῦ
1899 2635 1992 2689 τὸν

409 2724 552 2779 κατὰ
589 2723 682 2778 τὸν
721 2725 888 2779 αὑτοῦ
922 2727 1146 2799 Πατέρα
1197 2728 1350 2795 ὄντα,
1401 2728 1498 2782 καὶ¹
1532 2727 1784 2799 ἀνόμοιον
1817 2729 1994 2800 Πατρὶ

409 2813 614 2884 λέγων,
679 2817 744 2871 σὺ
785 2817 1038 2884 ἀνόμοιος
1066 2817 1330 2888 γέγονας,
1373 2817 1679 2890 κληρωθεὶς
1731 2816 1890 2870 τοῦτο
1933 2818 1995 2870 τὸ

408 2904 604 2977 δνομα,
646 2907 845 2979 μηκέτι
882 2908 1069 2980 ὅμοιος
1114 2909 1376 2980 ὑπάρχων
1410 2910 1520 2964 τῶν
1569 2911 1627 2963 ἐν
1676 2907 1795 2979 Θεῷ
1827 2908 1990 2973 σωζοο

416 2999 613 3070 μένων.

487 3177 610 3233 Ἵνα
633 3177 688 3232 δὲ
720 3179 795 3250 μὴ
844 3181 974 3252 περὶ
1021 3181 1122 3244 τὰς
1171 3178 1338 3235 αὐτοῦ
1373 3179 1628 3252 ζητήσεις
1670 3179 1994 3250 κατατριϐό-

2089 2078 2188 2133 tati
2230 2081 2556 2149 suppetunt!
2587 2078 2856 2135 Praeclare
2896 2095 3024 2135 vero
3073 2081 3408 2145 Anomteus.
3443 2080 3546 2134 hoc
3584 2089 3670 2136 est

2087 2169 2406 2235 dissimilis,
2449 2169 2743 2240 appellaris
2788 2186 2802 2223 :
2847 2169 3047 2240 quippe
3096 2171 3189 2241 qui
3233 2171 3303 2225 ab
3350 2171 3671 2226 hominibus

2091 2259 2184 2314 Dei
2232 2259 2534 2329 sapientia,
2565 2273 2805 2329 veraque
2847 2259 2953 2315 ﬁde
2999 2259 3261 2331 prazditis,
3305 2261 3550 2316 moribus
3603 2275 3670 2314 ac

2091 2360 2272 2408 mente
2297 2351 2592 2409 dissideas.
2648 2352 2769 2409 Non
2795 2353 2940 2408 enim
2976 2369 3040 2408 ex
3076 2368 3143 2408 eo
3171 2352 3316 2422 quod
3343 2366 3671 2424 progressus

2090 2443 2148 2498 in
2178 2443 2382 2500 virtute
2429 2443 2625 2500 feceris
2647 2485 2662 2512 ,
2694 2453 3017 2499 czeterorum
3066 2444 3348 2498 hominum
3384 2444 3676 2500 dissimilis

2091 2537 2338 2600 evasisti,
2368 2537 2462 2593 sed
2496 2552 2622 2592 cum
2649 2537 2718 2592 ab
2743 2536 2993 2592 veritatis
3020 2535 3105 2592 via
3134 2535 3442 2603 deﬂexeris,
3473 2537 3542 2591 ah
3567 2537 3672 2591 Ec—

2091 2628 2274 2684 clesiae
2322 2627 2414 2682 Dei
2467 2628 2595 2684 ﬁliis
2644 2627 2899 2684 diversus
2941 2645 3001 2683 es
3042 2626 3252 2693 factus;
3295 2643 3532 2698 cumque
3578 2627 3672 2682 Dei

2094 2718 2316 2787 Filium,
2344 2720 2437 2791 qui
2466 2719 2615 2775 Patri
2656 2735 2760 2775 suo
2792 2720 3021 2790 aequalis
3055 2727 3161 2784 est,
3201 2719 3378 2776 Patris
3404 2720 3679 2774 nihilomii

2092 2831 2198 2871 nus
2228 2814 2554 2872 dissimilem
2584 2830 2709 2870 esse
2753 2813 3014 2877 voluisti,
3066 2821 3182 2868 tute
3218 2813 3335 2883 ipse
3383 2813 3678 2868 dissimilis

2096 2906 2248 2962 fuisti
2292 2923 2305 2958 :
2346 2914 2401 2961 et
2451 2906 2556 2960 hoc
2605 2920 2803 2960 nomen
2855 2905 3052 2960 merito
3100 2919 3160 2960 es
3194 2912 3561 2968 consecutus,
3609 2922 3678 2959 eo

2095 2999 2238 3070 quod
2273 3008 2596 3054 caeterorum
2627 2997 2721 3067 qui
2751 2997 2932 3052 divina
2978 3012 3080 3066 ope
3127 2997 3358 3052 salutem
3406 2998 3676 3062 obtinent,

2096 3093 2294 3149 similis
2324 3107 2447 3147 esse
2477 3090 2715 3146 desiisti.

2166 3184 2369 3241 Verum
2409 3199 2478 3240 ne
2524 3185 2579 3240 in
2628 3183 3020 3254 persequendis
3075 3183 3225 3239 illius
3277 3182 3684 3254 quaestionibus

416 3289 579 3343 μενος
623 3272 898 3326 ἀναλίσκω
952 3274 1165 3346 χρόνον,
1207 3273 1303 3342 ἀφ’
1351 3266 1427 3326 ὧν
1458 3271 1656 3337 λέξεων
1699 3272 1859 3336 αὐτὸς
1894 3273 1996 3342 ὑφ-

2100 3285 2317 3348 tempus
2344 3283 2646 3342 conteram,
2688 3291 2787 3347 age
2811 3292 2877 3332 ex
2905 3275 3192 3345 ipsiusmet
3231 3275 3436 3339 verbis,
3469 3290 3593 3346 quae
3623 3276 3681 3328 in

411 3364 522 3433 ηγή
530 3379 679 3426 σατο,
691 3363 1046 3430 διαλεκτικῶς
1060 3364 1288 3437 γράφων
1300 3365 1432 3430 τισὶ,
1451 3364 1583 3435 φέρε
1607 3365 1675 3418 τὰ
1690 3365 1811 3419 κατ’
1833 3364 1995 3418 αὐτὸν

411 3456 797 3528 διελέγξωμεν.
817 3458 1006 3524 Ἔδοξε
1030 3459 1139 3529 γὰρ
1156 3457 1502 3530 διαλεκτικήν
1528 3475 1651 3512 τινα
1675 3457 1996 3526 ὑποφαίνειν

414 3549 624 3621 πλάνην
641 3551 699 3604 ἐν
720 3550 869 3622 αὐτῷ
891 3551 970 3623 τῷ
998 3550 1166 3606 αὑτοῦ
1182 3551 1543 3622 συντάγματι,
1573 3550 1651 3622 τῷ
1673 3550 1781 3604 οὐδ’
1797 3551 1893 3603 ἕνα
1909 3551 1998 3604 λό-

412 3655 511 3712 γον
524 3641 700 3713 ἔχοντι
717 3643 954 3704 πίστεως
967 3643 1067 3714 τῆς
1082 3643 1455 3713 ἁφελεστάτης
1465 3643 1560 3696 καὶ
1577 3644 1938 3715 ἀκεραιοτάτη
1946 3661 1993 3708 ς,

413 3735 511 3789 καὶ
539 3736 597 3787 ἐν
616 3730 895 3806 Πνεῦματι
922 3736 1063 3806 ἁγίῳ
1084 3738 1180 3790 καὶ
1202 3737 1361 3808 πράῳ
1383 3735 1823 3807 κεκοσμημένης.
1839 3737 1998 3789 Ὅλσν

414 3825 471 3878 δὲ
497 3826 670 3880 διόλου
693 3827 754 3881 τὸ
780 3827 970 3882 δοκοῦν
989 3827 1154 3882 αὑτοῦ
1187 3827 1522 3900 πονημάτιον
1544 3827 1606 3880 τὸ
1634 3829 1712 3891 είς
1740 3829 1889 3898 ἡμᾶς
1914 3827 1998 3880 ἐλι

417 3919 507 3973 θδν
535 3922 594 3974 ἐν
618 3920 856 3992 πρώτοις
889 3921 1185 3986 κατέταξα,
1217 3921 1304 3974 ἵνα
1327 3922 1420 3974 ἀπ’
1449 3917 1615 3973 αὑτοῦ
1643 3918 1998 3990 ποιησώμεθα

418 4015 557 4087 πρὸς
585 4016 748 4070 αὑτὸν
781 4015 880 4088 τὴν
918 4015 1114 4086 λοιπὴν
1142 4013 1456 4084 ἀνατροπὴν
1483 4012 1586 4082 τῆς
1617 4010 1924 4077 διαλέξεως.

2105 3367 2384 3424 nonnullis
2419 3367 2486 3422 ad
2515 3367 2782 3439 quosdam
2827 3366 3297 3437 disputationibus
3337 3365 3579 3437 scripsit,
3613 3367 3682 3421 ad

2103 3461 2255 3516 illum
2303 3459 2697 3516 confutandum
2747 3461 3150 3532 aggrediamur.
3212 3458 3426 3515 Etenim
3482 3459 3574 3513 illo
3625 3460 3682 3515 in

2103 3568 2300 3624 opere,
2356 3553 2501 3608 unde
2559 3553 2674 3608 haec
2719 3561 2974 3622 excerpta
3037 3560 3202 3617 sunt,
3255 3552 3693 3622 disputationem

2103 3635 2395 3716 quamdam
2441 3645 2647 3702 erroris
2681 3645 2896 3716 plenam
2928 3645 3197 3710 instituit;
3229 3661 3330 3701 nec
3364 3647 3420 3700 in
3448 3661 3515 3701 eo
3546 3647 3686 3700 libro

2103 3737 2188 3792 vel
2224 3736 2450 3791 minima
2483 3753 2583 3792 vox
2614 3747 2734 3802 est,
2773 3754 2896 3808 qu-.e
2935 3737 3313 3810 cum'integra
3342 3739 3688 3808 simplicique

2107 3827 2231 3892 ﬁde,
2261 3827 2428 3900 924
2455 3843 2619 3898 quam
2655 3837 2881 3884 sanctus
2935 3844 3000 3884 ac
3028 3838 3350 3885 mansuetus
3384 3829 3474 3884 ille
3513 3827 3689 3898 Spiri-

2106 3929 2196 3974 tus
2238 3919 2532 3980 ordinavit,
2570 3921 2845 3974 coluerere
2896 3921 3166 3975 videatur.
3213 3919 3318 3975 Sed
3349 3921 3527 3990 primo
3568 3919 3692 3974 loco

2107 4011 2640 4066 lucubratiunculam
2695 4012 2860 4074 illius,
2913 4027 3034 4081 quae
3098 4011 3164 4065 ad
3220 4026 3414 4066 manus
3468 4017 3687 4065 nostras

418 4109 688 4178 pervenit,
740 4107 1124 4164 ascribendum
1157 4109 1493 4177 putavimus,
1533 4111 1594 4159 ut
1616 4119 1680 4159 ex
1710 4105 2000 4174 ipsiusmet
2033 4106 2254 4176 scriptis
2281 4105 2546 4161 adversus
2592 4105 2744 4158 illum
2777 4105 3091 4174 disputare,
3152 4110 3206 4156 et
3257 4117 3380 4158 eum
3442 4099 3690 4155 refellere

421 4201 721 4273 possimus.

421 4316 532 4374 Kal
577 4315 712 4371 ἐστι
756 4315 900 4370 τόδε
935 4315 1002 4370 τὸ
1056 4314 1503 4442 σιῖτιιγμάτιον
1547 4315 1653 4369 τοῦ
1701 4315 2002 4384 Ἀνομοίου

1165 4403 1350 4440 ετιου.

1165 4403 1350 4440 ετιου.

495 4499 600 4554 lA'.
642 4499 948 4590 Ἐπειδὶγὲν
975 4498 1155 4571 καιρῷ
1192 4498 1300 4571 (89)
1329 4497 1424 4552 τοῦ
1459 4496 1846 4567 ἐπενεχθέντος
1873 4497 2006 4566 ἡμῖν

2361 4312 2608 4383 Sequitur
2642 4312 2779 4365 Aetii
2807 4311 3044 4364 Anomwi
3079 4309 3410 4378 opusculum.

2180 4495 2271 4549 XI.
2315 4493 2583 4562 Quoniam
2613 4489 3012 4563 persecutionis
3054 4488 3199 4542 illius
3229 4493 3494 4555 tempore,
3525 4499 3690 4555 quam

421 4592 666 4664 διωγμοῦ
700 4593 806 4646 ὑπὸ
827 4580 940 4646 τῶν
959 4591 1244 4664 χρονιτῶν,
1268 4591 1413 4655 τινὲς
1446 4591 1553 4644 τῶν
1569 4589 1999 4661 προειρημένων.

2111 4601 2302 4644 contra
2337 4603 2440 4642 nos
2471 4583 2787 4656 temporarii
2819 4581 3036 4652 quidam
3069 4579 3319 4634 homines
3358 4577 3689 4637 excitarunt.
3720 4578 3740 4587 '

427 4685 881 4756 σφετερισάμενοι
921 4684 1061 4756 μετὰ
1094 4685 1188 4738 καὶ
1217 4683 1391 4739 ἄλλων
1425 4682 1636 4736 πολλῶν
1670 4681 2009 4751 πονημάτιον

431 4779 764 4832 σπυδασθέν
799 4780 931 4850 ἡμῖν
983 4777 1294 4842 ἰδιαζόντως
1347 4779 1478 4848 περὶ
1532 4775 1828 4845 ἀγεννήτου
1875 4770 2011 4825 Θεοῦ

427 4874 526 4928 καὶ
561 4872 846 4944 γεννητοῦ,
887 4871 1262 4944 παρενθήκαις
1290 4889 1350 4925 τε
1401 4872 1495 4924 καὶ
1536 4867 1859 4938 άφαιρέσεσι
1895 4866 2011 4919 διαα

429 4964 750 5036 φθείραντες
809 4965 1119 5030 ἐξέδωκαν,
1173 4964 1270 5036 τὴν
1321 4963 1615 5018 ἀκόλουθον
1678 4959 2011 5032 ἀμείψαντες

2113 4679 2360 4736 nonnulli
2411 4694 2474 4732 ex
2522 4675 2590 4732 iis
2648 4689 2788 4745 quos
2831 4671 3091 4733 diximus,
3143 4670 3286 4722 inter
3332 4667 3438 4720 alia
3495 4665 3691 4723 multa.

2112 4772 2436 4842 epusculum
2473 4767 2744 4839 quoddam
2780 4764 3028 4835 privatim
3062 4776 3090 4814 a
3123 4760 3281 4814 nobis
3309 4757 3692 4813 elueubratum

2114 4865 2182 4919 de
2217 4861 2458 4933 ingenito
2498 4859 2606 4912 Deo
2651 4872 2715 4911 ac
2772 4857 2958 4926 genito
2989 4853 3380 4922 subripientes,
3415 4848 3696 4919 plerisque

2113 4955 2336 5017 additis,
2370 4961 2463 5006 aut
2487 4949 2769 5012 detractis,
2804 4944 3188 5014 interpolatum
3245 4956 3306 4994 ac
3337 4939 3694 5008 depravatum

507 5124 524 5154 ‘
551 5121 712 5176 Joan.
736 5137 834 5196 an,
865 5122 952 5176 49.
1029 5123 1048 5152 ¹
1078 5119 1237 5174 Joan.
1271 5136 1386 5180 xvi,
1407 5119 1496 5172 ΞΒ.
1575 5119 1596 5149 ³
1627 5115 1785 5170 Joan.
1821 5132 1859 5180 ι,
1891 5114 1977 5190 1-8.
2054 5113 2072 5144 ⁸
2105 5111 2241 5167 ibid.
2267 5110 2351 5163 Μ.

505 5241 618 5309 (89)
662 5237 896 5306 Ἐπειδὴ
937 5238 1007 5311 ἐν
1052 5233 1248 5311 καιρῷ-
1278 5233 1385 5286 τοῦ
1429 5229 1879 5311 ἐπενεχθέντος.
1941 5226 2015 5311 Es

437 5297 542 5366 hoc
574 5297 717 5381 A'etii
758 5297 1028 5381 opusculo
1057 5297 1405 5381 verissimum
1453 5318 1576 5381 esse
1610 5297 1839 5381 senties,
1866 5297 2015 5381 quod

435 5383 504 5437 de
527 5380 716 5437 eodem
753 5369 1006 5434 Sbcrates
1029 5419 1044 5441 ,
1078 5377 1314 5452 ‘Sozom.
1356 5385 1407 5428 et
1431 5374 1596 5452 paulo
1622 5380 1762 5452 ante.
1787 5369 2020 5439 Epipha-

439 5456 566 5508 nius
595 5460 782 5506 noster
815 5449 1212 5520 asseverabat)
1255 5459 1449 5520 nempe
1479 5443 1796 5520 sophisticis
1853 5455 2018 5520 argu-

438 5524 531 5579 tiis
590 5530 644 5577 et
677 5520 1122 5575 cavillationibus
1171 5516 1369 5570 fretqu
1399 5511 1615 5567 Aetium
1654 5511 1840 5566 fucum
1872 5511 2019 5564 veri-

441 5594 539 5666 tati
575 5591 794 5648 fecisse.
839 5591 947 5666 Sed
999 5605 1100 5666 cur
1147 5586 1402 5666 χρονίτας
1444 5589 1602 5665 vocat
1629 5597 1726 5666 eos
1757 5597 1788 5663 a
1820 5581 2021 5666 quibus

440 5663 733 5718 damnatus
758 5671 864 5723 est,
895 5651 1418 5715 nimiruanrianos
1460 5653 1654 5723 ipsos?
1683 5651 2020 5723 Epiphanius

441 5734 662 5806 quidem
711 5734 766 5788 in
798 5721 1210 5806 Responsione,
1240 5727 1367 5781 dum
1401 5721 1664 5804 χρόνιτῶν
1698 5721 2018 5806 vocab-tilum

442 5793 500 5860 i'n
543 5799 691 5872 ipsos
740 5793 1642 5872 retorquetiAnomceosfaitque
1694 5793 2019 5872 catholicam

444 5861 745 5930 Ecclesium
794 5861 1149 5944 temporalem
1188 5868 1294 5923 dici
1337 5881 1472 5944 non_
1503 5861 1692 5933 posse,
1758 5862 1902 5944 quod
1954 5861 2023 5944 al)

442 5953 652 6002 sterno
691 5944 854 6002 fuerit
879 5937 1000 6009 ,ita
1045 5940 1260 5996 videtur
1295 5937 1604 6007 accepisse,
1640 5937 1798 6004 quasi
1846 5937 2024 6002 χρονί-

2113 5242 2213 5288 τας
2244 5209 2588 5278 adversarios
2625 5233 2755 5274 suos
2779 5216 2968 5271 Aetius
2998 5211 3370 5288 appellaverit,
3397 5207 3544 5276 quod
3587 5206 3703 5288 illo-

2117 5279 2236 5352 rum
2269 5295 2400 5349 fides
2433 5307 2572 5346 nova
2610 5296 2757 5344 esset
2801 5302 2866 5342 ac
2905 5279 3134 5357 nupera.
3204 5279 3317 5334 Hoc
3373 5288 3558 5357 utrum
3598 5279 3705 5357 Ain-

2119 5349 2390 5421 tellexerit
2419 5363 2608 5417 Aetius
2635 5401 2650 5422 .
2693 5373 2801 5413 non
2850 5349 3012 5411 facile
3047 5353 3330 5432 dictucst.
3385 5349 3705 5432 A.n_potius
3756 5377 3766 5389 κ

2118 5435 2372 5508 χρονίίτας
2423 5433 2560 5488 dixit
2584 5473 2597 5496 ,
2615 5501 2624 5508 _
2641 5431 2744 5484 hoc
2798 5438 2884 5482 est
2910 5430 3353 5508 _temporarios_,_
3366 5430 3707 5508 minimeque

2119 5484 2370 5566 ἒῇζιίίίἔέῖ
2410 5484 2668 5570 εἷοηιιόὶιι
2707 5504 2960 5570 suscepta
2997 5484 3100 5548 ﬁde
3129 5496 3469 5570 constantes.
3489 5485 3607 5570 qui
3635 5484 3704 5570 ad

2120 5557 2468 5645 imperatoris
2499 5557 2689 5645 nutum
2720 5577 2774 5624 et
2800 5557 3029 5645 gratiam
3062 5577 3182 5645 sese
3229 5576 3296 5645 ac
3318 5557 3704 5645 credulitatem

2125 5624 2283 5701 £65.};
2301 5624 2832 5700 “accommodarent?
2858 5633 3176 5710 Cuiusmodi
3217 5631 3451 5710 Aeacius
3476 5669 3492 5694 ,
3520 5624 3707 5710 Eudo-

2307 5699 2374 5770 ac
2409 5713 2589 5769 caeteri
2610 5713 2870 5784 fuerunt,
2905 5699 3010 5784 qui.
3036 5700 3405 5784 Aetiumncu‘i
3435 5699 3707 5784 hactenus

2605 5764 2950 5850 imperatoris
2979 5777 3330 5850 dultﬂlﬁl'ﬂﬂL
3365 5769 3509 5850 sane
3539 5764 3707 5850 πρέσ-

2127 5835 2697 5930 ic‘uvp'o‘e:temperatis:
2741 5850 2926 5930 )iatth.
2965 5861 3087 5905 xm,
3123 5844 3218 5930 2i-..
3255 5835 3702 5930 appellaturzille,

2129 5911 2238 5999 qui.
2257 5911 2510 5997 suscepto
2544 5924 2633 5980 Dei
2672 5922 2836 5977 verbo
2872 5921 2924 5974 in
2953 5913 3331 5989 persecutione
3354 5911 3632 5965 desciscit.
