4134 6386
441 503 552 566 εἷὸ

1835 505 1895 564 S.
1935 507 2274 564 EPIPHANII

3611 505 3718 565 856

441 627 757 696 ediderunt,
789 631 1106 702 perturbata
1140 631 1368 702 insuper
1398 629 1611 688 ordinis
1647 631 1829 701 serie;
1868 641 2034 705 atque

2140 634 2365 707 ἀγωγήν
2387 651 2399 666 ·
2427 629 2560 706 ἦλθε
2599 633 2656 687 δέ
2702 631 2842 705 μετά
2863 630 3047 684 ταῦτα
3075 630 3211 684 αὑτὸ
3258 630 3338 694 είς
3367 627 3537 699 ἡμᾶς,
3576 625 3725 692 τινὸς

443 723 581 779 illud
623 724 764 780 idem
816 733 1005 795 postea
1057 724 1365 781 litterarum
1403 723 1627 796 quidam
1669 724 1735 779 ad
1769 741 1872 781 nos
1910 735 2031 781 stu-

444 814 638 872 diosus
669 817 883 881 attulit,
922 831 1150 871 necesse
1187 815 1372 884 habui,
1421 801 1607 886 utpote
1637 816 1789 874 illius
1816 828 2028 882 auctor,

405 970 408 973 ,
445 905 777 964 recensitum
831 924 895 962 ac
929 917 1280 979 repnrgatum
1306 924 1445 978 opus
1491 905 1636 964 istud
1673 909 1743 964 ad
1771 925 1870 965 vos
1905 911 2031 965 mit-

395 1029 413 1062 ,τ
443 1017 580 1066 tere,
635 1003 952 1074 quicunque
1002 1003 1222 1073 pietatis
1274 1003 1490 1057 athleta:
1537 1004 1827 1073 utriusque
1862 1019 2029 1060 sexus

366 1141 393 1152 ,.
443 1096 612 1159 estis,
660 1103 721 1149 ut
754 1095 1095 1166 intelligatis,
1129 1096 1265 1149 nihil
1309 1112 1421 1151 non
1457 1096 1512 1150 in
1539 1111 1605 1151 eo
1637 1112 1704 1151 ex
1740 1111 2026 1152 sacrarum

443 1183 776 1241 Litterarum
813 1201 1074 1256 germano
1130 1201 1254 1242 esse
1298 1201 1465 1242 sensu
1515 1185 1809 1257 prolatum.
1855 1187 2030 1257 Cujus

443 1275 663 1346 quidem
697 1275 950 1347 praesidio
998 1292 1095 1332 eos
1129 1292 1344 1342 omnes,
1395 1276 1488 1348 qui
1519 1275 1899 1333 contradicere
1937 1293 2032 1332 vo-

445 1367 678 1430 luerint,
724 1368 917 1438 paucis
945 1366 1276 1438 quibusdam
1319 1366 1558 1422 breviter
1589 1367 1824 1438 objectis
1850 1407 1865 1432 ,
1903 1382 2030 1438 pro-

445 1457 636 1514 hibere
665 1459 939 1530 poteritis,
971 1475 1040 1512 ne
1073 1457 1140 1512 de
1175 1458 1417 1528 ingenito
1443 1458 1554 1514 Deo
1587 1472 1651 1513 ac
1700 1459 1886 1529 genito
1920 1475 2033 1514 ser-

447 1568 665 1608 monem
693 1549 1044 1624 impudenter
1065 1551 1379 1615 instituant,
1415 1564 1480 1605 ae
1511 1552 1876 1620 temporarios
1905 1551 2029 1607 illos

431 1645 504 1701 .in
541 1645 753 1715 primis,
808 1659 948 1715 quos
983 1644 1160 1714 attigi.
1211 1642 1384 1698 Porro
1430 1643 1570 1698 hanc
1602 1643 2030 1714 disputationem

446 1737 503 1792 in
539 1736 720 1808 capita
755 1751 1014 1793 versuum
1046 1737 1099 1790 in
1132 1735 1354 1790 modum
1392 1735 1467 1790 ita
1497 1735 1850 1806 digessimus,
1892 1747 1952 1790 ut
1977 1742 2032 1790 et

445 1829 791 1903 objectiones
835 1827 973 1885 alias
1024 1846 1091 1886 ex
1127 1829 1271 1895 aliis,
1317 1835 1372 1885 et
1437 1829 1804 1908 quastionum
1838 1829 2235 1888 dissolutiones
2274 1841 2622 1890 necteremus

2136 729 2244 782 τῶν
2277 727 2582 782 σπουδαίων
2615 729 2748 797 ἡμῖν
2792 725 2924 778 αὑτὸ
2968 722 3500 796 προσκεκομικότος·
3553 721 3724 790 ἡναγ-

2137 819 2350 891 κάσθην
2383 815 2470 873 οἷα
2497 818 2681 888 πατὴρ
2724 813 2883 881 αὖθις
2911 814 3252 886 διακαθάρας
3285 812 3565 884 ἐκπέμψαι
3597 813 3724 882 ὑμῖν

2133 913 2196 967 τὸ
2231 913 2593 986 σύγγραμμα,
2630 907 2676 965 ὧ
2723 911 2928 973 πάντες
2961 907 3208 971 εὐσεϐεῖς
3255 906 3487 975 ἀθληταί
3528 921 3589 958 τε
3630 904 3725 958 καὶ

2135 1005 2450 1078 ἀθλήτριαι,
2481 1007 2630 1068 ὅπως
2667 1003 2734 1058 ἂν
2778 1003 2981 1057 εἰδέναι
3011 1000 3208 1072 ἔχοιτε,
3236 1001 3356 1054 κατ’
3379 999 3590 1054 ἔννοιαν
3617 996 3726 1050 τῶν

2137 1101 2307 1170 ἁγίων
2354 1098 2587 1171 Γραφῶν
2636 1097 2891 1170 εἰρῆσθαι
2949 1095 3106 1168 ήμῶν
3156 1093 3219 1147 τὸ
3278 1092 3492 1161 λόγιον·
3547 1091 3614 1144 δι’
3663 1081 3725 1142 οὗ

2138 1193 2320 1246 πάντα
2351 1191 2636 1262 ἄνθρωπον
2669 1188 2974 1259 ἀντιλέγειν
3017 1188 3148 1258 ὑμῖν
3188 1183 3572 1256 ἐπιχειροῦντα
3599 1181 3724 1253 περὶ

2140 1284 2440 1354 ἀγεννήτου
2488 1281 2626 1336 Θεοῦ
2671 1283 2768 1337 καὶ⁵
2798 1280 3064 1350 γεννητοῦ
3108 1279 3304 1332 παύειν
3353 1275 3727 1347 ἀναισχυντεῖν

2142 1377 2429 1448 συντόμοις
2453 1379 2744 1448 ἐπιφοραῖς
2773 1374 3074 1446 δυνήσεσθε
3097 1389 3112 1405 ο
3144 1373 3366 1430 πάντων
3390 1371 3448 1424 δέ
3494 1367 3727 1440 μάλιστα

2137 1466 2265 1528 τοὺς
2296 1465 2752 1536 προειρημένους,
2780 1466 2838 1518 ἐν
2867 1464 2997 1518 εῖδει
3026 1463 3136 1516 τῶν
3167 1460 3443 1534 στιχηρῶν
3479 1460 3565 1512 ἐπ’
3595 1456 3728 1512 ἀπύ-

2142 1569 2300 1627 ρησιν
2329 1557 2674 1627 άπορήσεως,
2713 1556 2808 1608 καὶ
2840 1554 2994 1607 λύσιν
3025 1553 3254 1616 λύσεως,
3286 1550 3376 1606 διὰ
3411 1549 3473 1603 τὸ
3505 1546 3727 1619 εὐπερί-

2138 1645 2368 1717 δρακτον
2400 1648 2495 1700 καὶ
2524 1648 2695 1718 σαφὲς
2727 1647 2836 1700 τῶν
2866 1647 3336 1718 ἐπιχειρημάτων,
3359 1641 3728 1714 ποιησάμενος

2138 1739 2238 1812 τὴν
2259 1741 2433 1811 ἀρχὴν
2461 1757 2528 1794 πε
2539 1741 2591 1811 pl.
2613 1741 2914 1810 άγεννήτου
2942 1739 3100 1793 Θεοῦ.

2688 1850 2699 1885 :
2763 1847 2874 1903 quo
2938 1841 2993 1889 et
3039 1833 3107 1886 ad
3152 1825 3725 1902 comprehendendum

447 1923 696 1979 laciliora
733 1930 788 1980 et
830 1921 1079 1994 planiora
1104 1961 1122 1987 ,
1170 1922 1376 1992 quibus
1425 1923 1664 1988 utimur,
1709 1928 2034 1991 argumenta
2068 1923 2225 1980 vobis
2258 1933 2465 1980 essent.
2507 1924 2590 1980 Ab
2625 1923 2870 1996 ingenito
2901 1939 3034 1979 vero
3083 1921 3196 1979 Deo
3244 1919 3564 1992 disputandi
3618 1915 3728 1972 ini-

449 2015 584 2070 tium
623 2007 875 2068 fecimus.

516 2101 560 2159 l.
605 2101 664 2162 Si
704 2101 983 2174 ingenitus
1036 2099 1203 2165 Deus,
1245 2100 1395 2172 quod
1420 2100 1666 2172 genitum
1704 2108 1811 2166 est,
1861 2099 2038 2156 facere

2213 2104 2294 2158 A’.
2335 2103 2397 2157 Εἰ
2427 2103 2653 2158 δυνατόν
2677 2105 2794 2157 ἐστι
2823 2101 2900 2174 τῷ
2923 2101 3206 2172 ἀγεννήτῳ
3230 2098 3351 2170 Θεῷ
3381 2100 3443 2154 τὸ
3469 2103 3728 2173 γεννητὸν

447 2194 750 2266 ingenitum
801 2200 1006 2263 potest,
1059 2191 1330 2261 siquidem
1390 2192 1703 2246 substantia
1738 2193 1918 2247 omnis
1955 2193 2038 2246 in-

446 2281 630 2355 genita
679 2289 785 2341 est,
818 2287 1037 2344 neutra,
1069 2281 1214 2351 quod
1246 2281 1312 2335 ad
1341 2295 1461 2336 eam
1494 2281 1868 2338 conditionem
1911 2283 2039 2336 atti-

447 2383 573 2441 net,
608 2375 814 2430 nullius
848 2381 908 2428 ut
941 2373 1248 2429 dominatui
1283 2374 1488 2439 subsit,
1520 2374 1589 2428 ab
1621 2374 1794 2429 altera
1822 2374 2038 2430 discreo

448 2465 621 2538 pabit.
673 2461 911 2532 Quinam
957 2465 1126 2536 igitur
1172 2465 1281 2519 dici
1339 2473 1520 2536 potest
1562 2466 1767 2521 mutari
1817 2466 2038 2537 quidem

449 2560 711 2623 alteram,
748 2559 978 2612 alteram
1024 2566 1270 2624 mutare,
1317 2572 1442 2612 cum
1487 2572 1555 2613 ex
1589 2559 1741 2612 nulla
1792 2559 2039 2629 subjecta

450 2651 683 2706 materia
726 2649 1028 2722 quidquam
1085 2649 1197 2705 Deo
1263 2649 1571 2720 producere
1623 2651 1852 2706 minime
1911 2666 2038 2721 per-

449 2743 706 2799 mittant?

519 2831 587 2889 ιι.
642 2833 699 2887 Si
746 2831 1024 2903 ingenitus
1068 2829 1213 2886 Deus
1260 2846 1428 2886 causa
1467 2840 1552 2888 est
1594 2831 1743 2886 omni
1784 2838 2042 2902 praestan-

451 2926 580 2990 tior,
614 2927 721 2989 erit
765 2925 929 2980 etiam
979 2923 1336 2994 generatione
1383 2924 1500 2994 ipsa
1537 2925 1930 2995 praestantior:
1970 2925 2037 2986 si.

451 3017 716 3089 inquam,
769 3017 956 3074 causis
1005 3016 1264 3071 omnibus
1324 3017 1643 3081 antecellit,
1699 3017 2041 3088 generationi

449 3111 638 3167 itidem
685 3111 994 3165 anteeellet.
1039 3107 1227 3178 Neque
1261 3110 1406 3164 enim
1463 3117 1557 3163 aut
1604 3111 1673 3164 ab
1724 3111 1896 3165 altera
1942 3125 2034 3164 na-

453 3215 612 3270 tura,
658 3215 721 3266 ut
771 3209 947 3268 esset,
1003 3203 1243 3272 accepit,
1290 3211 1384 3257 aut
1426 3203 1561 3257 illud
1617 3202 1736 3272 ipse
1763 3201 1868 3258 sibi
1906 3215 2041 3256 con-

453 3299 601 3352 tulit.

521 3389 686 3462 925
711 3387 800 3444 ill.
827 3389 946 3446 Jam
974 3405 1124 3448 vero.
1153 3388 1199 3443 si
1235 3387 1352 3458 ipse
1373 3387 1499 3454 sibi,
1536 3395 1595 3442 ut
1621 3384 2035 3452 esset,minime

2140 2197 2437 2266 ἀγέννητον
2467 2197 2712 2268 ποιῆσαι,
2749 2197 2797 2250 εί
2827 2198 2978 2250 πάσα
3029 2193 3188 2247 οὑσία
3222 2191 3370 2246 ἐστὶν
3413 2193 3728 2267 ἀγέννητος,

2141 2285 2466 2356 οὑδοποτέρα
2515 2285 2703 2338 διοίσει
2755 2285 2858 2355 τῆς
2904 2282 3074 2353 ἄλλης
3113 2281 3256 2334 κατὰ
3306 2280 3370 2334 τὸ
3408 2282 3726 2340 ἀδέσποτον.

2142 2375 2266 2440 Πῶς
2299 2373 2393 2429 οὖν
2444 2376 2510 2430 άν
2549 2393 2634 2438 τις
2675 2375 2812 2446 φαίη
2851 2374 2950 2445 τὴν
2986 2373 3087 2445 μὲν
3128 2371 3597 2443 μεταϐάλλεσθαι,
3631 2375 3731 2446 τὴν

2140 2467 2200 2522 δέ
2233 2467 2612 2539 μεταϐάλλειν,
2647 2469 2749 2521 οὑκ
2789 2464 3194 2539 ἐπιτρεπόντων
3230 2461 3310 2532 τῷ
3341 2462 3462 2535 Θεῷ
3490 2465 3724 2536 ὑφιστᾷν

2143 2564 2209 2616 ὲκ
2239 2563 2314 2633 μὴ
2342 2561 2714 2632 ὑποκειμένης
2741 2560 2910 2632 ὑλης;

2217 2841 2292 2894 B'.
2323 2841 2388 2895 Et
2422 2841 2603 2911 πάσης
2632 2839 2816 2904 αἰτίας
2841 2839 3108 2913 κρείττων
3128 2841 3364 2913 ὑπάρχει
3385 2836 3414 2892 ὁ
3439 2838 3736 2909 ἁγέννητος

2143 2932 2296 2997 Θεὸς,
2324 2933 2413 2986 διὰ
2441 2933 2600 2986 τοῦτο
2625 2933 2718 2986 καὶ
2749 2934 3017 3002 γενέσεως
3047 2933 3312 3005 κρείττων
3343 2933 3410 2987 ἂν
3438 2932 3527 3003 εἴη
3546 2951 3562 2964 ο
3589 2934 3638 2985 εί
3676 2930 3736 2985 δέ

2145 3027 2413 3097 κρείττων
2445 3026 2564 3079 ἐστὶ
2592 3025 2776 3097 πάσης
2811 3025 3012 3090 αἰτίας,
3047 3026 3293 3096 δηλονότι
3326 3027 3420 3078 καὶ
3444 3024 3735 3094 γενέσεως.

2145 3117 2285 3171 υὺτε
2307 3119 2419 3188 γὰρ
2447 3119 2578 3190 παρ’
2613 3119 2811 3190 ἐτέρας
2849 3117 3067 3188 φύσεως
3111 3117 3302 3188 εἴληφε
3331 3117 3390 3172 τὸ
3415 3114 3576 3184 εἶναι,
3612 3115 3738 3171 οὔτε

2145 3211 2310 3275 αὑτὸς
2343 3211 2524 3282 ἐαυτῷ
2556 3211 2617 3264 τὸ
2656 3206 2798 3265 εἶναι
2831 3211 3133 3282 παρέσχεν.

2217 3390 2291 3444 Γ’.
2333 3391 2396 3444 Et
2416 3389 2474 3442 δὲ
2505 3390 2668 3455 αὐτὸς
2700 3389 2880 3461 ἐαυτῷ
2925 3391 2986 3444 τὸ
3019 3387 3161 3444 εἶναι
3213 3390 3288 3460 μὴ
3339 3389 3636 3459 παρέσχεν,
3677 3387 3740 3441 οὐ

453 3460 710 3549 contulit,
744 3499 854 3537 non
883 3490 1105 3553 prepter
1138 3480 1302 3535 ullam
1333 3488 1546 3534 natura:
1573 3479 2031 3541 imbecillitatem,

2143 3484 2231 3538 διὰ
2263 3483 2324 3538 τὸ
2348 3483 2574 3547 ἀσθενὲς
2606 3483 2704 3554 τῆς
2731 3460 2967 3552 φύσεως,
3001 3482 3138 3536 ἀλλά
3158 3479 3248 3536 διὰ
3280 3481 3344 3534 τδ
3365 3479 3740 3551 ὑπερϐεϐηκέ-

454 3575 550 3632 sed
579 3574 724 3648 quod
756 3585 924 3632 eausa
967 3576 1042 3647 sit
1075 3572 1227 3628 omni
1277 3573 1548 3642 superior,
1579 3573 1702 3642 quis
1735 3571 2044 3626 subsisten-

457 3677 569 3724 tem
622 3675 875 3722 naturam
912 3667 981 3722 ab
1009 3681 1073 3722 ea
1104 3679 1228 3735 qua:
1267 3664 1658 3720 subsistentem
1703 3662 2044 3735 produxerit,

455 3759 596 3816 nihil
653 3758 708 3813 in
761 3759 1072 3815 substantia
1117 3757 1459 3812 discriminis
1506 3757 1710 3813 habere
1759 3757 2044 3822 fatebitur,

455 3867 581 3908 cum
615 3850 884 3920 ejusmodi
939 3845 1300 3906 subsistentia
1351 3848 1760 3916 generationem
1824 3860 2046 3902 omnem

455 3943 712 4000 excludat
726 3946 751 3998 ἰ

529 4030 616 4090 IV.
663 4037 718 4090 Si
769 4046 1033 4108 perpetuo
1071 4050 1134 4090 ac
1175 4036 1294 4091 sine
1355 4034 1468 4089 ullo
1504 4031 1609 4088 [ine
1636 4030 1781 4087 Deus
1809 4031 1864 4086 in
1894 4031 2047 4101 inge-

382 4164 385 4168 -
463 4127 582 4183 nita
609 4135 806 4184 natura
834 4127 1101 4198 persistit,
1134 4143 1198 4183 ac
1229 4129 1276 4184 si
1308 4126 1491 4198 genita
1523 4125 1742 4181 soboles
1781 4123 1901 4178 sine
1933 4123 2046 4178 ullo

457 4221 566 4275 ﬁne
588 4219 770 4290 genita
800 4227 906 4282 est,
940 4235 1106 4291 prava
1138 4219 1228 4274 illa
1257 4219 1324 4274 de
1361 4217 1687 4273 homoonsio
1752 4224 1807 4271 et
1834 4216 2046 4270 homm-

457 4313 618 4368 ousio
680 4312 954 4367 sententia
1006 4311 1407 4383 proﬂigabitur.
1460 4309 1595 4364 Cum
1657 4307 1791 4362 illud
1826 4307 2045 4363 interim

457 4403 514 4457 in
568 4401 856 4471 utriusque
889 4411 1103 4456 natura:
1133 4402 1403 4473 dignitate
1434 4406 1739 4462 remaneat,
1780 4405 1864 4462 ut,
1897 4397 2046 4468 quod

458 4496 528 4550 ad
588 4495 958 4551 substantiam
1013 4495 1230 4558 attinet,
1282 4492 1592 4562 comparari
1644 4491 1787 4545 inter
1821 4498 1895 4559 jse
1946 4505 2045 4545 ne-

459 4593 690 4658 queant.

529 4674 596 4734 V.
639 4678 698 4734 Si
753 4677 1030 4749 ingenitus
1078 4675 1388 4731 substantia
1435 4671 1576 4728 Deus
1617 4680 1722 4739 est,
1766 4671 1911 4742 quod
1952 4687 2045 4741 ge-

456 4772 635 4830 nitum
684 4780 770 4828 est
803 4788 909 4826 non
944 4769 1303 4825 distractione
1329 4766 1565 4838 quadam
1595 4764 1922 4821 substantiae
1949 4779 2041 4834 ge—

458 4865 638 4920 nitum
686 4872 790 4926 est,
835 4861 930 4916 sed
982 4861 1050 4914 ab
1100 4859 1434 4922 substantia,
1486 4870 1516 4909 a
1560 4871 1666 4926 qua
1715 4854 2042 4926 productum

457 4966 564 5024 est,
587 4955 852 5010 manavit.
884 4954 1096 5025 Quippe
1119 4953 1366 5008 eamdem
1400 4949 1764 5006 substantiam
1800 4948 2042 5018 genitam

460 5051 622 5106 simul
653 5057 707 5103 et
737 5047 1036 5118 ingenitam
1060 5059 1203 5110 esse,
1232 5042 1384 5098 nulla
1417 5057 1540 5097 cum
1575 5040 1778 5111 pietate
1808 5039 2044 5111 conjun-

459 5150 548 5198 cta
573 5142 716 5198 ratio
744 5141 972 5212 patitur.

529 5233 620 5289 VI.
662 5233 719 5289 Si
748 5235 993 5305 genitum
1028 5238 1114 5287 est
1139 5229 1272 5284 illud
1304 5228 1506 5300 ipsum,
1545 5227 1690 5298 quod
1721 5233 1806 5283 est
1837 5226 2048 5300 ingeni-

459 5337 599 5390 tum,
621 5327 751 5397 quid
771 5326 938 5381 etiam
959 5324 1229 5395 prohibet,
1261 5321 1408 5392 quod
1425 5320 1666 5391 genitum
1690 5329 1803 5385 est,
1832 5319 2045 5391 ingeni-

462 5431 575 5475 tum
631 5420 836 5477 fuisse?
891 5418 1176 5490 Siquidem
1224 5423 1422 5470 natura
1454 5415 1636 5469 omnis
1670 5413 1738 5468 ad
1770 5414 1823 5467 ἱι]
1845 5453 1861 5479 ,
1895 5413 2045 5484 quod

461 5519 752 5583 cognatum
803 5511 906 5568 sibi
952 5518 1057 5574 est,
1111 5507 1286 5580 magis
1315 5522 1478 5579 quam
1517 5505 1585 5560 ad
1615 5506 1853 5560 alienum
1886 5521 2044 5577 pere-

461 5609 787 5676 grinumque
810 5605 1052 5661 festinat.

537 5695 647 5750 VII.
691 5695 746 5750 Si
789 5704 939 5751 totus
985 5709 1096 5749 non
1138 5703 1224 5749 est
1265 5692 1544 5763 ingenitus
1589 5687 1757 5757 Deus,
1797 5688 1934 5744 nihil
1966 5695 2052 5744 est

465 5789 611 5859 quod
644 5790 846 5855 obstet,
877 5788 1174 5860 quominus
1217 5785 1518 5861 secundum
1558 5782 1922 5841 substantiam
1959 5795 2052 5853 ge-

540 5945 558 5980 ¹
593 5945 724 6004 Cor.
763 5945 1150 6022 προσιεμένης.

2145 3591 2235 3631 ναι
2261 3577 2444 3630 πᾶσαν
2484 3574 2662 3628 αἰτίαν
2681 3591 2694 3604 ·
2727 3575 2892 3628 πόθεν
2917 3575 2984 3630 άν
3013 3591 3097 3639 τις
3128 3575 3226 3645 τὴν
3258 3575 3570 3627 ὑποστάσαν
3605 3571 3741 3643 πρὸς

2146 3670 2248 3742 τὴν
2279 3671 2668 3742 ὑποστήσασαν
2700 3669 2864 3740 φύσιν
2889 3669 2952 3722 τὸ
2989 3667 3413 3740 ἀπαράλλακτον
3444 3668 3524 3723 είς
3552 3665 3742 3719 οὑσίαν

2146 3763 2290 3835 ἔχειν
2340 3765 2750 3836 συγχωρήσειε,
2793 3763 2854 3817 οὑ
2913 3761 3245 3834 προϊεμένης
3273 3762 3291 3792 ί
3327 3760 3429 3830 τῆς
3483 3759 3742 3828 τοιαύτης

2147 3856 2506 3921 ὑποστάσεως
2531 3856 2778 3927 γένεσινς

2219 4040 2294 4090 Δ¹.
2335 4037 2425 4090 Ei‘
2458 4035 2837 4106 άτελευτήτως
2869 4035 2899 4087 ὁ
2932 4032 3066 4095 Θεὸς
3097 4029 3342 4102 διαμένει
3373 4027 3432 4079 ἐν
3460 4025 3742 4095 ἀγεννὴτῳ

2149 4129 2330 4198 φύσει,
2361 4129 2458 4183 καὶ
2505 4128 2878 4198 ἀτελευτήτως
2920 4124 2982 4178 τὸ
3013 4123 3259 4192 γέννημα
3290 4119 3540 4190 γέννημά
3568 4117 3736 4180 ἐστιν,

2146 4223 2180 4291 ἡ
2210 4220 2306 4275 τοῦ
2339 4221 2630 4293 ὁμοουσίου
2677 4220 2772 4272 καὶ
2799 4216 2894 4271 τοῦ
2916 4215 3226 4288 ὁμοιουσίου
3259 4211 3549 4276 κακοδοξία
3600 4224 3742 4278 παρα

2148 4312 2598 4384 εισφθαρήσεται.
2633 4312 2880 4364 Ἵσταται
2909 4309 2966 4361 δὲ
3004 4307 3065 4361 τὸ
3104 4308 3162 4360 ἐν
3205 4305 3362 4375 οὐσία
3407 4301 3741 4371 ἀσύγκριτον

2148 4405 2419 4478 ἑκατέρας
2449 4405 2666 4474 φύσεως
2700 4399 2994 4473 ἀξιώματι.

2212 4687 2289 4742 E'.
2359 4687 2424 4741 Et
2473 4685 2771 4758 ἀγέννητὸς
2816 4687 2964 4739 ἐστιν
3009 4685 3038 4736 ὁ
3081 4683 3214 4748 Θεὸς
3263 4683 3362 4755 τὴν
3395 4681 3607 4741 οὑσίαν.
3642 4680 3745 4734 οὑκ

2073 4810 2119 4867 D
2147 4779 2338 4843 οὑσίας
2361 4779 2641 4834 διαστάσει
2670 4778 2730 4832 τὸ
2763 4776 3021 4867 γεννητὸν
3067 4774 3356 4846 ἐγεννήθη,
3400 4773 3520 4867 atth
3551 4772 3611 4838 ἐξ
3649 4773 3746 4826 οὑ-

2153 4870 2272 4933 σίας
2308 4869 2697 4940 ὑποστησάσης
2747 4867 2899 4922 αὑτό.
2932 4866 3043 4939 Τὴν
3077 4867 3184 4937 γὰρ
3208 4867 3379 4937 αὑτὴν
3400 4864 3588 4918 οὐσίαν
3649 4864 3745 4918 καὶ

2149 4961 2415 5033 γεννητὴν
2469 4957 2608 5015 εἶναι
2659 4962 2754 5016 καὶ
2788 4961 3082 5031 ἀγέννητον
3107 4959 3281 5022 οὐδεὶς
3327 4957 3483 5022 λόνος
3515 4956 3747 5028 εὐσεϐὴς

2149 5055 2454 5125 ἐπιτρέπει.

2231 5237 2321 5304 ιτ.
2364 5237 2427 5290 Et
2469 5237 2531 5291 τὸ
2569 5237 2867 5308 ἀγέννητον
2895 5236 3184 5308 ἐγεννήθη,
3213 5235 3268 5289 τί
3299 5233 3498 5289 κωλύει
3527 5233 3589 5288 τὸ
3621 5250 3744 5303 γεν⁸

2155 5331 2314 5400 νητὸν
2364 5331 2663 5402 ἀγέννητον
2691 5329 3006 5400 γεγονέναι;
3056 5327 3273 5383 Μᾶλλον
3305 5327 3416 5400 γὰρ
3456 5325 3549 5380 τοῦ
3601 5326 3748 5379 ἀνοι-

2155 5422 2306 5478 κείου
2341 5425 2434 5478 ἐπὶ
2461 5423 2522 5478 τὸ
2547 5422 2718 5495 αὐτῆς
2746 5425 2945 5477 οἰκεῖον
2975 5421 3255 5491 ἐπείγεται
3282 5422 3431 5475 πάσα
3465 5417 3648 5490 φύσις.

2228 5689 2302 5742 Ζ’.
2344 5687 2408 5742 Εἰ
2441 5687 2518 5759 μὴ
2554 5687 2676 5752 ὅλος
2704 5689 2734 5742 ὑ
2759 5687 2893 5752 Θεὸς
2923 5686 3220 5758 ἀγέννητὸς
3259 5687 3430 5751 ἐστιν,
3457 5683 3608 5739 οὐδὲν
3632 5698 3744 5736 κω-

2155 5777 2274 5834 λύει
2325 5779 2388 5835 τὸ
2439 5779 2829 5854 γεγεννηκέναι
2875 5779 3165 5846 οὑσιωδῶς.
3222 5779 3287 5835 Εῑ
3334 5777 3392 5834 δὲ
3437 5777 3557 5842 ὅλος
3597 5774 3745 5831 ἐστὶν
