4134 6386
485 390 600 449 837
1105 394 1480 453 ADVERSIYS
1519 397 1865 454 "ERESES
1901 399 2034 457 LIB.
2077 400 2164 456 Ill.
2209 401 2372 460 ΤΟΜ.
2413 408 2456 461 1.
2500 434 2568 446 -
2607 402 2886 459 HEBES.
2927 404 3168 460 LXXVI.
3684 404 3790 462 558

481 509 801 580 ἀγέννητος,
827 508 929 564 οὐκ
956 508 1230 576 οὐσιωδῶς
1263 514 1347 578 είς
1371 513 1584 583 γένεσιν
1611 515 1818 588 διέστη,
1858 517 2078 590 ἐξουσίᾳ
2105 574 2113 588 γ

2145 572 2150 587 _
2179 521 2383 576 nuerit.
2424 519 2520 577 Sin
2570 528 2722 578 totus
2765 520 3045 592 ingenitus
3075 530 3182 582 est.
3216 537 3327 577 non
3359 529 3446 579 est
3475 521 3777 579 secundum

478 600 539 658 δὲ
568 600 845 674 ὑπέστησε
873 601 934 656 τὸ
963 602 1233 676 γέννημα.

2181 611 2549 668 substantiam
2602 613 2955 683 generatione
3011 613 3334 679 distractus,
3385 615 3484 671 sed
3531 631 3598 671 ex
3649 617 3779 672 sub—

577 713 583 720 ‘
2179 705 2386 760 stantia
2417 721 2514 760 sua
2547 706 2786 776 genitam
2819 706 2967 760 illam
2993 721 3022 759 a
3049 722 3109 762 se
3139 706 3384 763 sobolem
3417 708 3706 779 produxit.

552 792 634 845 H'.
677 792 741 845 El
785 790 908 856 ὅλος
960 791 1076 845 ἐστὶ
1118 792 1436 864 γεννητικὸς
1483 794 1513 847 ὁ
1569 793 1864 866 ἀγέννητος
1919 794 2072 860 Θεὸς,

2252 793 2389 851 Vlll.
2432 794 2492 850 Si
2517 796 2794 865 ingenitus
2822 795 2966 852 Deus
3005 805 3156 854 totus
3185 806 3270 854 est
3303 800 3528 869 genitali
3556 799 3609 854 vi
3642 815 3777 872 pra!-

478 883 580 936 οὐκ
604 882 881 946 οὐσιιώὦς
911 882 974 936 τὸ
1025 882 1280 955 γεννηθὲν
1324 884 1612 957 ἐγεννήθη,
1659 885 1788 958 ὅλης
1841 886 2074 958 ἐχούσης

2177 887 2366 951 ditus,
2412 889 2558 960 quod
2613 889 2858 959 genitum
2907 898 2993 945 est
3037 889 3341 945 secundum
3381 890 3773 961 substantiam,

476 976 576 1046 τῆς
601 974 788 1037 οὐσίας
805 973 970 1029 αὐτοῦ
1008 975 1069 1028 τὸ
1100 977 1318 1047 γεννᾷν,
1349 976 1465 1030 ἀλλ’
1497 978 1559 1030 οὐ
1596 977 1657 1032 τὸ
1685 979 2000 1048 γεννᾶσθαι.

2176 996 2286 1034 non
2320 987 2405 1035 est
2435 981 2706 1052 genitum,
2745 998 2872 1036 cum
2910 983 3010 1036 toti
3045 983 3192 1038 illius
3217 984 3545 1040 substantia:
3570 1001 3680 1040 non
3716 995 3773 1040 nt

2173 1082 2490 1145 generetur,
2527 1075 2622 1130 sed
2655 1083 2713 1129 ut
2741 1083 2988 1146 generet,
3016 1075 3243 1130 insitum
3277 1076 3382 1130 sit.

549 1179 626 1234 8'.
669 1179 733 1233 El
783 1180 842 1234 δὲ
881 1180 1460 1253 μετασχηματισθετσα
1516 1185 1550 1255 ή
1589 1183 1749 1238 οὐσία
1795 1182 1888 1238 τοῦ
1933 1182 2071 1238 Θεοῦ

2242 1186 2336 1245 1X.
2375 1187 2532 1254 Quod
2584 1189 2629 1244 si
2688 1189 2742 1244 in
2799 1191 2962 1244 aliam
3013 1189 3244 1244 formam
3291 1196 3624 1244 commutata
3673 1188 3770 1244 Dei

475 1273 721 1346 γέννημα
751 1272 990 1342 λέγεται,
1027 1275 1128 1328 οὐκ
1172 1275 1552 1347 ἀμετάϐλητος
1595 1276 1629 1348 ἠ
1678 1277 1838 1331 οὐσία
1881 1274 2068 1343 αὐτοῦ,

2173 1282 2486 1337 substantia
2530 1281 2748 1338 soboles
2798 1282 3026 1347 dicitur,
3073 1299 3185 1338 non
3234 1284 3340 1338 erit
3389 1284 3479 1338 illa
3517 1283 3634 1353 ipsa
3675 1282 3767 1338 Dei

473 1361 576 1435 τῆς
608 1361 911 1435 μεταϐολῆς
942 1365 1328 1438 ἐργασαμένης
1360 1367 1462 1440 τὴν
1489 1366 1620 1422 Υἱού
1653 1368 1995 1440 ίδιοποίησιν.

2172 1372 2485 1428 substantia
2539 1374 2864 1431 mutationis
2910 1391 3146 1446 expers,
3193 1392 3318 1432 cum
3372 1379 3595 1448 propria
3645 1375 3766 1433 Filii

2172 1465 2421 1520 conditio
2454 1469 2764 1524 mutatione
2795 1468 3100 1524 constituta
3130 1469 3223 1524 sit.

543 1560 599 1615 1'.
639 1561 704 1614 El
731 1561 788 1615 δὲ
815 1562 902 1634 εἴη
925 1564 1021 1618 καὶ
1044 1565 1442 1637 ἀμετάϐλητος,
1469 1568 1564 1622 καὶ
1591 1569 1862 1638 γενέσεως
1887 1570 2071 1642 κρείτ-

2242 1575 2311 1631 Χ.
2358 1575 2515 1643 Quod
2578 1577 2626 1630 si
2681 1575 2864 1631 divina
2926 1578 3237 1634 substantia
3298 1579 3621 1637 mutationis
3681 1592 3766 1637 est

467 1665 578 1706 των
607 1653 641 1725 ἡ
670 1655 830 1709 οὐσία
863 1655 957 1710 τοῦ
991 1656 1150 1722 Θεοῦ,
1184 1659 1246 1711 τὸ
1287 1659 1429 1713 κατά
1477 1659 1569 1714 τὸν
1612 1661 1740 1714 Υίδν
1779 1661 1884 1726 ἓως
1907 1663 2069 1734 ψιλῆς

2169 1669 2353 1723 omnis
2395 1682 2618 1738 expers,
2665 1675 2719 1722 et
2765 1669 3124 1739 generatione
3175 1672 3450 1742 superior,
3496 1673 3763 1746 quidquid

470 1745 845 1818 προσηγορίας
876 1746 1370 1820 ὀμολογηθήσεται.

2171 1759 2238 1813 ad
2263 1758 2463 1814 Filium
2492 1760 2750 1830 pertinet,
2785 1761 2904 1818 sola
2933 1761 3201 1818 duntaxat
3239 1764 3606 1835 appellatione
3636 1745 3765 1838 pro-

2171 1852 2474 1911 ﬁtebimur.

535 1965 642 2021 lA’.
684 1969 750 2024 Εἰ
782 1969 1174 2042 σπερματικῶς
1203 1966 1270 2043 ἦν
1303 1971 1360 2024 ὲν
1393 1970 1471 2042 τῷ
1504 1971 1787 2043 ἀγεννήτῳ
1836 1971 1956 2043 Θεῷ
2008 1970 2069 2025 τὸ
2100 1955 2142 2010 Β

2130 1957 2142 2009 ι
2242 1963 2333 2020 XI.
2379 1962 2436 2019 Si
2469 1965 2523 2020 in
2557 1966 2806 2038 ingenito
2849 1966 2962 2023 Deo
2991 1969 3174 2038 genita
3207 1971 3449 2038 soboles,
3489 1973 3640 2028 velut
3671 1989 3762 2030 se-

463 2058 734 2131 γέννημα,
769 2063 910 2132 μετά
945 2063 1044 2134 τὴν
1083 2063 1339 2135 γέννησιν
1374 2062 1573 2129 ἔξωθεν
1606 2062 1952 2135 προσλαϐὼν.
1990 2063 2067 2128 ὡς

2167 2057 2314 2112 mine
2371 2058 2633 2128 quodam,
2685 2059 3108 2124 continebatur,
3169 2071 3293 2133 post
3352 2066 3761 2134 generationem

467 2153 534 2206 ἂν
577 2151 722 2206 εἴποι
756 2171 863 2219 τις,
910 2155 1184 2226 ἠνδρώθη.
1236 2156 1453 2220 Τέλειος
1506 2152 1602 2210 οὖν
1640 2157 1788 2210 ἐστιν
1840 2157 1868 2209 6
1915 2155 2064 2222 Υἱὸς,

2165 2149 2348 2220 aliqua
2378 2165 2437 2204 re
2475 2150 2825 2207 extrinsecus
2849 2161 3155 2225 assumpta,
3207 2155 3530 2212 conﬁrmata
3575 2173 3763 2214 corro-

463 2245 564 2298 οὐκ
597 2243 658 2310 ἐξ
689 2239 764 2300 ὧν
794 2247 1085 2319 ἐγεννήθη,
1125 2247 1240 2301 ἀλλ’
1271 2248 1330 2315 ἐξ
1368 2242 1443 2303 ὧν
1474 2248 1800 2321 προσέλαϐε.
1838 2248 1920 2303 Τὰ
1951 2247 2064 2319 γὰρ

2165 2242 2468 2313 borataque
2503 2243 2686 2298 fuerit.
2721 2246 3090 2311 Quamobrem
3117 2254 3224 2302 nan
3259 2265 3325 2303 ex
3360 2251 3428 2305 iis
3456 2267 3578 2321 qua:
3604 2267 3765 2323 gene-

463 2339 808 2408 συγγενικῶς
862 2341 1374 2414 προσλαμϐάνοντα,
1425 2341 1502 2405 ὡς
1533 2343 1594 2408 ἐξ
1647 2342 1872 2396 ἐκείνων
1941 2359 2066 2396 συν-

2164 2335 2374 2388 ratione
2426 2335 2660 2390 sortitus
2707 2345 2813 2395 est.
2863 2339 2961 2393 sed
3014 2355 3081 2394 ex
3122 2341 3291 2412 926
3339 2343 3598 2399 ascititiis
3648 2343 3760 2400 illis

459 2431 696 2497 εστῶτα,
725 2433 788 2486 τὸ
815 2433 912 2487 τοῦ
951 2435 1161 2489 τελείου
1214 2435 1388 2507 ονομα
1433 2435 1708 2508 διαφόρως
1735 2434 2058 2509 προσίεσθαι

2167 2426 2332 2481 habet
2374 2425 2568 2492 Filius,
2607 2437 2665 2481 ut
2710 2429 2991 2499 perfectus
3039 2433 3436 2504 absolutusque
3490 2435 3583 2491 sit.
3622 2434 3759 2490 Nam

459 2524 695 2594 πέφυκε.
2170 2538 2516 2593 quaecunque
2564 2525 2894 2579 naturaliter
2950 2527 3326 2583 accessionem
3371 2529 3614 2600 aliquam
3660 2545 3760 2586 ca-

457 2617 652 2690 piunt,
710 2627 897 2691 utpote
931 2636 997 2677 ex
1029 2620 1138 2676 illis
1179 2620 1316 2692 ipsis
1357 2623 1692 2690 constituta,
1733 2619 1963 2693 perfecti
2015 2631 2215 2674 nomen
2244 2614 2463 2669 diversa
2509 2615 2748 2684 quadam
2797 2615 3010 2672 ratione
3047 2619 3225 2673 solent
3270 2620 3579 2676 admittere.

528 2729 627 2787 IB'.
671 2733 735 2786 Ei.
767 2733 974 2788 τέλειον
1006 2729 1075 2806 ἦν
1107 2735 1356 2806 γέννημα
1385 2737 1444 2789 ὲν
1467 2736 1770 2806 ἀγεννήτῳ,
1805 2733 2054 2805 γέννημά

2235 2725 2352 2782 Xll.
2397 2726 2454 2781 Si
2501 2726 2744 2798 perfecta
2775 2729 2828 2782 in
2863 2728 3110 2797 ingenito
3149 2731 3332 2802 genita
3369 2733 3586 2788 soboles
3614 2742 3758 2799 erat,

456 2823 596 2885 ἐστι,
649 2825 744 2878 καὶ
787 2825 888 2878 οὐκ
938 2825 998 2890 ἐξ
1045 2819 1120 2880 ὧν
1157 2829 1187 2880 6
1234 2827 1527 2898 ἀγέννητος
1560 2828 1690 2882 αὐτὸ
1738 2829 2048 2898 ἐγέννησεν.

2160 2823 2344 2893 genita
2382 2822 2601 2876 soboles
2630 2829 2715 2876 est
2747 2838 2858 2876 non
2889 2840 2952 2877 ex
2992 2824 3081 2883 iis.
3107 2841 3230 2894 quae
3261 2841 3383 2879 cum
3419 2827 3489 2880 ab
3513 2825 3753 2895 ingenito

453 2915 726 2986 Γεννητὴν
760 2917 871 2988 γὰρ
904 2917 1066 2986 φύσιν
1089 2920 1148 2972 ὲν
1178 2920 1463 2992 ἀγεννήτῳ
1491 2920 1648 2992 οὐσίᾳ
1693 2922 1793 2974 οὐκ
1841 2921 2052 2991 ἐνδέχε-

2158 2915 2475 2986 gigneretur
2511 2914 2776 2968 obtinuit.
2813 2913 2950 2968 Nam
2982 2917 3166 2986 genita
3200 2924 3395 2971 natura
3428 2920 3480 2971 in
3511 2916 3754 2990 ingenita

451 3025 543 3064 ται
574 3005 750 3063 εἶναι’
791 3010 852 3064 τὸ
879 3010 989 3083 γάρ
1017 3009 1150 3065 αὐτὸ
1183 3008 1323 3065 εἷναί
1353 3013 1414 3066 τέ
1455 2996 1592 3080 εστι,
1625 3015 1720 3067 καὶ
1773 3013 1848 3086 μὴ
1885 3009 2047 3067 εἶναι.

2159 3008 2470 3064 substantia
2499 3023 2623 3063 esse
2647 3024 2756 3062 non
2793 3017 2974 3078 potest
3002 3029 3016 3074 ;
3056 3019 3204 3065 esset
3232 3013 3377 3065 enim
3407 3012 3570 3066 simul
3610 3012 3751 3066 idem

453 3102 708 3174 Γέννημα
729 3104 838 3175 γὰρ
873 3104 1174 3175 ἀγέννητον
1220 3106 1322 3159 οὐκ
1369 3104 1507 3173 ἐστι,
1541 3107 1636 3159 καὶ
1662 3105 1958 3177 ἀγέννητον
1991 3104 2050 3158 ὃν

2158 3117 2212 3159 et
2244 3119 2352 3158 non
2383 3112 2550 3158 esset.
2605 3100 2741 3156 Nam
2789 3102 2937 3172 quod
2986 3105 3234 3174 genitum
3285 3111 3388 3169 est,
3450 3104 3750 3173 ingenitum

451 3196 704 3268 γέννημα
728 3198 830 3251 οὐκ
858 3195 947 3269 ἦν,
979 3199 1075 3252 τοῦ
1105 3199 1584 3275 ἀνομοίουνμέρους
1599 3202 1695 3254 ἐπὶ
1717 3200 1854 3255 Θεοῦ
1881 3200 2048 3271 βλασ-

2117 3206 2126 3257 ζ
2163 3214 2270 3251 non
2303 3205 2408 3259 est,
2438 3207 2493 3251 et
2528 3196 2674 3266 quod
2709 3196 3010 3267 ingenitum
3053 3205 3160 3256 est.
3203 3199 3446 3266 genitum
3481 3213 3589 3251 non
3627 3197 3749 3252 fuit.

453 3292 668 3363 φημίας
699 3291 870 3345 τύπον
900 3295 994 3347 καὶ
1026 3293 1184 3366 ὓϐριν
1217 3295 1532 3364 ἐπέχοντος.

2153 3289 2387 3361 Quippe.
2416 3290 2743 3346 dissimilem
2793 3289 3032 3357 aliquam
3089 3291 3196 3344 lleo
3231 3299 3438 3360 partem
3474 3290 3749 3359 allingere,

2147 3383 2422 3438 maledicti
2455 3383 2510 3435 in
2560 3380 2804 3435 divinum
2856 3380 3066 3435 Numen
3119 3396 3182 3434 ac
3232 3384 3577 3436 contumelia:
3627 3397 3754 3453 spe-

2144 3475 2292 3530 ciem
2329 3473 2574 3543 praefert.

521 3559 620 3614 II".
660 3561 726 3614 El
758 3562 1054 3632 ἀγεννήτω)
1084 3561 1299 3632 φύσεως
1329 3563 1592 3634 ὑπάρχων
1621 3563 1649 3616 6
1675 3562 1810 3626 Θεὸς
1839 3565 1867 3617 6
1904 3581 2044 3618 παν-

2225 3565 2362 3621 ΧΙΙΙ.
2419 3565 2476 3620 Si
2529 3567 2771 3637 ingenita
2823 3574 3018 3620 natura
3065 3557 3325 3635 praeditus
3378 3563 3522 3621 Deus
3570 3565 3749 3621 omni-

449 3652 759 3726 τοκράτωρ,
804 3655 1073 3727 γεννητῆς
1105 3655 1322 3724 φύσεως
1367 3656 1467 3710 οὐκ
1496 3653 1637 3711 οἶδεν
1681 3657 1894 3722 ἑαυτὸν,
1927 3659 1956 3710 6
1987 3656 2044 3710 δὲ

2145 3667 2341 3730 potens
2391 3659 2589 3730 genitae
2651 3668 2866 3714 naturae
2918 3657 3292 3713 conditionem
3356 3659 3410 3712 in
3464 3674 3587 3713 sese
3638 3673 3749 3714 non

451 3742 601 3810 Υἱὸς,
654 3745 920 3815 γενητῆς
968 3744 1184 3814 φύσεως
1232 3746 1529 3817 ὑπάρχων,
1582 3745 1742 3799 τοῦτο
1784 3744 2042 3815 γινώσκει

2144 3751 2434 3821 agnoscit;
2471 3751 2644 3807 Filius
2676 3769 2826 3819 vero,
2881 3754 3122 3825 genitam
3177 3754 3443 3807 'naturam
3505 3753 3739 3817 habens,

451 3837 664 3902 ἑαυτὸν,
692 3839 830 3909 ὅπερ
858 3837 996 3890 ὲστί·
1033 3837 1150 3901 πῶς
1177 3839 1277 3891 οὐκ
1307 3839 1372 3892 ἀν
1403 3838 1490 3908 εἴη
1507 3839 1568 3891 τὸ
1587 3839 1876 3909 ὁμοούσιον
1907 3837 2043 3908 ψεῦ-

2147 3841 2424 3910 ejusmodi
2459 3858 2540 3907 se,
2572 3845 2755 3914 qualis
2783 3854 2888 3909 est,
2935 3844 3208 3914 agnoscit,
3261 3859 3446 3898 nonne
3490 3852 3608 3898 tota
3655 3843 3748 3898 illa

449 3932 561 3996 δος,
589 3931 683 3984 τοῦ
735 3931 834 4003 μὲν
874 3929 1236 4000 γινώσκοντος
1268 3930 1460 3985 ἑαυτὸν
1503 3931 1819 4004 ἀγέννητον,
1853 3932 1948 3986 τοῦ
1986 3931 2042 3985 δὲ

2145 3936 2640 3991 consubstantialis
2691 3941 2835 3993 ratio
2888 3937 3126 3992 mendax
3177 3947 3356 3992 cstac
3413 3936 3575 3998 falsa.
3621 3951 3747 3991 cum

450 4023 749 4094 γεννητόν;
2143 4031 2282 4084 alter
2313 4031 2614 4099 ingenitum
2651 4045 2793 4093 sese,
2833 4031 3080 4099 genitum
3115 4029 3254 4083 alter
3285 4029 3605 4098 agnoscat?

526 4123 624 4175 IA'.
667 4123 729 4174 Εἰ
772 4121 847 4194 μὴ
895 4121 955 4176 τὸ
985 4121 1281 4195 ἀγέννητον
1312 4123 1412 4195 τὴν
1446 4123 1747 4177 ὑπόστασιν
1773 4123 1866 4178 τοῦ
1905 4123 2042 4178 Θεοῦ

2223 4121 2364 4176 XIV.
2413 4122 2471 4176 Si
2520 4122 2751 4191 ingeniti
2804 4138 2908 4176 vox
2954 4121 3047 4175 Dei
3103 4121 3470 4176 substantiam
3522 4121 3747 4176 minime

453 4215 823 4286 παρίστησιν,
903 4215 1019 4270 ἀλλ’
1077 4217 1322 4280 ἐπινοίας
1377 4217 1526 4269 ἐστὶν
1579 4217 1928 4288 ἀνθρωπίνης
1983 4218 2044 4271 τὸ

2149 4213 2462 4283 signiticat,
2501 4213 2598 4267 sed
2633 4211 3068 4281 ineomparabile
3118 4210 3254 4267 illud
3305 4225 3504 4264 nomen
3538 4210 3608 4264 ab
3643 4211 3747 4264 hu-

453 4309 785 4380 ἀσύγκριτον
817 4307 1007 4379 ὄνομα,
1048 4309 1210 4381 χάριν
1256 4311 1371 4372 τοῖς
1410 4310 1731 4382 ὲπινοήσασι
1782 4308 2041 4378 γινώσκει

2143 4305 2324 4360 Inanis
2373 4305 2612 4375 ingeniis
2658 4305 3028 4374 excogitatum
3089 4311 3206 4366 est,
3265 4302 3416 4358 Deus
3471 4301 3543 4357 ob
3595 4302 3745 4357 istud

452 4403 483 4455 6
524 4401 678 4465 Θεὸς,
729 4400 818 4454 διὰ
863 4402 964 4471 τὴν
1011 4401 1309 4471 ἀγέννητον
1351 4401 1593 4455 ἐπίνοιαν
1635 4401 1733 4472 τὴν
1769 4401 2042 4474 ὑπεροχὴν

2143 4397 2328 4466 ipsum
2364 4397 2590 4467 ingeniti
2615 4406 2990 4451 connnentum
3027 4395 3119 4462 iis,
3151 4395 3243 4465 qui
3273 4394 3595 4466 repererint,
3623 4409 3746 4464 gra-

449 4492 546 4548 τοῦ
575 4493 840 4565 ὀνόματος
872 4493 934 4547 οὐ
955 4493 1136 4565 φέρων
1170 4496 1229 4548 ἐν
1255 4493 1435 4565 οὐσία.

2147 4489 2238 4543 tiae
2277 4489 2492 4544 debitor
2522 4495 2628 4553 est,
2693 4503 2818 4542 cum
2868 4494 3025 4542 tanto
3067 4488 3272 4542 nomini
3324 4485 3742 4556 respondentem

2073 4566 2118 4622 Ῐ)
2145 4581 2528 4636 excellentiam
2562 4581 2616 4634 in
2655 4581 2898 4636 essentia
2931 4597 3030 4635 sua
3063 4597 3171 4635 non
3207 4580 3428 4635 habeat.

518 4674 626 4730 ιε’.
664 4674 729 4731 Ei
777 4674 977 4743 ἔξωθεν
1005 4677 1392 4752 ὲπιθεωρεῖται
1433 4677 1512 4750 τῷ
1558 4675 1678 4748 Θεῴ
1724 4675 2039 4747 ἀγέννητον,

2217 4671 2334 4728 XV.
2379 4673 2436 4728 Si
2483 4675 2708 4744 ingeniti
2755 4673 3002 4728 conditio
3039 4672 3149 4728 Deo
3179 4674 3534 4728 extrinsecus
3579 4669 3739 4726 aliin-

448 4771 500 4825 οί
547 4768 1024 4842 ὲπιθεωρήσαντες
1055 4770 1150 4824 τοῦ
1204 4767 1673 4842 ἐπιθεωρηθέντος
1705 4767 1843 4820 εἰσιν
1885 4764 2045 4836 ἀμεί·

2146 4768 2317 4838 gitur,
2349 4769 2443 4839 qui
2491 4768 2760 4839 aﬂingunt
2787 4769 2840 4822 ei
2875 4768 3002 4838 ipsi,
3041 4770 3130 4822 cui
3165 4766 3458 4835 aﬂingitur,
3493 4765 3738 4820 antecel-

449 4877 612 4927 νους,
665 4861 915 4932 κρεῖττον
975 4858 1147 4932 ὄνομα
1195 4860 1295 4932 τῆς
1347 4858 1565 4931 φύσεως
1613 4855 1765 4928 αὐτῷ
1815 4853 2044 4925 πορισά-

2146 4861 2287 4922 Ιυηι,
2338 4877 2464 4914 cum
2519 4861 2895 4930 praestantius,
2940 4877 3106 4931 quatn
3153 4869 3350 4914 natura
3380 4860 3647 4930 patiatur,
3689 4859 3738 4913 ei

453 4971 625 5026 μενοι.

2144 4965 2346 5005 nomen
2381 4961 2430 5003 at
2443 4951 2709 5005 tribuant.

523 5046 644 5115 ις’.
700 5046 763 5101 Ei
815 5047 892 5119 μὴ
946 5044 1073 5120 εῐκῃ
1129 5045 1164 5118 ἠ
1227 5043 1524 5116 ἀγέννητος
1585 5041 1750 5112 φύσις
1805 5039 2040 5110 γενέσει,

2218 5038 2360 5094 XVI.
2402 5039 2460 5094 Si
2494 5041 2736 5112 ingenita
2775 5048 2976 5093 natura
3019 5035 3359 5108 generationi
3391 5033 3615 5089 minime
3650 5047 3740 5088 ce-

449 5136 596 5192 τοῦτ’
625 5137 776 5192 ἔστιν
802 5138 832 5191 6
854 5137 1092 5208 λέγεται.
1127 5139 1192 5192 Et
1215 5135 1276 5190 δὲ
1309 5138 1432 5209 stag
1454 5135 1688 5205 γενέσει,
1725 5133 1793 5188 τὸ.
1822 5132 1924 5203 τῆς
1950 5149 2044 5202 γε-

2140 5133 2242 5198 dit,
2272 5132 2560 5198 habemus,
2588 5130 2736 5202 quod
2765 5131 3042 5184 volumus.
3076 5127 3173 5182 Sin
3193 5124 3535 5200 generationi
3555 5123 3734 5186 cedat,

450 5231 654 5295 νέσεως
683 5229 834 5302 πάθη
864 5231 963 5302 τῆς
985 5229 1339 5293 ὑποστάσεως
1364 5228 1461 5284 τοῦ
1503 5226 1638 5282 Θεοῦ
1682 5227 1765 5299 εἴη
1793 5225 2038 5297 ἄμεινον.

2141 5225 2520 5296 generationis
2583 5222 2907 5277 all‘ectiones
2955 5218 3159 5274 divina:
3211 5215 3538 5272 substantia:
3593 5227 3733 5284 pm-

2138 5315 2387 5369 stabunt.

521 5406 620 5464 lZ'.
663 5406 728 5459 El
797 5404 858 5459 τὸ
905 5405 1154 5478 γέννημα
1206 5404 1476 5477 ἄτρεπτον
1525 5403 1624 5475 τὴν
1679 5402 1843 5474 φύσιν
1899 5401 2036 5466 ἐστὶ,

2213 5403 2376 5458 XVII.
2421 5404 2478 5458 Si
2505 5404 2693 5476 genita
2749 5403 2969 5460 soboles
3018 5409 3218 5457 natura
3260 5400 3331 5455 ob
3379 5407 3730 5471 generantem

445 5497 537 5552 διὰ
566 5497 658 5551 τὸν
681 5497 1041 5571 γεννήσαντα,
1066 5497 1129 5550 τὸ
1171 5497 1466 5568 ἀγέννητον
1493 5495 1653 5550 οὐσία
1696 5495 1844 5549 ἐστὶν
1877 5491 2039 5564 ἀτρε-

2141 5495 2502 5552 immutabilis
2551 5507 2674 5563 est,
2725 5497 2872 5568 quod
2926 5496 3230 5566 ingenitum
3280 5501 3388 5558 est,
3425 5491 3731 5548 substantia

450 5607 607 5657 πτας,
635 5591 700 5645 οὐ
735 5590 828 5646 διὰ
869 5589 1119 5663 γνώμην,
1152 5589 1290 5645 ἀλλὰ
1314 5590 1403 5645 διὰ
1433 5589 1494 5645 τὸ
1524 5591 1585 5644 έν
1611 5587 1771 5660 οὐσίᾳ
1791 5586 2036 5659 ἀξίωμα.

2143 5589 2394 5660 quasdam
2427 5591 2788 5647 immutabilis
2822 5600 2928 5653 est,
2967 5605 3081 5644 non
3117 5587 3374 5650 arbitrio,
3417 5593 3514 5639 aut
3541 5583 3735 5639 volun-

2143 5691 2256 5739 tate
2298 5684 2629 5756 cujusquam
2655 5723 2673 5749 ,
2745 5684 2843 5740 sed
2897 5683 3067 5740 insita
3118 5679 3358 5754 quadam
3410 5676 3734 5737 substantia

1039 5807 1044 5812 .
2144 5773 2430 5844 dignitate.

523 5858 631 5917 ΠΥ.
671 5861 736 5918 Εἰ
771 5862 831 5918 τὸ
882 5863 1182 5936 ἀγέννητον
1228 5862 1420 5928 οὐσίας
1461 5863 1579 5920 ἐστὶ
1613 5861 1934 5938 δηλωτικὸν,
1961 5865 2037 5920 ti-

2218 5864 2395 5923 XVlli.
2469 5866 2527 5923 Si
2581 5865 2814 5940 ingeniti
2863 5882 2968 5925 vox
3026 5865 3388 5927 substantiam
3444 5857 3727 5935 exprimit.
