4134 6386
392 376 499 438 539

1795 353 1852 441 ε.
1896 384 2239 442 EPIPHANn

3564 388 3669 448 540

389 495 590 550 merito
620 493 691 548 a’b
723 493 893 564 geniti
939 494 1255 550 substantia
1301 497 1450 550 velut
1494 499 1798 571 membrum
1845 504 1981 557 uivi-

2094 503 2260 567 κότως
2289 501 2428 574 πρὸς
2461 502 2562 575 την
2590 502 2684 557 τοῦ
2722 504 3058 574 γεννήματος
3083 503 3275 558 οὐσίαν
3307 503 3672 559 ἀντιδιαστέλ-

393 586 571 642 sionis
603 587 916 657 oppositum
943 588 1304 643 discernitur.
1351 588 1448 643 Sin
1478 601 1660 644 autem
1690 594 1822 647 nihil
1861 610 1978 648 om-

394 681 528 734 nino
585 680 916 734 vocabulum
971 679 1106 734 illud
1157 682 1386 752 ingeniti
1444 684 1746 754 signiﬁcat,
1807 687 1980 742 multo

393 771 580 826 minus
628 772 794 840 geniti
850 788 953 826 vox
1009 773 1220 844 aliquid
1271 777 1548 846 exprimit.
1603 777 1748 832 Nihil
1795 790 1977 835 autem

395 862 675 933 quomodo
712 862 883 916 nihilo
913 864 969 918 in
1001 863 1271 922 divisione
1299 868 1698 936 respondebit?

468 953 611 1010 XIX.
655 955 812 1022 Quod
859 955 907 1010 si
961 958 1078 1037 ipsa
1118 959 1345 1029 ingeniti
1400 961 1778 1030 pronuntiatio
1812 961 1977 1033 927

394 1046 836 1117 pronuntiationi
885 1049 1054 1117 geniti
1107 1050 1440 1119 opponitur,
1493 1065 1618 1104 Clllll
1677 1052 1977 1106 secundum

394 1137 905 1206 pronuntiationem
956 1139 1238 1195 silentium
1294 1142 1984 1212 subsequatur,Christia-

395 1243 593 1282 norum
648 1244 774 1299 spes
817 1229 980 1285 modo
1013 1234 1265 1297 exsistet,
1315 1234 1478 1288 modo
1501 1251 1627 1290 esse
1660 1235 1897 1301 desinet,
1927 1237 1981 1291 in

395 1318 614 1376 diversa
641 1323 1090 1390 pronuntiatione
1120 1326 1334 1395 posita;
1371 1343 1479 1380 non
1510 1327 1562 1380 in
1594 1328 1832 1394 naturis,
1865 1345 1986 1399 qua:

397 1413 474 1466 ita
522 1429 643 1468 sese
692 1414 960 1480 habeant,
1011 1418 1471 1486 quemadmodum
1526 1420 1811 1476 nominum
1867 1422 1984 1494 ipsa

397 1505 729 1576 significatio
758 1507 1020 1564 declarat.

474 1597 587 1653 XX.
636 1597 1029 1670 Si-ingenitum
1071 1601 1206 1656 nihil
1250 1603 1319 1658 ad
1371 1605 1698 1662 substantia:
1749 1609 1987 1680 dignita-

400 1697 508 1742 tem
562 1689 800 1759 amplius
844 1692 1079 1756 confert,
1128 1707 1291 1763 quam
1324 1695 1590 1764 genitum,
1643 1694 1818 1752 Filius
1868 1699 1986 1752 sola

400 1780 656 1835 vocabuli
710 1783 1155 1852 pronuntiatione
1218 1796 1511 1856 superatus
1568 1790 1985 1858 praastantiores

2081 593 2253 646 λεται.
2308 594 2371 646 EI
2407 593 2464 647 δὲ
2513 593 2680 665 μηδὲν
2709 592 2963 664 σημαίνει
3011 592 3074 646 τὸ
3123 592 3442 664 ἀγέννητον,
3489 591 3672 664 πολλῷ

2086 686 2462 756 μᾶλλονούδὲν
2495 685 2646 757 δηλοῖ
2667 685 2728 739 τὸ
2754 685 3020 755 γέννημα.
3061 683 3268 756 Μηδενὶ
3307 683 3474 755 μηδὲν
3502 685 3519 715 ί
3553 683 3668 748 πῶς

2083 778 2518 848 ἀντιδιασταλείη
2538 793 2551 837 ;

2153 962 2253 1016 ῙΘ⁹.
2286 962 2348 1014 Εί
2380 961 2438 1014 δὲ
2484 962 2518 1032 ἡ
2567 960 2861 1032 ἀγέννητος
2890 959 3138 1031 προφορά
3170 957 3307 1031 πρὸς
3342 961 3441 1030 τὴν
3479 975 3672 1031 γεννη-

2083 1053 2182 1124 τὴν
2213 1051 2492 1124 προφορὰν
2523 1051 3038 1115 ἀντιδιαστέλλεται,
3073 1051 3283 1122 σιωπῆς
3326 1050 3426 1120 τὴν
3468 1051 3673 1120 ὑποφο·

2087 1145 2188 1217 ράν
2238 1144 2644 1215 διαδεχομένης,
2699 1143 2947 1212 γίνεσθαι
3003 1143 3292 1214 συμϐαίνει
3336 1143 3431 1196 καὶ
3477 1142 3671 1212 ἀπογί·

2085 1237 2270 1292 νεσθαι
2318 1237 2416 1309 τὴν
2472 1236 2580 1290 τῶν
2643 1235 2979 1306 Χριστιανῶν
3035 1235 3254 1301 ὲλπίδα,
3315 1235 3374 1288 ὲν
3431 1234 3675 1307 διαφόρῳ

2086 1333 2338 1402 προφορᾷ
2370 1329 2650 1401 κειμένην,
2687 1328 2799 1382 ἀλλ’
2821 1329 2921 1382 οὐκ
2952 1329 3012 1381 ὲν
3053 1327 3277 1396 φύσεσιν
3309 1326 3484 1390 οὕτως
3521 1325 3675 1398 ἐχού-

2089 1437 2228 1485 σαις,
2261 1421 2336 1484 ὡς
2371 1421 2404 1490 ή
2435 1417 2545 1473 τῶν
2576 1418 2854 1489 ὀνομάτων
2889 1416 3136 1488 βούλεται
3176 1417 3444 1489 σημασία.

2158 1594 2242 1650 K'.
2285 1595 2347 1648 EI.
2379 1595 2545 1666 μηδὲν
2579 1593 2741 1646 πλέον
2771 1592 2925 1664 νέμει
2951 1595 3032 1658 είς
3068 1591 3343 1666 ὑπεροχὴν
3386 1593 3574 1657 οὐσίας
3611 1591 3674 1647 τὸ

2088 1685 2380 1757 ἀγέννητον
2424 1684 2561 1755 πρὸς
2597 1684 2658 1737 τὸ
2693 1683 2938 1755 γέννημα
2959 1724 2974 1746 ,
3017 1686 3270 1756 προφορᾷ
3301 1683 3460 1754 μόνον
3501 1684 3676 1756 ὑπερ.

2090 1775 2348 1846 εχόμενος
2371 1774 2563 1838 ὁΥἱὸς,
2581 1773 2826 1844 βελτίους
2853 1773 3046 1828 ἑαυτοῦ
3068 1773 3338 1844 γνώσεται
3354 1775 3480 1839 τοὺς
3507 1791 3677 1846 προσ-

399 1886 521 1927 sese
558 1874 899 1944 appellantes
927 1875 1076 1945 ipsos
1107 1887 1410 1947 agnoscet;
1447 1893 1558 1934 non
1589 1895 1737 1946 eum,
1773 1883 1866 1954 qui
1900 1884 1985 1954 ip-

2094 1865 2515 1938 αγορεύσαντας,
2551 1867 2611 1920 οὐ
2652 1865 2742 1920 τὸν
2786 1867 3300 1938 προσαγορευθέντα
3345 1867 3478 1922 Θεδν
3507 1865 3694 1922 αὐτοῦ’

398 1963 517 2018 sius
547 1963 692 2019 Deus
722 1967 1048 2038 appellatur,
1075 1977 1128 2023 et
1160 1967 1344 2025 Pater.

469 2054 611 2112 XXI.
658 2056 715 2112 Si
745 2059 985 2130 ingenita
1026 2061 1336 2116 substantia
1367 2064 1710 2133 generationi
1742 2075 1986 2136 praestat,

403 2149 629 2204 insitam
655 2149 710 2206 in
737 2167 861 2208 sese
896 2151 1107 2208 habens
1138 2154 1542 2220 excellentiam,
1575 2164 1768 2227 suapte
1796 2166 1990 2214 natura

401 2237 645 2307 ingenita
690 2249 775 2294 est
830 2241 1156 2296 substantia.
1213 2242 1403 2313 Neque
1451 2244 1595 2298 enim
1644 2247 1731 2300 cui
1771 2247 1986 2302 libitum

395 2333 506 2392 est,
535 2341 635 2396 pro
657 2342 724 2382 eo
755 2328 900 2399 quod
939 2329 1154 2384 libitum
1180 2338 1286 2396 est,
1315 2332 1654 2402 generationi
1681 2334 1982 2396 antecellit,
2041 2398 2048 2402 .

399 2417 498 2471 sed
546 2417 694 2488 quod
740 2419 814 2473 ita
863 2428 1061 2474 natura
1101 2432 1452 2492 comparatus
1498 2429 1604 2478 est.
1631 2420 1813 2488 Quare
1861 2437 1988 2476 cum

399 2505 548 2562 Deus
573 2523 671 2578 per
696 2524 821 2566 sese
851 2510 1094 2582 ingenita
1125 2511 1198 2567 sit
1232 2512 1564 2579 substantia,
1608 2513 1809 2568 rationi
1853 2513 1990 2570 nulli

400 2601 690 2672 permittit,
721 2603 824 2658 sibi
855 2611 914 2658 ut
945 2605 1353 2675 generationem
1382 2605 1601 2676 attingat
1626 2623 1641 2673 ;
1684 2607 1780 2663 sed
1809 2608 1984 2679 inqui-

400 2692 656 2751 sitionem
683 2710 901 2751 omnem
943 2713 1009 2754 ac
1064 2699 1542 2756 ratiocinationem
1568 2701 1637 2756 ad
1663 2717 1751 2758 res
1781 2705 1991 2774 genitas

402 2786 664 2843 amandat
687 2804 751 2842 ac
777 2789 976 2858 rejicit.

470 2875 641 2938 XXII.
683 2879 742 2934 Si
770 2881 993 2950 ingeniti
1029 2897 1133 2937 vox
1171 2883 1530 2954 privationem
1560 2886 1616 2940 in
1645 2885 1756 2942 Deo
1781 2887 1994 2960 signiti-

399 2982 514 3038 cat,
561 2988 742 3044 neque
786 2973 1083 3045 quidquam
1117 2976 1345 3031 omnino
1382 2976 1454 3031 sit
1490 2977 1816 3049 ingenitum,
1845 2997 1994 3052 quae-

402 3080 531 3120 nam
573 3069 715 3120 ratio
759 3067 826 3121 ab
864 3083 953 3134 eo,
998 3068 1146 3138 quod
1176 3084 1283 3122 non
1332 3076 1450 3134 est,
1500 3071 1636 3125 nihil
1689 3071 1864 3143 possit
1891 3088 1993 3128 au-

2093 1959 2186 2010 καὶ
2219 1957 2458 2028 Πατέρα.

2165 2051 2298 2103 KA'.
2341 2049 2404 2103 Ei
2445 2049 2478 2120 ἡ
2525 2049 2821 2120 ἀγέννητος
2852 2049 3009 2103 οὐσία
3056 2051 3326 2122 κρείττων
3368 2050 3487 2104 ἐστὶ
3518 2050 3677 2119 γενέ-

2094 2157 2252 2207 σεως,
2281 2140 2492 2194 οἴκοθεν
2523 2140 2722 2210 ἔχουσα
2757 2141 2819 2194 τὸ
2847 2127 3106 2212 ’κρεῖττον
3132 2143 3285 2208 αὐτὸ,
3323 2142 3481 2196 οὐσία
3524 2143 3681 2197 ἐστὶν

2092 2231 2404 2302 ἀγέννητος.
2437 2231 2512 2284 Οὐ
2546 2232 2656 2302 γάρ
2687 2231 3033 2302 βουλόμενος,
3076 2233 3159 2286 ὅτι
3195 2232 3477 2302 βούλεται,
3525 2233 3678 2302 γενέ-

2094 2321 2233 2387 σεώς
2277 2323 2392 2376 ἐστι
2445 2323 2748 2395 κρείττων,
2793 2323 2907 2376 ἀλλ’
2945 2323 3028 2375 ὅτι
3076 2323 3339 2394 πέφυκεν.
3385 2326 3527 2379 Αὐτὸ
3580 2325 3678 2380 οὖν

2093 2415 2416 2487 ὑπάρχουσα
2472 2415 2630 2468 οὐσία
2681 2416 2972 2488 ἀγέννητος
3018 2419 3046 2470 ό
3093 2416 3263 2482 Θεὸς,
3303 2417 3480 2470 οὐδενὶ
3530 2418 3676 2489 λόγῳ

2093 2510 2382 2583 ἐπιτρέπει
2431 2511 2552 2566 καθ’
2602 2512 2799 2582 ἑαυτῆς
2847 2513 3060 2580 γένεσιν
3103 2511 3414 2584 ἐπινοῆσαι,
3458 2511 3676 2567 ὠθοῦσα

2093 2605 2354 2677 φέρεσθαι
2407 2605 2549 2660 κατά
2591 2605 2699 2659 τῶν
2734 2605 3006 2678 γεννητῶν
3045 2607 3228 2660 πᾶσαν
3289 2605 3537 2674 ἐξέτασιν
3581 2606 3678 2660 καὶ

2096 2700 2278 2754 πάντα
2307 2699 2590 2770 λογισμόν.

2165 2888 2294 2941 KB'.
2332 2887 2395 2940 El
2438 2882 2750 2956 στερήσεώς
2799 2884 2916 2937 ἐστι
2957 2883 3256 2954 δηλωτικὸν
3297 2885 3392 2938 ἐπὶ
3439 2883 3577 2939 Θεοῦ
3615 2885 3680 2940 τδ

2095 2981 2409 3050 ἀγέννητον,
2448 2977 2614 3048 μηδὲν
2648 2974 2706 3028 δὲ
2736 2976 2822 3046 εῐη
2857 2975 2919 3029 τὸ
2961 2977 3255 3047 ἀγέννητον
3275 2992 3289 3006 ·
3339 2977 3489 3040 ποῖος
3523 2975 3680 3048 λόγος

2095 3070 2162 3124 ἀν
2201 3068 2515 3140 ἀφαιρέσειε
2560 3065 2654 3121 τοῦ
2697 3066 2773 3137 μὴ
2807 3066 2961 3131 δντος
3005 3067 3213 3140 μηδέν;
3256 3069 3320 3121 Εἰ
3369 3067 3426 3122 δὲ
3467 3069 3527 3122 ὃν
3579 3085 3679 3140 ση-

403 3155 589 3213 ferre?
626 3157 722 3212 Sin
764 3159 1036 3215 exsistens
1075 3160 1359 3231 quidpiam
1407 3171 1602 3228 sonat,
1644 3164 1769 3233 quis
1811 3164 1881 3219 ab
1923 3180 1989 3220 eo

2095 3161 2310 3232 μαίνει,
2355 3159 2439 3220 τίς
2488 3157 2554 3212 ἂν
2591 3158 2861 3230 χωρήσειε
2896 3158 3050 3222 ὄντος
3086 3159 3225 3230 ὅπερ
3253 3160 3402 3213 ἐστὶν
3443 3160 3575 3213 αὐτό
3612 3177 3678 3230 γσ

403 3249 553 3320 quod
602 3259 710 3316 est,
759 3249 1000 3320 idipsnm
1044 3252 1191 3322 quod
1219 3261 1325 3320 est,
1378 3253 1482 3310 hoc
1519 3262 1604 3311 est
1642 3256 1822 3326 ipsum
1855 3273 1885 3327 a
1915 3275 1996 3316 se-

405 3344 640 3413 metipso
670 3346 962 3399 secernat?

479 3434 670 3493 XXIII.
712 3435 849 3490 Cum
905 3438 1240 3508 privationes
1270 3439 1577 3497 ablationes
1609 3441 1720 3496 sint
1755 3441 1994 3499 affectio-

406 3545 562 3593 num,
614 3529 759 3600 quod
815 3531 870 3584 in
919 3530 1027 3586 Deo
1059 3540 1144 3586 est
1175 3532 1502 3603 ingenitum,
1553 3536 1637 3590 vel
1691 3535 1996 3594 affectionis

406 3621 640 3693 privatio
679 3630 786 3686 est,
827 3623 912 3678 vel
952 3623 1169 3678 ali‘ectio
1206 3626 1499 3696 privationi
1534 3630 1831 3684 contraria.
1893 3629 1996 3702 lgi-

407 3721 501 3768 tur
535 3714 580 3770 si
614 3713 921 3772 aﬂectionis
969 3718 1203 3786 privatio
1255 3726 1363 3782 est,
1419 3721 1694 3790 quomodo
1743 3722 1796 3777 id
1849 3724 1994 3794 quod

407 3822 520 3864 non
547 3808 692 3863 inest
716 3807 826 3863 Deo
859 3817 1119 3878 tanquam
1156 3809 1288 3864 insit
1312 3811 1572 3867 tribuitur
1600 3813 1624 3867 ’ί

478 3899 673 3954 XXIV.
714 3903 784 3954 At
819 3901 863 3956 si
893 3900 1110 3956 all‘ectio
1137 3903 1387 3973 quaedam
1417 3912 1503 3961 est
1529 3905 1858 3978 ingenitum,
1895 3925 1992 3980 ge-

407 3993 580 4050 nitam
615 3993 984 4050 substantiam
1035 3995 1302 4052 exsistere
1347 4006 1496 4064 ante,
1548 4014 1614 4054 ac
1664 4002 1812 4056 velut
1864 4004 1994 4059 sub-

408 4085 580 4141 sterni
618 4099 845 4140 necesse
891 4093 995 4150 est,
1047 4095 1107 4140 ut
1153 4086 1441 4144 aﬂ'ectione
1473 4089 1565 4144 illa
1595 4090 1664 4146 ad
1691 4107 1811 4147 eam
1843 4108 1999 4150 acce-

408 4176 594 4239 dente,
619 4176 857 4246 ingenita
886 4178 1217 4236 nominetur.

480 4263 649 4326 XXV.
694 4264 751 4319 Si
781 4281 910 4320 vero
957 4269 1141 4337 genita
1191 4268 1508 4326 substantia
1542 4271 1800 4344 ingenita:
1825 4273 1998 4344 parti-

408 4373 540 4430 ceps
603 4357 727 4426 fuit,
788 4357 1094 4417 aﬂ‘ectionis
1140 4361 1359 4431 jactura
1421 4363 1562 4420 facta
1628 4366 1997 4434 conditionem

409 4454 595 4508 amisit
645 4454 895 4523 ingeniti.
949 4453 1130 4520 Quare
1176 4457 1487 4512 substantia
1540 4460 1760 4529 quidem
1814 4462 1996 4532 genita

409 4544 597 4607 fuerit,
626 4546 930 4616 ingenitum
965 4555 1145 4601 autem
1176 4547 1412 4604 aﬂ‘ectio.

479 4636 670 4692 XXVI.
713 4639 868 4703 Quod
904 4639 949 4695 si
983 4641 1163 4710 genita
1211 4643 1429 4696 soboles
1477 4643 1775 4698 transitum
1808 4659 2000 4713 quem-

407 4729 532 4786 dam
569 4728 863 4799 significat,
915 4747 1026 4785 non
1071 4732 1298 4787 dubium
1343 4741 1425 4787 est
1464 4733 1810 4789 all‘ectionem
1859 4736 2000 4790 indi-

407 4839 537 4880 care
572 4832 804 4889 certam,
861 4823 976 4879 sive
1007 4823 1256 4894 lquadam
1285 4841 1315 4880 e
1345 4826 1655 4881 substantia
1699 4827 2000 4883 mutatione

409 4917 755 4972 conformata
799 4915 892 4983 sit,
927 4915 1045 4973 sive
1075 4917 1181 4972 hoc
1216 4920 1391 4988 ipsum
1427 4927 1511 4974 est
1543 4921 1725 4990 genita
1756 4920 1995 4986 soboles,

407 5009 554 5078 quod
585 5008 808 5062 dicitur.

481 5099 695 5154 XXVII.
744 5098 800 5154 Si
824 5108 935 5154 tam
964 5099 1289 5170 ingenitum,
1318 5116 1480 5170 quam
1510 5104 1752 5172 genitum
1786 5102 2000 5159 aﬂ‘ectio

411 5191 520 5255 sit;
556 5192 880 5248 substantiae
908 5193 1130 5261 quidem
1165 5192 1547 5249 affectionibus
1580 5195 1836 5265 priores;
1870 5196 2002 5252 atie-

413 5283 624 5337 ctiones
655 5297 818 5352 porro
844 5282 1012 5353 928
1055 5291 1114 5336 ut
1151 5282 1477 5339 substantiis
1522 5286 1878 5355 posteriores,
1919 5287 2002 5343 sic

413 5373 606 5428 iisdem
641 5375 1033 5443 anteponenda:
1065 5373 1286 5428 fuerint.

488 5464 728 5521 XXVIII.
780 5465 838 5520 Si
895 5468 1199 5538 ingenitum
1245 5468 1414 5538 geniti
1462 5483 1630 5525 causa
1680 5477 1784 5536 est,
1837 5472 2001 5540 eique

419 5554 633 5608 confert
681 5565 738 5609 ut
783 5557 1052 5621 exsistat;
1097 5556 1341 5627 genitum
1378 5572 1509 5612 vero
1552 5573 1776 5614 causam
1823 5559 1997 5630 ipsam

421 5643 744 5700 substantiae
783 5661 901 5702 suae
945 5646 1166 5702 notione
1199 5645 1694 5717 comprehenderis,
1741 5647 2002 5702 substan-

499 5797 518 5831 ¹
546 5795 609 5854 F.
647 5799 834 5872 μηδενὶ
854 5801 910 5856 δὲ
937 5803 1121 5874 μηδέν.
1201 5806 1220 5836 ²
1259 5799 1393 5860 Vide
1417 5802 1557 5859 infra
1592 5803 1645 5858 in
1671 5801 1911 5860 Refutat.
1945 5803 2036 5857 2|.

2097 3251 2264 3306 αὐτοῦ
2286 3269 2302 3316 ;

2167 3430 2294 3484 Kl".
2336 3430 2402 3485 Ei
2448 3430 2505 3484 αί
2539 3431 2823 3502 στερήσεις
2865 3426 3032 3495 ἓξεὼν
3067 3428 3205 3481 εἰσιν
3249 3425 3583 3500 ἀφαιρέσεις,
3615 3425 3678 3480 τὸ

2096 3523 2190 3576 ἐπὶ
2239 3523 2374 3577 Θεοῦ
2409 3524 2705 3595 ἀγέννητον
2747 3523 2868 3593 ἢτοι
2927 3520 3185 3593 στέρησίς
3236 3522 3382 3574 ἐστιν
3413 3518 3600 3585 ἕξεων,
3641 3521 3675 3590 ἢ

2095 3615 2209 3680 έξις
2245 3616 2576 3686 στερήσεως.
2621 3615 2760 3670 Ἀλλ’
2793 3617 2843 3670 εί
2879 3615 2979 3687 μὲν
3013 3613 3270 3687 στέρησίς
3313 3613 3459 3665 ἐστιν
3485 3611 3675 3676 ἕξεως,

2099 3707 2216 3771 πῶς
2265 3706 2330 3762 ἃν
2369 3707 2439 3778 ,τὺ
2503 3706 2579 3780 μὴ
2632 3708 2834 3780 προσὸν
2893 3709 2972 3780 τῷ
3024 3708 3144 3780 Θεῷ
3203 3707 3677 3780 συναριθμηθήσε-

2098 3817 2183 3853 ται
2207 3817 2221 3865 ;

2169 3893 2294 3945 K'A'.
2338 3892 2401 3944 Εί
2433 3890 2489 3945 δὲ
2529 3891 2643 3957 ἕξις
2669 3893 2786 3946 ἐστὶ
2829 3892 2888 3945 τὸ
2921 3893 3238 3964 ἀγέννητον,
3288 3893 3502 3963 ἀνάγκη
3543 3909 3679 3963 προ-

2101 3984 2399 4040 ῦποθέσθαι
2432 3985 2696 4058 γεννητὴν
2735 3985 2948 4051 οὐσίαν,
2979 3987 3045 4041 ἵν’
3070 3985 3264 4052 οὕτως,
3303 3985 3416 4052 ἕξιν
3442 3984 3681 4058 προσλα-

2099 4080 2289 4146 ϐοῦσα,
2317 4080 2616 4152 άγέννητος
2649 4081 3006 4154 ὀνομάζηται.

2170 4259 2301 4314 KE’.
2341 4260 2403 4313 Εἰ
2432 4260 2488 4313 δὲ
2517 4262 2551 4332 ἡ
2577 4261 2811 4334 γεννητὴ
2850 4263 3147 4334 ἀγεννήτου
3179 4263 3368 4327 οὐσίας
3398 4263 3679 4335 μετέσχεν,

2099 4351 2265 4418 ἕξεως
2296 4352 2640 4422 ὑπομείνασα
2679 4355 2972 4426 ἀποϐολὴν,
3001 4357 3332 4428 ἀγεννησίας
3369 4359 3680 4429 ἐστέρηται.

2102 4442 2203 4514 Είη
2251 4441 2316 4496 ἂν
2366 4438 2460 4495 οὖν
2507 4443 2666 4498 οὐσία
2713 4447 2812 4516 μὲν
2859 4449 3127 4520 γεννητὴ,
3178 4448 3240 4500 τὸ
3287 4447 3344 4501 δὲ
3389 4449 3684 4520 ἀγέννητον

2027 4515 2074 4570 Ῑ)
2101 4533 2231 4599 ἕξις.

2174 4629 2319 4695 KG’.
2360 4629 2422 4681 Εἰ
2457 4629 2516 4682 δὲ
2552 4628 2614 4681 τὸ
2644 4629 2891 4701 γέννημα
2937 4631 3174 4702 παρόδου
3213 4633 3330 4685 ἐστὶ
3365 4632 3684 4703 δηλωτικὸν,

2100 4717 2275 4790 δῆλον,
2308 4720 2388 4773 ὅτι
2421 4720 2586 4787 ἓξεώς
2614 4723 2730 4775 ἔστι
2762 4725 3116 4794 σημαντικὸν,
3149 4724 3214 4777 ἄν
3238 4741 3296 4778 τε
3333 4727 3682 4795 μεταπέπλα-

2103 4832 2225 4867 σται
2275 4815 2333 4878 ἐξ
2378 4815 2565 4880 οὐσίας
2607 4817 2775 4881 τινὸς,
2830 4817 2894 4872 ἄν
2927 4835 2990 4872 τε
3020 4817 3178 4872 τοῦτό
3209 4819 3358 4872 ἐστιν
3397 4819 3425 4872 ὃ
3468 4820 3684 4888 λέγεται

2102 4907 2371 4978 γέννημα.

2173 5095 2300 5148 KZ'.
2343 5094 2406 5146 EI
2438 5092 2501 5147 τὸ
2541 5093 2838 5165 ἀγέννητον
2867 5093 3000 5160 έξις,
3033 5095 3129 5148 καὶ
3167 5095 3229 5148 τὸ
3263 5095 3520 5166 γεννητὸν
3550 5095 3685 5160 ἕξις,

2102 5191 2158 5242 αἱ
2193 5187 2290 5258 μὲν
2327 5187 2506 5241 οὐσίαι
2549 5187 2658 5240 τῶν
2710 5187 2876 5251 ἕξεων
2913 5187 3158 5260 πρῶται,
3198 5189 3254 5242 αἱ
3287 5188 3343 5241 δὲ
3382 5187 3523 5252 ἕξεις
3580 5187 3687 5240 τῶν

2100 5279 2332 5342 οὐσιῶν,
2396 5280 2447 5332 εί
2510 5280 2605 5333 καὶ
2649 5279 2934 5350 δεύτεραι,
3002 5280 3117 5334 ἀλλ’
3165 5277 3260 5334 οὖν
3312 5297 3375 5349 γε
3410 5279 3684 5350 ,προτιμό-

2104 5390 2161 5426 τε
2170 5390 2282 5444 ραι.

2177 5467 2314 5518 κη’.
2363 5466 2428 5519 Ei
2482 5464 2540 5518 δὲ
2591 5466 2653 5518 τὸ
2703 5464 3000 5536 ἀγέννητον
3046 5465 3141 5518 τοῦ
3201 5463 3464 5535 γεννητοῦ
3517 5462 3687 5516 αἴτιόν

2106 5558 2223 5610 ἐστι
2254 5555 2349 5611 τοῦ
2381 5553 2542 5624 εἶναι,
2589 5559 2925 5629 σημαίνων¹,
2950 5559 3197 5628 γέννημα
3242 5557 3596 5628 συνεισφέρον
3619 5556 3685 5626 τῇ

2107 5647 2302 5703 ἑαυτοῦ
2349 5648 2508 5722 οὐσίᾳ
2549 5649 2641 5705 τὸν
2679 5651 2870 5716 αἴτιον,
2904 5651 3091 5715 οὐσίας
3134 5649 3252 5704 ἐστὶ
3300 5647 3598 5720 δηλωτικὸν
3628 5644 3686 5701 τὲ
