4134 6386
503 384 612 451 SM

1121 397 1496 459 ADVERSUS
1532 402 1878 466 HERESES
1908 408 2038 466 LIB.
2073 409 2166 471 III.
2206 409 2371 468 TOM.
2412 413 2838 474 I'.-—H)ERES.
2877 415 3114 478 LXXVI.

3691 425 3798 481 5ιὲ

504 507 778 612 γέννημα,
828 513 944 587 ἀλλ’
977 517 1074 588 οὑχ
1121 519 1324 588 ἕξεως,
1375 523 1478 594 τῆς
1530 526 1828 600 ἀγεννὴτου
1880 532 2066 602 φύσεω

2169 533 2333 595 _tiam
2380 534 2580 606 ipsam,
2645 553 2757 592 non
2815 538 3159 596 all'ectionem
3195 541 3494 612 exprimat,
3537 557 3660 597 cum
3711 544 3796 597 in-

503 599 657 655 οὑδὲν
691 602 858 675 έαυτῇ
897 611 1361 684 συνεισαγούσης·
1402 613 1521 680 πῶς
1555 618 1654 674 οὑκ
1685 599 1752 674 ἂν
1787 621 1874 694 εἴη
1894 599 2088 691 οὐσία,

503 690 620 744 ἀλλ’
645 691 760 758 ἕξις
789 696 822 766 ἡ
854 697 1152 770 ἀγέννητος
1184 704 1375 771 οὑσία;

571 893 705 948 KG.
758 895 821 949 Ei
883 900 1032 954 πᾶσα
1097 903 1256 959 οὑσία
1310 908 1460 962 ἐστὶν
1515 911 1852 984 ἀγέννητος,
1904 910 1994 969 οἵα
2055 917 2088 988 ὴ

499 982 637 1037 Θεοῦ
672 987 767 1041 τοῦ
819 995 1294 1068 παντοκράτορος,
1342 1002 1460 1066 πῶς
1500 1003 1566 1056 ἂν
1621 982 1721 1075 τὴν
1765 1012 1862 1078 μὲν
1909 982 2089 1082 παθη-ξ

497 1074 598 1168 τῂν
631 1077 750 1168 ἐρεῖ
796 1099 912 1146 τις,
969 1086 1068 1156 τὴν
1113 1087 1171 1141 δὲ
1217 1091 1446 1163 ames;
1485 1095 1547 1148 Et
1599 1074 1916 1168 eadem;
1952 1074 2090 1156 ἀπο-

498 1163 774 1237 κληρώσει
810 1171 1108 1247 ἀγεννήτου
1149 1180 1182 1250 ἡ
1243 1181 1341 1252 μὲν
1378 1169 1625 1256 διαμένει
1666 1163 1964 1260 ποσότητος
1995 1192 2089 1245 καὶ

498 1259 809 1355 ποιότητος,
855 1267 950 1320 καὶ
974 1309 988 1332 ,
1043 1271 1232 1336 ἁπλῶς
1286 1277 1492 1338 εἰπεῖν,
1551 1281 1735 1352 πάσης
1786 1283 2089 1355 μεταϐολῆς

497 1349 760 1447 ἀμείνων,
786 1357 818 1427 ἡ
850 1357 906 1411 δὲ
935 1361 1124 1418 παθῶν
1147 1367 1295 1421 ἐστιν
1322 1369 1644 1437 ὑπεύθυνος,
1678 1349 2091 1447 συγγωρηθεῖσα

494 1442 558 1541 τὸ
599 1444 1022 1541 ἀπαράλλακτον
1072 1460 1154 1523 είς
1206 1461 1397 1516 ούσίαν
1437 1462 1606 1535 ἔχειν,
1656 1442 2086 1541 τῷν-αὐτομάτῳ

495 1535 789 1634 ἐπιτρέψαι
820 1545 974 1614 φίλον
1014 1549 1082 1604 τά
1136 1555 1278 1609 κατὰ
1299 1555 1398 1620 τὰς
1432 1535 1867 1630 προειρημένας·
1900 1535 2086 1634 ἦτόγὲ

493 1622 589 1680 οὖν
627 1630 924 1725 ἀκόλουθον
967 1639 1066 1712 τὴν
1114 1644 1213 1715 μὲν
1251 1622 1511 1702 ποιοῦσαν
1543 1622 1839 1725 ἀγέννητον
1885 1622 2081 1722 είπείν,

490 1721 761 1794 γεννητὴν
793 1724 850 1778 δὲ
880 1727 979 1801 τὴν
1002 1733 1509 1810 μεταϐαλλομένην.

2195 627 2380 696 genita
2427 632 2626 683 natura
2677 629 2816 684 nihil
2872 631 2992 702 ipsa
3045 647 3235 688 secum
3284 633 3548 699 includat,
3610 649 3795 689 nonne

2197 717 2510 773 substantia
2577 720 2765 791 potius
2824 738 2990 794 quam
3039 723 3258 780 aﬂ‘ectio
3313 725 3564 796 quaedam
3633 725 3795 781 debet

2195 807 2408 862 videri?

2271 918 2463 976 XXIX.
2507 919 2564 977 Si
2608 923 2918 981 substantia
2955 929 3136 984 omnis
3185 929 3428 1000 ingenita
3476 928 3568 993 sit,
3603 928 3792 998 cujus-

2198 1012 2348 1068 modi
2382 1021 2467 1070 est
2506 1018 2906 1088 omnipotentis
2942 1019 3059 1086 Dei,
3096 1022 3228 1092 quid
3265 1023 3462 1078 attinet
3492 1023 3633 1076 hanc
3668 1022 3792 1092 qui-

2197 1103 2321 1160 dem
2356 1108 2707 1176 passionibus
2754 1111 3069 1178 obnoxiam,
3111 1113 3260 1168 illam
3300 1130 3430 1169 vero
3469 1114 3787 1168 earumdem

2197 1208 2472 1268 expertem
2513 1200 2737 1257 dicere?
2773 1201 2931 1270 Quod
2955 1204 3002 1259 si
3033 1205 3270 1274 quadam
3298 1206 3551 1277 ingenita:
3578 1214 3789 1259 naturae

2197 1300 2346 1347 sorte
2374 1307 2438 1347 ac
2467 1295 2808 1360 conditione,
2878 1300 3230 1368 quantitatis,
3278 1306 3334 1354 et
3366 1299 3666 1369 qualitatis,
3709 1308 3786 1365 ει,

2195 1396 2254 1441 ιιι
2297 1402 2408 1440 uno
2455 1390 2625 1443 verbo
2667 1389 2870 1455 dicam,
2908 1392 3233 1447 mutationis
3266 1393 3446 1448 omnis
3480 1407 3676 1464 expers
3703 1387 3784 1444 al-

2193 1487 2311 1532 tera
2339 1487 2446 1545 est,
2483 1481 2657 1535 altera
2700 1496 2832 1536 vero
2866 1483 3158 1552 passiones
3191 1484 3452 1549 admittit,
3494 1495 3548 1539 et
3581 1483 3785 1541 nihilo-

2190 1571 2376 1626 minus
2427 1570 2606 1628 eidem
2655 1572 3076 1628 immutabilitas
3101 1583 3188 1630 est
3221 1591 3507 1641 concessa,
3555 1591 3783 1632 necesse

2187 1667 2273 1713 est
2305 1667 2364 1714 ut
2389 1677 2510 1732 quae
2537 1663 2989 1719 commemoratis
3012 1664 3167 1720 hisce
3198 1667 3411 1723 naturis
3438 1667 3651 1730 insunt,
3686 1675 3783 1721 aut

2185 1767 2319 1808 casu
2345 1753 2582 1824 quodam
2624 1754 2850 1810 fortuito
2877 1757 3148 1814 accidisse
3174 1757 3454 1824 dicantur,
3483 1767 3598 1824 aut,
3630 1757 3781 1830 quod

491 1823 925 1872 consentaneum
973 1833 1078 1889 est,
1132 1839 1252 1880 eam
1307 1828 1484 1898 ipsam
1531 1831 1752 1902 quidem
1784 1849 1906 1905 qua:
1930 1836 2061 1910 agit,
2095 1823 2432 1914 ingenitam;
2481 1861 2602 1916 quae
2648 1861 2782 1903 vero
2834 1849 3041 1919 patitur
3090 1864 3158 1906 ac
3219 1859 3486 1921 mutatur,
3535 1853 3777 1924 genitam

558 2029 640 2128 Δι’.
681 2028 746 2082 Ei
793 2031 896 2102 τῆς
938 2035 1242 2110 γενομένης
1296 2039 1330 2111 ἡ
1382 2040 1677 2116 ἀγέννητος
1722 2045 1886 2116 φύσις
1929 2047 2066 2102 ἐστὶι

2252 2044 2425 2101 XXX.
2469 2046 2527 2102 Si
2563 2047 2762 2118 genitae
2801 2056 3013 2105 natura:
3057 2066 3225 2108 causa
3276 2061 3362 2110 est
3393 2054 3654 2128 ingenita,
3692 2057 3778 2113 in-

485 2118 658 2182 αίτία,
695 2121 759 2175 τὸ
803 2122 860 2176 δὲ
905 2125 1203 2200 ἀγέννητον
1240 2131 1407 2202 μηδὲν
1455 2130 1540 2206 εἴη
1582 2135 1786 2189 αῖτιον¹
1813 2153 1826 2167 ’
1861 2137 1980 2204 πῶς
2011 2139 2078 2192 ἂν

484 2210 572 2281 είη
603 2211 775 2267 αἴτιον
803 2215 864 2268 τὸ
901 2219 1068 2290 μηδὲν
1095 2221 1191 2274 τοῦ
1220 2225 1542 2294 γεγονότος;

553 2413 684 2468 ΛΔ’.
712 2415 774 2469 Ei
793 2417 853 2471 τὸ
872 2418 1168 2493 ἀγέννητον
1195 2425 1474 2498 στέρησις,
1494 2429 1528 2500 ἡ
1550 2428 1608 2483 δὲ
1629 2431 1886 2504 στέρησις
1909 2434 2076 2500 ἕξεως

481 2505 725 2580 ἀποϐολή
759 2511 931 2578 ἐστιν,
969 2514 1002 2585 ἡ
1045 2515 1102 2568 δὲ
1145 2518 1388 2592 ἀποδολὴ
1432 2523 1714 2590 παντελῶς
1749 2526 2072 2597 ἀπόλλυται,

479 2597 516 2668 ἢ
553 2599 876 2671 μεθίσταται
903 2607 990 2676 ἐφ’
1017 2607 1240 2681 ἕτερον·
1275 2611 1396 2678 πῶς
1433 2611 1547 2668 οἷόν
1574 2632 1633 2670 τε
1657 2616 1769 2684 έξει
1812 2619 2072 2690 μεθιστα-

482 2693 620 2766 μένη
655 2698 1125 2771 κατονομάξεσθαι
1154 2704 1256 2776 τὴν
1290 2707 1481 2763 οὐσίαν
1501 2709 1596 2764 τοῦ
1627 2709 1761 2766 Θεοῦ
1786 2714 2071 2789 ἀγεννήτῳ

479 2789 852 2862 προσηγορίᾳς

551 2962 676 3020 AB’.
828 2969 890 3024 τὸ
950 2973 1248 3047 ἀγέννητον
1296 2977 1448 3050 δηλοῖ
1479 2981 1735 3054 στέρησιν
1778 2985 1852 3057 μὴ
1896 3003 2069 3059 προσ-

474 3053 646 3110 οῦσαν
666 3057 744 3130 τῷ
779 3060 919 3134 Θεῷ,
940 3064 1058 3130 πῶς
1090 3067 1384 3142 ἀγέννητον
1415 3067 1556 3126 εἷναι
1590 3073 1843 3147 λέγομεν,
1873 3093 2066 3150 γεννη-

474 3146 568 3200 τὸν
597 3148 656 3202 δὲ
690 3151 765 3223 μὴ
801 3149 977 3221 εἷναι;

544 3239 667 3295 AI".
703 3242 768 3296 Ei.
796 3243 955 3314 ψιλὸν
981 3247 1155 3320 ὄνομά
1185 3251 1333 3305 ἐστιν
1356 3253 1464 3306 ἀπὸ
1488 3253 1625 3308 Θεοῦ
1651 3255 1714 3308 τὸ
1741 3255 2060 3330 ἀγέννητον,

471 3333 507 3402 ἡ
543 3331 600 3385 δὲ
630 3331 761 3406 ψιλὴ
797 3341 1050 3412 προφορά
1077 3343 1176 3414 τὴν
1219 3345 1517 3401 ὑπόστασιν
1547 3348 1643 3402 τοῦ
1672 3349 1807 3403 Θεοῦ
1843 3351 2062 3424 ἐπαίρει

2181 2136 2428 2207 genitum
2471 2151 2625 2202 vero,
2664 2138 2813 2208 quod
2849 2139 3181 2209 principium
3213 2141 3441 2207 dicitur,
3475 2143 3615 2198 nihil
3652 2159 3776 2199 om-

2181 2229 2312 2283 nino
2341 2232 2433 2291 sit,
2461 2228 2687 2300 quinam
2716 2236 2898 2300 potest
2929 2230 2981 2285 id
3012 2229 3161 2301 quod
3180 2231 3317 2286 nihil
3347 2241 3432 2288 est
3459 2233 3775 2306 ejus,quod

2177 2320 2508 2391 productum
2542 2328 2648 2386 est,
2683 2335 2806 2376 esse
2839 2322 3209 2392 principium?

2254 2410 2451 2466 XXXI.
2495 2411 2556 2466 Si
2593 2413 2892 2484 ingenitum
2939 2414 3178 2484 privatio
3224 2416 3475 2488 quaedam
3519 2425 3641 2486 est;
3688 2424 3777 2476 est

2175 2507 2358 2558 autem
2409 2503 2645 2573 privatio
2695 2502 3007 2562 aﬂ'ectionis
3053 2508 3304 2578 amissio,
3341 2510 3568 2567 amissio
3605 2525 3774 2583 porro

2175 2594 2400 2665 penitus
2425 2610 2457 2650 e
2484 2593 2667 2650 medio
2700 2595 2938 2661 tollitur,
2989 2606 3087 2652 aut
3115 2597 3172 2654 in
3200 2600 3434 2657 alterum
3467 2610 3773 2658 commuta-

2174 2695 2285 2752 tur,
2338 2701 2580 2758 quonam
2623 2694 2786 2759 pacto
2831 2688 3122 2749 ali‘ectione
3166 2693 3258 2748 illa
3306 2703 3649 2762 transeunte,
3675 2703 3772 2752 aut

2171 2789 2454 2849 pereunte,
2494 2780 2598 2836 hoc
2619 2787 2706 2834 est
2731 2779 2960 2852 ingeniti
2983 2785 3348 2856 appellatione
3385 2786 3482 2844 Dei
3510 2789 3772 2845 substan-

2170 2873 2243 2926 tia
2272 2873 2788 2942 cognominabitur?

2246 2961 2467 3017 XXXII.
2515 2962 2571 3019 Si
2603 2967 2904 3038 ingenitum
2938 2969 3326 3040 privationem,
3356 2987 3479 3043 quae
3516 2971 3630 3030 Deo
3654 2989 3767 3031 non

2169 3053 2332 3121 inest,
2362 3055 2658 3126 signiﬁcat,
2700 3075 2803 3114 cur
2867 3062 3172 3134 ingenitum
3199 3078 3344 3130 esse,
3375 3066 3617 3136 genitum
3635 3079 3768 3121 vero

2167 3162 2278 3202 non
2308 3162 2434 3204 esse
2463 3149 2743 3207 dicimus?
3239 3161 3242 3164 ’

2238 3237 2482 3296 XXXIII.
2513 3241 2570 3297 Si
2600 3244 2904 3315 ingenitum
2938 3245 3083 3301 nuda
3114 3247 3168 3301 in
3195 3245 3305 3303 Deo
3334 3256 3418 3304 est
3445 3248 3763 3319 appellatio.

2165 3331 2302 3388 adeo
2346 3341 2406 3388 ut
2451 3351 2617 3406 supra
2649 3347 2962 3393 creatarum
2997 3354 3180 3395 rerum
3211 3341 3459 3396 omnium
3496 3343 3764 3400 conditio-

472 3425 614 3480 κατά
651 3428 874 3486 πάντων
911 3435 1022 3488 τῶν
1057 3413 1329 3508 γεννητῶν
1350 3455 1367 3472 ο
1407 3442 1712 3514 τιμιωτέρα
1742 3443 1868 3516 -ἀρα
1911 3413 2060 3499 ἐστὶν

2169 3441 2288 3480 nem
2327 3426 2442 3481 sola
2476 3413 2857 3497 pronuntiatio
2889 3431 3132 3487 divinam
3182 3433 3546 3488 substantiam
3585 3435 3763 3490 extol-

470 3516 504 3587 ὴ
544 3517 850 3590 ἀνθρώπων
898 3525 1152 3597 προφορά
1181 3528 1280 3599 τῆς
1306 3528 1401 3582 τοῦ
1445 3531 1891 3604 παντοκράτορος
1927 3533 2059 3587 ὑπο-

471 3610 754 3678 στάσεως,
798 3617 1120 3691 ἀσυγκρίτῳ
1180 3621 1422 3694 ὑπεροχῇ
1471 3622 1867 3680 καλλωπίσασα
1925 3626 2060 3680 Θεὸν

468 3705 916 3777 παντοκράτορα.

537 3876 658 3932 AA'.
703 3880 766 3934 El
803 3885 968 3938 παντὶ
1000 3886 1244 3958 γεννητῷ
1282 3887 1433 3941 αἰτία
1463 3888 1940 3962 συγκεκλήρωται,
1972 3891 2057 3945 αι’-

461 3985 580 4035 τιος
611 3972 668 4026 δὲ
701 3975 733 4045 ἡ
764 3975 1059 4049 ἀγέννητος
1089 3979 1272 4050 φύσις,
1303 3981 1403 4035 οὐκ
1434 3981 1608 4036 αίτιον
1630 3981 1782 4054 δηλοῖ
1811 3984 1871 4038 τὸ
1893 3985 2056 4055 ἀγέν-

464 4080 656 4135 νητον,
689 4065 807 4120 ἀλλ’
838 4069 1137 4126 ὑπόστασιν
1169 4075 1444 4142 σημαίνει.

531 4330 656 4389 ΛΕ’.
689 4335 752 4388 El
781 4337 892 4390 πᾶν
933 4336 996 4391 τὸ
1033 4341 1259 4410 γεγονὸς
1307 4341 1396 4412 ὑφ’
1430 4343 1618 4416 ἑτέρου
1648 4344 1892 4414 γέγονεν,
1927 4349 1960 4419 ἡ
1993 4347 2050 4401 δὲ

458 4425 755 4498 ἀγέννητος
811 4429 1111 4496 ὑπόστασις
1170 4433 1293 4487 οὔτε
1373 4436 1465 4504 ὑφ’
1523 4439 1721 4510 ἑαυτῆς
1783 4439 1906 4493 οὔτε
1957 4442 2048 4511 ὑφ’

459 4518 654 4591 ἑτέρας
677 4520 900 4590 γέγονεν
919 4539 934 4554 ο
965 4525 1178 4596 ἀνάγκη
1211 4526 1398 4580 οὐσίαν
1423 4528 1616 4600 δηλοῦν
1644 4529 1706 4583 τὸ
1730 4533 2044 4605 ἀγέννητον.

526 4721 668 4788 Δεῖν.
699 4722 760 4776 Εἰ
783 4724 848 4794 τῇ
880 4723 974 4777 τοῦ
1001 4727 1343 4798 γεννήματος
1369 4729 1529 4803 οὐσίᾳ
1570 4733 1930 4804 συμφαίνεται
1967 4737 2044 4802 ὡς

2163 3516 2255 3582 lat,
2285 3532 2636 3588 consequens
2677 3529 2762 3575 est
2782 3521 3080 3576 hominum
3112 3524 3612 3593 pronuntiationem
3647 3541 3763 3580 oui-

2160 3608 2462 3678 nipotentis
2517 3608 2608 3666 Dei
2666 3613 2981 3668 substantia
3042 3617 3482 3686 praestantiorem
3542 3618 3754 3676 videri:

2160 3717 2283 3771 quae
2310 3703 2531 3772 quidem
2566 3705 2741 3776 ipsam
2763 3707 3217 3780 incomparabilis
3237 3711 3562 3768 excellentia
3587 3712 3760 3786 digni-

2161 3791 2295 3848 tatis
2319 3801 2572 3849 exornet.

2230 3884 2472 3944 XXXIV.
2517 3889 2573 3944 Si
2609 3904 2733 3944 cum
2757 3905 2822 3946 eo
2848 3893 3022 3958 omni,
3061 3894 3209 3964 quod
3241 3897 3488 3968 genitum
3521 3906 3629 3964 est,
3651 3899 3756 3954 im-

2158 3975 2360 4046 plicata
2393 3977 2498 4044 εει,
2529 3987 2585 4035 ει
2616 3982 2916 4050 conjuncta
2959 3998 3146 4039 causae
3190 3986 3366 4053 notio,
3407 4002 3575 4043 causa
3623 4005 3752 4046 vero

2155 4074 2280 4132 est,
2349 4068 2591 4140 ingenita
2648 4085 2882 4140 natura,
2946 4090 3071 4129 cum
3129 4075 3432 4147 ingenitum
3491 4079 3749 4146 dicimus,

2155 4175 2266 4214 nou
2320 4174 2544 4218 causam
2614 4164 2900 4236 aliquam,
2973 4167 3071 4224 sed
3139 4170 3504 4225 substantiam
3565 4175 3750 4244 expri-

2153 4257 2382 4313 mimus.

2222 4348 2391 4420 929
2431 4347 2645 4408 XXXV.
2690 4352 2746 4409 Si
2783 4357 3047 4428 quidquid
3084 4358 3410 4430 productum
3437 4355 3544 4424 est;
3571 4361 3641 4417 ab
3667 4363 3748 4417 al-

2153 4449 2271 4497 tero
2310 4445 2640 4512 productum
2681 4457 2786 4512 est.
2827 4451 3070 4523 ingenita
3113 4469 3245 4508 vero
3291 4455 3604 4526 hypostasis
3644 4474 3746 4513 nec

2151 4550 2181 4588 a
2206 4549 2264 4591 se
2289 4537 2428 4608 ipsa,
2454 4555 2556 4594 nec
2579 4541 2648 4596 ab
2667 4542 2773 4596 alia
2799 4545 3063 4614 producta
3087 4554 3194 4611 est,
3223 4547 3450 4618 ingeniti
3479 4550 3744 4604 vocabulo

2151 4629 2461 4686 substantia
2486 4633 2604 4704 ipsa
2626 4635 2981 4707 signiﬁcetur
3009 4646 3246 4708 oportet.

2222 4743 2462 4801 XXXVI.
2511 4745 2566 4803 Si
2599 4749 2826 4820 ingeniti
2876 4753 3208 4818 substantia,
3254 4765 3514 4825 tanquam
3547 4771 3736 4818 causa,

453 4812 603 4866 αἰτία
629 4815 661 4886 ἡ
689 4814 984 4887 ἀτέννητος
1017 4819 1335 4887 ὑπόστασις,
1386 4824 1528 4877 κατὰ
1561 4825 1745 4897 πάσης
1774 4828 1952 4892 αίτίας
1983 4831 2044 4885 τὺ

2169 4837 2390 4906 ngenita
2425 4838 2739 4910 hypostasis
2768 4842 3104 4910 declaratur,
3130 4863 3252 4916 qua:
3294 4863 3403 4916 prae
3433 4848 3580 4901 omni
3611 4864 3742 4902 eau-

452 4905 872 4976 ἀπαράλλακτον
914 4909 1134 4981 ἔχουσα,
1176 4914 1442 4970 αὑτουσία
1485 4918 1634 4971 ἐστὶν
1673 4919 2040 4989 ἀσύγκριτος,

450 4997 552 5050 οὑκ
595 4998 796 5064 ἔξωθεν
851 5004 1294 5074 συνεμφαίνουσα
1355 5009 1417 5061 τὸ
1452 5009 1770 5082 ἀπρόσιτον,
1804 5014 1937 5067 αὑτὸ
1983 5015 2040 5068 δὲ

450 5091 793 5162 ὑπάρχουσα,
855 5094 1190 5167 ἀσύγκριτος
1243 5099 1337 5153 καὶ
1390 5101 1702 5174 ἀπρόσιτος.
1765 5107 1921 5160 Ἔστι
1973 5107 2036 5180 δὴ

450 5181 546 5233 καὶ
575 5180 894 5253 ἁγέννητος.

520 5469 641 5525 AZ’.
674 5473 738 5525 Εἰ
773 5474 1040 5546 ὑπεράγει
1071 5477 1256 5550 πάσης
1305 5482 1524 5550 φύσεως
1551 5487 1579 5539 ὀ
1606 5485 2032 5560 Παντοκράτωρ,

445 5563 535 5618 δεὰ
579 5564 642 5616 τὸ
699 5566 993 5638 ἀγέννητον
1026 5570 1315 5642 ὑπεράγει,
1359 5574 1495 5646 ὅπερ
1521 5577 1670 5630 ἐστὶν
1716 5579 1889 5634 αἴτιον
1921 5584 2034 5647 τοῖς

443 5660 726 5727 γεννητοῖς
746 5657 1030 5732 διαμονῆς.
1067 5664 1130 5718 Εί
1156 5663 1214 5719 δὲ
1250 5665 1324 5738 μὴ
1352 5665 1498 5724 ἐστιν
1520 5669 1710 5736 οὐσίας
1736 5669 2032 5744 δηλωτικὸν

512 5835 536 5871 ⁸
552 5854 646 5911 γρ.
679 5841 881 5912 ἄρτιον.

2145 4941 2329 4981 sarum
2383 4945 2583 5000 genere
2638 4933 3079 4992 immutabilitate
3109 4939 3336 5008 praedita
3384 4948 3492 5003 est,
3541 4940 3731 4995 eadem

2141 5034 2239 5088 per
2277 5037 2400 5076 sese
2439 5023 2749 5080 substantia
2793 5026 3238 5098 iucomparabilis
3289 5038 3392 5096 est,
3436 5049 3543 5088 nou
3588 5034 3739 5088 velut

2142 5113 2490 5172 extrinsecus
2533 5118 2765 5174 ascitam
2811 5123 3132 5190 qualitatem
3189 5125 3336 5178 illam
3388 5141 3500 5195 pra!
3551 5142 3610 5182 se
3658 5127 3736 5183 fe—

2139 5218 2288 5268 rens,
2325 5205 2461 5261 nihil
2493 5215 2544 5262 ut
2579 5209 2646 5263 ad
2680 5210 2854 5279 ipsam
2892 5213 3067 5281 possit
3100 5214 3394 5279 accedere,
3442 5215 3537 5270 sed
3580 5215 3632 5271 id
3665 5232 3731 5270 ex

2145 5309 2268 5349 sese
2295 5295 2478 5364 habet,
2506 5299 2585 5353 uti
2618 5300 2756 5354 nihil
2789 5316 2915 5355 cum
2958 5302 3075 5372 ipsa
3111 5304 3373 5368 conferri,
3405 5314 3497 5360 aut
3519 5306 3584 5358 ad
3609 5321 3727 5360 eam

2141 5385 2406 5442 accedere
2442 5390 2639 5458 possit.
2676 5391 2836 5448 Unde
2874 5400 2928 5449 et
2969 5410 3067 5465 per
3090 5405 3262 5450 semet
3296 5405 3380 5451 est
3418 5397 3680 5468 ingenita.

2208 5497 2478 5556 XXXVII.
2523 5504 2581 5558 Si
2627 5506 2977 5577 omnipotens
3023 5507 3170 5566 Deus
3216 5516 3466 5564 naturam
3507 5526 3726 5568 omnem

2136 5591 2374 5657 excellit,
2411 5609 2478 5650 eo
2532 5597 2653 5666 ipso
2684 5599 2835 5669 quod
2874 5601 3150 5672 ingenitus
3177 5609 3283 5664 est,
3326 5602 3564 5658 excellit.
3596 5601 3732 5670 Qum

2137 5682 2446 5755 proprietas
2490 5703 2658 5747 causa
2701 5703 2785 5750 est
2831 5695 3030 5766 genitis
3070 5695 3328 5753 omnibus
3371 5697 3728 5754 stabilitatem
