4134 6386
396 374 508 430 543

400 596 659 650 stantiam
710 613 820 652 non
869 600 1146 669 exprimit,
1195 618 1225 656 a
1259 620 1370 674 quo
1417 610 1639 665 tandem
1687 616 1993 684 genitarum

397 703 580 742 rerum
613 697 808 744 natura
844 692 1082 762 seipsam
1117 704 1178 747 ut
1207 709 1501 754 conservet
1539 703 1814 773 accipiet?

470 778 760 835 XXXVIII.
807 779 864 837 Si
900 785 1037 838 nihil
1085 801 1301 854 eorum,
1337 806 1459 858 qua:
1500 794 1678 848 visum
1704 795 1993 868 eliugiuut,

398 872 696 941 semetipso
737 876 910 928 sativa
941 876 1177 946 quadam
1217 880 1266 932 vi
1312 883 1464 950 prius
1497 894 1603 948 est,
1641 894 1810 956 atque
1858 889 1996 943 deli-

397 961 512 1014 nita
559 971 771 1017 natura:
807 975 954 1020 sorte
978 966 1340 1025 continetur;
1387 975 1480 1043 qui
1530 975 1646 1029 ﬂeri
1696 986 1900 1046 potest,
1936 986 1995 1033 ut

395 1055 670 1126 ingenitus
692 1055 856 1122 Dens,
880 1059 949 1113 ab
968 1066 1116 1118 omni
1144 1065 1435 1121 sortitione
1453 1067 1613 1131 liber,
1637 1085 1791 1125 suam
1821 1073 1995 1142 ipsius

395 1149 760 1203 substantiam
803 1153 966 1207 modo
1018 1155 1073 1208 in
1107 1156 1291 1226 genita
1336 1160 1526 1214 sobole
1578 1159 1860 1218 inferioris
1898 1179 1994 1218 cu-

391 1239 610 1309 jusdam
668 1257 733 1297 ac
776 1244 1032 1299 secundae
1071 1246 1426 1313 conditionis,
1463 1251 1628 1306 modo
1659 1253 1714 1307 in
1753 1255 1994 1325 ingenito

392 1335 670 1405 primariae
700 1352 824 1392 esse
845 1338 1045 1404 videat,
1076 1339 1153 1394 ita
1187 1349 1246 1396 ut
1276 1344 1478 1414 prioris
1517 1345 1651 1401 insit
1706 1362 1772 1401 ac
1809 1357 1994 1417 postea

392 1425 567 1480 rioris
599 1428 778 1481 orilo?

463 1515 708 1572 XXXIX.
751 1517 807 1573 Si
836 1520 890 1574 in
933 1521 1178 1592 ingenita
1222 1532 1423 1578 natura
1468 1539 1784 1595 perseverat
1825 1527 1988 1596 Deus,

392 1609 796 1666 detrahendum
826 1611 930 1666 hoc
964 1613 1039 1667 illi
1068 1622 1174 1679 est,
1207 1624 1264 1670 ut
1293 1619 1543 1688 generari
1582 1632 1661 1685 se,
1698 1629 1861 1691 atque
1907 1622 1992 1676 in-

391 1699 636 1769 genitum
666 1716 790 1757 esse
828 1715 1145 1774 cognoscat.
1182 1706 1340 1772 Quod
1381 1709 1426 1763 si
1463 1709 1538 1762 illi
1576 1710 1770 1777 detur,
1806 1721 1865 1765 ut
1896 1729 1992 1783 per

393 1795 560 1864 geniti
606 1795 945 1866 ingenitique
987 1799 1361 1856 conditionem
1398 1801 1546 1856 illius
1577 1810 1774 1857 natura
1801 1807 1991 1859 tradu-

1830 403 1888 461 S.
1923 408 2266 468 EPIPIIANII

401 501 876 575 constantiamque
900 506 1170 564 tribuens.
1202 509 1298 566 Sin
1325 525 1506 569 autem
1534 517 1834 589 ingenitum
1866 525 1993 580 sub-

2100 528 2160 580 τὸ
2195 529 2510 602 ἀγέννητον,
2564 532 2730 588 πόθεν
2780 535 2849 589 ἀν
2878 536 2912 607 ἠ
2941 537 3050 592 τῶν
3070 542 3346 614 γεννητῶν
3372 545 3531 616 φύσις
3575 551 3686 616 ἕξει

3580 434 3686 493 ιιι

2097 620 2158 671 τὸ
2188 620 2552 685 διασώζεσθαι
2577 641 2592 691 ;

2169 795 2298 849 ΑΠ’.
2326 796 2389 849 Ei
2418 797 2570 850 οὐδὲν
2609 800 2719 854 τῶν
2755 802 3005 875 ἀοράτων
3049 807 3182 862 αὐτὸ
3220 807 3384 863 αὑτοῦ
3437 829 3688 885 σπερμα-
3725 847 3735 855 ι

2095 886 2264 950 τικῶς
2298 891 2663 962 προῦπάρχει,
2721 893 2963 966 διαμένει
2993 898 3049 952 δὲ
3084 901 3141 953 ἐν
3181 901 3340 971 φύσει
3376 904 3682 976 ἀποκεκλη-

2099 976 2337 1069 ρωμένῃ·
2361 980 2477 1042 πῶς
2492 979 2558 1034 ἂν
2582 982 2610 1034 ὁ
2637 982 2930 1055 ἀγέννητος
2955 987 3108 1052 Θεὸς,
3127 990 3412 1064 ἐλεύθερος
3441 995 3682 1069 ἀποκλη-

2097 1065 2318 1136 ρώσεως
2345 1069 2628 1141 ὑπάρχων,
2669 1072 2764 1126 νῦν
2802 1075 2900 1144 μὲν
2929 1075 3030 1148 τὴν
3064 1079 3260 1134 ἐαυτοῦ
3285 1084 3473 1138 οὐσίαν
3496 1065 3681 1140 δευτέ-

2098 1175 2198 1228 ραν
2226 1161 2284 1213 ὲν
2311 1163 2613 1233 γεννήματι
2661 1167 2793 1236 ὁρᾷν
2827 1168 2866 1231 ¹,
2903 1167 2997 1221 νῦν
3028 1169 3086 1223 δὲ
3129 1174 3401 1245 προτέραν
3439 1178 3496 1230 ἐν
3520 1179 3684 1247 ἀγεν-

2095 1254 2264 1325 νήτῳ,
2299 1255 2440 1310 κατὰ
2467 1256 2565 1328 τὴν
2593 1257 2686 1311 τοῦ
2715 1258 2933 1330 πρώτου
2959 1265 3055 1318 καὶ
3084 1264 3338 1338 δευτέρου
3364 1267 3516 1334 τάξιν
3541 1287 3556 1336 ;

2164 1536 2288 1594 ΛΘ⁹.
2313 1541 2377 1594 Εἰ
2423 1539 2669 1611 διαμένει
2691 1542 2750 1594 ἐν
2783 1542 2942 1610 φύσει
2991 1546 3275 1621 ἀγεννήτῳ
3302 1552 3329 1605 ό
3356 1553 3509 1620 Θεὸς,
3536 1555 3597 1610 τὸ
3626 1559 3684 1613 ἐν

2093 1633 2304 1700 γενέσει
2361 1633 2458 1687 acati.
2518 1635 2818 1708 ἀγεννησίᾳ
2879 1638 3072 1693 ἐαυτὸν
3124 1641 3321 1698 εἰδέναι
3358 1646 3679 1718 ἀφῃρήσθω.

2093 1724 2556 1796 Συγχωρουμένου
2613 1724 2670 1779 δὲ
2721 1726 2780 1780 ἐν
2813 1727 3099 1801 ἀγεννήτῳ
3148 1733 3243 1786 καὶ
3301 1737 3546 1808 γεννητῷ
3585 1739 3686 1811 τὴν

2095 1817 2292 1870 ἑαυτοῦ
2341 1817 2530 1872 οὐσίαν
2588 1818 2974 1884 παρατείνειν,
3035 1822 3199 1887 αὐτὸς
3253 1826 3447 1880 ἑαυτοῦ
3501 1829 3688 1898 ἀγνοεῖ

391 1893 574 1950 catur,
607 1888 976 1942 substantiam
1006 1889 1122 1958 ipse
1145 1905 1302 1946 suam
1330 1893 1565 1962 ignorat,
1592 1909 1716 1948 cum
1743 1897 1810 1950 ab
1844 1905 1993 1950 utra-

2100 1909 2194 1977 τὴν
2227 1908 2412 1962 οὐσίαν
2456 1910 2854 1982 περιαγόμενος
2883 1911 2989 1965 ὑπὸ
3021 1915 3289 1982 γενέσεως
3321 1920 3413 1972 καὶ
3456 1888 3686 1995 ἀγέννη-

392 1994 524 2048 que,
557 1979 726 2050 geniti
765 1980 977 2035 scilicet
1011 1991 1177 2050 atque
1208 1983 1460 2054 ingeniti,
1497 1978 1762 2056 qualitate
1787 1986 1992 2041 distra-

397 2071 584 2126 batur.

466 2161 579 2216 XL.
622 2161 681 2216 Si
716 2177 847 2218 vero
893 2164 1139 2234 genitum
1175 2166 1511 2224 conditionis
1543 2169 1773 2241 ingeniti
1822 2173 1995 2242 parti-

395 2273 528 2326 ceps
559 2267 663 2321 est,
694 2264 748 2312 et
782 2258 837 2311 in
862 2258 1032 2328 geniti
1058 2268 1273 2314 natura
1329 2271 1590 2331 perpetuo
1639 2272 1846 2329 manet,
1896 2282 1991 2320 ne-

403 2364 560 2404 cesse
588 2358 694 2412 est,
730 2357 788 2403 ut
823 2366 882 2406 se
929 2351 1246 2422 imperfecta
1285 2352 1340 2406 in
1396 2363 1592 2408 natura
1628 2357 1991 2412 constitutum

393 2457 518 2496 esse
568 2451 905 2512 cognoscat,
956 2453 1011 2497 et
1063 2443 1212 2498 illam
1265 2444 1490 2515 ingeniti
1547 2449 1990 2504 communionem

395 2532 632 2604 ignoret.
696 2533 884 2604 Neque
929 2533 1075 2589 enim
1126 2535 1268 2589 idem
1311 2536 1378 2592 de
1419 2538 1602 2608 seipso
1638 2546 1693 2593 et
1739 2541 1993 2611 ingenitae

395 2627 720 2682 substantia:
777 2637 831 2680 et
867 2628 1063 2698 genita:
1095 2628 1350 2682 notitiam
1397 2629 1696 2686 informare
1732 2642 1930 2703 potest.

467 2717 600 2773 XLI.
643 2719 698 2773 Si
733 2718 955 2791 ingeniti
988 2723 1292 2791 proprietas
1352 2723 1486 2777 levis
1533 2733 1617 2778 est
1672 2739 1736 2779 ac
1782 2725 1991 2779 minimi

407 2811 682 2871 facienda,
718 2813 864 2882 quod
901 2813 954 2867 in
989 2814 1346 2867 mutationem
1382 2816 1636 2883 proclivis
1672 2817 1763 2879 sit,
1795 2819 1993 2871 immu-

396 2903 580 2958 tabilis
609 2903 914 2958 substantia
943 2911 1152 2956 natura;
1187 2903 1436 2971 (ιωειιιιιιι
1465 2903 1707 2973 dignitas
1730 2912 1832 2970 est,
1868 2921 1990 2960 cum

394 2999 636 3068 ingenita
706 2999 1014 3052 substantia
1087 2999 1333 3052 omnium
1391 2999 1744 3056 confessione
1799 3003 1985 3056 causis

397 3091 657 3146 oiimibns
680 3092 994 3145 anteciellat.

471 3183 628 3238 XLII.
673 3183 730 3238 Si
753 3185 1055 3255 ingenitum
1081 3200 1307 3240 causam
1334 3185 1538 3238 nullam
1562 3186 1783 3255 penitus
1801 3187 1985 3248 habet,

398 3277 618 3345 sintque
647 3277 886 3345 ingenita
909 3276 1212 3344 complura,
1252 3274 1417 3345 930
1444 3275 1772 3330 immutabili
1795 3285 1992 3331 natura

397 3369 750 3421 constabunt.
789 3365 976 3435 Neque
1015 3366 1158 3418 enim
1203 3367 1352 3420 velut
1385 3365 1650 3419 attributa
1679 3367 1992 3422 communis

399 3459 687 3527 cujusdam
763 3470 828 3510 ac
871 3456 1164 3525 peculiaris
1209 3464 1421 3510 natura:
1461 3455 1776 3512 conditione
1822 3459 1994 3526 parti-

403 3565 644 3621 cepsque
678 3547 842 3610 facta,
886 3549 1057 3602 altera
1084 3547 1272 3601 molita
1304 3557 1409 3610 est,
1439 3549 1604 3602 altera
1639 3548 1922 3618 producta.

471 3641 654 3697 XLIII.
699 3639 755 3694 Si
807 3641 1117 3695 substantia
1147 3641 1327 3695 omnis
1369 3641 1612 3711 ingenita
1645 3650 1749 3707 est,
1781 3643 1922 3696 nihil
1963 3657 1994 3695 a

401 3750 461 3791 se
500 3735 732 3787 invicem
774 3732 877 3786 hac
905 3748 974 3786 ει
1002 3741 1156 3803 parte
1186 3731 1461 3798 dill‘erent,
1489 3733 1636 3803 quod
1671 3742 1867 3788 neutra
1891 3733 1992 3788 do-

401 3828 684 3882 minationi
727 3826 977 3896 subjecta
1009 3825 1082 3881 sit
1117 3826 1371 3881 alterius.
1422 3825 1605 3892 Quare
1635 3828 1860 3896 quinam
1916 3826 1997 3880 al-

401 3919 607 3973 Iirmari
648 3926 848 3988 potest,
882 3919 1079 3972 mutari
1117 3911 1305 3982 unam,
1339 3917 1568 3972 alteram
1597 3925 1830 3981 mutare,
1867 3932 1992 3971 cum

402 4010 514 4066 Deo
557 4012 783 4066 minime
812 4013 1153 4081 permittant,
1190 4016 1250 4064 ut
1279 4025 1348 4065 ex
1376 4011 1526 4065 nulla
1559 4010 1806 4080 subjecta
1859 4010 1994 4067 sub-

400 4105 601 4159 stantia
633 4104 922 4174 producat.

475 4194 658 4249 XLIV.
703 4195 758 4250 Si
794 4197 974 4250 omnis
1009 4194 1319 4250 substantia
1353 4193 1596 4262 ingenita
1637 4201 1742 4259 est,
1771 4193 1995 4263 perinde

381 4272 457 4339 et
501 4285 648 4338 nulla
681 4285 962 4340 variabilis
991 4294 1093 4339 est.
1129 4283 1285 4350 Quod
1319 4284 1364 4338 si
1403 4283 1604 4338 variari
1649 4290 1846 4338 natura
1883 4299 1994 4338 non

403 4374 603 4448 potest;
641 4391 803 4446 agere
845 4391 909 4429 ac
963 4375 1097 4445 pati,
1135 4373 1203 4429 ad
1233 4374 1521 4430 fortuitum
1551 4375 1849 4444 quemdam
1894 4389 1992 4430 ca-

401 4484 524 4524 sum
559 4467 843 4523 referenda
867 4475 1017 4523 sunt.

2101 2003 2240 2064 σίας.

2167 2179 2256 2236 Μ’.
2293 2180 2357 2234 El
2394 2181 2452 2235 δὲ
2513 2182 2607 2236 καὶ
2655 2183 2717 2236 τὸ
2752 2183 3014 2256 γεννητὸν
3065 2187 3363 2260 μετείληφε
3395 2191 3685 2260 μετουσίας

2097 2275 2413 2344 ἀγεννήτου,
2446 2277 2503 2327 ἐν
2528 2275 2586 2329 δὲ
2612 2276 2876 2346 γεννητοῦ
2905 2277 3066 2347 φύσει
3093 2280 3469 2353 ἀτελευτήτως
3491 2283 3682 2355 διαμέ-

2096 2381 2148 2416 νε
2161 2381 2226 2427 ιε,
2254 2366 2302 2416 εί
2334 2366 2354 2395 ²
2382 2363 2482 2433 μὲν
2502 2365 2567 2436 δὴ
2595 2367 2762 2437 ἀτελῆ
2798 2366 2957 2436 φύσει
2978 2370 3236 2437 γινώσκει
3259 2373 3442 2437 αὐτὸν,
3475 2375 3683 2444 ἀγνοῶν

2094 2457 2335 2527 δηλονότι
2381 2459 2489 2529 τὴν.
2533 2458 2830 2530 ἀγέννητον
2885 2463 3199 2531 μετουσίαν.
3233 2465 3308 2518 Οὐ
3343 2465 3452 2536 γὰρ
3479 2461 3590 2521 οἷόν
3621 2485 3680 2521 τε

2094 2550 2254 2603 αὐτὸν
2289 2552 2417 2620 περὶ
2445 2549 2640 2611 ἑαυτοῦ
2669 2551 2765 2604 καὶ
2795 2553 3089 2623 ἀγεννήτου
3114 2554 3302 2618 οὐσίας
3319 2557 3519 2624 γνῶσιν
3538 2559 3683 2628 ἔχειν

2095 2643 2188 2696 καὶ
2217 2643 2505 2712 γεννητῆς.

2164 2732 2297 2786 MA’.
2326 2735 2388 2786 Ei
2415 2733 2472 2786 δὲ
2504 2729 2980 2808 εὐκαταφρόνητόν
3035 2739 3152 2791 ἐστι
3187 2739 3247 2793 τὸ
3277 2738 3572 2810 ἀγέννητον
3599 2741 3687 2798 διὰ

2097 2827 2398 2898 μεταϐολῆς
2447 2830 2895 2902 ἐπιτηδειότητα*
2948 2831 3168 2901 ἀξίωμα
3229 2831 3455 2902 φύσεώς
3501 2836 3685 2899 ἐστιν,

2093 2920 2246 2972 οὐσία
2294 2920 2702 2991 ἀμετάϐλητος,
2752 2923 2851 2994 τῆς
2911 2925 3210 2996 ἀγεννὴτου
3267 2927 3459 2990 οὐσίας
3506 2928 3685 3000 πάσης

2093 3012 2275 3075 αἰτίας
2303 3014 2611 3086 κρείττονος
2638 3015 3089 3087 ὡμολογημένης.

2166 3195 2299 3249 ΜΒ’.
2331 3196 2395 3250 Εί
2423 3197 2483 3250 τὸ
2514 3197 2809 3268 ἀγέννητον
2856 3198 3038 3270 πάσης
3073 3199 3254 3262 αἰτίας
3281 3199 3564 3272 ἐξῄρηται,
3599 3200 3684 3270 εἴη

2097 3287 2153 3341 δὲ
2181 3287 2352 3342 πολλὰ
2380 3289 2681 3360 ἀγέννηταο
2718 3289 3142 3360 ἀπαράλλακτον
3159 3289 3342 3357 ἕξουσι
3370 3291 3468 3362 τὴν
3499 3291 3682 3361 φύσιν.

2097 3379 2171 3431 Οὐ
2203 3378 2310 3449 γὰρ
2340 3379 2426 3442 ἂν,
2449 3378 2524 3450 μὴ
2555 3378 2938 3450 ἀποκληρώσει
2964 3379 3183 3448 φύσεως
3204 3380 3349 3445 τινος
3380 3379 3560 3434 κοινοῦ
3590 3380 3686 3436 καὶ

2100 3472 2226 3524 ἰδίου
2253 3472 2630 3544 μετειληφυῖα,
2664 3474 2696 3544 ἡ
2727 3473 2825 3543 μὲν
2850 3472 3046 3537 ἐποίει,
3084 3474 3117 3544 ἡ
3147 3473 3204 3526 δὲ
3239 3473 3472 3542 ἐγίνετο.

2165 3654 2296 3709 Ml".
2330 3655 2394 3708 Εἰ
2420 3656 2568 3708 πᾶσα
2603 3654 2762 3708 οὐσία
2807 3655 2955 3708 ἐστὶν
2981 3654 3304 3724 ἀγέννητος,
3353 3652 3686 3724 οὐδοποτέρα

2095 3745 2283 3798 διοίσει
2342 3746 2444 3816 τῆς
2497 3746 2664 3816 ἀλλης
2712 3745 2855 3798 κατὰ
2899 3746 2961 3799 τὸ
3002 3747 3319 3803 ἀδέσποτον.
3353 3747 3477 3811 Πῶς
3499 3743 3591 3802 οὖν
3619 3747 3686 3803 ἄν

2096 3855 2178 3901 τις
2201 3839 2335 3909 φαίη
2360 3839 2458 3910 τὴν
2495 3839 2592 3909 μὲν
2623 3837 3078 3909 μεταϐάλλεσθαι,
3109 3841 3208 3910 τὴν
3229 3841 3284 3893 δὲ
3305 3839 3682 3912 μεταϐάλλειν,

2095 3929 2197 3980 οὐκ
2221 3930 2624 4000 ἐπιτρεπόντων
2649 3927 2728 3998 τῷ
2753 3925 2874 3998 Θεῷ
2907 3927 3139 4000 ὐφιστᾷν
3172 3931 3239 3983 ἐκ
3273 3930 3349 4002 μὴ
3378 3929 3683 3984 ὑποκειμέ-

2097 4036 2194 4090 νης
2223 4021 2410 4084 οὐσίας
2433 4038 2448 4086 ;

2166 4201 2295 4255 ΜΝ.
2328 4200 2392 4251 El
2426 4199 2574 4252 πᾶσα
2606 4199 2764 4252 οὐσία
2796 4201 2944 4254 ἐστὶν
2999 4201 3317 4272 ἀγέννητος,
3351 4203 3501 4258 πᾶσά
3533 4204 3685 4257 ἐστιν

2099 4289 2538 4360 ἀπαράλλακτος.
2603 4290 2711 4362 Τῆς
2767 4291 2825 4345 δὲ
2878 4293 3069 4356 οὐσίας
3132 4294 3192 4348 τὸ
3266 4295 3686 4365 ἀπαράλλακτον

2092 4384 2345 4455 ἐχούσης,
2403 4383 2466 4437 τὸ
2521 4387 2695 4438 ποιεῖν
2746 4386 2842 4439 καὶ
2895 4387 2959 4440 τὸ
3003 4389 3236 4459 πάσχειν
3287 4389 3685 4462 αὐτοματισμῷ

2093 4477 2406 4531 ἀναθετέον.

476 4557 636 4612 XLV.
677 4558 835 4625 Quod
860 4560 908 4614 si
942 4560 1111 4614 multa
1137 4560 1246 4615 sint
1277 4559 1517 4630 ingenita
1543 4567 1598 4613 et
1622 4558 1988 4624 invariabilia,

2164 4571 2296 4624 ME'.
2347 4569 2564 4624 Πολλῶν
2606 4571 2664 4626 δὲ
2708 4572 2878 4627 ὄντων
2935 4576 3250 4646 ἀγεννήτων
3297 4576 3394 4630 καὶ
3435 4574 3686 4646 ἀπαραλ-

406 4652 557 4706 ιιιιΙΙο
587 4659 737 4707 certo
761 4668 788 4705 a
820 4669 877 4707 se
905 4653 1139 4708 invicem
1169 4667 1398 4706 numero
1429 4652 1843 4722 discrepabunt.
1887 4650 1992 4706 Νε-

404 4759 510 4815 que
544 4744 687 4798 enim
725 4745 1114 4814 comprehendi
1160 4759 1392 4799 numero
1423 4751 1706 4813 poterunt,
1739 4760 1862 4815 qua:
1906 4743 1992 4798 vel

407 4836 679 4899 absolute,
718 4837 803 4890 vel
835 4839 1015 4906 aliqua
1053 4853 1121 4891 ex
1162 4844 1315 4906 parte
1356 4835 1641 4902 tlill'erant;
1686 4851 1810 4890 cum
1839 4834 1995 4890 αισθ-

408 4939 582 4985 ι·ε;ιιοιι
622 4929 802 4983 omnis
831 4929 1206 4985 determinatus
1239 4945 1421 4985 causa:
1467 4929 1520 4982 in
1569 4931 1812 5001 ingenita
1839 4923 1996 4984 lnatu-

414 5036 474 5074 ra
511 5021 658 5075 velut
689 5022 1010 5076 attributam
1049 5030 1253 5078 sortem
1286 5022 1580 5092 signiﬁcet.

478 5110 665 5166 XLVI.
711 5112 770 5166 Si
827 5111 1043 5184 [verba]
1090 5113 1365 5184 ingenitus
1428 5121 1483 5168 et
1543 5111 1684 5167 Deus
1742 5128 1842 5183 pro
1886 5128 1997 5168 uno

409 5206 712 5276 eodemque
761 5215 1068 5270 sumantur,
1111 5205 1386 5275 ingenitus
1444 5205 1742 5276 ingenitum
1786 5207 1994 5275 genuit.

415 5297 510 5352 Sin
559 5299 838 5354 diversum
865 5297 1144 5370 quiddam,
1181 5297 1409 5367 ingeniti
1441 5312 1506 5352 ac
1562 5296 1656 5351 Dei
1710 5298 1996 5364 vocabula,

412 5390 712 5454 declarant,
764 5406 1110 5462 nequaquam
1132 5390 1433 5445 absurdum
1487 5398 1596 5456 est,
1631 5388 1802 5446 Deum
1843 5389 2000 5446 aDeo

411 5484 560 5551 genit
599 5499 652 5538 m
675 5500 818 5550 esse,
857 5499 982 5538 cum
1027 5491 1259 5554 uterque
1293 5483 1361 5539 ab
1399 5483 1643 5556 ingenita
1687 5483 1999 5540 substantia

414 5576 682 5643 originem
718 5575 958 5631 duxerit.

482 5658 693 5718 XLVII.
737 5663 794 5717 Si
831 5672 959 5720 ante
990 5663 1162 5719 Deum
1192 5664 1328 5722 nihil
1370 5664 1598 5723 omnino
1624 5665 1747 5731 fuit,
1790 5665 1872 5720 uti
1911 5681 2001 5721 reo

491 5814 511 5853 ‘
536 5816 668 5874 Cor.
690 5819 812 5891 ὁρᾷ.
912 5823 934 5854 ²
969 5821 1098 5877 Cor.
1130 5825 1187 5880 ἐν
1220 5833 1276 5883 et
1305 5824 1503 5881 ἀτελεῖ.

2100 4663 2332 4728 λάκτων,
2356 4663 2741 4735 ἀναριθμήτως
2767 4667 3057 4722 διοίσουσιν
3082 4669 3349 4740 ἀλλήλων.
3375 4670 3449 4721 Οὐ
3472 4669 3578 4741 γὰρ
3613 4669 3681 4720 ἂν

2100 4756 2187 4826 εἴη
2216 4755 2495 4826 ἀριθμητά
2523 4756 2591 4809 τά
2611 4755 2880 4812 διεστῶτα
2907 4759 2941 4826 ἦ
2963 4760 3218 4824 καθόλου,
3251 4760 3283 4830 ἦ
3314 4759 3454 4813 κατὲ
3486 4777 3559 4820 τι,
3581 4760 3688 4812 πά-

2102 4863 2202 4916 σης
2247 4845 2580 4909 διαστάσεως
2642 4847 3070 4921 ἀποκληρώματί
3099 4850 3119 4882 ³
3146 4868 3268 4904 τινα
3294 4851 3683 4920 ἐμφαινούσης,

2105 4938 2232 5014 [ἔτι]
2268 4942 2717 5014 ἀποτεταγμένης
2744 4943 3043 5014 ἀγεννήτου
3075 4942 3311 5012 φύσεως.

2177 5125 2319 5194 Μετ’.
2354 5126 2418 5179 El
2439 5125 2501 5180 τὸ
2521 5124 2850 5196 ἀγέννητος
2867 5126 2961 5180 καὶ
2978 5125 3040 5179 τὸ
3074 5125 3222 5193 Θεὸς
3250 5127 3314 5179 ἐκ
3342 5125 3684 5198 παραλλήλου

2104 5217 2166 5269 τὸ
2194 5217 2323 5269 αὐτὸ
2351 5216 2517 5288 δηλοῖ,
2551 5218 2843 5289 ἀγέννητον
2871 5217 3165 5289 ἀγέννητος
3191 5218 3505 5289 ἐγέννησεν.
3542 5217 3605 5270 El
3631 5218 3689 5271 δὲ

2106 5306 2291 5378 ἕτερόν
2319 5324 2370 5361 τι
2391 5307 2542 5379 δηλοί
2571 5308 2632 5360 τὸ
2663 5309 2980 5380 ἀγέννητον,
3011 5308 3197 5379 ἓτερον
3220 5309 3278 5363 δὲ
3305 5309 3365 5361 τὸ
3395 5307 3558 5375 Θεὸς,
3587 5309 3688 5361 οὐκ

2107 5399 2306 5452 ἄτοπον
2331 5397 2388 5450 δὲ
2413 5397 2490 5468 τῷ
2515 5397 2634 5470 Θεῷ
2675 5398 2807 5451 Θεὸν
2849 5399 3257 5471 γεγεννηκέναι,
3298 5399 3561 5471 ἐκατέρου
3587 5398 3686 5471 τὴν

2107 5487 2341 5562 ὕπαρξιν
2373 5489 2627 5555 λαϐόντος
2661 5491 2722 5558 ἐξ
2745 5491 3041 5563 ἀγεννήτου
3071 5492 3277 5555 οὐσίας.

2179 5667 2314 5724 MZ'.
2347 5669 2410 5723 Ei
2433 5667 2488 5724 δὲ
2527 5669 2587 5724 τὸ
2623 5669 2729 5742 πρὸ
2749 5669 2843 5724 τοῦ
2881 5668 3018 5725 Θεοῦ
3047 5669 3211 5743 μηδὲν
3239 5672 3346 5744 εἴη,
3369 5668 3563 5743 ὥσπερ
3586 5666 3690 5724 οὐκ

1581 5825 1602 5860 ⁸
1634 5843 1723 5896 γρ.
1767 5823 2235 5898 ἀποκληρώματα.
