4134 6386
435 335 543 394 515

1002 331 1371 388 ADVERSUS
1409 330 1754 388 IIERESES
1791 331 1922 390 LIB.
1965 334 2055 392 Ill.
2097 337 2261 396 TOM.
2304 338 2346 394 1.
2388 369 2458 379 -
2495 337 2772 395 HIEBES.
2815 339 3051 398 LXXVI.

3625 344 3734 405 διο

437 454 576 517 ἔστι,
638 449 700 504 τὸ
727 449 876 515 Θεὸς
931 449 1110 504 καὶτὸ
1151 449 1449 522 ἀγέννητον
1506 450 1706 505 ταυτὸν
1748 451 1918 522 δηλοῖ,
1977 456 2038 508 οὐ

2145 472 2274 512 vera
2319 457 2458 512 nihil
2498 457 2728 522 exstitit,
2776 459 2923 516 Deus
2951 466 3004 516 et
3035 459 3342 532 ingenitum
3387 459 3532 517 idem
3569 461 3732 534 plane

439 543 805 619 προσιεμένου
875 541 972 596 τοῦ
1029 543 1394 614 γεννήματος
1455 543 1517 597 τὸ
1564 544 1883 614 ἀγέννητον.
1948 546 2042 600 Διὸ

439 638 561 692 οὐδὲ
608 637 671 690 τὸ
720 634 1190 707 συνεκφωνεῖσθαι
1232 635 1310 708 τῷ
1349 635 1471 707 Θεῷ
1509 636 1606 690 καὶ
1665 637 1843 709 Πατρὶ
1891 637 2043 710 αύτῷ

407 806 410 809 _
441 730 723 801 ἀνέχεται.

522 823 901 895 Ἑῤῥωμένους
950 822 1048 878 καὶ
1094 821 1416 895 ἐρρωμένας
1457 822 1602 894 ὑμᾶς
1627 824 1656 876 ὁ
1686 823 1762 877 ὢν
1792 823 2046 893 αὐτογέν-

439 934 601 988 νητος
637 917 791 982 Θεὸς,
826 919 855 969 ὁ
882 917 978 970 καὶ
1013 916 1174 987 μόνος
1198 915 1454 988 ἀληθινὸς
1482 915 1616 979 Θεὸς
1669 933 2043 988 προσαγορευ-

439 1009 555 1074 Θείς
622 1010 728 1064 ὑπὸ
783 1008 880 1063 τοῦ
943 1009 1346 1072 ἀποσταλέντος
1409 1009 1586 1080 Ἰησοῦ
1613 1009 1876 1081 Χριστοῦ,
1909 1011 2044 1064 ὑπο-

443 1102 670 1166 στάντος
719 1119 782 1155 τε
839 1101 1056 1174 ἀληθῶς
1097 1101 1207 1174 πρὸ
1243 1100 1477 1168 αἰώνων,
1505 1101 1601 1156 καὶ
1639 1102 1793 1166 ὅντος
1824 1101 2044 1174 ἀληθῶς

441 1194 712 1266 γεννητῆς
742 1195 1122 1261 ὑποστάσεως,
1152 1193 1479 1266 διατηρήσει
1501 1195 1612 1248 ἀπὸ
1634 1195 1734 1265 τῆς
1757 1195 2041 1261 ἀσεϐείας,

439 1290 502 1344 ὲν
526 1287 749 1360 Χριστῷ
800 1287 976 1360 Ἰησοῦ
1008 1287 1084 1358 τῷ
1120 1287 1313 1359 Κυρίῳ
1335 1287 1516 1358 ἡμῶν,
1556 1287 1622 1341 δι’
1645 1280 1706 1342 οὗ
1743 1290 1897 1344 πᾶσα
1915 1290 2043 1357 δόξα

440 1380 519 1452 τῷ
545 1382 723 1454 Πατρί
752 1381 850 1436 καὶ
875 1379 970 1436 νῦν
999 1380 1095 1435 καὶ
1137 1379 1226 1434 ἀεὶ
1264 1379 1359 1434 καὶ
1408 1380 1489 1444 είς
1542 1380 1672 1444 τοὺς
1700 1380 1904 1446 αἰῶνας
1931 1382 2044 1437 τῶν

442 1473 676 1528 αἰώνων.
733 1475 928 1546 Ἀμήν.

513 1567 878 1638 Πεπλήρωται
911 1566 970 1620 τὸ
999 1565 1286 1637 σύνταγμα
1313 1565 1425 1620 τῶν
1453 1565 1685 1621 Ἀετίου.

513 1659 626 1712 Καὶ
650 1657 766 1711 ἐστι
798 1657 909 1711 τῶν
933 1658 1013 1721 εἰς
1037 1658 1188 1729 ἡμᾶς
1221 1656 1331 1710 ἀπὸ
1349 1656 1550 1728 μέρους
1579 1655 1842 1710 ἐλθόντων
1870 1653 2040 1709 αὐτοῦ

440 1749 787 1822 φθοριμαίων
838 1747 1060 1815 λέξεων,
1110 1748 1187 1812 ὡς
1241 1748 1402 1819 ἔφην,
1442 1749 1476 1819 ἡ
1521 1747 1666 1820 ἀρχὴ
1711 1749 1843 1819 παρ’
1877 1747 2040 1818 ἡμῶν

2145 549 2478 622 significant,
2513 565 2639 605 cum
2681 551 2868 622 genita
2905 551 3125 607 soboles
3158 551 3462 622 ingenitum
3490 566 3600 606 non
3634 552 3732 607 ad-

2144 643 2344 697 mittat.
2383 639 2539 697 Unde
2597 657 2724 699 cum
2752 640 2867 697 Deo
2899 659 2964 698 ac
2996 643 3158 699 Patre
3202 659 3305 698 suo
3337 644 3503 699 simul
3545 645 3734 716 appel-

2143 734 2245 788 lari
2275 750 2398 789 sese
2420 750 2533 789 non
2563 735 2794 805 patitur.

2215 825 2360 883 Deus
2406 827 2520 889 ille,
2556 829 2649 898 qui
2695 843 2725 882 a
2775 828 2928 883 nullo
2967 829 3077 884 alio
3122 829 3343 899 genitus
3386 839 3492 893 est,
3527 829 3735 900 quique

2145 919 2296 976 solus
2332 936 2499 976 verus
2534 921 2682 976 Deus
2719 921 2790 976 ab
2831 919 2962 976 Jesu
2999 921 3243 984 Christo,
3272 922 3365 992 qui
3405 922 3474 976 ab
3502 936 3568 976 eo
3599 922 3732 974 niis-

2144 1029 2240 1069 sus
2283 1021 2426 1078 erat,
2463 1015 2767 1084 appellatus
2797 1021 2902 1079 est,
2948 1012 3192 1078 Christo,
3228 1014 3475 1082 inquam,
3517 1012 3610 1083 qui
3649 1027 3735 1067 re—

2144 1121 2274 1160 vera
2314 1113 2441 1162 ante
2473 1107 2675 1161 saecula
2706 1105 2892 1160 omnia
2931 1105 3166 1169 exstitit,
3199 1111 3395 1175 estque
3422 1103 3542 1158 sine
3565 1103 3738 1158 dubio

2143 1200 2324 1270 genita
2371 1199 2706 1266 substantia,
2750 1214 2918 1254 sanos
2958 1214 3078 1264 vos,
3116 1213 3392 1267 sanasque
3423 1205 3481 1252 et
3517 1197 3734 1251 incolu«

2144 1305 2264 1346 mes
2305 1291 2375 1345 ab
2419 1291 2702 1360 impietate
2744 1289 3059 1354 custodiat,
3100 1291 3155 1344 in
3194 1291 3416 1344 Christo
3462 1286 3590 1345 Jesu
3625 1287 3735 1343 Do-

2143 1381 2296 1437 mino
2317 1390 2545 1438 nostro:
2574 1399 2670 1454 per
2696 1398 2857 1452 quem
2881 1382 3062 1438 omnis
3086 1383 3260 1453 gloria
3285 1381 3434 1437 Patri
3483 1393 3538 1436 et
3589 1397 3736 1436 nunc

2141 1481 2198 1529 et
2231 1489 2470 1545 semper,
2503 1482 2558 1530 et
2586 1477 2642 1530 in
2679 1475 2878 1531 saecula
2911 1475 3262 1530 saeculorum.
3291 1475 3486 1530 Amen.

2224 1565 2508 1622 Hactenus
2547 1568 2688 1622 Aetii
2716 1568 3068 1638 opusculum.

2214 1658 2331 1715 Hoc
2376 1660 2540 1730 igitur
2581 1660 3183 1731 perniciosissimarum
3233 1657 3377 1714 Aetii
3429 1658 3738 1714 sententia-

2143 1766 2301 1816 rum,
2338 1767 2572 1822 quarum
2602 1753 2669 1807 ad
2701 1767 2803 1807 nos
2850 1753 3135 1822 particula:
3179 1751 3427 1822 quaedam
3471 1767 3737 1821 pervene-

438 1842 860 1914 ἀνατρεπομένη
901 1841 1064 1914 αῦτη.
1113 1841 1422 1913 Τριακόσια
1459 1840 1570 1910 γὰρ
1598 1839 1734 1911 ὁμοῦ
1763 1840 2034 1910 κεφάλαια

2145 1851 2287 1906 runt,
2324 1842 2654 1913 principium
2685 1852 2770 1899 est
2803 1851 2993 1899 nostra
3037 1844 3141 1898 hac
3173 1843 3548 1913 disputatione
3577 1841 3737 1897 refel-

439 1936 776 2008 ὁμοιότροπα
816 1934 1030 1998 τούτοις
1076 1933 1240 2004 φασὶν
1298 1932 1464 1987 αὑτὸν
1508 1931 1891 2004 πεποιηκέναι,
1945 1932 2044 1986 πά-

441 2046 542 2101 σης
603 2027 954 2099 βλασφημίας
997 2025 1234 2097 ἔμπλεα.
1289 2022 1557 2078 Ἐνταῦθα
1596 2023 1653 2077 δὲ
1691 2022 1768 2086 ὡς
1804 2021 2041 2076 ἀπολλυ-

443 2123 606 2192 μένου
638 2121 891 2191 σώματος
925 2117 1156 2191 ἑρπετοῦ
1191 2117 1286 2171 καὶ
1317 2116 1603 2180 σαπέντος,
1619 2114 1888 2185 έπηὸόλου
1917 2117 1933 2145 ⁸
1955 2131 2037 2168 τιο

439 2215 528 2278 νὸς
549 2212 844 2268 σπουδαίου
883 2209 1290 2282 ἀναλεξαμένου
1319 2208 1428 2263 τῶν
1459 2207 1555 2262 τοῦ
1585 2205 1818 2278 ἑρπετοῦ
1848 2205 2038 2276 λειψά-

440 2323 546 2360 νων
569 2304 640 2359 τά
660 2304 825 2358 ὀστέα
858 2305 939 2368 είς
958 2302 1138 2374 λύμην
1170 2301 1355 2365 τινῶν,
1388 2301 1458 2372 ἢν
1506 2300 1780 2370 καυχᾶται
1814 2297 2038 2352 ἐπιϐου-

441 2399 539 2474 λὴν
570 2397 956 2468 πεποιηκέναι,
988 2397 1103 2449 τισὶ
1132 2394 1364 2466 γράφων
1384 2392 1566 2464 δῆθεν,
1600 2391 1678 2454 ὡς
1705 2389 1848 2444 κατά
1891 2389 2038 2460 φιλο-

440 2491 636 2547 καλίαν
669 2491 917 2563 περιέχει
948 2488 1010 2542 τὸ
1054 2486 1479 2558 συνταγμάτιον,
1512 2477 1574 2538 οὗ
1608 2486 1638 2556 ἡ
1667 2482 1812 2556 ἀρχὴ
1840 2481 2037 2546 οὕτως,

438 2577 502 2637 οὗ
528 2585 739 2639 εἵνεκεν
795 2585 891 2638 καὶ
936 2581 1092 2638 αὐτοὶ
1115 2581 1216 2651 τῆς
1247 2579 1344 2632 τοῦ
1377 2576 1514 2632 Θεοῦ
1549 2577 1832 2650 ἐνεργείας
1854 2575 1922 2629 τὰ
1952 2577 2036 2628 ἰα-

439 2678 568 2733 τικά
611 2677 724 2731 τῶν
790 2677 966 2746 λόγων
1015 2676 1115 2746 τῆς
1166 2673 1316 2738 θείας
1362 2670 1590 2742 Γραφῆς
1644 2668 2037 2739 ἀναλεξάμενοι

441 2772 538 2827 ἀπ’
587 2770 764 2842 ἀρχῆς
824 2769 954 2840 ἄχρι
1001 2766 1208 2831 τέλους,
1281 2762 1693 2836 ἀνατρεπτικὴν
1738 2761 2036 2823 ἀντίδοτον,

443 2861 951 2931 κατασκευάσωμεν
967 2861 1092 2922 οτοῖς
1117 2855 1466 2928 βουλομένοις
1509 2851 1727 2923 ἰαθῆναι
1749 2854 1848 2922 τῆς
1869 2849 2038 2904 αὐτοῦ

445 2955 708 3021 ἰοϐολίας,
744 2953 1006 3025 ἄντικρυς
1057 2949 1297 3012 ἑκάστης
1339 2945 1542 3012 λέξεως
1576 2943 1893 3016 ἀνατροπὰς
1934 2958 2040 2996 πα-

445 3051 814 3125 ραθησόμενοι
863 3045 975 3100 τῶν
1024 3043 1207 3100 αὐτῶν
1252 3037 1679 3110 συλλογιστικῶν
1725 3034 2040 3107 κεφαλαίων

440 3144 614 3208 οὕτως
641 3159 658 3175 ο

2145 1937 2402 2002 lendum;
2453 1934 2639 1990 ferunt
2675 1938 2821 1992 enim
2871 1943 3118 1992 trecenta
3163 1936 3233 1991 ab
3281 1935 3378 1990 illo
3418 1935 3736 2006 conscripta

2139 2027 2299 2099 931
2345 2029 2582 2096 capitula
2611 2029 2844 2083 istorum
2875 2028 3099 2091 similia,
3137 2043 3201 2082 ac
3227 2028 3577 2083 contumeliis
3602 2028 3740 2082 divi-

2137 2134 2270 2173 num
2299 2119 2356 2173 in
2377 2117 2593 2173 Numen
2616 2120 2839 2174 referta.
2873 2119 2972 2172 llic
2992 2127 3175 2173 autem
3201 2119 3432 2189 perinde
3456 2132 3521 2172 ac
3543 2117 3591 2172 si
3613 2118 3738 2187 quis

2137 2213 2377 2267 emortui
2409 2209 2701 2281 cujusdam
2743 2225 2808 2264 ac
2853 2211 3148 2282 putrefacti
3193 2210 3468 2281 serpentis
3519 2211 3732 2280 peritus

2139 2317 2204 2358 ac
2248 2304 2533 2359 studiosus
2573 2299 2771 2357 artifex
2817 2302 3080 2372 reliquias
3119 2310 3284 2372 atque
3330 2317 3459 2357 ossa
3505 2301 3734 2372 legerit,

2139 2396 2216 2450 ita
2247 2393 2519 2466 pestifera:
2567 2393 2715 2448 illius
2753 2395 3021 2449 doctrinae
3054 2402 3282 2464 partem,
3317 2409 3482 2464 quam
3525 2393 3593 2448 ad
3635 2393 3736 2447 ho-

2140 2489 2316 2542 mines
2342 2487 2696 2558 decipiendos
2728 2487 2936 2556 scripto
2967 2488 3060 2540 illo
3085 2502 3186 2542 suo
3213 2486 3280 2540 ad
3309 2488 3578 2555 quosdam
3602 2487 3732 2540 dato

2139 2576 2438 2640 commisit,
2488 2591 2554 2630 ac
2581 2576 2650 2630 de
2679 2590 2746 2631 eo
2788 2583 3048 2645 tanquam
3089 2575 3308 2645 egregio
3341 2574 3528 2644 aliquo
3575 2589 3739 2642 opere

2141 2670 2429 2742 gloriatur,
2475 2666 2664 2738 hujus,
2713 2668 2959 2735 inquam,
2997 2677 3203 2737 partem
3253 2667 3736 2721 lucubratiuncula

2141 2763 2235 2818 illa
2272 2762 2554 2828 continet,
2595 2761 2755 2830 cujus
2796 2762 3012 2814 initium
3059 2761 3480 2829 descripsimus.
3521 2758 3736 2824 Quibus

2140 2850 2210 2906 de
2249 2853 2436 2907 causis
2476 2862 2532 2906 et
2575 2867 2676 2907 nos
2709 2867 2774 2907 ex
2823 2850 3126 2922 Scripturis
3161 2854 3336 2906 sacris
3365 2852 3551 2905 divina
3585 2865 3740 2919 quae-

2142 2942 2268 2998 dam
2296 2952 2463 3014 atque
2505 2941 2885 2998 efﬁcacissima
2927 2943 3261 2999 remedia-ab
3294 2943 3450 2997 initio
3484 2944 3551 2996 ad
3580 2942 3743 2995 finem

2141 3050 2320 3106 usque
2351 3035 2706 3105 collegimus,
2753 3050 2820 3090 ex
2851 3035 3054 3106 quibus
3099 3035 3406 3089 antidotum
3455 3037 3734 3104 quoddam

2142 3131 2485 3187 confecimus
2519 3133 2574 3186 in
2598 3146 2787 3187 eorum
2818 3133 3047 3202 gratiam
3071 3171 3085 3194 ,
3123 3132 3215 3202 qui
3250 3132 3318 3186 ab
3343 3132 3492 3187 illius
3533 3145 3744 3186 veneno

442 3252 507 3292 ac
552 3245 701 3307 peste
741 3233 927 3288 curari
958 3230 1215 3286 voluerit.
1248 3227 1327 3282 Ac
1371 3225 1713 3297 singulorum
1770 3222 2167 3293 propemodum
2201 3225 2494 3280 verborum
2543 3240 2609 3280 ex
2658 3224 3012 3295 syllogisticis
3059 3225 3167 3280 illis
3224 3224 3482 3294 capitulis
3538 3223 3736 3278 confu-

445 3332 709 3386 tationem
740 3327 1051 3384 istiusmodi
1085 3325 1430 3395 subjecimus
1457 3341 1470 3377 :

805 3443 881 3499 Τὰ
921 3443 1151 3498 Ἀετίου
1193 3440 1302 3497 τοῦ
1353 3437 1685 3509 Ἀνομοίου.

464 3539 468 3545 “
529 3536 747 3608 Ἐπειδὴ
773 3535 868 3589 τοῦ
899 3533 1283 3605 ἐπενεχθέντος
1331 3534 1390 3586 έν
1438 3528 1613 3602 καιρῷ
1637 3528 1771 3600 ἡμῖν
1800 3521 2042 3596 διωγμοῦ

447 3631 552 3685 ὑπὸ
573 3631 683 3684 τῶν
708 3627 990 3702 χρονιτῶν,
1019 3627 1166 3689 τινὲς
1190 3624 1300 3678 τῶν
1332 3620 1749 3696 προειρημένων
1797 3633 2048 3690 σφετερι-

446 3725 673 3796 σάμενοι
711 3722 852 3795 μετὰ
889 3721 986 3776 καὶ
1033 3719 1210 3775 ἄλλων
1252 3716 1469 3772 πολλῶν
1511 3712 1848 3784 πονημάτιον
1875 3726 2046 3763 σπου-

375 3867 382 3873 .
445 3817 640 3871 δασθὲν
684 3816 818 3888 ἡμῖν
861 3811 1175 3878 ἰδιαζόντως
1223 3811 1353 3883 περὶ
1410 3807 1710 3878 ἀγεννήτου
1762 3801 1900 3856 Θεοῦ
1949 3801 2046 3854 καὶ

446 3906 732 3978 γεννητοῦ,
776 3905 1152 3978 παρενθήκαις
1197 3920 1256 3957 τε
1298 3900 1392 3956 καί⁵
1441 3898 1762 3970 ἀφαιρέσεσι
1799 3892 2042 3964 διαφθεί-

449 4019 641 4074 ραντες
673 3998 964 4064 ἐξέδωκαν,
986 3995 1086 4068 τὴν
1113 3993 1405 4049 ἀκόλουθον
1435 3990 1771 4063 ἀμείψαντες
1799 3985 2045 4058 ἀγωγὴν,

447 4096 578 4172 ἦλθε
610 4099 667 4152 δὲ
702 4095 840 4168 μετὰ
869 4093 1044 4148 ταῦτα
1081 4090 1239 4146 τοῦτο
1264 4091 1346 4154 εἰς
1375 4089 1542 4160 ἡμᾶς,
1571 4085 1717 4148 τινὸς
1744 4083 1853 4137 τῶν
1883 4097 2049 4172 σπου-

447 4193 612 4249 δαίων
646 4193 777 4263 ὴμῖν
821 4188 952 4242 αὐτὸ
997 4182 1535 4259 προσκεκομικότος⁶
1575 4175 1931 4252 ἠναγκάσθην
1959 4171 2049 4229 οἷα

451 4285 636 4356 πατὴρ
685 4278 841 4346 αὖθις
893 4279 1230 4348 διακαθάρας
1290 4273 1572 4345 ἐκπέμψαι
1623 4272 1753 4343 ὑμῖν
1799 4269 1861 4322 τὸ
1918 4267 2050 4338 σύγ-

451 4394 708 4451 γραμμα,
739 4370 783 4429 ὦ
813 4375 1018 4438 πάντες
1059 4370 1344 4432 εὐσεϐείας
1381 4365 1611 4438 ἀθληταί
1651 4381 1712 4418 τε
1752 4363 1846 4417 καὶ
1885 4361 2052 4433 ἀθλή-

460 4489 620 4544 εριαι,
641 4471 790 4533 ὅπως
819 4467 886 4522 ἂν
911 4465 1113 4520 εἰδέναι
1145 4463 1320 4534 ἔχοιτε
1346 4461 1467 4514 κατ’
1498 4458 1706 4512 ἔννοιαν
1737 4455 1845 4509 τῶν
1880 4454 2050 4524 ἀγίων

453 4541 684 4638 Γ-ραφῶν
731 4558 983 4632 εἰρῆσθαι
1034 4555 1192 4628 ἡμῶν
1250 4554 1312 4608 τὸ
1367 4550 1616 4620 λογίδιον,
1649 4549 1716 4603 δι’
1765 4541 1826 4602 οὗ
1870 4546 2050 4638 πάντα

455 4637 739 4729 ἄνθρωπον
768 4651 1070 4720 ἀντιλέγειν
1095 4649 1225 4718 ὑμῖν
1240 4641 1624 4715 ἐπιχειροῦντα
1657 4640 1785 4712 περί
1813 4637 2049 4729 ἀγεννήῇ-

458 4727 711 4804 τουῨΘεοῦ
741 4744 835 4798 καὶ
885 4737 1146 4811 γεννητοῦ
1190 4736 1382 4791 παύειν
1436 4732 1812 4804 ἀναισχυντεῖν
1865 4727 2051 4782 συντό-

2503 3431 2643 3485 Aetii
2673 3430 2915 3485 Anomm’
2944 3429 3213 3500 praefatio.

2220 3523 2493 3592 Quoniam
2518 3523 2921 3594 persecutionis
2946 3524 3094 3579 illius
3125 3531 3392 3594 tempore,
3424 3539 3592 3595 quam
3617 3539 3747 3580 con-

2147 3623 2234 3670 tra
2281 3631 2383 3671 nos
2432 3615 2749 3686 temporarii
2796 3614 3020 3685 quidam
3064 3613 3321 3670 homines
3383 3615 3742 3681 excitarunt,

2147 3705 2398 3761 nonnulli
2425 3705 2582 3760 exiis
2607 3720 2747 3776 quos
2767 3706 3030 3768 diximus,
3069 3706 3210 3761 inter
3243 3706 3350 3760 alia
3378 3708 3569 3776 multa,
3605 3723 3746 3778 opu-

2147 3799 2364 3855 sculum
2391 3799 2667 3870 quoddam
2699 3799 2958 3870 privatim
2991 3815 3022 3853 a
3057 3801 3214 3854 nobis
3260 3799 3646 3855 elucubratum
3678 3800 3746 3858 de

2108 3948 2124 3962 κ
2147 3888 2393 3961 ingenito
2448 3888 2563 3944 Deo
2593 3905 2658 3945 ac
2690 3891 2874 3961 genito
2911 3891 3308 3960 subripientes,
3345 3891 3624 3962 plerisque
3649 3893 3747 3947 ad—

2148 3981 2314 4046 ditis,
2360 3992 2456 4038 aut
2501 3981 2805 4046 detractis,
2846 3982 3234 4052 interpolatum
3275 3997 3339 4037 ac
3387 3983 3743 4054 depravatum

2148 4073 2460 4140 ediderunt,
2505 4073 2825 4144 perturbata
2854 4075 3078 4146 insuper
3117 4074 3326 4130 ordinis
3371 4077 3546 4142 serie;
3580 4087 3746 4150 atque

2149 4167 2286 4223 illud
2315 4166 2459 4222 idem
2488 4174 2676 4238 postea
2710 4167 3016 4223 litterarum
3045 4167 3268 4238 quidam
3300 4168 3368 4222 ad
3395 4186 3496 4224 nos
3528 4171 3743 4228 studio-

2150 4275 2247 4317 sus
2291 4259 2496 4321 attulit.
2529 4273 2759 4315 necesse
2781 4259 2986 4324 habui,
3019 4267 3207 4330 utpote
3239 4261 3384 4316 illius
3419 4273 3631 4327 auctor,
3664 4279 3748 4320 re-

2151 4353 2426 4410 censitum
2448 4365 2514 4406 ac
2541 4359 2895 4422 repurgatum
2927 4367 3067 4422 Opus
3096 4353 3242 4408 istud
3268 4354 3332 4408 ad
3371 4369 3467 4410 vos
3503 4356 3744 4422 mittere,

2151 4446 2470 4517 quicunque
2500 4445 2722 4516 pietatis
2752 4445 2971 4500 athletae
2995 4447 3282 4516 utriusque
3312 4462 3478 4503 sexus
3500 4450 3658 4513 estis,
3687 4456 3746 4503 ut

2153 4536 2474 4609 intelligatis
2507 4536 2646 4590 nihil
2676 4551 2788 4590 non
2817 4535 2872 4590 in
2895 4551 2962 4592 eo
2991 4551 3059 4592 ex
3095 4551 3378 4592 sacrarum
3412 4536 3743 4594 Litterarum

2151 4645 2414 4702 germano
2442 4644 2565 4685 esse
2607 4644 2774 4684 sensu
2807 4630 3101 4700 prolatum.
3132 4629 3306 4700 Cujus
3343 4633 3563 4702 quidem
3605 4648 3746 4704 prae-

2155 4724 2297 4780 sidio
2325 4738 2421 4779 eos
2443 4738 2656 4786 omnes,
2682 4723 2774 4792 qui
2800 4723 3185 4779 contradicere
3215 4725 3515 4791 voluerint,
3553 4726 3747 4796 paucis

456 4857 577 4914 μοις
624 4837 983 4910 περιτροπαῖς
1031 4835 1052 4866 ³
1101 4829 1397 4903 δυνήσεσθε
1420 4843 1434 4858 ο
1487 4828 1706 4881 πάντων
1751 4824 1807 4880 δὲ
1850 4824 2044 4896 μᾶλλον

2154 4817 2484 4890 quibusdam
2531 4816 2772 4872 breviter
2819 4816 3072 4887 objectis,
3107 4817 3400 4887 prohibere
3447 4819 3743 4888 poteritis,

459 4935 577 4996 τοὺς
609 4928 1044 5002 προειρημένους
1077 4923 1353 4996 χρονίτας,
1379 4921 1438 4973 ὲν
1479 4919 1608 4973 εἴδει
1641 4917 1751 4972 τῶν
1775 4915 2050 4990 στιχηρῶν

455 5022 800 5094 ἐπαπόρησιν
829 5016 1154 5088 ἁπορήσεως
1180 5012 1477 5083 διαστήσας
1523 5009 1618 5062 καὶ
1642 5007 1795 5060 λύσιν
1820 5006 2050 5073 λύσεως,

461 5116 544 5172 5ιά
573 5116 636 5169 τὸ
660 5111 1088 5184 εὐπερίδρακτον
1122 5107 1216 5162 καὶ
1261 5105 1432 5176 σαφὲς
1469 5103 1576 5157 τῶν
1603 5100 2052 5174 ἐπιχειρημάτων

464 5205 828 5277 ποιησάμενος
854 5201 952 5273 τὴν
983 5198 1158 5272 ἀρχὴν
1192 5195 1322 5268 περί
1352 5194 1650 5266 ἀγεννήτου
1679 5190 1840 5245 Θεοῦ.

2158 4927 2228 4967 ne
2255 4912 2319 4967 de
2349 4910 2594 4982 ingenito
2627 4910 2738 4966 Deo
2797 4925 2862 4966 ac
2898 4911 3083 4982 genito
3121 4927 3431 4967 sermonem
3463 4911 3750 4982 impuden-

2159 5012 2245 5060 ter
2274 5004 2590 5067 instituant,
2621 5017 2687 5059 ac
2718 5003 3084 5074 temporarias
3119 5005 3242 5059 illos
3273 5005 3328 5059 in
3363 5005 3576 5075 primis,
3608 5021 3750 5078 quos

2159 5097 2318 5167 attigi
2353 5115 2367 5152 :
2398 5112 2568 5168 porro
2601 5097 2716 5152 hate
2745 5097 3140 5170 disputationis
3162 5099 3342 5168 capita
3382 5114 3646 5155 versuum
3692 5101 3749 5155 in

2161 5190 2386 5246 modum
2417 5190 2492 5244 ita
2523 5188 2880 5262 digessimus,
2931 5199 2993 5248 ut
3028 5197 3082 5245 et
3127 5190 3466 5259 objectiones
3501 5185 3640 5248 alias
3681 5207 3749 5246 ex

465 5303 583 5359 aliis
609 5309 667 5357 et
689 5298 1054 5371 quaestionum
1081 5291 1476 5350 dissolutiones
1502 5297 1851 5346 necteremus
1876 5306 1890 5342 :
1944 5302 2056 5359 quo
2087 5295 2145 5343 et
2171 5286 2239 5342 ad
2269 5285 2850 5358 comprehendendum
2909 5282 3157 5339 faciliora
3213 5292 3270 5339 et
3323 5285 3595 5355 planiora,
3626 5283 3751 5354 qui-

461 5400 566 5457 bus
602 5394 828 5459 utimur,
876 5395 1195 5461 argumcnta
1229 5386 1388 5442 vobis
1419 5391 1606 5442 essent
1634 5402 1650 5438 :
1680 5382 1750 5438 ab
1797 5381 2045 5453 ingenito
2077 5395 2212 5438 vero
2244 5379 2357 5437 Deo
2389 5378 2711 5452 disputandi
2741 5377 2960 5432 initium
2995 5375 3251 5433 fecimus.

1093 5505 1440 5575 Ἀνατροπή.

457 5629 465 5641 ο
532 5603 612 5660 A'.
643 5603 804 5660 Κατὰ
839 5601 985 5669 λέξιν
1011 5599 1114 5671 τῆς
1157 5597 1508 5668 διαλεκτικῆς
1553 5614 1648 5650 σου
1686 5595 1928 5667 κομπίας
1963 5595 2061 5652 καί

469 5695 882 5767 συλλογιστικῆς
926 5691 1314 5766 ματαιοπονίας
1344 5689 1442 5762 τὴν
1479 5689 1794 5762 ἀνατροπὴν
1838 5689 2057 5762 ποιήσο-

543 5831 562 5865 ¹
583 5848 676 5902 rp.
705 5828 982 5885 έπιὸόλου.
1068 5827 1088 5859 ¹
1113 5843 1203 5897 τερ.
1241 5823 1590 5896 περιτομαῖς.

2801 5497 3141 5568 Confutatio.

2233 5591 2274 5646 l.
2316 5590 2492 5648 Tuam
2540 5591 2690 5646 illam
2734 5604 2802 5645 ex
2852 5589 3270 5644 dialecticorum
3323 5594 3380 5642 et
3427 5585 3750 5657 “disputandi

2163 5683 2437 5742 artiﬁcum
2468 5681 2683 5740 officina
2748 5678 3048 5752 profectam
3093 5694 3288 5737 vanam
3333 5686 3386 5736 et
3427 5679 3750 5736 insolentem
