4134 6386
356 357 460 418 517
1745 335 1806 393 S.
1844 331 1961 390 ΕΡιῖ

2062 328 2184 386 mu
3506 317 3609 374 διε

356 472 692 536 orationem,
729 472 809 526 sic
838 469 904 524 ad
945 467 1167 524 verbum
1209 463 1374 536 932
1411 461 1678 524 refellam,
1722 457 1961 516 nullam,

2062 469 2151 514 ιαι,
2192 449 2266 521 μὴ
2299 445 2662 520 ὑπερϐαίνων,
2699 443 2836 516 μηδὲ
2857 442 2916 496 ἑν
2940 440 3177 512 δευτέρῳ
3198 437 3480 509 τιθέμενος
3501 437 3621 492 ὀὖν

357 576 417 624 ιιι
441 583 507 622 ex
535 565 759 620 inllnitis
797 563 904 616 illis
931 558 1260 615 dictionibus
1303 555 1562 624 majorem
1595 553 1930 607 minoremve

359 654 732 728 praetereundo
763 651 1123 706 dissimulem.
1154 648 1232 700 Ac
1279 645 1513 716 primum
1553 640 1699 713 quod
1728 639 1796 694 ad
1825 646 1932 693 tua:

359 747 613 802 factionis
642 745 873 797 athletas
910 741 1056 794 viros
1092 754 1154 792 ac
1185 736 1418 792 feminas
1463 733 1685 796 scribis,
1714 739 1932 800 tempo-

359 842 537 892 rarios
568 834 829 904 quosdam
871 831 1121 900 opusculi
1159 829 1324 893 illius,
1364 827 1510 898 quod
1540 840 1651 896 pra!
1680 822 1933 877 manibus

362 924 621 984 habebas,
657 931 710 977 et
751 921 804 974 in
837 934 946 990 quo
992 933 1104 973 rem
1157 933 1373 972 onmem
1419 913 1934 984 interrogationibus

362 1011 877 1083 comprehenderas,
916 1019 1124 1080 partem
1175 1008 1538 1078 subripuisse,
1589 1006 1673 1059 vel
1721 1019 1790 1060 ex
1832 1003 1938 1058 hoc

363 1106 482 1176 ipso
511 1112 605 1156 tuo
651 1102 856 1172 scripto
885 1100 1134 1155 convinci
1167 1108 1340 1168 potes,
1374 1098 1440 1151 ad
1465 1097 1699 1167 teipsum
1724 1095 1934 1165 potius,

363 1196 766 1265 discipulosque
801 1203 946 1255 tuos,
979 1208 1046 1246 ne
1077 1191 1280 1245 erroris
1311 1190 1491 1245 socios
1514 1187 1802 1258 appellem,
1835 1201 1936 1241 no-

364 1303 488 1342 men
521 1285 661 1340 istud
697 1285 986 1354 pertinere.
1023 1283 1232 1336 Etenim
1262 1289 1613 1336 sacrosancta
1673 1277 1766 1332 Dei
1805 1277 1938 1332 lidcs

365 1393 429 1432 ac
460 1378 678 1448 religio,
709 1391 832 1430 cum
867 1374 936 1429 ab
962 1374 1117 1427 initio
1148 1383 1310 1441 atque
1349 1371 1416 1425 ab
1445 1370 1634 1424 ultima
1673 1374 1942 1424 vetustate

363 1470 604 1532 exstitit,
650 1467 778 1522 licet
815 1481 924 1519 non
965 1465 1274 1518 obsolescat
1320 1470 1414 1516 aut
1458 1462 1790 1516 inveteretur
1836 1475 1944 1512 un-

366 1573 553 1629 quam,
595 1565 708 1610 tum
753 1562 1012 1626 perpetuo
1043 1561 1172 1615 stat,
1211 1551 1544 1607 solidissima
1589 1548 1944 1604 fundamento

367 1650 492 1704 nixa
523 1667 536 1702 :
564 1649 723 1716 cujus
759 1645 1020 1700 Dominus
1047 1651 1202 1699 extra
1235 1651 1453 1712 tempus
1487 1655 1650 1696 omne
1675 1639 1946 1694 constitu-

369 1748 459 1796 tus
486 1750 588 1796 est.
627 1737 896 1804 Quocirca
927 1750 1102 1806 neque
1131 1736 1248 1804 ipsa
1277 1733 1507 1802 tempori
1539 1731 1787 1801 subiacet
1807 1773 1823 1797 ,
1847 1729 1944 1786 sed

367 1845 494 1885 cum
531 1799 737 1900 angelis
766 1799 1028 1882 versatur
1052 1799 1296 1884 assidue,
1336 1799 1668 1891 sanctosque
1699 1835 1797 1890 per
1828 1821 1946 1874 sin-
1977 1799 2020 1856 Β

367 1920 526 1991 gulas
565 1915 944 1988 generationes
987 1920 1233 1968 exornat.
1275 1907 1357 1962 Tu
1409 1923 1540 1962 vero
1583 1906 1947 1975 temporarius

372 2009 545 2064 multo
576 2007 746 2076 magis
775 2000 1132 2075 appellandus
1162 2015 1242 2065 es,
1271 1997 1365 2068 qui
1393 2006 1447 2052 et
1480 1997 1537 2050 in
1571 2010 1812 2050 errorem
1852 1995 1950 2049 ab-

371 2105 572 2159 ductus
602 2117 684 2168 es,
715 2107 769 2155 et
801 2097 946 2152 fastu
973 2093 1392 2165 arrogantiaque
1423 2089 1715 2151 distentus,
1743 2096 1794 2142 et
1826 2102 1948 2157 gre-

373 2196 458 2267 gis
501 2193 579 2248 tui
613 2188 850 2262 pecudes
877 2187 1080 2257 passim
1105 2198 1202 2254 per
1233 2181 1415 2237 dumis
1444 2193 1508 2234 ac
1533 2177 1707 2248 spinis
1733 2176 1948 2232 consita

376 2301 578 2358 pascua
603 2281 914 2356 propulisti.
943 2279 1114 2334 Nemo
1145 2276 1291 2332 enim
1321 2273 1509 2329 eadem
1535 2281 1713 2326 tecum
1759 2285 1824 2325 ex
1853 2283 1947 2326 ve-

374 2375 586 2430 teribus
630 2372 836 2434 sensit,
871 2383 905 2424 ο
938 2367 1096 2432 Aeti,
1145 2362 1503 2433 temporarias
1551 2359 1774 2430 scriptis
1839 2360 1951 2415 tuis

377 2467 676 2529 lacessens,
711 2459 1074 2532 temporarius
1109 2470 1174 2510 ac
1201 2468 1394 2509 recens
1425 2453 1562 2523 ipse.
1593 2450 1701 2506 Sed
1740 2451 1797 2504 in
1831 2450 1951 2521 ipso

377 2559 562 2614 statim
603 2555 785 2626 operis
831 2551 1002 2614 aditu,
1055 2563 1178 2603 cum
1225 2554 1278 2600 te
1327 2543 1856 2599 lucubratiunculam
1885 2541 1955 2598 de

376 2646 620 2718 ingenito
653 2642 765 2699 Deo
799 2657 864 2696 ac
901 2638 1085 2711 genito
1128 2634 1418 2706 scripsisse
1472 2648 1688 2698 narras,
1723 2631 1861 2687 adeo
1887 2631 1955 2687 il-

377 2738 538 2796 lustri
579 2733 846 2809 principio
877 2731 972 2803 (ut
1017 2737 1126 2784 tam
1177 2727 1437 2783 inusitata
1482 2740 1750 2780 novorum
1794 2741 1958 2781 voca-

2032 540 2305 596 δοκουσῶν
2347 557 2429 594 σοι
2475 535 2755 609 μειζόνων,
2795 535 2828 606 ἢ
2873 534 2969 588 καὶ
3017 531 3260 603 βραχέων
3303 530 3501 595 λέξεων
3550 529 3614 582 τὸ

2027 633 2328 706 ἀμύθητον.
2374 631 2485 685 Καὶ
2516 629 2732 702 πρῶτον
2781 627 2880 698 μὲν
2921 626 3043 678 ἐπεὶ
3083 625 3196 678 ἀνω
3233 622 3460 694 γράφων
3502 623 3614 684 τοῖς

2031 722 2125 776 τοῦ
2178 721 2270 775 σοῦ
2337 719 2700 792 πληρώματος
2768 716 3027 788 ἀθληταῖς
3099 714 3195 768 καὶ
3261 711 3610 782 ἀθλητρίαις,

2035 813 2244 885 ἔφησθα
2277 812 2532 882 χρονίτας
2567 811 2721 874 τινὰς
2767 807 3260 879 σφετερισαμένους
3292 803 3434 874 ἅπερ
3475 801 3614 872 μετά

2035 907 2220 976 χεῖρας
2255 897 2401 973 εἶχες
2428 901 2521 955 τοῦ
2555 901 2884 972 πονηματίου
2920 896 3284 969 ὲρωτηθείσης
3326 897 3425 964 τῆς
3465 889 3616 960 παρά

2037 997 2120 1049 σοὶ
2154 995 2371 1060 λέξεως,
2425 993 2482 1046 σὲ
2525 992 2723 1064 μᾶλλον
2748 991 2905 1044 τοῦτο
2946 989 3008 1042 τὸ
3051 987 3221 1056 ὑνομα
3258 983 3614 1054 κεκτημένον,

2036 1092 2130 1144 καὶ
2181 1091 2310 1154 τοὺς
2351 1090 2458 1143 ἀπὸ
2503 1088 2592 1142 σοῦ
2640 1083 3175 1158 μεμαθητευμένους,
3219 1081 3306 1134 ῖνα
3364 1077 3438 1148 μὴ
3479 1076 3618 1129 εἴπω

2038 1181 2507 1252 πεπλανημένους,
2548 1179 2886 1247 διελέγξειεν.
2931 1177 2993 1229 'H
3029 1176 3124 1246 μὲν
3159 1171 3268 1243 γὰρ
3311 1168 3444 1223 Θεοῦ
3487 1168 3620 1236 ἀγία

2039 1283 2223 1336 πίστις
2250 1271 2507 1342 ἀπαρχῆς
2555 1265 2691 1323 οὖσα
2743 1270 2838 1322 καὶ
2877 1267 2984 1331 ἀεὶ,
3014 1265 3349 1336 ἀρχαῖξουσα
3408 1259 3500 1312 καὶ
3543 1257 3619 1328 μὴ

2041 1363 2438 1435 παλαιουμένη,
2468 1365 2616 1416 ἐστιν
2639 1362 2747 1424 ἀεὶ,
2796 1362 2891 1415 καὶ
2918 1359 3212 1431 ἡδραίωται
3243 1355 3448 1424 ταύτης
3475 1355 3504 1405 ό
3531 1351 3622 1404 θε-

2046 1455 2246 1526 μέλιος,
2295 1455 2388 1507 καὶ
2443 1453 2711 1523 ὑπάρχει,
2760 1453 2958 1522 ἔχουσα
3001 1449 3093 1502 τὸν
3141 1447 3313 1516 αὑτῆς
3341 1443 3621 1513 Δεσπότην

2042 1547 2290 1618 ἄχρονον.
2335 1544 2426 1598 Διὸ
2468 1545 2590 1598 οὑδὲ
2638 1543 2776 1614 αὑτὴ
2814 1540 3036 1613 χρονικὴ
3083 1539 3342 1610 ὑπάρχει,
3393 1535 3507 1590 ἀλλ’
3536 1532 3624 1588 ἀεί

2045 1639 2162 1691 ἐστι
2203 1636 2320 1708 μετ’
2347 1635 2592 1705 ἀγγέλων
2628 1632 3112 1705 ὲμπολιτευομένη,
3150 1633 3244 1684 καὶ
3273 1629 3458 1697 ἁγίους
3483 1625 3627 1681 κατὰ

2045 1728 2237 1798 γενεὰν
2270 1727 2362 1780 καὶ
2382 1726 2574 1795 γενεάν
2608 1725 2908 1796 κοσμοῦσα.
2956 1724 3028 1776 Σὺ
3057 1723 3114 1777 δὲ
3152 1721 3350 1793 μᾶλλον
3378 1717 3626 1790 χρονικὸς

2050 1819 2335 1889 ὑπάρχεις,
2366 1815 2708 1886 βουκοληθεὶς
2737 1815 2842 1868 ὑπὸ
2867 1814 2968 1883 τῆς
2997 1813 3225 1883 πλάνης,
3255 1806 3628 1879 καὶίὲπαρθεὶς

2049 1907 2191 1962 κατὰ
2221 1909 2319 1980 τὴν
2347 1907 2604 1968 διάνοιαν,
2646 1909 2740 1960 καὶ
2789 1906 2851 1958 τὸ
2888 1905 2977 1959 σὸν
3005 1905 3257 1975 βόσκημα
3287 1901 3386 1971 τῆς
3429 1897 3631 1967 ἀγέλης

2051 2000 2284 2071 χυδαίως
2317 2001 2396 2063 είς
2445 1999 2615 2070 νομὴν
2661 1997 2946 2068 ἀκανθώδη
2999 1993 3402 2067 παρεμπλέξας.
3443 1987 3632 2053 Οὐδεὶς

2050 2091 2160 2162 γὰρ
2191 2091 2333 2145 κατά
2369 2093 2428 2145 σὲ
2476 2091 2584 2146 τῶν
2635 2091 2880 2146 παλαιῶν
2935 2090 3256 2162 ἐφρόνησεν.
3285 2079 3330 2138 ὦ
3375 2084 3570 2146 Ἀέτιε.
3603 2083 3634 2134 6

2051 2181 2194 2236 κατά
2236 2181 2503 2254 χρονικῶν
2541 2185 2795 2255 γράφων,
2843 2184 3006 2246 αὑτὸς
3052 2181 3300 2253 χρονικὸς
3348 2178 3630 2246 ὑπάρχων,

2053 2272 2149 2324 καὶ
2176 2272 2275 2326 ἰύκ
2303 2273 2598 2344 ἀρχαῖζων.
2634 2274 2810 2337 Εὑθὺς
2833 2273 2888 2327 δὲ
2919 2274 2984 2326 ὲκ
3011 2271 3234 2344 πρώτης
3256 2267 3530 2337 ἐπιϐολῆς.
3557 2264 3634 2328 ὡς

2055 2365 2190 2436 ἔφης
2219 2368 2554 2438 πονημάτιον
2589 2367 2941 2438 γεγραφέναι,
2973 2363 3142 2418 εἰπὼν
3178 2360 3308 2432 περὶ
3336 2358 3634 2428 ἁγεννήτου

2056 2457 2192 2511 Θεοῦ
2228 2460 2323 2512 καὶ
2355 2459 2636 2530 γεννητοῦ,
2676 2457 2973 2528 ἐξέπληξας
3010 2457 3100 2510 τὸν
3139 2455 3252 2525 βίον
3298 2454 3358 2505 ἐν
3398 2453 3464 2522 τῇ
3507 2465 3634 2504 τοσ-

2058 2550 2198 2622 αύτῃ
2247 2569 2340 2606 σου
2397 2554 2632 2623 φωτεινῇ
2689 2549 2913 2620 ἐπιϐολῇ
2958 2547 3054 2602 τοῦ
3101 2547 3281 2614 λόγου,
3337 2544 3424 2596 ἵνα
3462 2539 3636 2603 οὕτως

2061 2642 2448 2714 περιγέλαστόν
2477 2660 2569 2696 σου
2595 2644 2907 2713 ποιήσωμαι
2927 2639 3018 2693 τὸν
3046 2638 3200 2706 λόγον
3226 2637 3325 2707 τῆς
3351 2632 3636 2699 διαλέξεως

2060 2735 2160 2806 τῆς
2185 2736 2454 2808 τοσαύτης
2485 2752 2578 2788 σου
2605 2733 3100 2804 καινοτομουμένης
3131 2724 3565 2800 ὀνοματοποιίαςο

379 2833 635 2888 bulorum
699 2827 920 2884 licentia
974 2821 1494 2884 commemoranda,
1540 2829 1692 2876 tuam
1740 2835 1958 2877 omnem
2017 2825 2166 2885 illam
2217 2831 2642 2904 disputationem
2685 2829 2922 2886 ludibrio
2980 2828 3316 2896 traducam),
3369 2832 3638 2880 summam

382 2920 635 2977 homines
672 2918 727 2973 in
763 2915 1181 2971 admirationem
1211 2911 1509 2968 adduxisti.

452 3011 516 3068 ll.
560 3009 763 3080 Ecquis
793 3017 879 3064 est
911 3020 1042 3062 vero
1073 3004 1516 3060 Christianorum
1545 3004 1820 3070 omnium,
1866 3005 1960 3077 qui

2135 3003 2210 3059 B’.
2241 3005 2338 3068 Τίς
2367 3004 2476 3077 γάρ
2503 3005 2612 3060 τῶν
2647 3005 2710 3060 τὸ
2755 3005 3020 3076 σωτήριον
3057 3003 3149 3058 τοῦ
3199 3002 3334 3057 Θεοῦ
3382 3004 3642 3077 κήρυγμα

383 3101 680 3157 salutarem
711 3096 805 3152 Dei
835 3095 1140 3152 doctrinam
1168 3092 1442 3158 obtinent,
1468 3094 1564 3163 qui
1590 3094 1692 3148 hac
1723 3094 1840 3164 ipsa
1862 3095 1961 3150 de-

2064 3099 2418 3170 κεκτημένων
2464 3097 2806 3170 Χριστιανῶν
2855 3097 3058 3152 παίδων
3107 3097 3296 3152 τοῦτον
3325 3097 3344 3129 ³
3389 3097 3643 3152 καταλεί-

385 3193 576 3258 relicta
624 3188 874 3246 conllctis
925 3187 1036 3242 tuis
1096 3184 1295 3241 fabulis
1343 3200 1406 3240 ac
1439 3185 1598 3255 nugis
1651 3185 1908 3242 inductus
1940 3225 1956 3252 ,

385 3293 590 3339 aeterno
649 3281 760 3336 Deo
800 3278 1030 3350 ejusque
1062 3275 1268 3348 Spiritu
1323 3284 1514 3332 sancto
1559 3277 1840 3347 neglecto,
1895 3275 1964 3331 ad

388 3384 512 3430 tuas
539 3380 726 3444 partes
761 3371 997 3426 transire
1023 3369 1194 3434 malit,
1225 3383 1290 3423 ac
1317 3367 1385 3424 de
1413 3368 1602 3439 genito
1635 3366 1744 3423 Deo
1776 3367 1966 3438 dispu-

391 3475 597 3522 tantem
628 3462 844 3526 audiat,
880 3471 941 3515 ut
963 3469 1020 3516 et
1061 3462 1179 3531 ipse
1215 3461 1358 3514 inter
1391 3459 1588 3514 stultos
1624 3467 1962 3522 numeretur,

389 3565 444 3612 et
487 3561 794 3610 creaturam
824 3551 945 3606 loco
971 3548 1248 3604 Creatoris
1275 3547 1503 3602 adorare
1535 3547 1842 3611 condiscat,
1870 3547 1964 3618 qui

389 3655 466 3700 est
509 3644 832 3699 benedictus.
870 3643 926 3694 in
981 3639 1198 3695 sucula.
1224 3637 1388 3692 Amen
1412 3638 1465 3692 '?
1500 3637 1610 3694 Nos
1639 3639 1786 3693 enim
1815 3653 1970 3693 crea-

393 3746 509 3790 tum
541 3749 648 3789 non
675 3733 939 3788 habemus
968 3730 1159 3797 Deum,
1206 3735 1300 3783 aut
1350 3728 1578 3794 factum,
1619 3727 1717 3782 sed
1757 3727 1972 3782 increa-

393 3836 532 3891 t'um,
571 3834 627 3882 et
661 3841 692 3879 a
722 3825 873 3880 nullo
905 3822 1206 3889 conditum,
1237 3836 1269 3875 a
1300 3821 1461 3876 Patre
1506 3835 1637 3876 vero
1667 3820 1786 3876 sine
1814 3820 1971 3874 initio

394 3921 508 3975 ullo
554 3933 619 3973 ac
667 3926 910 3986 tempore
943 3915 1205 3986 genitum.
1249 3911 1527 3983 Quidquid
1575 3913 1632 3966 in
1663 3913 1764 3966 hac
1805 3912 1972 3982 geniti

392 4008 864 4066 voceucalumniae
912 4005 1199 4070 struxeris,
1251 4012 1305 4060 et
1353 4004 1604 4074 ambigue
1646 4003 1971 4072 usurparis,

397 4119 518 4160 eam
552 4103 649 4157 abs
679 4110 730 4156 te
761 4100 1052 4155 dictionem
1077 4112 1184 4151 non
1218 4096 1520 4159 admittam,
1553 4093 1772 4148 tametsi
1805 4109 1871 4146 ne
1900 4093 1972 4146 ita

394 4191 615 4263 quidem
649 4190 910 4260 accipias,
944 4196 1003 4242 ut
1045 4187 1206 4242 Patre
1255 4185 1478 4241 inferior
1520 4183 1698 4240 factus
1723 4199 1846 4238 esse
1891 4183 1976 4244 di-

397 4292 555 4338 catur
579 4282 771 4353 :933
814 4279 995 4350 Neque
1018 4280 1156 4333 enim
1186 4279 1398 4340 espinis
1423 4277 1675 4347 colligunt
1704 4292 1854 4342 uvas,
1885 4291 1976 4328 ne-

394 4391 491 4445 que
525 4390 588 4428 ea:
619 4373 826 4426 tribulis
871 4372 1001 4440 ﬁcus
1023 4410 1039 4433 ,
1079 4383 1255 4438 neque
1297 4368 1364 4422 ab
1395 4383 1461 4422 eo
1497 4368 1589 4437 qui
1622 4380 1865 4421 errorem
1892 4379 1976 4418 se-

2063 3209 2176 3256 ποι,
2212 3191 2549 3263 προτραπεὶς
2578 3192 2684 3246 ὑπὸ
2710 3191 2803 3246 σοῦ
2836 3191 2925 3246 διά
2951 3193 3049 3263 τῆς
3085 3190 3362 3262 μυθώδους
3391 3207 3483 3244 σου
3509 3189 3647 3244 πλάο

2063 3298 2180 3352 νης,
2208 3283 2374 3345 ἐάσας
2412 3281 2542 3334 Θεὸν
2581 3281 2668 3334 ἀεὶ
2698 3281 2846 3343 ὄντα.
2873 3281 2967 3334 καὶ
2993 3280 3054 3332 τὸ
3093 3279 3245 3349 ἅγιον
3287 3278 3450 3334 αὐτοῦ
3476 3279 3648 3335 Πνεῦ-

2069 3389 2144 3443 μα
2187 3371 2275 3425 ἀεὶ
2313 3369 2393 3436 ὃν,
2432 3369 2526 3424 καὶ
2565 3369 2733 3424 ὲλθὼν
2773 3370 2995 3423 ἀκούσει
3035 3369 3188 3440 παρά
3217 3369 3314 3423 σοῦ
3343 3369 3472 3442 περὶ
3524 3386 3647 3440 γεν-

2066 3461 2227 3532 νητοῦ
2270 3461 2426 3526 Θεοῦ,
2469 3463 2554 3515 ἵνα
2594 3461 2690 3515 καὶ
2727 3461 2888 3525 αὑτὸς
2921 3462 2978 3514 ὲν
3021 3465 3224 3532 μωροῖς
3266 3461 3646 3533 καταλεχθείη,

2067 3550 2449 3622 διδασκόμενος
2488 3554 2811 3623 προσκυνεῖν
2865 3549 2963 3622 τὴν
3005 3551 3184 3604 κτίσιν
3227 3550 3378 3621 παρὰ
3412 3552 3502 3604 τὸν
3533 3551 3650 3604 κτί-

2070 3659 2258 3707 σαντα,
2293 3643 2360 3708 ὅς
2403 3641 2574 3696 ἐστιν
2621 3642 3022 3712 εὐλογημένος
3073 3645 3161 3709 εὶς
3213 3642 3358 3708 τοὺς
3408 3642 3647 3708 αἰῶνας.

2083 3734 2304 3804 Ἀμήν;
2360 3736 2473 3788 Ούκ
2531 3734 2725 3806 ἔχομεν
2764 3735 2872 3806 γὰρ
2911 3737 3072 3805 ἡμεῖς
3124 3735 3340 3788 κτιστὸν
3381 3734 3534 3800 Θεὸν,
3585 3735 3648 3788 οὑ

2071 3826 2310 3897 ποιητὸν,
2336 3827 2450 3880 ἀλλ’
2475 3827 2729 3880 ἀκτιστον
2757 3825 2850 3878 καὶ
2880 3826 3194 3897 ἀγέννητον,
3225 3829 3288 3878 ὲκ
3314 3825 3524 3896 Πατρὸς
3555 3841 3650 3894 γε·

2072 3917 2396 3986 γεννημὲνον
2429 3917 2680 3988 ἀνάρχως
2731 3916 2825 3970 καὶ
2870 3917 3132 3987 ἀχρόνως.
3177 3917 3293 3970 Κάν
3326 3933 3384 3968 τε
3425 3917 3532 3988 γὰρ
3565 3933 3654 3969 σο-

2075 4005 2207 4080 φίζῃ
2234 4007 2294 4060 τὸ
2323 4007 2600 4077 γεννητὸν,
2631 4007 2885 4076 γεννητὸν
2919 4005 3222 4076 ὁμωνύμως
3253 4006 3438 4058 καλεῖν
3471 4004 3655 4075 βουλό-

2079 4115 2256 4168 μενος,
2296 4098 2356 4150 οὑ
2390 4097 2610 4168 δέξομαί
2648 4115 2740 4150 σου
2781 4099 2878 4168 τὴν
2919 4097 3094 4164 λέξιν,
3122 4097 3222 4150 κᾶν
3254 4113 3312 4149 τε
3347 4098 3446 4166 οὑχ
3481 4094 3656 4159 οὕτως

2075 4190 2294 4260 νοήσῃς,
2346 4189 2737 4259 ὴλαττωμένως
2785 4189 2936 4258 παρά
2963 4189 3023 4241 τὸ
3063 4192 3127 4241 ὲκ
3151 4189 3363 4261 Πατρὸς
3399 4188 3656 4258 γεγεννῆο

2079 4277 2222 4334 σθαι.
2261 4280 2360 4343 Ἐξ
2382 4277 2656 4332 ἀκανθῶν
2676 4282 2784 4349 γὰρ
2812 4282 2883 4332 οὺ
2909 4281 3281 4348 συλλέγουσι
3316 4279 3652 4347 σταφυλὰς,

2078 4370 2216 4423 οὔτε
2251 4372 2319 4424 ἐκ
2349 4372 2634 4438 τριϐόλων
2665 4371 2856 4424 σῦκα·
2889 4371 3009 4424 οὐδὲ
3049 4371 3111 4436 ἐξ
3156 4371 3346 4441 ἀνδρὸς
3383 4371 3659 4442 πεπλανη-

396 4477 559 4521 cutus
607 4473 722 4529 est,
775 4478 967 4517 sanum
1017 4475 1081 4514 ac
1130 4461 1405 4516 sincerum
1450 4458 1644 4528 dogma
1702 4454 1961 4526 proﬁcisci

2083 4459 2241 4529 μένου
2273 4459 2428 4532 ὀρθὸς
2454 4459 2519 4512 ἂν
2553 4453 2900 4532 ὑπολειφθείη
2932 4461 3106 4530 λόγος.
3159 4462 3387 4532 Ἐφίμου
3425 4464 3531 4533 γὰρ
3556 4462 3658 4522 καὶ

397 4565 596 4629 potest.
643 4555 840 4622 Quare.
869 4552 1130 4606 Dominus
1167 4553 1285 4623 ipse
1329 4550 1602 4604 silentium
1639 4547 1980 4602 daemonibus

398 4649 641 4714 indixit,
694 4647 900 4718 quise.
928 4644 1207 4698 Christum
1266 4657 1388 4698 esse
1419 4641 1785 4696 fatebantur'.
1825 4638 1982 4704 Quod

401 4751 582 4793 autem
613 4738 678 4791 ad
708 4751 991 4793 sacrarum
1018 4733 1343 4789 Litterarum
1375 4731 1700 4787 sententiam
1727 4739 1993 4812 exactum.

397 4844 520 4884 esse
552 4828 791 4883 libellum
825 4825 976 4880 illum
1001 4824 1223 4890 asseris,
1253 4823 1362 4886 dic,
1397 4822 1592 4874 amabo
1625 4827 1699 4884 te,
1733 4834 1983 4890 quanam

401 4923 600 4976 divina:
643 4919 939 4988 Scriptura:
995 4931 1124 4986 pars
1172 4915 1377 4969 factum
1425 4912 1594 4968 Deum
1645 4912 1983 4967 adorandum

400 5029 526 5067 esse
553 5006 836 5066 decuerit?
873 5007 1028 5075 Quod
1061 5008 1205 5062 enim
1236 5005 1508 5076 ingenitus
1541 5003 1612 5059 sit
1628 5001 1792 5068 Deus,
1819 5001 1982 5056 dubi-

403 5112 483 5158 tat
518 5117 698 5158 nemo.
735 5102 813 5155 Ac
841 5100 1057 5154 tametsi
1090 5097 1412 5153 nominatim
1445 5095 1580 5150 illud
1603 5095 1657 5148 in
1682 5093 1980 5164 Scripturis

402 5211 722 5266 expressum
757 5209 867 5248 non
911 5192 1096 5258 fuerit,
1129 5190 1486 5244 nihilominus
1519 5187 1680 5242 ut'de
1707 5184 1818 5240 Deo
1849 5199 1982 5238 con-

404 5296 615 5344 stanter
651 5287 739 5355 ita}
773 5285 1077 5355 cogitemus
1139 5299 1204 5337 ac
1249 5281 1620 5353 proﬁteamur,
1666 5296 1790 5335 cum
1834 5287 1984 5334 recta

407 5380 603 5449 piaque
623 5377 784 5441 ratio,
823 5386 936 5430 tum
969 5375 1256 5446 prudentia
1290 5375 1408 5444 ipsa
1451 5372 1763 5444 persuadet.
1816 5371 1986 5426 Addis

408 5486 556 5533 vero,
589 5483 699 5538 quo
727 5467 945 5522 athletae
983 5467 1060 5521 illi
1090 5467 1190 5530 tui,
1233 5466 1316 5520 vel
1348 5465 1555 5520 erroris
1605 5466 1788 5535 potius
1819 5463 1981 5528 socii,

411 5560 625 5615 facilius
653 5559 979 5629 intelligant,
1009 5555 1468 5629 quemadmodum
1500 5556 1651 5612 brevi
1690 5562 1852 5627 atque
1883 5570 1983 5612 ex-

2082 4551 2109 4602 ὁ
2140 4548 2340 4621 Κύριος
2367 4549 2494 4611 τοὺς
2520 4549 2779 4618 δαίμονας
2859 4555 3093 4627 Χριστὸν
3129 4551 3290 4606 αὑτὸν
3327 4555 3651 4625 ὁμολογοῦν-

2083 4657 2208 4706 τας.
2252 4641 2387 4692 Κατ’
2434 4639 2642 4692 ἔννοιαν
2692 4639 2748 4691 δὲ
2795 4639 2902 4691 τῶν
2947 4638 3104 4693 θείων
3153 4641 3385 4710 Γραφῶν
3433 4643 3662 4708 φάσκεις

2085 4724 2221 4782 εἶναι
2253 4730 2314 4781 τὸ
2353 4729 2608 4796 λογίδιον·
2648 4729 2772 4798 λέγε
2804 4746 2912 4798 μοι.
2958 4729 3085 4782 ποία
3126 4731 3164 4781 Γ
3169 4731 3314 4802 ραφὴ
3345 4731 3461 4784 θεία
3492 4731 3662 4785 ἐδίδα-

2089 4835 2184 4873 σκε
2217 4820 2635 4891 προσκυνεῖσθαι
2661 4821 2794 4873 Θεὸν
2835 4822 3094 4892 ποιητόν;
3128 4823 3236 4875 Καὶ
3277 4824 3358 4875 ὃτι
3395 4823 3494 4892 μὲν
3529 4823 3662 4887 Θεὸς

2086 4914 2378 4986 ἀγέννητὸς
2428 4915 2578 4980 ἔστι,
2630 4915 2789 4967 παντί
2825 4931 2901 4986 τῳ
2962 4915 3130 4984 σαφὲς
3180 4917 3285 4986 εἴη.
3351 4916 3485 4968 Ἀλλ’
3541 4917 3662 4970 οὐδὲ

2087 5004 2245 5057 τοῦτο
2294 5007 2550 5075 ὀνομαστὶ
2596 5005 2836 5073 ἔγκειται
2871 5007 2928 5059 ὲν
2953 5010 3018 5078 τῇ
3058 5006 3179 5078 θείᾳ
3215 5008 3434 5080 Γραφῇο
3466 5011 3572 5062 ἀπὸ
3603 5009 3662 5064 δὶ

2087 5095 2247 5167 ὀρθοῦ
2285 5097 2378 5149 καὶ
2421 5096 2676 5161 εὐσεϐοῦς
2727 5097 3007 5169 λογισμοῦ,
3056 5100 3149 5153 καὶ
3195 5101 3364 5171 αὑτῆς
3400 5100 3499 5172 τῆς
3536 5119 3662 5154 συν-

2089 5187 2258 5250 έσεως
2293 5188 2420 5258 περὶ
2478 5187 2613 5240 Θεοῦ
2661 5187 2816 5241 τοῦτο
2845 5193 2982 5242 νοεῖν
3025 5190 3119 5243 καὶ
3161 5191 3342 5260 λέγειν
3383 5191 3664 5262 ἀραρότως

2089 5278 2220 5348 ἔχει.
2248 5279 2443 5347 Λέγεις
2471 5279 2548 5344 δὲ,
2587 5281 2672 5332 ἵνα
2709 5280 2905 5334 είδέναι
2945 5282 3118 5352 ἔχοιεν
3159 5286 3208 5335 οἱ
3241 5284 3343 5337 ὑπὸ
3377 5283 3470 5335 σοῦ
3499 5283 3666 5353 ἀθλη-

2088 5371 2178 5424 ταί
2221 5387 2281 5424 τε
2320 5373 2414 5424 καὶ
2457 5372 2740 5444 ἀθλήτριαι
2784 5374 3125 5446 καλούμενοι,
3164 5375 3563 5447 πεπλανημένοι
3607 5376 3667 5428 δὲ

2093 5463 2314 5534 μᾶλλον,
2360 5463 2478 5528 πῶς
2522 5465 2658 5536 πρὸς
2704 5467 2931 5521 ἕκαστον
2969 5469 3307 5541 ἀποκριθῶσι
3341 5468 3430 5522 διὰ
3478 5469 3656 5521 συντόο

2093 5571 2195 5625 μου
2247 5557 2342 5610 καὶ
2388 5557 2809 5629 εὑπεριδράκτου
2853 5559 3012 5630 λόγου
3061 5561 3330 5632 στιχηρῶν
3369 5560 3570 5632 τρόπον
3598 5555 3670 5614 τὰ

486 5711 505 5744 ⁸
529 5710 700 5800 Rom;
723 5729 764 5782 ι,
792 5713 883 5770 25.
959 5716 980 5747 ²
1014 5711 1202 5769 Matth.
1233 5729 1332 5782 vn,
1369 5710 1464 5782 l6;
1497 5709 1631 5767 Luc.
1666 5726 1741 5780 tv,
1769 5709 1860 5766 41.
1940 5709 1962 5742 ⁸
1984 5709 2109 5767 Cor.
2137 5709 2312 5764 τοῦτο.

4076 4725 4130 5046 i
