4134 6386
418 263 518 316 549

1018 269 1395 353 ADVERSUS'
1419 273 1762 332 "ERESES
1801 277 1928 334 LIB.
1970 279 1976 332 l

2104 279 2268 337 TOM.
2309 282 2349 339 l.
2392 312 2460 323 --
2499 281 2777 339 IIERES.
2821 284 3055 342 LXXVI.

3605 285 3716 344 δελ]

416 382 689 450 κεφάλαια
732 386 837 440 ὑπὸ
897 388 992 443 σοῦ
1046 393 1446 454 συντεθεῖσθαι.
1494 399 1588 453 Διὸ
1631 400 1774 454 αὐτὰ
1823 402 1894 456 τὰ
1937 402 1976 456 δι

2081 404 2308 476 ipedita
2349 406 2601 468 oratione
2641 407 2939 477 unicuique
2987 403 3286 476 objectioni
3323 405 3709 477 respondeant

414 475 616 531 κοῦντά
673 495 766 532 σου
817 482 1016 555 ίσχυρά
1067 487 1290 558 ῥήματα
1330 491 1424 544 καὶ
1471 494 1783 561 σοφιστικὰ,
1810 495 1848 550 ἀ
1878 497 1976 568 πρὸ

2121 514 2377 554 versuum
2407 513 2557 552 more
2587 506 2640 552 te
2675 475 2890 568 singula
2917 475 3098 568 capita
3131 475 3452 560 digessisse.
3499 495 3711 564 Quam-

413 567 539 631 τοὺς
569 568 792 638 μείζους
830 576 909 637 είς
956 577 1268 648 ἀντιλογίαν
1317 581 1615 657 ἐξήσκηταί
1664 604 1767 650 σοι,
1812 567 1976 658 μᾶλλο

2118 589 2306 643 obrem
2345 589 2458 644 haec
2495 591 2609 659 ipsa
2643 567 2857 654 tua,7ut
2890 589 3110 659 quidem
3166 589 3475 655 existimas,
3512 587 3699 643 ﬁrmis

411 660 467 752 δε
504 660 591 752 ἵνα
629 664 767 735 πρὸς
799 667 898 738 τὴν
944 668 1205 740 ἀλήθειαν
1241 675 1456 748 ὲπάρῃς
1499 678 1704 749 στόμα,
1760 683 1921 752 ἡμεῖς
1959 700 1976 736 ι

2116 684 2277 743 sima,
2312 682 2406 736 sed
2441 681 2740 750 scphistica
2777 689 3117 752 argumenta,
3159 697 3281 752 qua:
3315 681 3382 736 ad
3418 680 3706 736 confutan-

333 794 353 805 ,-
411 750 646 817 εὐτελεῖς
678 756 772 810 καὶ
813 757 1046 828 ἰδιῶται,
1074 763 1169 816 καὶ⁹
1209 765 1271 818 οὐ
1319 767 1574 838 μείζους,
1614 771 1750 826 ἀλλά
1783 750 2005 844 βραχύ-

409 860 557 914 τεροι
587 847 797 902 πολλῶν
831 851 941 906 τῶν
987 853 1046 907 ὲν
1096 858 1162 926 τῇ
1210 858 1341 932 ἁγίᾳ
1386 863 1480 915 τοῦ
1530 864 1667 918 Θεοῦ
1710 867 2006 942 Ἐκκλησία

408 939 769 1011 ποιησόμεθα,
799 943 876 1008 ὼς
915 949 1196 1017 προεῖπον,
1229 953 1328 1023 τὴν
1375 955 1686 1029 ἀνατροπὴν
1727 961 1828 1032 τῆς
1872 964 2004 1016 ἀσυ-

409 1028 605 1122 στάτου
632 1033 835 1105 ταύτης
865 1037 958 1090 καὶ
989 1038 1192 1111 σφόδρα
1215 1043 1465 1112 εὐτελοῦς
1495 1028 1782 1122 φλυαρίας.

2115 771 2215 826 dos
2259 774 2670 842 praestantiores
2703 789 2964 844 ,quosque
3013 774 3332 838 elaborasti,
3365 782 3426 827 ut
3457 789 3522 828 os
3555 781 3707 827 tuum

2114 868 2350 936 superbe
2387 877 2580 921 contra
2618 869 2905 922 veritatem
2952 871 3262 932 extolleres,
3305 869 3421 923 haec
3461 883 3586 933 nos,
3629 867 3704 922 in-

2110 977 2297 1029 quam,
2333 961 2464 1014 viles
2525 968 2578 1013 et
2612 959 2811 1024 idiola’,
2852 976 3030 1028 neque
3071 977 3135 1015 ex
3174 961 3558 1030 primariorum
3593 960 3703 1012 illo-

2110 1071 2231 1109 rum
2284 1069 2535 1116 numero,
2595 1054 2687 1107 sed
2735 1054 3042 1124 plerisque,
3110 1055 3204 1122 qui
3258 1054 3312 1105 in
3368 1059 3559 1106 sancta
3610 1048 3716 1130 Dei

407 1119 653 1182 Ecclesia
684 1130 1330 1200 censentur,inferiores,
1359 1137 1621 1208 refutare,
1643 1119 1705 1196 ut
1731 1142 1972 1200 diximus

2082 1143 2416 1216 ggredimur,
2471 1157 2531 1196 ac
2584 1150 2733 1196 tuam
2783 1142 2951 1209 illam.
3007 1142 3340 1196 inconditam
3391 1139 3702 1208 abjectissi-

405 1234 663 1292 tuamque
701 1223 1086 1294 loquacitatem
1115 1231 1385 1289 refellere.

474 1314 552 1366 I".
584 1315 697 1368 Καὶ
739 1317 842 1381 ἕως
896 1313 997 1374 ὧδε
1023 1323 1195 1395 ἐχέτω
1224 1343 1318 1380 σου
1345 1328 1378 1397 ἡ
1409 1327 1552 1382 κατά
1581 1328 1674 1382 τοῦ
1703 1331 1989 1403 προοιμίου

401 1402 680 1498 ἀντίθεσις
724 1407 824 1478 τῆς
869 1409 1028 1481 ἡμῶν
1075 1413 1432 1498 βραχύτητος.
1488 1419 1685 1492 Ἀρχὴν
1731 1421 1788 1474 δὲ
1834 1402 1994 1486 αὖθις

401 1495 512 1548 τῶν
555 1496 661 1551 ὑπὸ
699 1499 794 1552 σοῦ
831 1502 1144 1570 κεφαλαίων
1177 1495 1415 1579 καθεξῆς
1445 1512 1786 1581 κατατάξας,
1837 1515 1989 1570 ἀντι-

400 1606 538 1661 κρυς
579 1591 818 1664 ἑκάστης
864 1593 1062 1661 λέξεως
1094 1600 1188 1653 καὶ
1230 1601 1526 1670 κεφαλαίου
1559 1607 1994 1680 ἀντιπαραθήσο-

403 1697 503 1751 μαι
535 1680 636 1745 τάς
668 1683 734 1737 ἐκ
767 1683 878 1737 τῶν
923 1683 1084 1740 θείων
1131 1689 1384 1760 Γραφῶν,
1426 1695 1522 1747 καὶ
1548 1695 1607 1762 ἐξ
1646 1696 1809 1767 ὀρθοῦ
1840 1697 1990 1767 λογι-

400 1773 542 1844 σμοῦ
580 1775 930 1848 ἀντιρρήσεις
970 1797 1028 1833 τε
1067 1782 1161 1835 καὶ
1194 1783 1524 1856 ζητημάτων
1557 1789 1709 1860 παρά
1743 1791 1824 1843 σοὶ
1851 1789 1992 1859 λογι-

396 1864 514 1918 κῶν
554 1865 902 1938 ἀνατροπάς·
946 1871 1099 1936 ὅπως
1141 1875 1192 1927 οἱ
1235 1875 1372 1929 Θεοῦ
1414 1877 1591 1931 δοῦλοι
1631 1881 1726 1933 καὶ
1767 1881 1991 1954 ἀληθεῖς

396 1956 665 2030 ἀθληταὶ,
697 1961 1050 2032 ἐντυχόντες,
1085 1966 1178 2019 καὶ
1217 1969 1655 2039 κατανοήσαντες
1679 1972 1778 2044 τὴν
1805 1976 1989 2029 πᾶσάν

397 2066 493 2104 σου
544 2052 776 2108 ἀτοπίαν
799 2095 816 2121 ,
857 2059 1274 2128 καταγελάσωσι
1297 2103 1312 2129 ,
1362 2063 1641 2132 λέγοντεςο
1679 2068 1756 2123 ·Ἠ
1805 2073 1988 2141 ὑπερ-

393 2145 625 2212 ηφανία
663 2145 776 2214 τῆς
811 2149 1062 2218 καρδίας
1095 2168 1214 2206 σου
1241 2153 1496 2224 ἐποίησέ
1522 2174 1622 2213 σοι
1651 2161 1861 2217 ταῦτα.
1902 2164 1986 2218 Σὺ

394 2238 506 2309 γὰρ
529 2237 704 2308 εἶπας
736 2244 925 2298 ταῦτα
946 2247 1017 2301 ἐν
1041 2247 1117 2317 τῇ
1145 2248 1384 2318 διανοίᾳ
1415 2268 1532 2308 σου
1553 2272 1566 2285 ·
1593 2255 1989 2329 Ἁναὸήσομαι

393 2334 483 2398 είς
521 2333 630 2388 τὸν
678 2337 961 2406 οὐρανὸν,
1006 2341 1107 2394 καὶ
1148 2342 1352 2397 ἐπάνω
1395 2343 1518 2398 τῶν
1568 2347 1841 2417 ἀστέρων
1880 2353 1988 2406 τοῦ

392 2425 656 2493 οὐρανοῦ
685 2427 946 2502 θήσομαι
987 2431 1097 2486 τὸν
1129 2436 1346 2502 θρόνον
1371 2456 1514 2506 μου.
1541 2439 1735 2496 Καθιῶ
1765 2443 1836 2497 ἐν
1864 2443 1988 2512 ὄρει

392 2516 612 2585 ὑψηλῷ
637 2535 651 2550 '
696 2519 797 2574 ἐπὶ
828 2522 901 2577 τὰ
929 2522 1036 2592 ὄρη
1088 2528 1162 2580 τὰ
1200 2529 1414 2596 ὑψηλὰ
1461 2529 1535 2584 τὰ
1569 2532 1721 2600 πρὸς
1751 2535 1988 2604 ,βορῤᾶν

391 2609 772 2682 ἀναϐήσομαι
803 2614 1009 2685 ὅμοιος
1037 2616 1118 2684 τῷ
1156 2619 1434 2689 Ὑψέα-τῳ.
1455 2624 1608 2678 Νυνὶ
1629 2624 1700 2679 δὲ
1721 2629 1811 2693 εἰς
1834 2627 1985 2695 ᾅδου

391 2699 731 2772 καταϐήσῃ,
754 2705 846 2771 είς
878 2705 952 2761 τὰ
979 2707 1225 2777 θεμέλια
1247 2708 1358 2779 τῆς
1381 2709 1513 2782 τῆς,
1538 2715 1634 2769 καὶ
1663 2715 1732 2770 τὰ
1763 2717 1911 2788 ἑξῆς.

389 2812 526 2866 ΚΑΙ
573 2817 806 2871 ΕΣΤΙΝ
854 2821 912 2872 H
964 2822 1168 2875 ΑΡΧΗ
1226 2824 1367 2877 ΤΩΝ
1416 2824 1698 2882 ΑΕΤῙΟΥ
1751 2831 1981 2887 ΚΕΦΑ-

922 2893 1160 2946 ΛΑΙΩΝ
1194 2897 1241 2948 Δ
1256 2895 1349 2947 ΥΤ
1342 2899 1414 2949 Il.

457 2998 540 3053 A’.
583 3000 645 3052 Εί
675 2999 898 3055 δυνατόν
925 3003 1042 3056 ὲστι
1083 3003 1164 3076 τῷ
1192 3005 1476 3080 ἀγεννήτῳ
1499 3008 1620 3082 Θεῷ
1641 3011 1701 3065 τὸ
1725 3014 1984 3087 γεννητὸν

387 3091 684 3164 ἀγέννητον
716 3094 965 3166 ποιῆσαι.

957 3188 1288 3260 Ἀνατροπὴ
1325 3194 1408 3246 Α’.

458 3278 683 3349 Πρῶτον
718 3281 817 3351 μὲν
857 3281 918 3336 τὸ
943 3285 1024 3347 είς
1053 3285 1186 3338 Θεὸν
1216 3286 1535 3355 λογίσασθαι
1561 3289 1822 3345 ἀδύνατον
1849 3293 1970 3346 ἀσε-

385 3367 481 3434 ϐὲς
502 3365 570 3442 ἦν
597 3372 757 3442 μόνον
790 3391 849 3426 τε
876 3375 1128 3446 ἀπρεπὲς
1153 3381 1219 3448 τῇ
1250 3379 1423 3432 αὑτοῦ
1451 3381 1688 3453 θεότητι,
1720 3385 1816 3438 καὶ
1847 3385 1982 3440 αὐτὸ

383 3462 486 3515 οὐκ
517 3461 784 3518 ἀδυνάτου
817 3465 972 3530 ὄντος
1000 3468 1165 3522 αὑτοῦ
1193 3473 1388 3536 ποιεῖν,
1431 3473 1547 3527 ἀλλ’
1575 3476 1861 3547 ἀπρεποῦς
1887 3477 1978 3531 οῦ-

387 3569 488 3624 σης
528 3555 625 3625 τῆς
672 3557 1008 3628 φαυλότητος
1049 3559 1167 3630 Θεῷ
1191 3599 1205 3623 ,
1235 3553 1280 3628 ᾧ
1307 3562 1460 3616 οὐδὲν
1509 3564 1770 3620 ἀδύνατον
1791 3583 1804 3597 ·
1841 3567 1978 3623 ἀλλά

383 3644 473 3700 διὰ
496 3648 557 3700 τὸ
580 3649 639 3702 τὸ
666 3649 869 3718 φαῦλον
905 3651 1168 3707 ἀδύνατον
1199 3649 1337 3708 εῖναι
1371 3659 1436 3728 τῇ
1470 3658 1637 3730 ἐνθέῳ
1682 3658 1849 3714 αὐτοῦ
1880 3660 1974 3715 δυ-

382 3743 516 3812 νατῇ
548 3741 871 3814 ἀγαθὸτητι,
906 3744 1002 3798 καὶ
1032 3745 1182 3817 αὐτῷ
1216 3747 1406 3819 άναθῷ
1432 3748 1568 3803 ὄντι.

450 4002 561 4056 Καὶ
587 4004 794 4070 ἄλλως·
828 4007 891 4062 Εί
917 4009 979 4062 τὸ
1019 4011 1277 4082 γεννητὸν
1311 4012 1609 4087 ἀγέννητον
1653 4017 1815 4090 παρά
1851 4018 1971 4091 Θεῷ

378 4093 582 4161 ἀγαθὸν
605 4098 684 4160 είς
718 4097 878 4170 ἔργον
904 4102 1210 4174 νομισθείη,
1241 4105 1520 4170 ἀδυνάτως
1545 4107 1602 4161 δὲ
1635 4108 1747 4179 ἔχει
1791 4111 1852 4164 τὸ
1891 4115 1972 4177 εἰς

378 4183 581 4253 ἀγαθὸν
622 4189 904 4260 γινόμενον
952 4194 1174 4263 ἀγαθῶς
1218 4197 1566 4253 ἐπιτελέσαι·
1613 4201 1772 4256 τοῦτο
1828 4200 1972 4278 ἧττα

377 4279 507 4350 περὶ
535 4280 626 4333 τὸν
658 4281 882 4336 δυνατὸν
913 4285 1022 4356 εἴη,
1065 4285 1390 4358 βουλομένου
1425 4290 1486 4344 τὸ
1511 4294 1838 4364 προκριτὼν
1872 4298 1968 4368 ἐρ-

374 4369 668 4438 γάσασθαι,
713 4373 807 4426 καὶ
861 4375 934 4446 μὴ
986 4376 1310 4448 δυναμένου.
1353 4380 1415 4433 Et
1458 4381 1516 4435 δὲ
1557 4383 1620 4436 τὸ
1668 4384 1966 4458 ἀγέννητον

2172 1329 2258 1383 Ill.
2295 1330 2398 1384 Sed
2430 1328 2695 1384 adversus
2719 1337 2874 1383 tuum
2907 1328 3040 1382 illud
3071 1328 3397 1398 promminm
3428 1327 3701 1384 hactenus

2100 1422 2436 1494 disputatum
2469 1429 2574 1478 est.
2628 1421 2799 1475 Venio
2831 1437 2981 1476 nunc
3024 1420 3091 1474 ad
3134 1420 3264 1474 illud
3300 1428 3519 1475 tuorum
3550 1422 3700 1492 capio

2100 1524 2214 1572 tum
2259 1517 2609 1587 principium,
2660 1515 2806 1584 quod
2861 1514 2957 1569 ubi
3008 1529 3369 1585 preposuero,
3429 1515 3699 1572 adversus

2100 1622 2545 1676 unamquamque
2585 1621 2772 1660 vocem
2804 1613 2859 1659 et
2909 1614 3073 1674 caput
3119 1619 3275 1659 suam
3304 1603 3698 1668 refutationem

2100 1715 2130 1754 e
2161 1702 2336 1756 sacris
2368 1698 2607 1763 Litteris,
2642 1714 2708 1754 ac
2742 1706 2894 1753 recta
2924 1699 3134 1752 ratione
3161 1699 3564 1768 depromptam,
3593 1699 3698 1754 hoc

2094 1800 2179 1847 est
2235 1792 2536 1861 logicarum
2579 1790 2827 1845 omnium
2878 1797 3097 1843 tuarum
3150 1788 3516 1858 quastionum
3578 1789 3697 1846 dis-

2092 1885 2420 1938 solutionem
2460 1899 2753 1954 opponam.
2805 1881 2875 1937 Ut
2920 1897 3046 1937 cum
3087 1881 3181 1937 Dei
3211 1882 3378 1946 servi,
3417 1881 3696 1954 iidemque

2091 1977 2332 2030 veriores
2381 1976 2619 2037 athletae,
2675 1990 2740 2029 ex
2787 1974 2856 2029 iis
2903 1975 3110 2030 nostris
3144 1990 3308 2044 quam
3351 1974 3589 2030 absurda
3617 1975 3695 2032 sit

2091 2063 2340 2117 doctrina
2367 2073 2456 2117 tua
2481 2063 2800 2129 didicerint,
2835 2063 3118 2126 irrideant,
3144 2074 3198 2118 et
3227 2064 3358 2118 illud
3385 2072 3690 2138 usurpent:

2092 2153 2352 2224 Superbia
2385 2156 2565 2209 cordis
2597 2157 2676 2208 tui
2720 2155 2832 2210 haec
2877 2156 2972 2210 tibi
3009 2156 3152 2225 fecit.
3215 2157 3294 2211 Tu
3329 2158 3469 2212 enim
3502 2157 3694 2213 dixisti

2089 2248 2201 2301 hwc
2227 2250 2279 2302 in
2306 2249 2622 2318 cogitatione
2645 2258 2773 2303 tua:
2804 2249 3100 2303 Ascendam
3130 2251 3186 2303 in
3205 2253 3414 2317 cretum,
3446 2259 3496 2304 et
3521 2266 3691 2319 supra

2091 2339 2274 2393 stellas
2310 2337 2428 2392 caeli
2457 2354 2652 2407 ponam
2690 2339 2939 2393 thronum
2973 2357 3167 2396 meum.
3201 2340 3404 2395 Sedebo
3432 2341 3485 2395 in
3513 2348 3691 2396 manu

2088 2432 2296 2486 excelso
2337 2448 2503 2502 supra
2546 2442 2749 2488 montes
2792 2433 3013 2491 arduos.
3053 2435 3125 2488 ad
3170 2436 3468 2504 aquilonem
3506 2449 3691 2489 ascen-

2092 2525 2218 2577 dam
2254 2541 2416 2595 supra
2441 2526 2622 2591 nubes,
2651 2535 2702 2581 et
2725 2543 2815 2581 ero
2837 2527 3349 2594 similisIAllissimo'.
3383 2527 3542 2582 Nunc
3566 2543 3688 2584 vero

2089 2617 2160 2670 ad
2183 2618 2380 2688 inferos
2404 2618 2710 2684 descendes,
2737 2619 2805 2674 ad
2828 2619 3180 2690 fundamenta
3198 2630 3354 2676 terror
3371 2623 3413 2687 ί,
3431 2631 3541 2677 etc.

2281 2814 2449 2889 935,
2475 2814 2893 2872 INCIPIUNT
2931 2817 3148 2874 ΑΕΤΙῙ
3189 2819 3482 2876 (ΙΑΡΙΤΑ.

2159 2993 2196 3047 l.
2226 2993 2282 3048 Si
2313 2993 2590 3063 ingenitus
2612 2992 2758 3050 Deus
2776 3001 2959 3066 potest
2981 2994 3128 3066 quod
3151 2994 3395 3066 genitum
3423 3001 3509 3050 est
3529 2996 3683 3068 inge—

2005 3089 2056 3154 c
2087 3087 2265 3143 nitum
2300 3088 2508 3145 facere.

2687 3181 3002 3252 Confutatio
3031 3181 3082 3240 1.

2154 3273 2214 3328 In
2244 3275 2439 3344 primis
2461 3291 2586 3331 esse
2608 3275 2835 3346 aliquid,
2866 3276 3013 3347 quod
3037 3275 3181 3332 Deus
3209 3276 3392 3333 facere
3417 3286 3676 3349 nequeat,

2081 3369 2308 3438 impium
2347 3377 2433 3426 est
2477 3370 2744 3442 cogitare,
2798 3377 2855 3426 et
2891 3371 3113 3441 quidem
3147 3372 3356 3442 aliquid
3401 3380 3488 3430 est
3534 3374 3677 3430 dun~

2080 3470 2251 3526 taxat,
2277 3463 2423 3532 quod
2450 3462 2618 3518 Deum
2642 3464 2869 3520 minime
2891 3465 3115 3522 deceat:
3140 3481 3251 3522 non
3274 3468 3422 3538 quod
3447 3468 3515 3522 ad
3540 3468 3677 3524 illud

2079 3554 2390 3610 faciendum
2427 3556 2563 3611 satis
2596 3557 2796 3612 virium
2829 3572 2940 3612 non
2975 3557 3216 3624 habeat,
3258 3559 3354 3615 sed
3386 3561 3532 3632 quod
3559 3576 3678 3618 ma—

2078 3646 2193 3700 litia
2226 3647 2376 3702 verbi
2407 3649 2606 3718 gratia,
2642 3646 2838 3714 Deum,
2886 3649 2972 3704 cui
3017 3650 3152 3704 nihil
3187 3649 3531 3721 impossibile
3565 3664 3673 3719 est,

2077 3738 2303 3793 minime
2330 3741 2551 3806 deceat;
2610 3754 2676 3795 eo
2702 3739 2849 3810 quod
2875 3740 3076 3794 malum
3107 3757 3270 3798 omne
3297 3743 3498 3799 divinae
3524 3745 3675 3801 illius

2076 3844 2142 3883 ac
2179 3831 2576 3899 potentissimae
2606 3831 2866 3898 bonitati,
2911 3832 3128 3903 ipsique
3162 3834 3321 3900 adeo,
3364 3836 3460 3905 qui
3493 3836 3699 3912 bonus.

2073 3931 2181 3988 est,
2212 3923 2552 3992 impossibile
2585 3923 2677 3979 sit.

2143 4013 2456 4073 Praeterea:
2492 4016 2552 4074 Si
2578 4015 2727 4087 quod
2769 4016 2972 4073 factum
3006 4033 3071 4073 ac
3100 4018 3342 4088 genitum
3379 4026 3484 4079 est.
3521 4022 3673 4091 inge-

2072 4106 2246 4161 nitum
2268 4108 2420 4163 reddi
2445 4103 2587 4164 facto
2619 4110 2738 4180 ipso
2761 4111 2962 4165 bonum
2989 4111 3267 4181 judicaret
3298 4112 3461 4176 Deus.
3491 4131 3671 4184 neque

2072 4206 2255 4252 tamen
2291 4199 2438 4254 istud
2463 4200 2591 4254 boni
2621 4200 2760 4255 bene
2781 4200 3043 4270 perﬁcere
3068 4213 3272 4271 posset,
3303 4214 3415 4258 tum
3447 4203 3668 4260 demum

2071 4297 2382 4360 praepotens
2436 4291 2528 4347 ille
2553 4291 2698 4348 Deus
2739 4295 2951 4349 viribus
2977 4293 3272 4350 destitutus
3301 4311 3423 4352 esse
3457 4297 3670 4353 videre-

2070 4388 2197 4447 tur;
2250 4383 2344 4452 qui
2369 4384 2516 4453 quod
2552 4387 2902 4455 praestantius
2944 4395 3029 4444 est
3065 4389 3244 4443 moliri
3275 4391 3532 4459 cupiens,
3565 4408 3666 4446 ne-

375 4462 598 4532 ἀγαθὸν,
627 4465 688 4518 τὸ
713 4445 973 4538 γεννητὸν
1000 4469 1056 4521 δὲ
1091 4445 1149 4523 ἐν
1175 4473 1241 4542 τῇ
1287 4471 1393 4543 ἰδίᾳ.
1427 4473 1579 4538 τάξει
1613 4445 1834 4544 ἀγα-θῶς
1858 4445 1967 4546 ’γε-

2081 4490 2347 4546 quaquam
2378 4487 2566 4547 posset
2588 4481 2828 4550 assequi.
2869 4479 3069 4537 Verum
3095 4497 3219 4537 cum
3255 4493 3309 4538 et
3335 4486 3482 4555 quod
3513 4487 3666 4557 inge-

373 4555 650 4627 γέννηται,
684 4559 894 4631 ἀγαθῆς
919 4561 1083 4634 οὔσης
1129 4563 1188 4630 ἐξ
1227 4564 1436 4633 ἀγαθοῦ
1465 4566 1601 4621 Θεοῦ
1627 4569 1726 4640 τῆς
1757 4571 1964 4636 τάξεως

373 4646 466 4700 τοῦ
513 4649 796 4721 γεννητοῦ,
837 4644 930 4705 καὶ
976 4657 1108 4726 παρ’
1157 4657 1306 4727 αὑτῷ
1338 4658 1712 4732 νομισθείσης,
1758 4664 1860 4716 οὐκ
1897 4663 1964 4719 ἂν

373 4743 621 4812 ποιήσειε
646 4743 707 4796 τὸ
733 4743 914 4808 καλῶς
942 4748 1199 4820 γεννητὸν
1229 4749 1545 4822 ἀγέννητον,
1569 4755 1758 4828 ἐπειδὴ
1780 4757 1963 4822 καλῶς

371 4832 681 4902 νενόμισται
709 4837 857 4908 αὐτῷ
883 4838 941 4890 τὸ
969 4838 1144 4903 οὕτως
1168 4839 1304 4895 εἶναι
1340 4843 1526 4897 καλόν.
1564 4846 1718 4900 Ἐπεὶ
1742 4844 1835 4902 οὖν
1861 4851 1959 4904 τοῦ

371 4925 535 4979 καλοῦ
571 4927 692 4998 οὐχὶ
714 4927 804 4982 διὰ
835 4929 898 4982 τὸ
926 4931 1186 4986 ἀδύνατον
1211 4934 1270 4986 οὐ
1301 4935 1697 5005 μεταϐάλλεται
1723 4941 1756 5010 ἡ
1783 4941 1956 5006 τάξις,

348 5015 505 5068 ἀλλὰ
556 5017 643 5071 διὰ
694 5018 757 5071 τὸ
801 5019 1022 5088 ἀγαθῶς
1075 5021 1250 5087 οὕτως
1293 5020 1469 5079 εἶναι·
1523 5028 1726 5096 ἀγαθὸς
1771 5031 1879 5102 ἄρα
1928 5035 1957 5085 ὁ

367 5108 666 5180 ἀγέννητος
696 5110 849 5175 Θεὸς,
892 5113 1073 5182 ἀγαθὰ
1104 5115 1159 5168 δὲ
1186 5116 1254 5170 τὰ
1286 5118 1346 5182 ἐξ
1377 5119 1542 5173 αὐτοῦ
1596 5123 1863 5193 γενόμενα
1897 5127 1956 5178 ὲν

367 5202 433 5270 τῇ
458 5199 574 5272 ἰδίᾳ
594 5203 767 5268 τάξει,
804 5205 878 5274 μὴ
912 5205 1148 5261 λαϐόντα
1181 5209 1480 5280 ἁγεννήτου
1511 5212 1702 5284 ὄνομα.
1740 5216 1814 5268 Οὐ
1845 5217 1952 5286 γὰρ

369 5290 524 5355 θεοὺς
558 5295 810 5358 κτιστοὺς
845 5297 1122 5368 ἐποίησεν,
1167 5299 1255 5352 ἵνα
1299 5299 1526 5374 θάτερον
1560 5304 1777 5376 θατέρῳ
1807 5323 1952 5375 παρ-

369 5385 741 5456 εκτεινόμενον
771 5389 1010 5463 ἀφανίζῃ
1049 5391 1137 5444 διὰ
1166 5393 1265 5462 τῆς
1295 5395 1614 5467 ἐπωνυμίας
1653 5397 1715 5451 τὸ
1743 5399 1953 5466 ἀνώνυ-

368 5491 467 5546 μον
496 5477 590 5530 τοῦ
635 5478 882 5549 μείζονος
911 5482 1048 5553 πρὸς
1087 5484 1146 5538 τὸ
1185 5480 1369 5558 ἦττον.
1417 5488 1480 5540 Εἰ
1508 5489 1607 5560 μὲν
1640 5490 1747 5562 γὰρ
1779 5493 1808 5544 ὁ
1851 5494 1949 5562 μὲν

365 5567 479 5623 ἔστι
507 5569 640 5633 Θεὸς
667 5571 986 5643 ἀγέννητος,
1014 5577 1043 5632 ὁ
1063 5575 1120 5630 δὲ
1150 5576 1282 5643 Θεὸς
1303 5578 1582 5652 γεννητὸς,
1600 5580 1709 5636 τῶν
1733 5581 1948 5652 φύσεων

440 5732 460 5760 ³
486 5730 594 5784 isa.
625 5745 737 5798 xw,
779 5730 957 5788 15-15.

2073 4569 2250 4620 nilum
2281 4577 2386 4633 est,
2420 4569 2624 4625 bonum
2660 4572 2754 4634 sit,
2789 4579 2844 4627 et
2875 4572 3021 4641 quod
3051 4574 3295 4644 genitum
3329 4583 3432 4641 est,
3471 4592 3571 4631 suo
3607 4578 3663 4633 in

2071 4659 2265 4715 ordine
2288 4661 2426 4716 bene
2453 4663 2526 4718 sit
2550 4664 2818 4732 genitum,
2849 4667 3110 4734 quoniam
3143 4669 3450 4739 genitarum
3474 4685 3661 4725 rerum

2070 4753 2317 4808 conditio
2372 4755 2514 4809 bona
2565 4765 2670 4820 est,
2720 4764 2775 4811 et
2823 4773 2854 4811 a
2902 4758 3048 4813 bono
3078 4759 3188 4813 Deo
3241 4761 3507 4830 profecta,
3561 4779 3662 4819 nec

2069 4847 2226 4900 aliter
2254 4846 2324 4900 ab
2353 4863 2419 4902 eo
2443 4848 2562 4918 ipso
2585 4849 2889 4918 judicatur,
2920 4866 3200 4921 nunquam
3231 4852 3320 4908 ille
3341 4855 3488 4924 quod
3520 4873 3661 4926 pra:-

2065 4942 2215 4996 clare
2241 4944 2484 5013 genitum
2517 4952 2624 5008 est,
2658 4946 2957 5015 ingenitum
2998 4947 3175 5002 facere
3205 4949 3384 5003 volet:
3416 4951 3662 5019 quando-

2062 5033 2282 5102 quidem
2322 5034 2396 5088 ita
2449 5051 2508 5090 se
2555 5053 2665 5090 rem
2715 5037 2916 5092 habere
2951 5038 3154 5093 bonum
3195 5055 3338 5100 esse.
3383 5039 3524 5095 idem
3567 5041 3658 5095 ille

2063 5140 2387 5196 persuasum
2447 5126 2629 5181 habet.
2676 5113 3042 5192 Quamobrem
3081 5145 3204 5183 cum
3245 5129 3372 5184 boni
3409 5129 3655 5185 conditio

2062 5219 2214 5272 nullo
2251 5219 2414 5274 modo
2463 5230 2722 5285 mutetur,
2759 5238 2868 5277 non
2913 5224 3058 5293 quod
3095 5223 3146 5277 id
3186 5224 3261 5278 illi
3313 5226 3655 5295 impossibile

2060 5310 2154 5377 sit,
2206 5312 2299 5366 sed
2343 5313 2486 5384 quod
2526 5314 2662 5368 bene
2693 5314 2760 5369 ad
2807 5332 2930 5370 eum
2969 5317 3188 5372 modum
3225 5319 3523 5372 constituta
3557 5319 3649 5383 sit,

2058 5402 2237 5459 bonus
2267 5407 2450 5474 utique
2487 5405 2664 5464 lactus
2698 5425 2726 5462 a
2759 5410 2909 5463 nullo
2941 5409 3087 5466 Deus
3125 5419 3231 5476 est,
3264 5412 3404 5467 bona
3439 5413 3649 5477 itidem,

2056 5510 2178 5563 quae
2217 5497 2286 5551 ab
2322 5513 2388 5551 eo
2425 5506 2554 5552 sunt
2589 5501 2642 5554 in
2672 5501 2867 5567 ordine
2897 5518 2997 5559 suo
3031 5503 3196 5568 facta,
3239 5505 3457 5559 tametsi
3494 5504 3650 5574 inge-

2057 5585 2155 5639 niti
2205 5587 2569 5656 appellatione
2613 5600 2857 5648 careant.
2900 5592 3018 5648 Non
3064 5596 3209 5651 enim
3254 5603 3474 5652 creatos
3517 5595 3650 5650 deos
