4134 6386
1899 259 1958 315 S.
1999 259 2338 318 EPIPHANII

3639 260 3764 318 553

478 375 745 442 condidit,
776 386 836 433 ιιι
870 376 1102 433 alterum
1125 391 1250 432 cum
1279 377 1453 432 altero
1478 386 1855 449 comparatum
1885 381 2068 451 appel-

2171 383 2551 457 ἀκοινωνήτων
2581 385 2761 440 οὐσῶν
2777 423 2793 452 ,
2821 382 3082 439 ἀδύνατόν
3106 383 3222 436 ἐστι
3248 381 3577 451 κοινωνῆσαι
3604 381 3769 436 κατὰ

480 472 686 529 latione
717 471 837 542 ipsa
882 471 1184 540 superioris
1231 485 1398 540 supra
1445 470 1762 525 inferiorem
1790 473 2064 526 excellen~

478 566 635 631 tiam,
680 579 802 634 qua:
845 564 994 618 nulla
1035 564 1394 634 appellatione
1433 563 1821 633 comprehendi
1865 571 2064 632 potest,

479 659 738 714 obscuret
773 667 828 713 et
875 657 1205 728 exstinguat.
1260 656 1395 711 Nam
1430 657 1476 712 si
1513 655 1653 712 Deus
1683 659 1821 711 alter
1855 673 1884 710 a
1918 659 2068 712 nullo

481 750 682 814 factus,
715 751 852 804 alter
881 748 1060 804 factus
1087 761 1190 813 est,
1217 764 1342 802 cum
1376 749 1524 802 nulla
1559 749 1631 803 sit
1664 751 1808 803 inter
1837 757 2067 805 naturas

479 843 813 906 communio,
855 841 968 896 fieri
1000 858 1107 895 non
1140 850 1340 912 potest,
1383 849 1443 894 ut
1479 841 1782 896 secundum
1815 852 2064 896 naturam

480 935 718 988 nominis
769 933 914 987 illius
959 933 1279 1004 dignitatem
1320 948 1668 987 communem
1705 934 1923 1000 habeat,
1960 931 2068 987 nisi

479 1027 618 1082 forte
647 1027 911 1080 abusione
943 1026 1179 1096 quadam
1233 1034 1288 1080 et
1323 1027 1521 1096 gratia,
1561 1027 1665 1081 hoc
1713 1033 1798 1082 est
1844 1029 2069 1098 partici-

481 1119 700 1192 patione
724 1118 981 1188 quadam,
1008 1118 1122 1172 fieri
1151 1118 1389 1182 dicatur,
1421 1125 1479 1171 ut
1503 1117 1774 1186 ejusmodi
1802 1118 2068 1173 beneficio

483 1210 798 1267 inferiorem
826 1210 980 1266 dives
1010 1211 1229 1266 alliciat.
1259 1210 1394 1264 Nam
1433 1211 1523 1266 ille
1545 1212 1766 1282 quidem
1802 1215 1906 1268 sibi
1932 1230 2070 1266 nuu-

479 1319 643 1377 quam
673 1303 976 1374 superioris
998 1319 1196 1358 nomen
1223 1304 1564 1372 imposuerit,
1595 1313 1652 1358 ut
1678 1305 1770 1374 qui
1803 1320 1862 1364 se
1884 1307 1952 1360 ab
1978 1307 2068 1360 illa

478 1407 690 1455 natura:
741 1397 1006 1468 dignitate
1052 1397 1524 1466 appellationeque
1571 1398 1810 1452 alienum
1843 1413 2068 1468 prorsus

477 1493 767 1562 intelligat.
806 1489 949 1545 Sane
973 1488 1129 1554 illud,
1159 1504 1194 1543 ο
1226 1489 1369 1550 Aeli,
1403 1489 1598 1542 merito
1624 1489 1720 1542 tibi
1747 1489 1943 1560 aliquis
1966 1490 2067 1542 ob-

2168 476 2328 548 φύσιν
2356 479 2433 549 τῷ
2463 479 2557 534 τοῦ
2586 480 2850 552 ὀνόματος
2878 477 3169 549 ἀξιώματι,
3205 475 3320 529 ἀλλ’
3356 475 3405 527 εί
3442 474 3548 546 ἄρα
3580 490 3769 528 κατα-

2166 575 2433 645 χρηστικῇ
2459 591 2564 628 τινι
2595 573 2800 644 χάριτι,
2823 571 2918 625 καὶ
2945 569 3077 624 αὐτὸ
3104 571 3244 623 κατὰ
3275 565 3626 639 συμμετοχὴν
3652 563 3772 618 τοῦ

2167 663 2421 717 πλουσίου
2467 665 2824 737 χαριζομένου
2868 662 2946 734 τῷ
2985 663 3192 733 ἥσσονι.
3231 661 3290 714 '0
3329 659 3388 712 δὲ
3430 659 3614 730 ἥσσων
3649 657 3776 710 οὐκ

2167 756 2232 809 ἄν
2261 773 2388 808 ποτε
2425 758 2504 819 εἰς
2543 757 2605 809 τὸ
2633 756 2726 808 τοῦ
2761 755 3004 826 μείζονος
3047 754 3220 824 ὄνομα
3252 750 3445 804 ἑαυτὸν
3475 747 3774 812 καλέσειε,

2169 848 2484 902 παντάπασι
2506 847 3095 924 γινώσκωνιάλλότριον
3117 844 3312 898 ἑαυτὸν
3338 844 3469 896 ὅντα
3493 841 3588 894 τοῦ
3607 841 3777 894 κατὰ

2169 940 2328 1009 φύσιν
2361 939 2668 1012 ἀξιώματός
2701 959 2760 993 τε
2795 941 2888 994 καὶ
2921 939 3203 1010 ὀνόματος.
3245 937 3433 1002 Λέξειε
3483 934 3526 987 δ’
3567 935 3632 988 ἄν
3677 933 3777 997 τίς

2171 1051 2274 1098 σοι,
2299 1026 2342 1086 ὦ
2373 1033 2564 1097 ’Λέτιε,
2596 1034 2675 1094 τὸ,
2703 1032 2846 1098 Θεὸς
2874 1028 2951 1100 ἦν
2980 1034 3011 1083 d
3034 1030 3223 1100 Λόγος
3244 1045 3257 1058 ⁸
3296 1027 3391 1080 καὶ
3408 1027 3508 1079 οὑκ
3538 1024 3780 1093 ἐγένετο

2168 1127 2301 1191 Θεὸς
2319 1129 2346 1180 6
2369 1127 2558 1193 Λόγος.
2575 1126 2699 1189 Πῶς
2722 1126 2833 1189 ’ἐξει
2861 1125 2921 1177 τὸ
2950 1123 3089 1177 κατὰ
3115 1123 3276 1191 φύσιν
3306 1121 3404 1190 τῆς
3429 1117 3726 1186 εὐγενείας
3753 1116 3779 1149 ⁸

2169 1219 2358 1289 ὄνομα,
2395 1218 2428 1288 ἢ
2465 1218 2581 1280 πῶς
2618 1216 2965 1287 ίσωοήσεται,
2998 1215 3157 1285 εἴπερ
3202 1232 3256 1267 τι
3299 1213 3488 1281 γέγονε
3539 1209 3619 1280 τῷ
3669 1208 3779 1262 τοῦ

2170 1310 2408 1382 Χριστοῦ
2432 1309 2705 1381 ἀξιώματι
2721 1327 2735 1373 ;
2757 1311 2828 1362 Ἢ
2846 1309 2962 1369 πῶς
2978 1309 3057 1372 τὸ,
3085 1307 3230 1372 Θεὸς
3247 1302 3343 1375 ἦν,
3360 1305 3779 1374 ἐκκοπησεται,

2170 1403 2360 1474 χρόνου
2380 1403 2453 1473 μὴ
2483 1402 2864 1472 ἐπιδεχομένου
2879 1399 2972 1455 τοῦ
2999 1398 3074 1471 ἦν
3105 1401 3368 1470 διαίρεσιν
3394 1394 3778 1467 ἐργάσασθαι,

2170 1493 2274 1547 κᾶν
2298 1496 2354 1546 ὲν
2382 1493 2458 1564 τῷ
2488 1494 2736 1563 τυχόντι;
2778 1493 2967 1567 Γνώσῃ
3006 1495 3084 1555 δὲ,
3111 1494 3192 1545 ὅτι
3225 1488 3633 1564 ἄναρχοςθεὸς,
3664 1487 3776 1539 καὶ

473 1585 704 1656 iecerit:
763 1583 904 1636 Deus
931 1591 1048 1636 erat
1079 1579 1306 1635 Verbum
1327 1582 1342 1613 ί
1365 1622 1380 1646 ,
1427 1595 1604 1650 neque
1636 1577 1874 1634 Verbum
1925 1579 2068 1634 Deus

2171 1585 2461 1654 ἀγέννητος
2481 1585 2612 1650 Θεὸς
2635 1587 2923 1655 ἐγέννησεν
2938 1587 2993 1651 ἐξ
3013 1585 3178 1638 αὑτοῦ
3201 1583 3331 1636 Θεὸν
3347 1583 3530 1652 ὅμοιον
3552 1578 3778 1648 ἐαυτῷ»

478 1680 680 1734 factum
701 1687 804 1732 est.
825 1674 1058 1741 Quinam
1083 1689 1213 1728 vero
1231 1672 1628 1727 nobilissimam
1653 1671 2065 1741 appellationem

2170 1679 2230 1731 οὐ
2260 1679 2440 1748 μόνον,
2457 1678 2593 1732 ἀλλὰ
2613 1681 2707 1730 καὶ
2732 1679 2844 1730 ἴσον
2874 1678 3014 1731 κατὰ
3047 1678 3244 1731 πάντα.
3268 1675 3377 1727 Καὶ
3396 1675 3497 1726 οὐκ
3516 1672 3796 1734 ἔκτισεν,

476 1780 671 1824 natura
706 1769 809 1824 sibi
844 1761 1166 1832 vindicabit,
1199 1775 1293 1820 aut
1315 1765 1622 1834 aequabitur
1653 1764 1823 1826 Patri,
1857 1766 1901 1820 si
1932 1765 2060 1834 quid

2170 1772 2252 1828 ἵνα
2298 1769 2401 1841 μὴ,
2435 1771 2687 1842 ἀνόμοιος
2729 1771 2757 1823 6
2796 1769 3036 1832 κτισθεὶς
3069 1769 3379 1838 γενόμενος,
3409 1765 3660 1840 ἀφανίσῃ
3713 1764 3781 1817 τὸ

475 1863 543 1918 ad
575 1863 776 1918 Christi
826 1861 1148 1930 dignitatem
1197 1858 1496 1914 accesserit
1518 1857 1558 1916 ἲ,
1581 1856 1744 1928 935
1795 1859 1899 1910 Aut
1929 1857 2062 1911 illud

2170 1862 2260 1915 τοῦ
2285 1862 2430 1930 Θεὸς
2456 1861 2626 1933 ὄνομα
2655 1861 2741 1915 διὰ
2766 1863 2863 1934 τῆς
2892 1861 3226 1923 διαστάσεως
3255 1860 3352 1930 τῆς
3375 1857 3779 1928 παραλλαγῆς.

475 1968 709 2024 quanam
741 1955 952 2006 ratione
984 1951 1258 2020 amputari
1303 1951 1524 2020 poterit,
1583 1951 1721 2004 Deus
1765 1959 1900 2010 erat,
1937 1963 2060 2003 eum

2177 1955 2459 2009 Ἀδύνατον
2503 1956 2612 2027 γὰρ
2660 1954 2751 2008 τὸν
2805 1953 3078 2023 γεννῶντα
3133 1952 3384 2022 ἀνόμοιον
3432 1950 3525 2002 καὶ
3574 1949 3780 2002 ἄνισον

474 2061 599 2106 vox,
615 2055 752 2106 erat,
777 2045 984 2098 nullum
1011 2046 1090 2096 vel
1108 2044 1438 2098 levissimam
1459 2043 1717 2112 temporis
1739 2042 2060 2096 divisionem

2170 2047 2357 2117 γεννᾷν
2397 2045 2614 2108 ἑαυτοῦ,
2649 2046 2742 2098 καὶ
2773 2045 2864 2098 τὸν
2894 2044 3292 2115 γεγεννημένον
3321 2041 3577 2112 ἀνόμοιον
3621 2036 3780 2094 εἶναι

477 2137 778 2192 admittat?
809 2135 1044 2190 Proinde
1064 2138 1208 2191 scire
1235 2146 1288 2191 te
1323 2136 1454 2190 illud
1485 2143 1722 2205 oportet,
1761 2135 1926 2190 Deum
1959 2135 2067 2188 iui-

2170 2134 2256 2188 τοῦ
2293 2135 2707 2207 γεγεννηκότος.
2734 2135 2824 2188 Διὸ
2859 2129 3092 2188 ἐνταῦθα
3122 2133 3479 2202 περιλήψεται
3505 2130 3614 2200 τῆς
3639 2147 3782 2184 ταυ-

478 2231 555 2285 tio
581 2239 879 2293 carentem,
915 2237 969 2283 et
1000 2243 1028 2280 a
1071 2228 1220 2282 nullo
1257 2227 1460 2281 factum
1491 2227 1722 2283 similem
1753 2226 1856 2280 sibi
1892 2228 2057 2280 Deum

475 2338 504 2375 a
554 2325 736 2390 seipse
780 2320 1037 2390 genuisse
1098 2318 1343 2387 adeoque
1379 2319 1434 2371 in
1485 2318 1743 2371 omnibus
1771 2316 2056 2386 aequalem.

473 2414 645 2479 Quem
674 2412 894 2480 quidem
929 2411 1152 2464 minime
1179 2425 1398 2463 creasse
1421 2409 1644 2470 dicitur,
1668 2425 1754 2474 ne,
1778 2410 1822 2462 si
1840 2417 2060 2462 creatus

474 2513 623 2559 esset
668 2504 900 2572 ideoque
964 2502 1248 2557 dissimilis
1288 2500 1450 2564 foret,
1502 2500 1842 2565 diversitate,
1883 2499 2063 2554 varie-

475 2605 698 2665 taleque
752 2610 850 2650 sua
911 2593 1004 2649 Dei
1059 2591 1475 2662 appellationem
1521 2607 1550 2645 e
1596 2591 1774 2645 medio
1825 2591 2056 2644 tolleret.

477 2687 687 2742 Etenim
716 2687 830 2742 ﬁeri
867 2702 972 2740 non
1013 2693 1214 2755 potest,
1257 2693 1316 2738 ut
1355 2687 1444 2754 qui
1475 2691 1698 2755 generat
1738 2683 2060 2737 dissimilem

475 2780 560 2834 sui
621 2778 1055 2847 inaequalemque
1089 2776 1377 2845 producat,
1413 2784 1506 2828 aut
1554 2781 1612 2826 ut
1657 2773 1876 2843 genitus
1901 2786 2063 2842 gene-

474 2871 649 2925 rantis
684 2872 756 2924 sit
785 2869 1094 2925 dissimiiis.
1134 2867 1403 2933 Quocirca
1436 2866 1741 2919 naturalem
1775 2864 2062 2934 utriusque

475 2963 814 3016 identitatem
862 2962 1058 3016 retinet
1105 2959 1180 3022 id,
1225 2959 1370 3032 quod
1401 2957 1715 3027 evangelico
1748 2958 2062 3012 testimonio

2161 2223 2384 2295 τότητος
2427 2225 2486 2278 τὸ
2533 2225 2676 2279 κατὰ
2719 2225 2882 2295 φύσιν
2929 2225 2986 2292 ἐξ
3022 2223 3386 2294 εὐαγγελικῆς
3423 2223 3777 2293 μαρτυρίας,

2165 2317 2247 2369 ὅτι
2271 2315 2472 2369 Πάντα
2502 2318 2572 2369 τὰ
2597 2317 2700 2369 τοῦ
2735 2317 2962 2384 Πατρὸς
2986 2315 3098 2385 ἐμά
3129 2318 3282 2380 ἐστι,
3313 2315 3564 2368 τουτέστι
3583 2329 3596 2341 ·
3633 2313 3779 2378 Θεὸς

2168 2410 2196 2460 6
2228 2408 2452 2480 Πατὴρ,
2493 2407 2624 2472 Θεὸς
2658 2406 2768 2475 ἐγώ
2796 2422 2810 2436 '
2857 2406 2968 2476 ζωὴ
3003 2409 3030 2460 6
3066 2408 3251 2478 Πατὴρ
3279 2449 3292 2470 ,
3331 2404 3445 2478 ζωὴ
3481 2403 3630 2473 ἐγιὶν
3675 2405 3780 2458 καὶ

2166 2500 2236 2554 τὰ
2257 2500 2406 2570 ἑξῆς,
2428 2501 2605 2554 πάντα
2635 2501 2734 2552 ὅσα
2757 2499 2958 2570 πρέπει
2987 2499 3182 2569 Πατρὶ,
3213 2500 3306 2551 καὶ
3339 2497 3470 2568 Υἱῷ,
3495 2499 3592 2550 καὶ
3623 2498 3777 2568 ἁγίῳ

2169 2591 2446 2662 Πνεύματι
2493 2593 2549 2644 ὲν
2587 2592 2687 2662 μιᾷ
2727 2590 2978 2661 θεότητι,
3014 2591 3181 2661 μηδὲν
3232 2591 3329 2662 τῆς
3360 2591 3597 2662 Τμάδος
3627 2607 3778 2662 παρ-

2168 2681 2508 2752 ηλλαγμένον
2576 2682 2837 2752 ἐχούσης·
2914 2681 3100 2750 σαφῶς
3155 2683 3286 2752 ἡμῖν
3347 2681 3608 2753 ἁνάρχως
3678 2681 3779 2734 καὶ

2167 2778 2410 2848 ἀχρόνως
2443 2779 2535 2831 τοῦ
2559 2779 2926 2832 ὲνυποστάτου
2961 2779 3134 2846 Λόγου
3167 2777 3258 2830 τοῦ
3287 2777 3520 2847 Πατρὸς,
3550 2777 3649 2830 καὶ
3675 2775 3774 2828 τοῦ

2167 2870 2535 2923 ὲνυποστάτου
2583 2869 2903 2939 Πνεύματος
2942 2869 3036 2923 τοῦ
3084 2870 3240 2938 ἁγίου
3272 2871 3335 2922 ἐκ
3369 2870 3589 2941 Πατρὸς
3616 2909 3632 2932 ,
3677 2867 3777 2922 καὶ

2165 2961 2256 3014 τὸν
2291 2961 2386 3014 τοῦ
2417 2961 2570 3027 Υίοῦ,
2629 2961 2785 3034 ἡμῶν
2818 2964 2875 3014 ὲν
2926 2961 3126 3032 γνώσει
3185 2961 3367 3032 τελείᾳ
3417 2962 3775 3033 ἠσφαλισμέ-

474 3053 672 3118 fertur,
709 3056 762 3108 in
796 3071 906 3124 quo
934 3054 1006 3108 ita
1039 3054 1303 3123 scriptum
1335 3060 1420 3106 est
1446 3069 1458 3104 :
1503 3050 1697 3105 Omnia
1727 3066 1844 3121 qua:
1875 3049 2057 3105 Patris
2087 3047 2132 3108 C
2162 3070 2276 3107 νου.

473 3154 597 3200 sunt
631 3162 747 3200 mea
775 3148 956 3210 sunt',
991 3144 1095 3199 boc
1127 3151 1232 3210 est,
1262 3142 1403 3198 Deus
1429 3152 1512 3198 est
1538 3142 1716 3208 Pater,
1747 3158 1848 3211 ego
1888 3143 2073 3198 itidem

2149 3143 2330 3210 Deus;
2391 3145 2504 3200 vita
2539 3157 2624 3202 est
2677 3144 2860 3212 Pater,
2913 3160 3015 3217 ego
3056 3144 3220 3200 etiam
3266 3143 3410 3207 vita;
3458 3151 3512 3198 et
3569 3151 3773 3198 caetera

473 3238 678 3300 omnia,
712 3251 832 3307 quae
858 3235 1030 3302 Patri,
1070 3233 1209 3289 Filio
1236 3244 1289 3290 et
1312 3234 1539 3305 Spiritui
1569 3245 1761 3289 sancto
1787 3235 1842 3288 in
1881 3251 1988 3288 uua
2021 3236 2307 3292 divinitate
2335 3239 2689 3304 conveniunt,
2722 3255 2848 3293 cum
2883 3238 3019 3292 nihil
3055 3238 3128 3292 sit
3177 3239 3232 3291 in
3261 3231 3536 3290 Trinitate
3593 3235 3774 3290 diver-

475 3344 617 3395 sum,
637 3345 701 3383 ac
723 3327 1011 3384 manifeste
1033 3328 1193 3383 nobis
1221 3327 1575 3382 subsistentis
1602 3328 1723 3381 sine
1757 3327 1868 3380 ullo
1896 3328 2054 3381 initio
2113 3343 2177 3382 ac
2223 3337 2488 3399 tempore,
2526 3330 2737 3400 paterni
2781 3328 2946 3384 Verbi
3000 3345 3064 3383 ac
3093 3327 3346 3384 similiter
3405 3327 3773 3382 subsistentis

476 3421 714 3494 Spiritus
762 3421 979 3484 sancti,
1031 3419 1128 3490 qui
1204 3435 1272 3475 ex
1321 3418 1485 3474 Patre
1539 3418 1777 3491 Filiique
1843 3420 2084 3491 prepriis
2135 3424 2333 3488 oritur,
2386 3423 2629 3494 perfecta
2683 3422 2844 3478 nobis
2898 3422 3083 3476 oblata
3141 3423 3385 3494 cognitio
3465 3421 3542 3477 sit
3604 3429 3774 3491 atque

475 3513 626 3569 omni
658 3513 872 3568 ratione
901 3511 1140 3566 ﬁrmata.

996 3622 1179 3680 ΔΕΤΙΙ
1218 3622 1446 3680 CAPUT
1476 3622 1540 3679 ll.

548 3715 608 3770 Si
655 3712 968 3784 unigenitus
1000 3714 1145 3768 Deus
1175 3729 1342 3770 causa
1391 3723 1476 3770 est
1513 3715 1664 3771 omni
1697 3716 2070 3786 praestantior,

475 3808 582 3864 erit
603 3807 766 3862 etiam
799 3806 1151 3876 generatione
1175 3806 1292 3878 ipsa
1318 3808 1684 3876 praestantior.
1721 3808 1801 3872 Si.
1826 3811 2070 3878 inquam,

477 3897 662 3952 causis
706 3897 964 3952 omnibus
996 3897 1327 3962 (antecellit,
1380 3900 1721 3968 generationi
1775 3900 2072 3955 identidem

478 3989 789 4044 antecellet.
824 3987 1011 4058 Neque
1035 3987 1183 4042 enim
1207 3995 1303 4041 aut
1327 3988 1394 4042 ab
1418 3989 1586 4044 altera
1611 4001 1808 4044 natura
1842 3999 1901 4044 ut
1927 4000 2074 4047 esset

477 4083 712 4154 accepit,
748 4089 842 4136 aut
873 4081 1006 4136 illud
1039 4082 1156 4152 ipse
1192 4081 1298 4137 sibi
1329 4081 1585 4136 contulit.

1063 4196 1378 4266 Coufutatio
1405 4195 1492 4252 II.

553 4288 610 4342 Si
653 4287 930 4357 ingenitus
958 4301 1127 4343 causa
1157 4296 1244 4343 est
1271 4288 1418 4343 omni
1455 4290 1824 4359 praestantior,
1855 4289 1923 4344 ab
1950 4291 2071 4360 ipso

481 4394 646 4451 porro
674 4381 890 4451 genitus
918 4379 1065 4434 haud
1096 4380 1190 4432 illo
1213 4379 1378 4450 digne
1401 4381 1616 4450 genitus
1628 4391 1732 4444 est,
1757 4397 1860 4437 nec
1886 4398 2072 4452 atqua-

2560 3623 2814 3678 ΔΕΤΙΟΥ
2853 3625 3252 3680 ΚΕΦΑΛΛΙΟΝ
3292 3625 3370 3680 B'.

2244 3715 2307 3767 Εἰ
2358 3713 2540 3784 πάσης
2585 3715 2766 3778 αἰτίας
2814 3715 3078 3786 κρείττων
3112 3717 3346 3788 ὑπάρχει
3389 3719 3418 3771 ὀ
3466 3718 3770 3790 ἁγέννητος

2173 3805 2325 3870 Θεὸς,
2353 3805 2442 3859 διὰ
2473 3804 2630 3858 τοῦτο
2661 3805 2756 3859 καδ⁹
2787 3807 3056 3874 γενέσεως
3091 3809 3354 3878 κρείττων
3384 3809 3449 3863 ἂν
3480 3812 3588 3882 εἴη.
3617 3812 3682 3864 Ei
3708 3811 3766 3865 δὲ

2173 3898 2438 3968 κρείττων
2472 3899 2590 3950 ἐστὶ
2616 3898 2798 3970 πάσης
2826 3900 3004 3963 αἰτίας
3023 3939 3038 3963 ,
3069 3899 3316 3972 δηλονότι
3344 3903 3439 3956 καὶ
3468 3904 3760 3971 γενέσεως.

2174 3989 2310 4044 Οὔτε
2345 3990 2454 4061 γὰρ
2483 3993 2613 4063 παρ’
2650 3992 2843 4063 ἑτέρας
2874 3990 3088 4061 φύσεως
3119 3993 3312 4065 εἴληφε
3351 3995 3413 4049 τὸ
3443 3991 3608 4062 εἶναι,
3637 3993 3763 4049 οὔτε

2173 4081 2337 4146 αὐτὸς
2365 4081 2543 4154 ἐαυτῷ
2573 4082 2634 4136 τὸ
2667 4080 2806 4138 εἶναι
2839 4084 3104 4155 παρέσχε.

2754 4196 3077 4266 Ἆνατροπὴ
3119 4200 3200 4253 B'.

2242 4307 2307 4360 Εἰ
2352 4307 2535 4378 πάσης
2582 4308 2762 4372 αἰτίας
2806 4309 3074 4380 κρείττων
3127 4310 3362 4382 ὑπάρχει
3398 4310 3426 4362 6
3466 4307 3759 4376 ἀγέννητος

2171 4395 2325 4460 Θεὸς,
2360 4398 2390 4450 6
2417 4397 2474 4450 δὲ
2512 4399 2768 4467 γεννητὸς
2803 4399 2862 4463 ἐξ
2911 4399 3076 4453 αὑτοῦ
3111 4401 3344 4466 ἀναξίως
3373 4397 3537 4454 αὑτοῦ
3562 4396 3756 4464 γεγέν-

482 4470 573 4532 lis,
607 4479 663 4524 et
692 4477 874 4524 tamen
905 4469 1191 4524 excellenti
1222 4469 1314 4523 illa
1343 4469 1523 4526 Patris
1549 4472 1915 4541 appellatione
1939 4488 2068 4528 con-

2172 4506 2351 4560 νηται,
2391 4490 2488 4542 καὶ
2516 4491 2578 4543 οὐ
2610 4493 2729 4544 κατ’
2788 4491 3009 4562 ἰσότητα
3057 4495 3150 4548 καὶ
3192 4496 3250 4547 ἐν
3295 4494 3374 4562 τῷ
3404 4490 3497 4544 τοῦ
3541 4489 3757 4558 Πατρὸς

481 4563 688 4616 tinetur
709 4600 724 4624 ,
773 4575 1044 4615 summam
1077 4562 1310 4630 genitori
1339 4562 1558 4632 genitus
1592 4563 1947 4634 ignominiam
1986 4566 2070 4620 af-

483 4652 612 4718 fert,
642 4651 736 4722 qui
769 4652 1016 4716 alterius,
1046 4667 1207 4721 quam
1233 4661 1431 4708 creata
1461 4669 1548 4710 res
1579 4663 1810 4722 craterae,
1835 4658 2071 4714 nominis

483 4744 752 4816 dignitate
788 4742 1044 4815 gaudeat,
1080 4760 1257 4814 neque
1285 4753 1345 4799 ut
1375 4753 1573 4801 caetera
1605 4747 1718 4812 illa,
1754 4763 1876 4817 qua:
1926 4747 2071 4803 facta

485 4841 635 4899 sunt,
681 4833 953 4888 conditori
989 4849 1089 4888 suo
1119 4835 1325 4888 cultum
1376 4843 1430 4891 et
1475 4836 1742 4892 honorem
1789 4837 2069 4895 adhibeat.

484 4923 620 4981 Nam
651 4925 758 4979 alia
793 4925 1037 4995 quidem,
1073 4940 1195 4996 quae
1237 4934 1397 4981 extra
1428 4927 1580 4985 illum
1612 4936 1764 4994 sunt,
1797 4929 2073 4987 conditori

485 5033 588 5072 suo
633 5016 805 5073 decus
859 5018 1233 5089 honoremque
1257 5019 1534 5082 tribuunt;
1587 5025 1676 5078 cui
1713 5038 1813 5079 nec
1846 5024 2078 5094 aequalia

486 5115 638 5176 sunt,
685 5125 789 5166 nec
821 5111 1016 5166 eadem
1049 5127 1174 5166 cum
1215 5113 1309 5168 illo
1355 5116 1719 5185 appellatione
1755 5127 2076 5183 censentur,

488 5197 588 5252 sed
633 5200 854 5256 servilis
902 5200 1237 5257 conditionis
1276 5211 1437 5269 sunt,
1485 5215 1651 5276 atque
1697 5209 1764 5262 ad
1801 5209 2079 5266 Creatoris

491 5290 720 5361 gloriam
758 5293 1054 5362 producta:
1087 5311 1195 5365 quo
1226 5295 1484 5351 nimirum
1517 5315 1584 5354 ex
1608 5300 1914 5356 illustribus
1946 5301 2077 5365 illis,

492 5389 548 5436 et
580 5383 814 5453 egregiis
843 5383 964 5453 ejus
991 5386 1084 5454 qui
1117 5386 1426 5442 illustribus
1463 5388 1615 5444 hisce
1642 5391 1808 5447 rebus
1839 5389 2078 5451 conditis

494 5476 747 5544 superior
787 5484 907 5543 est,
943 5476 1265 5547 dignitatem
1323 5480 1813 5554 excellentiamque
1848 5501 2082 5556 propor-

493 5566 645 5622 tione
683 5567 925 5640 quadam
970 5571 1424 5642 contemplemur.
1463 5572 1629 5646 936
1661 5573 1731 5630 At
1754 5592 1886 5632 vero
1916 5579 2076 5647 alter,

575 5679 589 5710 '
617 5678 777 5760 Joan.
809 5697 848 5747 ι.
885 5683 936 5739 l.
1031 5684 1051 5715 '
1080 5681 1239 5739 Joan.
1273 5702 1389 5759 XVI,
1417 5688 1500 5744 15.
1581 5689 1600 5720 ³
1628 5707 1716 5760 γρ.
1751 5691 2024 5759 ἀγενείας.

2175 4579 2487 4651 προκριτέῳ
2542 4580 2765 4651 ὀνόματι
2833 4581 3098 4653 ἔστηκεν·
3160 4583 3382 4653 ἀτιμίαν
3429 4579 3509 4651 τῷ
3559 4595 3752 4648 γεγεν-

2175 4671 2362 4741 νηκότι
2407 4672 2469 4725 τὸ
2511 4672 2759 4743 γέννημα
2810 4679 3206 4745 περιποιεῖται,
3257 4675 3441 4745 ἑτέρου
3491 4671 3757 4741 ὀνόματος

2178 4761 2329 4832 παρὰ
2360 4762 2428 4816 τὰ
2455 4765 2718 4832 γεγονότα
2748 4765 3026 4835 κτίσματα
3053 4765 3176 4835 ἔχον
3199 4766 3260 4819 τὸ
3299 4765 3535 4835 ἀξίωμα,
3572 4766 3667 4816 καὶ
3694 4761 3753 4812 οὗ

2177 4852 2317 4906 κατὰ
2352 4853 2424 4906 τὰ
2456 4855 2720 4923 γεγονότα
2753 4855 2850 4926 τὴν
2902 4858 3067 4927 τιμὴν
3117 4858 3195 4928 τῷ
3230 4857 3555 4929 πεποιηκότι
3601 4869 3754 4925 περι-

2178 4943 2522 5015 ποιούμενον.
2585 4946 2666 5000 Τὰ
2726 4947 2824 5016 μὲν
2872 4949 2982 5018 γὰρ
3042 4950 3198 5012 ἐκτὸς
3255 4949 3420 5004 αὑτοῦ
3466 4948 3621 5012 δόξαν
3677 4939 3752 5008 τῷ

2175 5038 2451 5091 κεκτικότι
2479 5043 2865 5110 περιποιεῖται,
2894 5043 2994 5095 οὐκ
3017 5033 3262 5096 ὅνταὟσα
3286 5044 3362 5115 τῷ
3401 5035 3744 5108 πεποιηκότι.

2175 5128 2296 5181 οὐδὲ
2312 5129 2534 5200 ὀνόματι
2559 5131 2654 5184 τοῦ
2683 5133 3044 5202 πεποιηκότος
3070 5136 3382 5207 καλούμενα
3401 5179 3415 5201 ,
3441 5133 3569 5188 ἀλλὰ
3593 5125 3747 5180 δοῦλα

2177 5220 2444 5290 γενόμενα
2495 5224 2575 5285 εἰς
2619 5224 2777 5290 δόξαν
2819 5226 2911 5278 τοῦ
2964 5229 3359 5298 πεποιηκότος,
3392 5230 3477 5281 ἵνα
3503 5220 3606 5276 ἀπὸ
3641 5215 3747 5270 τῶν

2177 5311 2402 5378 ἐνδόξων
2438 5313 2502 5366 ἐκ
2539 5314 2646 5367 τῶν
2682 5317 2822 5387 ὑπὲρ
2858 5319 2926 5370 τὰ
2953 5319 3137 5385 ἔνδοξα
3162 5322 3425 5390 γεγονότα
3450 5317 3508 5371 τὸ
3532 5326 3752 5384 προκρι-

2178 5403 2318 5470 τέον,
2369 5405 2459 5460 καὶ
2499 5407 2640 5478 ὑπὲρ
2673 5409 2814 5462 αὐτὰ
2853 5410 2914 5464 ὃν
2968 5412 3250 5482 ἀναλόγως
3296 5412 3592 5485 θεωρῆται’
3635 5405 3663 5456 ὁ
3695 5399 3753 5451 δὲ

2175 5495 2356 5548 οὐκέτι
2393 5499 2470 5568 -τῇ
2515 5499 2721 5552 τούτων
2768 5501 3035 5573 ὀνομασίᾳ
3085 5504 3555 5576 κικλησκόμενοςν
3602 5495 3666 5564 τῇ
3701 5489 3758 5546 δδ

2177 5591 2506 5662 προκριτέου
2532 5593 2907 5664 ὁαοουσιότητι
2944 5596 3011 5648 ὲκ
3044 5595 3137 5649 τοῦ
3166 5597 3432 5668 τετάχθαι
3457 5581 3764 5661 συνηνωμέ-
