4134 6386
357 432 462 488 553

952 423 1312 481 ADVERSUS
1351 422 1689 478 HERESES
1725 421 1854 475 LlB.
1897 421 1985 476 lll.
2029 419 2191 476 TOM.
2236 419 2276 474 Ι.
2317 449 2387 462 --
2422 419 2693 476 "ERES.
2735 419 2968 475 LXXVI.

3471 419 3578 475 554

345 564 453 611 vos;
494 545 631 615 ἔχων
658 541 717 597 τὸ
743 539 957 610 ἀξίωμα
977 580 992 604 ,
1021 540 1069 593 εἰ
1096 539 1284 592 διοίσει
1326 537 1417 590 τοῦ
1449 537 1774 609 προκριτέου
1814 535 1911 604 τὴν

2029 536 2104 603 qui
2138 550 2237 588 nec
2266 536 2541 589 communi
2589 542 2907 589 czeterorum
2937 531 3298 603 appellatione
3332 534 3577 589 comine-

345 634 715 709 παραλλαγὴν,
751 632 844 684 καὶ
871 630 948 700 τῷ
973 628 1281 699 προκριτέῳ
1317 627 1535 679 ἔλαττον
1568 624 1784 695 ἀξίωμα
1817 641 1911 676 πε-

347 725 708 797 ριποιήσεται,
730 718 1181 788 διαλλαττομένης
1207 718 1306 787 τῆς
1328 715 1471 769 κατὰ
1508 715 1568 768 τὸ
1592 713 1913 785 προκριτέον

345 817 440 872 τοῦ
472 815 811 884 γεννήματος
838 808 1236 871 ὲπικοινωνίας.
1270 807 1362 860 Διδ
1387 808 1571 877 ὅμοιος
1606 806 1667 869 ἐξ
1702 805 1911 875 ὁμοίου,

345 910 441 962 καὶ
467 908 580 970 ῐσος
608 905 668 971 ἐξ
708 902 824 956 ἴσου
846 902 977 972 ἡμῖν
1002 902 1030 953 ὁ
1056 898 1299 969 βλαστὸς,
1331 899 1433 951 οὐκ
1460 897 1567 951 ἀπὸ
1599 896 1916 967 σωματικῆς

346 1000 557 1063 ἑννοίας
572 1001 638 1069 τῇ
661 996 839 1050 πίστει
859 991 1235 1063 κατείληπται,
1266 990 1380 1045 ἀλλ’
1414 989 1489 1052 ὡς
1523 989 1655 1052 Θεὸς
1674 990 1739 1042 ὲκ
1759 988 1914 1051 Θεοῦ,

347 1090 464 1161 φῶς
496 1092 561 1142 ὲκ
588 1086 785 1158 φωτὸς,
832 1085 926 1138 καὶ
962 1083 1133 1151 Λόγος
1160 1081 1372 1152 Πατρδς
1406 1079 1789 1145 ὲνυπόστατος,
1815 1098 1918 1133 σω-

348 1182 581 1254 ζομένης
612 1180 712 1251 τῆς
742 1176 1076 1249 ἀμεταθέτου
1111 1173 1207 1227 τοῦ
1256 1173 1583 1246 προκριτέου
1631 1172 1791 1243 δόξης
1812 1211 1827 1233 ,
1860 1174 1918 1224 ὲν

345 1274 425 1346 τῷ
453 1274 513 1327 τὸ
558 1270 880 1344 προκριτέον
918 1269 1019 1322 οὐκ
1055 1267 1189 1321 αὐτὸ
1221 1265 1415 1320 ἑαυτοῦ
1449 1266 1643 1331 αῐτιον,
1673 1265 1787 1319 ἀλλ’
1823 1266 1916 1319 ἀπ’

350 1364 516 1420 αὑτοῦ
554 1363 615 1416 τὸ
645 1362 760 1416 ῐσον
785 1359 987 1430 γεννῶν
1026 1357 1279 1428 ἀχρὰντῳ
1309 1356 1404 1410 καί
1431 1356 1795 1427 ἀκαταλήπτῳ
1826 1356 1886 1408 οὐ
1906 1387 1920 1395 -

352 1457 480 1528 σία,
515 1452 815 1526 ὁμοουσίως
845 1452 906 1505 τδ
930 1449 1183 1513 οὐσιῶδες
1223 1448 1317 1502 καὶ
1362 1447 1725 1501 ὲνυπόστατον
1777 1445 1919 1498 ϐεἰον

350 1550 630 1617 γέννημα·
667 1539 837 1616 οὗπερ
864 1541 1027 1595 είκών
1068 1541 1216 1593 ἐστιν
1257 1541 1357 1593 οὐκ
1385 1538 1609 1609 ἄψυχος,
1639 1536 1774 1591 ἀλλά
1810 1538 1920 1589 Πα-

349 1636 477 1709 τρὸς
512 1634 985 1707 χαρακτηρίζουσα
1013 1634 1187 1700 γένος,
1218 1630 1294 1693 ὥς
1337 1648 1468 1700 φησι
1495 1633 1528 1702 ἡ
1561 1630 1679 1683 θεία
1708 1628 1916 1700 Γραφὴ,

352 1729 444 1782 ἐπὶ
468 1730 535 1799 τῇ
571 1728 775 1797 ἰσότητι
804 1724 897 1779 τοῦ
921 1724 1241 1794 γεννήτορος
1270 1722 1330 1775 τὸ
1360 1722 1604 1793 γέννημα
1631 1721 1917 1785 τάττουσα,

351 1818 572 1882 Εὶκὼν,
604 1820 885 1889 φάσκουσα
909 1858 925 1882 ,
958 1815 1064 1869 τοῦ
1095 1813 1350 1882 ἀοράτου
1384 1814 1550 1868 Θεοῦ.
1578 1812 1687 1867 Καὶ
1719 1813 1806 1866 ἵνα
1847 1816 1919 1883 μή

350 1925 437 1974 τις
458 1885 655 1981 νομίσῂ
679 1906 938 1977 διάφορον
967 1900 1220 1975 εἶναιτὴν
1250 1904 1434 1956 εἰκόνα
1456 1905 1556 1973 τῆς
1577 1903 1921 1972 ταυτότητος.
1957 1885 1998 1944 Β

352 2000 515 2065 αὐτὸς
546 2000 575 2053 ὁ
603 2000 792 2070 Πατὴρ
817 2037 832 2062 ,
879 1996 978 2068 τὴν
1008 1995 1290 2066 διόρθωσιν
1337 1994 1434 2064 τῆς
1471 1994 1747 2064 ἡμετέρας
1779 1990 1922 2061 ζωῆς

354 2091 628 2164 προνοῶν,
661 2090 766 2161 πρὸ
789 2087 982 2143 τούτου
1013 2086 1111 2140 τοῦ
1156 2084 1314 2154 λόγου
1357 2084 1527 2155 ἔφησε
1555 2084 1636 2147 «cs,
1668 2081 1925 2149 Ποιήσω-

348 2200 464 2254 μεν
508 2182 825 2251 ἄνθρωπον
872 2181 998 2234 κατ’
1055 2180 1261 2233 εἰκόνα
1311 2176 1606 2247 ἡμετέραν
1651 2176 1750 2230 καὶ
1794 2176 1925 2230 καθ’

354 2275 637 2345 ὁμοίωσιν
660 2291 673 2304 ·
721 2274 782 2326 ού
825 2272 1030 2334 διοίσας
1068 2269 1258 2323 ἑαυτὸν
1294 2268 1448 2338 παρά
1476 2269 1566 2321 τὸν
1605 2268 1755 2331 Υίὸν,
1786 2266 1925 2321 ἀλλὰ

353 2367 541 2438 δυῖκὴν
583 2365 677 2420 καὶ
700 2362 988 2435 ὁμώνυμον
1019 2362 1164 2427 λέξιν
1201 2360 1443 2415 ἐπειπὼν
1466 2360 1550 2422 τὸ,
1577 2359 1928 2428 Ποιήσωμεν

351 2458 667 2525 ἄνθρωπον
684 2474 697 2487 ο
721 2455 807 2508 ἵνα
829 2454 921 2507 δύο
946 2452 1185 2525 σημάνῃ,
1217 2452 1407 2506 ἑαυτόν
1434 2469 1494 2505 τε
1522 2452 1615 2505 καὶ
1652 2451 1744 2504 τὸν
1774 2450 1924 2512 Υἱὸν.

352 2549 388 2621 ἢ
420 2548 513 2601 κα)⁸
556 2547 768 2616 εἴποιμι
811 2545 904 2597 καὶ
945 2544 1006 2596 τὸ
1036 2545 1189 2614 ἆγιον
1222 2542 1465 2614 Πνεῦμα.
1495 2543 1607 2596 Καὶ
1633 2541 1694 2594 τὸ
1730 2542 1823 2594 ἐπὶ
1857 2543 1925 2612 τῇ

357 2641 560 2711 ἰσότητι
603 2639 693 2709 τῆς
724 2637 950 2698 εἰκόνος,
982 2636 1040 2689 τὸ
1073 2635 1149 2707 μὴ
1185 2635 1274 2688 διὰ
1297 2634 1390 2689 δύο
1414 2634 1587 2703 λόγων
1615 2632 1925 2704 παρενθεὶς,

355 2731 537 2785 εἰκόνα
564 2730 691 2799 μίαν
727 2728 830 2797 ἔφη
858 2741 872 2757 ⁸
902 2726 1174 2796 ἡμετέραν
1206 2724 1261 2778 δὲ
1290 2726 1349 2778 τὸ
1378 2724 1557 2777 δυῖκδν
1580 2724 1922 2793 ἀπεφήνατο·

354 2822 448 2875 τὸν
487 2820 542 2872 δὲ
582 2819 863 2887 γινόμενον
905 2815 1191 2885 ἄνθρωπον
1236 2814 1301 2866 ού
1336 2817 1401 2884 τῇ
1445 2812 1539 2866 τοῦ
1590 2812 1707 2875 ἐνὸς
1738 2810 1925 2875 εἰκόνι,

357 2911 496 2967 ἀλλὰ
524 2913 590 2981 τῇ
615 2908 723 2962 τῶν
751 2906 843 2960 δύο
866 2905 1142 2977 ὁμοιότητί
1176 2921 1235 2958 τε
1260 2905 1353 2958 καὶ
1388 2905 1592 2974 ἰσότητι
1619 2902 1802 2957 εἰκόνα
1837 2918 1928 2970 γι-

357 3005 601 3075 νόμενον,
625 3002 714 3055 ἵνα
740 3000 917 3069 πάντη
941 2997 1109 3065 σαφὲς
1138 2997 1222 3067 εἴη
1246 2997 1307 3049 τὸ
1352 2995 1649 3066 πρακτέον,
1671 2995 1729 3047 ὲν
1751 2993 1929 3064 Πατρὶ

360 3099 454 3151 καὶ
474 3095 587 3166 Υἱῷ
612 3095 706 3148 καὶ
738 3090 880 3162 ἁγίῳ
907 3089 1185 3161 Πνεύματι
1234 3089 1391 3159 μένον
1416 3089 1473 3140 ὲν
1495 3087 1806 3158 ταυτότητι,
1834 3085 1930 3139 καὶ

360 3192 436 3263 μὴ
469 3190 865 3262 ἀλλοιούμενον.
900 3188 973 3242 Ού
998 3187 1106 3260 γὰρ
1142 3187 1272 3259 παρ’
1304 3185 1499 3256 ἑτέρας
1533 3182 1747 3251 φύσεως
1776 3181 1929 3252 εἴλη-

359 3237 458 3356 ξὲζ
470 3237 752 3354 Ima;
766 3237 865 3352 ἦέ
896 3237 1117 3351 seei;
1147 3237 1207 3333 ei;
1225 3237 1664 3348 Ξςιγὲοςᾲήᾇεὸμα,
1696 3237 1744 3345 η’
1764 3237 1927 3328 δέδαξ-
1955 3237 2004 3303 ο

358 3392 455 3429 κεν
487 3374 650 3445 ἑτέρᾳ
672 3371 831 3443 φύσει
865 3368 1211 3443 συμμετοχὴν
1235 3369 1332 3438 τῆς
1365 3365 1559 3420 ἑαυτοῦ
1595 3363 1808 3433 φύσεως
1834 3363 1930 3416 καὶ

360 3466 703 3536 ἀξιώματος
744 3460 869 3516 οὔτε
910 3460 1047 3516 κατά
1082 3478 1201 3513 τινα
1240 3457 1408 3529 τομὴν
1450 3456 1482 3526 ἢ
1531 3455 1833 3526 ἀπόρροιαν
1869 3451 1931 3506 τὸ

361 3555 501 3612 εἶναι
542 3556 602 3621 ἐξ
642 3552 806 3609 αὑτοῦ
845 3552 936 3606 τὸν
963 3551 1262 3621 Μονογενῆ,
1303 3550 1397 3603 καὶ
1431 3548 1493 3601 τὸ
1524 3547 1678 3615 ἅγιον
1705 3543 1931 3616 Πνεῦμα

361 3649 643 3705 ἀλλοίωσιν
678 3647 780 3718 τῆς
806 3644 1021 3716 φύσεως
1063 3643 1451 3715 ἐξειργάσατο·
1493 3638 1632 3693 ἀλλὰ
1679 3636 1931 3708 καθάπερ

362 3741 598 3814 ὲξαρχῆς
639 3738 938 3811 προκριτέα
985 3735 1147 3804 φύσις
1192 3733 1484 3803 ἀγέννητος
1530 3731 1626 3785 καὶ
1677 3731 1932 3792 ἄκτιστος

363 3836 452 3888 ἀεὶ
478 3830 569 3905 ἦν,
603 3830 776 3894 οὕτως
806 3830 893 3883 ἀεὶ
920 3826 980 3892 ἐξ
1002 3827 1167 3881 αὑτοῦ
1195 3823 1518 3896 προκριτέον
1542 3821 1809 3891 γέννημα,
1836 3817 1931 3872 καὶ

362 3923 520 3993 ἅγιον
550 3921 773 3991 Πνεῦμα
802 3920 934 3990 ἡμῖν
971 3917 1155 3988 σαφῶς
1184 3917 1480 3987 κεκήρυχε,
1522 3913 1616 3967 καὶ
1644 3912 1745 3966 οὐκ
1784 3911 1935 3981 ἐνηλ-

364 4015 672 4086 λαγμένως.

2017 635 2125 690 tur,
2153 635 2206 680 et
2238 641 2334 695 pro
2372 641 2440 680 eo
2475 626 2620 695 quod
2665 625 2950 680 excellenti
2984 623 3062 679 illi
3098 625 3582 684 consubstantialis

2015 728 2119 784 est,
2147 716 2413 787 ejusmodi
2459 717 2721 787 dignitate
2762 716 3020 787 praeditus
3064 724 3169 780 est,
3212 724 3272 771 ut
3310 719 3364 771 in
3391 719 3581 775 eodem

2016 825 2139 863 cum
2176 809 2270 862 illo
2314 809 2504 864 ordine
2534 809 2851 872 collocetur,
2884 810 2929 864 si
2963 824 3127 881 quam
3155 809 3351 865 habent
3377 810 3448 864 ab
3470 812 3586 867 exi-

2017 900 2129 955 mio
2182 900 2276 954 illo
2325 903 2715 971 prmstantique
2752 902 3092 966 varietatem,
3128 918 3354 959 necesse
3392 915 3474 959 est
3527 912 3584 957 ut

2017 992 2083 1047 de
2119 991 2364 1062 ejusdem
2408 991 2672 1062 dignitate
2722 993 2923 1063 aliquid
2967 994 3269 1060 imminuat,
3318 995 3422 1050 hoc
3466 996 3586 1066 ipso

2018 1082 2161 1151 quod
2184 1082 2625 1138 excellentissimi
2651 1082 2797 1137 illius
2827 1099 2880 1138 tn
2903 1085 3084 1153 genito
3108 1084 3411 1154 splendoris
3435 1101 3586 1141 com-

2019 1172 2207 1229 munio
2256 1173 2538 1228 varietatis
2592 1174 2797 1244 aliquid
2849 1190 2913 1230 ac
2987 1176 3322 1232 diversitatis
3370 1177 3585 1232 habeat.

2018 1263 2199 1328 Quare
2230 1262 2459 1319 similem
2487 1262 2636 1317 illum
2664 1279 2695 1318 e
2723 1264 2906 1326 simili,
2934 1271 2989 1319 et
3014 1266 3275 1335 aqualem
3297 1282 3362 1321 ex
3393 1268 3588 1336 aequali

2020 1354 2212 1420 fetum,
2243 1369 2351 1410 non
2376 1370 2473 1425 pro
2495 1363 2657 1425 captu
2676 1370 2954 1427 corporeae
2974 1358 3206 1427 alicujus
3222 1357 3591 1430 intelligentia

2019 1445 2332 1501 Christiana
2374 1446 2478 1501 ﬁde
2512 1446 2875 1517 concipimus,
2905 1449 3001 1504 sed
3035 1457 3293 1519 tanquam
3320 1449 3489 1506 Deum
3522 1467 3590 1507 ex

2021 1535 2152 1600 Deo,
2182 1538 2363 1593 lumen
2380 1538 2446 1594 de
2469 1539 2691 1604 lumine,
2721 1553 2784 1594 ac
2803 1537 3038 1595 Verbum
3056 1539 3235 1596 Patris
3258 1542 3589 1607 subsistens,

2022 1628 2157 1684 adeo
2185 1638 2244 1685 ut
2267 1630 2581 1687 excellentis
2607 1632 2753 1688 illius
2777 1632 2993 1686 interim
3021 1640 3183 1704 atque
3211 1616 3390 1689 eximii
3421 1635 3589 1704 gloria

2022 1723 2169 1777 salva
2208 1724 2525 1795 integraque
2555 1725 2874 1788 retineatur,
2910 1724 3012 1780 hoc
3060 1726 3177 1795 ipso
3205 1726 3349 1797 quod
3382 1727 3473 1782 ille
3506 1728 3589 1783 sui

2023 1813 2195 1882 ipsius
2220 1814 2444 1869 minime
2484 1815 2812 1885 principium
2864 1819 3149 1881 asseritur,
3195 1818 3290 1874 sed
3328 1820 3591 1890 aequalem

2025 1904 2130 1959 sibi
2173 1905 2414 1961 sobolem
2445 1890 2736 1976 purissima
2778 1916 2831 1963 et
2866 1909 3403 1980 incomprehensibili
3458 1913 3594 1968 sub-

2023 1996 2225 2050 stantia
2255 1997 2817 2069 consubstantialique
2872 2000 3054 2064 modo,
3075 2001 3177 2055 hoc
3207 2009 3292 2057 est
3337 2003 3597 2059 substan-

2024 2088 2101 2140 tia
2148 2095 2203 2142 et
2236 2088 2516 2159 bypostasi
2551 2091 2835 2160 praeditum
2886 2092 3209 2163 produxisse
3235 2094 3466 2152 Filium:
3501 2098 3593 2169 qui

2024 2176 2245 2247 quidem
2276 2194 2386 2233 non
2415 2180 2611 2235 animae
2641 2197 2838 2253 expers
2870 2183 3017 2241 illius
3044 2187 3222 2257 imago
3255 2187 3349 2251 sit.
3378 2188 3473 2245 sed
3500 2204 3597 2259 pa—

2026 2280 2241 2327 ternum
2276 2288 2447 2344 genus
2476 2277 2765 2346 exprimat,
2792 2290 2851 2331 ut
2885 2276 3167 2348 Scriptura
3198 2286 3453 2349 testatur,
3477 2297 3599 2353 qua:

2027 2369 2268 2435 genitum
2294 2365 2493 2422 Filium
2518 2369 2778 2438 aequalem
2801 2370 3031 2440 genitori
3054 2372 3358 2427 constituit.
3388 2372 3593 2444 Imago,

2026 2457 2222 2528 inquit,
2246 2459 2521 2513 invisibilis
2546 2458 2643 2514 Dei
2673 2462 2712 2517 ¹.
2760 2459 2839 2516 Ac
2864 2476 2932 2515 ne
2954 2461 3079 2532 quis
3119 2462 3371 2535 imaginis
3418 2467 3600 2521 natio-

2026 2562 2152 2602 nem
2202 2548 2273 2603 ab
2317 2548 2599 2604 identitato
2650 2549 2766 2619 ipsa
2799 2548 3016 2607 differre
3053 2551 3318 2616 crederet,
3367 2555 3600 2623 ipsemet

2027 2637 2209 2703 Pater,
2242 2639 2319 2692 uti
2345 2654 2448 2693 nos
2490 2647 2644 2693 certo
2671 2639 2946 2710 dirigeret,
2999 2649 3126 2698 ante
3154 2644 3419 2712 prolatam
3449 2645 3598 2701 illam

2029 2727 2357 2783 sententiam
2391 2727 2468 2781 ita
2497 2727 2716 2785 locutus
2749 2741 2871 2785 est:
2918 2729 3208 2789 Faciamus
3241 2734 3498 2790 hominem
3528 2738 3600 2791 ad

2027 2818 2311 2888 imaginem
2333 2828 2573 2873 nostram
2600 2829 2648 2873 et
2679 2820 2748 2874 ad
2778 2822 3178 2878 similitudinem
3194 2827 3237 2880 ’.
3265 2824 3325 2880 In
3356 2842 3464 2897 quo
3490 2843 3598 2892 non

2030 2909 2272 2981 seipsum
2316 2924 2347 2964 a
2384 2908 2524 2967 Filio
2565 2911 2844 2979 discrevit,
2896 2914 2992 2970 sed
3029 2916 3259 2972 similem
3294 2934 3505 2984 vocem,
3548 2929 3603 2976 et

2030 2999 2100 3054 ad
2145 3001 2283 3056 duos
2332 3000 2697 3071 pertinentem
2755 3018 3020 3073 usurpare
3064 3006 3255 3074 voluit,
3311 3007 3603 3065 Faciamus

2030 3088 2320 3144 hominem:
2377 3104 2483 3159 qua
2510 3090 2651 3147 duos
2690 3092 3040 3162 exprimeret,
3080 3095 3319 3166 seipsum
3352 3099 3604 3155 videlicet

2032 3193 2099 3234 ac
2124 3169 2347 3245 Filium,
2381 3188 2475 3235 aut
2500 3181 2725 3250 insuper
2751 3191 2804 3236 et
2825 3179 3086 3250 Spiritum
3113 3193 3388 3241 sanctum.
3427 3188 3606 3259 Atque

2033 3278 2095 3326 ut
2138 3271 2394 3341 imaginis
2440 3272 2801 3343 aequalitatem
2844 3275 3182 3342 ostenderet,
3234 3275 3450 3332 diversa
3494 3281 3607 3335 duo

2034 3361 2300 3417 vocabula
2351 3363 2593 3418 inserere
2647 3363 2862 3428 noluit;
2920 3364 3016 3419 sed
3077 3368 3292 3420 unicam
3342 3367 3606 3423 duntaxat

2035 3453 2483 3509 commemoravit
2511 3452 2801 3524 imaginem
2862 3463 3108 3512 nostram
3153 3470 3333 3515 autem
3357 3476 3423 3517 ea
3449 3476 3605 3527 voce,

2035 3562 2160 3618 quae
2190 3545 2259 3601 ad
2281 3546 2423 3601 duos
2450 3552 2743 3616 spectaret.
2774 3550 3022 3619 protulit.
3049 3549 3222 3607 Porro
3239 3562 3482 3609 creatum
3506 3555 3608 3609 bo-

2037 3637 2240 3693 minem
2266 3650 2373 3691 non
2404 3636 2471 3691 ad
2492 3638 2658 3694 unius
2686 3639 2975 3710 imaginem
2999 3657 3340 3713 expressum,
3367 3645 3463 3701 sed
3490 3661 3608 3699 am-

2036 3728 2231 3784 borum
2285 3727 2665 3784 similitudinis
2709 3736 2766 3784 et
2812 3731 3145 3801 equalitatis
3209 3733 3438 3806 eﬂigiem
3486 3750 3611 3791 esse

2036 3820 2392 3892 signiﬁcavit,
2444 3828 2505 3875 ut
2532 3821 2667 3877 illud
2715 3832 2901 3893 aperte
2957 3825 3287 3894 declararet,
3344 3828 3610 3899 quidquid

2039 3913 2373 3968 excellentiae
2414 3920 2518 3981 est,
2568 3914 2625 3968 in
2658 3913 2840 3981 Patre,
2872 3915 3010 3972 Filio
3062 3933 3126 3973 ac
3180 3917 3389 3989 Spiritu
3418 3928 3612 3975 sancto

2041 4002 2185 4059 idem
2214 4011 2379 4074 atque
2400 4019 2572 4059 unum
2598 4020 2744 4071 esse,
2775 4022 2954 4077 neque
2969 4009 3179 4063 varium
3208 4023 3273 4064 ac
3301 4010 3607 4080 multiplex.

365 4107 484 4163 Non
531 4108 677 4162 enim
718 4112 812 4160 aut
846 4104 915 4159 ab
966 4104 1138 4158 altera
1180 4108 1374 4156 natura
1418 4098 1599 4161 Pater,
1636 4094 1809 4151 Filius
1858 4104 1913 4152 et
1979 4093 2220 4166 Spiritus
2258 4103 2488 4154 sanctus
2529 4098 2762 4169 accepit,
2824 4106 2919 4153 aut
2958 4100 3014 4155 in
3074 4100 3304 4155 alteram
3357 4109 3610 4157 naturam

364 4212 576 4259 natura:
601 4200 985 4272 dignitatisque
1012 4213 1125 4253 suae
1149 4196 1586 4253 communionem
1615 4192 1894 4248 transtulit
1920 4209 1934 4256 ;
1966 4207 2144 4262 neque
2183 4192 2333 4248 velut
2362 4192 2605 4248 sectione
2637 4192 2896 4264 quadam,
2941 4204 3034 4249 aut
3088 4192 3352 4264 proﬂuvio
3414 4194 3612 4250 divinae

364 4296 441 4353 illi
501 4303 711 4351 natura:
762 4294 1079 4349 varietatem
1125 4292 1305 4346 attulit
1362 4288 1626 4360 unigeniti
1678 4286 1801 4341 Filii
1878 4285 2222 4358 Spiritusque
2286 4288 2459 4342 sancti
2514 4287 2821 4358 productio.
2879 4287 2986 4344 Sed
3038 4288 3493 4359 quemadmodum
3543 4288 3612 4344 ab

365 4393 521 4447 initio
543 4388 989 4462 praestantissima
1017 4388 1107 4443 illa
1130 4393 1328 4442 natura
1348 4401 1376 4439 a
1396 4380 1558 4455 937
1589 4383 1740 4438 nullo
1771 4382 1915 4437 facta
1959 4391 2215 4438 creatave
2256 4397 2472 4453 semper
2507 4382 2720 4438 exstitit
2749 4401 2765 4437 :
2814 4382 2891 4436 ita
2951 4398 3168 4453 semper
3223 4383 3612 4453 praestantissi-

368 4500 601 4541 mamex
631 4483 812 4554 seipsa
858 4481 1100 4537 sobolem
1142 4493 1251 4535 una
1296 4492 1422 4533 cum
1475 4484 1669 4534 sancto
1706 4473 1941 4547 Spiritu,
2008 4475 2128 4531 sine
2161 4476 2269 4530 ulla
2312 4474 2631 4531 diversitate
2695 4473 3021 4546 produxisse
3057 4476 3218 4531 nobis
3270 4475 3612 4545 apertissime

369 4575 702 4650 prmdicavit.

749 4683 1139 4739 ΚΕΦΛΛΔΙΟΝ
1176 4681 1429 4736 ΑΕΤΙΟΥ
1476 4682 1549 4736 Γθ.

437 4780 500 4833 Ei
532 4778 589 4832 δὲ
621 4775 783 4839 αὐτὸς
815 4773 992 4844 ἑαυτῷ
1020 4774 1085 4826 τὸ
1131 4770 1269 4825 εἶναι
1304 4773 1378 4843 μὴ
1420 4771 1713 4843 παρέσχεν,
1753 4770 1815 4823 ού
1848 4768 1939 4823 διὰ

365 4871 427 4924 τδ
472 4869 694 4933 ἀσθενὲς
719 4869 818 4938 τῆς
848 4866 1082 4936 φύσεως,
1109 4863 1244 4917 ἀλλά
1286 4863 1374 4918 διὰ
1413 4863 1475 4916 τὸ
1503 4860 1941 4932 ὑπερϐεϐηκέναι

366 4966 546 5020 πᾶσαν
575 4962 755 5017 αἰτίαν
776 4976 792 4991 ο
829 4958 992 5012 πόθεν
1019 4957 1085 5012 ἀν
1108 4973 1192 5019 τις
1216 4956 1316 5026 τὴν
1347 4953 1656 5008 ύποστᾶσαν
1683 4952 1818 5024 πρὸς
1842 4951 1942 5023 τὴν

368 5058 751 5129 ὑποστήσασαν
781 5052 943 5124 φύσιν
956 5052 1016 5104 τὸ
1048 5047 1463 5121 ἀπαράλλακτον
1482 5046 1561 5109 εἰς
1579 5044 1765 5100 οὐσίαν
1798 5044 1942 5115 ἔχειν

369 5152 789 5222 συγχωρήσειεν,
823 5146 884 5199 ού
906 5141 1269 5217 προσιεμένης
1299 5140 1399 5209 τῆς
1429 5137 1681 5209 τοιαύτης
1714 5138 1948 5193 ὑποστά-

370 5262 507 5308 σεως
540 5242 751 5313 γένεσιν
768 5255 787 5306 ;

922 5346 1255 5417 Ἀνατροπή
1308 5346 1392 5399 1".

437 5446 516 5501 A'.
559 5446 678 5519 Χρὴ
717 5461 796 5507 σε,
827 5434 872 5493 ὦ
921 5437 1119 5502 Ἀέτιε,
1163 5438 1276 5491 ἀνω
1318 5432 1670 5505 προσέχοντα,
1705 5432 1800 5485 καὶ
1852 5448 1941 5482 σε·

367 5537 535 5594 αυτοῦ
561 5537 623 5590 τὸ
655 5533 884 5590 ἐλεεινὸν
917 5527 1300 5589 κατανοοῦντα,
1345 5525 1561 5595 ἐπέχειν
1602 5524 1700 5595 τῆς
1746 5520 1941 5576 ἑαυτοῦ

368 5627 646 5699 τολμηρᾶς
688 5624 927 5687 διανοίας
976 5620 1039 5674 τὺ
1076 5619 1328 5691 περιττὸν
1373 5616 1474 5686 τῆς
1523 5614 1808 5677 ἀσεϐείας·
1855 5614 1945 5667 ἵνα.

371 5718 467 5773 καὶ
494 5719 654 5788 ἡμεῖς
696 5715 771 5786 μὴ
801 5711 1228 5783 συμμαινόμενοι
1255 5710 1323 5779 τῇ
1349 5705 1587 5778 τοσαύτῃ
1614 5703 1812 5775 ἀφοϐίᾳ
1844 5705 1940 5773 ἡτ-

449 5837 467 5867 ¹
492 5835 609 5891 Col.
645 5849 683 5897 t,
721 5831 809 5885 15.
886 5831 906 5859 ⁹
937 5827 1071 5883 Gen.
1112 5843 1148 5890 ι,
1173 5826 1263 5880 26.

694 5923 965 5983 Parnoc.
1004 5917 1121 5978 Gn.
1158 5914 1351 5977 XLII.

2536 4673 2720 4730 ΑΕἸΊΙ
2759 4673 2990 4730 CAPUT
3030 4675 3119 4730 Ill.

2116 4764 2236 4821 iam
2263 4782 2393 4822 vero
2428 4767 2475 4822 si
2507 4766 2624 4837 ipse
2657 4766 2763 4823 sibi
2809 4767 3034 4823 minime
3065 4776 3125 4822 ut
3173 4778 3316 4824 esset
3357 4772 3613 4838 contulit,

2047 4873 2159 4915 non
2188 4866 2411 4929 propter
2433 4858 2599 4913 ullam
2626 4865 2837 4914 natura:
2867 4858 3316 4921 imbecillitatem,
3347 4861 3440 4916 sed
3469 4863 3615 4933 quod

2047 4964 2217 5005 causa
2243 4948 2318 5003 sit
2346 4948 2498 5002 omni
2535 4947 2808 5019 superior,
2840 4948 2963 5019 quis
2999 4949 3322 5019 productam
3362 4959 3616 5006 naturam

2048 5041 2117 5097 ab
2133 5055 2219 5107 ea,
2236 5033 2358 5110 quae
2370 5038 2710 5110 produxerit,
2729 5039 2865 5094 nihil
2878 5038 2934 5094 in
2952 5039 3260 5095 substantia
3282 5040 3617 5097 discriminis

2050 5130 2258 5186 habere
2302 5128 2585 5194 fatebitur,
2632 5143 2758 5183 cum
2792 5128 3064 5199 ejusmodi
3111 5128 3419 5184 substantia
3452 5145 3618 5199 gene—

2049 5223 2317 5280 rationem
2346 5234 2563 5277 omnem
2590 5220 2886 5277 excludat?

2603 5330 2912 5401 Confutatio
2946 5330 3065 5388 111.

2120 5425 2161 5481 Ι.
2192 5425 2364 5482 Multo
2392 5434 2476 5492 tu,
2503 5441 2537 5481 ο
2566 5424 2710 5491 Aeti,
2745 5425 3059 5480 consultius
3093 5425 3323 5488 laceres,
3368 5422 3416 5478 si
3458 5436 3617 5492 supe-

2047 5518 2288 5575 rioribus
2338 5532 2402 5572 ac
2449 5515 2768 5573 caelestibus
2809 5516 2973 5572 rebus
3008 5516 3270 5580 intentus,
3303 5520 3358 5571 et
3386 5512 3618 5569 infelici-

2049 5619 2215 5667 tatem
2246 5619 2396 5665 tuam
2427 5624 2757 5682 agnoscens,
2791 5586 3095 5664 temerariae
3120 5606 3319 5665 mentis
3353 5606 3618 5677 insignem

2052 5702 2201 5757 illam
2228 5700 2562 5772 impietatem
2589 5715 2989 5773 compesceres,
3015 5714 3083 5755 ne
3109 5708 3163 5756 et
3189 5714 3292 5755 nos
3319 5696 3446 5771 ipsi,
3471 5697 3619 5752 velut

3238 5904 3314 5966 18
