4134 6386
505 397 612 452 555

1897 393 1952 448 S.
1997 392 2338 448 EPINIANH

3666 391 3767 446 53-6

499 519 700 587 iisdem
737 514 896 572 furiis
943 515 1174 586 perciti,
1215 521 1384 570 tanta:
1427 514 1668 570 audacia:
1717 516 2077 570 succubuisse

2182 517 2406 586 τημένοι
2442 515 2860 586 ὑποληφθῶμεν,
2899 515 3032 568 ἀλλὰ
3087 517 3168 570 σοί
3203 537 3262 571 τε
3313 519 3405 571 καὶ
3457 517 3668 578 ἑαυτοῖς
3704 517 3768 568 τὰ

505 612 809 676 videamur,
836 607 930 664 sed
959 608 1056 664 tibi
1085 608 1264 679 potius
1308 622 1372 661 ac
1405 607 1562 662 nobis
1593 606 1729 678 ipsis
1753 623 1874 676 quae
1897 607 2082 677 pietati

503 711 633 758 sunt
667 710 1034 758 consentanea
1087 701 1458 756 consuluisse.
1507 699 1644 754 Cum
1693 701 1838 754 enim
1893 715 2086 756 neces-

501 795 664 848 sariis
697 795 754 846 in
803 792 990 857 rebus,
1025 805 1088 846 ac
1127 789 1236 846 Deo
1276 791 1732 846 convenientibus
1763 791 2086 845 dissimilem

501 887 648 939 hunc
717 894 770 939 et
823 885 1146 953 inaequalem
1213 883 1262 938 ei
1313 898 1475 953 quem
1527 883 1715 954 genuit
1755 883 2082 946 constituas,

498 975 664 1044 idque
687 991 886 1046 magno
913 990 1046 1030 sane
1067 989 1276 1038 errore,
1307 974 1403 1030 sed
1439 973 1575 1028 falsa
1605 973 1842 1044 quadam
1865 973 2086 1044 pietatis

499 1068 683 1138 specie
707 1067 1022 1136 conﬁngere
1059 1065 1296 1130 videare,
1334 1066 1389 1120 in
1419 1065 1523 1119 hoc
1561 1065 1681 1134 ipso
1709 1075 1912 1132 tamen,
1935 1067 2082 1136 quod

497 1161 610 1216 Deo
647 1159 1094 1232 indignissimum
1129 1167 1250 1224 est,
1296 1157 1362 1212 iis
1398 1173 1521 1228 quae
1571 1159 1914 1212 divinitatem
1963 1159 2082 1228 ejus

497 1255 722 1311 minime
753 1253 970 1316 decent,
1009 1251 1240 1307 similem
1273 1251 1559 1321 praedicas.
1593 1249 1650 1303 In
1687 1249 1880 1320 primis
1927 1251 2074 1305 enim

499 1351 554 1404 in
585 1357 693 1402 tam
727 1347 866 1402 altas
905 1345 974 1400 de
1019 1343 1130 1399 Deo
1168 1343 1528 1414 cogitationes
1578 1357 1702 1398 sese
1739 1343 2084 1397 committere

499 1439 800 1510 impietatis
861 1437 948 1492 vel
997 1435 1221 1491 furiosa
1269 1436 1452 1505 potius
1502 1434 1703 1488 mentis
1745 1435 1838 1488 ille
1871 1432 2083 1488 fructus

497 1540 600 1588 est.
633 1529 770 1586 Nam
810 1545 935 1585 eum
970 1529 1086 1584 haec
1121 1541 1395 1598 usurpas:
1445 1525 1540 1582 Sui
1575 1526 1748 1596 ipsius
1793 1541 1916 1580 esse
1949 1541 2078 1580 can-

477 1641 650 1690 sam;
683 1601 799 1685 au't,
827 1622 948 1692 lpse
979 1621 1086 1676 sibi
1119 1628 1176 1674 ut
1203 1628 1350 1675 esset
1373 1618 1708 1686 contulisse;
1731 1628 1964 1690 utraque
1991 1619 2081 1673 illa

479 1717 738 1786 pessima
768 1714 1084 1784 suspicione
1125 1712 1473 1782 temetipsum
1507 1711 1820 1778 conﬁxisti;
1863 1727 1990 1766 cum
2027 1713 2078 1767 id

497 1809 565 1862 de
604 1808 716 1862 Deo
784 1807 932 1860 velut
983 1803 1260 1875 palpando
1309 1818 1374 1858 ac
1415 1804 1679 1858 tentando
1715 1803 2075 1874 perquisisti:

495 1899 960 1971 quemadmodum
979 1895 1146 1950 fuerit
1165 1936 1182 1960 ,
1207 1875 1530 1948 utrumnam
1546 1909 1764 1964 semper
1785 1895 2076 1959 exstiterit,

498 2007 562 2046 ac
597 2005 726 2045 num
769 1988 879 2042 sibi
917 1987 1022 2056 ipsi
1063 1995 1124 2040 ut
1156 1995 1303 2040 esset
1353 1984 1630 2048 tribuerit,
1663 1999 1731 2038 an
1763 1999 1896 2040 casu
1943 1987 2077 2041 illud

497 2081 820 2138 obtinuerit.
867 2077 1146 2149 Equidem
1193 2092 1304 2132 non
1358 2075 1478 2130 sine
1519 2083 1666 2129 metu
1733 2077 1970 2146 quodam
2024 2087 2078 2132 et

497 2177 726 2230 horrore
775 2172 1237 2242 meipsumntuum
1280 2167 1347 2221 ad
1397 2167 1530 2220 illud
1579 2169 1878 2237 pessimum
1915 2183 2079 2238 ιιι-ευ-

497 2273 742 2322 mentum
779 2260 1156 2316 accommodo.
1192 2255 1300 2312 Fac
1329 2258 1516 2327 itaque
1547 2257 1794 2323 modum,
1822 2258 1870 2314 si
1901 2266 2076 2327 potes,

497 2366 558 2414 ut
585 2367 637 2414 et
669 2356 774 2427 ipsi
811 2355 992 2408 facere
1039 2351 1338 2422 possimus,
1370 2350 1572 2420 quibus
1621 2349 1878 2404 idoneum
1943 2350 2079 2404 illud

496 2468 562 2506 ac
591 2448 910 2520 religiosum
943 2443 1190 2510 videtur,
1225 2441 1394 2496 Deum
1439 2455 1654 2511 semper
1681 2440 1984 2511 intelligere
2014 2455 2078 2496 ac

483 2559 714 2618 semper
767 2539 1244 2597 illunrexstitisse
1304 2535 1547 2592 credere.
1591 2534 1652 2588 In
1702 2549 1810 2605 quo
1857 2535 2077 2604 quidem

495 2637 692 2702 stolide
717 2635 938 2689 locutus
963 2647 1028 2686 ac
1075 2627 1459 2692 ratiocinatus,
1489 2626 1648 2697 quasi
1669 2625 1781 2680 Deo
1811 2626 2078 2680 honorem

472 2729 800 2784 niaximum
829 2723 1088 2786 haberes,
1145 2719 1334 2776 dixisti
1367 2733 1469 2774 nec
1491 2721 1670 2788 ipsum
1706 2717 1812 2772 sibi
1845 2725 1905 2771 ut
1931 2725 2079 2772 esset

469 2819 818 2878 icontulisse.
849 2814 1052 2870 Verum
1141 2811 1433 2881 siquidem,
1495 2817 1556 2863 ut
1600 2809 1867 2870 instituis,
1913 2824 1944 2862 a
1993 2810 2077 2864 di-

469 2912 776 2969 »etionibus
807 2917 861 2965 et
904 2905 1242 2979 syllogismis
1277 2903 1480 2974 pendet
1529 2901 1652 2956 ﬁdei
1697 2902 1846 2956 salus
1867 2941 1880 2966 ,
1911 2901 2079 2972 938

473 3021 616 3076 qua:
667 3005 721 3058 in
775 3001 980 3056 inlimis
1033 2995 1468 3065 miserrimisque
1517 2993 1842 3064 corporibus
1897 2993 2078 3048 simile

461 3095 700 3166 reliquid
749 3093 890 3162 ejus,
924 3089 1070 3160 quod
1123 3101 1355 3152 narras,
1417 3085 1650 3140 inveniri
1699 3083 1937 3156 potest),
1975 3099 2076 3138 nec

493 3195 803 3242 creatarum
835 3181 1062 3252 quidem
1100 3193 1283 3232 rerum
1333 3177 1440 3230 ulla
1483 3175 1859 3245 suimetipsius
1909 3190 2072 3231 causa
2103 3207 2143 3263 ϐ

491 3285 596 3338 est,
623 3278 718 3326 aut
750 3284 780 3322 a
819 3269 1000 3338 seipsa
1042 3273 1102 3320 ut
1133 3273 1278 3320 esset
1321 3265 1582 3328 obtinuit,
1616 3263 1800 3335 idque,
1835 3264 1882 3318 si
1914 3279 1944 3317 ι
1981 3264 2076 3318 be-

491 3365 614 3420 stiis
671 3361 738 3416 ad
793 3359 1070 3422 homines,
1119 3357 1276 3412 etab
1325 3356 1394 3410 iis
1437 3355 1504 3409 ad
1551 3357 1776 3426 angelos
1819 3357 2072 3426 progredi

455 3437 470 3515 ’λ
493 3434 756 3518 volueris,
787 3465 977 3506 verum
1010 3465 1134 3506 esse
1163 3449 1486 3518 comperies.
1515 3447 1662 3501 Nihil
1687 3447 1834 3502 enim
1856 3461 2069 3511 eorum,

491 3561 614 3616 quae
647 3545 790 3598 facta
821 3553 969 3604 sunt,
994 3541 1099 3597 sibi
1131 3548 1190 3594 ut
1227 3540 1520 3595 exsisteret
1545 3541 1841 3603 concessit,
1871 3541 1966 3596 sed
2001 3543 2070 3596 ab

425 3625 428 3628 ’
490 3655 558 3692 eo
592 3637 731 3698 solo,
751 3635 898 3706 quod
921 3641 1029 3697 est,
1049 3633 1352 3688 exsistendi
1377 3631 1594 3686 initium
1618 3635 1850 3704 accepit.
1869 3635 2074 3701 Quam-

491 3725 679 3778 obrem
703 3737 836 3777 cave
858 3720 1132 3790 ejusmodi
1155 3719 1482 3783 rationibus,
1500 3722 1700 3790 quibus
1727 3731 1917 3795 argute
1941 3739 2074 3779 con-

443 3879 448 3886 ν
492 3815 714 3869 cludere
742 3821 850 3868 tete
884 3820 1069 3884 putas,
1107 3812 1173 3866 ad
1211 3811 1264 3866 id
1303 3813 1448 3882 quod
1485 3815 1662 3882 majus
1706 3829 1770 3868 ac
1807 3824 2073 3885 praestan-

491 3905 602 3960 tius
624 3913 728 3970 est,
771 3913 968 3974 praeter
997 3913 1250 3958 naturam
1289 3911 1344 3958 te
1393 3918 1458 3958 ac
1496 3904 1760 3960 violenter
1775 3909 2070 3963 extendas.

494 3997 606 4052 Hoc
643 3997 788 4051 enim
833 3998 878 4051 si
913 3995 1130 4061 feceris,
1161 3995 1388 4050 omnino
1414 3997 1624 4052 viribus
1647 3995 1892 4052 defectus
1923 4001 2073 4054 exci-

489 4091 606 4144 des.
643 4087 1094 4159 Quandoquidem
1133 4089 1329 4143 unicus
1363 4087 1456 4144 Dei
1502 4087 1673 4144 Filius
1709 4089 1935 4160 aequalis
1989 4098 2076 4146 est

490 4195 556 4234 ac
577 4179 772 4235 similis
812 4178 924 4234 Deo
949 4178 1120 4241 Patri,
1151 4178 1277 4233 licet
1311 4179 1416 4232 hoc
1441 4177 1726 4248 dignitatis
1767 4177 1980 4244 habeat,
2017 4187 2075 4232 ut

489 4271 560 4324 ab
581 4285 646 4324 eo
673 4269 974 4343 productus
997 4271 1150 4323 sitae
1173 4269 1412 4338 genitus.
1431 4267 1574 4322 Nihil
1597 4270 1744 4325 enim
1766 4269 1869 4325 hoc
1893 4272 2072 4340 ipsum

2190 611 2326 680 πρὸς
2361 610 2641 662 εὐσέϐειαν
2675 609 3154 680 συμϐουλεύοντες.
3203 613 3388 666 Δοκῶν
3434 611 3542 683 γὰρ
3571 613 3628 664 ἐν
3659 613 3770 674 τοῖς

2188 704 2504 772 ἀναγκαίοις
2536 705 2628 756 καὶ
2654 705 2711 756 ὲν
2742 708 2854 767 τοῖς
2883 706 3002 776 Θεῷ
3052 707 3356 778 πρέπουσιν
3397 705 3650 772 ἀνόμοιον
3680 704 3770 755 καὶ

2188 795 2368 848 ἄνισον
2397 796 2487 848 τὸν
2515 796 2646 848 Θεὸν
2675 796 2752 866 τῷ
2783 797 2840 862 ἐξ
2872 798 3038 850 αὑτοῦ
3070 798 3454 868 γεγεννημένῳ
3485 795 3594 850 ἀπὸ
3643 794 3771 847 πολ-

2187 887 2286 956 λῆς
2337 888 2542 956 πλάνης
2592 889 2732 940 κατὰ
2779 889 2976 960 εὐσεϐῆ
3021 907 3144 942 τινα
3193 890 3408 960 ποίησιν
3461 887 3694 952 ἐξελθεῖν
3729 889 3770 950 ί,

2185 979 2318 1032 Θεὸν
2361 979 2560 1048 μᾶλλον
2591 981 2646 1032 ὲν
2680 983 2794 1043 τοῖς
2835 979 3350 1052 ἀπρεπωδεστάτοις
3397 981 3580 1050 ὅμοιον
3611 977 3772 1030 αὑτὸν

2187 1068 2476 1139 κηρύττεις
2513 1072 2622 1132 τοῖς
2658 1069 2732 1141 μὴ
2768 1071 3044 1142 πρέπουσι
3090 1073 3154 1141 τῇ
3193 1069 3358 1124 αὑτοῦ
3403 1069 3633 1140 θεότητι.
3667 1067 3774 1122 Καὶ

2185 1159 2399 1229 πρῶτον
2440 1161 2535 1229 μὲν
2571 1159 2632 1211 τὸ
2679 1160 3023 1230 διανοηθῆναι
3067 1161 3158 1213 ἐπὶ
3207 1159 3342 1212 Θεοῦ
3387 1160 3478 1212 τὸν
3521 1159 3771 1214 τοσοῦτον

2187 1251 2346 1320 βυθὸν
2377 1251 2474 1319 τῆς
2500 1249 2739 1312 διανοίας
2775 1251 2808 1312 ¹,
2826 1250 3080 1312 ἀσεϐείας
3109 1251 3225 1303 ἐστὶ
3260 1250 3487 1322 καρπὸς,
3519 1251 3612 1302 καὶ
3639 1249 3772 1319 μᾶλ-

2183 1343 2272 1395 λον
2299 1342 2598 1412 μανιώδους
2621 1341 2955 1402 διανοίας.Τδ
2981 1342 3089 1412 γὰρ
3113 1344 3304 1406 εἰπεῖν,
3323 1340 3550 1394 Ἑαυτοῦ
3577 1343 3769 1404 αἴτιον,

2184 1431 2216 1502 ἢ
2282 1433 2363 1490 τὸ,
2413 1432 2584 1494 Αὐτὸς
2635 1431 2812 1501 ἑαυτῷ
2865 1425 3002 1482 εἶναι
3039 1431 3144 1482 τὺ³
3187 1432 3482 1502 παρέσχεν,
3525 1433 3581 1484 ὲν
3623 1430 3770 1483 δυσὶν

2185 1525 2462 1588 ὑπονοίαις
2485 1527 2681 1588 κακαῖς
2713 1523 2938 1578 σεαυτὸν
2965 1523 3342 1596 περιέπειρας,
3399 1523 3772 1594 ἀναψηλαφῶν

2183 1617 2277 1670 καὶ
2313 1615 2491 1687 ζητῶν
2528 1617 2656 1687 περὶ
2691 1615 2825 1668 Θεοῦ
2857 1615 2938 1680 τὸ,
2977 1616 3096 1678 πῶς
3126 1612 3214 1687 ἦν,
3251 1612 3360 1684 ἆρα
3389 1616 3494 1673 ἀεὶ,
3527 1615 3560 1686 ἦ
3593 1614 3770 1685 ἐαυτῷ

2181 1710 2242 1762 τὸ
2273 1709 2432 1772 εἷναι,
2465 1709 2498 1778 ἢ
2541 1709 2861 1778 αὐτομάτως
2895 1705 3056 1764 εἶναι.
3107 1707 3208 1762 Καὶ
3241 1708 3388 1761 δέδια
3419 1709 3514 1762 καὶ
3561 1708 3771 1778 φρίττω

2181 1801 2260 1872 τῷ
2290 1801 2367 1874 σῷ
2395 1800 2550 1872 κακῷ
2583 1801 2928 1872 ἐνθυμήματι
2964 1801 3476 1871 παρεκτεινὸμενος.
3515 1800 3769 1854 Πέπαυσο

2183 1895 2309 1966 γὰρ,
2341 1895 2435 1948 καὶ¹
2467 1893 2810 1964 παυσόμεθα,
2844 1893 3090 1964 ἀρκετῶς
3118 1893 3212 1946 καὶ
3241 1893 3403 1955 ὁσίως
3451 1893 3664 1962 ἔχοντες
3707 1892 3765 1944 τὸ

2181 1987 2268 2039 ἀεὶ
2298 1991 2437 2039 νοεῖν
2468 1985 2620 2046 Θεὸν,
2655 1986 2747 2038 καὶ
2781 1985 3078 2048 πιστεύειν,
3109 1985 3191 2037 ὅτι
3231 1979 3300 2056 ἦν
3343 1985 3430 2038 ἀεὶ
3463 1984 3614 2047 Θεός.
3657 1986 3768 2036 Καὶ

2180 2078 2288 2148 γὰρ
2315 2081 2409 2132 καὶ
2437 2079 2496 2131 ὲν
2528 2078 2701 2148 τούτῳ
2729 2077 2978 2148 ἀφρόνως
3007 2075 3377 2146 φθεγγόμενός
3421 2092 3480 2128 τε
3511 2075 3604 2128 καί
3639 2075 3765 2128 συλ-

2179 2170 2552 2240 λογιζόμενος,
2584 2169 2659 2233 ὡς
2695 2169 2945 2240 μεγάλως
2979 2167 3291 2238 τετιμηκὼς
3311 2167 3402 2219 τὸν
3428 2165 3578 2230 Θεὸν,
3607 2167 3762 2236 ἔφης,

2179 2264 2261 2316 ὃτι
2293 2261 2416 2314 οὗτε
2465 2261 2628 2323 αὐτὸς
2679 2260 2855 2331 ἐαυτῷ
2903 2259 2964 2312 τὸ
3003 2253 3142 2312 εἶναι
3175 2259 3470 2329 ’παρέσχεν⁹
3509 2257 3630 2310 οὐδὲ
3657 2259 3766 2328 ἄρα

2181 2354 2324 2406 κατὰ
2353 2353 2412 2405 σὲ
2466 2355 2512 2406 εί
2553 2353 2660 2406 ἀπὸ
2686 2351 2883 2418 λέξεών
2928 2353 3045 2404 ἐστι
3075 2353 3167 2404 καὶ
3201 2349 3575 2420 συλλογισμῶν
3609 2349 3765 2421 ἡτῆς

2183 2445 2416 2508 πίστεως
2453 2445 2715 2514 σωτηρία,
2756 2443 2952 2513 ἔχουσα
2983 2443 3078 2496 καὶ
3125 2445 3185 2495 ὲν
3213 2443 3324 2506 τοῖς
3355 2442 3764 2512 ὑποδεεστέροις

2180 2536 2220 2606 ἦ.
2241 2538 2480 2608 οἰκτροῖς
2513 2535 2728 2608 σώμασι
2759 2537 2857 2607 τὴν
2897 2535 2992 2588 τοῦ
3042 2535 3200 2602 λόγου
3229 2534 3524 2604 ὁμοιότητα
3561 2549 3574 2566 ι
3614 2533 3766 2586 οὐδὲν

2179 2627 2288 2698 γὰρ
2336 2627 2442 2680 τῶν
2486 2629 2798 2699 κτισμάτων
2829 2627 3010 2698 ἐαυτῷ
3039 2627 3210 2680 αἴτιόν
3251 2629 3415 2688 ἐστιν,
3461 2625 3492 2696 ἢ
3527 2625 3588 2678 τὸ
3619 2621 3758 2677 εἶναι

2181 2721 2312 2773 αὑτὸ
2345 2719 2524 2790 έαυτῷ
2555 2720 2850 2792 παρέσχεν,
2885 2719 2993 2772 ἀπὸ
3039 2718 3325 2772 κνωδάλων
3363 2717 3519 2788 ἄχρις
3551 2715 3763 2787 ἀνθρώ.

2181 2829 2305 2875 που,
2342 2811 2436 2864 καὶ
2469 2812 2574 2864 ἀπὸ
2613 2810 2917 2882 ἀνθρώπων
2950 2809 3110 2880 ἄχρις
3149 2809 3412 2877 ἀγγέλων.
3441 2809 3628 2872 Οὐδεὶς
3656 2809 3764 2880 γὰρ

2178 2904 2285 2958 τῶν
2321 2903 2620 2972 γεγονότων
2671 2901 2846 2972 ἑαυτῷ
2894 2901 2954 2954 τὸ
2997 2898 3134 2954 εἷναι
3189 2902 3481 2972 παρέσχεν,
3515 2901 3650 2954 ἀλλὰ
3699 2905 3765 2955 ἐκ

2176 2992 2272 3044 τοῦ
2315 2991 2485 3054 ὅντως
2523 2991 2685 3062 μόνου
2717 2991 2776 3043 τὸ
2807 2987 2944 3043 εἶναι
2973 2991 3204 3044 ἕκαστον
3244 2991 3401 3042 ἔλαϐε
3441 2990 3539 3062 τὴν
3569 2991 3759 3062 ἀρχήν.

2191 3083 2280 3146 Ὡς
2308 3078 2399 3136 οὖν
2429 3081 2664 3136 ἐνταῦθα
2697 3081 2764 3134 δι’
2797 3076 2872 3135 ὧν
2909 3085 3165 3153 ἐνόμισας
3205 3083 3612 3152 συλλογίζεσθαι
3643 3083 3764 3138 συλ-

2177 3175 2472 3242 λογισθεὶς,
2503 3175 2576 3245 μὴ
2613 3174 2800 3244 βιάζου
2831 3175 2981 3246 παρὰ
3006 3175 3166 3244 φύσιν
3207 3175 3656 3246 παρεκτείνεσθαι
3681 3177 3760 3248 τῷ

2185 3266 2407 3336 μείζονι.
2446 3266 2810 3338 Παραλυθήσῃ
2845 3268 2956 3338 γὰρ
2998 3267 3138 3320 κατὰ
3176 3269 3370 3330 πάντα,
3398 3268 3490 3321 τοῦ
3527 3271 3764 3338 Μονογε-

2181 3359 2304 3424 νοῦς
2327 3363 2441 3414 ἴσου
2464 3361 2558 3414 καὶ
2579 3359 2764 3430 ὁμοίου
2786 3361 2936 3423 ὄντος
2966 3361 3044 3431 τῷ
3061 3363 3252 3432 Πατρὶ,
3279 3362 3377 3414 κᾶν
3391 3379 3444 3414 τε
3463 3361 3558 3414 τοῦ
3575 3363 3766 3432 τεχθῆ-

2179 3469 2284 3512 ναι,
2318 3453 2485 3521 ἥγουν
2516 3450 2858 3522 γεννηθῆναι,
2895 3452 3003 3504 ἀπὸ
3039 3452 3249 3522 [ἰατρὸς
3275 3451 3387 3521 ἔχει
3415 3452 3476 3504 τὸ
3522 3453 3760 3521 ἀξίωμα.

2178 3543 2342 3596 Οὐδὲν
2375 3545 2482 3614 γὰρ
2501 3543 2686 3596 διοίσει
2715 3545 2774 3596 ὲν
2797 3543 2971 3612 τούτῳ
3000 3543 3097 3613 τῆς
3127 3543 3260 3612 πρὸς
3292 3543 3380 3594 τὸν
3405 3541 3624 3612 Πατέρα
3654 3542 3765 3594 ίσό-

2175 3648 2353 3702 τητος,
2387 3631 2576 3704 ὥσπερ
2607 3633 2728 3686 οὐδὲ
2757 3632 2866 3686 ἀπὸ
2905 3631 2999 3684 τοῦ
3033 3631 3243 3701 ὁμοίου,
3267 3631 3359 3684 τοῦ
3384 3631 3456 3702 μὴ
3501 3630 3764 3684 δύνασθαι

2183 3723 2254 3774 τὰ
2295 3725 2553 3792 γεγονότα
2587 3727 2800 3786 ἑαυτοῖς
2845 3727 3146 3794 παρασχεῖν
3197 3724 3258 3775 τὸ
3301 3719 3460 3784 εἶναι,
3493 3721 3570 3785 ὡς
3613 3721 3706 3776 καὶ
3734 3725 3764 3775 ὁ

2177 3815 2500 3886 προκριτέος
2533 3817 2626 3868 καὶ
2649 3819 2706 3868 ὲν
2738 3815 2910 3868 ἅπασι
2939 3815 3163 3877 τέλειος,
3186 3817 3286 3868 οὐκ
3309 3815 3420 3867 ἀπό
3451 3831 3594 3877 τινος
3623 3813 3766 3866 ἄνω-

2178 3905 2270 3960 θεν
2298 3905 2422 3978 ἔσχε
2453 3909 2551 3977 τὴν
2579 3909 2755 3978 ἀρχήν
2779 3925 2792 3938 ·
2825 3905 2948 3959 οὔτε
2973 3907 3080 3978 γὰρ
3107 3906 3310 3978 ἧρξατο
3336 3906 3429 3959 τοῦ
3461 3901 3626 3959 εἶναι.
3656 3901 3765 3958 Ἦν

2178 3999 2288 4070 γὰρ
2338 3998 2445 4062 ἀεὶ,
2501 3999 2595 4052 καὶ
2640 3999 2726 4051 ἀεὶ
2759 3999 2894 4062 ἔστι,
2925 3999 3026 4051 κᾶν
3066 4015 3124 4049 τε
3166 4000 3222 4050 ὲν
3261 3999 3550 4067 ταυτότητι
3587 3999 3762 4068 μένοι,

2177 4089 2268 4141 καὶ
2307 4087 2486 4158 ἑαυτῷ
2517 4089 2578 4141 τὸ
2617 4085 2757 4142 εἶναι
2789 4089 2865 4160 μὴ
2905 4089 3198 4158 παράσχοι,
3231 4090 3292 4142 οὑ
3321 4089 3428 4142 τῶν
3459 4088 3762 4158 ὁμωνύμων

2177 4179 2374 4244 λέξεων
2426 4179 2795 4251 ζητουμένων,
2855 4181 2991 4234 ἀλλὰ
3026 4181 3124 4250 τῆς
3167 4180 3309 4234 κατὰ
3357 4181 3417 4234 τὸ
3463 4179 3762 4251 ἀκραιφνὲς

2177 4271 2314 4342 πρὸς
2342 4271 2404 4324 τδ
2431 4272 2652 4334 εὐσεϐὲς
2679 4271 2928 4344 θεωρίας.

493 4363 564 4416 ab
599 4365 910 4432 aequalitate
955 4363 1132 4418 Patris
1181 4363 1522 4426 abhorrebit,
1555 4363 1636 4418 uti
1680 4379 1783 4419 nec
1841 4381 1870 4420 a
1925 4365 2306 4422 similitudine.
2377 4367 2512 4420 Nam
2567 4369 2702 4422 nihil
2743 4385 2934 4424 eorum
2991 4385 3114 4438 quae
3155 4368 3300 4423 facta
3347 4374 3496 4431 sunt,
3547 4365 3650 4420 sibi
3699 4371 3761 4418 ut

485 4462 637 4508 esset
659 4453 929 4516 contulit;
957 4450 1418 4520 quemadmodum
1445 4453 1935 4520 praestantissimus
1957 4454 2068 4518 ille,
2107 4463 2274 4526 atque
2307 4459 2454 4511 omni
2481 4475 2547 4512 ex
2571 4469 2724 4528 parte
2753 4461 3028 4530 perfectus
3055 4461 3125 4514 ab
3167 4461 3316 4516 nullo
3363 4459 3574 4512 initiqu
3627 4457 3760 4512 olim

486 4547 710 4610 habuit,
755 4560 822 4600 eo
855 4545 1002 4615 quod
1059 4560 1341 4614 nunquam
1377 4560 1500 4600 esse
1551 4547 1802 4617 coeperit.
1853 4548 2082 4618 Semper
2116 4552 2260 4604 enim
2323 4553 2534 4606 exstitit
2576 4553 2900 4623 exsistitque
2957 4569 3190 4623 semper,
3249 4551 3465 4606 tametsi
3515 4551 3570 4604 in
3605 4549 3762 4604 iden-

485 4639 646 4692 titate
673 4643 917 4698 maneat,
951 4649 1128 4706 neque
1155 4636 1260 4692 sibi
1294 4644 1354 4690 ut
1377 4645 1527 4692 esset
1560 4638 1838 4692 tribuerit.
1875 4639 1934 4692 In
1983 4656 2092 4708 quo
2147 4657 2256 4696 non
2325 4643 2598 4718 ambigua;
2637 4661 2802 4700 voces
2839 4645 3146 4714 quaerendae
3187 4651 3316 4700 sunt
3343 4684 3356 4707 ,
3399 4642 3494 4698 sed
3543 4643 3764 4696 sincera

486 4745 550 4781 ac
579 4727 766 4797 pietati
799 4737 1168 4782 consentanea
1203 4727 1512 4782 adhibenda
1539 4727 1933 4784 consideratio.

559 4821 621 4876 ll.
676 4817 968 4883 Praeterea,
1019 4835 1144 4873 cum
1205 4819 1288 4874 sic
1339 4819 1456 4888 ipse
1505 4819 1753 4890 disputes
1798 4839 1812 4874 :

487 4910 606 4980 ipse
647 4912 752 4966 sibi
795 4917 855 4966 ut
903 4920 1050 4966 esset
1088 4911 1315 4966 minime
1343 4913 1626 4976 tribuerit,
1681 4925 1796 4967 non
1851 4927 2076 4986 propter

487 5007 652 5060 ultam
701 5013 911 5060 naturae
958 5003 1412 5068 imbecillitatem,
1468 5003 1564 5060 sed
1611 5006 1760 5073 quod
1801 5007 1874 5062 sit
1922 5009 2074 5062 omni

484 5114 651 5152 causa
700 5097 985 5168 superior;
1021 5095 1182 5149 velim
1215 5103 1269 5148 et
1297 5094 1414 5163 ipse
1447 5093 1580 5166 illud
1611 5095 1922 5166 intelligas:
1959 5113 2070 5152 non

484 5191 553 5246 ad
583 5190 1010 5244 imbecillitatem
1039 5188 1204 5242 ullam
1245 5185 1369 5242 Filii
1411 5203 1612 5244 nomen
1645 5189 1938 5258 pertinere,
1969 5190 2069 5244 sed

481 5298 548 5338 eo
595 5282 798 5351 potius,
827 5281 974 5351 quod
1023 5295 1148 5336 cum
1197 5281 1446 5349 genitore
1481 5281 1684 5350 pariter
1725 5282 2066 5338 conveniens

481 5377 585 5430 sibi
617 5373 1107 5432 eonsubstantialis
1133 5373 1594 5430 decus-obtineat.
1621 5372 1890 5438 Quoniam
1923 5375 2068 5430 sicut

483 5469 700 5522 Patrem
731 5467 785 5520 in
821 5467 1016 5536 primis
1042 5465 1199 5522 decet
1229 5481 1455 5520 causam
1499 5480 1718 5519 omnem
1755 5467 2062 5521 excellere:

483 5562 552 5614 ita
587 5559 750 5612 unico
781 5557 872 5612 Dei
897 5557 1056 5622 Filio,
1095 5567 1148 5613 et
1183 5557 1250 5612 ab
1277 5573 1387 5611 uno
1429 5555 1592 5611 Patre
1626 5571 1752 5608 eum
1787 5571 1896 5610 uno
1938 5555 2066 5626 Spi-

484 5649 591 5706 ritu
615 5656 806 5704 sancto
833 5648 1152 5718 procedenti
1181 5663 1288 5701 una
1313 5645 1612 5716 eademque
1638 5645 1898 5701 divinitas
1928 5663 2063 5704 con-

573 5808 593 5842 ³
621 5803 686 5866 F.
719 5805 940 5880 ἐξελεῖν.
1017 5807 1037 5837 ¹
1065 5803 1125 5860 F.
1157 5804 1361 5866 ἀνοίας.
1440 5804 1458 5836 ³
1495 5801 1619 5874 Leg.
1655 5802 1718 5856 τὸ
1751 5799 1910 5862 εἶναι.

1863 4821 2072 4889 Quodsi

2249 4828 2324 4880 B'.
2367 4829 2478 4882 Καὶ
2531 4829 2738 4894 ἄλλως,
2771 4832 2894 4883 ἐπεὶ
2957 4831 3125 4900 ἐφης’
3180 4831 3242 4884 Εί
3275 4829 3331 4882 δὲ
3375 4829 3536 4893 αὐτὸς
3585 4829 3764 4901 ἐαυτῷ

2173 4919 2234 4972 τὸ
2268 4916 2408 4974 εἶναι
2445 4920 2519 4992 μὴ
2555 4921 2848 4992 παρέσχεν,
2885 4923 2946 4974 οὑ
2995 4921 3096 4974 διὰ⁴
3131 4921 3194 4974 τὸ
3234 4921 3460 4984 ἀσθενὲς
3515 4922 3614 4991 τῆς
3661 4921 3762 4994 φύς

2176 5029 2338 5078 σεως,
2393 5013 2530 5066 ἀλλὰ
2580 5013 2667 5066 διὰ
2719 5014 2780 5066 τὸ
2827 5013 3265 5084 ὑπερϐεϐηκέναι
3311 5015 3491 5067 πᾶσαν
3548 5013 3754 5066 αἰτίαν

2176 5103 2316 5173 μάθε
2365 5104 2468 5158 καὶ.
2507 5105 2689 5168 αὐτὸς,
2738 5105 2830 5164 ὅτι,
2858 5105 2916 5158 οὑ
2967 5104 3058 5158 διὰ
3096 5104 3157 5158 τὸ
3207 5103 3432 5167 ἀσθενὲς
3479 5103 3572 5156 τοῦ
3627 5101 3754 5154 1⁸ίοῦ

2171 5191 2324 5246 ἔσται
2354 5191 2416 5244 τὸ
2461 5183 2652 5262 ὄνομα,
2689 5185 2824 5247 ἀλλὰ
2857 5193 2946 5247 διὰ
2991 5194 3050 5247 τὸ
3085 5187 3408 5264 συμπρέπον
3441 5193 3516 5264 τῷ
3565 5209 3756 5260 γεγεν-

2171 5285 2358 5352 νηκότι
2387 5283 2498 5354 ἔχει
2530 5287 2627 5356 τῆς
2653 5287 3066 5359 ὁμοουσιότητος
3097 5287 3156 5340 τὸ
3186 5287 3480 5356 ἐξαίρετον.
3541 5283 3759 5354 Ἐπειδὴ

2165 5379 2295 5448 γὰρ,
2332 5379 2407 5443 ὡς
2445 5380 2522 5451 τῷ
2557 5381 2734 5453 Πατρὶ
2765 5381 2824 5442 τὸ
2871 5381 3312 5454 ὑπερϐεϐηκέναι
3359 5383 3537 5434 πᾶσαν
3581 5377 3761 5431 αἰτίαν

2167 5468 2618 5538 πρεπωδέστατόν
2652 5473 2818 5535 ἐστιν,
2866 5472 3007 5524 οὑτω
3058 5472 3151 5525 καὶ
3183 5472 3262 5542 τῷ
3311 5471 3454 5542 μόνῳ
3493 5472 3558 5522 ἐκ
3599 5469 3761 5538 μόνου

2165 5559 2379 5630 Πατρὸς
2434 5562 2531 5615 σὺν
2561 5561 2637 5634 τῷ
2671 5564 2815 5633 μόνῳ
2845 5563 3124 5634 Πνεύματι
3171 5565 3204 5635 ἡ
3255 5564 3390 5634 αὑτὴ
3428 5561 3524 5634 μία
3569 5561 3759 5632 θεότης

2169 5653 2504 5724 συμπρέπει,
2541 5655 2695 5726 μηδὲ
2729 5655 2900 5710 αἴτιον
2953 5655 3308 5731 ὑποδέχεσθαι
3353 5654 3654 5727 δυναμένη,
3699 5653 3758 5706 οὐ
