4134 6386
393 457 495 513 557

1065 446 1434 504 ADVERSUS
1473 445 1819 504 lixERESES
1858 445 1986 503 LIB.
2029 446 2116 502 Ill.
2159 447 2325 504 ΤΟΜ.
2368 447 2411 505 1.
2453 477 2520 488 --
2546 447 2816 532 HJERVES.
2850 448 3080 505 LXXVI.

3537 450 3640 512 558

388 564 580 626 διὲι“τὸ
624 568 867 630 ἀσθενὲς,
894 566 1037 620 ἀλλᾶ
1082 566 1171 620 διὰ
1204 566 1264 619 τὸ
1301 565 1738 637 ὑπερϐεϐηκέναι
1791 565 1964 618 πάντα

2069 565 2232 631 venit,
2270 580 2390 637 quae
2445 567 2649 621 nullam
2699 567 2784 622 sui
2835 582 3060 623 causam
3113 566 3382 633 admittat,
3418 584 3527 624 non
3569 570 3641 625 ob

388 661 621 735 ἀριθμὸν
652 661 745 714 τὸν
782 658 841 726 ἐξ
887 659 987 712 οὐκ
1019 658 1189 710 ὄντων
1215 659 1394 728 ’μιᾶς
1442 655 1610 727 οὔσης
1639 657 1740 726 τῆς
1779 656 1968 725 θεότη-

388 772 480 819 τος
525 756 583 808 ἐν
632 754 712 806 ἐνὶ
755 753 979 823 ὀνόματι
1028 750 1256 822 Τριάδος
1297 749 1725 821 ἀριθμουμένης,
1780 748 1874 802 καὶ
1910 750 1971 802 ἐν

391 848 490 918 μιᾷ
520 845 777 917 σφραγῖδι
808 843 1086 914 ὀνομάτων
1113 840 1326 911 Πατρὶς
1389 842 1482 894 καὶ
1528 839 1658 895 Υἱοῧ
1688 839 1782 894 καὶ
1810 840 1965 908 ἁγίου

387 936 706 1007 Πνεύματος
765 938 879 1000 τοῖς
930 932 1316 1005 φωτιζομένοις
1371 932 1814 1004 κηρυττομὲνης,
1871 933 1969 986 καὶ

392 1027 557 1099 μηδὲν
607 1025 1059 1099 παρηλλαγμένον
1108 1025 1309 1096 ἑαυτῆς
1351 1025 1603 1096 ἐχούσης,
1635 1024 1724 1078 διά
1766 1022 1874 1078 τῶν
1908 1025 1966 1077 ἐν

388 1120 617 1192 ἀληθείᾳ
676 1120 852 1189 λόγων
919 1108 1177 1188 ίσὸτητακ
1217 1117 1512 1190 ὀνομασίας
1578 1116 1963 1189 πληρούντων,

390 1212 604 1286 Πατρδς
651 1215 748 1268 καὶ
788 1210 921 1266 Υίοῦ
970 1212 1062 1265 καὶ
1094 1211 1249 1281 ἁγίου
1290 1210 1623 1282 Πνεύματος.
1683 1212 1860 1281 Ἔφης
1906 1208 1966 1262 δὲ

389 1303 574 1366 πάλιν,
607 1303 689 1357 ὅτι
720 1300 892 1355 Πόθεν
940 1300 1007 1355 ἄν
1056 1318 1140 1364 τις
1174 1298 1272 1371 τὴν
1319 1301 1632 1352 ὑποστᾶσαν
1682 1296 1819 1370 πρὸς
1868 1294 1967 1366 τὴν

387 1396 770 1467 ὑποστήσασαν
827 1393 1022 1465 φύσιν,
1063 1392 1124 1445 τὸ
1175 1391 1591 1462 ἀπαράλλακτον
1638 1390 1719 1452 εἰς
1775 1387 1965 1440 οὐσίαν

389 1488 535 1557 ἔχειν
573 1487 977 1557 συγχωρήσειεν
999 1524 1014 1547 ,
1043 1483 1105 1535 οὐ
1149 1483 1517 1554 προσιεμένης
1557 1480 1656 1551 τῆς
1710 1478 1967 1548 τοιαύτης

390 1576 739 1637 ὑποστάσεως
765 1574 1013 1643 γένεσιν;
1047 1573 1156 1626 Καὶ
1198 1571 1322 1625 οὔτε
1365 1570 1648 1640 νενόηκας,
1676 1570 1751 1632 ὡς
1774 1568 1966 1623 ἑαυτὸν

388 1666 757 1738 ὴλλοτρίωσας
816 1664 1180 1733 ἀπογνώσεως
1227 1663 1365 1718 Θεοῦ
1417 1663 1519 1732 τῆς
1572 1660 1849 1732 ἀληθείας,
1903 1660 1964 1712 οὐ

389 1758 667 1829 Πνεύματι
697 1758 836 1828 ἁγίῳ
864 1759 932 1810 τὰ
972 1756 1071 1826 τῆς
1109 1754 1362 1826 ἀληθείας
1389 1754 1791 1824 διδασκόμενος,
1828 1751 1968 1805 ἀλλά

389 1849 553 1919 σοφία
592 1851 829 1920 κοσμικῇ
864 1850 937 1919 τῇ
986 1846 1334 1919 μωρανθείσῃ
1376 1844 1443 1898 τὰ
1487 1845 1599 1899 ἄνω
1642 1842 1966 1914 ἐμϐατεύειν

2071 655 2235 709 ullam
2264 655 2714 723 imbecillitatem,
2739 656 2834 713 sed
2864 656 3009 728 quod
3037 658 3105 712 iis
3134 659 3549 729 omnibus,qua3
3573 675 3638 715 ex

2069 747 2240 802 nihilo
2272 748 2412 803 facta
2439 760 2587 816 sunt,
2612 751 2921 805 antecellat.
2950 749 3215 805 Nimirum
3246 767 3354 806 una
3382 752 3639 810 divinitas

2067 850 2173 905 est,
2217 858 2340 913 qua:
2386 842 2490 897 sub
2539 856 2649 896 una
2680 842 2968 898 Trinitatis
3023 844 3387 915 appellatione
3448 862 3643 901 numer

2068 939 2245 997 ratur,
2269 941 2325 989 et
2376 934 2431 988 in
2466 933 2667 998 Patris,
2694 933 2816 988 Filii
2868 950 2932 989 ac
2963 934 3201 1006 Spiritus
3243 937 3417 991 sancti
3464 938 3639 991 nomi-

2067 1024 2250 1091 nibus,
2283 1026 2484 1094 quibus
2517 1027 2665 1081 velut
2712 1028 2974 1098 singulari
3021 1028 3204 1099 aliquo
3235 1029 3414 1099 sigillo
3456 1029 3638 1083 ﬁrma»

2067 1132 2213 1181 mur,
2260 1117 2328 1172 iis
2356 1117 2450 1188 qui
2497 1118 2774 1188 baptismo
2822 1120 3112 1174 initiantur
3142 1120 3425 1190 praedicari
3462 1123 3643 1179 solet;

2069 1221 2133 1262 ac
2168 1208 2406 1278 denique
2450 1210 2589 1265 nihil
2632 1226 2660 1264 a
2700 1212 2882 1282 seipsa
2918 1212 3193 1267 diversum
3225 1215 3488 1279 continet,
3518 1230 3641 1268 cum

2068 1314 2097 1354 a
2132 1300 2362 1357 veritate
2390 1302 2649 1372 profectae
2676 1305 2780 1359 illae
2815 1320 2977 1360 voces
3021 1304 3224 1372 Patris,
3262 1305 3386 1361 Filii
3426 1315 3479 1361 et
3520 1305 3644 1377 Spi-

2067 1391 2208 1447 ritus
2261 1395 2464 1459 sancti,
2505 1395 2647 1465 ejus,
2694 1398 2838 1467 quod
2885 1396 3234 1468 signiﬁcant,
3281 1399 3644 1468 aequalitatem

2071 1484 2352 1555 impleant.
2382 1486 2537 1554 Quod
2567 1504 2698 1545 vero
2729 1488 2957 1559 subjicis
2982 1508 2994 1543 ι
3028 1489 3165 1556 Quis
3191 1493 3514 1558 productam
3547 1507 3647 1546 na-

2069 1580 2248 1630 turam
2282 1578 2352 1632 ab
2372 1593 2436 1633 ea
2460 1595 2585 1649 quae
2616 1580 2936 1652 produxerit
2961 1581 3129 1653 939
3155 1582 3289 1637 nihil
3321 1584 3388 1637 in
3401 1584 3638 1639 essentia

2067 1667 2409 1727 discriminis
2444 1671 2647 1729 habere
2694 1672 2974 1739 fatebitur,
3035 1691 3156 1729 cum
3201 1676 3467 1743 ejusmodi
3504 1677 3637 1731 sub-

2068 1762 2270 1816 stantia
2324 1764 2730 1835 generationem
2775 1781 2990 1823 omnem
3029 1768 3321 1822 excludat?
3360 1766 3478 1823 Non
3511 1768 3641 1824 illud

2071 1853 2485 1920 animadvertis,
2527 1870 2555 1908 a
2585 1856 2785 1912 divinae
2819 1858 3067 1914 veritatis
3113 1859 3422 1930 cognitione
3466 1868 3558 1915 tua
3592 1871 3646 1914 te.

389 1940 748 2013 πειρώμενος.
807 1940 1140 2004 Ἀκολούθως
1176 1939 1285 2012 γὰρ
1335 1939 1432 1994 ικαὶ
1481 1935 1645 2001 αὐτὸς
1690 1935 1963 2000 ἀκούσεις,

2070 1945 2230 2016 culpa
2259 1946 2579 2014 abalienari,
2622 1955 2682 2002 ut
2711 1949 2804 2020 qui
2828 1965 2936 2004 non
2959 1965 2990 2004 a
3033 1947 3240 2020 Spiritu
3273 1962 3462 2008 sancto
3497 1954 3646 2007 veri-

392 2035 476 2088 ὅτι
527 2032 911 2105 μεματαίωταί
936 2050 1042 2086 σοι·
1082 2029 1216 2087 Οἵδε
1241 2033 1352 2103 γὰρ
1393 2034 1427 2085 ό
1476 2031 1620 2095 Θεὸς
1669 2028 1813 2094 τοὺς
1861 2030 1966 2081 .10-

392 2120 647 2194 γισμοὺς
697 2122 816 2176 τῶν
860 2121 1089 2193 σοφῶν,
1138 2121 1238 2176 εὸτι
1282 2120 1403 2175 eiul
1449 2118 1709 2190 μάταιοι.
1756 2118 1816 2170 '0
1858 2116 1968 2188 γὰρ

387 2215 593 2286 γεννῶν
621 2213 713 2269 τόν
733 2215 1092 2269 ἐνυπόστατον
1113 2214 1307 2282 Λόγον,
1338 2213 1452 2266 ῐσον
1477 2209 1654 2281 ἐαυτῷ
1684 2209 1964 2279 ἐγέννησε,

389 2307 484 2362 καὶ
501 2308 562 2361 οὺ
585 2306 1035 2380 παρηλλαγμένον
1064 2306 1162 2379 τῆς
1188 2303 1382 2359 ἐαυτοῦ
1404 2303 1671 2374 θεότητος,
1690 2303 1750 2356 οὐ
1768 2301 1855 2355 διὰ
1872 2299 1968 2371 τὴν

387 2398 482 2454 τοῦ
512 2400 849 2469 γεννήματος
883 2396 1255 2470 παραλλαγὴν,
1284 2394 1397 2450 ἀλλ’
1426 2394 1508 2449 ὅτι
1550 2391 1799 2467 ἀπρεπὲς
1829 2391 1967 2456 ὅλως

386 2489 455 2564 ἦν
468 2493 532 2547 τὸ
545 2493 890 2565 διανοηθῆναι
912 2494 1057 2565 ἡμᾶς
1084 2491 1302 2557 ἀνάξιον
1326 2489 1536 2545 ἐαυτὸν¹
1561 2490 1656 2544 καὶ
1674 2489 1856 2544 ἄνισον
1872 2488 1969 2542 καὶ

389 2585 773 2655 ὑποϐεϐηκότα
783 2584 876 2640 τοῦ
907 2584 1228 2657 γεννήτορος
1252 2581 1709 2653 γεγεννηκέναιτδ
1726 2577 1970 2651 γέννημα

388 2673 552 2727 αὑτὸν
599 2674 689 2727 τὸν
727 2673 1109 2747 γεγεννηκότα.
1169 2672 1260 2726 Διὸ
1290 2672 1378 2727 διά
1431 2671 1524 2725 τοῦ
1558 2670 1691 2724 Υίοῦ
1740 2669 1835 2723 καὶ
1881 2671 1967 2722 ἐν-

392 2766 692 2819 υποστάτου
711 2766 882 2834 Λόγου
908 2764 978 2818 τὰ
1005 2765 1182 2821 πάντα
1213 2764 1491 2834 γεγονέναι
1518 2761 1621 2833 ἔφη
1644 2778 1656 2791 ·
1693 2761 1779 2814 ἵνα
1808 2760 1969 2814 αὑτὸν

389 2860 492 2912 οὐκ
536 2859 646 2913 ἀπὸ
680 2858 791 2911 τῶν
842 2856 1143 2928 γεγονότων
1172 2855 1474 2929 ἀριθμήσῃ,
1519 2854 1634 2908 ἀλλ’
1679 2855 1737 2907 ἐν
1788 2852 1964 2927 Πατρὶ

389 2953 574 3023 ὅμοιον
604 2952 698 3006 καὶ
726 2952 838 3006 ἴσον
880 2952 1030 3018 ὄντα,
1069 2951 1158 3006 διὰ
1185 2950 1246 3004 τὸ
1279 2949 1600 3022 πμπρέπον
1632 2949 1699 3019 τῇ
1730 2945 1822 3000 τοῦ
1857 2945 1972 3001 Πα-

390 3044 518 3114 τρὸς
545 3044 810 3116 ὀνομασίᾳ
846 3040 1008 3110 εἶναι,
1054 3044 1145 3098 ἀεὶ
1173 3042 1302 3097 ὄντα
1335 3042 1433 3112 τὴν
1467 3041 1657 3097 οὐσίαν
1708 3038 1786 3110 τῷ
1833 3039 1970 3103 ὄντι,

390 3135 456 3188 οὐ
487 3134 636 3200 ξένον
662 3136 812 3200 ὄντα,
846 3135 982 3190 ἀλλὰ
1009 3136 1263 3208 γνήσιον,
1313 3134 1389 3197 ὡς
1419 3132 1549 3186 Υἱὺν
1594 3130 1880 3201 όμωύσιον
1913 3130 1974 3195 ἐξ

392 3228 557 3282 αὐτοῦ
596 3229 1011 3299 γεγεννημένον.

2071 2044 2236 2092 tatem
2268 2037 2347 2093 sis
2367 2038 2616 2102 edoctus,
2644 2039 2738 2094 sed
2773 2039 2964 2093 mundi
2994 2039 3160 2110 hujus
3189 2041 3453 2112 sapientia
3475 2084 3490 2110 ,
3523 2060 3645 2114 quae

2070 2127 2219 2182 fatua
2246 2128 2553 2200 stolidaque
2610 2130 2823 2186 reddita
2858 2139 2942 2188 est
2964 2132 3007 2196 ³,
3038 2133 3331 2197 subnixus,
3366 2134 3433 2188 ad
3473 2135 3640 2190 coele-

2073 2218 2179 2272 stin
2227 2228 2278 2274 te
2327 2220 2629 2289 provehere
2669 2222 2910 2277 conaris.
2952 2221 3135 2289 Quare
3160 2238 3508 2294 consequens
3537 2238 3641 2286 est.

2073 2316 2135 2361 ut
2161 2316 2217 2363 et
2240 2308 2375 2364 illud
2401 2309 2617 2375 audias,
2650 2310 2856 2366 frustra
2884 2319 2940 2368 te
2965 2327 3122 2368 esse:
3155 2312 3318 2368 Novit
3339 2317 3478 2369 enim
3505 2314 3646 2371 Deus

2069 2404 2366 2469 sapientum
2398 2404 2773 2472 cogitationes,
2804 2404 3051 2476 quoniam
3089 2422 3238 2461 vanae
3278 2417 3399 2462 sunt
3422 2408 3461 2461 ⁴.
3495 2408 3648 2475 Quo-

2070 2491 2218 2547 circa
2249 2493 2345 2565 qui
2388 2493 2700 2552 subsistens
2733 2494 2972 2552 Verbum
3017 2499 3225 2570 genuit,
3260 2500 3400 2557 idem
3440 2503 3648 2572 aequale

2070 2586 2177 2643 sibi
2225 2586 2434 2658 genuit,
2484 2602 2587 2644 nec
2632 2602 2665 2642 a
2709 2603 2810 2645 sua
2846 2588 3132 2648 divinitate
3183 2592 3499 2663 diversum;
3544 2612 3648 2651 nec

2074 2678 2185 2733 ulla
2206 2686 2289 2733 est
2314 2681 2370 2733 in
2397 2679 2580 2750 genita
2611 2679 2801 2736 sobole
2823 2681 3085 2749 varietas,
3107 2697 3233 2738 cum
3263 2686 3487 2740 minime
3515 2702 3647 2741 sane

2072 2768 2290 2834 deceat,
2334 2777 2394 2825 ut
2432 2771 2584 2826 illum
2620 2782 2896 2842 putemus,
2935 2772 3217 2845 indignum
3261 2777 3445 2847 seipso
3474 2786 3528 2833 et
3563 2779 3648 2833 in-

2071 2860 2334 2932 aequalem
2382 2870 2446 2917 et
2481 2861 2624 2916 infra
2666 2862 3037 2919 conditionem
3074 2865 3343 2934 genitoris
3385 2872 3647 2943 amanda~

2072 2960 2188 3007 tum
2237 2968 2397 3009 suum
2443 2954 2599 3008 illum
2667 2955 2922 3025 genuisse
2972 2954 3191 3013 Filium.
3247 2958 3421 3026 Quam
3478 2964 3642 3017 etiam

2074 3040 2145 3095 ob
2192 3048 2419 3095 causam
2471 3056 2568 3112 per
2651 3041 2849 3098 Filium
2913 3059 2981 3099 ac
3039 3046 3350 3104 subsistens
3409 3048 3644 3107 Verbum

2074 3132 2257 3187 omnia
2290 3148 2419 3190 esse
2454 3134 2596 3190 facta
2636 3143 2867 3194 testatus
2897 3145 3004 3203 est,
3046 3147 3105 3194 ut
3138 3140 3432 3210 ipsummet
3465 3142 3534 3197 ab
3561 3144 3647 3197 l'a-
3760 3128 3771 3139 ’

2074 3231 2290 3278 ctarum
2351 3240 2534 3281 rerum
2578 3241 2809 3282 numero
2865 3240 3179 3288 secerneret
3210 3231 3558 3304 doceretque,
3588 3250 3648 3288 se

392 3320 449 3375 in
487 3320 649 3379 Patre
680 3320 913 3376 similem
953 3328 1116 3390 atque
1147 3317 1409 3388 aequalem
1447 3330 1607 3372 esse:
1642 3313 1786 3387 quod
1823 3313 2008 3385 ipsum
2038 3312 2218 3373 Patris
2246 3317 2595 3389 appellationi
2629 3328 3063 3376 consentaneum
3100 3332 3214 3390 est;
3271 3339 3506 3395 semper,
3561 3325 3647 3379 in-

392 3431 595 3489 quam,
651 3414 1006 3471 exsistentcm
1072 3412 1129 3467 in
1175 3411 1484 3468 substantia
1530 3423 1666 3475 sua,
1711 3424 1820 3464 non
1883 3410 2251 3480 peregrinum,
2294 3410 2391 3468 sed
2459 3427 2811 3484 germanum.
2883 3423 3074 3486 utpote
3116 3417 3646 3476 consubstantialem

390 3506 613 3573 Filium,
647 3517 703 3566 et
732 3524 762 3562 a
800 3507 961 3562 Patre
990 3507 1256 3578 genitum.

703 3670 711 3676 .
781 3622 1179 3678 ΚΕΦΑΛΑιΟΝ
1213 3620 1469 3676 ΑΕΤΙΟΥ
1505 3624 1579 3679 Δ⁹.

463 3718 526 3771 Εἰ
555 3715 926 3787 ἀτελευτήτως
951 3717 981 3769 ὁ
1018 3714 1151 3779 Θεὸς
1181 3713 1424 3784 διαμένει
1455 3716 1513 3768 ὲν
1556 3715 1835 3786 ἀγεννήτῳ
1865 3713 1969 3784 φύ-

391 3824 496 3869 σει,
528 3808 623 3862 καὶ
659 3805 1034 3877 ἀτελευτήτως
1058 3805 1119 3859 τὸ
1151 3804 1398 3877 γέννημα
1423 3804 1670 3875 γέννημά
1694 3806 1841 3859 ἐστιν
1863 3821 1878 3836 ο
1933 3805 1969 3876 ἡ

391 3898 486 3951 τοῦ
512 3897 800 3968 όμοουσίου
833 3895 930 3950 καὶ
960 3895 1336 3967 ἀνομοιουσίου
1397 3894 1684 3960 κακοδοξία
1714 3911 1970 3966 παραφαο

393 3990 724 4061 νισθήσεται.
762 3990 1007 4043 Ἰσταται
1035 3987 1093 4042 δὲ
1111 3987 1172 4042 τὸ
1194 3989 1253 4042 ὲν
1280 3987 1439 4059 οὐσίᾳ
1471 3987 1806 4058 ἀσυγκρίτῳ,
1837 3988 1969 4041 ἐκα-

389 4081 561 4153 τέρας
612 4080 827 4151 φύσεως
874 4079 1171 4145 ἀπαύστως
1220 4078 1582 4152 διαμενούσης
1630 4079 1689 4133 ἐν
1727 4079 1807 4150 τῷ
1858 4078 1971 4150 ἰδίῳ

392 4174 491 4247 τῆς
520 4174 736 4245 φύσεως
773 4175 1066 4245 ἀξιώματι.

856 4286 859 4289 ’
954 4284 1287 4354 Ἀνατροπὴ
1332 4284 1407 4338 Δ’.

463 4381 527 4434 Εἰ
577 4381 949 4451 ἀτελευτήτως
996 4378 1092 4431 καὶ
1124 4350 1418 4439 ἀπαύστως
1468 4376 1497 4428 ὁ
1540 4374 1672 4439 Θεὸς
1702 4350 2003 4448 διαμένει,’

390 4472 468 4535 ὡς
498 4471 658 4543 ἔφης,
698 4475 757 4525 ἐν
783 4472 1065 4541 ἀγεννήτῳ
1095 4468 1275 4538 φύσει,
1313 4467 1475 4536 φύσις
1529 4466 1589 4520 δὲ
1628 4465 1766 4520 Θεοῦ
1799 4467 1968 4532 ἀΐδιος

389 4564 761 4636 ἀτελευτήτως
792 4565 993 4635 ἔχουσα
1041 4562 1104 4616 τὸ
1147 4562 1387 4632 ἀξίωμα,
1422 4561 1487 4615 οὺ
1537 4560 1628 4615 διὰ
1666 4578 1721 4615 τι
1758 4563 1964 4634 ἕτερον.

389 4656 529 4715 ἀλλὰ
551 4657 639 4712 διὰ
662 4657 725 4710 τὸ
758 4656 1015 4710 αὐτόθεω
1040 4656 1136 4709 καὶ
1163 4654 1465 4708 αὐτοαῒδιον
1484 4670 1499 4684 ·
1531 4655 1639 4725 ἄρα
1665 4670 1730 4723 γε
1765 4656 1860 4709 καὶ
1906 4654 1969 4708 τὸ

388 4748 636 4819 γέννημα
666 4747 948 4818 όμοούσιον
979 4746 1155 4811 ἔσται,
1206 4745 1256 4798 εί
1290 4743 1442 4816 παρὰ
1484 4745 1569 4798 σοὶ
1610 4744 1673 4798 τὸ
1720 4743 1815 4798 τοῦ
1841 4746 1968 4798 ἀτε-

387 4840 649 4913 λευτήτου
680 4841 901 4913 εἴληφεν
938 4842 1132 4912 ὄνομα,
1182 4841 1278 4905 ὡς,
1331 4838 1679 4910 παλιμϐόλως
1724 4838 1802 4910 τῷ
1852 4838 1968 4909 Υἰῷ

388 4934 750 5006 χαρίσασθαι,
814 4933 1058 4998 πιθανῶς
1110 4931 1575 5003 ὲιρυσιολόγησας.⁵
1607 4930 1811 4994 Δώσεις
1856 4929 1968 5004 γὰρ

2564 3610 2749 3668 AETII
2788 3612 3019 3669 CAPUT
3058 3614 3148 3670 IV.
3470 3678 3475 3683 ,

2146 3704 2205 3760 Si
2237 3709 2504 3775 perpetuo
2555 3717 2625 3766 ac
2667 3704 2789 3759 sine
2820 3704 2930 3759 ullo
2979 3704 3086 3761 title
3127 3706 3270 3764 Deus
3311 3709 3365 3764 in
3398 3710 3641 3784 ingenita
3691 3694 3695 3696 γ

2067 3804 2267 3853 natura
2304 3794 2573 3865 persistit,
2604 3809 2671 3849 ac
2699 3794 2953 3870 sigenita
2988 3797 3206 3855 soboles
3249 3801 3370 3857 sine
3405 3806 3516 3861 ullo
3540 3808 3648 3864 line

2070 3888 2253 3959 genita
2276 3892 2385 3952 est,
2413 3901 2580 3957 prava
2610 3885 2703 3941 illa
2731 3887 2805 3943 de
2828 3886 3153 3947 bomoousio
3207 3900 3263 3947 et
3295 3894 3644 3954 hommousio

2071 3978 2345 4036 sententia
2364 3975 2767 4048 proﬂigabitur.
2802 3977 2943 4036 Cum
2967 3980 3100 4037 illud
3122 3982 3340 4039 interim
3362 3987 3414 4040 in
3442 3991 3651 4046 utrius~

2069 4093 2179 4149 que
2215 4084 2429 4133 naturae
2466 4076 2732 4148 dignitate
2769 4088 3079 4144 remaneat,
3106 4086 3187 4143 ut,
3222 4078 3368 4150 quod
3408 4081 3477 4136 ad
3511 4083 3647 4139 sub~

2070 4170 2332 4229 stantiam
2364 4169 2578 4235 attinet,
2613 4173 2921 4241 comparari
2950 4172 3093 4234 inter
3123 4186 3189 4230 se
3212 4181 3508 4243 nequeant.

2631 4283 2938 4353 Confutatio
2974 4284 3001 4338 I
3021 4284 3077 4340 V.

2142 4376 2200 4431 Si
2234 4384 2500 4448 perpetuo
2518 4391 2597 4432 σεο
2650 4378 2772 4432 sine
2813 4378 2926 4431 ullo
2972 4376 3078 4432 line
3109 4377 3272 4441 Deus,
3307 4388 3366 4433 ut
3415 4382 3643 4443 asseris,

2070 4465 2127 4520 in
2173 4466 2418 4538 ingenita
2464 4474 2662 4521 natura
2703 4475 3026 4536 permanet,
3067 4475 3265 4537 estque
3311 4472 3648 4541 sempiterna

2068 4558 2166 4615 Dei
2218 4568 2450 4623 natura,
2497 4575 2619 4631 quae
2667 4561 2788 4614 sine
2834 4560 2947 4613 ullo
2978 4559 3086 4616 ﬁne
3122 4560 3443 4632 dignitatem
3474 4580 3643 4620 suam

2069 4651 2309 4718 obtinet;
2340 4652 2545 4706 nullam
2579 4652 2650 4705 ob
2690 4652 2852 4707 aliam
2888 4666 3138 4716 causam,
3171 4667 3334 4722 quam
3370 4655 3515 4725 quod
3549 4672 3649 4726 per

2069 4759 2192 4801 sese
2235 4744 2400 4808 Deus,
2433 4759 2495 4799 ac
2539 4758 2638 4814 per
2673 4758 2797 4798 sese
2841 4744 3209 4813 sempiternus
3239 4752 3324 4799 est
3354 4763 3368 4798 :
3394 4747 3560 4817 igitur
3587 4757 3649 4800 et

2069 4838 2251 4909 genita
2297 4836 2517 4892 soboles
2571 4835 3057 4890 consubstantialis
3095 4835 3217 4899 erit,
3265 4849 3392 4890 cum
3437 4837 3642 4892 indesi~

2068 4930 2250 4985 nentis
2285 4928 2385 4983 abs
2415 4936 2469 4984 te
2508 4941 2706 4982 nomen
2742 4928 2821 4981 illi
2858 4927 3151 4991 tribuatur,
3181 4926 3645 4997 quemadmodum

386 5025 484 5076 καὶ
508 5022 950 5093 ἀναγκαζόμενος
990 5020 1326 5092 ὁμολογῆσαι
1365 5021 1427 5074 τδ
1474 5019 1569 5073 τοῦ
1600 5017 1963 5089 ἀτελευτήτου

2069 5020 2265 5076 callide
2292 5035 2358 5075 ac
2409 5019 2743 5075 veteratorie
2771 5017 2912 5074 Filio
2942 5018 3259 5088 gratificans
3282 5019 3647 5088 probabiliter

385 5118 448 5180 ἐν
475 5115 682 5170 ἆπασιν
714 5115 944 5169 ἄπλετον
979 5114 1074 5169 καὶ
1123 5113 1407 5185 ἀχώρητον
1451 5111 1642 5182 ὄνομα.
1699 5110 1825 5175 Πῶς
1869 5106 1964 5164 οὖν

382 5209 485 5262 οὐκ
551 5208 703 5262 ἔσται
757 5207 1082 5278 ὁμοούσιον;
1155 5204 1372 5276 Ἐπειδὴ
1441 5202 1628 5268 ἔδοξας
1667 5202 1958 5268 σκώπτειν,

383 5302 472 5356 διὰ
515 5299 806 5367 κακοδόξω
875 5300 1138 5371 ὀνόματος
1203 5299 1303 5371 τὴν
1367 5297 1623 5368 ἀλήθειαν
1681 5296 1961 5366 ἐξυϐρίσαι

383 5395 819 5465 πειρασάμενος,
886 5394 947 5460 ἐξ
996 5393 1176 5448 αὐτῶν
1238 5392 1624 5464 ἐλεγχόμενος,
1678 5386 1754 5443 ὧν
1803 5390 1959 5459 ἔφης,

384 5487 665 5559 ῥημάτων.
724 5487 797 5538 Ἦ
847 5485 957 5557 γὰρ
1014 5484 1204 5549 δώσεις
1271 5484 1424 5548 τέλος
1462 5488 1483 5517 ³
1540 5483 1650 5537 τῶν
1704 5481 1810 5535 ὑπὸ
1867 5480 1961 5535 σοῦ

381 5577 853 5650 παρηλλαγμένων
904 5575 1409 5648 βλασφημουμένων
1480 5575 1580 5646 τὴν
1633 5574 1824 5629 οὐσίαν
1845 5614 1859 5636 ,
1921 5572 1956 5645 ἢ

379 5656 734 5741 ἀτελεύτητον
785 5668 946 5725 αὐτὸν
989 5669 1345 5746 ὁρισάμενος,
1395 5668 1453 5719 ἐν
1498 5668 1701 5721 ἅπασιν
1750 5664 1961 5737 ἀμετά-

2068 5112 2138 5168 de
2173 5112 2311 5182 ejus»
2339 5118 2537 5167 natura
2575 5110 2890 5181 disputasti.
2943 5109 3108 5181 Dabis
3161 5111 3267 5166 hoc
3314 5109 3519 5181 igitur,’
3556 5113 3640 5165 vel
3691 5098 3697 5104 ’

2068 5205 2310 5267 invitus,
2352 5212 2414 5257 ut
2466 5202 2741 5257 inﬁnitum
2805 5202 2943 5257 illud
2987 5213 3042 5257 et
3086 5201 3642 5273 incomprehensibile

2068 5310 2268 5351 nomen
2316 5294 2680 5350 indesinentis
2707 5294 2933 5347 omnino
2963 5292 3190 5349 fateare.
3220 5292 3418 5347 Annon
3473 5290 3641 5363 igitur

2067 5386 2557 5443 consubstantialis
2599 5385 2742 5440 erit?
2776 5384 3008 5450 Quando
3052 5385 3126 5438 ita
3154 5384 3331 5452 iocari
3370 5383 3524 5440 visus
3556 5400 3636 5447 es,

2066 5480 2195 5534 dum
2236 5478 2402 5550 940
2446 5478 2712 5547 sacrilega
2748 5472 3369 5547 appellationeveritati
3401 5474 3640 5535 illudere

2065 5579 2298 5626 conatus
2318 5586 2401 5634 es,
2435 5571 2511 5624 ita
2541 5579 2725 5625 tamen
2767 5577 2830 5623 ut
2864 5567 2955 5622 illa
2994 5567 3132 5637 ipsa,
3159 5564 3361 5635 quibus
3383 5582 3517 5623 usus
3548 5582 3634 5627 es.

2064 5671 2119 5718 te
2145 5662 2313 5717 verba
2338 5662 2691 5732 redarguam.
2713 5660 2823 5714 Aut
2840 5659 2987 5714 enim
3004 5656 3177 5712 ﬁnem
3198 5655 3401 5712 habere
3420 5665 3636 5721 statues

383 5776 575 5816 στατον
608 5762 701 5816 καὶ
734 5761 1148 5834 ἀπαράλλακτον
1173 5761 1272 5832 τῆς
1297 5757 1391 5813 τοῦ
1416 5759 1773 5829 ἀτελευτήτου
1803 5758 1961 5823 ἀξίας

2069 5756 2237 5821 illum,
2275 5769 2436 5825 quem
2468 5768 2565 5822 per
2592 5766 2864 5807 summam
2896 5746 3285 5805 contumeliam
3322 5747 3633 5809 substantia

454 5878 474 5912 ¹
507 5876 571 5934 F.
611 5877 827 5934 ἑαυτοῦ.
905 5880 925 5911 ²
960 5877 1020 5934 F.
1043 5879 1209 5952 ἔχειν,
1236 5877 1331 5936 sed
1358 5892 1427 5935 ne
1453 5878 1535 5936 sic
1567 5876 1788 5949 quidem
1817 5881 1966 5933 consl

2069 5873 2169 5932 sibi
2204 5872 2387 5930 lectio.
2469 5870 2490 5902 ³
2512 5868 2535 5929 l
2555 5869 2682 5926 Cor.
2709 5881 2749 5938 ι,
2771 5866 2864 5927 20.
2908 5868 2962 5947 _‘
2980 5863 3130 5926 Pal.
3160 5877 3319 5930 XClll,
3350 5863 3440 5922 11.
