  <div class='ocr_page' id='page_1' title='image "/cluster/home/n/w/nwhite01/storage/ocr_20150623/42/nnc1.0046978682/307.png"; bbox 0 0 4134 6386; ppageno 0'>
   <div class='ocr_carea' id='block_1_1' title="bbox 469 423 575 482">
    <p class='ocr_par' dir='ltr' id='par_1_1' title="bbox 469 423 575 482">
     <span class='ocr_line' id='line_1_1' title="bbox 469 423 575 482; baseline 0.047 -5"><span class='ocrx_word' id='word_1_1' title='bbox 469 423 575 482; x_wconf 74' lang='lat'><strong>559</strong></span> 
     </span>
    </p>
   </div>
   <div class='ocr_carea' id='block_1_2' title="bbox 1812 421 2259 479">
    <p class='ocr_par' dir='ltr' id='par_1_2' title="bbox 1812 421 2259 479">
     <span class='ocr_line' id='line_1_2' title="bbox 1812 421 2259 479; baseline 0.007 -4"><span class='ocrx_word' id='word_1_2' title='bbox 1812 422 1870 479; x_wconf 89' lang='lat' dir='ltr'><strong>S.</strong></span> <span class='ocrx_word' id='word_1_3' title='bbox 1916 421 2259 479; x_wconf 79' lang='lat' dir='ltr'><strong>EPIPHANII</strong></span> 
     </span>
    </p>
   </div>
   <div class='ocr_carea' id='block_1_3' title="bbox 3628 424 3735 484">
    <p class='ocr_par' dir='ltr' id='par_1_3' title="bbox 3628 424 3735 484">
     <span class='ocr_line' id='line_1_3' title="bbox 3628 424 3735 484; baseline 0.019 -2"><span class='ocrx_word' id='word_1_4' title='bbox 3628 424 3735 484; x_wconf 68' lang='grc' dir='ltr'>ὅθί)</span> 
     </span>
    </p>
   </div>
   <div class='ocr_carea' id='block_1_4' title="bbox 468 535 2051 612">
    <p class='ocr_par' dir='ltr' id='par_1_4' title="bbox 468 535 2051 612">
     <span class='ocr_line' id='line_1_4' title="bbox 468 535 2051 612; baseline -0.003 -15"><span class='ocrx_word' id='word_1_5' title='bbox 468 547 787 612; x_wconf 75' lang='lat' dir='ltr'><strong>discrepare</strong></span> <span class='ocrx_word' id='word_1_6' title='bbox 843 537 1102 605; x_wconf 85' lang='lat' dir='ltr'><strong>voluisti;</strong></span> <span class='ocrx_word' id='word_1_7' title='bbox 1152 544 1285 601; x_wconf 86' lang='lat' dir='ltr'><strong>aut,</strong></span> <span class='ocrx_word' id='word_1_8' title='bbox 1344 535 1389 592; x_wconf 86' lang='lat' dir='ltr'><strong>si</strong></span> <span class='ocrx_word' id='word_1_9' title='bbox 1458 551 1739 608; x_wconf 84' lang='lat' dir='ltr'><strong>nunquam</strong></span> <span class='ocrx_word' id='word_1_10' title='bbox 1805 538 2051 595; x_wconf 83' lang='lat' dir='ltr'><strong>desinere</strong></span> 
     </span>
    </p>
   </div>
   <div class='ocr_carea' id='block_1_5' title="bbox 2156 535 3736 612">
    <p class='ocr_par' dir='ltr' id='par_1_5' title="bbox 2161 538 3736 611">
     <span class='ocr_line' id='line_1_5' title="bbox 2161 538 3736 611; baseline 0.001 -20"><span class='ocrx_word' id='word_1_11' title='bbox 2161 541 2401 608; x_wconf 77' lang='grc' dir='ltr'><strong>εἰσάγειν</strong></span> <span class='ocrx_word' id='word_1_12' title='bbox 2442 540 2834 611; x_wconf 69' lang='grc' dir='ltr'><strong>ἀναγκασθήσῃ</strong></span> <span class='ocrx_word' id='word_1_13' title='bbox 2855 583 2867 606; x_wconf 94' lang='grc'><strong>,</strong></span> <span class='ocrx_word' id='word_1_14' title='bbox 2900 540 3000 610; x_wconf 78' lang='grc' dir='ltr'>τῆς</span> <span class='ocrx_word' id='word_1_15' title='bbox 3035 540 3289 611; x_wconf 78' lang='grc' dir='ltr'><strong>ἀληθείας</strong></span> <span class='ocrx_word' id='word_1_16' title='bbox 3330 538 3403 610; x_wconf 78' lang='grc' dir='ltr'>μὴ</span> <span class='ocrx_word' id='word_1_17' title='bbox 3434 538 3736 611; x_wconf 80' lang='grc' dir='ltr'>παραδεχο-</span> 
     </span>
    </p>
   </div>
   <div class='ocr_carea' id='block_1_6' title="bbox 469 631 2046 701">
    <p class='ocr_par' dir='ltr' id='par_1_6' title="bbox 469 631 2046 701">
     <span class='ocr_line' id='line_1_6' title="bbox 469 631 2046 701; baseline -0.003 -10"><span class='ocrx_word' id='word_1_18' title='bbox 469 635 696 698; x_wconf 85' lang='lat' dir='ltr'><strong>sentias,</strong></span> <span class='ocrx_word' id='word_1_19' title='bbox 748 632 998 688; x_wconf 82' lang='lat' dir='ltr'><strong>eumdem</strong></span> <span class='ocrx_word' id='word_1_20' title='bbox 1048 631 1198 685; x_wconf 87' lang='lat' dir='ltr'><strong>nulla</strong></span> <span class='ocrx_word' id='word_1_21' title='bbox 1255 646 1322 685; x_wconf 76' lang='lat' dir='ltr'><strong>ex</strong></span> <span class='ocrx_word' id='word_1_22' title='bbox 1379 639 1534 701; x_wconf 86' lang='lat' dir='ltr'><strong>parte</strong></span> <span class='ocrx_word' id='word_1_23' title='bbox 1594 639 1899 698; x_wconf 86' lang='lat' dir='ltr'><strong>mutatum,</strong></span> <span class='ocrx_word' id='word_1_24' title='bbox 1952 640 2046 687; x_wconf 85' lang='lat' dir='ltr'><strong>aut</strong></span> 
     </span>
    </p>
   </div>
   <div class='ocr_carea' id='block_1_7' title="bbox 469 723 2046 795">
    <p class='ocr_par' dir='ltr' id='par_1_7' title="bbox 469 723 2046 795">
     <span class='ocr_line' id='line_1_7' title="bbox 469 723 2046 795; baseline -0.001 -13"><span class='ocrx_word' id='word_1_25' title='bbox 469 732 750 784; x_wconf 81' lang='lat' dir='ltr'><strong>diversum</strong></span> <span class='ocrx_word' id='word_1_26' title='bbox 804 728 872 781; x_wconf 91' lang='lat' dir='ltr'><strong>ab</strong></span> <span class='ocrx_word' id='word_1_27' title='bbox 903 724 1272 780; x_wconf 88' lang='lat' dir='ltr'><strong>indesinentis</strong></span> <span class='ocrx_word' id='word_1_28' title='bbox 1312 723 1462 779; x_wconf 88' lang='lat' dir='ltr'><strong>illius</strong></span> <span class='ocrx_word' id='word_1_29' title='bbox 1497 723 1763 795; x_wconf 75' lang='lat' dir='ltr'><strong>dignitate</strong></span> <span class='ocrx_word' id='word_1_30' title='bbox 1805 725 2046 794; x_wconf 84' lang='lat' dir='ltr'><strong>proliteri</strong></span> 
     </span>
    </p>
   </div>
   <div class='ocr_carea' id='block_1_8' title="bbox 466 816 2048 891">
    <p class='ocr_par' dir='ltr' id='par_1_8' title="bbox 466 816 2048 891">
     <span class='ocr_line' id='line_1_8' title="bbox 466 816 2048 891; baseline 0.003 -20"><span class='ocrx_word' id='word_1_31' title='bbox 466 821 700 891; x_wconf 64' lang='lat' dir='ltr'><strong>cogeris.</strong></span> <span class='ocrx_word' id='word_1_32' title='bbox 748 818 937 891; x_wconf 85' lang='lat' dir='ltr'><strong>Neque</strong></span> <span class='ocrx_word' id='word_1_33' title='bbox 986 819 1134 874; x_wconf 85' lang='lat' dir='ltr'><strong>enim</strong></span> <span class='ocrx_word' id='word_1_34' title='bbox 1185 816 1393 873; x_wconf 88' lang='lat' dir='ltr'><strong>veritas</strong></span> <span class='ocrx_word' id='word_1_35' title='bbox 1446 818 1686 888; x_wconf 90' lang='lat' dir='ltr'><strong>patitur,</strong></span> <span class='ocrx_word' id='word_1_36' title='bbox 1728 818 1807 873; x_wconf 89' lang='lat' dir='ltr'><strong>uti</strong></span> <span class='ocrx_word' id='word_1_37' title='bbox 1873 816 2048 875; x_wconf 85' lang='lat' dir='ltr'><strong>Filius</strong></span> 
     </span>
    </p>
   </div>
   <div class='ocr_carea' id='block_1_9' title="bbox 471 910 2049 983">
    <p class='ocr_par' dir='ltr' id='par_1_9' title="bbox 471 910 2049 983">
     <span class='ocr_line' id='line_1_9' title="bbox 471 910 2049 983; baseline 0.001 -18"><span class='ocrx_word' id='word_1_38' title='bbox 471 913 630 968; x_wconf 77' lang='lat' dir='ltr'><strong>tinem</strong></span> <span class='ocrx_word' id='word_1_39' title='bbox 652 927 890 983; x_wconf 87' lang='lat' dir='ltr'><strong>unquam</strong></span> <span class='ocrx_word' id='word_1_40' title='bbox 914 911 1203 966; x_wconf 89' lang='lat' dir='ltr'><strong>habiturus</strong></span> <span class='ocrx_word' id='word_1_41' title='bbox 1228 910 1594 977; x_wconf 82' lang='lat' dir='ltr'><strong>existimetur,</strong></span> <span class='ocrx_word' id='word_1_42' title='bbox 1613 913 1871 983; x_wconf 90' lang='lat' dir='ltr'><strong>quoniam</strong></span> <span class='ocrx_word' id='word_1_43' title='bbox 1901 914 2049 983; x_wconf 86' lang='lat' dir='ltr'><strong>regni</strong></span> 
     </span>
    </p>
   </div>
   <div class='ocr_carea' id='block_1_10' title="bbox 467 1000 2047 1073">
    <p class='ocr_par' dir='ltr' id='par_1_10' title="bbox 467 1000 2047 1073">
     <span class='ocr_line' id='line_1_10' title="bbox 467 1000 2047 1073; baseline 0.002 -18"><span class='ocrx_word' id='word_1_44' title='bbox 467 1003 656 1069; x_wconf 79' lang='lat' dir='ltr'><strong>ipsius,</strong></span> <span class='ocrx_word' id='word_1_45' title='bbox 685 1003 761 1056; x_wconf 89' lang='lat' dir='ltr'><strong>ait</strong></span> <span class='ocrx_word' id='word_1_46' title='bbox 803 1000 1087 1072; x_wconf 84' lang='lat' dir='ltr'><strong>Scriptura</strong></span> <span class='ocrx_word' id='word_1_47' title='bbox 1109 1002 1151 1065; x_wconf 89' lang='grc'>¹,</span> <span class='ocrx_word' id='word_1_48' title='bbox 1192 1016 1295 1054; x_wconf 84' lang='lat' dir='ltr'><strong>non</strong></span> <span class='ocrx_word' id='word_1_49' title='bbox 1320 1002 1422 1054; x_wconf 78' lang='lat' dir='ltr'><strong>erit</strong></span> <span class='ocrx_word' id='word_1_50' title='bbox 1454 1001 1600 1071; x_wconf 80' lang='lat' dir='ltr'><strong>ﬁnis,</strong></span> <span class='ocrx_word' id='word_1_51' title='bbox 1632 1017 1699 1057; x_wconf 90' lang='lat' dir='ltr'><strong>eo</strong></span> <span class='ocrx_word' id='word_1_52' title='bbox 1742 1003 1889 1073; x_wconf 90' lang='lat' dir='ltr'><strong>quod</strong></span> <span class='ocrx_word' id='word_1_53' title='bbox 1921 1019 2047 1059; x_wconf 90' lang='lat' dir='ltr'><strong>cum</strong></span> 
     </span>
    </p>
   </div>
   <div class='ocr_carea' id='block_1_11' title="bbox 471 1092 2048 1166">
    <p class='ocr_par' dir='ltr' id='par_1_11' title="bbox 471 1092 2048 1166">
     <span class='ocr_line' id='line_1_11' title="bbox 471 1092 2048 1166; baseline 0.003 -20"><span class='ocrx_word' id='word_1_54' title='bbox 471 1094 629 1150; x_wconf 80' lang='lat' dir='ltr'><strong>Patre</strong></span> <span class='ocrx_word' id='word_1_55' title='bbox 684 1109 749 1149; x_wconf 91' lang='lat' dir='ltr'><strong>ac</strong></span> <span class='ocrx_word' id='word_1_56' title='bbox 798 1092 1007 1166; x_wconf 87' lang='lat' dir='ltr'><strong>Spiritu</strong></span> <span class='ocrx_word' id='word_1_57' title='bbox 1056 1102 1249 1150; x_wconf 88' lang='lat' dir='ltr'><strong>sancto</strong></span> <span class='ocrx_word' id='word_1_58' title='bbox 1278 1100 1544 1164; x_wconf 86' lang='lat' dir='ltr'><strong>perpetuo</strong></span> <span class='ocrx_word' id='word_1_59' title='bbox 1577 1104 1792 1165; x_wconf 78' lang='lat' dir='ltr'><strong>regnat.</strong></span> <span class='ocrx_word' id='word_1_60' title='bbox 1832 1096 2048 1151; x_wconf 84' lang='lat' dir='ltr'><strong>Etenim</strong></span> 
     </span>
    </p>
   </div>
   <div class='ocr_carea' id='block_1_12' title="bbox 466 1187 2047 1258">
    <p class='ocr_par' dir='ltr' id='par_1_12' title="bbox 466 1187 2047 1258">
     <span class='ocr_line' id='line_1_12' title="bbox 466 1187 2047 1258; baseline 0 -17"><span class='ocrx_word' id='word_1_61' title='bbox 466 1187 731 1258; x_wconf 81' lang='lat' dir='ltr'><strong>quidquid</strong></span> <span class='ocrx_word' id='word_1_62' title='bbox 765 1188 981 1242; x_wconf 90' lang='lat' dir='ltr'><strong>initium</strong></span> <span class='ocrx_word' id='word_1_63' title='bbox 1016 1187 1200 1250; x_wconf 87' lang='lat' dir='ltr'><strong>habet,</strong></span> <span class='ocrx_word' id='word_1_64' title='bbox 1240 1188 1404 1241; x_wconf 77' lang='lat' dir='ltr'><strong>tinent</strong></span> <span class='ocrx_word' id='word_1_65' title='bbox 1439 1189 1601 1242; x_wconf 88' lang='lat' dir='ltr'><strong>etiam</strong></span> <span class='ocrx_word' id='word_1_66' title='bbox 1633 1188 1889 1254; x_wconf 82' lang='lat' dir='ltr'><strong>habebit,</strong></span> <span class='ocrx_word' id='word_1_67' title='bbox 1925 1190 1971 1244; x_wconf 91' lang='lat' dir='ltr'><strong>si</strong></span> <span class='ocrx_word' id='word_1_68' title='bbox 1999 1190 2047 1245; x_wconf 87' lang='lat' dir='ltr'><strong>ei</strong></span> 
     </span>
    </p>
   </div>
   <div class='ocr_carea' id='block_1_13' title="bbox 469 1278 2051 1355">
    <p class='ocr_par' dir='ltr' id='par_1_13' title="bbox 469 1278 2051 1355">
     <span class='ocr_line' id='line_1_13' title="bbox 469 1278 2051 1355; baseline 0.004 -27"><span class='ocrx_word' id='word_1_69' title='bbox 469 1279 708 1344; x_wconf 87' lang='lat' dir='ltr'><strong>libuerit,</strong></span> <span class='ocrx_word' id='word_1_70' title='bbox 742 1280 833 1349; x_wconf 82' lang='lat' dir='ltr'><strong>qui</strong></span> <span class='ocrx_word' id='word_1_71' title='bbox 878 1278 978 1343; x_wconf 86' lang='lat' dir='ltr'><strong>illi,</strong></span> <span class='ocrx_word' id='word_1_72' title='bbox 1020 1278 1167 1349; x_wconf 92' lang='lat' dir='ltr'><strong>quod</strong></span> <span class='ocrx_word' id='word_1_73' title='bbox 1206 1279 1425 1334; x_wconf 76' lang='lat' dir='ltr'><strong>initium</strong></span> <span class='ocrx_word' id='word_1_74' title='bbox 1467 1279 1670 1355; x_wconf 87' lang='lat' dir='ltr'><strong>habere</strong></span> <span class='ocrx_word' id='word_1_75' title='bbox 1707 1278 1933 1344; x_wconf 91' lang='lat' dir='ltr'><strong>dicitur,</strong></span> <span class='ocrx_word' id='word_1_76' title='bbox 1990 1289 2051 1335; x_wconf 93' lang='lat' dir='ltr'><strong>ut</strong></span> 
     </span>
    </p>
   </div>
   <div class='ocr_carea' id='block_1_14' title="bbox 466 1367 2051 1437">
    <p class='ocr_par' dir='ltr' id='par_1_14' title="bbox 466 1367 2051 1437">
     <span class='ocr_line' id='line_1_14' title="bbox 466 1367 2051 1437; baseline 0.006 -19"><span class='ocrx_word' id='word_1_77' title='bbox 466 1374 635 1432; x_wconf 76' lang='lat' dir='ltr'><strong>esset,</strong></span> <span class='ocrx_word' id='word_1_78' title='bbox 667 1368 880 1423; x_wconf 90' lang='lat' dir='ltr'><strong>tribuit.</strong></span> <span class='ocrx_word' id='word_1_79' title='bbox 920 1367 1077 1435; x_wconf 83' lang='lat' dir='ltr'><strong>Quod</strong></span> <span class='ocrx_word' id='word_1_80' title='bbox 1123 1367 1343 1437; x_wconf 79' lang='lat' dir='ltr'><strong>quidem</strong></span> <span class='ocrx_word' id='word_1_81' title='bbox 1381 1382 1505 1424; x_wconf 88' lang='lat' dir='ltr'><strong>cum</strong></span> <span class='ocrx_word' id='word_1_82' title='bbox 1546 1370 1762 1427; x_wconf 68' lang='lat' dir='ltr'><strong>caeteris</strong></span> <span class='ocrx_word' id='word_1_83' title='bbox 1805 1372 1862 1426; x_wconf 90' lang='lat' dir='ltr'><strong>in</strong></span> <span class='ocrx_word' id='word_1_84' title='bbox 1884 1372 2051 1428; x_wconf 80' lang='lat' dir='ltr'><strong>rebus</strong></span> 
     </span>
    </p>
   </div>
   <div class='ocr_carea' id='block_1_15' title="bbox 465 1460 2050 1533">
    <p class='ocr_par' dir='ltr' id='par_1_15' title="bbox 465 1460 2050 1533">
     <span class='ocr_line' id='line_1_15' title="bbox 465 1460 2050 1533; baseline 0.003 -18"><span class='ocrx_word' id='word_1_85' title='bbox 465 1473 656 1515; x_wconf 81' lang='lat' dir='ltr'><strong>verum</strong></span> <span class='ocrx_word' id='word_1_86' title='bbox 693 1461 783 1524; x_wconf 86' lang='lat' dir='ltr'><strong>sit,</strong></span> <span class='ocrx_word' id='word_1_87' title='bbox 819 1461 927 1515; x_wconf 89' lang='lat' dir='ltr'><strong>dici</strong></span> <span class='ocrx_word' id='word_1_88' title='bbox 961 1462 1025 1516; x_wconf 87' lang='lat' dir='ltr'><strong>de</strong></span> <span class='ocrx_word' id='word_1_89' title='bbox 1059 1460 1202 1516; x_wconf 81' lang='lat' dir='ltr'><strong>Filio</strong></span> <span class='ocrx_word' id='word_1_90' title='bbox 1238 1476 1348 1516; x_wconf 89' lang='lat' dir='ltr'><strong>non</strong></span> <span class='ocrx_word' id='word_1_91' title='bbox 1394 1471 1595 1533; x_wconf 85' lang='lat' dir='ltr'><strong>potest.</strong></span> <span class='ocrx_word' id='word_1_92' title='bbox 1644 1462 1743 1520; x_wconf 88' lang='lat' dir='ltr'><strong>Est</strong></span> <span class='ocrx_word' id='word_1_93' title='bbox 1792 1465 1939 1520; x_wconf 90' lang='lat' dir='ltr'><strong>enim</strong></span> <span class='ocrx_word' id='word_1_94' title='bbox 1981 1465 2050 1520; x_wconf 90' lang='lat' dir='ltr'><strong>ab</strong></span> 
     </span>
    </p>
   </div>
   <div class='ocr_carea' id='block_1_16' title="bbox 467 1552 2047 1629">
    <p class='ocr_par' dir='ltr' id='par_1_16' title="bbox 467 1552 2047 1629">
     <span class='ocr_line' id='line_1_16' title="bbox 467 1552 2047 1629; baseline 0.006 -26"><span class='ocrx_word' id='word_1_95' title='bbox 467 1564 534 1605; x_wconf 80' lang='lat' dir='ltr'><strong>eo</strong></span> <span class='ocrx_word' id='word_1_96' title='bbox 566 1566 806 1623; x_wconf 85' lang='lat' dir='ltr'><strong>semper,</strong></span> <span class='ocrx_word' id='word_1_97' title='bbox 843 1552 937 1624; x_wconf 93' lang='lat' dir='ltr'><strong>qui</strong></span> <span class='ocrx_word' id='word_1_98' title='bbox 975 1560 1080 1619; x_wconf 89' lang='lat' dir='ltr'><strong>est,</strong></span> <span class='ocrx_word' id='word_1_99' title='bbox 1112 1562 1163 1609; x_wconf 89' lang='lat' dir='ltr'><strong>et</strong></span> <span class='ocrx_word' id='word_1_100' title='bbox 1199 1553 1342 1624; x_wconf 91' lang='lat' dir='ltr'><strong>apud</strong></span> <span class='ocrx_word' id='word_1_101' title='bbox 1369 1554 1644 1620; x_wconf 89' lang='lat' dir='ltr'><strong>eumdem,</strong></span> <span class='ocrx_word' id='word_1_102' title='bbox 1672 1571 1774 1613; x_wconf 91' lang='lat' dir='ltr'><strong>nec</strong></span> <span class='ocrx_word' id='word_1_103' title='bbox 1805 1572 2047 1629; x_wconf 83' lang='lat' dir='ltr'><strong>unquam</strong></span> 
     </span>
    </p>
   </div>
   <div class='ocr_carea' id='block_1_17' title="bbox 468 1643 2046 1715">
    <p class='ocr_par' dir='ltr' id='par_1_17' title="bbox 468 1643 2046 1715">
     <span class='ocr_line' id='line_1_17' title="bbox 468 1643 2046 1715; baseline 0.007 -20"><span class='ocrx_word' id='word_1_104' title='bbox 468 1658 591 1698; x_wconf 66' lang='lat' dir='ltr'><strong>esse</strong></span> <span class='ocrx_word' id='word_1_105' title='bbox 614 1643 837 1699; x_wconf 82' lang='lat' dir='ltr'><strong>desinit.</strong></span> <span class='ocrx_word' id='word_1_106' title='bbox 873 1643 1055 1709; x_wconf 81' lang='lat' dir='ltr'><strong>Quare</strong></span> <span class='ocrx_word' id='word_1_107' title='bbox 1083 1651 1137 1699; x_wconf 92' lang='lat' dir='ltr'><strong>et</strong></span> <span class='ocrx_word' id='word_1_108' title='bbox 1166 1644 1660 1703; x_wconf 85' lang='lat' dir='ltr'><strong>consubstantialis</strong></span> <span class='ocrx_word' id='word_1_109' title='bbox 1698 1658 1839 1715; x_wconf 88' lang='lat' dir='ltr'><strong>erat,</strong></span> <span class='ocrx_word' id='word_1_110' title='bbox 1862 1663 1914 1706; x_wconf 88' lang='lat' dir='ltr'><strong>et</strong></span> <span class='ocrx_word' id='word_1_111' title='bbox 1940 1658 2046 1714; x_wconf 88' lang='lat' dir='ltr'><strong>est,</strong></span> 
     </span>
    </p>
   </div>
   <div class='ocr_carea' id='block_1_18' title="bbox 467 1735 2051 1807">
    <p class='ocr_par' dir='ltr' id='par_1_18' title="bbox 467 1735 2051 1807">
     <span class='ocr_line' id='line_1_18' title="bbox 467 1735 2051 1807; baseline 0.006 -18"><span class='ocrx_word' id='word_1_112' title='bbox 467 1735 686 1806; x_wconf 76' lang='lat' dir='ltr'><strong>eritque</strong></span> <span class='ocrx_word' id='word_1_113' title='bbox 723 1744 1011 1807; x_wconf 88' lang='lat' dir='ltr'><strong>perpetuo,</strong></span> <span class='ocrx_word' id='word_1_114' title='bbox 1048 1739 1201 1793; x_wconf 83' lang='lat' dir='ltr'><strong>solus</strong></span> <span class='ocrx_word' id='word_1_115' title='bbox 1241 1754 1274 1794; x_wconf 92' lang='lat' dir='ltr'><strong>e</strong></span> <span class='ocrx_word' id='word_1_116' title='bbox 1323 1739 1463 1804; x_wconf 90' lang='lat' dir='ltr'><strong>solo,</strong></span> <span class='ocrx_word' id='word_1_117' title='bbox 1498 1754 1599 1795; x_wconf 90' lang='lat' dir='ltr'><strong>nec</strong></span> <span class='ocrx_word' id='word_1_118' title='bbox 1636 1740 1745 1795; x_wconf 91' lang='lat' dir='ltr'><strong>ulla</strong></span> <span class='ocrx_word' id='word_1_119' title='bbox 1787 1741 1842 1796; x_wconf 91' lang='lat' dir='ltr'><strong>in</strong></span> <span class='ocrx_word' id='word_1_120' title='bbox 1875 1759 1935 1798; x_wconf 90' lang='lat' dir='ltr'><strong>re</strong></span> <span class='ocrx_word' id='word_1_121' title='bbox 1982 1744 2051 1798; x_wconf 89' lang='lat' dir='ltr'><strong>ab</strong></span> 
     </span>
    </p>
   </div>
   <div class='ocr_carea' id='block_1_19' title="bbox 470 1827 2048 1903">
    <p class='ocr_par' dir='ltr' id='par_1_19' title="bbox 470 1827 2048 1903">
     <span class='ocr_line' id='line_1_19' title="bbox 470 1827 2048 1903; baseline 0.004 -23"><span class='ocrx_word' id='word_1_122' title='bbox 470 1828 619 1883; x_wconf 75' lang='lat' dir='ltr'><strong>ilius</strong></span> <span class='ocrx_word' id='word_1_123' title='bbox 648 1827 955 1884; x_wconf 83' lang='lat' dir='ltr'><strong>substantia</strong></span> <span class='ocrx_word' id='word_1_124' title='bbox 986 1827 1263 1891; x_wconf 89' lang='lat' dir='ltr'><strong>diversus,</strong></span> <span class='ocrx_word' id='word_1_125' title='bbox 1292 1828 1389 1883; x_wconf 84' lang='lat' dir='ltr'><strong>sed</strong></span> <span class='ocrx_word' id='word_1_126' title='bbox 1420 1844 1521 1899; x_wconf 90' lang='lat' dir='ltr'><strong>pro</strong></span> <span class='ocrx_word' id='word_1_127' title='bbox 1548 1830 1833 1885; x_wconf 88' lang='lat' dir='ltr'><strong>nominum</strong></span> <span class='ocrx_word' id='word_1_128' title='bbox 1865 1832 2048 1903; x_wconf 86' lang='lat' dir='ltr'><strong>digni-</strong></span> 
     </span>
    </p>
   </div>
   <div class='ocr_carea' id='block_1_20' title="bbox 2153 631 3735 702">
    <p class='ocr_par' dir='ltr' id='par_1_20' title="bbox 2153 631 3735 702">
     <span class='ocr_line' id='line_1_20' title="bbox 2153 631 3735 702; baseline 0.003 -19"><span class='ocrx_word' id='word_1_129' title='bbox 2153 631 2320 702; x_wconf 79' lang='grc' dir='ltr'>μένης</span> <span class='ocrx_word' id='word_1_130' title='bbox 2352 631 2496 700; x_wconf 79' lang='grc' dir='ltr'>ἔχειν</span> <span class='ocrx_word' id='word_1_131' title='bbox 2529 633 2621 685; x_wconf 75' lang='grc' dir='ltr'>τὸν</span> <span class='ocrx_word' id='word_1_132' title='bbox 2657 632 2782 686; x_wconf 76' lang='grc' dir='ltr'>Υίὸν</span> <span class='ocrx_word' id='word_1_133' title='bbox 2805 674 2821 698; x_wconf 90' lang='grc'><strong>,</strong></span> <span class='ocrx_word' id='word_1_134' title='bbox 2874 634 2956 686; x_wconf 83' lang='grc' dir='ltr'>ὅτι</span> <span class='ocrx_word' id='word_1_135' title='bbox 3006 632 3118 701; x_wconf 82' lang='grc' dir='ltr'>τῆς</span> <span class='ocrx_word' id='word_1_136' title='bbox 3162 632 3487 699; x_wconf 74' lang='grc' dir='ltr'><strong>βασιλείας</strong></span> <span class='ocrx_word' id='word_1_137' title='bbox 3530 631 3735 697; x_wconf 82' lang='grc' dir='ltr'>αὑτοῦ,</span> 
     </span>
    </p>
   </div>
   <div class='ocr_carea' id='block_1_21' title="bbox 2150 723 3738 794">
    <p class='ocr_par' dir='ltr' id='par_1_21' title="bbox 2150 723 3738 794">
     <span class='ocr_line' id='line_1_21' title="bbox 2150 723 3738 794; baseline 0.004 -21"><span class='ocrx_word' id='word_1_138' title='bbox 2150 723 2315 793; x_wconf 72' lang='grc' dir='ltr'>φησιν</span> <span class='ocrx_word' id='word_1_139' title='bbox 2361 725 2394 794; x_wconf 86' lang='grc' dir='ltr'><strong>ή</strong></span> <span class='ocrx_word' id='word_1_140' title='bbox 2456 723 2666 794; x_wconf 76' lang='grc' dir='ltr'>Γραφὴ,</span> <span class='ocrx_word' id='word_1_141' title='bbox 2720 726 2831 779; x_wconf 79' lang='grc' dir='ltr'><strong>οὐκ</strong></span> <span class='ocrx_word' id='word_1_142' title='bbox 2885 724 3053 778; x_wconf 75' lang='grc' dir='ltr'>ἔσται</span> <span class='ocrx_word' id='word_1_143' title='bbox 3101 725 3308 790; x_wconf 75' lang='grc' dir='ltr'>τέλος·</span> <span class='ocrx_word' id='word_1_144' title='bbox 3378 723 3467 777; x_wconf 75' lang='grc' dir='ltr'><strong>διὰ</strong></span> <span class='ocrx_word' id='word_1_145' title='bbox 3536 724 3598 776; x_wconf 85' lang='grc' dir='ltr'>τὸ</span> <span class='ocrx_word' id='word_1_146' title='bbox 3640 723 3738 779; x_wconf 73' lang='grc' dir='ltr'>σὺν</span> 
     </span>
    </p>
   </div>
   <div class='ocr_carea' id='block_1_22' title="bbox 2150 815 3737 887">
    <p class='ocr_par' dir='ltr' id='par_1_22' title="bbox 2150 815 3737 887">
     <span class='ocr_line' id='line_1_22' title="bbox 2150 815 3737 887; baseline 0 -19"><span class='ocrx_word' id='word_1_147' title='bbox 2150 816 2327 887; x_wconf 85' lang='grc' dir='ltr'>Πατρὶ</span> <span class='ocrx_word' id='word_1_148' title='bbox 2363 815 2669 885; x_wconf 80' lang='grc' dir='ltr'><strong>βασιλεύειν</strong></span> <span class='ocrx_word' id='word_1_149' title='bbox 2697 817 2785 869; x_wconf 72' lang='grc' dir='ltr'>ἀεὶ</span> <span class='ocrx_word' id='word_1_150' title='bbox 2820 818 2914 870; x_wconf 68' lang='grc' dir='ltr'>καὶ</span> <span class='ocrx_word' id='word_1_151' title='bbox 2945 817 3042 870; x_wconf 76' lang='grc' dir='ltr'>σὺν</span> <span class='ocrx_word' id='word_1_152' title='bbox 3086 817 3165 887; x_wconf 82' lang='grc' dir='ltr'>τῷ</span> <span class='ocrx_word' id='word_1_153' title='bbox 3196 818 3337 887; x_wconf 82' lang='grc' dir='ltr'>ἁγίῳ</span> <span class='ocrx_word' id='word_1_154' title='bbox 3370 815 3535 870; x_wconf 79' lang='grc' dir='ltr'>αὐτοῦ</span> <span class='ocrx_word' id='word_1_155' title='bbox 3570 816 3737 871; x_wconf 75' lang='grc' dir='ltr'>Πνεύ-</span> 
     </span>
    </p>
   </div>
   <div class='ocr_carea' id='block_1_23' title="bbox 2154 907 3738 980">
    <p class='ocr_par' dir='ltr' id='par_1_23' title="bbox 2154 907 3738 980">
     <span class='ocr_line' id='line_1_23' title="bbox 2154 907 3738 980; baseline 0.002 -21"><span class='ocrx_word' id='word_1_156' title='bbox 2154 923 2303 976; x_wconf 90' lang='grc' dir='ltr'>ματι.</span> <span class='ocrx_word' id='word_1_157' title='bbox 2335 907 2662 979; x_wconf 83' lang='grc' dir='ltr'>Ἐπειδήπερ</span> <span class='ocrx_word' id='word_1_158' title='bbox 2690 910 2799 962; x_wconf 76' lang='grc' dir='ltr'><strong>πᾶν</strong></span> <span class='ocrx_word' id='word_1_159' title='bbox 2831 909 2892 961; x_wconf 80' lang='grc' dir='ltr'>τὸ</span> <span class='ocrx_word' id='word_1_160' title='bbox 2918 909 3091 980; x_wconf 76' lang='grc' dir='ltr'>ἀρχὴν</span> <span class='ocrx_word' id='word_1_161' title='bbox 3120 909 3263 980; x_wconf 71' lang='grc' dir='ltr'>ἔχον,</span> <span class='ocrx_word' id='word_1_162' title='bbox 3294 910 3391 962; x_wconf 71' lang='grc' dir='ltr'>καὶ</span> <span class='ocrx_word' id='word_1_163' title='bbox 3423 909 3579 972; x_wconf 83' lang='grc' dir='ltr'>τέλος</span> <span class='ocrx_word' id='word_1_164' title='bbox 3605 908 3738 975; x_wconf 69' lang='grc' dir='ltr'>ἕξει,</span> 
     </span>
    </p>
   </div>
   <div class='ocr_carea' id='block_1_24' title="bbox 2151 996 3736 1073">
    <p class='ocr_par' dir='ltr' id='par_1_24' title="bbox 2151 996 3736 1073">
     <span class='ocr_line' id='line_1_24' title="bbox 2151 996 3736 1073; baseline 0.001 -22"><span class='ocrx_word' id='word_1_165' title='bbox 2151 1002 2198 1052; x_wconf 84' lang='grc' dir='ltr'><strong>εί</strong></span> <span class='ocrx_word' id='word_1_166' title='bbox 2230 998 2471 1069; x_wconf 86' lang='grc' dir='ltr'>βούλοιτο</span> <span class='ocrx_word' id='word_1_167' title='bbox 2495 1001 2523 1053; x_wconf 84' lang='grc' dir='ltr'>ὁ</span> <span class='ocrx_word' id='word_1_168' title='bbox 2554 996 2694 1053; x_wconf 73' lang='grc' dir='ltr'>εἶναι</span> <span class='ocrx_word' id='word_1_169' title='bbox 2734 1000 2810 1071; x_wconf 79' lang='grc' dir='ltr'>τῷ</span> <span class='ocrx_word' id='word_1_170' title='bbox 2844 1002 2943 1071; x_wconf 71' lang='grc' dir='ltr'><strong>τήν</strong></span> <span class='ocrx_word' id='word_1_171' title='bbox 2974 1001 3149 1073; x_wconf 79' lang='grc' dir='ltr'>ἀρχὴν</span> <span class='ocrx_word' id='word_1_172' title='bbox 3181 1000 3426 1069; x_wconf 72' lang='grc' dir='ltr'><strong>εἰληφότι</strong></span> <span class='ocrx_word' id='word_1_173' title='bbox 3459 1017 3736 1073; x_wconf 79' lang='grc' dir='ltr'>παρεσχη-</span> 
     </span>
    </p>
   </div>
   <div class='ocr_carea' id='block_1_25' title="bbox 2154 1092 3743 1165">
    <p class='ocr_par' dir='ltr' id='par_1_25' title="bbox 2154 1092 3743 1165">
     <span class='ocr_line' id='line_1_25' title="bbox 2154 1092 3743 1165; baseline -0.002 -19"><span class='ocrx_word' id='word_1_174' title='bbox 2154 1092 2313 1164; x_wconf 80' lang='grc' dir='ltr'><strong>μένος</strong></span> <span class='ocrx_word' id='word_1_175' title='bbox 2337 1108 2350 1121; x_wconf 86' lang='grc'><em>’</em></span> <span class='ocrx_word' id='word_1_176' title='bbox 2393 1093 2531 1164; x_wconf 83' lang='grc' dir='ltr'>ὅπερ</span> <span class='ocrx_word' id='word_1_177' title='bbox 2559 1095 2653 1146; x_wconf 74' lang='grc' dir='ltr'><strong>ἐπὶ</strong></span> <span class='ocrx_word' id='word_1_178' title='bbox 2694 1096 2831 1148; x_wconf 81' lang='grc' dir='ltr'>πᾶσι</span> <span class='ocrx_word' id='word_1_179' title='bbox 2866 1095 2964 1165; x_wconf 85' lang='grc' dir='ltr'>μὲν</span> <span class='ocrx_word' id='word_1_180' title='bbox 3001 1094 3296 1164; x_wconf 74' lang='grc' dir='ltr'>ἐνδέχεται,</span> <span class='ocrx_word' id='word_1_181' title='bbox 3324 1096 3418 1147; x_wconf 69' lang='grc' dir='ltr'><strong>ἐπὶ</strong></span> <span class='ocrx_word' id='word_1_182' title='bbox 3444 1094 3501 1147; x_wconf 82' lang='grc' dir='ltr'>δὲ</span> <span class='ocrx_word' id='word_1_183' title='bbox 3528 1092 3608 1163; x_wconf 83' lang='grc' dir='ltr'><strong>τῷ</strong></span> <span class='ocrx_word' id='word_1_184' title='bbox 3631 1093 3743 1161; x_wconf 85' lang='grc' dir='ltr'><strong>Υἱῴ</strong></span> 
     </span>
    </p>
   </div>
   <div class='ocr_carea' id='block_1_26' title="bbox 2166 1183 3742 1259">
    <p class='ocr_par' dir='ltr' id='par_1_26' title="bbox 2166 1183 3742 1259">
     <span class='ocr_line' id='line_1_26' title="bbox 2166 1183 3742 1259; baseline -0.004 -18"><span class='ocrx_word' id='word_1_185' title='bbox 2166 1186 2485 1241; x_wconf 75' lang='grc' dir='ltr'><strong>ἀνένδεκτόν</strong></span> <span class='ocrx_word' id='word_1_186' title='bbox 2514 1189 2683 1242; x_wconf 78' lang='grc' dir='ltr'>ἐστιν.</span> <span class='ocrx_word' id='word_1_187' title='bbox 2717 1186 2875 1240; x_wconf 81' lang='grc' dir='ltr'>Ἐστι</span> <span class='ocrx_word' id='word_1_188' title='bbox 2924 1187 3032 1259; x_wconf 90' lang='grc' dir='ltr'><strong>γὰρ</strong></span> <span class='ocrx_word' id='word_1_189' title='bbox 3064 1186 3152 1239; x_wconf 74' lang='grc' dir='ltr'>ἀεὶ</span> <span class='ocrx_word' id='word_1_190' title='bbox 3190 1186 3254 1239; x_wconf 80' lang='grc' dir='ltr'>ἐκ</span> <span class='ocrx_word' id='word_1_191' title='bbox 3292 1183 3387 1237; x_wconf 83' lang='grc' dir='ltr'>τοῦ</span> <span class='ocrx_word' id='word_1_192' title='bbox 3432 1184 3602 1248; x_wconf 76' lang='grc' dir='ltr'>ὄντος,</span> <span class='ocrx_word' id='word_1_193' title='bbox 3649 1185 3742 1237; x_wconf 85' lang='grc' dir='ltr'>καὶ</span> 
     </span>
    </p>
   </div>
   <div class='ocr_carea' id='block_1_27' title="bbox 2152 1273 3743 1347">
    <p class='ocr_par' dir='ltr' id='par_1_27' title="bbox 2152 1273 3743 1347">
     <span class='ocr_line' id='line_1_27' title="bbox 2152 1273 3743 1347; baseline -0.002 -18"><span class='ocrx_word' id='word_1_194' title='bbox 2152 1275 2304 1347; x_wconf 86' lang='grc' dir='ltr'><strong>παρά</strong></span> <span class='ocrx_word' id='word_1_195' title='bbox 2324 1275 2401 1347; x_wconf 87' lang='grc' dir='ltr'><strong>τῷ</strong></span> <span class='ocrx_word' id='word_1_196' title='bbox 2420 1276 2533 1330; x_wconf 73' lang='grc' dir='ltr'>ὄντι</span> <span class='ocrx_word' id='word_1_197' title='bbox 2554 1278 2662 1337; x_wconf 78' lang='grc' dir='ltr'>ἀεὶ,</span> <span class='ocrx_word' id='word_1_198' title='bbox 2698 1277 2792 1332; x_wconf 81' lang='grc' dir='ltr'>τοῦ</span> <span class='ocrx_word' id='word_1_199' title='bbox 2826 1273 2962 1330; x_wconf 78' lang='grc' dir='ltr'>εἶναι</span> <span class='ocrx_word' id='word_1_200' title='bbox 2996 1276 3261 1347; x_wconf 81' lang='grc' dir='ltr'>μηδέποτε</span> <span class='ocrx_word' id='word_1_201' title='bbox 3292 1275 3495 1346; x_wconf 85' lang='grc' dir='ltr'><strong>λήγων.</strong></span> <span class='ocrx_word' id='word_1_202' title='bbox 3525 1273 3618 1327; x_wconf 86' lang='grc' dir='ltr'><strong>Διὸ</strong></span> <span class='ocrx_word' id='word_1_203' title='bbox 3648 1274 3743 1327; x_wconf 74' lang='grc' dir='ltr'>καὶ</span> 
     </span>
    </p>
   </div>
   <div class='ocr_carea' id='block_1_28' title="bbox 2151 1366 3741 1443">
    <p class='ocr_par' dir='ltr' id='par_1_28' title="bbox 2151 1366 3741 1443">
     <span class='ocr_line' id='line_1_28' title="bbox 2151 1366 3741 1443; baseline -0.002 -20"><span class='ocrx_word' id='word_1_204' title='bbox 2151 1369 2432 1441; x_wconf 85' lang='grc' dir='ltr'>ὁμοούσιος</span> <span class='ocrx_word' id='word_1_205' title='bbox 2462 1366 2552 1443; x_wconf 77' lang='grc' dir='ltr'>ἦν,</span> <span class='ocrx_word' id='word_1_206' title='bbox 2599 1370 2717 1442; x_wconf 72' lang='grc' dir='ltr'>[καὶ</span> <span class='ocrx_word' id='word_1_207' title='bbox 2744 1368 2911 1441; x_wconf 78' lang='grc' dir='ltr'>ἕστι,]</span> <span class='ocrx_word' id='word_1_208' title='bbox 2951 1369 3047 1422; x_wconf 76' lang='grc' dir='ltr'>καὶ</span> <span class='ocrx_word' id='word_1_209' title='bbox 3082 1367 3255 1429; x_wconf 76' lang='grc' dir='ltr'>ἔσται,</span> <span class='ocrx_word' id='word_1_210' title='bbox 3287 1367 3445 1438; x_wconf 81' lang='grc' dir='ltr'>μόνος</span> <span class='ocrx_word' id='word_1_211' title='bbox 3465 1368 3530 1419; x_wconf 74' lang='grc' dir='ltr'>ἐκ</span> <span class='ocrx_word' id='word_1_212' title='bbox 3557 1366 3741 1437; x_wconf 85' lang='grc' dir='ltr'>μόνου,</span> 
     </span>
    </p>
   </div>
   <div class='ocr_carea' id='block_1_29' title="bbox 2152 1459 3744 1535">
    <p class='ocr_par' dir='ltr' id='par_1_29' title="bbox 2152 1459 3744 1535">
     <span class='ocr_line' id='line_1_29' title="bbox 2152 1459 3744 1535; baseline -0.001 -20"><span class='ocrx_word' id='word_1_213' title='bbox 2152 1463 2248 1515; x_wconf 76' lang='grc' dir='ltr'>καὶ</span> <span class='ocrx_word' id='word_1_214' title='bbox 2281 1464 2340 1517; x_wconf 86' lang='grc' dir='ltr'>ὲν</span> <span class='ocrx_word' id='word_1_215' title='bbox 2364 1463 2537 1516; x_wconf 81' lang='grc' dir='ltr'>οὐδενὶ</span> <span class='ocrx_word' id='word_1_216' title='bbox 2563 1466 2630 1534; x_wconf 80' lang='grc' dir='ltr'>τῇ</span> <span class='ocrx_word' id='word_1_217' title='bbox 2664 1464 2822 1535; x_wconf 79' lang='grc' dir='ltr'>οὐσίᾳ</span> <span class='ocrx_word' id='word_1_218' title='bbox 2854 1461 3328 1533; x_wconf 78' lang='grc' dir='ltr'><strong>παρηλλαγμένος,</strong></span> <span class='ocrx_word' id='word_1_219' title='bbox 3355 1460 3491 1514; x_wconf 87' lang='grc' dir='ltr'><strong>ἀλλά</strong></span> <span class='ocrx_word' id='word_1_220' title='bbox 3516 1459 3657 1513; x_wconf 84' lang='grc' dir='ltr'><strong>κατά</strong></span> <span class='ocrx_word' id='word_1_221' title='bbox 3683 1460 3744 1513; x_wconf 85' lang='grc' dir='ltr'>τὸ</span> 
     </span>
    </p>
   </div>
   <div class='ocr_carea' id='block_1_30' title="bbox 2157 1554 3741 1627">
    <p class='ocr_par' dir='ltr' id='par_1_30' title="bbox 2157 1554 3741 1627">
     <span class='ocr_line' id='line_1_30' title="bbox 2157 1554 3741 1627; baseline -0.001 -18"><span class='ocrx_word' id='word_1_222' title='bbox 2157 1555 2375 1626; x_wconf 82' lang='grc' dir='ltr'>ἀξίωμα</span> <span class='ocrx_word' id='word_1_223' title='bbox 2402 1555 2513 1610; x_wconf 82' lang='grc' dir='ltr'><strong>τῶν</strong></span> <span class='ocrx_word' id='word_1_224' title='bbox 2542 1557 2823 1627; x_wconf 80' lang='grc' dir='ltr'><strong>ὀνομάτων</strong></span> <span class='ocrx_word' id='word_1_225' title='bbox 2854 1554 3123 1626; x_wconf 81' lang='grc' dir='ltr'>μενούσης</span> <span class='ocrx_word' id='word_1_226' title='bbox 3159 1556 3257 1627; x_wconf 82' lang='grc' dir='ltr'>τῆς</span> <span class='ocrx_word' id='word_1_227' title='bbox 3301 1555 3553 1625; x_wconf 85' lang='grc' dir='ltr'><strong>θεότητος</strong></span> <span class='ocrx_word' id='word_1_228' title='bbox 3591 1555 3650 1607; x_wconf 83' lang='grc' dir='ltr'>ὲν</span> <span class='ocrx_word' id='word_1_229' title='bbox 3673 1557 3741 1625; x_wconf 67' lang='grc' dir='ltr'>τῇ</span> 
     </span>
    </p>
   </div>
   <div class='ocr_carea' id='block_1_31' title="bbox 2151 1645 3739 1720">
    <p class='ocr_par' dir='ltr' id='par_1_31' title="bbox 2151 1645 3739 1720">
     <span class='ocr_line' id='line_1_31' title="bbox 2151 1645 3739 1720; baseline -0.003 -20"><span class='ocrx_word' id='word_1_230' title='bbox 2151 1647 2475 1718; x_wconf 87' lang='grc' dir='ltr'>ταυτότητι,</span> <span class='ocrx_word' id='word_1_231' title='bbox 2528 1646 2653 1701; x_wconf 78' lang='grc' dir='ltr'>οὔτε</span> <span class='ocrx_word' id='word_1_232' title='bbox 2716 1648 3047 1720; x_wconf 78' lang='grc' dir='ltr'>συναλοιφὴν</span> <span class='ocrx_word' id='word_1_233' title='bbox 3099 1648 3331 1718; x_wconf 79' lang='grc' dir='ltr'>ἔχουσα,</span> <span class='ocrx_word' id='word_1_234' title='bbox 3385 1645 3511 1700; x_wconf 75' lang='grc' dir='ltr'>οὐτε</span> <span class='ocrx_word' id='word_1_235' title='bbox 3565 1645 3739 1717; x_wconf 76' lang='grc' dir='ltr'>ἀρχὴν</span> 
     </span>
    </p>
   </div>
   <div class='ocr_carea' id='block_1_32' title="bbox 2153 1736 3740 1811">
    <p class='ocr_par' dir='ltr' id='par_1_32' title="bbox 2153 1736 3740 1811">
     <span class='ocr_line' id='line_1_32' title="bbox 2153 1736 3740 1811; baseline -0.002 -18"><span class='ocrx_word' id='word_1_236' title='bbox 2153 1741 2318 1810; x_wconf 77' lang='grc' dir='ltr'>ἑαυτῇ</span> <span class='ocrx_word' id='word_1_237' title='bbox 2366 1739 2681 1811; x_wconf 78' lang='grc' dir='ltr'>παρέχουσα</span> <span class='ocrx_word' id='word_1_238' title='bbox 2726 1738 2819 1792; x_wconf 80' lang='grc' dir='ltr'>τοῦ</span> <span class='ocrx_word' id='word_1_239' title='bbox 2868 1736 3027 1803; x_wconf 80' lang='grc' dir='ltr'>εἶναι,</span> <span class='ocrx_word' id='word_1_240' title='bbox 3089 1740 3216 1792; x_wconf 74' lang='grc' dir='ltr'>οὔτε</span> <span class='ocrx_word' id='word_1_241' title='bbox 3245 1740 3513 1810; x_wconf 77' lang='grc' dir='ltr'>δεχομένη</span> <span class='ocrx_word' id='word_1_242' title='bbox 3548 1737 3612 1791; x_wconf 84' lang='grc' dir='ltr'><strong>τὺ</strong></span> <span class='ocrx_word' id='word_1_243' title='bbox 3642 1739 3740 1791; x_wconf 82' lang='grc' dir='ltr'>ἀν·-</span> 
     </span>
    </p>
   </div>
   <div class='ocr_carea' id='block_1_33' title="bbox 2154 1826 3740 1903">
    <p class='ocr_par' dir='ltr' id='par_1_33' title="bbox 2154 1826 3740 1903">
     <span class='ocr_line' id='line_1_33' title="bbox 2154 1826 3740 1903; baseline -0.002 -19"><span class='ocrx_word' id='word_1_244' title='bbox 2154 1832 2340 1903; x_wconf 85' lang='grc' dir='ltr'>όμοιον</span> <span class='ocrx_word' id='word_1_245' title='bbox 2381 1832 2545 1902; x_wconf 77' lang='grc' dir='ltr'>ἑαυτῇ</span> <span class='ocrx_word' id='word_1_246' title='bbox 2576 1831 2867 1903; x_wconf 78' lang='grc' dir='ltr'>ὑπάρχειν,</span> <span class='ocrx_word' id='word_1_247' title='bbox 2911 1834 2945 1902; x_wconf 84' lang='grc' dir='ltr'><strong>ή</strong></span> <span class='ocrx_word' id='word_1_248' title='bbox 2987 1832 3075 1886; x_wconf 76' lang='grc' dir='ltr'>ἀεὶ</span> <span class='ocrx_word' id='word_1_249' title='bbox 3121 1826 3274 1896; x_wconf 80' lang='grc' dir='ltr'>οὖσα,</span> <span class='ocrx_word' id='word_1_250' title='bbox 3326 1832 3422 1884; x_wconf 72' lang='grc' dir='ltr'>καὶ</span> <span class='ocrx_word' id='word_1_251' title='bbox 3470 1829 3740 1902; x_wconf 75' lang='grc' dir='ltr'>μηδέποτε</span> 
     </span>
    </p>
   </div>
   <div class='ocr_carea' id='block_1_34' title="bbox 471 1919 2051 1996">
    <p class='ocr_par' dir='ltr' id='par_1_34' title="bbox 471 1919 2051 1991">
     <span class='ocr_line' id='line_1_34' title="bbox 471 1919 2051 1991; baseline 0.005 -20"><span class='ocrx_word' id='word_1_252' title='bbox 471 1928 586 1975; x_wconf 86' lang='lat' dir='ltr'><strong>tate</strong></span> <span class='ocrx_word' id='word_1_253' title='bbox 608 1919 869 1976; x_wconf 78' lang='lat' dir='ltr'><strong>divinitas</strong></span> <span class='ocrx_word' id='word_1_254' title='bbox 898 1920 953 1974; x_wconf 94' lang='lat' dir='ltr'><strong>in</strong></span> <span class='ocrx_word' id='word_1_255' title='bbox 977 1920 1265 1976; x_wconf 87' lang='lat' dir='ltr'><strong>idenlitate</strong></span> <span class='ocrx_word' id='word_1_256' title='bbox 1289 1930 1628 1991; x_wconf 80' lang='lat' dir='ltr'><strong>perseverat,</strong></span> <span class='ocrx_word' id='word_1_257' title='bbox 1648 1938 1755 1977; x_wconf 87' lang='lat' dir='ltr'><strong>nun</strong></span> <span class='ocrx_word' id='word_1_258' title='bbox 1790 1923 1899 1980; x_wconf 89' lang='lat' dir='ltr'><strong>ulla</strong></span> <span class='ocrx_word' id='word_1_259' title='bbox 1922 1940 2051 1980; x_wconf 89' lang='lat' dir='ltr'><strong>con-</strong></span> 
     </span>
    </p>
   </div>
   <div class='ocr_carea' id='block_1_35' title="bbox 2156 1919 3744 1996">
    <p class='ocr_par' dir='ltr' id='par_1_35' title="bbox 2156 1922 3744 1996">
     <span class='ocr_line' id='line_1_35' title="bbox 2156 1922 3744 1996; baseline -0.002 -17"><span class='ocrx_word' id='word_1_260' title='bbox 2156 1926 2247 1979; x_wconf 81' lang='grc' dir='ltr'>τοῦ</span> <span class='ocrx_word' id='word_1_261' title='bbox 2274 1922 2414 1981; x_wconf 82' lang='grc' dir='ltr'>εἶναι</span> <span class='ocrx_word' id='word_1_262' title='bbox 2444 1926 2707 1996; x_wconf 84' lang='grc' dir='ltr'><strong>λήγουσα,</strong></span> <span class='ocrx_word' id='word_1_263' title='bbox 2746 1926 3146 1996; x_wconf 81' lang='grc' dir='ltr'>συμπρέπουσα</span> <span class='ocrx_word' id='word_1_264' title='bbox 3174 1925 3230 1979; x_wconf 84' lang='grc' dir='ltr'>δὲ</span> <span class='ocrx_word' id='word_1_265' title='bbox 3260 1926 3421 1996; x_wconf 78' lang='grc' dir='ltr'>αὐτῇ,</span> <span class='ocrx_word' id='word_1_266' title='bbox 3453 1924 3540 1978; x_wconf 82' lang='grc' dir='ltr'>ἀεὶ</span> <span class='ocrx_word' id='word_1_267' title='bbox 3565 1926 3623 1977; x_wconf 77' lang='grc' dir='ltr'>ὲν</span> <span class='ocrx_word' id='word_1_268' title='bbox 3666 1922 3744 1992; x_wconf 82' lang='grc' dir='ltr'>τῷ</span> 
     </span>
    </p>
   </div>
   <div class='ocr_carea' id='block_1_36' title="bbox 468 2010 2052 2085">
    <p class='ocr_par' dir='ltr' id='par_1_36' title="bbox 468 2010 2052 2085">
     <span class='ocr_line' id='line_1_36' title="bbox 468 2010 2052 2085; baseline 0.006 -22"><span class='ocrx_word' id='word_1_269' title='bbox 468 2010 687 2066; x_wconf 82' lang='lat' dir='ltr'><strong>fusione</strong></span> <span class='ocrx_word' id='word_1_270' title='bbox 732 2010 1076 2075; x_wconf 84' lang='lat' dir='ltr'><strong>coalescens,</strong></span> <span class='ocrx_word' id='word_1_271' title='bbox 1123 2026 1303 2082; x_wconf 91' lang='lat' dir='ltr'><strong>neque</strong></span> <span class='ocrx_word' id='word_1_272' title='bbox 1349 2012 1455 2067; x_wconf 86' lang='lat' dir='ltr'><strong>sibi</strong></span> <span class='ocrx_word' id='word_1_273' title='bbox 1497 2012 1624 2083; x_wconf 87' lang='lat' dir='ltr'><strong>ipsi,</strong></span> <span class='ocrx_word' id='word_1_274' title='bbox 1660 2014 1805 2068; x_wconf 79' lang='lat' dir='ltr'><strong>velut</strong></span> <span class='ocrx_word' id='word_1_275' title='bbox 1847 2016 2052 2085; x_wconf 88' lang='lat' dir='ltr'><strong>princi-</strong></span> 
     </span>
    </p>
   </div>
   <div class='ocr_carea' id='block_1_37' title="bbox 470 2102 2045 2175">
    <p class='ocr_par' dir='ltr' id='par_1_37' title="bbox 470 2102 2045 2175">
     <span class='ocr_line' id='line_1_37' title="bbox 470 2102 2045 2175; baseline 0.001 -16"><span class='ocrx_word' id='word_1_276' title='bbox 470 2104 619 2174; x_wconf 86' lang='lat' dir='ltr'><strong>pium</strong></span> <span class='ocrx_word' id='word_1_277' title='bbox 638 2102 940 2173; x_wconf 89' lang='lat' dir='ltr'><strong>quoddam,</strong></span> <span class='ocrx_word' id='word_1_278' title='bbox 980 2110 1040 2156; x_wconf 93' lang='lat' dir='ltr'><strong>ut</strong></span> <span class='ocrx_word' id='word_1_279' title='bbox 1075 2102 1170 2165; x_wconf 89' lang='lat' dir='ltr'><strong>sit,</strong></span> <span class='ocrx_word' id='word_1_280' title='bbox 1202 2104 1486 2167; x_wconf 84' lang='lat' dir='ltr'><strong>tribuens;</strong></span> <span class='ocrx_word' id='word_1_281' title='bbox 1518 2118 1697 2173; x_wconf 89' lang='lat' dir='ltr'><strong>neque</strong></span> <span class='ocrx_word' id='word_1_282' title='bbox 1745 2105 2045 2175; x_wconf 69' lang='lat' dir='ltr'><strong>quidmtam</strong></span> 
     </span>
    </p>
   </div>
   <div class='ocr_carea' id='block_1_38' title="bbox 469 2193 2053 2264">
    <p class='ocr_par' dir='ltr' id='par_1_38' title="bbox 469 2193 2053 2264">
     <span class='ocr_line' id='line_1_38' title="bbox 469 2193 2053 2264; baseline 0 -14"><span class='ocrx_word' id='word_1_283' title='bbox 469 2195 555 2251; x_wconf 91' lang='lat' dir='ltr'><strong>sui</strong></span> <span class='ocrx_word' id='word_1_284' title='bbox 600 2193 872 2250; x_wconf 88' lang='lat' dir='ltr'><strong>dissimile</strong></span> <span class='ocrx_word' id='word_1_285' title='bbox 923 2193 979 2247; x_wconf 92' lang='lat' dir='ltr'><strong>in</strong></span> <span class='ocrx_word' id='word_1_286' title='bbox 1031 2193 1269 2264; x_wconf 89' lang='lat' dir='ltr'><strong>seipsam</strong></span> <span class='ocrx_word' id='word_1_287' title='bbox 1316 2193 1652 2256; x_wconf 86' lang='lat' dir='ltr'><strong>admittens,</strong></span> <span class='ocrx_word' id='word_1_288' title='bbox 1701 2209 1823 2263; x_wconf 74' lang='lat' dir='ltr'><strong>qua:</strong></span> <span class='ocrx_word' id='word_1_289' title='bbox 1867 2204 1924 2250; x_wconf 90' lang='lat' dir='ltr'><strong>et</strong></span> <span class='ocrx_word' id='word_1_290' title='bbox 1965 2203 2053 2250; x_wconf 91' lang='lat' dir='ltr'><strong>est</strong></span> 
     </span>
    </p>
   </div>
   <div class='ocr_carea' id='block_1_39' title="bbox 470 2284 2049 2359">
    <p class='ocr_par' dir='ltr' id='par_1_39' title="bbox 470 2284 2049 2359">
     <span class='ocr_line' id='line_1_39' title="bbox 470 2284 2049 2359; baseline 0.002 -18"><span class='ocrx_word' id='word_1_291' title='bbox 470 2302 713 2359; x_wconf 84' lang='lat' dir='ltr'><strong>semper,</strong></span> <span class='ocrx_word' id='word_1_292' title='bbox 748 2293 804 2341; x_wconf 90' lang='lat' dir='ltr'><strong>et</strong></span> <span class='ocrx_word' id='word_1_293' title='bbox 830 2299 957 2342; x_wconf 88' lang='lat' dir='ltr'><strong>esse</strong></span> <span class='ocrx_word' id='word_1_294' title='bbox 993 2300 1277 2356; x_wconf 85' lang='lat' dir='ltr'><strong>nunquam</strong></span> <span class='ocrx_word' id='word_1_295' title='bbox 1313 2284 1538 2351; x_wconf 88' lang='lat' dir='ltr'><strong>desinit,</strong></span> <span class='ocrx_word' id='word_1_296' title='bbox 1571 2285 1675 2341; x_wconf 89' lang='lat' dir='ltr'><strong>sibi</strong></span> <span class='ocrx_word' id='word_1_297' title='bbox 1710 2286 1810 2356; x_wconf 89' lang='lat' dir='ltr'><strong>ipsi</strong></span> <span class='ocrx_word' id='word_1_298' title='bbox 1847 2292 2049 2344; x_wconf 59' lang='lat' dir='ltr'><strong>conre-</strong></span> 
     </span>
    </p>
   </div>
   <div class='ocr_carea' id='block_1_40' title="bbox 473 2375 2049 2448">
    <p class='ocr_par' dir='ltr' id='par_1_40' title="bbox 473 2375 2049 2448">
     <span class='ocr_line' id='line_1_40' title="bbox 473 2375 2049 2448; baseline 0.001 -15"><span class='ocrx_word' id='word_1_299' title='bbox 473 2380 654 2444; x_wconf 86' lang='lat' dir='ltr'><strong>niens,</strong></span> <span class='ocrx_word' id='word_1_300' title='bbox 696 2378 753 2433; x_wconf 89' lang='lat' dir='ltr'><strong>in</strong></span> <span class='ocrx_word' id='word_1_301' title='bbox 800 2377 1134 2447; x_wconf 86' lang='lat' dir='ltr'><strong>sempiterna</strong></span> <span class='ocrx_word' id='word_1_302' title='bbox 1174 2376 1444 2448; x_wconf 85' lang='lat' dir='ltr'><strong>dignitate</strong></span> <span class='ocrx_word' id='word_1_303' title='bbox 1484 2375 1665 2433; x_wconf 85' lang='lat' dir='ltr'><strong>Patris</strong></span> <span class='ocrx_word' id='word_1_304' title='bbox 1710 2377 1782 2433; x_wconf 89' lang='lat' dir='ltr'><strong>ad</strong></span> <span class='ocrx_word' id='word_1_305' title='bbox 1826 2378 2049 2445; x_wconf 78' lang='lat' dir='ltr'><strong>Filium,</strong></span> 
     </span>
    </p>
   </div>
   <div class='ocr_carea' id='block_1_41' title="bbox 2124 2014 3743 2092">
    <p class='ocr_par' dir='ltr' id='par_1_41' title="bbox 2124 2014 3743 2092">
     <span class='ocr_line' id='line_1_41' title="bbox 2124 2014 3743 2092; baseline -0.004 -17"><span class='ocrx_word' id='word_1_306' title='bbox 2124 2070 2136 2086; x_wconf 81' lang='grc'><strong>,</strong></span> <span class='ocrx_word' id='word_1_307' title='bbox 2156 2020 2426 2092; x_wconf 78' lang='grc' dir='ltr'>ἀξιώματι</span> <span class='ocrx_word' id='word_1_308' title='bbox 2458 2020 2673 2092; x_wconf 74' lang='grc' dir='ltr'>Πατρδς</span> <span class='ocrx_word' id='word_1_309' title='bbox 2698 2020 2837 2092; x_wconf 80' lang='grc' dir='ltr'>πρὸς</span> <span class='ocrx_word' id='word_1_310' title='bbox 2863 2019 3012 2083; x_wconf 84' lang='grc' dir='ltr'>Υἱὸν,</span> <span class='ocrx_word' id='word_1_311' title='bbox 3048 2020 3142 2072; x_wconf 74' lang='grc' dir='ltr'>καὶ</span> <span class='ocrx_word' id='word_1_312' title='bbox 3174 2017 3308 2073; x_wconf 80' lang='grc' dir='ltr'><strong>Υιοῦ</strong></span> <span class='ocrx_word' id='word_1_313' title='bbox 3340 2017 3476 2087; x_wconf 85' lang='grc' dir='ltr'>πρὸς</span> <span class='ocrx_word' id='word_1_314' title='bbox 3502 2014 3743 2087; x_wconf 78' lang='grc' dir='ltr'><strong>Πατέρα,</strong></span> 
     </span>
    </p>
   </div>
   <div class='ocr_carea' id='block_1_42' title="bbox 2157 2107 3748 2183">
    <p class='ocr_par' dir='ltr' id='par_1_42' title="bbox 2157 2107 3748 2183">
     <span class='ocr_line' id='line_1_42' title="bbox 2157 2107 3748 2183; baseline -0.004 -15"><span class='ocrx_word' id='word_1_315' title='bbox 2157 2114 2252 2168; x_wconf 71' lang='grc' dir='ltr'>καὶ</span> <span class='ocrx_word' id='word_1_316' title='bbox 2304 2113 2463 2183; x_wconf 80' lang='grc' dir='ltr'>ἀγίου</span> <span class='ocrx_word' id='word_1_317' title='bbox 2508 2112 2851 2183; x_wconf 83' lang='grc' dir='ltr'>Πνεύματος,</span> <span class='ocrx_word' id='word_1_318' title='bbox 2906 2113 3002 2166; x_wconf 84' lang='grc' dir='ltr'>σὺν</span> <span class='ocrx_word' id='word_1_319' title='bbox 3062 2111 3239 2182; x_wconf 78' lang='grc' dir='ltr'>Πατρὶ</span> <span class='ocrx_word' id='word_1_320' title='bbox 3272 2110 3368 2165; x_wconf 77' lang='grc' dir='ltr'>καὶ</span> <span class='ocrx_word' id='word_1_321' title='bbox 3406 2107 3523 2180; x_wconf 82' lang='grc' dir='ltr'><strong>Υίῷ</strong></span> <span class='ocrx_word' id='word_1_322' title='bbox 3569 2108 3748 2179; x_wconf 84' lang='grc' dir='ltr'>ὐπάρ-</span> 
     </span>
    </p>
   </div>
   <div class='ocr_carea' id='block_1_43' title="bbox 2156 2200 3746 2277">
    <p class='ocr_par' dir='ltr' id='par_1_43' title="bbox 2156 2200 3746 2277">
     <span class='ocr_line' id='line_1_43' title="bbox 2156 2200 3746 2277; baseline -0.004 -18"><span class='ocrx_word' id='word_1_323' title='bbox 2156 2222 2351 2277; x_wconf 84' lang='grc' dir='ltr'>χουσα,</span> <span class='ocrx_word' id='word_1_324' title='bbox 2401 2206 2499 2259; x_wconf 70' lang='grc' dir='ltr'>καὶ</span> <span class='ocrx_word' id='word_1_325' title='bbox 2532 2205 2803 2277; x_wconf 85' lang='grc' dir='ltr'>μηδέποτε</span> <span class='ocrx_word' id='word_1_326' title='bbox 2836 2204 3207 2258; x_wconf 87' lang='grc' dir='ltr'>διαλείπουσα.</span> <span class='ocrx_word' id='word_1_327' title='bbox 3249 2203 3407 2256; x_wconf 86' lang='grc' dir='ltr'>Ἔστι</span> <span class='ocrx_word' id='word_1_328' title='bbox 3442 2200 3550 2272; x_wconf 79' lang='grc' dir='ltr'>γὰρ</span> <span class='ocrx_word' id='word_1_329' title='bbox 3578 2201 3746 2270; x_wconf 70' lang='grc' dir='ltr'>ἑαυτῇ</span> 
     </span>
    </p>
   </div>
   <div class='ocr_carea' id='block_1_44' title="bbox 2160 2290 3748 2368">
    <p class='ocr_par' dir='ltr' id='par_1_44' title="bbox 2160 2290 3748 2368">
     <span class='ocr_line' id='line_1_44' title="bbox 2160 2290 3748 2368; baseline -0.003 -19"><span class='ocrx_word' id='word_1_330' title='bbox 2160 2295 2494 2366; x_wconf 78' lang='grc' dir='ltr'>ἀσύγκριτος</span> <span class='ocrx_word' id='word_1_331' title='bbox 2520 2299 2554 2368; x_wconf 86' lang='grc' dir='ltr'><strong>ή</strong></span> <span class='ocrx_word' id='word_1_332' title='bbox 2581 2295 2775 2367; x_wconf 81' lang='grc' dir='ltr'>Τριάς,</span> <span class='ocrx_word' id='word_1_333' title='bbox 2801 2294 3063 2367; x_wconf 80' lang='grc' dir='ltr'>διαίρεσιν</span> <span class='ocrx_word' id='word_1_334' title='bbox 3093 2294 3347 2366; x_wconf 77' lang='grc' dir='ltr'>οὐδεμίαν</span> <span class='ocrx_word' id='word_1_335' title='bbox 3379 2297 3438 2349; x_wconf 82' lang='grc' dir='ltr'>ὲν</span> <span class='ocrx_word' id='word_1_336' title='bbox 3463 2292 3541 2364; x_wconf 84' lang='grc' dir='ltr'>τῷ</span> <span class='ocrx_word' id='word_1_337' title='bbox 3582 2290 3748 2357; x_wconf 80' lang='grc' dir='ltr'>ἀξιώ-</span> 
     </span>
    </p>
   </div>
   <div class='ocr_carea' id='block_1_45' title="bbox 2166 2387 2735 2459">
    <p class='ocr_par' dir='ltr' id='par_1_45' title="bbox 2166 2387 2735 2459">
     <span class='ocr_line' id='line_1_45' title="bbox 2166 2387 2735 2459; baseline 0.004 -20"><span class='ocrx_word' id='word_1_338' title='bbox 2166 2402 2297 2457; x_wconf 86' lang='grc' dir='ltr'>ματι</span> <span class='ocrx_word' id='word_1_339' title='bbox 2340 2387 2735 2459; x_wconf 77' lang='grc' dir='ltr'>ὑποδεχομένη.</span> 
     </span>
    </p>
   </div>
   <div class='ocr_carea' id='block_1_46' title="bbox 469 2471 3747 2555">
    <p class='ocr_par' dir='ltr' id='par_1_46' title="bbox 469 2471 3747 2555">
     <span class='ocr_line' id='line_1_46' title="bbox 469 2471 3747 2555; baseline 0.002 -25"><span class='ocrx_word' id='word_1_340' title='bbox 469 2475 594 2531; x_wconf 86' lang='lat' dir='ltr'><strong>Filii</strong></span> <span class='ocrx_word' id='word_1_341' title='bbox 625 2474 695 2530; x_wconf 92' lang='lat' dir='ltr'><strong>ad</strong></span> <span class='ocrx_word' id='word_1_342' title='bbox 724 2474 964 2537; x_wconf 86' lang='lat' dir='ltr'><strong>Patrem,</strong></span> <span class='ocrx_word' id='word_1_343' title='bbox 997 2473 1173 2531; x_wconf 86' lang='lat' dir='ltr'><strong>sancti</strong></span> <span class='ocrx_word' id='word_1_344' title='bbox 1215 2471 1462 2544; x_wconf 82' lang='lat' dir='ltr'><strong>Spiritus</strong></span> <span class='ocrx_word' id='word_1_345' title='bbox 1510 2489 1638 2529; x_wconf 90' lang='lat' dir='ltr'><strong>cum</strong></span> <span class='ocrx_word' id='word_1_346' title='bbox 1674 2473 1836 2530; x_wconf 86' lang='lat' dir='ltr'><strong>Patre</strong></span> <span class='ocrx_word' id='word_1_347' title='bbox 1887 2485 1941 2532; x_wconf 80' lang='lat' dir='ltr'><strong>et</strong></span> <span class='ocrx_word' id='word_1_348' title='bbox 1998 2476 2138 2535; x_wconf 87' lang='lat' dir='ltr'><strong>Filio</strong></span> <span class='ocrx_word' id='word_1_349' title='bbox 2171 2482 2293 2538; x_wconf 91' lang='lat' dir='ltr'><strong>sin&#39;e</strong></span> <span class='ocrx_word' id='word_1_350' title='bbox 2352 2483 2464 2537; x_wconf 88' lang='lat' dir='ltr'><strong>ulla</strong></span> <span class='ocrx_word' id='word_1_351' title='bbox 2516 2484 2919 2555; x_wconf 74' lang='lat' dir='ltr'><strong>interruptione</strong></span> <span class='ocrx_word' id='word_1_352' title='bbox 2968 2485 3305 2541; x_wconf 87' lang='lat' dir='ltr'><strong>consistens.</strong></span> <span class='ocrx_word' id='word_1_353' title='bbox 3354 2482 3543 2554; x_wconf 86' lang='lat' dir='ltr'><strong>Neque</strong></span> <span class='ocrx_word' id='word_1_354' title='bbox 3600 2481 3747 2537; x_wconf 84' lang='lat' dir='ltr'><strong>enim</strong></span> 
     </span>
    </p>
   </div>
   <div class='ocr_carea' id='block_1_47' title="bbox 472 2564 3001 2646">
    <p class='ocr_par' dir='ltr' id='par_1_47' title="bbox 472 2564 3001 2646">
     <span class='ocr_line' id='line_1_47' title="bbox 472 2564 3001 2646; baseline 0.002 -20"><span class='ocrx_word' id='word_1_355' title='bbox 472 2583 657 2626; x_wconf 88' lang='lat' dir='ltr'><strong>secum</strong></span> <span class='ocrx_word' id='word_1_356' title='bbox 689 2568 805 2639; x_wconf 87' lang='lat' dir='ltr'><strong>ipsa</strong></span> <span class='ocrx_word' id='word_1_357' title='bbox 836 2566 1147 2637; x_wconf 84' lang='lat' dir='ltr'><strong>comparari</strong></span> <span class='ocrx_word' id='word_1_358' title='bbox 1178 2564 1423 2621; x_wconf 86' lang='lat' dir='ltr'><strong>Trinitas</strong></span> <span class='ocrx_word' id='word_1_359' title='bbox 1456 2575 1658 2638; x_wconf 83' lang='lat' dir='ltr'><strong>potest,</strong></span> <span class='ocrx_word' id='word_1_360' title='bbox 1693 2582 1816 2637; x_wconf 64' lang='lat' dir='ltr'><strong>quae</strong></span> <span class='ocrx_word' id='word_1_361' title='bbox 1840 2582 2059 2626; x_wconf 85' lang='lat' dir='ltr'><strong>omnem</strong></span> <span class='ocrx_word' id='word_1_362' title='bbox 2094 2570 2379 2645; x_wconf 76' lang='lat' dir='ltr'><strong>dignitatis</strong></span> <span class='ocrx_word' id='word_1_363' title='bbox 2411 2574 2740 2630; x_wconf 83' lang='lat' dir='ltr'><strong>divisionem</strong></span> <span class='ocrx_word' id='word_1_364' title='bbox 2768 2576 3001 2646; x_wconf 88' lang='lat' dir='ltr'><strong>respuit.</strong></span> 
     </span>
    </p>
   </div>
   <div class='ocr_carea' id='block_1_48' title="bbox 975 2676 1538 2735">
    <p class='ocr_par' dir='ltr' id='par_1_48' title="bbox 975 2676 1538 2735">
     <span class='ocr_line' id='line_1_48' title="bbox 975 2676 1538 2735; baseline 0.002 -1"><span class='ocrx_word' id='word_1_365' title='bbox 975 2677 1161 2734; x_wconf 80' lang='lat' dir='ltr'><strong>AETII</strong></span> <span class='ocrx_word' id='word_1_366' title='bbox 1200 2676 1432 2734; x_wconf 81' lang='lat' dir='ltr'><strong>CAPUT</strong></span> <span class='ocrx_word' id='word_1_367' title='bbox 1472 2677 1538 2735; x_wconf 73' lang='grc' dir='ltr'>ν.</span> 
     </span>
    </p>
   </div>
   <div class='ocr_carea' id='block_1_49' title="bbox 542 2771 2051 2847">
    <p class='ocr_par' dir='ltr' id='par_1_49' title="bbox 542 2771 2051 2847">
     <span class='ocr_line' id='line_1_49' title="bbox 542 2771 2051 2847; baseline -0.003 -15"><span class='ocrx_word' id='word_1_368' title='bbox 542 2774 602 2832; x_wconf 88' lang='lat' dir='ltr'><strong>Si</strong></span> <span class='ocrx_word' id='word_1_369' title='bbox 637 2774 913 2847; x_wconf 86' lang='lat' dir='ltr'><strong>ingenitus</strong></span> <span class='ocrx_word' id='word_1_370' title='bbox 951 2772 1257 2828; x_wconf 85' lang='lat' dir='ltr'><strong>substantia</strong></span> <span class='ocrx_word' id='word_1_371' title='bbox 1300 2771 1444 2828; x_wconf 89' lang='lat' dir='ltr'><strong>Deus</strong></span> <span class='ocrx_word' id='word_1_372' title='bbox 1471 2780 1600 2837; x_wconf 89' lang='lat' dir='ltr'><strong>est,</strong></span> <span class='ocrx_word' id='word_1_373' title='bbox 1638 2772 1782 2843; x_wconf 87' lang='lat' dir='ltr'><strong>quod</strong></span> <span class='ocrx_word' id='word_1_374' title='bbox 1810 2774 2051 2843; x_wconf 80' lang='lat' dir='ltr'><strong>genitum</strong></span> 
     </span>
    </p>
   </div>
   <div class='ocr_carea' id='block_1_50' title="bbox 470 2862 2053 2934">
    <p class='ocr_par' dir='ltr' id='par_1_50' title="bbox 470 2862 2053 2934">
     <span class='ocr_line' id='line_1_50' title="bbox 470 2862 2053 2934; baseline -0.004 -11"><span class='ocrx_word' id='word_1_375' title='bbox 470 2876 576 2934; x_wconf 83' lang='lat' dir='ltr'><strong>est,</strong></span> <span class='ocrx_word' id='word_1_376' title='bbox 619 2882 730 2922; x_wconf 91' lang='lat' dir='ltr'><strong>non</strong></span> <span class='ocrx_word' id='word_1_377' title='bbox 782 2863 1143 2921; x_wconf 87' lang='lat' dir='ltr'><strong>distractione</strong></span> <span class='ocrx_word' id='word_1_378' title='bbox 1166 2862 1402 2934; x_wconf 88' lang='lat' dir='ltr'><strong>quadam</strong></span> <span class='ocrx_word' id='word_1_379' title='bbox 1446 2863 1769 2919; x_wconf 63' lang='lat' dir='ltr'><strong>substantiae</strong></span> <span class='ocrx_word' id='word_1_380' title='bbox 1812 2864 2053 2933; x_wconf 84' lang='lat' dir='ltr'><strong>genitum</strong></span> 
     </span>
    </p>
   </div>
   <div class='ocr_carea' id='block_1_51' title="bbox 469 2956 2056 3027">
    <p class='ocr_par' dir='ltr' id='par_1_51' title="bbox 469 2956 2056 3027">
     <span class='ocr_line' id='line_1_51' title="bbox 469 2956 2056 3027; baseline -0.006 -9"><span class='ocrx_word' id='word_1_381' title='bbox 469 2970 576 3023; x_wconf 87' lang='lat' dir='ltr'><strong>est,</strong></span> <span class='ocrx_word' id='word_1_382' title='bbox 605 2960 701 3017; x_wconf 88' lang='lat' dir='ltr'><strong>sed</strong></span> <span class='ocrx_word' id='word_1_383' title='bbox 743 2959 811 3014; x_wconf 90' lang='lat' dir='ltr'><strong>ab</strong></span> <span class='ocrx_word' id='word_1_384' title='bbox 838 2956 1177 3019; x_wconf 83' lang='lat' dir='ltr'><strong>substantia,</strong></span> <span class='ocrx_word' id='word_1_385' title='bbox 1224 2970 1255 3010; x_wconf 90' lang='lat' dir='ltr'><strong>a</strong></span> <span class='ocrx_word' id='word_1_386' title='bbox 1286 2970 1394 3026; x_wconf 85' lang='lat' dir='ltr'><strong>qua</strong></span> <span class='ocrx_word' id='word_1_387' title='bbox 1430 2956 1759 3027; x_wconf 88' lang='lat' dir='ltr'><strong>productum</strong></span> <span class='ocrx_word' id='word_1_388' title='bbox 1800 2962 1907 3021; x_wconf 86' lang='lat' dir='ltr'><strong>est,</strong></span> <span class='ocrx_word' id='word_1_389' title='bbox 1942 2970 2056 3009; x_wconf 89' lang='lat' dir='ltr'><strong>ma-</strong></span> 
     </span>
    </p>
   </div>
   <div class='ocr_carea' id='block_1_52' title="bbox 469 3045 2057 3122">
    <p class='ocr_par' dir='ltr' id='par_1_52' title="bbox 469 3045 2057 3122">
     <span class='ocr_line' id='line_1_52' title="bbox 469 3045 2057 3122; baseline -0.006 -14"><span class='ocrx_word' id='word_1_390' title='bbox 469 3054 642 3109; x_wconf 78' lang='lat' dir='ltr'><strong>navit.</strong></span> <span class='ocrx_word' id='word_1_391' title='bbox 667 3052 881 3122; x_wconf 80' lang='lat' dir='ltr'><strong>Quippe</strong></span> <span class='ocrx_word' id='word_1_392' title='bbox 916 3047 1165 3104; x_wconf 85' lang='lat' dir='ltr'><strong>eamdem</strong></span> <span class='ocrx_word' id='word_1_393' title='bbox 1218 3048 1585 3103; x_wconf 88' lang='lat' dir='ltr'><strong>substantiam</strong></span> <span class='ocrx_word' id='word_1_394' title='bbox 1614 3047 1854 3117; x_wconf 78' lang='lat' dir='ltr'><strong>genitam</strong></span> <span class='ocrx_word' id='word_1_395' title='bbox 1891 3045 2057 3101; x_wconf 88' lang='lat' dir='ltr'><strong>simul</strong></span> 
     </span>
    </p>
   </div>
   <div class='ocr_carea' id='block_1_53' title="bbox 2554 2685 3364 2741">
    <p class='ocr_par' dir='ltr' id='par_1_53' title="bbox 2554 2685 3364 2741">
     <span class='ocr_line' id='line_1_53' title="bbox 2554 2685 3364 2741; baseline -0.004 0"><span class='ocrx_word' id='word_1_396' title='bbox 2554 2687 2956 2741; x_wconf 72' lang='grc' dir='ltr'><strong>ΚΕΦΑΛΑΙΟΝ</strong></span> <span class='ocrx_word' id='word_1_397' title='bbox 2995 2685 3251 2740; x_wconf 76' lang='grc' dir='ltr'><strong>ΑΕΤΙΟΥ</strong></span> <span class='ocrx_word' id='word_1_398' title='bbox 3287 2686 3364 2738; x_wconf 88' lang='lat' dir='ltr'><strong>E&#39;.</strong></span> 
     </span>
    </p>
   </div>
   <div class='ocr_carea' id='block_1_54' title="bbox 2232 2775 3749 2850">
    <p class='ocr_par' dir='ltr' id='par_1_54' title="bbox 2232 2775 3749 2850">
     <span class='ocr_line' id='line_1_54' title="bbox 2232 2775 3749 2850; baseline -0.003 -19"><span class='ocrx_word' id='word_1_399' title='bbox 2232 2779 2294 2831; x_wconf 85' lang='grc' dir='ltr'><strong>Εἰ</strong></span> <span class='ocrx_word' id='word_1_400' title='bbox 2325 2778 2618 2848; x_wconf 84' lang='grc' dir='ltr'>ἀγέννητός</span> <span class='ocrx_word' id='word_1_401' title='bbox 2644 2781 2795 2831; x_wconf 81' lang='grc' dir='ltr'>ἐστιν</span> <span class='ocrx_word' id='word_1_402' title='bbox 2830 2779 2858 2831; x_wconf 82' lang='grc' dir='ltr'>ὁ</span> <span class='ocrx_word' id='word_1_403' title='bbox 2900 2777 3033 2842; x_wconf 81' lang='grc' dir='ltr'>Θεὸς</span> <span class='ocrx_word' id='word_1_404' title='bbox 3062 2778 3161 2850; x_wconf 77' lang='grc' dir='ltr'>τὴν</span> <span class='ocrx_word' id='word_1_405' title='bbox 3188 2777 3398 2839; x_wconf 79' lang='grc' dir='ltr'>οὐσίαν,</span> <span class='ocrx_word' id='word_1_406' title='bbox 3436 2778 3535 2830; x_wconf 85' lang='grc' dir='ltr'><strong>οὐκ</strong></span> <span class='ocrx_word' id='word_1_407' title='bbox 3560 2775 3749 2835; x_wconf 80' lang='grc' dir='ltr'>οὐσίας</span> 
     </span>
    </p>
   </div>
   <div class='ocr_carea' id='block_1_55' title="bbox 2160 2868 3749 2943">
    <p class='ocr_par' dir='ltr' id='par_1_55' title="bbox 2160 2868 3749 2943">
     <span class='ocr_line' id='line_1_55' title="bbox 2160 2868 3749 2943; baseline 0 -20"><span class='ocrx_word' id='word_1_408' title='bbox 2160 2870 2438 2925; x_wconf 83' lang='grc' dir='ltr'>διαστάσει</span> <span class='ocrx_word' id='word_1_409' title='bbox 2491 2870 2553 2923; x_wconf 84' lang='grc' dir='ltr'>τὸ</span> <span class='ocrx_word' id='word_1_410' title='bbox 2605 2871 2862 2941; x_wconf 84' lang='grc' dir='ltr'>γεννητὸν</span> <span class='ocrx_word' id='word_1_411' title='bbox 2912 2872 3178 2943; x_wconf 78' lang='grc' dir='ltr'>ἐγεννήθη</span> <span class='ocrx_word' id='word_1_412' title='bbox 3206 2911 3221 2934; x_wconf 94' lang='grc'><strong>,</strong></span> <span class='ocrx_word' id='word_1_413' title='bbox 3274 2870 3392 2925; x_wconf 77' lang='grc' dir='ltr'>ἀλλ’</span> <span class='ocrx_word' id='word_1_414' title='bbox 3453 2869 3511 2935; x_wconf 79' lang='grc' dir='ltr'><strong>ἐξ</strong></span> <span class='ocrx_word' id='word_1_415' title='bbox 3562 2868 3749 2933; x_wconf 78' lang='grc' dir='ltr'>οὐσίας</span> 
     </span>
    </p>
   </div>
   <div class='ocr_carea' id='block_1_56' title="bbox 2162 2959 3748 3032">
    <p class='ocr_par' dir='ltr' id='par_1_56' title="bbox 2162 2959 3748 3032">
     <span class='ocr_line' id='line_1_56' title="bbox 2162 2959 3748 3032; baseline -0.002 -18"><span class='ocrx_word' id='word_1_416' title='bbox 2162 2961 2548 3032; x_wconf 86' lang='grc' dir='ltr'>ὐποστησάσης</span> <span class='ocrx_word' id='word_1_417' title='bbox 2582 2959 2734 3013; x_wconf 87' lang='grc' dir='ltr'>αὐτό.</span> <span class='ocrx_word' id='word_1_418' title='bbox 2769 2961 2880 3032; x_wconf 74' lang='grc' dir='ltr'><strong>Τὴν</strong></span> <span class='ocrx_word' id='word_1_419' title='bbox 2924 2961 3033 3032; x_wconf 85' lang='grc' dir='ltr'>γὰρ</span> <span class='ocrx_word' id='word_1_420' title='bbox 3063 2961 3232 3032; x_wconf 77' lang='grc' dir='ltr'>αὐτὴν</span> <span class='ocrx_word' id='word_1_421' title='bbox 3272 2960 3462 3014; x_wconf 86' lang='grc' dir='ltr'>οὐσίαν</span> <span class='ocrx_word' id='word_1_422' title='bbox 3499 2960 3592 3012; x_wconf 77' lang='grc' dir='ltr'>καὶ</span> <span class='ocrx_word' id='word_1_423' title='bbox 3623 2976 3748 3028; x_wconf 86' lang='grc' dir='ltr'>γεν-</span> 
     </span>
    </p>
   </div>
   <div class='ocr_carea' id='block_1_57' title="bbox 2161 3049 3748 3126">
    <p class='ocr_par' dir='ltr' id='par_1_57' title="bbox 2161 3049 3748 3126">
     <span class='ocr_line' id='line_1_57' title="bbox 2161 3049 3748 3126; baseline -0.001 -19"><span class='ocrx_word' id='word_1_424' title='bbox 2161 3054 2331 3125; x_wconf 78' lang='grc' dir='ltr'>νητὴν</span> <span class='ocrx_word' id='word_1_425' title='bbox 2365 3049 2506 3108; x_wconf 75' lang='grc' dir='ltr'>εἶναι</span> <span class='ocrx_word' id='word_1_426' title='bbox 2539 3053 2634 3106; x_wconf 69' lang='grc' dir='ltr'>καὶ</span> <span class='ocrx_word' id='word_1_427' title='bbox 2661 3052 2959 3125; x_wconf 84' lang='grc' dir='ltr'>ἀγέννητον</span> <span class='ocrx_word' id='word_1_428' title='bbox 2990 3054 3163 3119; x_wconf 74' lang='grc' dir='ltr'>οὐδεὶς</span> <span class='ocrx_word' id='word_1_429' title='bbox 3193 3053 3348 3123; x_wconf 87' lang='grc' dir='ltr'>λόγος</span> <span class='ocrx_word' id='word_1_430' title='bbox 3371 3052 3599 3126; x_wconf 79' lang='grc' dir='ltr'>εὐσεϐὴς</span> <span class='ocrx_word' id='word_1_431' title='bbox 3629 3054 3748 3106; x_wconf 73' lang='grc' dir='ltr'>ἑπι-</span> 
     </span>
    </p>
   </div>
   <div class='ocr_carea' id='block_1_58' title="bbox 460 3138 2371 3244">
    <p class='ocr_par' dir='ltr' id='par_1_58' title="bbox 460 3138 2371 3244">
     <span class='ocr_line' id='line_1_58' title="bbox 460 3138 2371 3244; baseline -0.001 -43"><span class='ocrx_word' id='word_1_432' title='bbox 460 3153 526 3201; x_wconf 86' lang='lat' dir='ltr'><strong>-ct</strong></span> <span class='ocrx_word' id='word_1_433' title='bbox 558 3145 854 3217; x_wconf 75' lang='lat' dir='ltr'><strong>ingenitam</strong></span> <span class='ocrx_word' id='word_1_434' title='bbox 875 3156 999 3199; x_wconf 86' lang='lat' dir='ltr'><strong>esse</strong></span> <span class='ocrx_word' id='word_1_435' title='bbox 1024 3138 1175 3195; x_wconf 89' lang='lat' dir='ltr'><strong>nulla</strong></span> <span class='ocrx_word' id='word_1_436' title='bbox 1206 3154 1331 3195; x_wconf 90' lang='lat' dir='ltr'><strong>cum</strong></span> <span class='ocrx_word' id='word_1_437' title='bbox 1361 3140 1565 3211; x_wconf 90' lang='lat' dir='ltr'><strong>pietate</strong></span> <span class='ocrx_word' id='word_1_438' title='bbox 1593 3138 1891 3212; x_wconf 86' lang='lat' dir='ltr'><strong>conjuncta</strong></span> <span class='ocrx_word' id='word_1_439' title='bbox 1913 3140 2057 3195; x_wconf 90' lang='lat' dir='ltr'><strong>ratio</strong></span> <span class='ocrx_word' id='word_1_440' title='bbox 2083 3184 2126 3244; x_wconf 60' lang='grc' dir='ltr'>α</span> <span class='ocrx_word' id='word_1_441' title='bbox 2162 3147 2371 3220; x_wconf 81' lang='grc' dir='ltr'>τρέπει.</span> 
     </span>
    </p>
   </div>
   <div class='ocr_carea' id='block_1_59' title="bbox 460 3234 697 3309">
    <p class='ocr_par' dir='ltr' id='par_1_59' title="bbox 460 3234 697 3309">
     <span class='ocr_line' id='line_1_59' title="bbox 460 3234 697 3309; baseline 0 -20"><span class='ocrx_word' id='word_1_442' title='bbox 460 3234 697 3309; x_wconf 61' lang='grc' dir='ltr'>ωοιὶιιιτ.</span> 
     </span>
    </p>
   </div>
   <div class='ocr_carea' id='block_1_60' title="bbox 1044 3344 1471 3417">
    <p class='ocr_par' dir='ltr' id='par_1_60' title="bbox 1044 3344 1471 3417">
     <span class='ocr_line' id='line_1_60' title="bbox 1044 3344 1471 3417; baseline -0.005 -14"><span class='ocrx_word' id='word_1_443' title='bbox 1044 3345 1359 3417; x_wconf 77' lang='lat' dir='ltr'><strong>Cenfutatio</strong></span> <span class='ocrx_word' id='word_1_444' title='bbox 1408 3344 1471 3401; x_wconf 84' lang='lat' dir='ltr'><strong>V.</strong></span> 
     </span>
    </p>
   </div>
   <div class='ocr_carea' id='block_1_61' title="bbox 541 3432 2056 3510">
    <p class='ocr_par' dir='ltr' id='par_1_61' title="bbox 541 3432 2056 3510">
     <span class='ocr_line' id='line_1_61' title="bbox 541 3432 2056 3510; baseline -0.005 -16"><span class='ocrx_word' id='word_1_445' title='bbox 541 3437 937 3510; x_wconf 80' lang='lat' dir='ltr'><strong>Saepenumero</strong></span> <span class='ocrx_word' id='word_1_446' title='bbox 988 3439 1110 3496; x_wconf 69' lang='lat' dir='ltr'><strong>haec</strong></span> <span class='ocrx_word' id='word_1_447' title='bbox 1167 3434 1394 3506; x_wconf 79' lang='lat' dir='ltr'><strong>ingeniti</strong></span> <span class='ocrx_word' id='word_1_448' title='bbox 1454 3434 1732 3505; x_wconf 82' lang='lat' dir='ltr'><strong>genitique</strong></span> <span class='ocrx_word' id='word_1_449' title='bbox 1789 3432 2056 3491; x_wconf 87' lang='lat' dir='ltr'><strong>vocabula</strong></span> 
     </span>
    </p>
   </div>
   <div class='ocr_carea' id='block_1_62' title="bbox 462 3524 2055 3594">
    <p class='ocr_par' dir='ltr' id='par_1_62' title="bbox 462 3524 2055 3594">
     <span class='ocr_line' id='line_1_62' title="bbox 462 3524 2055 3594; baseline -0.005 -8"><span class='ocrx_word' id='word_1_450' title='bbox 462 3532 638 3586; x_wconf 75' lang='lat' dir='ltr'><strong>nobis</strong></span> <span class='ocrx_word' id='word_1_451' title='bbox 680 3528 996 3593; x_wconf 87' lang='lat' dir='ltr'><strong>obtrusisti,</strong></span> <span class='ocrx_word' id='word_1_452' title='bbox 1034 3525 1129 3580; x_wconf 88' lang='lat' dir='ltr'><strong>Dei</strong></span> <span class='ocrx_word' id='word_1_453' title='bbox 1182 3541 1382 3581; x_wconf 87' lang='lat' dir='ltr'><strong>nomen</strong></span> <span class='ocrx_word' id='word_1_454' title='bbox 1420 3525 1719 3580; x_wconf 82' lang='lat' dir='ltr'><strong>insolenter</strong></span> <span class='ocrx_word' id='word_1_455' title='bbox 1767 3524 2055 3594; x_wconf 72' lang='lat' dir='ltr'><strong>iactitans,</strong></span> 
     </span>
    </p>
   </div>
   <div class='ocr_carea' id='block_1_63' title="bbox 462 3616 2056 3689">
    <p class='ocr_par' dir='ltr' id='par_1_63' title="bbox 462 3616 2056 3689">
     <span class='ocr_line' id='line_1_63' title="bbox 462 3616 2056 3689; baseline -0.004 -12"><span class='ocrx_word' id='word_1_456' title='bbox 462 3636 603 3678; x_wconf 70' lang='lat' dir='ltr'><strong>cum</strong></span> <span class='ocrx_word' id='word_1_457' title='bbox 654 3621 711 3675; x_wconf 92' lang='lat' dir='ltr'><strong>in</strong></span> <span class='ocrx_word' id='word_1_458' title='bbox 781 3621 934 3674; x_wconf 89' lang='lat' dir='ltr'><strong>omni</strong></span> <span class='ocrx_word' id='word_1_459' title='bbox 989 3632 1189 3689; x_wconf 85' lang='lat' dir='ltr'><strong>genere</strong></span> <span class='ocrx_word' id='word_1_460' title='bbox 1250 3616 1618 3689; x_wconf 89' lang='lat' dir='ltr'><strong>improbitatis</strong></span> <span class='ocrx_word' id='word_1_461' title='bbox 1678 3616 2056 3685; x_wconf 77' lang='lat' dir='ltr'><strong>consepultam</strong></span> 
     </span>
    </p>
   </div>
   <div class='ocr_carea' id='block_1_64' title="bbox 463 3705 2057 3778">
    <p class='ocr_par' dir='ltr' id='par_1_64' title="bbox 463 3705 2057 3778">
     <span class='ocr_line' id='line_1_64' title="bbox 463 3705 2057 3778; baseline -0.003 -12"><span class='ocrx_word' id='word_1_462' title='bbox 463 3718 714 3768; x_wconf 79' lang='lat' dir='ltr'><strong>mentem</strong></span> <span class='ocrx_word' id='word_1_463' title='bbox 768 3710 995 3765; x_wconf 87' lang='lat' dir='ltr'><strong>habeas.</strong></span> <span class='ocrx_word' id='word_1_464' title='bbox 1029 3707 1095 3764; x_wconf 87' lang='lat' dir='ltr'><strong>Et</strong></span> <span class='ocrx_word' id='word_1_465' title='bbox 1143 3707 1361 3778; x_wconf 88' lang='lat' dir='ltr'><strong>quidem</strong></span> <span class='ocrx_word' id='word_1_466' title='bbox 1404 3706 1537 3761; x_wconf 87' lang='lat' dir='ltr'><strong>illud</strong></span> <span class='ocrx_word' id='word_1_467' title='bbox 1572 3705 1839 3776; x_wconf 87' lang='lat' dir='ltr'><strong>indigenti</strong></span> <span class='ocrx_word' id='word_1_468' title='bbox 1880 3705 2057 3762; x_wconf 86' lang='lat' dir='ltr'><strong>cuivis</strong></span> 
     </span>
    </p>
   </div>
   <div class='ocr_carea' id='block_1_65' title="bbox 464 3798 2055 3878">
    <p class='ocr_par' dir='ltr' id='par_1_65' title="bbox 464 3798 2055 3878">
     <span class='ocr_line' id='line_1_65' title="bbox 464 3798 2055 3878; baseline -0.005 -18"><span class='ocrx_word' id='word_1_469' title='bbox 464 3808 530 3862; x_wconf 75' lang='lat' dir='ltr'><strong>in</strong></span> <span class='ocrx_word' id='word_1_470' title='bbox 564 3805 757 3878; x_wconf 90' lang='lat' dir='ltr'><strong>primis</strong></span> <span class='ocrx_word' id='word_1_471' title='bbox 786 3803 1028 3876; x_wconf 81' lang='lat' dir='ltr'><strong>optabile</strong></span> <span class='ocrx_word' id='word_1_472' title='bbox 1055 3808 1162 3868; x_wconf 90' lang='lat' dir='ltr'><strong>est,</strong></span> <span class='ocrx_word' id='word_1_473' title='bbox 1186 3808 1246 3857; x_wconf 88' lang='lat' dir='ltr'><strong>ut</strong></span> <span class='ocrx_word' id='word_1_474' title='bbox 1270 3801 1412 3871; x_wconf 89' lang='lat' dir='ltr'><strong>ejus,</strong></span> <span class='ocrx_word' id='word_1_475' title='bbox 1443 3814 1554 3871; x_wconf 91' lang='lat' dir='ltr'><strong>quo</strong></span> <span class='ocrx_word' id='word_1_476' title='bbox 1580 3798 1808 3869; x_wconf 89' lang='lat' dir='ltr'><strong>indiget,</strong></span> <span class='ocrx_word' id='word_1_477' title='bbox 1843 3798 2055 3869; x_wconf 81' lang='lat' dir='ltr'><strong>capiam</strong></span> 
     </span>
    </p>
   </div>
   <div class='ocr_carea' id='block_1_66' title="bbox 463 3891 2057 3965">
    <p class='ocr_par' dir='ltr' id='par_1_66' title="bbox 463 3891 2057 3965">
     <span class='ocr_line' id='line_1_66' title="bbox 463 3891 2057 3965; baseline -0.003 -13"><span class='ocrx_word' id='word_1_478' title='bbox 463 3900 541 3954; x_wconf 82' lang='lat' dir='ltr'><strong>.ad</strong></span> <span class='ocrx_word' id='word_1_479' title='bbox 574 3898 832 3955; x_wconf 88' lang='lat' dir='ltr'><strong>solatium</strong></span> <span class='ocrx_word' id='word_1_480' title='bbox 887 3896 1123 3960; x_wconf 89' lang='lat' dir='ltr'><strong>habeat,</strong></span> <span class='ocrx_word' id='word_1_481' title='bbox 1173 3903 1268 3949; x_wconf 89' lang='lat' dir='ltr'><strong>aut</strong></span> <span class='ocrx_word' id='word_1_482' title='bbox 1304 3891 1464 3965; x_wconf 57' lang='lat'><strong>951</strong></span> <span class='ocrx_word' id='word_1_483' title='bbox 1516 3892 1565 3948; x_wconf 90' lang='lat' dir='ltr'><strong>si</strong></span> <span class='ocrx_word' id='word_1_484' title='bbox 1615 3892 1799 3946; x_wconf 86' lang='lat' dir='ltr'><strong>minus</strong></span> <span class='ocrx_word' id='word_1_485' title='bbox 1838 3892 2057 3962; x_wconf 88' lang='lat' dir='ltr'><strong>assequi</strong></span> 
     </span>
    </p>
   </div>
   <div class='ocr_carea' id='block_1_67' title="bbox 465 3983 2053 4063">
    <p class='ocr_par' dir='ltr' id='par_1_67' title="bbox 465 3983 2053 4063">
     <span class='ocr_line' id='line_1_67' title="bbox 465 3983 2053 4063; baseline -0.005 -16"><span class='ocrx_word' id='word_1_486' title='bbox 465 3993 687 4063; x_wconf 50' lang='lat' dir='ltr'><strong>gessit,</strong></span> <span class='ocrx_word' id='word_1_487' title='bbox 736 3989 931 4045; x_wconf 84' lang='lat' dir='ltr'><strong>saltem</strong></span> <span class='ocrx_word' id='word_1_488' title='bbox 992 3987 1191 4043; x_wconf 89' lang='lat' dir='ltr'><strong>crebro</strong></span> <span class='ocrx_word' id='word_1_489' title='bbox 1226 3986 1282 4040; x_wconf 89' lang='lat' dir='ltr'><strong>in</strong></span> <span class='ocrx_word' id='word_1_490' title='bbox 1324 3998 1577 4041; x_wconf 86' lang='lat' dir='ltr'><strong>sermone</strong></span> <span class='ocrx_word' id='word_1_491' title='bbox 1625 3983 1761 4039; x_wconf 90' lang='lat' dir='ltr'><strong>illud</strong></span> <span class='ocrx_word' id='word_1_492' title='bbox 1810 3992 2053 4055; x_wconf 88' lang='lat' dir='ltr'><strong>usurpet.</strong></span> 
     </span>
    </p>
   </div>
   <div class='ocr_carea' id='block_1_68' title="bbox 473 4074 2056 4149">
    <p class='ocr_par' dir='ltr' id='par_1_68' title="bbox 473 4074 2056 4149">
     <span class='ocr_line' id='line_1_68' title="bbox 473 4074 2056 4149; baseline -0.005 -9"><span class='ocrx_word' id='word_1_493' title='bbox 473 4083 630 4139; x_wconf 79' lang='lat' dir='ltr'><strong>Unde</strong></span> <span class='ocrx_word' id='word_1_494' title='bbox 684 4090 740 4138; x_wconf 86' lang='lat' dir='ltr'><strong>et</strong></span> <span class='ocrx_word' id='word_1_495' title='bbox 796 4090 895 4149; x_wconf 81' lang='lat' dir='ltr'><strong>tu,</strong></span> <span class='ocrx_word' id='word_1_496' title='bbox 945 4094 1073 4134; x_wconf 91' lang='lat' dir='ltr'><strong>cum</strong></span> <span class='ocrx_word' id='word_1_497' title='bbox 1146 4078 1349 4149; x_wconf 90' lang='lat' dir='ltr'><strong>impius</strong></span> <span class='ocrx_word' id='word_1_498' title='bbox 1420 4090 1485 4131; x_wconf 89' lang='lat' dir='ltr'><strong>ac</strong></span> <span class='ocrx_word' id='word_1_499' title='bbox 1541 4074 1637 4131; x_wconf 89' lang='lat' dir='ltr'><strong>Dei</strong></span> <span class='ocrx_word' id='word_1_500' title='bbox 1695 4077 1776 4132; x_wconf 88' lang='lat' dir='ltr'><strong>sis</strong></span> <span class='ocrx_word' id='word_1_501' title='bbox 1823 4091 2056 4147; x_wconf 77' lang='lat' dir='ltr'><strong>expers,</strong></span> 
     </span>
    </p>
   </div>
   <div class='ocr_carea' id='block_1_69' title="bbox 469 4169 2058 4248">
    <p class='ocr_par' dir='ltr' id='par_1_69' title="bbox 469 4169 2058 4248">
     <span class='ocr_line' id='line_1_69' title="bbox 469 4169 2058 4248; baseline -0.002 -21"><span class='ocrx_word' id='word_1_502' title='bbox 469 4176 621 4248; x_wconf 69' lang='lat' dir='ltr'><strong>quod</strong></span> <span class='ocrx_word' id='word_1_503' title='bbox 669 4190 841 4231; x_wconf 88' lang='lat' dir='ltr'><strong>unum</strong></span> <span class='ocrx_word' id='word_1_504' title='bbox 890 4181 1093 4240; x_wconf 87' lang='lat' dir='ltr'><strong>restat,</strong></span> <span class='ocrx_word' id='word_1_505' title='bbox 1145 4185 1279 4226; x_wconf 90' lang='lat' dir='ltr'><strong>voce</strong></span> <span class='ocrx_word' id='word_1_506' title='bbox 1327 4179 1489 4226; x_wconf 91' lang='lat' dir='ltr'><strong>tenus</strong></span> <span class='ocrx_word' id='word_1_507' title='bbox 1538 4169 1868 4241; x_wconf 79' lang='lat' dir='ltr'><strong>proferendo</strong></span> <span class='ocrx_word' id='word_1_508' title='bbox 1910 4169 2058 4224; x_wconf 90' lang='lat' dir='ltr'><strong>illius</strong></span> 
     </span>
    </p>
   </div>
   <div class='ocr_carea' id='block_1_70' title="bbox 468 4261 2057 4334">
    <p class='ocr_par' dir='ltr' id='par_1_70' title="bbox 468 4261 2057 4334">
     <span class='ocr_line' id='line_1_70' title="bbox 468 4261 2057 4334; baseline -0.004 -11"><span class='ocrx_word' id='word_1_509' title='bbox 468 4267 704 4323; x_wconf 81' lang='lat' dir='ltr'><strong>nomine</strong></span> <span class='ocrx_word' id='word_1_510' title='bbox 753 4274 864 4322; x_wconf 83' lang='lat' dir='ltr'><strong>tete</strong></span> <span class='ocrx_word' id='word_1_511' title='bbox 911 4264 1188 4329; x_wconf 79' lang='lat' dir='ltr'><strong>venditas,</strong></span> <span class='ocrx_word' id='word_1_512' title='bbox 1215 4261 1475 4334; x_wconf 90' lang='lat' dir='ltr'><strong>quoniam</strong></span> <span class='ocrx_word' id='word_1_513' title='bbox 1524 4262 1769 4333; x_wconf 87' lang='lat' dir='ltr'><strong>quidem,</strong></span> <span class='ocrx_word' id='word_1_514' title='bbox 1797 4261 1944 4334; x_wconf 91' lang='lat' dir='ltr'><strong>quod</strong></span> <span class='ocrx_word' id='word_1_515' title='bbox 1988 4262 2057 4317; x_wconf 91' lang='lat' dir='ltr'><strong>ad</strong></span> 
     </span>
    </p>
   </div>
   <div class='ocr_carea' id='block_1_71' title="bbox 466 4355 2053 4433">
    <p class='ocr_par' dir='ltr' id='par_1_71' title="bbox 466 4355 2053 4433">
     <span class='ocr_line' id='line_1_71' title="bbox 466 4355 2053 4433; baseline -0.004 -15"><span class='ocrx_word' id='word_1_516' title='bbox 466 4361 593 4433; x_wconf 70' lang='lat' dir='ltr'><strong>ejus</strong></span> <span class='ocrx_word' id='word_1_517' title='bbox 617 4361 895 4424; x_wconf 81' lang='lat' dir='ltr'><strong>timorem,</strong></span> <span class='ocrx_word' id='word_1_518' title='bbox 927 4356 1113 4422; x_wconf 83' lang='lat' dir='ltr'><strong>ﬁdem,</strong></span> <span class='ocrx_word' id='word_1_519' title='bbox 1136 4371 1289 4427; x_wconf 88' lang='lat' dir='ltr'><strong>spem</strong></span> <span class='ocrx_word' id='word_1_520' title='bbox 1311 4364 1369 4412; x_wconf 91' lang='lat' dir='ltr'><strong>et</strong></span> <span class='ocrx_word' id='word_1_521' title='bbox 1388 4371 1518 4427; x_wconf 86' lang='lat' dir='ltr'><strong>erga</strong></span> <span class='ocrx_word' id='word_1_522' title='bbox 1545 4355 1698 4411; x_wconf 90' lang='lat' dir='ltr'><strong>illum</strong></span> <span class='ocrx_word' id='word_1_523' title='bbox 1727 4357 2053 4412; x_wconf 87' lang='lat' dir='ltr'><strong>charitatem</strong></span> 
     </span>
    </p>
   </div>
   <div class='ocr_carea' id='block_1_72' title="bbox 472 4446 2057 4521">
    <p class='ocr_par' dir='ltr' id='par_1_72' title="bbox 472 4446 2057 4521">
     <span class='ocr_line' id='line_1_72' title="bbox 472 4446 2057 4521; baseline -0.005 -12"><span class='ocrx_word' id='word_1_524' title='bbox 472 4454 688 4520; x_wconf 81' lang='lat' dir='ltr'><strong>attinet,</strong></span> <span class='ocrx_word' id='word_1_525' title='bbox 720 4465 1005 4521; x_wconf 89' lang='lat' dir='ltr'><strong>nunquam</strong></span> <span class='ocrx_word' id='word_1_526' title='bbox 1056 4448 1212 4504; x_wconf 90' lang='lat' dir='ltr'><strong>illum</strong></span> <span class='ocrx_word' id='word_1_527' title='bbox 1242 4464 1370 4504; x_wconf 85' lang='lat' dir='ltr'><strong>vere</strong></span> <span class='ocrx_word' id='word_1_528' title='bbox 1408 4448 1466 4503; x_wconf 88' lang='lat' dir='ltr'><strong>in</strong></span> <span class='ocrx_word' id='word_1_529' title='bbox 1512 4448 1922 4519; x_wconf 90' lang='lat' dir='ltr'><strong>possessionem</strong></span> <span class='ocrx_word' id='word_1_530' title='bbox 1953 4446 2057 4501; x_wconf 89' lang='lat' dir='ltr'><strong>ba-</strong></span> 
     </span>
    </p>
   </div>
   <div class='ocr_carea' id='block_1_73' title="bbox 2736 3349 3186 3422">
    <p class='ocr_par' dir='ltr' id='par_1_73' title="bbox 2736 3349 3186 3422">
     <span class='ocr_line' id='line_1_73' title="bbox 2736 3349 3186 3422; baseline -0.007 -15"><span class='ocrx_word' id='word_1_531' title='bbox 2736 3351 3060 3422; x_wconf 77' lang='grc' dir='ltr'>Ἅνατροπή</span> <span class='ocrx_word' id='word_1_532' title='bbox 3108 3349 3186 3404; x_wconf 86' lang='lat' dir='ltr'><strong>E&#39;.</strong></span> 
     </span>
    </p>
   </div>
   <div class='ocr_carea' id='block_1_74' title="bbox 2228 3436 3751 3516">
    <p class='ocr_par' dir='ltr' id='par_1_74' title="bbox 2228 3436 3751 3516">
     <span class='ocr_line' id='line_1_74' title="bbox 2228 3436 3751 3516; baseline -0.001 -21"><span class='ocrx_word' id='word_1_533' title='bbox 2228 3442 2497 3507; x_wconf 85' lang='grc' dir='ltr'>Πολλάκις</span> <span class='ocrx_word' id='word_1_534' title='bbox 2526 3445 2657 3516; x_wconf 77' lang='grc' dir='ltr'>ἡμῖν</span> <span class='ocrx_word' id='word_1_535' title='bbox 2683 3442 2953 3516; x_wconf 84' lang='grc' dir='ltr'>προῆλθες</span> <span class='ocrx_word' id='word_1_536' title='bbox 2982 3443 3186 3514; x_wconf 82' lang='grc' dir='ltr'>φέρων,</span> <span class='ocrx_word' id='word_1_537' title='bbox 3216 3436 3261 3495; x_wconf 79' lang='grc' dir='ltr'><strong>ὦ</strong></span> <span class='ocrx_word' id='word_1_538' title='bbox 3292 3436 3466 3505; x_wconf 72' lang='grc' dir='ltr'>οὗτος,</span> <span class='ocrx_word' id='word_1_539' title='bbox 3502 3442 3563 3493; x_wconf 76' lang='grc' dir='ltr'>τὸ</span> <span class='ocrx_word' id='word_1_540' title='bbox 3589 3441 3751 3508; x_wconf 62' lang='grc' dir='ltr'>ἀγένη</span> 
     </span>
    </p>
   </div>
   <div class='ocr_carea' id='block_1_75' title="bbox 2158 3531 3747 3605">
    <p class='ocr_par' dir='ltr' id='par_1_75' title="bbox 2158 3531 3747 3605">
     <span class='ocr_line' id='line_1_75' title="bbox 2158 3531 3747 3605; baseline -0.002 -18"><span class='ocrx_word' id='word_1_541' title='bbox 2158 3549 2318 3605; x_wconf 86' lang='grc' dir='ltr'>νητον</span> <span class='ocrx_word' id='word_1_542' title='bbox 2344 3534 2439 3588; x_wconf 71' lang='grc' dir='ltr'><strong>καὶ</strong></span> <span class='ocrx_word' id='word_1_543' title='bbox 2466 3534 2743 3605; x_wconf 85' lang='grc' dir='ltr'>γεννητὸν,</span> <span class='ocrx_word' id='word_1_544' title='bbox 2770 3533 2831 3587; x_wconf 83' lang='grc' dir='ltr'>τὸ</span> <span class='ocrx_word' id='word_1_545' title='bbox 2851 3534 2945 3586; x_wconf 82' lang='grc' dir='ltr'>τοῦ</span> <span class='ocrx_word' id='word_1_546' title='bbox 2962 3533 3096 3586; x_wconf 89' lang='grc' dir='ltr'><strong>Θεοῦ</strong></span> <span class='ocrx_word' id='word_1_547' title='bbox 3122 3534 3291 3603; x_wconf 78' lang='grc' dir='ltr'>δνομα</span> <span class='ocrx_word' id='word_1_548' title='bbox 3320 3531 3747 3604; x_wconf 84' lang='grc' dir='ltr'>φρυαττόμενος,</span> 
     </span>
    </p>
   </div>
   <div class='ocr_carea' id='block_1_76' title="bbox 2156 3621 3746 3697">
    <p class='ocr_par' dir='ltr' id='par_1_76' title="bbox 2156 3621 3746 3697">
     <span class='ocr_line' id='line_1_76' title="bbox 2156 3621 3746 3697; baseline -0.003 -19"><span class='ocrx_word' id='word_1_549' title='bbox 2156 3625 2186 3678; x_wconf 85' lang='grc' dir='ltr'>ὁ</span> <span class='ocrx_word' id='word_1_550' title='bbox 2234 3626 2294 3677; x_wconf 79' lang='grc' dir='ltr'>ὲν</span> <span class='ocrx_word' id='word_1_551' title='bbox 2346 3628 2497 3697; x_wconf 81' lang='grc' dir='ltr'>πάσῃ</span> <span class='ocrx_word' id='word_1_552' title='bbox 2538 3624 2737 3696; x_wconf 73' lang='grc' dir='ltr'>ἀνομίᾳ</span> <span class='ocrx_word' id='word_1_553' title='bbox 2786 3622 3014 3678; x_wconf 80' lang='grc' dir='ltr'>σεαυτοῦ</span> <span class='ocrx_word' id='word_1_554' title='bbox 3049 3622 3146 3694; x_wconf 82' lang='grc' dir='ltr'>τὴν</span> <span class='ocrx_word' id='word_1_555' title='bbox 3197 3622 3437 3675; x_wconf 88' lang='grc' dir='ltr'>διάνοιαν</span> <span class='ocrx_word' id='word_1_556' title='bbox 3484 3621 3746 3691; x_wconf 74' lang='grc' dir='ltr'>ὲνθάψας.</span> 
     </span>
    </p>
   </div>
   <div class='ocr_carea' id='block_1_77' title="bbox 2171 3713 3744 3789">
    <p class='ocr_par' dir='ltr' id='par_1_77' title="bbox 2171 3713 3744 3789">
     <span class='ocr_line' id='line_1_77' title="bbox 2171 3713 3744 3789; baseline -0.002 -20"><span class='ocrx_word' id='word_1_557' title='bbox 2171 3714 2378 3770; x_wconf 84' lang='grc' dir='ltr'>Ἐκεῖνο</span> <span class='ocrx_word' id='word_1_558' title='bbox 2406 3716 2462 3770; x_wconf 83' lang='grc' dir='ltr'>δὲ</span> <span class='ocrx_word' id='word_1_559' title='bbox 2492 3718 2655 3770; x_wconf 79' lang='grc' dir='ltr'>παντὶ</span> <span class='ocrx_word' id='word_1_560' title='bbox 2678 3716 2758 3789; x_wconf 76' lang='grc' dir='ltr'>τῷ</span> <span class='ocrx_word' id='word_1_561' title='bbox 2800 3716 3023 3786; x_wconf 78' lang='grc' dir='ltr'>ἀπόρως</span> <span class='ocrx_word' id='word_1_562' title='bbox 3054 3715 3232 3787; x_wconf 83' lang='grc' dir='ltr'>ἔχοντί</span> <span class='ocrx_word' id='word_1_563' title='bbox 3266 3717 3382 3768; x_wconf 76' lang='grc' dir='ltr'>ἐστι</span> <span class='ocrx_word' id='word_1_564' title='bbox 3414 3713 3673 3785; x_wconf 78' lang='grc' dir='ltr'>παθητὸν,</span> <span class='ocrx_word' id='word_1_565' title='bbox 3711 3718 3744 3786; x_wconf 85' lang='grc' dir='ltr'><strong>ή</strong></span> 
     </span>
    </p>
   </div>
   <div class='ocr_carea' id='block_1_78' title="bbox 2157 3805 3750 3879">
    <p class='ocr_par' dir='ltr' id='par_1_78' title="bbox 2157 3805 3750 3879">
     <span class='ocr_line' id='line_1_78' title="bbox 2157 3805 3750 3879; baseline -0.001 -20"><span class='ocrx_word' id='word_1_566' title='bbox 2157 3805 2251 3859; x_wconf 82' lang='grc' dir='ltr'>τοῦ</span> <span class='ocrx_word' id='word_1_567' title='bbox 2282 3806 2662 3879; x_wconf 80' lang='grc' dir='ltr'>ἀπορουμένου</span> <span class='ocrx_word' id='word_1_568' title='bbox 2707 3806 2939 3878; x_wconf 84' lang='grc' dir='ltr'>εὐπορία</span> <span class='ocrx_word' id='word_1_569' title='bbox 2970 3808 3049 3870; x_wconf 87' lang='grc' dir='ltr'><strong>είς</strong></span> <span class='ocrx_word' id='word_1_570' title='bbox 3101 3806 3475 3878; x_wconf 80' lang='grc' dir='ltr'>παραμυθίαν,</span> <span class='ocrx_word' id='word_1_571' title='bbox 3529 3805 3627 3859; x_wconf 73' lang='grc' dir='ltr'><strong>καὶ</strong></span> <span class='ocrx_word' id='word_1_572' title='bbox 3655 3806 3750 3857; x_wconf 75' lang='grc' dir='ltr'><strong>ἐπὶ</strong></span> 
     </span>
    </p>
   </div>
   <div class='ocr_carea' id='block_1_79' title="bbox 2156 3896 3747 3971">
    <p class='ocr_par' dir='ltr' id='par_1_79' title="bbox 2156 3896 3747 3971">
     <span class='ocr_line' id='line_1_79' title="bbox 2156 3896 3747 3971; baseline 0.001 -21"><span class='ocrx_word' id='word_1_573' title='bbox 2156 3896 2252 3950; x_wconf 80' lang='grc' dir='ltr'><strong>τοῦ</strong></span> <span class='ocrx_word' id='word_1_574' title='bbox 2284 3898 2554 3970; x_wconf 84' lang='grc' dir='ltr'>στόματος</span> <span class='ocrx_word' id='word_1_575' title='bbox 2586 3900 2795 3969; x_wconf 77' lang='grc' dir='ltr'>φέρειν,</span> <span class='ocrx_word' id='word_1_576' title='bbox 2831 3898 2926 3951; x_wconf 71' lang='grc' dir='ltr'><strong>ἐὰν</strong></span> <span class='ocrx_word' id='word_1_577' title='bbox 2959 3898 3034 3970; x_wconf 86' lang='grc' dir='ltr'>μὴ</span> <span class='ocrx_word' id='word_1_578' title='bbox 3064 3899 3324 3971; x_wconf 83' lang='grc' dir='ltr'>εὐποροίη</span> <span class='ocrx_word' id='word_1_579' title='bbox 3357 3897 3453 3952; x_wconf 81' lang='grc' dir='ltr'>τοῦ</span> <span class='ocrx_word' id='word_1_580' title='bbox 3480 3896 3747 3952; x_wconf 86' lang='grc' dir='ltr'>τοιούτου.</span> 
     </span>
    </p>
   </div>
   <div class='ocr_carea' id='block_1_80' title="bbox 2158 3987 3749 4061">
    <p class='ocr_par' dir='ltr' id='par_1_80' title="bbox 2158 3987 3749 4061">
     <span class='ocr_line' id='line_1_80' title="bbox 2158 3987 3749 4061; baseline -0.001 -19"><span class='ocrx_word' id='word_1_581' title='bbox 2158 3989 2268 4042; x_wconf 73' lang='grc' dir='ltr'><strong>Καὶ</strong></span> <span class='ocrx_word' id='word_1_582' title='bbox 2299 3990 2385 4054; x_wconf 84' lang='grc' dir='ltr'><strong>σύ,</strong></span> <span class='ocrx_word' id='word_1_583' title='bbox 2434 3990 2622 4061; x_wconf 73' lang='grc' dir='ltr'>ἐπειδὴ</span> <span class='ocrx_word' id='word_1_584' title='bbox 2656 3989 2817 4052; x_wconf 78' lang='grc' dir='ltr'>ἄθεος</span> <span class='ocrx_word' id='word_1_585' title='bbox 2847 3990 3159 4061; x_wconf 83' lang='grc' dir='ltr'>τυγχάνεις,</span> <span class='ocrx_word' id='word_1_586' title='bbox 3211 3989 3474 4061; x_wconf 81' lang='grc' dir='ltr'>σέμνυναι</span> <span class='ocrx_word' id='word_1_587' title='bbox 3518 3988 3626 4042; x_wconf 77' lang='grc' dir='ltr'><strong>κάν</strong></span> <span class='ocrx_word' id='word_1_588' title='bbox 3662 3987 3749 4041; x_wconf 78' lang='grc' dir='ltr'><strong>διὰ</strong></span> 
     </span>
    </p>
   </div>
   <div class='ocr_carea' id='block_1_81' title="bbox 2156 4080 3749 4154">
    <p class='ocr_par' dir='ltr' id='par_1_81' title="bbox 2156 4080 3749 4154">
     <span class='ocr_line' id='line_1_81' title="bbox 2156 4080 3749 4154; baseline 0 -20"><span class='ocrx_word' id='word_1_589' title='bbox 2156 4080 2249 4135; x_wconf 81' lang='grc' dir='ltr'><strong>τοῦ</strong></span> <span class='ocrx_word' id='word_1_590' title='bbox 2284 4083 2548 4153; x_wconf 85' lang='grc' dir='ltr'>ὀνόματος</span> <span class='ocrx_word' id='word_1_591' title='bbox 2582 4083 2761 4154; x_wconf 84' lang='grc' dir='ltr'>λέγειν</span> <span class='ocrx_word' id='word_1_592' title='bbox 2788 4083 2981 4137; x_wconf 90' lang='grc' dir='ltr'>τούτου</span> <span class='ocrx_word' id='word_1_593' title='bbox 3026 4084 3086 4136; x_wconf 81' lang='grc' dir='ltr'>τὸ</span> <span class='ocrx_word' id='word_1_594' title='bbox 3131 4082 3322 4153; x_wconf 77' lang='grc' dir='ltr'>ὖνομα,</span> <span class='ocrx_word' id='word_1_595' title='bbox 3365 4082 3553 4153; x_wconf 70' lang='grc' dir='ltr'>ἐπειδὴ</span> <span class='ocrx_word' id='word_1_596' title='bbox 3588 4081 3749 4152; x_wconf 83' lang='grc' dir='ltr'>φύσει</span> 
     </span>
    </p>
   </div>
   <div class='ocr_carea' id='block_1_82' title="bbox 2158 4174 3749 4247">
    <p class='ocr_par' dir='ltr' id='par_1_82' title="bbox 2158 4174 3749 4247">
     <span class='ocr_line' id='line_1_82' title="bbox 2158 4174 3749 4247; baseline -0.002 -18"><span class='ocrx_word' id='word_1_597' title='bbox 2158 4176 2299 4231; x_wconf 88' lang='grc' dir='ltr'><strong>κατά</strong></span> <span class='ocrx_word' id='word_1_598' title='bbox 2329 4178 2421 4230; x_wconf 70' lang='grc' dir='ltr'><strong>τὸν</strong></span> <span class='ocrx_word' id='word_1_599' title='bbox 2477 4177 2645 4231; x_wconf 80' lang='grc' dir='ltr'>αὐτοῦ</span> <span class='ocrx_word' id='word_1_600' title='bbox 2685 4176 2872 4247; x_wconf 77' lang='grc' dir='ltr'>φόϐον,</span> <span class='ocrx_word' id='word_1_601' title='bbox 2909 4176 3005 4228; x_wconf 75' lang='grc' dir='ltr'>καὶ</span> <span class='ocrx_word' id='word_1_602' title='bbox 3037 4175 3243 4243; x_wconf 84' lang='grc' dir='ltr'>πίστιν,</span> <span class='ocrx_word' id='word_1_603' title='bbox 3279 4176 3375 4229; x_wconf 73' lang='grc' dir='ltr'>καὶ</span> <span class='ocrx_word' id='word_1_604' title='bbox 3407 4175 3620 4235; x_wconf 74' lang='grc' dir='ltr'>ἐλπίδα,</span> <span class='ocrx_word' id='word_1_605' title='bbox 3654 4174 3749 4230; x_wconf 77' lang='grc' dir='ltr'><strong>καὶ</strong></span> 
     </span>
    </p>
   </div>
   <div class='ocr_carea' id='block_1_83' title="bbox 2160 4266 3746 4340">
    <p class='ocr_par' dir='ltr' id='par_1_83' title="bbox 2160 4266 3746 4340">
     <span class='ocr_line' id='line_1_83' title="bbox 2160 4266 3746 4340; baseline -0.001 -20"><span class='ocrx_word' id='word_1_606' title='bbox 2160 4268 2297 4340; x_wconf 73' lang='grc' dir='ltr'>πρὸς</span> <span class='ocrx_word' id='word_1_607' title='bbox 2326 4268 2488 4322; x_wconf 82' lang='grc' dir='ltr'>αὐτὸν</span> <span class='ocrx_word' id='word_1_608' title='bbox 2517 4269 2740 4339; x_wconf 82' lang='grc' dir='ltr'>ἀγάπην</span> <span class='ocrx_word' id='word_1_609' title='bbox 2772 4267 3028 4321; x_wconf 81' lang='grc' dir='ltr'>οὐδέποτε</span> <span class='ocrx_word' id='word_1_610' title='bbox 3070 4267 3234 4319; x_wconf 84' lang='grc' dir='ltr'>αὐτὸν</span> <span class='ocrx_word' id='word_1_611' title='bbox 3267 4268 3502 4337; x_wconf 70' lang='grc' dir='ltr'>ἐκτήσω.</span> <span class='ocrx_word' id='word_1_612' title='bbox 3541 4267 3609 4319; x_wconf 88' lang='grc' dir='ltr'><strong>Ἢ</strong></span> <span class='ocrx_word' id='word_1_613' title='bbox 3638 4266 3746 4337; x_wconf 83' lang='grc' dir='ltr'><strong>γὰρ</strong></span> 
     </span>
    </p>
   </div>
   <div class='ocr_carea' id='block_1_84' title="bbox 2160 4357 3745 4432">
    <p class='ocr_par' dir='ltr' id='par_1_84' title="bbox 2160 4357 3745 4432">
     <span class='ocr_line' id='line_1_84' title="bbox 2160 4357 3745 4432; baseline -0.004 -18"><span class='ocrx_word' id='word_1_614' title='bbox 2160 4360 2227 4415; x_wconf 84' lang='grc' dir='ltr'>ἂν</span> <span class='ocrx_word' id='word_1_615' title='bbox 2258 4360 2417 4432; x_wconf 69' lang='grc' dir='ltr'>ἢρκει</span> <span class='ocrx_word' id='word_1_616' title='bbox 2458 4377 2540 4414; x_wconf 91' lang='grc' dir='ltr'><strong>σοι</strong></span> <span class='ocrx_word' id='word_1_617' title='bbox 2570 4360 2717 4427; x_wconf 73' lang='grc' dir='ltr'>ἅπαξ</span> <span class='ocrx_word' id='word_1_618' title='bbox 2749 4361 2908 4414; x_wconf 84' lang='grc' dir='ltr'>τοῦτο</span> <span class='ocrx_word' id='word_1_619' title='bbox 2939 4360 3139 4428; x_wconf 87' lang='grc' dir='ltr'>λέγειν,</span> <span class='ocrx_word' id='word_1_620' title='bbox 3170 4360 3266 4413; x_wconf 83' lang='grc' dir='ltr'><strong>καὶ</strong></span> <span class='ocrx_word' id='word_1_621' title='bbox 3292 4360 3368 4430; x_wconf 82' lang='grc' dir='ltr'>μὴ</span> <span class='ocrx_word' id='word_1_622' title='bbox 3399 4357 3745 4428; x_wconf 81' lang='grc' dir='ltr'>ὑπερϐαίνειν</span> 
     </span>
    </p>
   </div>
   <div class='ocr_carea' id='block_1_85' title="bbox 2158 4449 3743 4523">
    <p class='ocr_par' dir='ltr' id='par_1_85' title="bbox 2158 4449 3743 4523">
     <span class='ocr_line' id='line_1_85' title="bbox 2158 4449 3743 4523; baseline -0.003 -17"><span class='ocrx_word' id='word_1_623' title='bbox 2158 4452 2283 4522; x_wconf 83' lang='grc' dir='ltr'>ὅρον</span> <span class='ocrx_word' id='word_1_624' title='bbox 2314 4451 2423 4507; x_wconf 80' lang='grc' dir='ltr'>τῶν</span> <span class='ocrx_word' id='word_1_625' title='bbox 2447 4453 2796 4522; x_wconf 84' lang='grc' dir='ltr'>τεταγμένων</span> <span class='ocrx_word' id='word_1_626' title='bbox 2823 4453 2922 4523; x_wconf 79' lang='grc' dir='ltr'>τῆς</span> <span class='ocrx_word' id='word_1_627' title='bbox 2969 4451 3312 4515; x_wconf 84' lang='grc' dir='ltr'>ἀκολουθίας.</span> <span class='ocrx_word' id='word_1_628' title='bbox 3364 4450 3547 4520; x_wconf 78' lang='grc' dir='ltr'>Σαφὴς</span> <span class='ocrx_word' id='word_1_629' title='bbox 3573 4449 3682 4519; x_wconf 83' lang='grc' dir='ltr'><strong>γὰρ</strong></span> <span class='ocrx_word' id='word_1_630' title='bbox 3708 4451 3743 4520; x_wconf 82' lang='grc' dir='ltr'><strong>ή</strong></span> 
     </span>
    </p>
   </div>
   <div class='ocr_carea' id='block_1_86' title="bbox 473 4538 2051 4615">
    <p class='ocr_par' dir='ltr' id='par_1_86' title="bbox 473 4538 2051 4614">
     <span class='ocr_line' id='line_1_86' title="bbox 473 4538 2051 4614; baseline -0.006 -12"><span class='ocrx_word' id='word_1_631' title='bbox 473 4545 663 4602; x_wconf 87' lang='lat' dir='ltr'><strong>buisti.</strong></span> <span class='ocrx_word' id='word_1_632' title='bbox 715 4542 934 4614; x_wconf 80' lang='lat' dir='ltr'><strong>Alioqui</strong></span> <span class='ocrx_word' id='word_1_633' title='bbox 985 4542 1123 4598; x_wconf 86' lang='lat' dir='ltr'><strong>satis</strong></span> <span class='ocrx_word' id='word_1_634' title='bbox 1189 4556 1315 4597; x_wconf 88' lang='lat' dir='ltr'><strong>esse</strong></span> <span class='ocrx_word' id='word_1_635' title='bbox 1370 4539 1631 4597; x_wconf 87' lang='lat' dir='ltr'><strong>crederes</strong></span> <span class='ocrx_word' id='word_1_636' title='bbox 1677 4540 1846 4597; x_wconf 90' lang='lat' dir='ltr'><strong>semel</strong></span> <span class='ocrx_word' id='word_1_637' title='bbox 1903 4538 2051 4595; x_wconf 90' lang='lat' dir='ltr'><strong>istud</strong></span> 
     </span>
    </p>
   </div>
   <div class='ocr_carea' id='block_1_87' title="bbox 2156 4538 3749 4615">
    <p class='ocr_par' dir='ltr' id='par_1_87' title="bbox 2159 4540 3749 4615">
     <span class='ocr_line' id='line_1_87' title="bbox 2159 4540 3749 4615; baseline -0.002 -19"><span class='ocrx_word' id='word_1_638' title='bbox 2159 4541 2311 4613; x_wconf 85' lang='grc' dir='ltr'><strong>παρά</strong></span> <span class='ocrx_word' id='word_1_639' title='bbox 2363 4542 2457 4596; x_wconf 84' lang='grc' dir='ltr'>σοῦ</span> <span class='ocrx_word' id='word_1_640' title='bbox 2498 4541 2539 4607; x_wconf 89' lang='grc'>³,</span> <span class='ocrx_word' id='word_1_641' title='bbox 2592 4545 2744 4615; x_wconf 84' lang='grc' dir='ltr'><strong>παρά</strong></span> <span class='ocrx_word' id='word_1_642' title='bbox 2785 4541 2878 4597; x_wconf 80' lang='grc' dir='ltr'>τοῦ</span> <span class='ocrx_word' id='word_1_643' title='bbox 2929 4542 3184 4613; x_wconf 84' lang='grc' dir='ltr'>Σωτῆρος</span> <span class='ocrx_word' id='word_1_644' title='bbox 3230 4543 3361 4613; x_wconf 83' lang='grc' dir='ltr'>ἡμῖν</span> <span class='ocrx_word' id='word_1_645' title='bbox 3400 4540 3749 4612; x_wconf 78' lang='grc' dir='ltr'>ἀποφαντικὴ</span> 
     </span>
    </p>
   </div>
   <div class='ocr_carea' id='block_1_88' title="bbox 470 4631 2055 4709">
    <p class='ocr_par' dir='ltr' id='par_1_88' title="bbox 470 4631 2055 4709">
     <span class='ocr_line' id='line_1_88' title="bbox 470 4631 2055 4709; baseline -0.004 -15"><span class='ocrx_word' id='word_1_646' title='bbox 470 4637 694 4709; x_wconf 85' lang='lat' dir='ltr'><strong>eloqui,</strong></span> <span class='ocrx_word' id='word_1_647' title='bbox 744 4650 923 4706; x_wconf 87' lang='lat' dir='ltr'><strong>neque</strong></span> <span class='ocrx_word' id='word_1_648' title='bbox 1002 4634 1385 4706; x_wconf 77' lang='lat' dir='ltr'><strong>pmoriptum</strong></span> <span class='ocrx_word' id='word_1_649' title='bbox 1435 4631 1685 4687; x_wconf 91' lang='lat' dir='ltr'><strong>ordinem</strong></span> <span class='ocrx_word' id='word_1_650' title='bbox 1742 4631 2055 4701; x_wconf 90' lang='lat' dir='ltr'><strong>seriemque</strong></span> 
     </span>
    </p>
   </div>
   <div class='ocr_carea' id='block_1_89' title="bbox 473 4720 2055 4797">
    <p class='ocr_par' dir='ltr' id='par_1_89' title="bbox 473 4720 2055 4797">
     <span class='ocr_line' id='line_1_89' title="bbox 473 4720 2055 4797; baseline -0.001 -16"><span class='ocrx_word' id='word_1_651' title='bbox 473 4724 850 4797; x_wconf 61' lang='lat' dir='ltr'><strong>platea-gredi.</strong></span> <span class='ocrx_word' id='word_1_652' title='bbox 906 4722 1194 4779; x_wconf 80' lang='lat' dir='ltr'><strong>Manifesta</strong></span> <span class='ocrx_word' id='word_1_653' title='bbox 1244 4720 1466 4792; x_wconf 88' lang='lat' dir='ltr'><strong>quidem</strong></span> <span class='ocrx_word' id='word_1_654' title='bbox 1527 4729 1614 4778; x_wconf 89' lang='lat' dir='ltr'><strong>est</strong></span> <span class='ocrx_word' id='word_1_655' title='bbox 1667 4737 1698 4776; x_wconf 88' lang='lat' dir='ltr'><strong>a</strong></span> <span class='ocrx_word' id='word_1_656' title='bbox 1768 4720 2055 4779; x_wconf 87' lang='lat' dir='ltr'><strong>Salvatore</strong></span> 
     </span>
    </p>
   </div>
   <div class='ocr_carea' id='block_1_90' title="bbox 471 4814 2052 4889">
    <p class='ocr_par' dir='ltr' id='par_1_90' title="bbox 471 4814 2052 4889">
     <span class='ocr_line' id='line_1_90' title="bbox 471 4814 2052 4889; baseline -0.004 -14"><span class='ocrx_word' id='word_1_657' title='bbox 471 4827 667 4875; x_wconf 87' lang='lat' dir='ltr'><strong>contra</strong></span> <span class='ocrx_word' id='word_1_658' title='bbox 694 4825 749 4873; x_wconf 88' lang='lat' dir='ltr'><strong>te</strong></span> <span class='ocrx_word' id='word_1_659' title='bbox 776 4818 1131 4889; x_wconf 86' lang='lat' dir='ltr'><strong>pronuntiata</strong></span> <span class='ocrx_word' id='word_1_660' title='bbox 1157 4816 1430 4872; x_wconf 87' lang='lat' dir='ltr'><strong>sententia</strong></span> <span class='ocrx_word' id='word_1_661' title='bbox 1461 4834 1476 4871; x_wconf 88' lang='lat'><strong>:</strong></span> <span class='ocrx_word' id='word_1_662' title='bbox 1507 4816 1553 4869; x_wconf 81' lang='grc' dir='ltr'><strong><em>Α</em></strong></span> <span class='ocrx_word' id='word_1_663' title='bbox 1585 4814 1844 4887; x_wconf 78' lang='lat' dir='ltr'><strong>fructibus</strong></span> <span class='ocrx_word' id='word_1_664' title='bbox 1869 4832 2052 4870; x_wconf 84' lang='lat' dir='ltr'><strong>eorum</strong></span> 
     </span>
    </p>
   </div>
   <div class='ocr_carea' id='block_1_91' title="bbox 473 4908 2053 4984">
    <p class='ocr_par' dir='ltr' id='par_1_91' title="bbox 473 4908 2053 4984">
     <span class='ocr_line' id='line_1_91' title="bbox 473 4908 2053 4984; baseline -0.003 -16"><span class='ocrx_word' id='word_1_665' title='bbox 473 4912 794 4984; x_wconf 76' lang='lat' dir='ltr'><strong>cognoscetis</strong></span> <span class='ocrx_word' id='word_1_666' title='bbox 836 4912 980 4981; x_wconf 77' lang='lat' dir='ltr'><strong>ipsos</strong></span> <span class='ocrx_word' id='word_1_667' title='bbox 1002 4913 1045 4976; x_wconf 82' lang='grc'>³,</span> <span class='ocrx_word' id='word_1_668' title='bbox 1074 4925 1140 4966; x_wconf 88' lang='lat' dir='ltr'><strong>eo</strong></span> <span class='ocrx_word' id='word_1_669' title='bbox 1170 4909 1318 4981; x_wconf 91' lang='lat' dir='ltr'><strong>quod</strong></span> <span class='ocrx_word' id='word_1_670' title='bbox 1347 4924 1475 4963; x_wconf 91' lang='lat' dir='ltr'><strong>cum</strong></span> <span class='ocrx_word' id='word_1_671' title='bbox 1506 4909 1625 4965; x_wconf 86' lang='lat' dir='ltr'><strong>ovis</strong></span> <span class='ocrx_word' id='word_1_672' title='bbox 1673 4909 1813 4979; x_wconf 89' lang='lat' dir='ltr'><strong>pelle</strong></span> <span class='ocrx_word' id='word_1_673' title='bbox 1845 4908 1926 4965; x_wconf 87' lang='lat' dir='ltr'><strong>sis</strong></span> <span class='ocrx_word' id='word_1_674' title='bbox 1952 4909 2053 4965; x_wconf 85' lang='lat' dir='ltr'><strong>ob-</strong></span> 
     </span>
    </p>
   </div>
   <div class='ocr_carea' id='block_1_92' title="bbox 472 5001 2050 5073">
    <p class='ocr_par' dir='ltr' id='par_1_92' title="bbox 472 5001 2050 5073">
     <span class='ocr_line' id='line_1_92' title="bbox 472 5001 2050 5073; baseline -0.004 -12"><span class='ocrx_word' id='word_1_675' title='bbox 472 5006 716 5065; x_wconf 86' lang='lat' dir='ltr'><strong>volutus.</strong></span> <span class='ocrx_word' id='word_1_676' title='bbox 754 5003 903 5059; x_wconf 89' lang='lat' dir='ltr'><strong>intus</strong></span> <span class='ocrx_word' id='word_1_677' title='bbox 932 5016 1103 5073; x_wconf 80' lang='lat' dir='ltr'><strong>rapax</strong></span> <span class='ocrx_word' id='word_1_678' title='bbox 1154 5016 1215 5057; x_wconf 89' lang='lat' dir='ltr'><strong>es</strong></span> <span class='ocrx_word' id='word_1_679' title='bbox 1253 5009 1309 5057; x_wconf 90' lang='lat' dir='ltr'><strong>et</strong></span> <span class='ocrx_word' id='word_1_680' title='bbox 1351 5016 1480 5057; x_wconf 88' lang='lat' dir='ltr'><strong>cum</strong></span> <span class='ocrx_word' id='word_1_681' title='bbox 1510 5001 1642 5073; x_wconf 91' lang='lat' dir='ltr'><strong>lupo</strong></span> <span class='ocrx_word' id='word_1_682' title='bbox 1674 5008 2050 5072; x_wconf 88' lang='lat' dir='ltr'><strong>comparatus.</strong></span> 
     </span>
    </p>
   </div>
   <div class='ocr_carea' id='block_1_93' title="bbox 474 5095 2055 5168">
    <p class='ocr_par' dir='ltr' id='par_1_93' title="bbox 474 5095 2055 5168">
     <span class='ocr_line' id='line_1_93' title="bbox 474 5095 2055 5168; baseline -0.003 -13"><span class='ocrx_word' id='word_1_683' title='bbox 474 5098 690 5155; x_wconf 85' lang='lat' dir='ltr'><strong>Etenim</strong></span> <span class='ocrx_word' id='word_1_684' title='bbox 723 5096 771 5153; x_wconf 89' lang='lat' dir='ltr'><strong>si</strong></span> <span class='ocrx_word' id='word_1_685' title='bbox 821 5111 854 5150; x_wconf 92' lang='lat' dir='ltr'><strong>a</strong></span> <span class='ocrx_word' id='word_1_686' title='bbox 896 5096 1106 5168; x_wconf 82' lang='lat' dir='ltr'><strong>Spiritu</strong></span> <span class='ocrx_word' id='word_1_687' title='bbox 1147 5104 1343 5152; x_wconf 84' lang='lat' dir='ltr'><strong>sancto</strong></span> <span class='ocrx_word' id='word_1_688' title='bbox 1391 5095 1610 5165; x_wconf 87' lang='lat' dir='ltr'><strong>genitus</strong></span> <span class='ocrx_word' id='word_1_689' title='bbox 1654 5109 1830 5161; x_wconf 86' lang='lat' dir='ltr'><strong>esses,</strong></span> <span class='ocrx_word' id='word_1_690' title='bbox 1885 5100 2055 5164; x_wconf 88' lang='lat' dir='ltr'><strong>atque</strong></span> 
     </span>
    </p>
   </div>
   <div class='ocr_carea' id='block_1_94' title="bbox 474 5185 2054 5264">
    <p class='ocr_par' dir='ltr' id='par_1_94' title="bbox 474 5185 2054 5264">
     <span class='ocr_line' id='line_1_94' title="bbox 474 5185 2054 5264; baseline -0.004 -17"><span class='ocrx_word' id='word_1_691' title='bbox 474 5209 505 5247; x_wconf 90' lang='lat' dir='ltr'><strong>a</strong></span> <span class='ocrx_word' id='word_1_692' title='bbox 539 5192 822 5264; x_wconf 87' lang='lat' dir='ltr'><strong>prophetis</strong></span> <span class='ocrx_word' id='word_1_693' title='bbox 886 5189 1262 5262; x_wconf 86' lang='lat' dir='ltr'><strong>apostolisque</strong></span> <span class='ocrx_word' id='word_1_694' title='bbox 1312 5186 1563 5253; x_wconf 89' lang='lat' dir='ltr'><strong>edoctus,</strong></span> <span class='ocrx_word' id='word_1_695' title='bbox 1637 5185 1819 5242; x_wconf 78' lang='lat' dir='ltr'><strong>facere</strong></span> <span class='ocrx_word' id='word_1_696' title='bbox 1864 5193 1919 5241; x_wconf 90' lang='lat' dir='ltr'><strong>te</strong></span> <span class='ocrx_word' id='word_1_697' title='bbox 1971 5186 2054 5241; x_wconf 89' lang='lat' dir='ltr'><strong>il-</strong></span> 
     </span>
    </p>
   </div>
   <div class='ocr_carea' id='block_1_95' title="bbox 474 5278 2056 5357">
    <p class='ocr_par' dir='ltr' id='par_1_95' title="bbox 474 5278 2056 5357">
     <span class='ocr_line' id='line_1_95' title="bbox 474 5278 2056 5357; baseline -0.005 -17"><span class='ocrx_word' id='word_1_698' title='bbox 474 5286 568 5341; x_wconf 90' lang='lat' dir='ltr'><strong>lud</strong></span> <span class='ocrx_word' id='word_1_699' title='bbox 616 5284 926 5357; x_wconf 86' lang='lat' dir='ltr'><strong>oportebat,</strong></span> <span class='ocrx_word' id='word_1_700' title='bbox 969 5292 1051 5350; x_wconf 87' lang='lat' dir='ltr'><strong>ut,</strong></span> <span class='ocrx_word' id='word_1_701' title='bbox 1093 5284 1267 5338; x_wconf 87' lang='lat' dir='ltr'><strong>sacris</strong></span> <span class='ocrx_word' id='word_1_702' title='bbox 1293 5281 1551 5337; x_wconf 89' lang='lat' dir='ltr'><strong>omnibus</strong></span> <span class='ocrx_word' id='word_1_703' title='bbox 1590 5278 1880 5335; x_wconf 88' lang='lat' dir='ltr'><strong>codicibus</strong></span> <span class='ocrx_word' id='word_1_704' title='bbox 1915 5294 2056 5349; x_wconf 89' lang='lat' dir='ltr'><strong>per-</strong></span> 
     </span>
    </p>
   </div>
   <div class='ocr_carea' id='block_1_96' title="bbox 474 5372 2054 5441">
    <p class='ocr_par' dir='ltr' id='par_1_96' title="bbox 474 5372 2054 5441">
     <span class='ocr_line' id='line_1_96' title="bbox 474 5372 2054 5441; baseline -0.003 -13"><span class='ocrx_word' id='word_1_705' title='bbox 474 5375 699 5441; x_wconf 89' lang='lat' dir='ltr'><strong>volutis,</strong></span> <span class='ocrx_word' id='word_1_706' title='bbox 735 5390 767 5431; x_wconf 90' lang='lat' dir='ltr'><strong>a</strong></span> <span class='ocrx_word' id='word_1_707' title='bbox 794 5373 996 5430; x_wconf 85' lang='lat' dir='ltr'><strong>Genesi</strong></span> <span class='ocrx_word' id='word_1_708' title='bbox 1052 5373 1121 5428; x_wconf 83' lang='lat' dir='ltr'><strong>ad</strong></span> <span class='ocrx_word' id='word_1_709' title='bbox 1182 5373 1431 5429; x_wconf 88' lang='lat' dir='ltr'><strong>Estheris</strong></span> <span class='ocrx_word' id='word_1_710' title='bbox 1483 5379 1753 5441; x_wconf 89' lang='lat' dir='ltr'><strong>tempora,</strong></span> <span class='ocrx_word' id='word_1_711' title='bbox 1784 5372 1878 5441; x_wconf 91' lang='lat' dir='ltr'><strong>qui</strong></span> <span class='ocrx_word' id='word_1_712' title='bbox 1923 5378 2054 5427; x_wconf 90' lang='lat' dir='ltr'><strong>sunt</strong></span> 
     </span>
    </p>
   </div>
   <div class='ocr_carea' id='block_1_97' title="bbox 474 5461 2046 5538">
    <p class='ocr_par' dir='ltr' id='par_1_97' title="bbox 474 5461 2046 5538">
     <span class='ocr_line' id='line_1_97' title="bbox 474 5461 2046 5538; baseline -0.003 -17"><span class='ocrx_word' id='word_1_713' title='bbox 474 5475 682 5537; x_wconf 87' lang='lat' dir='ltr'><strong>septem</strong></span> <span class='ocrx_word' id='word_1_714' title='bbox 716 5476 771 5522; x_wconf 88' lang='lat' dir='ltr'><strong>et</strong></span> <span class='ocrx_word' id='word_1_715' title='bbox 806 5466 999 5538; x_wconf 81' lang='lat' dir='ltr'><strong>viginti</strong></span> <span class='ocrx_word' id='word_1_716' title='bbox 1046 5465 1175 5521; x_wconf 91' lang='lat' dir='ltr'><strong>libri</strong></span> <span class='ocrx_word' id='word_1_717' title='bbox 1201 5463 1542 5521; x_wconf 89' lang='lat' dir='ltr'><strong>Testamenti</strong></span> <span class='ocrx_word' id='word_1_718' title='bbox 1574 5461 1811 5531; x_wconf 83' lang='lat' dir='ltr'><strong>Veteris,</strong></span> <span class='ocrx_word' id='word_1_719' title='bbox 1842 5471 1898 5518; x_wconf 90' lang='lat' dir='ltr'><strong>et</strong></span> <span class='ocrx_word' id='word_1_720' title='bbox 1930 5479 2046 5518; x_wconf 79' lang='lat' dir='ltr'><strong>xxn</strong></span> 
     </span>
    </p>
   </div>
   <div class='ocr_carea' id='block_1_98' title="bbox 479 5554 2049 5626">
    <p class='ocr_par' dir='ltr' id='par_1_98' title="bbox 479 5554 2049 5626">
     <span class='ocr_line' id='line_1_98' title="bbox 479 5554 2049 5626; baseline -0.001 -16"><span class='ocrx_word' id='word_1_721' title='bbox 479 5567 866 5626; x_wconf 86' lang='lat' dir='ltr'><strong>numerantur;</strong></span> <span class='ocrx_word' id='word_1_722' title='bbox 940 5567 1055 5613; x_wconf 89' lang='lat' dir='ltr'><strong>tum</strong></span> <span class='ocrx_word' id='word_1_723' title='bbox 1109 5555 1481 5614; x_wconf 89' lang='lat' dir='ltr'><strong>sacrosanctis</strong></span> <span class='ocrx_word' id='word_1_724' title='bbox 1526 5571 1581 5611; x_wconf 77' lang='lat' dir='ltr'><strong>tv</strong></span> <span class='ocrx_word' id='word_1_725' title='bbox 1611 5554 1941 5625; x_wconf 84' lang='lat' dir='ltr'><strong>Evangeliis,</strong></span> <span class='ocrx_word' id='word_1_726' title='bbox 1994 5563 2049 5611; x_wconf 90' lang='lat' dir='ltr'><strong>et</strong></span> 
     </span>
    </p>
   </div>
   <div class='ocr_carea' id='block_1_99' title="bbox 474 5648 2046 5721">
    <p class='ocr_par' dir='ltr' id='par_1_99' title="bbox 474 5648 2046 5721">
     <span class='ocr_line' id='line_1_99' title="bbox 474 5648 2046 5721; baseline -0.001 -16"><span class='ocrx_word' id='word_1_727' title='bbox 474 5650 533 5705; x_wconf 85' lang='lat' dir='ltr'><strong>S.</strong></span> <span class='ocrx_word' id='word_1_728' title='bbox 583 5649 740 5705; x_wconf 86' lang='lat' dir='ltr'><strong>Pauli</strong></span> <span class='ocrx_word' id='word_1_729' title='bbox 795 5666 888 5706; x_wconf 82' lang='lat' dir='ltr'><strong>xlv</strong></span> <span class='ocrx_word' id='word_1_730' title='bbox 960 5649 1245 5721; x_wconf 89' lang='lat' dir='ltr'><strong>Epistolis,</strong></span> <span class='ocrx_word' id='word_1_731' title='bbox 1298 5664 1511 5705; x_wconf 87' lang='lat' dir='ltr'><strong>necnon</strong></span> <span class='ocrx_word' id='word_1_732' title='bbox 1569 5658 1625 5704; x_wconf 90' lang='lat' dir='ltr'><strong>et</strong></span> <span class='ocrx_word' id='word_1_733' title='bbox 1675 5648 2046 5720; x_wconf 82' lang='lat' dir='ltr'><strong>apostolorum</strong></span> 
     </span>
    </p>
   </div>
   <div class='ocr_carea' id='block_1_100' title="bbox 476 5740 2040 5812">
    <p class='ocr_par' dir='ltr' id='par_1_100' title="bbox 476 5740 2040 5812">
     <span class='ocr_line' id='line_1_100' title="bbox 476 5740 2040 5812; baseline 0 -17"><span class='ocrx_word' id='word_1_734' title='bbox 476 5742 646 5803; x_wconf 71' lang='lat' dir='ltr'><strong>Actis,</strong></span> <span class='ocrx_word' id='word_1_735' title='bbox 680 5756 803 5812; x_wconf 82' lang='lat' dir='ltr'><strong>qua:</strong></span> <span class='ocrx_word' id='word_1_736' title='bbox 828 5742 916 5799; x_wconf 88' lang='lat' dir='ltr'><strong>vel</strong></span> <span class='ocrx_word' id='word_1_737' title='bbox 951 5743 1237 5812; x_wconf 89' lang='lat' dir='ltr'><strong>superiora</strong></span> <span class='ocrx_word' id='word_1_738' title='bbox 1278 5740 1387 5796; x_wconf 88' lang='lat' dir='ltr'><strong>illis</strong></span> <span class='ocrx_word' id='word_1_739' title='bbox 1417 5749 1686 5812; x_wconf 89' lang='lat' dir='ltr'><strong>tempora,</strong></span> <span class='ocrx_word' id='word_1_740' title='bbox 1730 5741 1814 5797; x_wconf 87' lang='lat' dir='ltr'><strong>vel</strong></span> <span class='ocrx_word' id='word_1_741' title='bbox 1856 5748 2040 5812; x_wconf 88' lang='lat' dir='ltr'><strong>poste-</strong></span> 
     </span>
    </p>
   </div>
   <div class='ocr_carea' id='block_1_101' title="bbox 2160 4632 3749 4702">
    <p class='ocr_par' dir='ltr' id='par_1_101' title="bbox 2160 4632 3749 4702">
     <span class='ocr_line' id='line_1_101' title="bbox 2160 4632 3749 4702; baseline 0 -15"><span class='ocrx_word' id='word_1_742' title='bbox 2160 4633 2456 4700; x_wconf 81' lang='grc' dir='ltr'>ἀπόδειξις,</span> <span class='ocrx_word' id='word_1_743' title='bbox 2485 4634 2568 4688; x_wconf 78' lang='grc' dir='ltr'><strong>ὅτι</strong></span> <span class='ocrx_word' id='word_1_744' title='bbox 2609 4634 2745 4688; x_wconf 81' lang='grc' dir='ltr'><strong>Ἀπὸ</strong></span> <span class='ocrx_word' id='word_1_745' title='bbox 2776 4632 2896 4688; x_wconf 84' lang='grc' dir='ltr'><strong>τῶν</strong></span> <span class='ocrx_word' id='word_1_746' title='bbox 2937 4632 3183 4701; x_wconf 81' lang='grc' dir='ltr'>καρπῶν</span> <span class='ocrx_word' id='word_1_747' title='bbox 3212 4632 3411 4687; x_wconf 82' lang='grc' dir='ltr'>αὐτῶν</span> <span class='ocrx_word' id='word_1_748' title='bbox 3438 4632 3749 4702; x_wconf 77' lang='grc' dir='ltr'>γνώσεσθε</span> 
     </span>
    </p>
   </div>
   <div class='ocr_carea' id='block_1_102' title="bbox 2158 4722 3748 4796">
    <p class='ocr_par' dir='ltr' id='par_1_102' title="bbox 2158 4722 3748 4796">
     <span class='ocr_line' id='line_1_102' title="bbox 2158 4722 3748 4796; baseline -0.001 -18"><span class='ocrx_word' id='word_1_749' title='bbox 2158 4724 2406 4792; x_wconf 85' lang='grc' dir='ltr'>αὐτοὺς,</span> <span class='ocrx_word' id='word_1_750' title='bbox 2435 4724 2513 4796; x_wconf 83' lang='grc' dir='ltr'>τῷ</span> <span class='ocrx_word' id='word_1_751' title='bbox 2556 4722 2696 4779; x_wconf 84' lang='grc' dir='ltr'>εἶναι</span> <span class='ocrx_word' id='word_1_752' title='bbox 2743 4725 2843 4796; x_wconf 84' lang='grc' dir='ltr'><strong>μέν</strong></span> <span class='ocrx_word' id='word_1_753' title='bbox 2890 4742 2948 4778; x_wconf 87' lang='grc' dir='ltr'><strong>σε</strong></span> <span class='ocrx_word' id='word_1_754' title='bbox 2976 4723 3439 4796; x_wconf 86' lang='grc' dir='ltr'>περιϐεϐλημένον</span> <span class='ocrx_word' id='word_1_755' title='bbox 3469 4723 3748 4795; x_wconf 89' lang='grc' dir='ltr'>προϐάτου</span> 
     </span>
    </p>
   </div>
   <div class='ocr_carea' id='block_1_103' title="bbox 2158 4813 3746 4888">
    <p class='ocr_par' dir='ltr' id='par_1_103' title="bbox 2158 4813 3746 4888">
     <span class='ocr_line' id='line_1_103' title="bbox 2158 4813 3746 4888; baseline -0.001 -18"><span class='ocrx_word' id='word_1_756' title='bbox 2158 4816 2373 4881; x_wconf 86' lang='grc' dir='ltr'>κώδιον,</span> <span class='ocrx_word' id='word_1_757' title='bbox 2409 4816 2612 4871; x_wconf 78' lang='grc' dir='ltr'>ἔσωθεν</span> <span class='ocrx_word' id='word_1_758' title='bbox 2640 4817 2697 4870; x_wconf 82' lang='grc' dir='ltr'>δὲ</span> <span class='ocrx_word' id='word_1_759' title='bbox 2729 4813 2867 4871; x_wconf 80' lang='grc' dir='ltr'>εἶναι</span> <span class='ocrx_word' id='word_1_760' title='bbox 2900 4816 3142 4888; x_wconf 74' lang='grc' dir='ltr'>ἅρπαγα,</span> <span class='ocrx_word' id='word_1_761' title='bbox 3192 4817 3287 4869; x_wconf 76' lang='grc' dir='ltr'>καὶ</span> <span class='ocrx_word' id='word_1_762' title='bbox 3322 4814 3471 4885; x_wconf 54' lang='grc' dir='ltr'>λύκῳ</span> <span class='ocrx_word' id='word_1_763' title='bbox 3502 4814 3746 4887; x_wconf 80' lang='grc' dir='ltr'>παραϐε-</span> 
     </span>
    </p>
   </div>
   <div class='ocr_carea' id='block_1_104' title="bbox 2160 4903 3744 4981">
    <p class='ocr_par' dir='ltr' id='par_1_104' title="bbox 2160 4903 3744 4981">
     <span class='ocr_line' id='line_1_104' title="bbox 2160 4903 3744 4981; baseline -0.002 -19"><span class='ocrx_word' id='word_1_764' title='bbox 2160 4909 2451 4981; x_wconf 82' lang='grc' dir='ltr'>ϐλημένον.</span> <span class='ocrx_word' id='word_1_765' title='bbox 2500 4909 2563 4962; x_wconf 80' lang='lat' dir='ltr'><strong>El</strong></span> <span class='ocrx_word' id='word_1_766' title='bbox 2606 4908 2717 4979; x_wconf 91' lang='grc' dir='ltr'>γάρ</span> <span class='ocrx_word' id='word_1_767' title='bbox 2760 4903 2830 4979; x_wconf 80' lang='grc' dir='ltr'>ἦς</span> <span class='ocrx_word' id='word_1_768' title='bbox 2870 4907 2938 4975; x_wconf 27' lang='grc' dir='ltr'><strong>,ἐξ</strong></span> <span class='ocrx_word' id='word_1_769' title='bbox 2985 4907 3144 4976; x_wconf 83' lang='grc' dir='ltr'>ἁγίου</span> <span class='ocrx_word' id='word_1_770' title='bbox 3186 4904 3507 4976; x_wconf 88' lang='grc' dir='ltr'>Πνεύματος</span> <span class='ocrx_word' id='word_1_771' title='bbox 3552 4922 3744 4976; x_wconf 85' lang='grc' dir='ltr'>γεγεν-</span> 
     </span>
    </p>
   </div>
   <div class='ocr_carea' id='block_1_105' title="bbox 2161 4995 3743 5072">
    <p class='ocr_par' dir='ltr' id='par_1_105' title="bbox 2161 4995 3743 5072">
     <span class='ocr_line' id='line_1_105' title="bbox 2161 4995 3743 5072; baseline -0.003 -19"><span class='ocrx_word' id='word_1_772' title='bbox 2161 5000 2414 5072; x_wconf 84' lang='grc' dir='ltr'>νημένος,</span> <span class='ocrx_word' id='word_1_773' title='bbox 2445 5000 2540 5055; x_wconf 77' lang='grc' dir='ltr'>καὶ</span> <span class='ocrx_word' id='word_1_774' title='bbox 2561 5001 2887 5072; x_wconf 84' lang='grc' dir='ltr'>προφήταις,</span> <span class='ocrx_word' id='word_1_775' title='bbox 2918 4999 3013 5053; x_wconf 73' lang='lat' dir='ltr'><strong>xui.</strong></span> <span class='ocrx_word' id='word_1_776' title='bbox 3040 4996 3362 5060; x_wconf 86' lang='grc' dir='ltr'>ἀποστόλοις</span> <span class='ocrx_word' id='word_1_777' title='bbox 3396 4995 3743 5068; x_wconf 82' lang='grc' dir='ltr'>μεμαθητευ-</span> 
     </span>
    </p>
   </div>
   <div class='ocr_carea' id='block_1_106' title="bbox 2164 5089 3739 5164">
    <p class='ocr_par' dir='ltr' id='par_1_106' title="bbox 2164 5089 3739 5164">
     <span class='ocr_line' id='line_1_106' title="bbox 2164 5089 3739 5164; baseline -0.004 -18"><span class='ocrx_word' id='word_1_778' title='bbox 2164 5092 2346 5164; x_wconf 84' lang='grc' dir='ltr'>μένος,</span> <span class='ocrx_word' id='word_1_779' title='bbox 2388 5092 2497 5145; x_wconf 78' lang='grc' dir='ltr'>ἔδει</span> <span class='ocrx_word' id='word_1_780' title='bbox 2536 5108 2597 5145; x_wconf 85' lang='grc' dir='ltr'><strong>σε</strong></span> <span class='ocrx_word' id='word_1_781' title='bbox 2628 5091 2904 5146; x_wconf 88' lang='grc' dir='ltr'>διελθόντα</span> <span class='ocrx_word' id='word_1_782' title='bbox 2936 5091 3192 5163; x_wconf 83' lang='grc' dir='ltr'>ἀπαρχῆς</span> <span class='ocrx_word' id='word_1_783' title='bbox 3234 5090 3501 5161; x_wconf 87' lang='grc' dir='ltr'>γενέσεως</span> <span class='ocrx_word' id='word_1_784' title='bbox 3536 5089 3739 5158; x_wconf 79' lang='grc' dir='ltr'>κόσμου</span> 
     </span>
    </p>
   </div>
   <div class='ocr_carea' id='block_1_107' title="bbox 2159 5176 3739 5255">
    <p class='ocr_par' dir='ltr' id='par_1_107' title="bbox 2159 5176 3739 5255">
     <span class='ocr_line' id='line_1_107' title="bbox 2159 5176 3739 5255; baseline -0.006 -17"><span class='ocrx_word' id='word_1_785' title='bbox 2159 5184 2288 5255; x_wconf 84' lang='grc' dir='ltr'>ἀχρι</span> <span class='ocrx_word' id='word_1_786' title='bbox 2316 5183 2425 5235; x_wconf 79' lang='grc' dir='ltr'><strong>τῶν</strong></span> <span class='ocrx_word' id='word_1_787' title='bbox 2454 5181 2556 5253; x_wconf 86' lang='grc' dir='ltr'>τῆς</span> <span class='ocrx_word' id='word_1_788' title='bbox 2583 5181 2792 5255; x_wconf 85' lang='grc' dir='ltr'>Δίσθὴρ</span> <span class='ocrx_word' id='word_1_789' title='bbox 2814 5182 3041 5254; x_wconf 87' lang='grc' dir='ltr'>χρόνων,</span> <span class='ocrx_word' id='word_1_790' title='bbox 3073 5183 3131 5235; x_wconf 71' lang='grc' dir='ltr'>ιν</span> <span class='ocrx_word' id='word_1_791' title='bbox 3162 5180 3334 5234; x_wconf 79' lang='grc' dir='ltr'>εἰκοσι</span> <span class='ocrx_word' id='word_1_792' title='bbox 3364 5180 3458 5235; x_wconf 77' lang='grc' dir='ltr'>καὶ</span> <span class='ocrx_word' id='word_1_793' title='bbox 3486 5177 3624 5231; x_wconf 76' lang='grc' dir='ltr'>ἑπτά</span> <span class='ocrx_word' id='word_1_794' title='bbox 3653 5176 3739 5246; x_wconf 85' lang='grc' dir='ltr'><strong>βί-</strong></span> 
     </span>
    </p>
   </div>
   <div class='ocr_carea' id='block_1_108' title="bbox 2163 5270 3740 5347">
    <p class='ocr_par' dir='ltr' id='par_1_108' title="bbox 2163 5270 3740 5347">
     <span class='ocr_line' id='line_1_108' title="bbox 2163 5270 3740 5347; baseline 0.003 -18"><span class='ocrx_word' id='word_1_795' title='bbox 2163 5275 2309 5339; x_wconf 86' lang='grc' dir='ltr'>ϐλοις</span> <span class='ocrx_word' id='word_1_796' title='bbox 2349 5274 2591 5340; x_wconf 77' lang='grc' dir='ltr'>Παλαιᾶς</span> <span class='ocrx_word' id='word_1_797' title='bbox 2636 5276 2913 5347; x_wconf 87' lang='grc' dir='ltr'>Διαθήκης</span> <span class='ocrx_word' id='word_1_798' title='bbox 2958 5273 3131 5328; x_wconf 79' lang='grc' dir='ltr'>εἴκοσι</span> <span class='ocrx_word' id='word_1_799' title='bbox 3167 5274 3261 5328; x_wconf 90' lang='grc' dir='ltr'><strong>δύο</strong></span> <span class='ocrx_word' id='word_1_800' title='bbox 3299 5270 3740 5345; x_wconf 72' lang='grc' dir='ltr'>ἀριθμουμένοιςι</span> 
     </span>
    </p>
   </div>
   <div class='ocr_carea' id='block_1_109' title="bbox 2160 5360 3745 5439">
    <p class='ocr_par' dir='ltr' id='par_1_109' title="bbox 2160 5360 3745 5439">
     <span class='ocr_line' id='line_1_109' title="bbox 2160 5360 3745 5439; baseline -0.004 -21"><span class='ocrx_word' id='word_1_801' title='bbox 2160 5367 2384 5439; x_wconf 83' lang='grc' dir='ltr'>τέταρσι</span> <span class='ocrx_word' id='word_1_802' title='bbox 2434 5366 2493 5419; x_wconf 85' lang='grc' dir='ltr'>δὲ</span> <span class='ocrx_word' id='word_1_803' title='bbox 2527 5366 2704 5435; x_wconf 83' lang='grc' dir='ltr'>ἁγίοις</span> <span class='ocrx_word' id='word_1_804' title='bbox 2736 5364 3107 5433; x_wconf 85' lang='grc' dir='ltr'>Εὐαγγελίοις,</span> <span class='ocrx_word' id='word_1_805' title='bbox 3148 5366 3242 5418; x_wconf 77' lang='grc' dir='ltr'>καὶ</span> <span class='ocrx_word' id='word_1_806' title='bbox 3264 5364 3324 5418; x_wconf 82' lang='grc' dir='ltr'>ὲν</span> <span class='ocrx_word' id='word_1_807' title='bbox 3351 5360 3745 5431; x_wconf 80' lang='grc' dir='ltr'>τεσσαρεσκαί-</span> 
     </span>
    </p>
   </div>
   <div class='ocr_carea' id='block_1_110' title="bbox 2158 5451 3746 5524">
    <p class='ocr_par' dir='ltr' id='par_1_110' title="bbox 2158 5451 3746 5524">
     <span class='ocr_line' id='line_1_110' title="bbox 2158 5451 3746 5524; baseline -0.003 -15"><span class='ocrx_word' id='word_1_808' title='bbox 2158 5455 2290 5509; x_wconf 90' lang='grc' dir='ltr'>δεκα</span> <span class='ocrx_word' id='word_1_809' title='bbox 2334 5456 2673 5521; x_wconf 86' lang='grc' dir='ltr'>Ἐπιστολαῖς</span> <span class='ocrx_word' id='word_1_810' title='bbox 2709 5454 2801 5509; x_wconf 82' lang='grc' dir='ltr'>τοῦ</span> <span class='ocrx_word' id='word_1_811' title='bbox 2843 5455 3000 5524; x_wconf 86' lang='grc' dir='ltr'>ἁγίου</span> <span class='ocrx_word' id='word_1_812' title='bbox 3032 5454 3331 5509; x_wconf 82' lang='grc' dir='ltr'>ἀποστόλου</span> <span class='ocrx_word' id='word_1_813' title='bbox 3379 5452 3617 5516; x_wconf 82' lang='grc' dir='ltr'>Παύλου,</span> <span class='ocrx_word' id='word_1_814' title='bbox 3648 5451 3746 5505; x_wconf 80' lang='grc' dir='ltr'>καὶ</span> 
     </span>
    </p>
   </div>
   <div class='ocr_carea' id='block_1_111' title="bbox 2160 5546 3746 5625">
    <p class='ocr_par' dir='ltr' id='par_1_111' title="bbox 2160 5546 3746 5625">
     <span class='ocr_line' id='line_1_111' title="bbox 2160 5546 3746 5625; baseline -0.006 -18"><span class='ocrx_word' id='word_1_815' title='bbox 2160 5554 2219 5607; x_wconf 83' lang='grc' dir='ltr'>ὲν</span> <span class='ocrx_word' id='word_1_816' title='bbox 2261 5556 2382 5617; x_wconf 89' lang='grc' dir='ltr'>ταῖς</span> <span class='ocrx_word' id='word_1_817' title='bbox 2422 5554 2530 5625; x_wconf 75' lang='grc' dir='ltr'><strong>πρὸ</strong></span> <span class='ocrx_word' id='word_1_818' title='bbox 2574 5552 2799 5617; x_wconf 88' lang='grc' dir='ltr'>τούτων,</span> <span class='ocrx_word' id='word_1_819' title='bbox 2853 5553 2948 5607; x_wconf 76' lang='grc' dir='ltr'>καὶ</span> <span class='ocrx_word' id='word_1_820' title='bbox 2998 5553 3096 5606; x_wconf 77' lang='grc' dir='ltr'>σὺν</span> <span class='ocrx_word' id='word_1_821' title='bbox 3130 5553 3251 5612; x_wconf 84' lang='grc' dir='ltr'>ταῖς</span> <span class='ocrx_word' id='word_1_822' title='bbox 3299 5552 3360 5605; x_wconf 80' lang='grc' dir='ltr'>ὲν</span> <span class='ocrx_word' id='word_1_823' title='bbox 3395 5552 3509 5613; x_wconf 85' lang='grc' dir='ltr'>τοῖς</span> <span class='ocrx_word' id='word_1_824' title='bbox 3564 5546 3746 5603; x_wconf 86' lang='grc' dir='ltr'>αὐτῶν</span> 
     </span>
    </p>
   </div>
   <div class='ocr_carea' id='block_1_112' title="bbox 2156 5642 3744 5719">
    <p class='ocr_par' dir='ltr' id='par_1_112' title="bbox 2156 5642 3744 5719">
     <span class='ocr_line' id='line_1_112' title="bbox 2156 5642 3744 5719; baseline -0.004 -19"><span class='ocrx_word' id='word_1_825' title='bbox 2156 5646 2369 5719; x_wconf 86' lang='grc' dir='ltr'>χρόνοις</span> <span class='ocrx_word' id='word_1_826' title='bbox 2393 5646 2631 5717; x_wconf 76' lang='grc' dir='ltr'>Πράεεσι</span> <span class='ocrx_word' id='word_1_827' title='bbox 2648 5645 2757 5699; x_wconf 86' lang='grc' dir='ltr'><strong>τῶν</strong></span> <span class='ocrx_word' id='word_1_828' title='bbox 2777 5645 3117 5708; x_wconf 87' lang='grc' dir='ltr'>ἀποστόλων,</span> <span class='ocrx_word' id='word_1_829' title='bbox 3135 5642 3453 5706; x_wconf 83' lang='grc' dir='ltr'>καθολικαῖς</span> <span class='ocrx_word' id='word_1_830' title='bbox 3491 5643 3744 5695; x_wconf 75' lang='grc' dir='ltr'>Ἐπιστοο</span> 
     </span>
    </p>
   </div>
   <div class='ocr_carea' id='block_1_113' title="bbox 2159 5732 3743 5810">
    <p class='ocr_par' dir='ltr' id='par_1_113' title="bbox 2159 5732 3743 5810">
     <span class='ocr_line' id='line_1_113' title="bbox 2159 5732 3743 5810; baseline 0 -17"><span class='ocrx_word' id='word_1_831' title='bbox 2159 5740 2281 5804; x_wconf 84' lang='grc' dir='ltr'>λαῖς</span> <span class='ocrx_word' id='word_1_832' title='bbox 2324 5739 2602 5803; x_wconf 77' lang='grc' dir='ltr'>Ἰακώϐου,</span> <span class='ocrx_word' id='word_1_833' title='bbox 2622 5739 2715 5794; x_wconf 72' lang='grc' dir='ltr'><strong>καὶ</strong></span> <span class='ocrx_word' id='word_1_834' title='bbox 2743 5739 2973 5810; x_wconf 81' lang='grc' dir='ltr'>Πέτρου,</span> <span class='ocrx_word' id='word_1_835' title='bbox 2994 5737 3090 5791; x_wconf 71' lang='grc' dir='ltr'><strong>καὶ</strong></span> <span class='ocrx_word' id='word_1_836' title='bbox 3125 5736 3393 5805; x_wconf 85' lang='grc' dir='ltr'>Ἰωάννου,</span> <span class='ocrx_word' id='word_1_837' title='bbox 3413 5737 3508 5791; x_wconf 74' lang='grc' dir='ltr'><strong>καὶ</strong></span> <span class='ocrx_word' id='word_1_838' title='bbox 3550 5732 3743 5793; x_wconf 67' lang='grc' dir='ltr'>Ἰούδα.</span> 
     </span>
    </p>
   </div>
   <div class='ocr_carea' id='block_1_114' title="bbox 544 5872 2051 5948">
    <p class='ocr_par' dir='ltr' id='par_1_114' title="bbox 544 5872 2050 5947">
     <span class='ocr_line' id='line_1_114' title="bbox 544 5872 2050 5947; baseline 0.002 -19"><span class='ocrx_word' id='word_1_839' title='bbox 544 5874 560 5905; x_wconf 89' lang='grc'>¹</span> <span class='ocrx_word' id='word_1_840' title='bbox 588 5872 719 5930; x_wconf 86' lang='lat' dir='ltr'><strong>Luc.</strong></span> <span class='ocrx_word' id='word_1_841' title='bbox 754 5891 791 5941; x_wconf 91' lang='grc' dir='ltr'><strong>ι,</strong></span> <span class='ocrx_word' id='word_1_842' title='bbox 816 5876 903 5930; x_wconf 77' lang='grc'><strong>55.</strong></span> <span class='ocrx_word' id='word_1_843' title='bbox 981 5878 1001 5907; x_wconf 81' lang='grc'><strong><em>²</em></strong></span> <span class='ocrx_word' id='word_1_844' title='bbox 1031 5875 1219 5932; x_wconf 77' lang='lat' dir='ltr'><strong>Matth.</strong></span> <span class='ocrx_word' id='word_1_845' title='bbox 1254 5893 1349 5943; x_wconf 88' lang='lat' dir='ltr'><strong>vtt,</strong></span> <span class='ocrx_word' id='word_1_846' title='bbox 1380 5878 1465 5931; x_wconf 75' lang='grc'><strong>16.</strong></span> <span class='ocrx_word' id='word_1_847' title='bbox 1546 5875 1566 5905; x_wconf 90' lang='grc'>³</span> <span class='ocrx_word' id='word_1_848' title='bbox 1599 5875 1656 5929; x_wconf 85' lang='lat' dir='ltr'><strong>F.</strong></span> <span class='ocrx_word' id='word_1_849' title='bbox 1692 5876 1820 5947; x_wconf 77' lang='grc' dir='ltr'>περὶ</span> <span class='ocrx_word' id='word_1_850' title='bbox 1848 5875 1964 5943; x_wconf 80' lang='grc' dir='ltr'>σού,</span> <span class='ocrx_word' id='word_1_851' title='bbox 1992 5892 2050 5931; x_wconf 87' lang='lat' dir='ltr'><strong>se</strong></span> 
     </span>
    </p>
   </div>
   <div class='ocr_carea' id='block_1_115' title="bbox 2156 5872 2782 5948">
    <p class='ocr_par' dir='ltr' id='par_1_115' title="bbox 2160 5873 2782 5948">
     <span class='ocr_line' id='line_1_115' title="bbox 2160 5873 2782 5948; baseline -0.002 -17"><span class='ocrx_word' id='word_1_852' title='bbox 2160 5884 2233 5932; x_wconf 89' lang='lat' dir='ltr'><strong>et.</strong></span> <span class='ocrx_word' id='word_1_853' title='bbox 2269 5878 2300 5948; x_wconf 75' lang='grc' dir='ltr'>ἡ</span> <span class='ocrx_word' id='word_1_854' title='bbox 2332 5876 2480 5947; x_wconf 73' lang='grc' dir='ltr'><strong>παρά</strong></span> <span class='ocrx_word' id='word_1_855' title='bbox 2515 5873 2606 5930; x_wconf 73' lang='grc' dir='ltr'>τοῦ</span> <span class='ocrx_word' id='word_1_856' title='bbox 2646 5877 2782 5931; x_wconf 66' lang='lat' dir='ltr'><strong>Eum</strong></span> 
     </span>
    </p>
   </div>
  </div>
