4134 6386
390 396 489 450 561

1032 399 1400 456 ADVl-ZRSUS
1441 400 1780 456 IIAZRESES
1819 401 1945 455 LIB.

2104 400 2243 457 ΤΟΜ
2284 399 2399 455 1.-
2419 400 2691 457 ΗᾹΞΒΕΒ.
2734 400 2966 456 LXXVI.

3550 402 3657 457 ιω

392 517 485 568 καὶ
539 518 597 570 ὲν
643 521 709 589 τῇ
756 518 849 571 τοῦ
914 518 1156 573 Ἰωάννου
1206 521 1608 593 Ἀποκαλύψει,
1652 521 1709 574 ἐν
1752 539 1811 575 τε
1860 523 1971 584 ταῖς

2083 521 2227 576 riora
2268 523 2588 589 continent;
2646 524 2932 581 catholicis
2964 526 3095 583 item
3138 527 3398 602 Epistolis
3443 526 3654 588 Jacobi,

390 607 611 677 Σοφίαις
644 607 778 678 (90),
811 610 1155 680 Σολομῶντὸς
1193 611 1254 664 τέ
1304 630 1449 683 φημι
1481 614 1576 667 καὶ
1616 612 1736 666 υίοῦ
1782 613 1972 684 Σιράχ,

389 700 481 752 καὶ
506 699 708 762 πάσαις
747 699 935 763 ἁπλῶς
958 700 1201 771 Γραφαϊς
1227 699 1420 769 θείαις,
1457 701 1551 756 καὶ
1582 700 1777 756 ἑαυτοῦ
1811 717 1979 754 κατα·
2002 694 2015 710 ⁹

387 790 611 859 γνῶναι,
661 792 743 845 ὅτι
774 791 967 863 ὄνομα,
1017 793 1157 863 ὅπερ
1180 793 1417 864 οὐδαμοῦ
1448 794 1786 858 ὲντέτακται,
1810 788 1978 864 ἦλθες

386 885 521 955 ἡμῖν
553 884 757 957 φόρων,
804 885 906 939 οὐκ
954 886 1201 957 ἀπρεπὲς
1257 887 1355 958 μὲν
1399 886 1554 958 Θεῷ,
1600 886 1715 941 ἀλλ’
1758 884 1980 948 εὐσεϐὲς

386 977 466 1039 είς
494 975 648 1040 Θεὸν,
692 977 755 1030 τὸ
804 978 898 1031 τοῦ
931 978 1230 1047 άγεννήτου
1276 977 1469 1050 ὖνομα,
1509 978 1761 1051 μηδαμοῦ
1809 977 1867 1032 δὲ
1913 977 1974 1030 ὲν

385 1066 506 1137 θείᾳ.
553 1067 744 1139 Γραφῇ
780 1069 965 1140 ῥηθέν.

2073 611 2253 678 Petri,
2292 613 2523 670 Joannis
2548 622 2605 670 et
2642 612 2835 678 Juda,
2876 614 3205 691 Apocalypsi
3249 618 3514 685 Joannis;
3552 616 3656 671 Sa-

2078 706 2297 776 pientiae
2312 720 2532 777 quoque
2549 707 2726 771 libris,
2739 708 2843 763 hoc
2861 717 2947 765 est
2965 709 3299 777 Salomonis,
3316 711 3411 766 lilii
3432 710 3651 773 Sirach,
3681 791 3693 802 ⁸

2076 798 2335 854 omnibus
2366 797 2604 869 denique
2624 798 2925 871 Scriptum
2946 802 3101 859 libris
3132 803 3433 873 percursis,
3457 808 3655 859 temet-

2078 888 2259 956 ipsum
2303 888 2629 955 damnares;
2671 891 2817 961 quod
2854 893 3125 962 ejusmodi
3171 909 3400 958 nomen,
3444 891 3514 947 de
3543 907 3656 961 quo

2079 976 2231 1031 nulla
2252 978 2344 1055 sit
2373 993 2608 1048 usquam
2641 978 2881 1047 mentio,
2917 981 3077 1037 nobis
3120 980 3314 1037 aﬂerre
3345 994 3455 1035 non
3491 975 3655 1033 dubi-

2080 1070 2304 1125 taveris.
2354 1070 2451 1126 Est
2494 1072 2639 1127 enim
2696 1071 2926 1143 ingeniti
2976 1088 3177 1128 nomen
3242 1072 3469 1127 minime
3516 1069 3655 1125 illud

395 1162 617 1232 quidem
656 1163 943 1236 indignum
976 1163 1111 1231 Deo,
1136 1174 1198 1221 nt
1226 1166 1389 1222 etiam
1420 1168 1678 1238 pietatem
1709 1164 1976 1228 redoleat,
2011 1179 2201 1219 verum
2234 1181 2507 1237 nusquam
2538 1167 2595 1222 in
2629 1164 2933 1237 Scripturis
2969 1178 3309 1236 expressum.

455 1255 647 1319 Οὐδεὶς
664 1257 775 1329 γάρ
810 1257 1068 1328 μεμηνὼς
1101 1275 1233 1314 ποτε
1264 1257 1524 1331 γεννητὸν
1573 1260 1775 1313 ὲνενόει
1817 1258 1971 1312 Θεόν.

398 1347 536 1400 Ἀλλ’
557 1347 682 1402 οὕτε
715 1349 904 1420 χρείαν
945 1350 1105 1421 ἔσχον
1133 1353 1309 1405 εἰπεῖν
1329 1352 1624 1424 ἀγέννητον
1655 1352 1787 1406 Θεὸν
1814 1352 1974 1423 μόνον

385 1440 604 1509 Πατέρα
629 1440 718 1494 διὰ
755 1442 848 1497 τὸν
878 1442 937 1508 ἐξ
962 1444 1131 1497 αὑτοῦ
1187 1445 1585 1516 γεγεννημένον
1612 1462 1625 1477 ο
1651 1446 1738 1499 ἵνα
1778 1446 1850 1517 μή
1888 1460 1975 1508 τις

384 1531 476 1583 ἐπὶ
505 1531 582 1602 τῷ
612 1532 787 1604 Πατρὶ
815 1534 962 1605 μόνῳ
1009 1536 1209 1608 νομίσῃ
1252 1536 1413 1590 τοῦτο
1437 1536 1796 1607 πληροῦσθαι,
1836 1536 1974 1590 ἁλλά

385 1624 481 1676 καὶ
531 1624 624 1676 ἐπὶ
654 1623 734 1694 τῷ
765 1624 901 1695 Υίῷ,
957 1628 1050 1679 καὶ
1105 1627 1200 1680 ἐπὶ
1237 1627 1315 1698 τῷ
1345 1628 1486 1698 ἁγίῳ
1510 1629 1791 1699 Πνεύματι
1819 1646 1833 1660 ο
1873 1629 1972 1697 τῆς

379 1714 619 1778 διανοίας
663 1716 766 1786 τῆς
813 1717 1002 1788 ὀρθῆς,
1050 1718 1265 1772 καὶτοῦ
1297 1720 1614 1790 Πνεύματος
1665 1720 1759 1775 τοῦ
1814 1720 1972 1789 ἁγίου

380 1806 724 1872 διδάσκοντος
770 1810 982 1873 πάντας
1040 1811 1192 1873 υἱοὺς
1222 1810 1480 1882 ἀληθείας
1516 1813 1609 1881 ἀφ’
1656 1810 1865 1865 ἑαυτῶν
1896 1812 1972 1883 μὴ

2145 1256 2334 1329 Neque
2365 1275 2497 1315 vero
2529 1259 2668 1315 adeo
2710 1259 2834 1329 quis
2860 1274 3104 1329 unquam
3149 1262 3380 1314 insanus
3421 1251 3654 1318 exstitit,

2076 1348 2319 1420 genitum
2369 1359 2429 1403 nt
2475 1363 2601 1405 esse
2631 1349 2900 1420 cogitaret
2927 1346 3131 1413 Deum;
3178 1363 3356 1418 neque
3381 1346 3453 1402 ob
3497 1342 3655 1414 geni-

2074 1448 2190 1496 tum
2215 1438 2415 1495 Filium
2447 1457 2678 1497 necesse
2718 1441 2823 1495 fuit
2872 1442 3052 1497 solum
3101 1441 3318 1497 Patrem
3349 1436 3653 1511 ingenitum

2075 1531 2245 1588 Deum
2277 1533 2583 1604 appellare;
2616 1548 2685 1588 ne
2706 1531 2833 1603 quis
2861 1534 2916 1587 in
2941 1530 3106 1587 Patre
3138 1532 3258 1588 solo
3286 1545 3475 1586 verum
3506 1527 3654 1584 istud

2074 1640 2196 1681 esse
2225 1624 2328 1680 sibi
2364 1623 2722 1694 persuadeat,
2782 1624 2878 1680 sed
2908 1632 2959 1680 et
2989 1623 3127 1679 Filio
3168 1638 3235 1679 ac
3266 1622 3494 1695 Spiritui
3518 1636 3654 1679 san-

2070 1722 2161 1770 cto
2213 1715 2527 1771 convenire.
2588 1714 2756 1770 llecta
2816 1716 3018 1785 quippe
3075 1714 3250 1779 ratio,
3305 1722 3361 1770 et
3416 1713 3655 1783 Spiritus

2073 1815 2301 1863 sanctus
2330 1807 2578 1863 veritatis
2613 1807 2752 1865 filios
2797 1809 2996 1865 docent
3046 1825 3151 1865 non
3183 1814 3472 1878 tantopere
3515 1805 3653 1861 illud

382 1900 441 1950 ὲν
460 1898 775 1972 θαυμασμῷ
808 1901 966 1955 τοῦτο
987 1902 1152 1972 ἔχειν,
1187 1903 1327 1958 ἀλλά
1365 1903 1509 1957 κατά
1539 1905 1601 1957 τὸ
1630 1902 1968 1973 ἀπαιτούμε-

2072 1897 2452 1953 admirandum
2498 1914 2646 1964 esse,
2697 1900 2792 1954 sed
2828 1914 2927 1970 pro
2955 1914 3022 1954 eo
3066 1906 3232 1969 atque
3259 1913 3290 1952 a
3322 1897 3482 1953 nobis
3533 1894 3653 1951 exi-

381 2009 493 2053 vov,
527 1993 621 2045 καὶ
670 1994 729 2046 ὲν
778 1993 957 2063 ἑαυτῷ
990 1994 1236 2066 ὑπάρχον
1272 1994 1368 2048 τοῦ
1412 1996 1549 2065 πρὸς
1572 1995 1854 2049 εὐσέὸειαν
1882 1994 1971 2047 λο-

382 2082 584 2153 γισμοῦ
626 2083 755 2156 περὶ
796 2083 931 2137 Θεοῦ
960 2085 1179 2139 εἰδέναι.
1216 2083 1279 2139 Εἰ
1321 2086 1377 2139 δὲ
1405 2088 1446 2150 ¹,
1473 2086 1561 2140 διά
1584 2086 1647 2140 τὸ
1674 2087 1972 2157 ἀγέννητον

382 2172 546 2227 αὑτὸν
603 2170 762 2238 εἶναι,
822 2174 1302 2245 συνομολογεῖσθαι
1356 2177 1415 2230 δὲ
1462 2178 1555 2247 ἀφ’
1599 2177 1756 2248 ἡμῶν
1790 2177 1968 2244 τοῦτο,

382 2265 492 2319 ἀπὸ
543 2266 766 2337 Γραφῆς
811 2267 866 2320 δὲ
901 2268 974 2337 μὴ
1023 2267 1169 2338 ἔχειν
1201 2269 1303 2339 τῆς
1346 2269 1643 2340 ὀνομασίας
1685 2269 1776 2324 τοῦ
1807 2269 1968 2338 λόγου

379 2357 478 2427 τὴν
506 2356 786 2419 σύστασιν,
824 2358 940 2412 ἀλλ’
972 2360 1065 2429 ἀφ’
1086 2360 1298 2414 ἑαυτῶν
1330 2360 1416 2414 διὰ
1443 2362 1549 2415 τῶν
1571 2361 1846 2432 λογισμῶν
1871 2364 1971 2434 τὴν

380 2446 662 2500 εὐσέϐειαν
698 2449 905 2519 ταύτην
932 2450 1133 2503 εἰδέναι
1166 2452 1225 2504 τὸ
1250 2452 1423 2516 οὕτως
1453 2449 1613 2506 εἷναι.
1655 2453 1750 2517 Είς
1770 2453 1823 2507 τί
1860 2454 1970 2525 γάρ

377 2538 568 2602 οὐσίας
589 2539 743 2593 ἔσται
780 2540 1059 2606 διάστασις
1086 2543 1146 2595 τὸ
1172 2542 1454 2614 γεννηθὲν,
1481 2546 1528 2597 εί
1547 2544 1691 2598 κατὰ
1710 2545 1970 2617 ἀλήθειαν

378 2628 472 2681 τοῦ
495 2630 857 2700 γεγεννῆσθαι
884 2631 998 2701 ἔχει
1031 2633 1094 2685 τὸ
1138 2633 1310 2705 ὄνομα
1362 2637 1567 2705 φυσικῇ
1604 2638 1833 2690 τινικαὶ
1868 2636 1970 2708 ἀρ-

381 2724 531 2793 ρήτῳ
561 2724 963 2797 συμπρεπούσῃ
986 2723 1064 2795 τῷ
1083 2725 1224 2796 Θεῷ,
1264 2726 1359 2779 καὶ
1389 2725 1468 2796 τῷ
1491 2727 1549 2793 ἐξ
1577 2726 1740 2780 αὐτοῦ
1779 2744 1970 2797 γεγενο

378 2813 599 2884 νημένῳ
660 2814 905 2886 ἀχρόνως
953 2816 1049 2869 καὶ
1101 2817 1353 2888 ἀνάρχως
1394 2820 1451 2870 ὲν
1484 2817 1734 2889 ἀληθείᾳ,
1770 2820 1864 2873 καὶ¹
1906 2820 1967 2874 οὐ

381 2910 797 2978 καταχρηστικῇ
844 2926 949 2962 τινι
1001 2909 1262 2978 ὑπονοίᾳ;
1322 2910 1601 2964 Ἐντεῦθεν
1643 2912 1705 2965 οὐ
1743 2914 1970 2985 κτιστήν

379 3016 561 3070 φαμεν
594 3000 693 3070 τὴν
720 3000 926 3064 οὐσίαν,
962 3002 1084 3055 οὐδὲ
1122 3002 1410 3074 ἀλλοτρίαν
1436 3004 1513 3068 ὡς
1550 3006 1801 3077 ποιητὴν,
1830 3006 1970 3062 ἀλλὰ

379 3091 646 3161 γεννητὴν
668 3092 963 3156 οὑσιωδῶς,
993 3094 1088 3146 καὶ
1111 3094 1210 3148 οὐκ
1232 3094 1449 3148 ἀλλοίαν
1489 3096 1641 3166 παρὰ
1659 3096 1750 3150 τὸν
1776 3114 1968 3167 γεγεν-

379 3182 603 3253 νηκότα.
636 3184 728 3237 Διὸ
758 3184 853 3237 καὶ
882 3184 1138 3248 ἀκτιστος
1159 3185 1424 3257 διαμένει,
1455 3188 1547 3241 καὶ
1569 3189 1630 3241 οὐ
1656 3189 1965 3261 ποιηθεῖσα,

2074 1991 2239 2061 gitur,
2276 1990 2534 2060 quodque
2566 1990 2622 2045 in
2666 1990 2826 2048 nobis
2856 1993 2961 2062 piae
3008 1991 3241 2047 rationis
3275 1990 3439 2055 inest,
3473 1988 3541 2044 de
3567 1987 3653 2042 di-

2073 2083 2201 2136 vina
2233 2084 2520 2152 majestate
2546 2083 2912 2140 sentiendum.
2942 2083 3212 2151 Quoniam
3241 2083 3408 2155 igitur
3442 2082 3655 2153 ingeni-

2073 2183 2160 2229 tus
2235 2172 2381 2229 Deus
2435 2182 2557 2239 est,
2621 2175 2785 2243 idque
2846 2175 2990 2230 ultro
3054 2174 3379 2230 conﬁtemur
3435 2187 3653 2234 omnes,

2073 2266 2287 2321 tametsi
2318 2265 2469 2321 nullo
2500 2279 2531 2320 e
2561 2262 2857 2335 Scriptura:
2890 2266 3015 2320 loco
3042 2263 3387 2335 comprobari
3420 2263 3525 2317 hoc
3554 2276 3656 2333 ap-

2072 2358 2384 2430 pellationis
2425 2373 2598 2430 genus
2640 2365 2855 2427 potest,
2905 2357 3000 2413 sed
3032 2373 3063 2411 a
3097 2356 3259 2411 nobis
3303 2355 3461 2426 ipsis,
3491 2361 3655 2423 atque

2069 2466 2139 2505 ex
2183 2451 2270 2520 pia
2306 2450 2398 2504 illa
2444 2448 2864 2504 ratiocinatione
2914 2447 3222 2518 profectum
3271 2453 3394 2505 est;
3429 2446 3497 2501 ad
3527 2461 3653 2501 eum

2072 2542 2295 2598 modum
2331 2542 2475 2599 scire
2505 2557 2609 2598 nos
2639 2549 2694 2597 et
2722 2542 3042 2598 existimare
3089 2548 3524 2596 consentaneum
3549 2547 3653 2594 est.

2069 2634 2182 2690 Cur
2215 2633 2362 2689 enim
2392 2635 2446 2687 in
2478 2646 2545 2688 eo
2578 2630 2724 2702 quod
2758 2632 3005 2701 genitum
3046 2638 3149 2697 εει,
3182 2629 3439 2686 essentia;
3466 2628 3653 2683 divor—

2071 2725 2207 2779 tium
2247 2724 2469 2795 aliquod
2519 2725 2645 2788 erit,
2695 2721 2860 2794 942
2913 2722 2960 2778 si
2995 2722 3162 2793 geniti
3210 2736 3413 2777 nomen
3460 2720 3511 2774 ei
3541 2732 3655 2773 me-

2070 2819 2177 2875 rito
2212 2825 2516 2889 congruat,
2568 2816 2634 2870 a'c
2684 2814 2923 2869 naturali
2970 2814 3231 2885 quadam,
3277 2812 3375 2869 sed
3423 2810 3657 2882 inexpli-

2069 2908 2231 2964 cabili
2289 2924 2353 2963 ac
2387 2918 2498 2962 tam
2534 2908 2644 2963 Deo
2674 2906 2847 2973 Patri,
2878 2921 3043 2977 quam
3078 2907 3129 2962 ei
3160 2907 3252 2977 qui
3281 2907 3349 2961 ab
3385 2905 3483 2960 illo
3517 2904 3655 2957 citra

2069 3008 2289 3071 tempus
2342 3000 2665 3069 initiumque
2716 2998 2934 3070 genitus
2983 3004 3103 3063 est,
3164 2993 3512 3052 convenienti
3569 3009 3657 3048 ra—

2069 3095 2237 3161 tione,
2273 3101 2328 3149 et
2353 3092 2573 3163 quidem
2622 3107 2750 3147 vere
2814 3105 2880 3145 ac
2918 3089 3161 3163 proprie,
3210 3082 3319 3143 nOn
3351 3086 3469 3144 sola
3502 3086 3656 3141 vocis

2071 3186 2335 3242 abusione
2363 3184 2677 3240 tribuatur?
2710 3180 2866 3239 Unde
2897 3197 2999 3236 nos
3043 3196 3219 3252 neque
3246 3189 3488 3234 creatam
3524 3177 3657 3232 sub-

379 3268 517 3323 ἀλλά
547 3271 869 3342 γεννηθείσα
891 3273 955 3326 ὲκ
985 3273 1083 3344 τῆς
1106 3273 1278 3345 αὐτῆς
1310 3276 1496 3340 οὐσίας
1516 3276 1673 3343 Θεοῦ,
1696 3279 1757 3333 οὐ
1772 3258 1969 3353 ’χρόνῳ

2076 3277 2355 3341 stantiam,
2392 3292 2494 3331 nec
2527 3277 2781 3341 alienam,
2818 3281 3078 3344 tanquam
3115 3271 3257 3326 facta
3307 3271 3399 3335 sit,
3440 3268 3536 3323 sed
3567 3283 3656 3324 se—

381 3360 783 3418 ὑποπίπτουσα.
826 3364 901 3417 Οὐ
937 3364 1046 3436 γάρ
1075 3366 1104 3418 ὁ
1141 3368 1409 3438 γεννήσας
1444 3369 1503 3422 ὲν
1538 3369 1764 3442 ἀληθείᾳ
1789 3372 1966 3444 χρόνῳ

381 3453 677 3521 ὑπέπεσεν,
711 3455 797 3509 ἵνα
826 3458 1085 3529 χρονικὴν
1117 3459 1483 3530 ὑποστήσεται
1517 3461 1723 3516 οὐσίαν.
1754 3464 1967 3519 Ὀποῖον

380 3545 491 3615 γάρ
541 3547 658 3601 ἐστι
705 3548 768 3601 τὸ
820 3550 1089 3621 γέννημα,
1135 3550 1375 3614 τοιοῦτος
1431 3554 1459 3605 ό
1496 3554 1813 3626 γεννήτωρ·
1873 3559 1967 3611 καὶ

380 3636 561 3699 ὁποῖος
593 3638 622 3689 ὁ
656 3640 958 3711 γεννήτωρ,
992 3639 1230 3705 τοιοῦτος
1261 3643 1355 3694 καὶ
1395 3644 1423 3695 ὀ
1460 3645 1877 3716 γεγεννημένος.

2077 3369 2318 3425 cundum
2363 3368 2728 3426 substantiam
2766 3366 3030 3438 genitam,
3065 3377 3171 3419 nec
3212 3378 3240 3416 a
3276 3361 3660 3433 genitore.pn~
3698 3397 3705 3405 .

2073 3469 2253 3517 tamus
2288 3461 2542 3517 alienam.
2594 3458 2677 3515 0b
2730 3458 2785 3514 id
2826 3457 3071 3513 increata
3106 3463 3312 3517 manet,
3348 3468 3459 3508 non
3490 3450 3655 3514 facta,

2075 3553 2167 3609 sed
2199 3568 2265 3608 ex
2318 3551 2436 3622 ipsa
2467 3548 2558 3603 Dei
2619 3547 2923 3603 substantia
2958 3546 3160 3617 genita,
3199 3558 3377 3615 neque
3422 3550 3655 3613 tempori

2076 3645 2343 3715 subjecta.
2376 3641 2588 3712 Quippe
2640 3641 2853 3711 genitor
2884 3640 3001 3710 ipse
3049 3635 3280 3707 tempori
3313 3648 3658 3706 nequaquam

380 3732 605 3796 subest,
662 3740 721 3786 ut
787 3734 1174 3804 temporariam
1242 3736 1606 3792 substantiam
1668 3743 1960 3810 producat.
1992 3743 2129 3797 Nam
2163 3738 2475 3809 cujusmodi
2517 3744 2602 3792 est
2650 3733 2795 3806 quod
2838 3735 3099 3807 gignitur,
3153 3731 3281 3786 talis
3337 3736 3423 3786 est
3472 3738 3526 3786 et
3567 3746 3668 3802 ge-.

380 3824 557 3892 nitor;
584 3833 641 3880 et
667 3826 910 3883 vicissim
934 3829 1113 3899 qualis
1142 3831 1359 3901 genitor
1396 3839 1502 3897 est,
1543 3834 1653 3890 tale
1679 3837 1844 3891 etiam
1882 3846 1968 3895 est
2006 3834 2155 3910 quod
2186 3833 2463 3906 gignitur.

770 3940 1162 3997 ΚΕΦΑΛΑΙΟΝ
1197 3944 1454 4001 ΑΕΤιοΥ
1485 3949 1577 4015 cr.

453 4032 515 4085 Ei.
545 4030 607 4086 τὸ
628 4032 927 4105 ἀγέννητον
958 4036 1245 4109 ἐγεννήθη,
1269 4038 1324 4091 τί
1367 4039 1428 4093 τὸ
1450 4041 1659 4095 κωλύον
1683 4042 1745 4095 τὺ
1776 4060 1968 4116 γεννη-

380 4122 473 4176 τὸν
518 4124 814 4196 ἀγέννητον
876 4128 1197 4196 γεγονέναι;
1262 4130 1479 4184 Μᾶλλον
1527 4133 1637 4204 γάρ
1686 4134 1780 4187 τοῦ
1823 4137 1970 4189 ἀνοι-

384 4216 530 4269 κείου
551 4216 645 4270 ἐπὶ
670 4217 729 4271 τὸ
754 4217 927 4290 αὐτῆς
959 4220 1157 4273 οἰκεῖον
1195 4221 1477 4291 ἐπείγεται
1514 4227 1663 4278 πᾶσα
1701 4226 1877 4294 φύσις.

955 4421 1284 4491 Ἀνατροπὴ
1315 4425 1405 4489 (ζ’.

2567 3944 2747 4001 AETII
2787 3943 3015 4001 CAPUT
3054 3942 3140 3997 Vl.

2148 4046 2204 4100 Si
2241 4044 2543 4116 ingenitum
2595 4041 2840 4114 genitum
2886 4045 2994 4103 est,
3047 4034 3180 4108 quid
3230 4042 3378 4091 vetat
3418 4040 3474 4089 et
3510 4032 3656 4104 quod

2069 4141 2313 4213 genitum
2358 4146 2445 4194 est
2494 4137 2805 4208 ingenitum
2843 4134 3010 4190 ﬁeri?!
3039 4132 3231 4187 Omnis
3266 4131 3411 4187 enim
3459 4137 3661 4185 natura

2072 4230 2145 4285 ad
2169 4230 2227 4285 id
2254 4228 2401 4299 quod
2435 4227 2543 4284 sibi
2587 4233 3022 4283 consentaneum
3052 4231 3143 4278 est
3177 4224 3355 4297 magis
3383 4237 3545 4295 quam
3586 4221 3656 4275 ad

2079 4324 2313 4378 alienum
2341 4320 2812 4391 peregrinumque-
2828 4316 3127 4373 contendit.

2636 4428 2945 4499 Ganfutatio
2993 4425 3088 4483 γι.

452 4514 516 4567 Εί
559 4512 624 4568 τὸ
656 4512 951 4583 ἀγέννητον
985 4514 1228 4584 ἐποίησε,
1266 4515 1361 4567 καὶ
1390 4514 1490 4567 οὐκ
1534 4514 1842 4585 ἐγέννησεν,
1874 4517 1969 4571 ἐπὶ

2146 4524 2203 4579 Si
2245 4522 2400 4596 quod:
2422 4522 2722 4595 ingenitum
2755 4528 2844 4578 est
2887 4519 3108 4586 fecisse,
3140 4534 3249 4572 non
3281 4516 3541 4588 genuisse
3571 4513 3655 4568 di-

380 4605 483 4675 τῆς
522 4607 650 4676 μιᾶς
671 4605 1000 4674 ταυτότητος
1030 4605 1367 4678 ταττομένης
1393 4607 1494 4676 τῆς
1530 4607 1845 4678 ὀνομασίας,
1873 4610 1969 4663 καὶ

382 4694 613 4766 θατέρου
661 4693 874 4765 θατέρῳ
935 4694 1010 4766 μὴ
1068 4695 1559 4766 παρεκτεινομένου
1597 4696 1685 4751 διά
1704 4697 1803 4769 τῆς
1828 4698 1969 4752 κατά

380 4784 641 4857 ἀλήθειαν
684 4785 1030 4857 ἀντωνυμίας
1058 4800 1071 4814 ·
1109 4788 1144 4857 ἡ
1184 4785 1413 4857 δύναμις
1453 4787 1552 4858 τῆς
1597 4787 1838 4858 σχέσεως
1875 4790 1969 4843 ἐπὶ

382 4878 613 4950 θατέρνυ
634 4878 902 4950 διαιίιωνίᾳ⁵
922 4878 1142 4950 ἕστηκε,
1179 4878 1347 4949 μηδὲν
1377 4878 1514 4951 πρὸς
1546 4878 1608 4933 τὸ
1638 4879 1831 4952 ἕτερον
1847 4884 1968 4936 ἐπι-

381 4967 714 5023 κοινωνοῦσα
743 4968 777 5039 ἢ
808 4968 969 5040 μόνον
995 4968 1137 5023 κατὰ
1162 4969 1262 5040 τὴν
1286 4969 1557 5036 ἐξουσίαν,
1590 4970 1803 5025 καὶτοῦ
1836 4990 1969 5045 προ-

381 5060 598 5132 κριτέου
651 5060 867 5131 φύσεως
915 5062 1090 5115 αίτίου
1128 5062 1266 5134 πρὸς
1314 5064 1422 5117 πᾶν
1462 5062 1524 5116 τὸ
1549 5064 1641 5117 ὑπ’
1673 5064 1851 5134 αὐτῆς
1873 5082 1968 5119 κε-

382 5152 698 5223 κτισμένον.
743 5152 963 5224 Ἐπειδὴ
1010 5153 1066 5207 δὲ
1088 5154 1369 5225 ἀναμέσον
1418 5154 1512 5208 τοῦ
1543 5156 1838 5225 ποιητικοῦ
1876 5158 1971 5212 καὶ

383 5244 730 5315 ποιουμένου,
766 5245 862 5298 καὶ
890 5245 1112 5299 κτίστου
1160 5246 1255 5299 καὶ
1307 5246 1648 5318 κτιζομένου,
1701 5248 1838 5319 ἄλλη
1883 5249 1968 5314 τίς

382 5337 531 5388 ἐστιν
552 5336 836 5407 ὀνομασία,
857 5336 1151 5407 ὲγγίξουσα
1180 5338 1279 5409 μὲν
1298 5338 1377 5410 τῷ
1406 5340 1687 5412 ἀγεννήτῳ
1717 5342 1964 5415 ὀνόματι,

387 5428 776 5500 μακρυνομένη
816 5429 873 5482 δὲ
904 5430 1014 5484 ἀπὸ
1044 5428 1139 5483 τοῦ
1178 5431 1397 5485 κτίστου
1437 5432 1731 5498 ὀνόματοςο
1769 5435 1971 5491 ἀδύνα-

459 5587 476 5617 ¹
510 5584 571 5640 F.
608 5587 667 5642 δὲ
690 5583 791 5642 δεῖ.

464 5703 577 5768 (90)
612 5704 719 5757 Ἕν
754 5720 817 5757 τε
860 5704 988 5769 ταῖς
1030 5705 1292 5773 σοφίαις.
1325 5686 1402 5757 Es
1452 5705 1555 5773 hoc
1599 5706 1717 5759 loco
1751 5705 1967 5761 discant

388 5773 661 5844 haeretici,
694 5774 841 5843 quod
883 5774 1171 5844 Epiphanii
1233 5777 1301 5829 de
1358 5776 1423 5830 iis
1471 5775 1648 5831 Libris
1694 5776 1964 5843 judicium

389 5842 553 5900 fuerit
573 5882 588 5910 ,
620 5842 760 5915 ques
790 5845 867 5901 illi
918 5842 947 5900 ιι
978 5842 1197 5903 (Iunone
1250 5844 1534 5917 rejiciunt:
1566 5842 1705 5917 quos
1742 5848 1964 5918 quidem

2070 4625 2249 4682 catur,
2300 4618 2375 4672 ita
2414 4622 2479 4670 ut
2529 4625 2760 4685 utraque
2803 4612 2920 4668 haec
2966 4612 3259 4683 appellatio
3309 4623 3408 4680 pro
3448 4621 3557 4663 una
3600 4618 3655 4661 et

2070 4708 2261 4764 eadem
2304 4707 2647 4779 accipiatur,
2694 4721 2870 4776 neque
2899 4705 3131 4760 alterum
3170 4702 3349 4764 alteri,
3390 4700 3539 4756 velut
3586 4714 3652 4754 ex

2072 4799 2307 4855 adverso
2348 4798 2710 4871 respondens,
2750 4798 3037 4853 contrario
3072 4810 3263 4853 revera
3286 4790 3553 4849 vocabulo
3583 4791 3656 4847 sit

2071 4893 2406 4963 oppositum,
2467 4892 2552 4949 vis
2606 4891 2945 4948 habitudiuis
2987 4890 3161 4961 ipsius
3210 4889 3268 4944 in
3323 4882 3655 4941 altero-dis-

2070 4981 2264 5053 juncta
2311 4983 2532 5053 penitus
2578 4991 2685 5047 est,
2743 4997 2921 5053 neque
2969 4980 3267 5052 quidquam
3318 4976 3481 5031 habet
3522 4988 3651 5029 cum

2073 5074 2247 5129 altero
2281 5088 2593 5137 commune,
2621 5084 2819 5145 praeter
2844 5072 3131 5145 potestatis
3161 5067 3649 5139 comparationem,

2071 5163 2218 5234 quod
2252 5171 2512 5235 tanquam
2540 5178 2708 5219 causa
2749 5163 2805 5219 id
2855 5177 3039 5228 omne,
3066 5161 3214 5234 quod
3248 5174 3278 5215 a
3317 5174 3377 5215 se
3406 5164 3650 5213 creatum

2070 5263 2176 5322 est,
2206 5263 2418 5312 natura;
2459 5256 2723 5326 dignitate
2759 5260 2999 5326 superet.
3027 5251 3150 5308 1am
3193 5268 3329 5309 vero
3350 5251 3486 5306 cum‘
3508 5248 3653 5303 inter

2072 5346 2128 5403 id
2155 5348 2301 5419 quod
2341 5347 2610 5405 eﬂiciendi
2654 5348 2705 5404 vi
2736 5347 3023 5417 praeditum
3067 5356 3174 5410 est,
3203 5352 3369 5418 atque
3396 5358 3533 5415 opus
3563 5338 3650 5395 etv

2074 5438 2298 5509 fectum,
2335 5449 2391 5498 et
2432 5449 2736 5497 creatorem
2762 5448 3114 5509 ereatamque
3166 5452 3280 5493 rem
3333 5435 3440 5490 alia
3501 5448 3653 5505 qua»

2076 5715 2185 5761 tam
2241 5707 2328 5761 hic
2358 5722 2520 5776 quam
2572 5706 2659 5760 alii
2708 5713 2919 5759 veteres
2948 5703 3137 5759 Patres
3180 5697 3324 5753 inter
3358 5692 3652 5763 Scriptum

2076 5778 2245 5834 libros
2280 5786 2334 5835 et
2360 5778 2508 5843 θείας
2539 5776 2759 5850 Γραφάς
2794 5776 3081 5846 recipiunt.

2102 5959 2249 5966 ...νά-Α.
