4134 6386
478 364 584 421 563

1825 353 1881 424 ς.
1926 368 2273 426 EPIPHANII'

3640 351 3746 435 ξέοι

480 480 607 536 dam
657 475 943 547 interjecla
994 477 1065 531 sit
1107 476 1419 546 appellatio,
1465 493 1587 549 quae
1634 484 1696 534 ut
1740 479 1805 534 ad
1838 480 2063 551 ingeniti

2172 481 2259 534 τόν
2323 482 2439 535 ἐστι
2501 482 2679 537 πάντα
2712 482 2981 553 συγχέειν,
3027 501 3073 538 ω
3118 484 3433 550 ’Δέτιεμκαὶ
3465 485 3748 556 ἀφανίζειν

481 586 680 625 nomen
696 571 922 627 accedit.
948 570 1025 624 sic
1052 584 1080 623 a
1099 568 1402 626 conditoris
1426 570 1644 626 nomine
1666 572 2053 628 remotiorest:

479 661 596 716 .‘leri
635 676 742 716 non
778 652 973 731 potest,
1006 660 1149 725 Aeti,
1179 660 1255 715 uti
1291 661 1694 719 confundamns
1738 665 1945 728 omnia,
1975 675 2057 719 at-
2115 672 2123 679 '

487 767 592 820 que
636 766 702 805 ex
728 750 948 819 ingenio
982 760 1074 804 tuo
1100 750 1354 817 perfecta
1394 752 1774 822 appellationis
1804 768 2054 807 commu-

486 844 702 897 nionem
742 842 996 896 tollamus
1031 858 1060 896 e
1088 843 1286 905 medio,
1319 859 1439 913 quae
1469 843 1776 899 habitudini
1817 845 1892 899 illi
1926 861 2059 901 con-

482 934 648 995 venit,
685 950 791 1005 qua
826 949 949 989 cum
996 933 1157 989 Patre
1222 937 1588 1006 sempiternus
1630 935 1804 993 Filius
1846 938 2058 993 increa-

483 1013 681 1095 tusque
733 1034 1106 1095 comparatur.
1176 1026 1319 1081 Fieri
1383 1028 1511 1082 item
1570 1044 1679 1083 non
1741 1036 1954 1100 potest,
2000 1036 2059 1084 ut

483 1118 741 1187 ingenita,
794 1119 1145 1189 increataque
1190 1128 1384 1174 natura
1429 1132 1613 1176 creata
1646 1122 1718 1177 sit
1743 1121 2058 1192 aliquando,

481 1210 550 1262 ah
586 1225 757 1279 eaque
795 1218 992 1267 creata:
1024 1213 1099 1266 rei
1147 1213 1481 1276 conditione.
1523 1215 1671 1270 velut
1725 1216 2059 1285 paenitendo,

2173 571 2281 625 ἀπὸ
2315 571 2513 626 σαυτοῦ
2562 574 2662 644 τῆς
2706 574 2916 639 τελείας
2945 576 3087 629 κατὰ
3113 575 3373 649 ἀληθινὴν
3405 578 3589 648 σχέσιν
3612 577 3743 631 Υίοῦ

2172 664 2312 734 πρὸς
2337 665 2557 738 Πατέρα
2588 667 2675 719 ἀεὶ
2718 667 2871 732 δντος
2893 667 2988 722 καί¹
3011 668 3269 722 ἀκτίστου
3301 671 3598 740 ὀνομασίας
3626 672 3746 722 ἐπι-

2171 758 2476 813 κοινωνίαν.
2517 760 2801 815 Ἀδύνατόν
2853 764 2970 815 ἐστι
3014 762 3112 835 τὴν
3139 764 3432 834 ἀγέννητον
3470 764 3562 816 καὶ
3590 762 3746 816 ἄκτι-

2169 867 2292 903 στον
2343 850 2519 904 κτίσιν
2543 852 2564 883 ⁸
2614 855 2836 926 κτιστήν
2887 872 3018 908 ποτε
3060 854 3335 924 γενέσθαι,
3377 857 3470 909 καὶ
3512 856 3620 909 ἀπὸ
3649 854 3744 909 τοῦ

2168 943 2453 997 κεκτίσθαι
2488 944 2650 999 πάλιν
2673 946 3142 1019 μεταμεληθήσαν
3171 948 3502 1018 ἀναδραμεῖν
3530 948 3622 1000 ἐπὶ
3650 946 3747 1017 τὴν

2167 1035 2338 1105 αὐτῆς
2360 1037 2707 1108 ἁγεννησίαν,
2745 1040 2846 1094 κᾶν
2884 1057 2942 1093 τε
2981 1041 3150 1111 μυρία
3183 1042 3316 1110 ἡμῖν
3342 1039 3547 1111 πλέκῃς
3598 1042 3745 1109 Ἀρι-

2170 1126 2458 1180 στοτελικὰ
2486 1126 2799 1198 ζητήματα,
2829 1130 3162 1200 καταλείψας
3189 1132 3290 1202 τὴν
3326 1132 3531 1186 ἄνωθεν
3564 1128 3742 1200 ἁπλῆν

2172 1218 2265 1271 καὶ
2304 1218 2476 1291 ἁγνὴν
2508 1220 2601 1274 καὶ
2633 1220 2944 1292 Πνεῦματος
2972 1221 3127 1289 ἁγίου
3153 1222 3523 1277 διδασκαλίαν.

486 1303 553 1357 ad
602 1304 839 1373 priorem
891 1305 1042 1359 illum
1098 1306 1327 1374 ingeniti
1380 1318 1582 1362 statum
1644 1309 1981 1376 postliminio
2042 1322 2366 1376 revertatur,
2412 1314 2763 1382 quantumvis
2808 1314 3176 1371 Aristotelicis
3217 1315 3327 1371 tuis
3378 1315 3512 1369 iisce
3566 1311 3745 1367 inﬁni-

483 1397 569 1450 tis
607 1396 1004 1464 quaestionibus
1052 1398 1335 1467 implicare
1385 1413 1487 1453 nos
1529 1398 1768 1461 studeas.
1816 1400 2025 1455 cmlesti
2084 1416 2150 1456 ac
2203 1404 2437 1474 simplici
2484 1417 2746 1475 castaque
2791 1402 3027 1462 Soiritus
3071 1407 3245 1461 sancti
3293 1406 3542 1461 doctrina
3587 1406 3745 1461 dere-

482 1489 630 1544 Iicta.

873 1609 1038 1682 943
1078 1607 1261 1663 AETII
1301 1605 1531 1664 CAPUT
1575 1605 1683 1661 vu.

556 1696 671 1756 Nisi
696 1700 839 1756 Deus
862 1702 1085 1756 omnino
1111 1702 1183 1757 sit
1215 1702 1508 1772 ingenitus,
1558 1702 1692 1755 nihil
1728 1701 1904 1770 ipsum
1947 1714 2073 1770 pro—

2568 1608 2961 1661 ΚΕΦΑΛᾹΙΟΝ
2990 1610 3243 1665 ΛΕΤῘΟΥ
3268 1613 3340 1665 Ζ¹.

2241 1697 2303 1750 Ei
2335 1697 2408 1768 μὴ
2438 1698 2573 1761 ὅλως
2613 1700 2643 1750 ὁ
2683 1700 2814 1763 Θεὸς
2845 1700 3137 1771 ἀγέννητὸς
3167 1704 3333 1766 ἐστιν,
3364 1703 3515 1757 οὐδὲν
3542 1704 3741 1761 κωλύει

488 1793 634 1847 hibet
655 1793 956 1848 secundum
982 1801 1235 1850 naturam
1270 1794 1745 1862 substantiamque
1788 1793 2062 1859 genuisse.

2172 1791 2556 1859 γεγεννηκέναι
2595 1792 2886 1857 οὐσιωδῶς.
2923 1795 2985 1847 Et
3010 1794 3065 1847 δὲ
3090 1794 3225 1858 ὅλως
3257 1795 3404 1848 ἐστὶν
3432 1797 3743 1866 ἀγέννητος,

493 1883 588 1938 Sin
635 1885 852 1955 penitus
896 1894 981 1940 est
1024 1885 1320 1956 ingenitus,
1352 1900 1461 1939 non
1484 1892 1579 1940 est
1598 1884 1898 1939 secundum
1935 1884 2065 1938 sub—

2172 1884 2267 1934 οὺκ
2323 1882 2596 1947 οὑσιωδῶς
2658 1886 2736 1948 είς
2786 1886 2998 1954 γένεσιν
3031 1887 3217 1958 διέστη
3244 1905 3255 1916 ·
3286 1887 3504 1960 ἐξουσία
3545 1890 3602 1943 δὲ
3641 1890 3747 1944 ὑπ-

488 1980 748 2033 stantiam
784 1978 851 2032 ad
882 1978 1287 2049 generationem
1319 1977 1638 2041 distractus,
1671 1976 1764 2031 sed
1801 1976 1946 2047 quod
1974 1993 2065 2048 ge-

486 2071 625 2137 nuit,
659 2079 924 2142 potestate
966 2085 1030 2125 ac
1064 2068 1323 2125 facultate
1355 2070 1635 2139 produxit.

1048 2181 1354 2252 Confutalio
1403 2180 1535 2237 VII.

556 2277 623 2331 Et
650 2284 797 2332 totus
826 2276 1099 2345 ingenitus
1134 2282 1237 2339 est,
1270 2275 1660 2346 increatusque
1703 2274 1864 2339 Deus,
1896 2284 1950 2331 et
1975 2277 2067 2346 qui

495 2370 564 2423 ab
591 2371 710 2439 ipso
737 2369 953 2440 genitus
995 2376 1101 2433 est,
1133 2368 1434 2432 increatus,
1468 2377 1526 2421 ut
1578 2358 1631 2423 et
1663 2379 1889 2425 sanctus
1922 2369 2067 2425 illius

495 2462 755 2530 Spiritus,
786 2461 943 2529 cujus
991 2467 1273 2527 tantopere
1308 2461 1763 2515 existimationem
1799 2461 2001 2525 elcvas,
2036 2476 2069 2516 ο

484 2554 725 2608 carnalis
784 2561 835 2608 et
902 2552 1156 2607 animalis
1206 2552 1346 2617 Acti,
1397 2552 1822 2621 spiritaliterque
1867 2552 2069 2622 dijudi-

485 2655 607 2701 cate
642 2648 679 2700 ¹.
708 2643 877 2699 liabet
906 2645 1009 2698 hoc
1038 2658 1220 2714 porro,
1253 2651 1321 2698 ut
1343 2644 1412 2698 ab
1435 2644 1554 2714 ipso
1584 2644 1858 2713 procedat,
1885 2648 2069 2716 singu-

491 2740 587 2794 lari
635 2738 866 2809 quadam
907 2747 959 2793 et
996 2739 1196 2793 eximia
1248 2738 1487 2802 ratione,
1535 2754 1656 2807 quae
1685 2753 1809 2792 cum
1855 2739 2069 2793 cmteris

485 2831 764 2891 omnibus,
797 2847 917 2900 qua:
944 2846 1006 2883 ea:
1038 2831 1173 2897 ipso,
1210 2844 1301 2898 per
1328 2831 1520 2897 ipsum,
1552 2840 1597 2883 et
1628 2828 1692 2883 ab
1738 2830 1851 2897 ipso
1890 2840 2069 2883 creata

485 2931 610 2975 sunt
640 2922 682 2985 ',
707 2922 1008 2993 comparari
1062 2921 1268 2991 nequit.
1313 2921 1581 2987 Quocirca
1636 2937 1813 2991 neque
1848 2938 1972 2976 cum
2001 2923 2069 2980 iis

488 3015 652 3069 rebus
679 3029 972 3068 commune
1001 3022 1085 3068 est
1126 3013 1174 3067 ei
1204 3013 1523 3084 quidquam,
1556 3028 1655 3067 nec
1682 3013 1799 3067 istae
1826 3028 2071 3068 commu-

486 3122 609 3159 nem
658 3121 781 3159 cum
844 3105 934 3158 illo
981 3104 1299 3175 dignitatem
1348 3104 1628 3158 vindicare
1670 3104 1774 3158 sibi
1818 3110 2064 3175 possunt.

2170 1975 2375 2045 ἔστησε.
2396 1975 2660 2047 γέννημα.

2735 2178 3068 2249 Ἀνατροπὴ
3108 2178 3187 2233 Ζ¹.
3770 2247 3784 2264 0

2239 2269 2354 2324 Καϊ
2396 2270 2515 2334 ὅλος
2564 2270 2697 2335 Θεὸς
2756 2273 3053 2342 ἁγέννητος
3108 2276 3203 2329 καὶ
3246 2272 3520 2341 ἄκτιστος,
3583 2274 3678 2331 καὶ
3719 2277 3752 2331 ὁ

2170 2361 2231 2426 ἐξ
2257 2363 2421 2417 αὑτοῦ
2454 2365 2850 2435 γεγεννημένος
2875 2367 3150 2436 ἄκτιστος,
3180 2369 3274 2421 καὶ
3298 2369 3358 2422 τὸ
3387 2367 3543 2436 ἅγιον
3581 2369 3750 2423 αὑτοῦ

2171 2456 2395 2526 Πνεῦμα
2425 2457 2575 2527 παρὰ
2607 2456 2700 2510 σοῦ
2727 2460 3176 2531 σμικρυνόμενον,
3205 2463 3431 2533 σαρκικὲ
3461 2460 3633 2514 Ἀἐτιε
3655 2461 3754 2514 καὶ

2170 2546 2390 2617 ψυχικὲ,
2427 2551 2811 2620 πνευματικῶς
2846 2552 3260 2623 ἀνακρινόμενε,
3301 2552 3585 2624 μονοειδῶς
3628 2552 3753 2623 ἔχον

2170 2640 2231 2693 τὸ
2262 2639 2319 2706 ἐξ
2353 2640 2517 2694 αὑτοῦ
2548 2642 2848 2713 ἐξαίρετον,
2888 2643 2961 2713 μὴ
2992 2644 3425 2714 ἀπεικαζόμενον
3460 2648 3576 2709 τοῖς
3619 2644 3750 2698 πολ-

2171 2732 2305 2798 λοῖς,
2335 2733 2403 2788 ἐκ
2442 2733 2547 2787 τοῦ
2578 2736 2786 2801 αὐτοῦ,
2816 2736 2914 2790 καὶ
2954 2736 3029 2790 δι’
3071 2738 3279 2800 αὐτοῦ,
3311 2738 3407 2790 καί
3430 2738 3530 2792 ἀπ’
3558 2736 3752 2792 αὐτοῦ

2171 2825 2607 2929 κεκτισμένοιῖ.
2629 2826 2722 2880 Διὸ
2744 2826 2866 2881 οὔτε
2918 2830 3232 2899 κοινωνήσει
3265 2833 3377 2893 τοῖς
3410 2832 3595 2891 πᾶσιν,
3624 2828 3751 2882 οῦτε

2172 2931 2258 2980 τις
2292 2915 2456 2969 αὐτοῦ
2486 2915 2582 2987 τῷ⁹
2617 2917 2888 2987 ἀξιώματι
2937 2921 3397 2988 ὲπικοινωνήσειε.
3424 2921 3612 2974 Πάντα
3642 2920 3754 2991 γὰρ

2173 3009 2533 3077 παρίπταται,
2558 3010 2651 3062 καὶ
2675 3011 2968 3081 ὑποχωρεῖ,
3000 3013 3094 3064 καὶ
3129 3012 3529 3082 καταλιμπάνει
3570 3014 3759 3068 πᾶσαν

2174 3099 2351 3153 αἰτίαν
2394 3100 2809 3170 συλλογιστικὴν
2849 3101 2927 3170 τῷ
2973 3102 3078 3156 ἀπὸ
3102 3104 3199 3172 τῆς
3230 3102 3378 3166 θείας
3399 3104 3624 3175 Γραφῆς
3669 3106 3749 3159 δι-

490 3197 698 3251 Ιῖῑειιίηι
738 3197 1122 3266 praetervolant
1157 3211 1221 3249 ac
1251 3194 1456 3249 cedunt
1489 3197 1694 3259 omnia,
1740 3202 1814 3260 et,
1847 3196 2065 3250 ratioci—

2172 3190 2485 3259 δασκαλικῷ
2511 3192 2674 3261 λόγῳ,
2696 3192 2796 3263 τῷ,
2823 3193 3030 3259 Οὐδεὶς
3061 3191 3183 3248 οἶδε
3216 3195 3321 3247 τὸν
3368 3195 3503 3248 Υἱὸν
3524 3199 3577 3249 εί
3598 3196 3687 3266 μὴ
3721 3200 3757 3252 δ

489 3287 806 3342 nationibus
834 3286 1281 3355 argmncntisque
1320 3283 1549 3347 relictis,
1579 3297 1861 3337 sacrarum
1896 3297 1955 3350 se
1977 3282 2069 3335 lit-

489 3388 730 3432 terarum
765 3378 1093 3430 auctoritati
1126 3376 1519 3443 sententimque
1564 3376 1700 3429 sulm
1727 3376 1912 3437 ittunt,
1947 3390 2069 3441 quae

490 3471 636 3525 istud
684 3474 860 3542 ipsum
897 3471 1249 3541 pronuntiant
1281 3485 1294 3522 :
1333 3465 1503 3523 Nemo
1536 3468 1675 3522 novit
1695 3466 1914 3535 Filium,
1963 3467 2069 3521 nisi

492 3565 692 3625 Pater;
736 3579 897 3631 neque
940 3561 1177 3624 Patrem,
1212 3558 1317 3612 nisi
1360 3556 1560 3621 Filius,
1600 3567 1652 3612 ct
1697 3559 1785 3611 cui
1815 3558 2070 3612 revelare-

491 3657 561 3707 rit
591 3655 631 3706 ³.
670 3651 893 3706 ῐίονοιεη
927 3660 1105 3706 autem
1152 3666 1247 3720 per
1275 3649 1539 3720 Spiritum
1579 3659 1827 3704 sanctum
1860 3665 1969 3703 nun
2001 3650 2069 3705 iis

490 3746 583 3813 qui
625 3744 957 3815 syllogismis
1001 3758 1058 3798 se
1093 3745 1211 3797 suis
1250 3749 1305 3797 et
1343 3745 1571 3811 argutiis
1606 3741 2069 3811 comprehendere

491 3839 763 3897 nituntur,
797 3834 889 3889 sed
933 3835 1000 3889 iis
1038 3835 1302 3887 duntaxat
1338 3833 1431 3902 qui
1483 3832 1536 3886 in
1587 3847 1645 3887 se
1677 3832 1889 3886 sincere
1936 3847 2062 3901 per-

494 3925 741 3994 l'ecteque
803 3923 1170 3979 crediderint-
1221 3920 1357 3975 Nam
1418 3936 1597 3990 neque
1649 3921 1853 3991 judicia
1915 3924 2062 3978 illius

2174 3283 2399 3351 Πατὴρ,
2423 3283 2566 3338 οὐδὲ
2594 3285 2701 3339 τὸν
2730 3287 2961 3355 Πατέρα
2982 3291 3033 3341 ει
3051 3287 3137 3356 μὴ
3161 3291 3194 3341 ὀ
3232 3288 3382 3363 Υἱὸς,
3416 3290 3513 3341 καὶ
3552 3283 3602 3355 ᾧ
3644 3289 3757 3344 ἐὰν·

2171 3376 2562 3447 ἀποκαλύψῃ.
2609 3379 3008 3433 ’Ᾱποκαλύπτει
3053 3380 3108 3432 δὲ
3147 3379 3212 3432 δι’
3244 3379 3397 3447 ἁγίου
3432 3381 3756 3449 Πνεύματος

2170 3470 2233 3522 οὐ
2272 3472 2383 3532 τοῖς
2417 3471 2577 3524 αὐτδν
2630 3471 3116 3543 συλλογιζομένοις,
3149 3470 3278 3525 ἀλλὰ
3316 3474 3427 3533 τοῖς
3468 3472 3549 3535 εἰς
3582 3472 3753 3525 αὐτὸν

2179 3561 2414 3631 γνησίως
2437 3563 2528 3616 καὶ
2561 3562 2779 3629 τελείως
2814 3565 3215 3618 πεπιστευκόσι.
3258 3563 3365 3615 Καὶ
3395 3562 3503 3633 γὰρ
3522 3562 3650 3616 οὔτε
3680 3564 3752 3618 τὰ

2178 3651 2423 3720 κρίματα
2456 3652 2622 3705 αὐτοῦ
2651 3652 2937 3725 ἐρευνῆσαι
2980 3650 3278 3721 δυνηθείης,
3311 3649 3432 3701 οὐδὲ
3460 3647 3561 3712 τὰς
3592 3649 3753 3712 ὁδοὺς

2176 3742 2338 3796 αὐτοῦ
2394 3742 2739 3815 ὲξιχνιάσεις,
2792 3743 2932 3798 κατὰ
2971 3743 3029 3796 τὺ
3082 3740 3486 3812 γεγραμμένον,
3541 3742 3647 3794 κᾶν
3686 3756 3751 3796 τι

2181 3837 2349 3908 μυρία
2376 3838 2509 3907 ἡμῖν
2538 3836 2698 3908 ἔλθῃς
2725 3835 2993 3907 φλυαρῶν,
3024 3833 3248 3887 ἐλεεινὸν
3277 3834 3395 3885 κατ’
3419 3832 3521 3901 ἐμὲ
3542 3832 3754 3903 ἀνορω-

2171 3945 2386 3998 παριον.

492 4017 834 4088 perscrutari
878 4017 1102 4087 poteris,
1152 4030 1329 4083 neque
1376 4015 1494 4071 vias
1536 4014 1885 4085 investigare,
1930 4016 2067 4069 sicut
2108 4018 2373 4088 scriptum
2423 4028 2505 4074 est
2554 4020 2593 4084 ⁸,
2649 4021 2865 4074 tametsi
2927 4018 3164 4072 inﬁnitas
3219 4032 3393 4085 nugas
3435 4014 3675 4080 ell'utias,
3717 4034 3752 4073 ο

489 4109 801 4165 miserrime
828 4122 891 4160 ac
923 4106 1027 4161 mei
1067 4105 1262 4160 similis
1293 4103 1618 4159 homuncio!

963 4216 1147 4273 AETII
1186 4217 1415 4273 CAPUT
1454 4217 1590 4273 VIII.

562 4312 618 4368 Si
640 4314 916 4385 ingenitus
950 4311 1093 4366 Deus
1118 4311 1415 4382 generandi
1459 4312 1510 4365 vi
1555 4320 1702 4367 totus
1748 4319 1832 4366 est
1874 4310 2067 4381 praedi-

489 4415 601 4467 lus.
631 4407 772 4474 quod
801 4405 1040 4476 genitum
1087 4412 1190 4464 est.
1224 4403 1525 4459 secundum
1567 4411 1815 4458 naturam
1849 4419 1956 4458 non
1984 4410 2070 4458 est

488 4500 758 4569 genitum,
793 4512 918 4550 cum
967 4504 1079 4550 tota
1124 4496 1243 4563 ipsa
1296 4505 1490 4549 natura
1519 4495 1744 4551 insitum
1786 4495 1918 4550 illud
1968 4495 2069 4549 ha-

488 4592 634 4652 beat,
667 4601 727 4643 ut
776 4589 983 4659 gignat,
1017 4604 1125 4642 non
1159 4597 1212 4642 ut
1259 4587 1535 4658 gignatur.
1577 4587 1784 4654 Quodsi
1832 4602 2071 4642 commu-

489 4692 599 4735 tata
635 4681 729 4737 Dei
770 4683 1033 4747 essentia,
1083 4681 1327 4750 genitum
1358 4680 1618 4749 quiddam
1671 4689 1917 4740 vocetur,
1956 4693 2067 4734 non

488 4775 596 4828 erit
646 4772 1024 4834 immutabilis,
1068 4787 1192 4825 cum
1231 4773 1278 4825 ei
1340 4772 1458 4842 ipsa
1502 4772 1733 4826 mutatio
1778 4769 1897 4825 Filii
1943 4786 2070 4842 peo-

493 4867 777 4936 priet‘atem
809 4864 1021 4919 elliciat.
1058 4864 1150 4918 Sin
1194 4875 1250 4921 et
1293 4866 1616 4920 mutationis
1647 4873 1732 4920 est
1766 4879 1984 4935 eXpers.
2012 4872 2069 4920 et

487 4958 638 5011 omni
679 4957 1032 5027 generatione
1074 4956 1167 5013 Dei
1205 4967 1399 5011 natura
1435 4957 1799 5028 praestantior,
1828 4956 1974 5027 quod
2001 4956 2070 5012 de

490 5049 629 5104 Filio
665 5049 953 5113 asseritur,
983 5048 1106 5103 sola
1128 5049 1492 5119 appellatione
1526 5049 1819 5105 constabit.

1021 5156 1331 5227 Confutatio
1375 5156 1543 5212 VIII.

561 5249 678 5305 Non
705 5256 759 5305 te
782 5249 1133 5314 solum,Aeti,
1153 5252 1248 5305 sed
1270 5257 1333 5305 ct'
1353 5251 1655 5306 htzreticum
1675 5249 1841 5324 9M
1862 5267 2066 5307 omnem

486 5353 605 5412 post
644 5345 872 5412 primam
927 5344 1302 5412 correptionem
1351 5343 1592 5399 devitarc
1629 5348 1872 5417 oportuit
1920 5346 1963 5411 ⁸,
1994 5361 2064 5401 ex

487 5439 679 5486 sancta
707 5431 797 5485 illa
832 5432 1175 5503 sapientique
1197 5430 1352 5487 Pauli
1374 5436 1667 5490 sententia.
1702 5437 1813 5491 Abs
1835 5444 1889 5492 te
1916 5437 2062 5493 enim

492 5522 612 5589 ipso
633 5523 923 5578 damnatus
967 5524 1179 5580 tibimet
1206 5525 1454 5587 exitium,
1496 5526 1645 5580 nullo
1672 5528 1779 5581 alio
1813 5535 2062 5598 cogente,

487 5617 816 5671 consciscis.
868 5617 1071 5687 Ecquis
1127 5617 1294 5687 igitur
1342 5618 1489 5673 illius
1548 5619 1926 5683 miserebitur,
1971 5620 2063 5692 qui

569 5773 587 5805 ¹
615 5773 633 5831 l
662 5774 786 5831 Cor.
819 5791 879 5841 ιι,
912 5776 1000 5833 Η.
1077 5779 1096 5808 ’
1130 5775 1247 5832 Col.
1285 5793 1322 5844 I,
1360 5777 1448 5834 16.
1524 5780 1544 5811 ³
1569 5777 1758 5835 Matth.
1796 5778 1982 5849 xt,27.
2061 5778 2067 5804 ‘

2172 5792 2262 5834 im.
2296 5791 2371 5845 ιι,
2413 5776 2500 5832 55.

2543 4215 2937 4271 ΚΕΦΑΛΑῙΟΝ
2986 4216 3234 4270 ΑΕΤΙΟΥ
3277 4217 3357 4270 H'.

2244 4306 2305 4360 Εἰ
2332 4307 2450 4370 ὅλος
2482 4307 2601 4360 ἐστὶ
2634 4306 2946 4378 γεννητικὸς
2977 4308 3005 4359 ὁ
3024 4306 3313 4376 ἀγέννητος
3343 4307 3493 4371 Θεὸς,
3526 4309 3624 4362 οὐκ
3654 4311 3747 4364 ob-

2175 4398 2381 4461 σιωδῶς
2407 4398 2468 4452 τὸ
2499 4398 2761 4467 γεννηθὲν
2781 4398 3063 4468 ἐγεννήθη,
3093 4399 3220 4466 ὅλης
3240 4398 3469 4469 ἐχούσης
3513 4402 3612 4469 τῆς
3651 4402 3743 4453 οὒ·-

2177 4491 2297 4553 σίας
2324 4489 2490 4542 αὐτοῦ
2525 4489 2588 4542 τὸ
2637 4491 2850 4560 γεννᾷν,
2889 4490 2949 4543 οὐ
2971 4489 3032 4543 τὸ
3066 4490 3376 4559 γεννᾶσθαι.
3402 4491 3464 4543 Et
3496 4491 3551 4544 δὲ
3580 4510 3746 4561 μετα-

2173 4580 2609 4650 σχηματισθεῖσα
2662 4582 2696 4652 ή
2727 4580 2884 4633 οὐσία
2929 4579 3023 4633 τοῦ
3049 4579 3185 4633 Θεοῦ
3231 4581 3475 4652 γέννημα
3501 4582 3744 4651 λέγεται,

2172 4676 2274 4728 οὐχ
2334 4672 2709 4744 ἀμετάϐλητος
2751 4675 2785 4743 ἡ
2837 4671 2992 4724 οὐσία
3042 4668 3228 4736 αὐτοῦ,
3288 4673 3389 4742 τῆς
3446 4675 3749 4749 μεταϐολῆς

2171 4763 2552 4837 ἐργαζομένης
2604 4763 2704 4835 τὴν
2762 4763 2891 4816 Υίοῦ
2954 4762 3291 4834 ίδιοποίησιν.
3333 4765 3395 4817 Εἰ
3438 4765 3495 4818 δὲ
3538 4767 3621 4837 εἴη
3650 4771 3746 4821 καὶ

2171 4854 2568 4925 ἁμετάὸλητος,
2623 4853 2724 4908 καὶ·
2760 4853 3023 4921 γενέσεως
3073 4856 3338 4924 κρείττων
3376 4858 3408 4923 ἠ
3460 4857 3616 4910 οὐσία
3648 4858 3751 4912 τοῦ

2171 4946 2330 5007 Θεοῦ,
2358 4946 2419 4999 τὸ
2451 4947 2592 5000 κατὰ
2612 4944 2704 4998 τὸν
2730 4945 2856 4998 Υίδν
2893 4945 2998 5009 ἕως
3022 4945 3184 5015 ψιλῆς
3211 4948 3581 5019 προσηγορίας
3612 4952 3745 5021 ὁμο.

2169 5038 2546 5110 λογηθήσεται.
3206 5036 3215 5043 ’

2738 5146 2794 5206 Ἄ
2802 5152 3066 5221 νατροπῆ
3099 5155 3182 5207 H’.

2245 5247 2391 5301 Ἔδει
2427 5245 2525 5317 μὲν
2552 5240 2645 5299 οῦν
2670 5245 2731 5297 οὐ
2760 5244 2917 5316 μόνον
2947 5244 3027 5306 σέ,
3053 5243 3246 5307 Ἀέτιε,
3273 5242 3406 5296 ἀλλὰ
3423 5244 3517 5296 καλ⁸
3546 5244 3743 5300 πάντα

2172 5342 2470 5409 αἰρετικὸεν
2491 5337 2644 5409 μετὰ
2663 5339 2814 5408 μίαν
2835 5339 3159 5392 νουθεσίαν
3190 5340 3589 5411 παραιτεῖσθαι,
3615 5339 3690 5403 ὡς
3714 5342 3745 5393 δ

2175 5430 2329 5500 ἅγιος
2362 5431 2451 5484 καὶ
2483 5431 2643 5500 σοφὸς
2687 5427 2895 5484 κελεύει
2927 5428 3102 5497 λόγος.
3133 5429 3601 5500 Αὑτοκατάκριτος
3633 5431 3744 5502 γὰρ

2172 5524 2482 5593 τυγχάνεις,
2544 5521 2721 5592 ἑαυτῷ
2773 5521 2863 5574 τὸν
2913 5520 3129 5591 ὄλεθρον
3174 5521 3591 5593 ἐπισπώμενος,
3648 5523 3745 5576 καὶ

2171 5616 2291 5686 οὐχὶ
2322 5617 2410 5685 ὑφ’
2444 5613 2631 5688 ἑτέρου
2677 5615 3134 5686 ἀναγκαζόμενος.
3171 5613 3266 5676 Τίς
3288 5609 3382 5667 οῦν
3415 5614 3625 5686 ἐλεήσει
3649 5615 3745 5670 τὸν

2578 5777 2599 5809 ⁸
2628 5775 2733 5831 Tit.
2759 5789 2841 5841 Ill,
2868 5775 2951 5829 I0.
3029 5776 3048 5807 ⁶
3075 5771 3133 5828 F.
3169 5771 3349 5841 φύσιν.
