4134 6386
391 304 497 360 565

989 305 1358 364 ADVERSUS
1397 307 1737 363 HAERESES
1776 305 1905 361 ΜΒ.
1949 305 2039 364 Ill.
2071 305 2234 360 'l'O‘M.
2276 305 2318 360 l.
2354 334 2423 346 —
2462 303 2735 361 HJ‘ZRES.
2777 303 3010 360 LXXVI.

3542 305 3646 362 σεε

391 425 568 496 ἑαυτῴ
597 425 850 496 πονηρὸν,
880 428 972 479 καὶ
1001 428 1172 480 οὐδενὶ
1197 429 1396 497 ἀγαθὸν
1426 431 1761 499 τυγχάνοντα
1787 446 1800 492 ;
1832 428 1960 480 Ἀλλ

2074 427 2178 481 sibi
2224 427 2327 497 ipsi
2361 426 2563 490 malus,
2593 424 2798 480 nemini
2827 423 2983 479 alteri
3017 423 3304 478 bonusest
3334 420 3396 474 ’?
3441 419 3543 475 Sed
3580 438 3648 477 ne

391 520 478 571 ἵνα
528 519 600 588 μὴ
655 520 742 587 ἐφ’
774 511 857 581 οἷς
905 519 1245 590 ἐδλάστησας
1294 521 1373 591 τῷ
1434 522 1623 593 κόσμῳ
1665 524 1874 585 κακοῖς,
1914 520 1970 572 ἐν

391 609 603 679 σεαυτῷ
659 609 816 678 ἔχων,
875 611 1280 680 ὑπολαμϐάνοις
1316 613 1391 676 ὡς
1425 615 1552 685 περὶ
1589 613 1841 684 μεγάλων
1877 613 1972 665 καὶ

389 698 708 760 ἀντιθέτων,
766 699 1134 770 ἐπιμενοῦμεν
1196 701 1290 753 καὶ
1328 701 1480 754 αὐτοὶ
1526 701 1664 771 μετὰ
1701 701 1973 772 μακροθυ-

393 790 520 860 μίας
586 792 660 860 τῇ
697 788 936 859 διστόμῳ
993 791 1255 862 μαχαίρᾳ,
1299 790 1392 844 τοῦ
1438 792 1677 862 Χριστοῦ
1702 792 1846 862 λόγῳ
1883 793 1972 844 ἐκ·

387 881 675 949 τέμνοντες
735 898 826 933 σου
893 881 993 944 τὰς
1032 882 1367 945 ἀκανθώδεις
1408 883 1582 952 ῥίζας,
1611 886 1668 936 ἐν
1700 886 1764 955 τῇ
1792 885 1968 951 ὑγιαι-

386 973 552 1044 νούσῃ
585 973 716 1043 πρὸς
737 972 869 1024 Θεὸν
898 973 1079 1044 τελεία
1114 974 1207 1026 καὶ
1255 973 1482 1044 ἀληθινῇ
1519 975 1799 1044 ὁμολογίᾳ.
1833 973 1970 1039 Δόξα

385 1066 492 1135 γὰρ
546 1064 625 1134 τῷ
677 1065 928 1134 ἐλεήμονι
960 1064 1036 1134 τῷ
1072 1066 1386 1136 φωράσαντί
1427 1083 1506 1130 σε,
1542 1069 1722 1131 ὁποῖος
1749 1063 1818 1131 εἴ,
1872 1067 1969 1138 τὴν

383 1154 478 1207 τοῦ
523 1155 690 1207 Ἰούδα
724 1156 936 1224 ἐπέχων
970 1155 1142 1220 τάξιν,
1178 1157 1271 1209 τοῦ
1303 1157 1400 1209 σὺν
1432 1159 1544 1215 τοῖς
1579 1158 1845 1227 μαθηταῖς
1872 1159 1968 1228 μὲν

385 1243 800 1314 ἁριθμηθέντος,
861 1243 1244 1314 ἀςορισθέντος
1285 1244 1363 1306 δὲ,
1403 1245 1462 1296 οῦ
1490 1245 1722 1315 Χριστοῦ
1757 1245 1968 1316 ἔχοντος

382 1338 474 1390 τὸν
501 1336 644 1397 νοῦν,
671 1335 786 1388 ἀλλ’
813 1337 876 1386 ἐκ
902 1336 994 1388 τοῦ
1025 1337 1239 1388 Σατανᾶ
1275 1335 1676 1405 ὑποδεξαμένου
1707 1338 1805 1406 τὴν
1830 1338 1966 1408 πρὸς

383 1430 474 1482 τὸν
504 1430 784 1498 Δεσπότην
818 1428 981 1482 αὑτοῦ
1015 1428 1461 1498 ἐπαρνησιθεῒαν.
1500 1430 1644 1500 Ψιλῇ
1675 1432 1782 1502 γὰρ
1825 1432 1967 1496 λέξει

383 1521 742 1592 ὡμολόγησας
790 1522 881 1572 τὸν
935 1520 1061 1572 Υἰὺν
1083 1521 1177 1573 τοῦ
1206 1521 1340 1574 Θεοῦ
1377 1520 1522 1591 ἔχειν
1560 1526 1618 1576 ἐν
1640 1526 1706 1594 τῇ
1733 1523 1961 1593 διανοίᾳ.

383 1614 494 1666 Καὶ
549 1612 632 1674 τίς
686 1615 803 1664 ἐστι
834 1613 993 1682 χρεία
1025 1613 1153 1681 περὶ
1182 1613 1282 1680 τῆς
1308 1613 1443 1682 πρὸς
1469 1614 1529 1665 σὲ
1566 1613 1777 1679 λαλιᾶς,
1801 1616 1963 1667 ὁπότε

381 1705 726 1758 παντάπασιν
753 1703 1032 1773 ἀλλότριος
1059 1703 1400 1774 Χριστιανῶν
1431 1704 1714 1775 ὑπάρχεις,
1749 1722 1961 1775 προφη-

2073 519 2311 588 pessima
2365 519 2455 572 illa
2503 519 2776 588 dogmata.
2809 531 2932 587 quae
2985 515 3296 570 in-mundo-
3325 523 3379 568 te
3423 523 3646 568 auctore

2067 610 2432 679 pullularunt,
2465 609 2812 679 magnificum
2845 607 3102 678 quiddam
3136 614 3189 661 et
3222 606 3489 676 ejusmodi
3523 619 3647 659 esse

2073 717 2324 765 censeas,
2361 710 2420 755 ut
2455 701 2672 756 veritati
2725 698 3100 754 contradicere
3153 699 3386 768 possint,
3437 696 3492 750 in
3544 697 3646 748 hoc

2071 795 2248 863 ipsum
2311 793 2541 864 patienti
2600 791 2982 846 incumbemus
3039 789 3253 855 animo,
3313 797 3373 841 ut
3422 785 3645 856 ancipiti

2069 885 2251 956 gladio
2283 885 2324 949 δ,
2365 885 2470 939 hoc
2518 894 2603 940 est
2645 883 2848 937 Christi
2888 881 3074 945 verbo,
3111 881 3365 950 spinosas
3411 885 3536 931 tuas
3567 892 3647 930 ra-

2070 979 2225 1032 dices
2267 977 2608 1038 excidamus,
2657 991 2721 1029 ae
2762 975 3062 1036 salubrem,
3117 971 3414 1041 perfectam
3446 985 3510 1024 ac
3538 970 3646 1024 sin-

2068 1084 2249 1124 ceram
2314 1069 2435 1123 fidei
2508 1067 2910 1123 confessionem
2985 1079 3351 1136 opponamus.
3419 1063 3644 1134 Magnas

2069 1159 2254 1228 itaque
2288 1157 2633 1213 misericordi
2673 1157 2782 1211 Deo
2809 1157 3014 1226 gratias
3041 1170 3202 1226 agere
3231 1155 3517 1218 debemus,
3548 1154 3644 1222 qui

2023 1249 2376 1317 .cujusmodi
2429 1249 2508 1305 sis
2555 1248 2801 1303 indicare
2830 1247 2990 1303 nobis
3027 1247 3218 1310 voluit,
3264 1254 3346 1310 tu,
3395 1246 3642 1314 inquam,

2078 1343 2169 1412 qui
2205 1341 2358 1419 Juda:
2401 1341 2583 1395 locum
2629 1341 2913 1411 vicemque
2952 1341 3197 1395 sustines
3230 1357 3243 1393 :
3279 1339 3370 1409 qui
3409 1353 3533 1392 cum
3564 1338 3648 1389 in-

2070 1444 2154 1490 ter
2195 1433 2500 1504 discipulos
2545 1440 2885 1497 censeretur,
2937 1431 3007 1486 ab
3053 1442 3263 1488 eorum
3292 1443 3520 1484 numero
3561 1443 3646 1483 se-

2066 1534 2325 1598 gregatus
2357 1536 2464 1590 est,
2495 1526 2644 1596 quod
2674 1525 2880 1581 Christi
2912 1531 3094 1580 mente
3133 1534 3476 1593 nequaquam
3507 1535 3644 1590 prmo

2058 1617 2216 1673 ‘ditus
2245 1634 2275 1674 e
2316 1617 2536 1673 Satanae
2569 1617 2750 1671 afﬂatu
2788 1615 3055 1671 nefariam
3090 1615 3235 1668 illam
3262 1611 3511 1683 ejurandi
3547 1609 3642 1665 Dei

2066 1711 2398 1764 voluntatem
2429 1710 2722 1779 expressit.
2756 1707 2833 1761 lta
2858 1715 2912 1763 et
2951 1715 3009 1762 tu
3041 1707 3226 1762 verbis
3255 1714 3415 1760 tenus
3443 1701 3643 1757 Filium

363 1797 488 1848 τῶν
506 1813 566 1847 τε
591 1797 686 1847 καὶ
715 1796 1046 1858 ἀποστόλων,
1076 1797 1168 1847 καὶ
1213 1795 1632 1862 εὑαγγελιστῶν,
1671 1795 1960 1866 μαρτύρων

2067 1799 2160 1854 Dei
2211 1799 2414 1854 habere
2461 1809 2513 1854 te
2560 1799 2616 1852 in
2679 1798 2863 1852 animo
2910 1795 3204 1866 profiteris.
3271 1791 3414 1859 Quid
3461 1801 3642 1847 autem

378 1905 438 1939 τε
457 1889 550 1939 καὶ
568 1888 783 1940 πάντων
813 1887 916 1938 τῶν
939 1887 1139 1954 ἁγίων;
1175 1887 1283 1938 τῶν
1313 1886 1527 1954 ἐλέγξαι
1554 1903 1610 1938 σε
1645 1889 1725 1950 είς
1749 1887 1961 1957 ἡμέραν

381 1978 616 2047 κρίσεως
661 1977 894 2046 ετοίμως
947 1976 1211 2045 ἐχόντων·
1253 1977 1334 2028 ὅτι
1372 1975 1500 2046 ἄχρι
1540 1975 1963 2046 θανάτουκστρε-

377 2068 663 2138 ὁλούμενοι
694 2069 1014 2138 ὑπέμειναν.
1051 2067 1458 2138 μαστιζόμενοι,
1497 2067 1765 2137 ξεόμενοι,
1799 2067 1964 2138 θηρσὶ

379 2160 474 2212 καὶ
524 2160 660 2228 πυρὶ
710 2156 1153 2227 παραϐληθέντες
1191 2158 1284 2210 καὶ
1349 2157 1494 2226 φόνῳ
1530 2157 1824 2228 μαχαίρας,
1875 2157 1963 2210 ἵνα

377 2249 504 2303 Υίὺν
537 2249 672 2302 Θεοῦ
708 2250 835 2302 ὄντα
898 2249 993 2303 καὶ
1035 2247 1094 2312 ἐξ
1133 2247 1297 2302 αὑτοῦ
1333 2247 1961 2318 ἁληθινῶςγεγεννημέ-

378 2357 471 2392 νον
514 2339 588 2410 μὴ
633 2341 996 2410 ἀρνήσωνται.
1030 2339 1353 2410 Γεννητικὸς
1393 2337 1508 2408 γὰρ
1531 2341 1560 2392 ὁ
1583 2339 1771 2410 Πατὴρ
1796 2340 1958 2409 μόνου

374 2431 744 2499 Μονογενοῦς,
793 2431 887 2484 καὶ
911 2432 1008 2501 οὐχ
1043 2431 1231 2500 ἐτέρου
1272 2431 1416 2494 τινὸς
1453 2432 1531 2484 ἔτι
1557 2432 1696 2501 μετά
1721 2433 1812 2486 τὸν
1844 2432 1960 2495 ἕνα,

375 2521 471 2573 καὶ
495 2521 900 2592 ἁνομόρητικὸς
939 2522 1258 2592 Πνεῦματος
1311 2522 1487 2591 ἁγίου,
1519 2524 1615 2576 καὶ
1651 2524 1750 2593 οὐχ
1773 2523 1960 2595 ἐτέρου

374 2613 712 2683 Πνεῦματος.
771 2609 1011 2682 Κτίστης
1057 2613 1113 2665 δὲ
1153 2615 1248 2666 καὶ
1278 2614 1509 2684 ποιητὴς
1540 2615 1648 2668 τῶν
1679 2616 1769 2668 ὑπ’
1796 2613 1959 2668 αὐτοῦ

373 2702 680 2773 γενομένων
737 2703 830 2755 καὶ
867 2704 954 2756 ἀεὶ
999 2704 1358 2774 γιγνομένων.
1405 2704 1496 2756 Διὸ
1523 2704 1704 2758 οὐκέτι
1749 2705 1960 2758 πολλῶν

375 2793 507 2846 υἱῶν
549 2784 928 2865 γεννωμένων,
954 2793 1079 2847 οὔτε
1113 2795 1322 2849 πολλῶν
1358 2798 1684 2867 πνευμάτων
1713 2797 1773 2861 ἐξ
1797 2797 1959 2850 αὑτοῦ

372 2883 844 2953 ἐκπορευομένων,
879 2883 977 2952 τῆς
1011 2883 1180 2952 αὐτῆς
1209 2881 1461 2953 θεότητος
1484 2884 1571 2936 ἀεὶ
1605 2885 1661 2935 ἐν
1685 2887 1750 2954 τῇ
1772 2883 1960 2954 Τριάδι

375 2976 646 3046 μενούσης
678 2975 772 3027 καὶ
811 2974 1180 3046 δοξαζομένης
1239 2975 1335 3028 καὶ
1381 2975 1651 3046 μηδέποτε
1687 2975 1963 3047 προστιθε-

376 3067 564 3137 μένης,
586 3068 724 3137 μήτε
751 3065 1046 3137 ληγούσης,
1081 3067 1218 3136 μήτε
1256 3066 1672 3137 ὑπολειφθείσης
1699 3066 1851 3130 ποτὲ,
1880 3066 1956 3130 ὼς

2065 1893 2338 1963 pluribus
2373 1899 2554 1946 tecum
2605 1890 2840 1960 colloqui
2876 1903 3104 1944 necesse
3147 1893 3232 1942 est
3251 1899 3418 1950 ,cum
3462 1884 3542 1938 sis
3571 1883 3641 1936 ab

2064 1983 2213 2038 omni
2257 1991 2402 2038 metu
2439 1982 2881 2036 Christianorum
2937 1979 3176 2038 alienus.
3231 1975 3512 2048 prephetis
3555 1973 3642 2028 nio

2064 2077 2285 2139 mirum,
2341 2073 2630 2144 apostolis,
2681 2071 3054 2142 evangelistis,
3091 2069 3643 2138 martyribusscarte-

2063 2164 2142 2218 ris
2201 2161 2436 2232 denique
2499 2161 2751 2216 sanctis?
2815 2159 2903 2226 qui
2943 2168 2996 2212 te
3023 2167 3269 2212 extremo
3316 2156 3410 2209 illo
3449 2153 3643 2223 Judicii

2063 2255 2150 2311 die
2196 2256 2376 2326 palam
2425 2255 2792 2323 redarguent,
2857 2250 3007 2322 quod
3061 2250 3127 2303 ad
3188 2260 3414 2304 mortem
3468 2261 3645 2315 usque

2062 2347 2414 2416 quaestiones,
2469 2344 2702 2414 ﬂagella,
2735 2344 3006 2407 lanienas,
3058 2340 3284 2399 instias.
3339 2340 3510 2407 ignes,
3549 2352 3644 2406 po-

2063 2445 2269 2494 stremo
2301 2436 2540 2506 gladium
2577 2434 2965 2497 sustinuerint,
2994 2439 3052 2486 ut
3095 2447 3164 2486 ne
3209 2430 3302 2484 Dei
3334 2427 3530 2481 Filium
3589 2434 3645 2480 et

2063 2527 2133 2580 ab
2163 2528 2282 2597 ipso
2310 2539 2497 2581 revera
2525 2524 2910 2594 procedentem
2933 2523 3289 2591 abnegarent.
3316 2518 3478 2573 Pater
3499 2519 3645 2574 enim

2063 2633 2233 2672 unum
2281 2616 2552 2672 duntaxat
2601 2614 2826 2677 Filium,
2853 2630 2961 2669 non
2993 2615 3225 2669 alterum
3272 2612 3340 2665 ab
3367 2625 3434 2666 eo
3466 2617 3648 2680 potest

2061 2710 2303 2778 gignere,
2340 2707 2484 2762 idem
2513 2715 2568 2762 et
2617 2705 2884 2776 Spiritum
2939 2714 3214 2766 sanctum,
3249 2718 3360 2756 non
3409 2701 3646 2754 alterum

2061 2801 2132 2854 ab
2161 2814 2228 2855 eo
2263 2798 2527 2868 Spiritum
2570 2805 2764 2867 suapte
2795 2798 2846 2851 vi
2889 2805 3055 2866 atque
3108 2811 3182 2849 ex.
3215 2809 3336 2850 sese
3364 2791 3644 2863 produxit.

2062 2891 2131 2943 At
2184 2904 2376 2945 eorum
2427 2904 2551 2959 quae
2593 2888 2666 2943 ab
2695 2887 2817 2958 ipso
2870 2889 3015 2941 facta
3067 2894 3218 2949 sunt,
3281 2891 3337 2940 ct
3384 2891 3647 2953 perpetuo

2064 2983 2218 3047 fiunt,
2259 2989 2478 3036 creator.
2503 2989 2590 3035 est
2619 2995 2684 3035 ac
2714 2979 2987 3036 conditor.
3019 2977 3288 3044 Quocirca
3313 2989 3489 3044 neque
3528 2975 3646 3044 plu-

2061 3089 2150 3128 res
2203 3071 2383 3126 adhuc
2436 3078 2768 3142 generantur
2817 3071 2934 3130 filii,
2989 3083 3166 3138 neque
3217 3068 3403 3136 plures
3451 3065 3521 3120 ab
3572 3081 3640 3120 eo

728 3131 942 3210 Διδκαὶ
970 3131 1069 3228 οῦχ
1212 3158 1376 3227 ψιλῆς
1407 3131 1700 3227 ὀνομασίας
1753 3159 1846 3211 ἐπὶ
1877 3157 1953 3227 τῷ

2060 3162 2360 3234 procedunt
2414 3131 2663 3232 spiritus.
2718 3160 2826 3215 Sed
2875 3131 3139 3214 divinitas
3193 3131 3312 3226 ipsa
3363 3157 3421 3209 in
3473 3155 3649 3208 Trini-

371 3252 670 3320 γεννήματι
692 3249 906 3302 ἵσταται
943 3250 1005 3302 τὸ
1037 3249 1279 3321 ἀξίωμαο
1312 3252 1434 3303 ἐπεὶ
1461 3250 1527 3303 ἂν
1550 3251 1778 3315 πολλοὺς
1806 3250 1952 3304 ἀδελ-

373 3345 508 3412 φοὺς
569 3346 683 3413 μετ’
747 3344 909 3397 αὐτὸν
959 3343 1117 3413 ἔσχεν
1162 3345 1382 3414 ὁμοίους
1419 3344 1587 3415 αὐτῷ,
1627 3344 1703 3409 ὼς
1741 3345 1832 3398 ἐπὶ
1872 3343 1950 3415 τῷ

371 3437 687 3508 είρημένῳ³
729 3437 902 3504 mag
939 3438 1239 3509 ἐγέννησα
1291 3439 1391 3493 καὶ
1419 3439 1672 3507 ὕψωσα·
1723 3440 1816 3492 καὶ
1859 3438 1952 3492 ἐπὶ

371 3527 480 3597 τῷ,
523 3530 584 3581 ὀ
610 3529 865 3595 τετοκὼς
888 3531 1132 3596 ,ϐώλους
1153 3529 1376 3599 δρόσου
1400 3545 1414 3557 '
1447 3531 1541 3583 καὶ
1574 3532 1665 3584 ἐπὶ
1693 3529 1793 3600 τῷ,
1827 3531 1950 3598 Ἀφ’

372 3617 446 3676 οὖ
475 3618 644 3674 πᾶσα
692 3621 906 3691 πατριὰ
943 3621 1013 3674 ἐν
1042 3622 1276 3690 οὐρανῷ
1299 3623 1510 3676 καὶέπὶ
1537 3620 1651 3691 γῆς
1682 3620 1954 3690 ὀνομάζε-

373 3727 496 3764 far
528 3711 622 3762 καὶ
689 3711 783 3764 ἐπὶ
817 3710 916 3780 τῷ,
955 3713 1078 3778 Οὐχ
1116 3706 1204 3776 εἷς
1241 3711 1446 3779 Πατὴρ
1481 3711 1723 3765 πάντων
1751 3711 1951 3779 ὑμῶν;

373 3800 468 3852 καὶ
505 3798 600 3852 ἐπὶ
631 3799 729 3869 τῷ,
765 3799 912 3864 Παῖς
957 3816 1078 3868 μου
1127 3799 1326 3853 Ἰακώό
1345 3817 1358 3830 ’
1406 3801 1500 3853 καὶ
1550 3801 1644 3852 ἐπὶ⁹
1672 3798 1768 3868 τῷ,
1795 3802 1955 3867 Πρω,

373 3888 620 3954 τότοκός
637 3906 756 3957 μου
808 3887 1064 3955 Ἰσραήλ.
1091 3883 1251 3943 Οὗτοι
1273 3889 1382 3958 γὰρ
1412 3889 1632 3953 πάντες,
1651 3888 1778 3959 ψιλῇ
1809 3888 1953 3954 λέξει

373 3981 436 4034 τὸ
464 3983 562 4051 τῆς
597 3981 887 4051 ἀναγωγῆς
921 3981 1028 4034 ἀπὸ
1055 3981 1149 4035 τοῦ
1183 3982 1260 4054 μὴ
1294 3977 1434 4036 εἶναι
1471 3983 1549 4044 εἰς
1566 3981 1626 4034 τὸ
1663 3977 1801 4034 εἶναι
1829 3998 1954 4046 προσ

376 4073 691 4142 κεκοφότες,
724 4073 784 4125 οὺ
825 4073 944 4126 κατ’
978 4073 1165 4126 οὐσίαν
1197 4075 1265 4143 τῇ
1297 4071 1523 4143 ἀληθινῇ
1566 4073 1811 4126 ἵστανται
1839 4073 1954 4125 ὀνο-

380 4164 573 4236 μασίᾳ,
601 4165 738 4217 ἀλλὰ
759 4164 928 4234 ψιλῶς
948 4167 1040 4218 καὶ
1058 4163 1198 4219 κατὰ
1217 4165 1398 4236 χάριν,
1430 4162 1553 4216 οὔτε
1592 4164 1721 4236 ψιλῇ
1752 4166 1952 4235 ὀνομα-

379 4255 470 4326 σίᾳ
498 4254 894 4327 ὀνομαζομένου
927 4259 968 4318 ί,
996 4256 1134 4310 ἀλλὰ
1149 4255 1287 4310 κατὰ
1303 4255 1559 4328 ἀλήθειαν
1585 4256 1692 4308 ἀπὸ
1724 4257 1815 4309 τοῦ
1838 4255 1955 4319 ἐνὸς

374 4345 461 4399 διὰ
489 4345 582 4399 τοῦ
619 4347 758 4410 ἐνὸς,
790 4348 886 4400 σὺν
915 4346 994 4417 τῷ
1034 4346 1104 4412 ἐξ
1157 4345 1324 4400 αὑτοῦ
1367 4347 1789 4418 ἐκπορευομένῳ
1810 4386 1824 4410 ,
1857 4346 1952 4400 τοῦ

378 4437 543 4490 αὑτοῦ
569 4437 918 4508 λαμϐάνοντι.

377 4531 526 4584 tione
577 4539 907 4593 censentur,
967 4531 1064 4587 sed
1123 4533 1304 4587 minus
1373 4532 1590 4602 proprie
1647 4544 1710 4584 ac
1763 4530 1952 4598 gratiae
2028 4528 2388 4599 beneﬁciique
2436 4529 2558 4584 loco
2598 4528 2650 4582 id
2712 4529 2832 4584 illis
2866 4528 3181 4583 tribuitur:

2053 3261 2167 3308 tate
2217 3260 2422 3315 manet,
2473 3266 2536 3306 ac
2585 3251 2936 3321 praedicatur,
2982 3263 3082 3302 nec
3131 3247 3199 3301 ad
3249 3262 3368 3302 eam
3425 3245 3533 3298 ulla
3590 3247 3649 3297 lit

2051 3343 2319 3409 accessio,
2357 3357 2536 3412 neque
2570 3341 2778 3397 desinit
2809 3354 3071 3410 unquam,
3118 3353 3294 3408 neque
3326 3337 3482 3406 quasi
3519 3351 3652 3389 nus-

2050 3450 2213 3504 quam
2239 3435 2310 3489 sit
2337 3435 2678 3490 destituitur.
2719 3431 2878 3487 Unde
2921 3447 3030 3486 non
3066 3430 3120 3483 in
3142 3429 3504 3500 appellatione
3529 3426 3647 3481 sola

2050 3525 2175 3596 ejus
2209 3526 2356 3596 quod
2411 3527 2654 3595 genitum
2685 3535 2792 3588 est,
2820 3521 3061 3594 dignitas
3103 3521 3380 3575 consistit.
3429 3519 3647 3586 Alioqui

2054 3633 2217 3687 quam
2254 3618 2521 3689 plurimos
2555 3625 2678 3687 post
2731 3631 2791 3671 se
2836 3615 3039 3671 fratres
3069 3629 3134 3670 ac
3173 3613 3258 3670 sui
3298 3612 3506 3668 similes
3553 3609 3650 3662 ha-

2053 3710 2221 3774 beret,
2288 3718 2346 3764 ut
2396 3725 2464 3764 ex
2517 3709 2612 3762 illo
2651 3708 2771 3762 loco
2819 3714 3084 3764 constat:
3125 3705 3296 3760 Filios
3344 3704 3536 3773 genui,
3597 3711 3647 3753 et

2051 3801 2356 3864 exaltari“;
2395 3802 2524 3855 item
2557 3819 2569 3854 :
2614 3799 2720 3866 Qui
2742 3800 2922 3871 genuit
2950 3799 3130 3853 stillas
3177 3797 3313 3851 roris
3343 3798 3397 3860 “;
3443 3793 3651 3848 tum‘il-

2057 3893 2189 3946 Iud:
2234 3890 2318 3944 Ea:
2363 3908 2464 3961 quo
2495 3890 2664 3947 omnis
2709 3893 3008 3961 paternitas
3047 3891 3102 3944 in
3133 3890 3260 3944 caelo
3318 3897 3366 3941 et
3408 3887 3474 3939 in.
3509 3897 3649 3937 terra

2054 3986 2357 4038 nominatur
2385 3985 2404 4014 ⁷
2429 4001 2443 4048 ς
2476 3983 2671 4038 deinde
2699 4001 2712 4037 :
2749 3981 2936 4036 Nonne
2957 3999 3092 4036 unus
3125 3980 3286 4034 Pater
3312 3988 3387 4032 est
3413 3977 3648 4029 omnium

2053 4082 2282 4126 vestrum
2303 4072 2362 4124 8?
2390 4069 2553 4142 945
2579 4071 2737 4125 item:
2759 4070 2930 4125 Filius
2950 4086 3090 4123 meus
3111 4067 3144 4120 Ι
3152 4070 3280 4121 acab
3316 4069 3335 4098 ’
3357 4085 3370 4130 ;
3403 4072 3456 4118 et
3484 4083 3496 4117 :
3522 4062 3646 4115 Pri—

2056 4164 2343 4232 mogem'tus
2388 4178 2532 4215 meus
2575 4159 2751 4215 Israel
2784 4162 2850 4216 ιο.
2888 4161 3024 4214 Nam
3069 4160 3158 4214 isti
3195 4174 3386 4213 omnes
3437 4171 3648 4210 accom-

2055 4255 2274 4309 modata
2325 4269 2421 4322 per
2465 4261 2685 4323 tropum
2736 4253 2858 4307 Filii
2894 4268 3074 4318 voce”
3106 4267 3234 4307 cum
3288 4248 3532 4304 nondum
3568 4262 3648 4300 es-

2056 4355 2198 4410 sent,
2230 4361 2296 4402 eo
2330 4355 2391 4400 ut
2423 4356 2612 4401 essent
2647 4345 2925 4416 progressi
2974 4351 3126 4400 sunt.
3160 4343 3393 4412 Ideoque
3437 4353 3648 4406 uequa~

2055 4453 2218 4509 quam
2278 4453 2409 4493 vera
2450 4453 2514 4490 ac
2548 4437 2726 4493 solida
2755 4437 3057 4492 secundum
3103 4443 3352 4490 naturam
3409 4430 3646 4500 appella-

3237 4527 3311 4580 ita
3359 4534 3556 4581 tamen
3587 4529 3645 4574 ut

378 4631 578 4694 praeter
597 4626 1015 4695 appellationem
1050 4628 1225 4695 ipsam
1255 4627 1385 4680 insit
1415 4625 1642 4696 aliquid,
1665 4634 1951 4694 propterea
1989 4622 2134 4694 quod
2175 4624 2244 4678 ab
2279 4639 2387 4677 ttno
2443 4632 2499 4678 et
2569 4639 2666 4694 per
2713 4639 2902 4680 unum
2928 4639 3119 4678 rerera
3164 4627 3447 4692 procreata
3491 4625 3640 4682 sunt,

380 4735 596 4776 necnon
651 4728 708 4776 et
737 4736 768 4774 a
815 4720 1021 4790 Spiritu
1054 4729 1269 4781 sancto,
1317 4721 1406 4790 qui
1452 4723 1522 4775 ab
1549 4722 1668 4791 ipso
1697 4719 1964 4789 procedit,
2003 4727 2057 4774 et
2086 4735 2152 4774 ex
2185 4718 2306 4789 ipso
2335 4718 2551 4788 accipit.

769 4813 1165 4868 ΚΕΦΑΛᾹΙΟΝ
1203 4813 1459 4867 ΑΕΤΙΟΥ
1499 4813 1574 4866 0'.

452 4907 518 4960 El.
551 4906 938 4977 σπερματικῶς
966 4901 1033 4976 ἦν
1074 4907 1132 4957 ἐν
1161 4907 1240 4975 τῷ
1277 4907 1556 4977 ἁγεννήτῳ
1586 4905 1704 4976 Θεῷ
1741 4905 1802 4958 τὸ
1837 4905 1955 4973 γένρ

381 5017 552 5069 νημα,
583 4999 720 5069 μετὰ
747 5000 845 5070 τὴν
890 4999 1141 5068 γέννησιν
1176 4998 1372 5064 ἔξωθεν
1421 4996 1754 5068 προσλαϐὸν,
1781 4997 1856 5058 ὼς
1892 4997 1956 5048 ἂν

382 5091 526 5142 εἴποι
568 5107 681 5152 τις,
706 5089 976 5160 ἠνδρώθη.
1013 5089 1229 5152 Τέλειος
1256 5085 1347 5142 οῦν
1379 5091 1524 5141 ἐστιν
1557 5091 1586 5141 ὁ
1618 5088 1745 5150 Υἱὸς
1776 5087 1876 5140 οὐκ
1901 5084 1959 5149 ἐξ

381 5177 455 5235 ὧν
485 5183 768 5253 ἐγεννήθη,
797 5182 909 5236 ἀλλ’
944 5182 1004 5247 ἐξ
1034 5175 1110 5236 ὧν
1145 5181 1471 5253 προσέλαϐε.
1506 5180 1587 5235 Τὰ
1619 5179 1728 5251 γὰρ
1760 5195 1958 5247 συγγε-

383 5273 550 5337 νικῶς
572 5274 1082 5344 προσλαμϐάνοντα,
1105 5275 1181 5337 ὡς
1204 5273 1262 5337 ἐξ
1285 5273 1509 5325 ἐκείνων
1540 5272 1870 5336 συνεστῶτα,
1901 5272 1960 5324 τὸ

384 5366 589 5420 τελείου
618 5368 788 5436 ὄνομα
811 5368 1083 5436 διαφόρως
1118 5366 1401 5437 προΐεσθαι
1419 5367 1438 5395 ¹
1469 5366 1730 5434 πέφυκεν.

461 5661 475 5688 ¹
514 5657 571 5712 F.
600 5658 1005 5728 ὀνομαζόμενοι.

783 5658 1057 5730 ζόμενοικλ
1084 5660 1104 5688 ²
1126 5658 1185 5712 F.
1213 5657 1552 5730 προσίεσθαι.

385 5728 408 5762 '
441 5727 637 5800 Epltes.
665 5727 758 5794 in,
785 5729 865 5782 15.

1631 5657 1649 5688 ³
1677 5655 1838 5712 Eccli.
1876 5675 1987 5718 xw.
2021 5659 2072 5712 5.
2153 5660 2174 5691 ⁸
2216 5658 2376 5714 Hebr.
2415 5676 2487 5716 Iv.
2527 5661 2610 5714 12.
2689 5663 2708 5693 ⁵
2746 5661 2846 5716 lsa.
2892 5675 2928 5725 ι,
2963 5659 3016 5714 ‘2.

961 5731 982 5761 ⁸
1013 5727 1201 5782 Matth.
1232 5727 1388 5796 x'xttt,
1423 5729 1474 5784 9.
1553 5728 1572 5759 ⁹
1605 5728 1710 5783 lsa.
1734 5745 1842 5797 xm,
1878 5730 1928 5783 8.
2009 5731 2051 5762 ¹⁰
2087 5729 2258 5785 Exod.
2302 5746 2374 5798 tv,
2417 5730 2505 5785 ‘22.

2559 4809 2742 4864 AETII
2780 4807 3009 4864 CAPUT
3052 4807 3144 4863 IX.

2142 4903 2199 4958 Si
2233 4905 2288 4958 in
2321 4904 2563 4976 ingenito
2586 4948 2591 4954 μ
2614 4901 2724 4958 Deo
2757 4902 2972 4968 genitus
3015 4900 3185 4955 Filius
3238 4899 3380 4955 velut
3409 4896 3641 4966 quodam

2067 4998 2274 5052 semine
2307 4995 2711 5061 continebatur,
2749 4993 2891 5048 idem
2921 4993 3012 5048 ubi
3045 4991 3261 5064 genitus
3288 4999 3394 5051 .est,
3431 4989 3642 5043 extrin-

2068 5105 2228 5145 secus
2275 5089 2590 5144 accession'c
2636 5087 2775 5142 facta
2806 5085 2872 5140 ad
2906 5087 3138 5148 virilem,
3178 5092 3236 5137 ut
3273 5083 3344 5135 ita
3385 5081 3638 5141 dixerim,

2059 5188 2272 5234 aetatem
2301 5178 2559 5233 adolevit.
2594 5176 2780 5246 Itaque
2814 5176 3090 5247 perfectus
3117 5181 3203 5229 est
3232 5172 3403 5227 Filius
3436 5186 3544 5226 non
3571 5186 3638 5224 ex

2061 5269 2179 5338 ipsa
2223 5270 2596 5339 generatione,
2637 5267 2733 5322 sed
2766 5282 2829 5320 ex
2866 5282 2930 5320 eo
2974 5265 3117 5334 quod
3161 5264 3238 5317 illi
3282 5261 3630 5333 postmodum

2061 5360 2300 5414 accrevit
2329 5378 2343 5414 :
2381 5374 2507 5412 nam
2543 5344 2958 5428 qttrecogttatas
2995 5370 3082 5409 res
3114 5353 3179 5408 ad
3212 5354 3298 5408 sui
3328 5352 3638 5405 incremen-

2059 5461 2173 5504 tum
2203 5450 2504 5512 asciscunt,
2543 5458 2804 5519 tanquam
2835 5463 2900 5502 ex
2927 5447 3034 5500 illis
3059 5444 3386 5508 constantia,
3419 5442 3637 5497 diverso

2060 5543 2222 5596 modo
2257 5539 2480 5610 perfecti
2510 5556 2706 5594 nomen
2737 5540 3047 5594 admittunt.

3095 5659 3114 5687 “
3146 5655 3248 5713 Job
3275 5670 3504 5721 xxxvttt,
3533 5650 3625 5708 28.
