4134 6386
461 349 568 406 067

535 553 579 610 1.
628 552 745 610 Nisi
792 565 1046 622 corporis
1098 559 1380 622 expertem
1427 549 1734 623 genitorem
1785 547 2048 604 conﬁtea-

465 661 612 714 mur,
635 652 1097 718 quantascunque
1122 643 1276 698 voles
1307 641 1608 716 tragoedias
1630 639 1891 696 excitato.
1916 638 2050 706 Qui-

398 735 410 781 !
465 735 569 791 bus
612 734 883 791 neminem
935 739 996 786 tu
1033 731 1256 803 quidem
1313 741 1613 804 perterrcs,
1666 729 1761 786 sed
1810 735 2050 785 mentem

465 834 616 880 tuam
661 839 694 879 ε
741 839 884 879 verte
943 822 1068 879 ﬁdei
1113 821 1459 894 professione
1505 821 1917 894 perturbatione
1958 819 2050 875 illa

465 916 682 985 ilejicis.
724 916 896 986 Igitur
935 915 1218 988 perfectus
1259 930 1292 971 e
1331 915 1515 986 seipso
1554 914 1700 971 Deus
1751 913 2052 986 perfectum

466 1009 655 1079 genuit
681 1007 901 1074 Filium,
952 1023 1060 1064 non
1096 1008 1263 1063 alium
1305 1018 1504 1080 prater
1541 1019 1818 1064 naturam.
1865 1004 2054 1076 Neque

465 1100 614 1155 enim
654 1101 907 1169 genitore
938 1109 1026 1158 est
1063 1101 1348 1174 indignus,
1405 1116 1510 1158 nec
1549 1108 1834 1158 externam
1883 1100 2052 1155 ullam

468 1193 842 1252 accessionem
872 1193 1172 1251 desiderat.
1216 1191 1365 1250 Nihil
1385 1195 1588 1266 quippe
1629 1190 1931 1249 secundum
1959 1188 2055 1247 Dei

471 1285 842 1340 substantiam
902 1287 1085 1357 majus
1137 1301 1203 1342 ac
1260 1287 1610 1358 praestantius
1661 1299 1785 1342 esse
1832 1290 2054 1355 potest;

469 1375 621 1446 quod
659 1377 808 1433 istud
845 1376 1049 1448 ipsum,
1079 1377 1227 1451 quod
1258 1376 1326 1432 ad
1371 1375 1762 1447 perfectionem
1794 1373 2061 1429 accedere

472 1470 696 1536 dicitur,
745 1485 874 1527 cum
914 1470 1193 1542 indigente
1221 1467 1609 1525 communicet.
1647 1464 1784 1523 Nam
1816 1466 1909 1536 qni
1937 1479 2060 1535 per-

475 1569 643 1630 petuo
678 1575 878 1632 expers
905 1561 1161 1634 corporis
1191 1558 1434 1624 exsistit,
1493 1573 1750 1631 peraeque
1785 1557 2059 1614 exsisten-

474 1657 587 1705 tem
633 1648 778 1725 apud
811 1653 1018 1724 ipsum,
1055 1650 1476 1723 perfectumque
1515 1649 1796 1720 perfectus
1834 1646 2060 1720 genitali

476 1747 713 1823 quadam
736 1746 788 1802 vi
815 1759 1035 1816 semper
1065 1757 1131 1798 ac
1153 1758 1281 1799 vere
1306 1741 1587 1814 produxit,
1610 1739 1780 1806 Deus,
1812 1739 2061 1810 inquam,

1827 335 1890 394 8.
1931 327 2282 390 ΕΡῘΡΗΛΝΙΙ

1022 457 1334 529 Confutatio
1376 454 1484 512 IX.
2071 459 2120 517 Α

3615 314 3725 375 868

2622 457 2631 466 '
2722 447 2776 501 Ἀ
2787 444 3057 514 νατροπὴ
3085 445 3163 497 ϐ’.

2205 539 2277 594 Δ’.
2291 538 2353 592 Ei
2367 536 2444 610 μὴ
2453 532 2783 606 ὡμολογεῖτο
2795 528 2908 587 ὰσώ
2915 545 3082 602 ματος
3093 528 3170 584 ὣν
3179 529 3208 583 6
3218 528 3460 600 τεννήτω
3467 541 3521 598 ρ.
3549 530 3727 586 πάντα

2149 631 2302 702 παρὰ
2331 631 2416 684 σοὶ
2440 624 2978 702 δραματουργείσθω.
3001 623 3504 696 Δραματουργήσας
3525 621 3603 686 δὲ,
3628 621 3728 675 οὐκ

2147 722 2308 779 ἄλλον
2337 720 2460 775 τινὰ
2490 717 2740 790 πτύρεις,
2777 715 3008 770 σεαυτοῦ
3042 715 3100 769 δὲ
3128 714 3220 768 τδν
3264 713 3389 768 νοῦν
3413 712 3588 775 θολοῖς
3621 710 3732 765 ἀπὸ

2149 816 2251 888 τῆς
2282 814 2542 886 ἀληθινῆς
2561 810 2874 883 ὁμολογίας.
2911 808 3000 876 Ἐξ
3029 806 3198 864 αὐτοῦ
3225 807 3335 878 γὰρ
3368 805 3504 868 Θεὸς
3529 804 3731 865 τέλειος

2152 911 2258 978 ὣν,
2291 908 2496 965 τέλειον
2545 905 2674 960 Υίδν
2707 903 3030 976 ἐγέννησεν,
3073 902 3174 973 οὐχ
3214 901 3403 971 ἓτερον
3442 896 3595 970 ⁸’παρὰ
3637 895 3731 967 τὴν

2153 1005 2336 1076 φύσιν.
2367 1004 2444 1059 Οὐ
2487 1002 2598 1075 γὰρ
2639 999 2896 1072 ἀπρεπής
2944 999 3059 1051 ἐστι
3109 995 3245 1067 πρὸς
3285 995 3377 1048 τὸν
3410 993 3734 1063 γεννήτορα,

2152 1097 2276 1153 οὔτε
2303 1094 2502 1162 ἔξωθεν
2523 1093 2869 1165 ὲπιδεόμενος
2899 1089 3276 1162 προσλήψεως.
3303 1088 3377 1142 Οὐ
3401 1087 3508 1158 γάρ
3540 1085 3595 1140 τί
3618 1086 3737 1138 ἐστι

2156 1189 2340 1264 μεῖζον
2368 1187 2506 1260 μετὰ
2525 1187 2626 1259 τὴν
2652 1185 2748 1240 τοῦ
2775 1182 2912 1238 Θεοῦ
2933 1181 3142 1243 οὐσίαν,
3169 1181 3318 1243 ὅπως
3335 1177 3413 1247 τῷ
3441 1175 3740 1247 ἐνδεομένῳ

2159 1281 2482 1354 μεταδοῦναι
2528 1278 2630 1350 τῆς
2669 1275 3028 1349 προσλήψεως
3065 1273 3203 1346 πρὸς
3237 1270 3551 1339 τελειότητα
3580 1269 3740 1337 δυνη-

2155 1373 2297 1448 θείη.
2333 1374 2396 1427 '0
2418 1371 2528 1442 γὰρ
2554 1369 2632 1423 ὢν
2669 1369 2758 1423 ἀεὶ
2800 1366 3114 1438 ἀσώματος,
3143 1364 3235 1419 τὸν
3275 1363 3405 1417 ὄντα
3449 1359 3741 1431 ἀσώματον

2157 1466 2289 1536 παρ’
2314 1463 2464 1535 αὐτῷ
2491 1462 2568 1535 τῷ
2596 1462 2712 1516 δντι
2740 1459 2829 1515 ἀεὶ
2853 1455 3211 1530 γεννητικῶς,
3244 1455 3450 1510 τέλειον
3477 1455 3506 1507 ὁ
3535 1451 3742 1518 τέλειος

2158 1559 2246 1614 ἀεὶ
2272 1557 2446 1620 ὅντως
2477 1553 2799 1625 γεγέννηκε,
2839 1550 3060 1622 πνεῦμα
3104 1547 3180 1602 ὣν
3205 1547 3359 1611 Θεὸς,
3392 1547 3487 1600 καὶ
3525 1543 3743 1614 πνεῦμα

2159 1649 2289 1702 ὅντα
2336 1645 2430 1700 τὸν
2472 1644 2842 1699 ὲνυπόστατον
2892 1639 3066 1709 Λόγον
3100 1635 3465 1708 γεγεννηκώς.
3499 1635 3575 1688 Τδ
3623 1633 3745 1686 ὅλον

2162 1741 2272 1812 γὰρ
2298 1738 2506 1810 ⁴ἠλίθιον
2530 1737 2615 1808 εἴη
2638 1734 2792 1809 παρὰ
2821 1733 2905 1788 σοὶ
2935 1731 3014 1804 τῷ
3049 1728 3263 1801 Ἀετίῳ,
3285 1727 3365 1800 τῷ
3392 1724 3746 1798 ὲμϐατεύοντι

477 1805 705 1912 spiritus
757 1805 1010 1909 spiritum
1055 1835 1266 1907 genuit,
1301 1805 1540 1890 'Verbum
1571 1805 1684 1890 Dei
1731 1805 2058 1888 subsistens;

2176 1805 2261 1886 irai.
2293 1805 2392 1894 τας
2423 1828 2567 1884 κατὰ
2595 1805 2735 1881 Θεὸν*
2751 1825 2908 1892 δόξας
2927 1820 3236 1895 ’ἑρευνῶντι
3273 1821 3338 1872 ὲκ
3374 1814 3750 1887 συλλογισμῶν

475 1930 576 1988 Est
603 1943 738 1986 vero
763 1943 891 1984 cum
914 1925 1128 1998 primis,
1157 1925 1302 1988 Acti,
1338 1933 1493 1980 tuum
1521 1924 1655 1980 illud
1689 1931 2062 1978 commentum

479 2020 798 2084 ridiculum,
829 2019 922 2090 qui
961 2017 1210 2074 cmicstia
1241 2015 1602 2090 perscrutari,
1637 2029 1703 2069 ac
1735 2014 1866 2085 quid
1894 2012 1964 2070 de
1987 2013 2068 2068 di-

479 2113 626 2169 vinis
670 2111 837 2168 rebus
874 2109 1308 2167 existimandum
1345 2109 1439 2174 sit,
1477 2107 1809 2178 syllogismis
1863 2113 1919 2161 et
1983 2118 2068 2158 ar-

481 2204 630 2278 gutis
665 2202 1186 2260 ratiocinationibus
1225 2202 1561 2272 investigare
1593 2200 1802 2266 studes,
1837 2213 1963 2254 cum
2010 2199 2062 2253 ei

480 2301 579 2373 qui
617 2315 648 2356 ο
691 2298 866 2354 nihilo
894 2295 1146 2353 condidit
1174 2295 1458 2360 universa,
1505 2302 1561 2351 et
1588 2294 1658 2350 ad
1691 2308 1864 2349 unum
1894 2290 2068 2362 perfe-

481 2395 571 2443 cte
603 2386 790 2442 eadem
820 2385 1106 2441 elaborare
1142 2383 1237 2438 illa
1273 2393 1474 2455 potest,
1512 2385 1718 2455 quique
1755 2381 1962 2438 nullius
1991 2381 2067 2435 in.

481 2477 748 2535 cremati
789 2484 844 2532 et
877 2475 1219 2532 accessionis
1262 2484 1404 2547 eget,
1443 2483 1498 2530 et
1540 2475 1632 2529 illa
1679 2475 1894 2545 legibus
1951 2472 2070 2528 suis

486 2585 551 2626 ac
592 2567 839 2625 decretis
874 2567 1155 2631 astrinxit,
1189 2565 1429 2622 Verbum
1479 2565 1690 2637 amngis
1729 2565 2067 2632 istiusmodi,

485 2661 632 2732 quod
681 2669 1038 2733 augurentqu
1079 2658 1386 2716 divinitatis
1415 2657 1690 2725 admittat,
1741 2672 1924 2729 neque
1969 2659 2072 2713 sal-

483 2761 596 2809 tem
643 2768 768 2808 cum
802 2751 1010 2808 creatis
1056 2750 1127 2807 ab
1160 2751 1278 2822 ipso
1315 2751 1484 2806 rebus
1526 2749 1802 2818 adaquari
1841 2747 2068 2818 pateris.

485 2845 656 2918 946
681 2843 831 2913 Quas
867 2860 994 2901 cum
1029 2843 1303 2916 perfectas
1337 2843 1496 2898 initio
1539 2843 1932 2913 absolutasque
1961 2856 2074 2896 nio-

491 2937 622 2994 litus
669 2943 778 3000 est,
827 2944 943 2992 tum
989 2953 1111 3008 quae
1156 2953 1221 2993 ex
1276 2937 1412 3008 ipsis
1452 2935 1722 3000 pullulant
1757 2933 2075 2990 accessione

489 3045 630 3100 opus
655 3029 868 3085 habere.
891 3031 1172 3100 sapientiae
1214 3045 1328 3086 suae
1357 3031 1578 3086 decreto
1619 3027 1904 3084 constituit
1930 3047 1943 3082 :
1973 3042 2074 3082 cu-

487 3119 727 3190 immodi
760 3128 892 3176 sunt
927 3137 1049 3192 quae
1077 3120 1338 3191 deinceps
1385 3129 1514 3174 nata
1560 3126 1712 3183 sunt,
1747 3125 2076 3174 nascuntur-

491 3229 600 3285 que
622 3212 892 3284 qrrotidie,
921 3213 1089 3269 veluti
1119 3215 1344 3274 omium,
1391 3219 1562 3276 terra,
1598 3227 1764 3283 aqua,
1812 3227 1926 3274 aer,
1967 3210 2073 3272 sol,

494 3305 624 3360 luna
647 3345 662 3370 ,
700 3303 880 3360 sidera
928 3313 984 3360 et
1013 3319 1137 3375 quae
1177 3319 1242 3358 ex
1281 3304 1440 3374 aquis
1473 3303 1751 3365 oriuntur,
1785 3300 1852 3357 ad
1898 3302 2076 3374 ipsum

496 3398 772 3453 hominem
830 3412 1028 3467 usque.
1098 3394 1277 3467 igitur.
1332 3410 1510 3466 neque
1564 3394 1765 3450 coelum
1823 3392 2080 3464 imperfeo

495 3498 668 3555 cturn,
701 3504 881 3560 neque
914 3496 1119 3543 terram
1162 3501 1414 3542 mancam
1463 3486 1849 3558 deiectamque
1895 3484 2083 3540 condio

497 3585 604 3648 dit,
643 3583 745 3640 sed
771 3582 1068 3653 perlectam
1103 3581 1267 3643 hanc,
1297 3580 1524 3652 perinde
1553 3588 1718 3652 atque
1744 3579 1944 3643 malum
1966 3597 1981 3642 ς
2007 3588 2085 3634 ta-

498 3675 661 3730 metsi
704 3673 929 3728 minime
978 3672 1362 3744 aspectabilem
1412 3676 1586 3742 ipsam
1633 3670 2085 3740 inconditamque

500 3765 804 3830 fabricarit,
838 3772 1062 3836 prepter
1095 3763 1482 3835 espolitionem
1520 3771 1574 3817 et
1613 3769 1870 3817 ornatum
1905 3760 2080 3826 illum,

500 3874 670 3928 qtrem
689 3857 1034 3928 postmodum
1058 3866 1177 3911 erat
1206 3855 1534 3922 eii‘ecturus-;
1559 3855 1654 3911 sed
1684 3862 1739 3910 et
1764 3867 1964 3924 aquam
2020 3869 2088 3908 ac

503 3950 690 4005 lumen
729 3950 860 4004 illud
892 3958 1018 4003 ante
1043 3964 1227 4004 Olllttla
1271 3959 1622 4019 procreatum
1655 3946 1849 4012 edidit,
1891 3961 1956 4000 ac
1988 3959 2086 4016 per

500 4054 718 4103 verum,
760 4038 1061 4094 increntum
1124 4053 1190 4092 ac
1234 4039 1394 4093 vitale
1429 4038 1610 4092 lumen
1666 4037 1922 4107 universa
1965 4049 2090 4104 pro-

503 4131 680 4196 duxit,
716 4141 832 4186 tum
879 4138 1099 4187 demum
1133 4141 1330 4185 castora
1357 4145 1478 4200 qua:
1515 4145 1546 4184 e
1593 4135 1740 4184 terra
1783 4121 2090 4198 propagan-

506 4233 617 4287 tur,
645 4223 866 4294 adjecit.
913 4221 1054 4278 Ante
1081 4222 1265 4277 omnia
1293 4237 1420 4276 vero
1467 4223 1870 4283 ﬁrmamentum
1907 4218 2087 4288 ipsum

504 4315 736 4371 crearit.
776 4313 982 4370 Horum
1015 4314 1261 4404 omnium
1297 4328 1462 4384 porro
1498 4312 1634 4366 nihil
1684 4310 2087 4382 imperfectum,

506 4407 606 4464 sed
638 4408 892 4465 absoluta
928 4407 1112 4463 omnia
1145 4403 1446 4462 censlituta
1490 4413 1641 4460 sunt.
1685 4403 1980 4468 Producat,
2015 4403 2091 4457 in-

2169 1925 2264 1979 καὶ
2298 1920 2391 1978 σοῦ
2426 1917 2863 1992 φιλολογιστικῆς
2888 1915 3115 1979 ἑννοίας,
3145 1913 3227 1966 ὅτι
3256 1911 3335 1982 τῷ
3363 1909 3649 1979 ποιήσαντι
3681 1907 3749 1959 τὰ

2170 2017 2346 2071 πάντα
2378 2015 2439 2080 ἐξ
2460 2016 2561 2068 οὐκ
2592 2011 2785 2075 ὄντων,
2807 2010 2902 2063 καὶ
2930 2005 3211 2077 δυνηθέντι
3234 2003 3457 2067 τελείως
3483 2001 3550 2055 τὰ
3572 2000 3752 2054 πάντα

2171 2107 2278 2160 ὑπὸ
2308 2105 2366 2159 ἓν
2399 2102 2759 2177 ἐργάσασθαι,
2796 2099 2962 2171 μηδὲν
2993 2095 3180 2169 χρείαν
3207 2094 3384 2165 ἔχοντι
3420 2090 3754 2163 προσληπτι-

2171 2199 2278 2270 κῆς
2315 2198 2608 2260 ἐπιδόσεως
2628 2237 2644 2262 ,
2678 2191 2867 2262 θεσμῷ
2901 2191 2960 2244 δὲ
2991 2187 3166 2243 ταῦτα
3212 2185 3528 2256 πεδήσαντι,
3555 2182 3752 2254 ἅδρυν-

2171 2291 2330 2362 τικὴν
2385 2288 2576 2343 οὐσίαν
2628 2282 3044 2359 προσληπτικῆς
3099 2281 3354 2349 θεότητος
3411 2275 3753 2362 ὲπιδεόμενοξι

2175 2361 2531 2452 ἐπιφημίζεις
2565 2377 2760 2445 Λόγον,
2787 2373 2881 2429 καὶ
2926 2370 3049 2425 οὔτε
3089 2367 3290 2436 ὲξισοῖς
3322 2368 3436 2428 τοῖς
3470 2364 3562 2418 ὑπ’
3586 2361 3754 2416 αὑτοῦ

2175 2469 2572 2541 κεκτισμένοις.
2604 2464 2886 2538 Ἀπαρχῆς
2925 2463 3036 2533 γὰρ
3074 2459 3292 2518 τελείως
3342 2455 3482 2510 αὐτὰ
3525 2454 3758 2524 ποιήσας

2176 2561 2535 2634 προσλήψεως
2566 2555 2914 2628 ὲπιδεόμενα,
2954 2553 3024 2604 τὰ
3070 2549 3130 2615 ἐξ
3176 2547 3357 2603 αὐτῶν
3409 2545 3491 2599 ἔτι.
3527 2543 3760 2634 βλαστα-

2177 2672 2337 2710 νοντα
2366 2653 2532 2724 ὥρισε
2567 2651 2718 2721 νόμῳ
2752 2648 2976 2717 σοφίας·
3017 2643 3173 2698 ἆτινά
3207 2644 3320 2694 ἐστι
3352 2637 3547 2702 ταῦτα,
3582 2638 3640 2688 ὲν
3679 2628 3762 2696 οἷς

2178 2749 2296 2800 ἐστι
2326 2746 2393 2800 τὰ
2418 2719 2669 2813 ἰκαθεξῆίς
2692 2719 2974 2810 γενόμενά
3008 2754 3067 2790 τε
3101 2736 3196 2789 καὶ
3230 2731 3518 2801 γινόμενα·
3547 2727 3622 2790 ὡς
3650 2719 3764 2779 οἷον

2178 2839 2375 2902 εἰπεῖν,
2409 2834 2667 2907 οὐρανὸν,
2694 2832 2828 2903 γῆν,
2876 2829 3040 2899 ὕδωρ,
3088 2828 3249 2898 ἀέρα,
3286 2824 3466 2894 ἥλιον,
3513 2819 3761 2889 σελήνην,

2181 2929 2360 3001 ἄστρα
2408 2927 2505 2980 καὶ
2537 2924 2608 2978 τὰ
2641 2925 2704 2977 lx
2735 2921 2844 2976 τῶν
2869 2920 3079 2974 ὑδάτων
3109 2915 3508 2987 γεγεννημένα,
3538 2912 3643 2974 ἓως
3672 2907 3767 2961 καὶ

2181 3020 2347 3076 αὑτοῦ
2385 3020 2480 3074 τοῦ
2511 3016 2821 3089 ἀνθρώπου.
2859 3015 2976 3068 Οὐκ
3017 3012 3246 3084 οὐρανὸν
3290 3007 3456 3078 ἀτελῆ
3490 3005 3776 3076 ἐποίησεν,

2183 3117 2242 3168 οὐ
2274 3115 2378 3186 γῆν
2429 3111 2809 3182 ὰτελεστάτην,
2839 3107 2978 3161 ἀλλὰ
3003 3105 3217 3160 τελείαν
3255 3102 3354 3174 μὲν
3379 3101 3478 3172 τὴν
3519 3099 3644 3168 γῆν,
3679 3095 3769 3149 τέ-

2185 3206 2328 3262 λειον
2355 3206 2412 3260 δὲ
2437 3205 2527 3259 τὸν
2549 3202 2778 3276 οὐρανόν
2795 3218 2807 3229 ⁸
2832 3199 3067 3271 ἀόρατον
3089 3197 3147 3252 δὲ
3170 3196 3264 3250 καὶ
3289 3190 3768 3248 ἁκατασκεύαστον

2184 3300 2327 3362 τότε,
2354 3297 2420 3352 δι’
2453 3297 2520 3366 ὴν
2553 3295 2745 3366 ἔμελλε
2777 3294 2952 3347 ποιεῖν
2977 3289 3366 3359 διακόσμησιν’
3399 3284 3543 3352 ὕδωρ
3575 3281 3633 3335 δὲ
3655 3282 3770 3351 ἅμα

2188 3392 2282 3445 καὶ
2302 3389 2418 3459 φῶς
2437 3389 2498 3442 τὸ
2529 3385 2956 3459 πρωτόκτιστον,
2980 3382 3070 3437 διὰ
3093 3379 3188 3435 τοῦ
3217 3377 3470 3450 ἀληθινοῦ
3498 3375 3675 3446 φωτὸς
3702 3373 3770 3426 τὰ

2189 3483 2366 3536 πάντα
2390 3481 2648 3551 ποιήσας,
2680 3476 2775 3532 τοῦ
2813 3476 3074 3532 ἅκτίστου
3104 3472 3200 3528 καὶ
3249 3467 3513 3535 ζωοποιοῦ
3536 3483 3548 3496 °
3579 3466 3771 3519 ἔπειτα

2189 3574 2244 3627 δὲ
2272 3573 2343 3628 τὰ
2384 3574 2450 3627 ἐκ
2482 3572 2584 3642 τῆς
2613 3571 2719 3642 γῆς
2754 3570 2994 3640 φυένταο
3038 3567 3131 3621 καὶ
3177 3565 3284 3637 πρὸ
3317 3561 3510 3619 τούτου
3547 3560 3610 3613 τὸ
3651 3575 3772 3611 στε-

2193 3666 2401 3738 ρέωμα.
2457 3665 2571 3738 Οὐχ
2615 3659 2875 3734 ἡμιτελὲς
2919 3679 2971 3714 τι
3016 3661 3246 3728 ἐγίνετο,
3301 3657 3438 3712 ἀλλὰ
3487 3656 3665 3710 πάντα
3719 3655 3776 3706 ὲν

2187 3759 2487 3829 τελειότητι
2507 3773 2522 3788 ο
2549 3756 2916 3826 Ἐξαγαγέτω
2940 3753 3050 3825 γὰρ
3074 3751 3114 3819 ἠ
3136 3749 3214 3820 γῆ
3235 3749 3510 3815 βοτάνην
3533 3747 3773 3815 χόρτου,

2191 3849 2445 3917 σπεῖρον
2473 3847 2714 3916 σπέρμα
2751 3844 2881 3900 καθ’
2910 3842 3228 3913 ὁμοιότητα
3253 3839 3350 3894 ἐπὶ
3377 3837 3488 3906 τῆς
3509 3834 3644 3906 γῆς,
3676 3834 3774 3888 καὶ

2193 3941 2386 4008 ξύλον
2413 3939 2734 4009 κάρπιμον,
2781 3933 2854 3994 οὗ
2892 3935 2960 3990 τὸ
2995 3934 3236 4004 σπέρμα
3262 3931 3464 3986 αὐτῶν
3502 3930 3574 3983 ἐν
3616 3925 3782 3992 αὐτῷ

2194 4035 2321 4089 καθ’
2353 4035 2674 4103 ὁμοιότητα
2717 4031 2814 4085 ἐπὶ
2861 4025 2972 4099 τῆς
3017 4026 3146 4098 γῆς.
3184 4027 3294 4082 Καὶ
3335 4025 3491 4096 ὁρᾷς,
3522 4021 3600 4083 ὡς
3631 4019 3782 4073 οὐδε-

2199 4128 2328 4198 μιᾶς
2358 4125 2486 4180 εὐθὺ
2517 4125 2584 4178 τὰ
2624 4124 2889 4193 γεγόνοτα
2922 4120 3174 4174 ὲπεδέετο
3218 4112 3631 4186 προσληπτικῆς
3662 4113 3781 4162 ἑπι-

2196 4219 2415 4285 δόσεως,
2447 4217 2563 4272 ἀλλ’
2605 4217 2845 4288 ἀνδρεῖα,
2873 4213 2950 4278 ὡς
2987 4214 3184 4275 εἰπεῖν,
3218 4212 3312 4264 καὶ
3338 4208 3520 4262 τέλεια
3551 4204 3638 4257 διὰ
3681 4201 3782 4255 τοῦ»

2198 4312 2621 4382 προστάγματος
2655 4309 2817 4374 εὐθὺς
2843 4307 3192 4380 εὑρίσκεσθαι
3214 4305 3268 4369 ¹;
3301 4301 3392 4374 Τῷ
3420 4299 3476 4352 δὲ
3505 4294 3780 4367 ἀνθρώπῳ

2199 4403 2516 4457 ἑπιδοθὲντα
2542 4404 2632 4456 ὑπ’
2651 4402 2816 4456 αὑτὸν
2841 4402 2991 4467 ὄντα,
3014 4399 3111 4452 καὶ
3130 4400 3188 4452 ὲν
3214 4393 3362 4465 αὐτῷ
3389 4386 3778 4470 σπερματικῶς

504 4499 647 4569 quit,
678 4508 817 4554 terra
849 4498 1064 4554 herbam
1100 4497 1368 4560 virentem,
1405 4498 1670 4551 seminans
1697 4511 1872 4550 semen
1911 4493 1978 4548 ad
2018 4494 2065 4548 si

2201 4498 2280 4557 ei;
2303 4494 2642 4559 δεσποτείαν,
2689 4493 2752 4547 οὐ
2807 4493 2986 4546 τέλεια
3019 4488 3312 4562 παρεδόθη,
3343 4483 3430 4538 διὰ
3463 4481 3524 4534 τὸ
3579 4477 3779 4588 εἰδέναι

507 4566 863 4647 militudinem
898 4595 952 4646 in
1000 4601 1163 4655 terra,
1212 4601 1262 4646 et
1306 4591 1508 4660 lignum
1537 4587 1894 4658 fructiferum,
1939 4586 2072 4657 cuju,

2198 4588 2292 4640 τὸν
2351 4587 2638 4660 ἄνθρωπον
2699 4587 2931 4639 πάντοτε
2977 4583 3068 4637 τδν
3115 4577 3536 4652 εὐεργετοῦντα,
3575 4571 3670 4625 καὶ
3719 4566 3786 4621 τδ

501 4700 681 4739 semen
713 4685 767 4736 in
802 4685 915 4753 ipso
961 4684 1030 4736 sit
1084 4684 1152 4737 ad
1185 4682 1592 4738 similitudinem
1639 4682 1693 4736 in
1728 4683 1928 4736 terra'.
1970 4682 2094 4735 Ani-

510 4777 884 4833 madvertisne
934 4793 1096 4847 quam
1137 4778 1343 4832 nullam
1396 4775 1629 4830 subinde
1671 4791 1792 4844 quae
1831 4774 2094 4843 producta

511 4877 641 4926 sunt
704 4872 1082 4927 accessionem
1166 4871 1680 4938 incrementumque
1741 4867 2088 4922 desiderave-

2203 4678 2344 4736 εἶναι
2368 4682 2502 4734 πᾶσι
2535 4682 2865 4753 παρέχοντα,
2897 4679 2990 4732 ἐπὶ
3025 4677 3240 4731 πάντων
3269 4674 3324 4727 δὲ
3364 4671 3512 4734 δντα,
3553 4666 3648 4722 καὶ
3681 4664 3784 4726 τὰς

2204 4775 2471 4838 ἐπιδόσεις
2495 4776 2731 4846 ἑκάστης
2754 4773 3025 4843 ποιήσεως
3051 4770 3185 4841 πρὸς
3213 4767 3471 4820 σὲστασιν
3493 4761 3604 4815 τῶν
3633 4755 3785 4826 αὖτῴ

2203 4868 2645 4939 χρησιμευόντων
2686 4866 3014 4937 παρέχοντα.

509 4963 655 5026 rint,
711 4963 808 5018 sed
840 4964 1009 5025 virili,
1041 4973 1099 5017 ut
1135 4964 1210 5017 ita
1255 4963 1456 5023 dicam,
1506 4963 1700 5017 robore
1732 4959 1978 5032 pnedita,
2019 4967 2073 5013 et
2110 4959 2296 5014 adulta
2357 4961 2542 5016 statim
2589 4959 2681 5014 Dei
2749 4959 3008 5012 mandato
3063 4951 3397 5026 prodierint?
3433 4949 3786 5014 Qitaecunquc

509 5071 642 5111 vero
681 5056 888 5109 homini
927 5055 1174 5123 subjecta
1209 5064 1358 5116 sunt,
1395 5063 1490 5106 aut
1531 5054 1720 5107 insunt
1752 5052 1803 5105 in
1831 5067 1918 5114 eo,
1980 5049 2096 5103 solo
2157 5051 2336 5103 adhuc
2386 5051 2593 5105 semine
2644 5058 2924 5109 contenta,
2962 5045 3193 5100 necdum
3241 5040 3479 5111 perfecta
3517 5036 3662 5088 illius
3689 5033 3783 5086 do-

510 5143 742 5200 minalui
775 5146 1073 5199 commissa
1110 5150 1259 5205 sunt,
1300 5149 1358 5194 ut
1393 5141 1440 5196 is
1473 5142 1610 5196 bene
1637 5140 1705 5195 de
1728 5154 1788 5193 se
1829 5137 2084 5192 meritum
2115 5138 2371 5208 ignorare
2402 5157 2510 5194 non
2543 5150 2761 5210 posset;
2810 5138 2900 5207 qui
2957 5145 3011 5192 et
3043 5135 3206 5190 rebus
3263 5130 3522 5184 omnibus
3565 5136 3626 5181 ut
3677 5125 3786 5179 sint

513 5237 846 5311 impertitur,
869 5245 922 5294 et
949 5239 1209 5292 omnibus
1237 5237 1490 5307 superior
1536 5242 1656 5296 est,
1697 5248 1761 5287 ac
1821 5234 2033 5304 singula
2092 5249 2257 5304 opera
2313 5251 2412 5290 sua
2475 5251 2576 5304 pro
2627 5235 2774 5289 illius
2825 5228 3332 5303 opportunitatibus
3377 5221 3789 5290 commodisque

516 5333 826 5404 dilargitur.

587 5425 650 5479 ιι.
727 5423 1096 5492 Quamobrem
1148 5421 1364 5477 occulta
1423 5436 1608 5475 rerum
1667 5419 1875 5474 semina
1932 5420 2104 5474 conti-

2279 5417 2356 5472 B'.
2392 5416 2716 5488 Παρέδωκεν
2761 5411 2908 5480 αὐτῷ
2954 5405 3347 5480 σπερματικῶς
3385 5404 3486 5473 τὴν
3525 5401 3630 5470 γῆν
3659 5399 3793 5452 ὑπο·

516 5531 734 5574 nentem
777 5518 826 5572 ei
864 5525 1067 5572 terram
1106 5513 1348 5575 tradidit,
1391 5528 1620 5582 eumque
1654 5509 1992 5566 fundamenti
2041 5526 2068 5564 a

2211 5510 2441 5582 6ἁοραν,
2473 5508 2548 5571 ὡς
2587 5509 2780 5569 εἰπεῖν,
2816 5502 3294 5574 προστησάμενος,
3341 5495 3434 5550 καὶ
3472 5494 3547 5557 ὡς
3581 5493 3794 5562 μήτραν

517 5612 693 5674 basis,
739 5619 799 5666 ut
844 5611 916 5664 ita
950 5609 1153 5673 dicam,
1191 5609 1308 5663 rice
1348 5607 1671 5670 substravit,
1716 5620 1779 5660 ac
1812 5606 1957 5660 velut
1999 5618 2110 5660 ma-

595 5771 613 5804 ¹
646 5769 779 5825 Gen.
818 5788 858 5835 ι,
899 5770 980 5824 ii.
1060 5769 1080 5800 ’
1105 5768 1230 5822 Cor.
1265 5766 1610 5837 εὑρίσκεται.

2216 5601 2362 5674 αὐτῴ
2393 5597 2806 5672 παραδεδωκὼς.
2834 5599 2919 5650 ἵνα
2949 5595 3056 5650 ἀπὸ
3083 5597 3179 5666 τῆς
3209 5588 3480 5661 προϐολῆς
3511 5584 3616 5639 τῶν
3648 5597 3790 5637 κατα
