4134 6386
417 298 523 356 569
1039 284 1407 351 ADVERSUS
1445 293 1786 353 HIEBESES
1814 296 1945 354 LIB.
1986 298 2077 354 Ill.
2117 297 2285 355 ΤΟΜ.
2328 296 2455 353 1.-
2494 294 2772 353 ΗᾸΞΒΕΞ.
2818 294 3054 350 LXXVI.
3581 294 3689 354 δ’ἴῦ

417 414 480 468 τὸ
516 410 722 465 τέλειον
760 408 869 463 ὑπὸ
914 407 1053 463 Θεοῦ
1104 411 1406 479 γεγονότων
1427 448 1444 474 ,
1494 412 1564 467 τὰ
1612 413 2001 485 σπερματικῶς

2136 415 2297 469 ricem
2329 413 2547 477 obtulit,
2573 422 2631 467 ut
2656 428 2779 481 quae
2807 412 2877 466 ab
2908 412 2976 467 iis
3006 412 3171 466 rebus
3207 418 3506 483 propagata
3534 422 3689 475 sunt.

421 506 486 559 δι’
530 500 725 557 ἐαυτοῦ
763 500 903 573 μετὰ
940 501 1212 567 συνέσεως
1253 503 1347 556 ἐπὶ
1379 504 1484 575 γῆν
1533 504 2003 576 καταϐαλλόμενα,

2136 522 2247 576 [uas
2294 503 2433 561 Deus
2465 504 2739 575 perfectas
2779 501 3058 574 produxit,
3107 519 3236 559 cum
3290 504 3439 558 velut
3481 504 3689 559 semina

421 596 495 660 ὡς
528 589 639 648 οἷόν
670 610 730 647 τε
754 592 928 659 ξύλων
954 592 1050 646 καὶ
1084 592 1260 647 ἀλλων
1288 595 1669 666 γεννημάτων,
1702 597 1865 661 αὐτὸς
1908 596 2008 667 μὲν

2136 597 2356 669 [tradam
2393 597 2617 668 proprio
2668 595 2855 650 labore
2884 604 2939 651 et
2967 595 3239 651 industria
3269 596 3324 649 in
3366 602 3571 651 terram
3604 597 3694 652 de-

420 686 797 757 λεπτομερῶς,
822 685 897 750 ὼς
926 684 1135 756 ψηφῖδα
1167 686 1324 759 παρά
1348 688 1458 741 τῶν
1493 689 1717 743 τελείων
1749 690 2007 760 ἐρανισὰ-

2136 688 2357 745 msuerit
2388 708 2402 745 :
2435 688 2747 759 cujusmodi
2784 694 2914 744 sunt
2955 686 3219 742 arborum
3270 701 3335 742 ac
3369 697 3694 743 cancrorum

422 794 603 848 μενος,
631 776 836 848 ταύτην
865 778 946 841 εἰς
973 778 1078 848 γῆν
1105 779 1474 850 ἐνθεματίζων
1498 780 1568 834 τὰ
1589 781 1691 852 τῆς
1712 781 2008 846 ἐπιδόσεως

2136 781 2165 837 d
2205 796 2379 853 genus
2411 780 2645 843 semina;
2699 795 2823 835 cum
2866 778 3005 845 haec,
3055 779 3303 850 inquam,
3353 779 3695 849 singillatim.

418 869 515 921 τοῦ
566 868 772 921 τελείου
824 868 959 922 Θεοῦ
1006 870 1144 942 πρὸς
1192 870 1423 941 αὔξησιν
1471 873 1877 945 προσδέχηται,
1921 875 2010 928 ἵνα

2136 873 2259 928 'elut
2295 872 2589 935 calculum,
2629 886 2661 924 a
2688 868 2952 940 perfectis
2984 869 3091 925 illis
3128 870 3389 941 operibus
3414 876 3698 923 mutuatus
3766 910 3775 934 τ

422 960 683 1032 αὐξηθείη
726 959 926 1026 ἔξωθεν
957 960 1029 1014 τὰ
1075 962 1166 1015 ὑπ’
1216 961 1383 1015 αὑτοῦ
1432 964 2006 1037 ἐνσπερματιζόμεναο

2136 982 2166 1020 n
2203 973 2407 1020 terram
2444 963 2750 1026 demiserit,
2791 977 2821 1015 a
2867 960 3108 1033 perfecto
3152 960 3265 1017 Deo
3299 963 3695 1017 incrementum
3756 949 3768 963 ”

425 1053 513 1105 ἵνα.
545 1054 651 1125 μὴ,
702 1053 977 1123 ἀγνοήσας
1022 1052 1114 1108 τὸν
1160 1054 1493 1126 ἐπιχορηγὸν
1537 1055 1641 1127 τῆς
1684 1056 2008 1121 ἐπιδόσεως,

2136 1058 2407 1128 ιοεὶρίειιι,
2442 1057 2817 1128 paulatimque
2859 1069 2981 1126 quae
3015 1054 3105 1109 ille
3158 1053 3469 1110 conseverit
3511 1054 3698 1111 adolcs

423 1146 587 1201 αὐτὸν
615 1146 812 1216 νομίσῃ
836 1144 1188 1217 δημιουργὸν,
1223 1147 1317 1199 καὶ
1354 1146 1566 1221 ἐκπέσῃ
1602 1146 1702 1218 τῆς
1732 1147 2010 1219 ἀληθείας.

2136 1160 2289 1213 .cant,
2326 1164 2394 1205 ne
2418 1149 2463 1203 si
2499 1148 2651 1202 illum
2698 1147 2901 1217 ipsum,
2933 1147 3093 1217 cujus
3130 1146 3235 1203 ista
3274 1145 3543 1202 beneficio
3571 1161 3701 1202 suc—

425 1238 489 1292 Εί
517 1239 628 1310 γάρ
652 1238 746 1291 καί
772 1235 1037 1308 ἐφύτευσε
1049 1237 1173 1291 Νῶε
1194 1237 1458 1309 ἄμπελον,
1486 1240 1545 1292 οὐ
1577 1238 1903 1310 γέγραπται,
1929 1242 2013 1295 ὃτι

2136 1246 2394 1304 :rescunt,
2440 1238 2798 1309 ignoraverit,
2831 1244 3110 1291 auctorem
3147 1251 3206 1291 se
3248 1250 3313 1289 ae
3358 1234 3698 1290 conditorem

423 1324 492 1400 ἦν
521 1326 825 1398 φυτουργός
846 1341 859 1356 ·
894 1325 1033 1390 ἀλλ’,
1076 1326 1341 1396 Ἐγένετο
1367 1326 1525 1395 ἀνὴρ
1550 1330 1824 1398 γεωργός.
1856 1330 2014 1382 Ἕτε-

2136 1330 2429 1392 ιτὺὶιτειιιτ,
2456 1334 2510 1382 et
2541 1342 2571 1381 a
2598 1325 2829 1382 veritate
2853 1339 3083 1397 prorsus
3107 1325 3345 1381 excidat.
3376 1323 3529 1379 Licet
3552 1325 3701 1378 enim

430 1435 520 1489 ρος
552 1419 661 1492 γάρ
694 1420 843 1473 ἐστιν
871 1421 901 1473 ὁ
936 1420 1006 1474 τὰ
1045 1419 1339 1473 αὑθεντικὰ
1385 1420 1641 1493 παρέχων
1672 1423 1786 1485 τοῖς
1816 1419 2011 1497 ἐσομέ-

2136 1422 2378 1478 loculum
2434 1421 2681 1490 legamus
2729 1419 3007 1488 plantasse
3052 1417 3283 1481 vitem',
3342 1432 3451 1471 non
3514 1425 3700 1470 tamen

427 1530 560 1576 νοις,
594 1512 782 1583 ἔτερος
817 1512 875 1566 δέ
907 1514 1055 1567 ἐστιν
1085 1513 1115 1564 ὁ
1140 1512 1201 1565 τὸ
1241 1508 1379 1566 εἶναι
1423 1513 1553 1584 παρ’
1577 1513 1744 1567 αὑτοῦ
1777 1494 2014 1584 εἰληφὼς

2136 1514 2381 1584 scriptum
2409 1519 2495 1567 est
2524 1510 2714 1582 stirpis
2746 1509 2912 1580 hujus
2941 1510 3281 1564 conditorem
3312 1508 3461 1562 illum
3494 1494 3698 1571 fuisse;

426 1604 523 1659 ἄνθ
533 1621 736 1677 ρωπος,
760 1605 854 1658 καὶ
880 1605 981 1677 τήν
1005 1604 1214 1658 ἐκείνου
1244 1604 1522 1679 γεωργίαν
1548 1606 1979 1677 πεπιστευμένος
1996 1619 2010 1634 °

2136 1606 2276 1678 347
2294 1605 2390 1661 sed
2419 1605 2523 1659 hoc
2544 1604 2810 1659 duntaxat
2839 1622 2852 1657 :
2896 1600 3146 1665 γίνεται,
3175 1601 3371 1672 inquit,
3400 1599 3697 1671 agricola’.

428 1696 515 1751 ἵνα
540 1700 570 1751 ό
610 1695 710 1767 μὲν
750 1698 973 1769 γεωργῇ
1009 1696 1079 1750 τὰ
1129 1697 1425 1759 ἐπιδόσεως
1453 1698 1532 1761 είς
1560 1696 1839 1750 τελείωσιν
1889 1698 2012 1753 ἐπι-

2136 1699 2249 1751 ἳιιιιι
2289 1698 2433 1753 alius
2467 1704 2552 1752 est
2576 1695 2623 1751 is
2657 1696 2751 1765 qui
2788 1694 2992 1750 futuris
3028 1695 3193 1750 rebus
3248 1692 3551 1746 naturalem
3590 1692 3699 1747 vim

427 1764 675 1859 δεόμενα,
710 1790 738 1841 ό
998 1787 1311 1861 τελειότητα
1342 1789 1572 1860 παρέχοι
1599 1788 1690 1844 διὰ
1726 1790 1825 1860 τῆς
1846 1788 2012 1846 αὑτοῦ

2136 1807 2180 1843 ιο
2220 1790 2492 1861 praecipua
2540 1764 2770 1858 quaeque
2813 1802 2915 1857 pro
2974 1802 3075 1841 sua
3132 1792 3405 1856 potestate
3450 1784 3709 1855 largitur,

427 1881 720 1944 ἐπιδόσεως
744 1880 851 1934 τῶν
870 1881 962 1933 ὑπ’
984 1880 1150 1934 αὐτοῦ
1171 1881 1526 1952 έκτισμένων,
1550 1881 1644 1935 καὶ
1671 1879 2012 1955 [ἐπιδόσεως]

2136 1884 2255 1941 llius
2280 1883 2374 1953 qui
2412 1883 2482 1936 ab
2528 1881 2651 1953 ipso
2686 1888 2746 1935 ut
2789 1890 2940 1936 esset
2970 1879 3182 1951 accepit
3226 1878 3412 1945 homo,
3445 1877 3703 1932 commis-

430 1974 510 2036 εἰς
537 1972 852 2044 τελειότητα
873 1973 1275 2044 αὐξανομένων.
1298 1974 1454 2027 Οὕτω
1481 1975 1575 2027 καὶ
1606 1975 1698 2028 ἐπὶ
1721 1973 1829 2028 τῶν
1858 1973 2014 2039 ζώων

2136 1989 2344 2044 iamque
2369 1972 2472 2028 sibi
2498 1973 2568 2027 ab
2597 1971 2788 2027 eodem
2826 1972 3223 2042 agriculturam
3251 1968 3516 2039 suscepit.
3545 1968 3616 2023 Ut
3650 1975 3705 2021 et

431 2066 524 2119 καὶ
553 2064 773 2119 ἐπὶτῶν
800 2065 1088 2119 πετεινῶνσ
1114 2063 1258 2119 οὕτω
1288 2065 1381 2119 καὶ
1414 2066 1508 2118 ἐπὶ
1530 2065 1639 2120 τῶν
1664 2065 1877 2137 κτηνῶν
1920 2067 2016 2120 καὶ

2139 2067 2206 2120 lle
2239 2080 2362 2137 quae
2406 2064 2473 2119 ad
2510 2064 2902 2135 perfectionem
2951 2063 3310 2119 obtinendam
3357 2062 3703 2133 progressio-

3719 1120 3726 1155 l

432 2155 677 2228 ἑρπετῶν
712 2156 809 2209 καὶ
860 2156 1109 2221 ἐναλίων,
1142 2158 1323 2211 πάντα
1350 2159 1408 2210 ἐν
1442 2157 1585 2228 ἀρχῇ
1614 2157 1794 2212 τέλεια
1822 2158 2014 2227 γέγονε

2137 2174 2240 2214 rem
2279 2159 2591 2228 requirunt,
2622 2158 2859 2221 excolat,
2889 2164 2943 2211 et
2974 2156 3085 2222 hic,
3119 2155 3358 2211 conditis
3388 2172 3418 2208 a
3450 2170 3509 2210 se
3542 2155 3706 2208 rebus

430 2249 519 2302 διὰ
544 2248 640 2303 τοῦ
676 2247 1098 2320 προστάξαντος.
1134 2248 1397 2321 Βουλήσει
1449 2249 1506 2303 δὲ
1538 2250 1729 2319 σοφίας
1764 2250 1860 2304 νῦν
1894 2252 2017 2303 ἐπι-

2137 2250 2436 2322 argiendis,
2466 2264 2530 2304 ea
2552 2265 2673 2320 qua:
2695 2247 2967 2318 ejusmodi
2996 2248 3317 2305 accessione
3342 2249 3606 2320 gliscunt,
3637 2245 3705 2300 ad

430 2341 629 2405 δόσεως
660 2341 833 2394 δεῖται
873 2340 960 2395 διὰ
988 2340 1086 2411 τὴν
1115 2340 1211 2394 τοῦ
1258 2341 1352 2393 ἐπὶ
1384 2340 1489 2410 γῆς
1532 2340 1887 2405 δεσπόζοντος
1924 2343 2019 2394 ἀν-

2138 2341 2495 2396 naturitatem
2535 2340 3037 2411 perfectionemque
3070 2339 3355 2411 perducat.
3391 2337 3549 2405 Quod
3582 2339 3705 2407 qui-

433 2431 652 2502 θρώπου
677 2434 797 2487 κατ’
815 2433 1020 2487 ἔννοιαν
1037 2433 1327 2502 ὠφέλειαν,
1345 2433 1426 2496 είς
1446 2433 1507 2486 τὸ
1523 2433 1906 2502 ἐπιγινώσκειν
1928 2435 2018 2488 τὸν

2136 2433 2246 2489 lem
2276 2432 2505 2502 perinde
2534 2432 2589 2486 in
2625 2432 2945 2486 animalium
2999 2440 3052 2487 et
3082 2431 3369 2486 volucrum
3418 2444 3613 2500 genere
3641 2444 3706 2481 ac

432 2525 618 2580 ἐπάνω
640 2525 855 2579 πάντων
870 2526 1024 2589 Θεὸν,
1040 2524 1130 2577 τὸν
1146 2525 1380 2597 χορηγὸν
1396 2524 1503 2576 τῶν
1521 2526 1909 2595 σπερματικῶν
1926 2528 2018 2580 καὶ

2136 2525 2413 2589 )ecudum,
2485 2533 2801 2595 serpentum
2851 2525 3198 2595 pisciumque
3254 2524 3521 2595 contigit;
3583 2538 3706 2576 nam

430 2617 530 2688 τῆς
559 2618 852 2681 ἐπιδόσεως
879 2618 990 2671 τῶν
1018 2616 1321 2688 αὐξήσεων,
1354 2618 1483 2672 ὅντα
1503 2618 1635 2671 Θεὸν
1666 2620 1761 2671 καὶ
1788 2619 2012 2692 Κύριον.

2136 2618 2303 2672 nnnia
2335 2617 2607 2689 principio
2655 2618 2977 2687 imperantis
3016 2618 3112 2673 Dei
3145 2618 3428 2673 voluntate
3458 2616 3705 2685 perfecta

433 2708 637 2780 Διόπερ
657 2707 729 2761 τά
758 2708 858 2779 μὲν
890 2710 1011 2761 κατ’
1058 2708 1307 2779 οὐρανὸν,
1339 2709 1433 2761 καὶ
1466 2708 1528 2761 οὐ
1564 2708 1653 2763 διά
1694 2710 1893 2782 χειρῶν
1921 2711 2017 2763 άν-

2136 2710 2477 2775 Jrodierunt;
2506 2726 2652 2764 nunc
2683 2719 2866 2781 autem
2889 2709 3133 2780 ejusdem
3170 2710 3456 2779 sapientia:
3484 2710 3711 2763 decreto

434 2798 656 2871 θρώπου
706 2800 1045 2871 σπειρόμενα
1101 2800 1266 2864 ὄντα,
1309 2800 1405 2853 καὶ
1458 2801 1519 2853 οὐ
1571 2801 1847 2870 γεννῶντα
1897 2802 2019 2855 οὑδέ

2136 2803 2608 2872 )rogressionibus
2672 2804 2790 2858 suis
2857 2810 2913 2858 et
2976 2802 3332 2857 incrementis
3384 2810 3713 2872 augescunt.

435 2892 770 2964 γεννώμενα,
801 2892 985 2947 εἴασεν
1011 2895 1041 2946 ό
1068 2893 1201 2956 Θεὸς
1226 2894 1284 2946 ἐν
1324 2893 1646 2965 τελειότητι.
1683 2893 1758 2946 υὺ
1789 2893 1900 2965 γὰρ
1932 2896 2019 2948 ὲν-

2136 2894 2276 2961 luod
2305 2894 2374 2949 ad
2409 2894 2669 2961 hominis,
2705 2894 2803 2963 qui
2839 2894 2892 2948 in
2928 2902 3073 2949 terra
3108 2894 3442 2957 dominatur,
3473 2893 3710 2949 fructum

436 2984 711 3057 έσκηπτον
754 2986 821 3056 τῇ
866 2985 1076 3056 διανοίᾳ
1122 2983 1217 3037 τοῦ
1265 2983 1554 3057 ἀνθρώπου
1603 2987 1685 3048 είς
1728 2986 2020 3056 ἐπιϐουλὴν

2136 2987 2292 3040 animi
2330 2987 2733 3055 utilitatemque
2782 2986 3054 3055 pertinet,
3089 3001 3199 3055 quo
3240 2987 3288 3040 is
3330 3000 3608 3041 summum
3648 2984 3715 3037 il-

435 3075 533 3128 καὶ
556 3073 724 3145 τῦφον
755 3075 1084 3140 κενοδοξίας,
1112 3076 1189 3139 ὡς
1226 3069 1338 3129 οἷον
1389 3077 1482 3128 ἐπὶ
1516 3076 1667 3147 ήλίου
1700 3079 1897 3140 εἰπεῖν,
1925 3079 2019 3132 καὶ

2136 3093 2235 3131 υιιι
2266 3076 2459 3143 Deum,
2492 3092 2523 3131 a
2564 3092 2675 3149 quo
2725 3086 2833 3131 tam
2880 3078 3090 3132 semina
3138 3079 3278 3147 ipsa,
3312 3092 3477 3148 quam
3519 3091 3709 3131 eorum

438 3167 665 3239 σελήνης
703 3167 800 3221 καὶ
843 3168 1078 3241 ἄστρων.
1154 3167 1290 3223 Οῠτε
1338 3167 1446 3241 γὰρ
1483 3168 1570 3223 διὰ
1615 3168 1677 3222 τὸ
1727 3170 2019 3239 γεννᾶσθαι

2136 3172 2468 3225 incrementa
2522 3170 2982 3241 proﬁciscuntur,
3052 3168 3223 3225 Deum
3294 3183 3358 3223 ac
3422 3168 3711 3223 Dominum

436 3257 534 3328 τὴν
582 3257 846 3329 σελήνην,
895 3257 928 3329 ἢ
978 3256 1208 3327 φθίνειν,
1255 3260 1288 3331 ἢ
1332 3257 1540 3324 αὔξειν,
1589 3259 1897 3315 ἀλλοιοῦται
1929 3261 2020 3315 τὸν

2136 3270 2413 3335 agnoscat.
2455 3262 2698 3317 Proinde
2720 3278 3066 3334 quascunque
3106 3264 3161 3317 in
3200 3262 3344 3317 caelo
3378 3272 3531 3327 sunt,
3567 3276 3716 3330 qua:-

437 3348 661 3420 τρόπον,
691 3348 827 3402 ἀλλά
858 3347 948 3401 διὰ
981 3348 1041 3401 τὸ
1075 3350 1281 3420 καιρῶν
1305 3344 1446 3403 εἶναι
1479 3349 1739 3404 σύστασιν
1772 3353 1867 3407 καὶ
1898 3354 2019 3407 ἐπι-

2136 3372 2234 3428 que
2270 3356 2555 3411 hominum
2608 3372 2777 3411 manu
2827 3372 2936 3411 non
2993 3362 3273 3420 seruntur,
3305 3369 3370 3409 ac
3411 3370 3587 3423 neque
3630 3354 3717 3423 gi-

439 3441 725 3514 χορηγίαν,
751 3433 828 3495 ὧν
860 3441 993 3505 Θεὸς
1020 3444 1132 3505 τοῖς
1153 3441 1438 3514 φωστῆρσι
1466 3442 1767 3508 διετάξατο.

2136 3457 2326 3522 guunt,
2354 3465 2457 3504 nec
2484 3449 2557 3505 ab
2584 3450 2709 3503 aliis
2740 3450 3056 3520 gignuntur,
3094 3464 3158 3503 ea
3190 3448 3335 3505 Deus
3359 3448 3596 3517 perfecta
3625 3461 3716 3499 re-

440 3535 618 3607 liquit.
650 3533 838 3605 Neque
874 3535 1023 3589 enim
1071 3534 1325 3590 humanae
1371 3546 1582 3592 mentes
1609 3538 1798 3592 damni
1844 3554 1913 3594 ex
1956 3540 2025 3596 iis
2054 3542 2262 3613 aliquid
2301 3556 2499 3611 capere
2540 3548 2817 3611 poterant,
2879 3549 2973 3595 aut
3020 3538 3090 3593 ad
3152 3540 3522 3609 arrogantiam
3564 3535 3716 3592 exci-

440 3626 570 3687 tari,
602 3635 663 3679 ut
704 3626 762 3680 in
795 3627 932 3690 sole,
971 3626 1101 3680 luna
1157 3630 1480 3700 ueterisque
1520 3631 1797 3688 sideribus
1845 3644 2089 3705 apparet.
2116 3636 2253 3690 Nam
2284 3651 2353 3692 ex
2402 3649 2470 3690 eo
2534 3632 2683 3705 quod
2739 3634 2866 3687 luna
2928 3639 3211 3698 nascatur,
3263 3637 3359 3686 aut
3391 3630 3700 3692 decrescat.

441 3725 795 3788 augeaturve,
821 3719 969 3774 nulla
993 3719 1143 3775 illius
1175 3720 1230 3776 in
1262 3737 1443 3779 mores
1468 3725 1702 3779 mutatio
1728 3725 2023 3782 redundat.

513 3810 640 3875 Πῶς
670 3806 765 3864 οὖν
797 3810 866 3865 τὰ
896 3816 1186 3883 σωματικά
1239 3815 1373 3879 Θεὸς
1415 3816 1511 3869 καὶ
1536 3816 1607 3870 τά
1639 3816 1896 3885 φθίνοντα
1933 3818 2023 3872 καὶ

2205 3814 2324 3870 Jam
2369 3827 2500 3868 vero
2550 3811 2645 3883 qui
2698 3811 2814 3867 lien
2854 3818 3053 3882 potest,
3106 3817 3165 3864 ut
3205 3824 3466 3881 corporea
3507 3809 3599 3866 illa
3644 3827 3710 3865 ac

441 3902 512 3957 τὰ
538 3902 837 3975 φθινόμενα
865 3904 1097 3975 θελήσας
1129 3906 1292 3971 εὐθὺς
1316 3907 1498 3961 τέλεια
1530 3909 1844 3979 εἰργάσατο,
1877 3909 1937 3962 ὃν
1967 3908 2023 3963 δέ

2136 3904 2472 3974 corruptioni
2505 3905 2755 3974 subjecta
2800 3902 2946 3960 Deus
2980 3902 3213 3960 subinde
3241 3903 3482 3974 perfecta
3519 3905 3721 3959 volun-

441 3996 505 4062 ἐξ
526 3995 692 4050 αὐτοῦ
720 3996 1033 4068 ἐγέννησεν,
1066 3998 1161 4052 ἕνα
1193 3998 1249 4065 ἐξ
1275 3999 1394 4062 ἐνὸς
1429 4000 1521 4053 τὸν
1553 4000 1681 4054 ὄντα
1709 4002 1798 4055 ἀεὶ
1831 4018 2023 4074 γεννη-

2136 4008 2236 4056 Late
2267 4015 2367 4055 sua
2408 3998 2731 4071 procrearit.
2775 4012 2901 4051 eum
2942 4012 3096 4061 vero,
3136 4011 3297 4066 quem
3346 4012 3377 4050 e
3418 3995 3601 4067 seipso
3632 4011 3723 4065 ge-

442 4089 610 4153 τικῶς
636 4088 788 4162 παρὰ
817 4089 897 4161 τῷ
939 4091 1052 4145 ὄντι
1087 4092 1379 4156 ἐπιδόσεως
1406 4093 1603 4161 ἐγέννα
1641 4095 2022 4166 ἐπιδεόμενονς

2136 4093 2271 4155 nuit,
2302 4106 2470 4145 unum
2511 4106 2580 4146 ex
2620 4105 2754 4151 uno,
2786 4089 2993 4159 quique
3033 4088 3178 4159 apud
3212 4087 3570 4143 exsistentem
3599 4102 3721 4157 per-

445 4181 703 4233 Πέπαυσο
735 4174 848 4245 οὖν,
877 4174 923 4233 ὦ
972 4181 1163 4245 ⁹Αέτιε,
1203 4182 1366 4245 κενὰς
1395 4184 1527 4253 ήμίν
1572 4183 1669 4236 καὶ
1710 4184 2023 4256 Ἀριστοτε·

2136 4193 2294 4253 petuo
2359 4198 2459 4254 per
2514 4182 2921 4253 generationem
2971 4180 3220 4242 exsistat,
3275 4178 3613 4235 accessionis
3656 4193 3723 4234 ac

444 4267 603 4331 λικὰς
635 4266 809 4335 λέξεις
832 4267 1037 4339 φέρων,
1071 4270 1319 4341 ἀρκετῶς
1348 4271 1580 4340 ἐχόντων
1608 4272 1788 4343 ήμῶν,
1819 4274 1914 4325 καὶ
1945 4273 2021 4344 μὴ

2136 4274 2539 4347 progressionis
2585 4280 2834 4343 egentem
2890 4271 3252 4343 produxerit?
3284 4270 3484 4327 Desine
3529 4271 3719 4341 igitur,

446 4361 824 4432 ἀπατωμένων
861 4360 961 4432 τὴν
986 4363 1002 4393 ¹
1036 4361 1130 4415 τοῦ
1162 4364 1368 4434 Κυρίου
1405 4363 1562 4435 ήμῶν
1591 4364 1851 4437 ἀληθινήν
1886 4366 2023 4420 διδα-

2136 4367 2273 4432 Aeti,
2305 4364 2688 4421 Aristotelicas
2722 4364 2845 4419 illas
2893 4370 3019 4418 tuas
3067 4377 3231 4418 voces
3279 4369 3336 4417 et
3392 4363 3584 4417 inanes
3617 4362 3719 4416 ob-

449 4452 695 4517 σκαλίαν,
721 4451 820 4524 τήν
853 4453 1117 4521 λέγουσαν
1147 4455 1229 4517 τὸ,
1270 4456 1365 4508 Ἐκ
1396 4456 1503 4511 τοῦ
1529 4457 1760 4526 Πατρός
1786 4456 1901 4528 ἐγὼ
1928 4456 2023 4521 ἐξ·

2136 4457 2392 4523 trudere;
2425 4458 2591 4524 nobis.
2618 4458 2764 4512 enim
2792 4457 2929 4512 citra
2972 4457 3143 4511 ullum
3181 4457 3386 4511 erroris
3415 4457 3721 4527 periculum

447 4544 675 4615 ἦλθον,
724 4545 825 4600 καὶ
852 4546 1009 4611 ἥκω,
1042 4548 1136 4601 καὶ
1189 4548 1248 4599 οὺ
1303 4548 1755 4619 καταχρηστικῶς
1798 4551 2023 4620 ἐχούσης

2137 4550 2448 4605 certissima
2494 4548 2702 4604 Christi
2733 4548 2984 4602 doctrina
3020 4547 3238 4613 suﬂicit,
3274 4562 3397 4602 cum
3437 4548 3508 4601 ita
3540 4548 3721 4618 loqui-

446 4644 545 4713 τῆς
575 4641 772 4708 λέξεως
799 4640 899 4711 τὴν
931 4640 1181 4712 δύναμιν,
1215 4642 1350 4695 ἀλλὰ
1382 4644 1717 4714 τελειότητος
1746 4644 1839 4697 καὶ
1871 4642 2023 4709 ἀξίας

2136 4651 2270 4697 tur:
2302 4640 2413 4712 Ego
2451 4642 2589 4695 exivi
2626 4658 2660 4694 a
2705 4640 2889 4704 Patre,
2928 4651 2976 4695 et
3014 4640 3147 4694 vado
3172 4642 3225 4706 ³;
3258 4641 3418 4707 cujus
3461 4640 3723 4696 dictionis

446 4731 583 4786 Θεοῦ
609 4731 979 4804 σημαινούσης
1013 4733 1113 4802 τὴν
1138 4733 1348 4787 οὐσίαν.

2137 4736 2219 4789 vis
2250 4750 2360 4788 non
2400 4734 2457 4789 in
2489 4733 2756 4788 abusione
2790 4733 2898 4786 ulla
2947 4733 3219 4796 consistit,
3265 4731 3359 4787 sed
3388 4731 3571 4787 divina
3598 4747 3721 4801 per-

2136 4826 2373 4881 fectione
2406 4840 2472 4880 ac
2503 4824 2769 4897 dignitate
2809 4824 3091 4894 praeditam
3125 4832 3380 4878 naturam
3422 4822 3717 4892 signiﬁcat.

844 4914 1242 4968 ΚΕΦΑΛΔΙΟΝ
1290 4914 1542 4967 ΛΕῚῚΟΥ
1581 4917 1637 4969 l'.

2652 4915 2833 4971 AETll
2868 4914 3097 4970 CAPUT
3136 4914 3204 4969 Χ.

520 5008 584 5063 Εἰ
627 5007 835 5061 τέλειον
864 5003 934 5079 ἦν
964 5007 1028 5061 τὸ
1065 5008 1335 5079 γέννημα,
1370 5010 1428 5060 έν
1470 5009 1750 5078 ἀγεννήτῳ
1784 5005 2023 5076 γέννημὰ

2212 5009 2271 5065 Si
2300 5009 2544 5081 perlecta
2590 5010 2661 5066 sit
2687 5013 2867 5081 genita
2898 5011 3137 5071 soboles.
3169 5023 3358 5064 eadem
3382 5023 3440 5062 In
3480 5008 3723 5078 ingenito

451 5100 588 5164 test,
637 5099 734 5154 καὶ
765 5100 866 5153 οὑκ
922 5099 982 5164 ἐξ
1022 5093 1097 5153 ὧν
1145 5102 1174 5152 ὁ
1220 5100 1517 5169 ἀγέννητος
1562 5100 1695 5153 αὐτὸ
1746 5100 2023 5169 ἐγέννησε.

2140 5101 2267 5167 erit,
2312 5116 2422 5155 non
2480 5117 2544 5156 ex
2580 5100 2647 5155 iis
2686 5116 2809 5170 qua:
2851 5115 2974 5154 cum
3014 5100 3084 5154 ab
3123 5100 3365 5170 ingenito
3407 5099 3722 5169 gigneretur

451 5192 718 5263 Γεννητὴν
742 5194 849 5264 γὰρ
872 5192 1033 5263 φύσιν
1058 5195 1117 5245 ἐν
1156 5194 1434 5264 ἀγεννήτῳ
1454 5194 1612 5264 οὐσίᾳ
1638 5193 1738 5245 οὐκ
1762 5192 2023 5262 ἐνδέχεται

2140 5195 2397 5249 obtinuit.
2438 5193 2572 5248 Nam
2608 5193 2789 5265 genita
2826 5201 3021 5247 natura
3063 5192 3116 5246 in
3147 5191 3385 5262 ingenita
3412 5191 3723 5247 substantia

452 5282 618 5339 εἶναι’
646 5287 708 5338 τὸ
739 5284 846 5355 γὰρ
880 5284 1011 5337 αὐτὸ
1036 5281 1173 5338 εἷναί
1206 5285 1264 5337 τέ
1297 5287 1414 5338 ἐστι
1446 5286 1539 5337 καὶ
1583 5284 1659 5355 μὴ
1698 5280 1859 5339 εἶναι.
1908 5284 2023 5336 Γένη

2139 5303 2263 5343 esse
2302 5303 2411 5342 non
2462 5294 2676 5357 potest;
2708 5292 2855 5341 esset
2896 5285 3043 5339 enim
3084 5284 3248 5340 simul
3296 5282 3462 5350 idem,
3510 5292 3566 5339 et
3610 5298 3720 5337 non

451 5393 603 5446 νημα
634 5376 742 5446 γὰρ
774 5376 1069 5446 ἀγέννητον
1098 5378 1198 5429 οὐκ
1228 5377 1363 5438 ἔστι,
1396 5378 1490 5429 καὶ
1514 5376 1808 5446 ἀγέννητον
1822 5375 1880 5427 ὃν
1911 5375 2023 5442 γέν-

2141 5386 2306 5434 csset.
2331 5377 2465 5434 Nam
2493 5379 2641 5449 quod
2669 5378 2910 5449 genitum
2941 5385 3045 5439 est,
3077 5376 3378 5445 ingenitum
3420 5391 3529 5431 non
3555 5376 3724 5448 948

456 5486 607 5537 νημα
649 5469 750 5521 οὐκ
795 5464 894 5538 ἦν·
929 5468 1024 5522 τοῦ
1058 5470 1312 5539 ἀνομοίου
1339 5472 1538 5541 μέρους
1572 5471 1666 5523 ἐπὶ
1704 5469 1837 5522 Θεοῦ
1871 5468 2023 5539 βλασ-

2143 5482 2247 5533 cst,
2270 5479 2326 5525 et
2353 5469 2500 5540 quod
2530 5470 2827 5539 ingenitum
2849 5476 2952 5528 est.
2979 5468 3219 5537 genitum
3245 5483 3351 5520 non
3375 5465 3722 5536 fuit:quippe

455 5560 667 5633 φημίας
698 5559 867 5615 τύπον
889 5562 986 5616 καὶ
1019 5562 1176 5634 ὓϐριν
1203 5564 1489 5632 ἐπέχοντος
1501 5606 1510 5617 ι

2145 5562 2464 5617 dissimilem
2511 5562 2749 5631 aliquam
2792 5560 2899 5616 Deo
2932 5566 3140 5629 partem
3178 5557 3451 5627 allingere,
3495 5557 3723 5613 maledi-

2146 5654 2216 5705 Cti
2252 5658 2304 5705 in
2334 5668 2459 5708 eum
2493 5668 2555 5707 ac
2592 5652 2934 5707 contumelia:
2962 5650 3196 5720 speciem
3227 5648 3467 5719 praalert.

543 5753 561 5788 ⁸
584 5754 742 5812 Deest
775 5756 913 5811 κατὰ
938 5758 1050 5827 τήν.
1129 5758 1147 5789 ’
1177 5757 1310 5813 Gen.
1353 5773 1429 5824 ix,
1458 5758 1543 5812 ‘20.
1630 5756 1648 5787 ³
1679 5757 1810 5813 llud.
1890 5758 2088 5814 1‘Juan.
2128 5777 2237 5824 ιιι-ι,
2263 5766 2333 5815 '28
