  <div class='ocr_page' id='page_1' title='image "/cluster/home/n/w/nwhite01/storage/ocr_20150623/42/nnc1.0046978682/313.png"; bbox 0 0 4134 6386; ppageno 0'>
   <div class='ocr_carea' id='block_1_1' title="bbox 454 342 567 400">
    <p class='ocr_par' dir='ltr' id='par_1_1' title="bbox 454 342 567 400">
     <span class='ocr_line' id='line_1_1' title="bbox 454 342 567 400; baseline -0.035 0"><span class='ocrx_word' id='word_1_1' title='bbox 454 342 567 400; x_wconf 75' lang='grc' dir='ltr'><strong>ΒἹΓ</strong></span> 
     </span>
    </p>
   </div>
   <div class='ocr_carea' id='block_1_2' title="bbox 1034 449 1450 521">
    <p class='ocr_par' dir='ltr' id='par_1_2' title="bbox 1034 449 1450 521">
     <span class='ocr_line' id='line_1_2' title="bbox 1034 449 1450 521; baseline -0.005 -13"><span class='ocrx_word' id='word_1_2' title='bbox 1034 449 1343 521; x_wconf 79' lang='lat' dir='ltr'><strong>Confulatio</strong></span> <span class='ocrx_word' id='word_1_3' title='bbox 1382 451 1450 506; x_wconf 71' lang='grc' dir='ltr'><strong>Χ.</strong></span> 
     </span>
    </p>
   </div>
   <div class='ocr_carea' id='block_1_3' title="bbox 527 541 2032 617">
    <p class='ocr_par' dir='ltr' id='par_1_3' title="bbox 527 541 2032 617">
     <span class='ocr_line' id='line_1_3' title="bbox 527 541 2032 617; baseline -0.003 -14"><span class='ocrx_word' id='word_1_4' title='bbox 527 551 697 605; x_wconf 92' lang='lat' dir='ltr'><strong>Instat</strong></span> <span class='ocrx_word' id='word_1_5' title='bbox 747 544 1016 617; x_wconf 84' lang='lat' dir='ltr'><strong>Oppositis</strong></span> <span class='ocrx_word' id='word_1_6' title='bbox 1043 546 1351 600; x_wconf 85' lang='lat' dir='ltr'><strong>rationibus</strong></span> <span class='ocrx_word' id='word_1_7' title='bbox 1375 555 1429 600; x_wconf 91' lang='lat' dir='ltr'><strong>et</strong></span> <span class='ocrx_word' id='word_1_8' title='bbox 1461 542 1799 615; x_wconf 72' lang='lat' dir='ltr'><strong>argumentis</strong></span> <span class='ocrx_word' id='word_1_9' title='bbox 1822 541 2032 607; x_wconf 85' lang='lat' dir='ltr'><strong>Aelius,</strong></span> 
     </span>
    </p>
   </div>
   <div class='ocr_carea' id='block_1_4' title="bbox 453 634 2035 707">
    <p class='ocr_par' dir='ltr' id='par_1_4' title="bbox 453 634 2035 707">
     <span class='ocr_line' id='line_1_4' title="bbox 453 634 2035 707; baseline -0.006 -10"><span class='ocrx_word' id='word_1_10' title='bbox 453 639 757 697; x_wconf 76' lang='lat' dir='ltr'><strong>dialecticis</strong></span> <span class='ocrx_word' id='word_1_11' title='bbox 778 638 1011 691; x_wconf 91' lang='lat' dir='ltr'><strong>vocibus</strong></span> <span class='ocrx_word' id='word_1_12' title='bbox 1041 636 1284 691; x_wconf 89' lang='lat' dir='ltr'><strong>humano</strong></span> <span class='ocrx_word' id='word_1_13' title='bbox 1320 637 1539 707; x_wconf 81' lang='lat' dir='ltr'><strong>ingenio</strong></span> <span class='ocrx_word' id='word_1_14' title='bbox 1571 634 1856 690; x_wconf 78' lang='lat' dir='ltr'><strong>fabricatis</strong></span> <span class='ocrx_word' id='word_1_15' title='bbox 1881 649 2035 688; x_wconf 89' lang='lat' dir='ltr'><strong>com-</strong></span> 
     </span>
    </p>
   </div>
   <div class='ocr_carea' id='block_1_5' title="bbox 454 726 2037 807">
    <p class='ocr_par' dir='ltr' id='par_1_5' title="bbox 454 726 2037 807">
     <span class='ocr_line' id='line_1_5' title="bbox 454 726 2037 807; baseline -0.007 -17"><span class='ocrx_word' id='word_1_16' title='bbox 454 732 794 807; x_wconf 84' lang='lat' dir='ltr'><strong>prehendere</strong></span> <span class='ocrx_word' id='word_1_17' title='bbox 833 729 997 783; x_wconf 88' lang='lat' dir='ltr'><strong>Deum</strong></span> <span class='ocrx_word' id='word_1_18' title='bbox 1028 731 1279 798; x_wconf 91' lang='lat' dir='ltr'><strong>cupiens,</strong></span> <span class='ocrx_word' id='word_1_19' title='bbox 1312 743 1377 783; x_wconf 90' lang='lat' dir='ltr'><strong>ac</strong></span> <span class='ocrx_word' id='word_1_20' title='bbox 1405 727 1771 783; x_wconf 77' lang='lat' dir='ltr'><strong>certissimam</strong></span> <span class='ocrx_word' id='word_1_21' title='bbox 1810 726 2037 780; x_wconf 82' lang='lat' dir='ltr'><strong>eviden-</strong></span> 
     </span>
    </p>
   </div>
   <div class='ocr_carea' id='block_1_6' title="bbox 454 816 2035 891">
    <p class='ocr_par' dir='ltr' id='par_1_6' title="bbox 454 816 2035 891">
     <span class='ocr_line' id='line_1_6' title="bbox 454 816 2035 891; baseline -0.006 -10"><span class='ocrx_word' id='word_1_22' title='bbox 454 829 526 883; x_wconf 89' lang='lat' dir='ltr'><strong>tis</strong></span> <span class='ocrx_word' id='word_1_23' title='bbox 561 823 683 879; x_wconf 82' lang='lat' dir='ltr'><strong>ﬁdei</strong></span> <span class='ocrx_word' id='word_1_24' title='bbox 733 837 884 891; x_wconf 87' lang='lat' dir='ltr'><strong>spem</strong></span> <span class='ocrx_word' id='word_1_25' title='bbox 912 822 1214 876; x_wconf 88' lang='lat' dir='ltr'><strong>dictionum</strong></span> <span class='ocrx_word' id='word_1_26' title='bbox 1247 834 1471 876; x_wconf 88' lang='lat' dir='ltr'><strong>suarum</strong></span> <span class='ocrx_word' id='word_1_27' title='bbox 1507 818 1738 889; x_wconf 89' lang='lat' dir='ltr'><strong>argutiis</strong></span> <span class='ocrx_word' id='word_1_28' title='bbox 1780 816 2035 871; x_wconf 90' lang='lat' dir='ltr'><strong>mutilare</strong></span> 
     </span>
    </p>
   </div>
   <div class='ocr_carea' id='block_1_7' title="bbox 456 907 2034 983">
    <p class='ocr_par' dir='ltr' id='par_1_7' title="bbox 456 907 2034 983">
     <span class='ocr_line' id='line_1_7' title="bbox 456 907 2034 983; baseline -0.01 -9"><span class='ocrx_word' id='word_1_29' title='bbox 456 914 817 973; x_wconf 86' lang='lat' dir='ltr'><strong>contendens.</strong></span> <span class='ocrx_word' id='word_1_30' title='bbox 863 911 1049 983; x_wconf 88' lang='lat' dir='ltr'><strong>Itaque</strong></span> <span class='ocrx_word' id='word_1_31' title='bbox 1105 912 1371 966; x_wconf 88' lang='lat' dir='ltr'><strong>dissimile</strong></span> <span class='ocrx_word' id='word_1_32' title='bbox 1401 909 1722 965; x_wconf 82' lang='lat' dir='ltr'><strong>vocabulum</strong></span> <span class='ocrx_word' id='word_1_33' title='bbox 1752 907 2034 963; x_wconf 88' lang='lat' dir='ltr'><strong>dissimili-</strong></span> 
     </span>
    </p>
   </div>
   <div class='ocr_carea' id='block_1_8' title="bbox 452 993 2035 1069">
    <p class='ocr_par' dir='ltr' id='par_1_8' title="bbox 452 993 2035 1069">
     <span class='ocr_line' id='line_1_8' title="bbox 452 993 2035 1069; baseline -0.008 -4"><span class='ocrx_word' id='word_1_34' title='bbox 452 1021 536 1065; x_wconf 92' lang='lat' dir='ltr'><strong>ter</strong></span> <span class='ocrx_word' id='word_1_35' title='bbox 566 1008 884 1069; x_wconf 89' lang='lat' dir='ltr'><strong>committit,</strong></span> <span class='ocrx_word' id='word_1_36' title='bbox 932 1015 986 1059; x_wconf 85' lang='lat' dir='ltr'><strong>et</strong></span> <span class='ocrx_word' id='word_1_37' title='bbox 1027 1004 1299 1058; x_wconf 83' lang='lat' dir='ltr'><strong>dictiones</strong></span> <span class='ocrx_word' id='word_1_38' title='bbox 1341 1003 1476 1055; x_wconf 89' lang='lat' dir='ltr'><strong>alias</strong></span> <span class='ocrx_word' id='word_1_39' title='bbox 1516 1000 1639 1054; x_wconf 88' lang='lat' dir='ltr'><strong>aliis</strong></span> <span class='ocrx_word' id='word_1_40' title='bbox 1670 998 1735 1052; x_wconf 87' lang='lat' dir='ltr'><strong>ad</strong></span> <span class='ocrx_word' id='word_1_41' title='bbox 1780 993 2035 1053; x_wconf 84' lang='lat' dir='ltr'><strong>everten-</strong></span> 
     </span>
    </p>
   </div>
   <div class='ocr_carea' id='block_1_9' title="bbox 450 1089 2033 1165">
    <p class='ocr_par' dir='ltr' id='par_1_9' title="bbox 450 1089 2033 1165">
     <span class='ocr_line' id='line_1_9' title="bbox 450 1089 2033 1165; baseline -0.006 -11"><span class='ocrx_word' id='word_1_42' title='bbox 450 1096 577 1154; x_wconf 85' lang='lat' dir='ltr'><strong>dum</strong></span> <span class='ocrx_word' id='word_1_43' title='bbox 610 1101 821 1165; x_wconf 88' lang='lat' dir='ltr'><strong>inserit,</strong></span> <span class='ocrx_word' id='word_1_44' title='bbox 859 1107 917 1152; x_wconf 90' lang='lat' dir='ltr'><strong>ut</strong></span> <span class='ocrx_word' id='word_1_45' title='bbox 948 1112 1013 1152; x_wconf 85' lang='lat' dir='ltr'><strong>ea</strong></span> <span class='ocrx_word' id='word_1_46' title='bbox 1057 1097 1273 1150; x_wconf 84' lang='lat' dir='ltr'><strong>ratione</strong></span> <span class='ocrx_word' id='word_1_47' title='bbox 1307 1093 1580 1157; x_wconf 76' lang='lat' dir='ltr'><strong>conficiat,</strong></span> <span class='ocrx_word' id='word_1_48' title='bbox 1616 1089 1813 1146; x_wconf 87' lang='lat' dir='ltr'><strong>Filium</strong></span> <span class='ocrx_word' id='word_1_49' title='bbox 1857 1089 2033 1145; x_wconf 84' lang='lat' dir='ltr'><strong>Patris</strong></span> 
     </span>
    </p>
   </div>
   <div class='ocr_carea' id='block_1_10' title="bbox 450 1182 2029 1256">
    <p class='ocr_par' dir='ltr' id='par_1_10' title="bbox 450 1182 2029 1256">
     <span class='ocr_line' id='line_1_10' title="bbox 450 1182 2029 1256; baseline -0.008 -10"><span class='ocrx_word' id='word_1_50' title='bbox 450 1207 572 1247; x_wconf 86' lang='lat' dir='ltr'><strong>esse</strong></span> <span class='ocrx_word' id='word_1_51' title='bbox 628 1189 984 1254; x_wconf 85' lang='lat' dir='ltr'><strong>dissimilem;</strong></span> <span class='ocrx_word' id='word_1_52' title='bbox 1031 1186 1179 1256; x_wconf 90' lang='lat' dir='ltr'><strong>quod</strong></span> <span class='ocrx_word' id='word_1_53' title='bbox 1232 1185 1347 1240; x_wconf 81' lang='lat' dir='ltr'><strong>neri</strong></span> <span class='ocrx_word' id='word_1_54' title='bbox 1406 1183 1557 1237; x_wconf 86' lang='lat' dir='ltr'><strong>nullo</strong></span> <span class='ocrx_word' id='word_1_55' title='bbox 1613 1182 1781 1236; x_wconf 89' lang='lat' dir='ltr'><strong>modo</strong></span> <span class='ocrx_word' id='word_1_56' title='bbox 1826 1187 2029 1252; x_wconf 84' lang='lat' dir='ltr'><strong>potest.</strong></span> 
     </span>
    </p>
   </div>
   <div class='ocr_carea' id='block_1_11' title="bbox 451 1270 2030 1349">
    <p class='ocr_par' dir='ltr' id='par_1_11' title="bbox 451 1270 2030 1349">
     <span class='ocr_line' id='line_1_11' title="bbox 451 1270 2030 1349; baseline -0.007 -14"><span class='ocrx_word' id='word_1_57' title='bbox 451 1286 631 1347; x_wconf 79' lang='lat' dir='ltr'><strong>Quare</strong></span> <span class='ocrx_word' id='word_1_58' title='bbox 658 1282 774 1336; x_wconf 88' lang='lat' dir='ltr'><strong>suis</strong></span> <span class='ocrx_word' id='word_1_59' title='bbox 799 1281 915 1349; x_wconf 89' lang='lat' dir='ltr'><strong>ipse</strong></span> <span class='ocrx_word' id='word_1_60' title='bbox 949 1275 1282 1348; x_wconf 78' lang='lat' dir='ltr'><strong>syllogismis</strong></span> <span class='ocrx_word' id='word_1_61' title='bbox 1335 1289 1399 1328; x_wconf 91' lang='lat' dir='ltr'><strong>ac</strong></span> <span class='ocrx_word' id='word_1_62' title='bbox 1432 1272 1738 1326; x_wconf 85' lang='lat' dir='ltr'><strong>rationibus</strong></span> <span class='ocrx_word' id='word_1_63' title='bbox 1763 1270 2030 1340; x_wconf 87' lang='lat' dir='ltr'><strong>capietur.</strong></span> 
     </span>
    </p>
   </div>
   <div class='ocr_carea' id='block_1_12' title="bbox 452 1361 2028 1440">
    <p class='ocr_par' dir='ltr' id='par_1_12' title="bbox 452 1361 2028 1440">
     <span class='ocr_line' id='line_1_12' title="bbox 452 1361 2028 1440; baseline -0.009 -13"><span class='ocrx_word' id='word_1_64' title='bbox 452 1373 716 1428; x_wconf 88' lang='lat' dir='ltr'><strong>Sic‘enim</strong></span> <span class='ocrx_word' id='word_1_65' title='bbox 743 1370 989 1440; x_wconf 87' lang='lat' dir='ltr'><strong>disputat</strong></span> <span class='ocrx_word' id='word_1_66' title='bbox 1022 1386 1035 1423; x_wconf 91' lang='lat'><strong>:</strong></span> <span class='ocrx_word' id='word_1_67' title='bbox 1073 1387 1090 1419; x_wconf 72' lang='grc' dir='ltr'><strong>ι</strong></span> <span class='ocrx_word' id='word_1_68' title='bbox 1127 1365 1183 1421; x_wconf 89' lang='lat' dir='ltr'><strong>Si</strong></span> <span class='ocrx_word' id='word_1_69' title='bbox 1216 1364 1454 1436; x_wconf 80' lang='lat' dir='ltr'><strong>perfecta</strong></span> <span class='ocrx_word' id='word_1_70' title='bbox 1485 1363 1557 1418; x_wconf 90' lang='lat' dir='ltr'><strong>sit</strong></span> <span class='ocrx_word' id='word_1_71' title='bbox 1582 1363 1762 1433; x_wconf 88' lang='lat' dir='ltr'><strong>genita</strong></span> <span class='ocrx_word' id='word_1_72' title='bbox 1792 1361 2028 1425; x_wconf 82' lang='lat' dir='ltr'><strong>soboles,</strong></span> 
     </span>
    </p>
   </div>
   <div class='ocr_carea' id='block_1_13' title="bbox 450 1452 2031 1534">
    <p class='ocr_par' dir='ltr' id='par_1_13' title="bbox 450 1452 2031 1534">
     <span class='ocr_line' id='line_1_13' title="bbox 450 1452 2031 1534; baseline -0.011 -13"><span class='ocrx_word' id='word_1_73' title='bbox 450 1467 640 1522; x_wconf 85' lang='lat' dir='ltr'><strong>eadem</strong></span> <span class='ocrx_word' id='word_1_74' title='bbox 681 1466 736 1518; x_wconf 91' lang='lat' dir='ltr'><strong>in</strong></span> <span class='ocrx_word' id='word_1_75' title='bbox 774 1463 1017 1534; x_wconf 88' lang='lat' dir='ltr'><strong>ingenito</strong></span> <span class='ocrx_word' id='word_1_76' title='bbox 1047 1460 1173 1526; x_wconf 88' lang='lat' dir='ltr'><strong>erit,</strong></span> <span class='ocrx_word' id='word_1_77' title='bbox 1203 1474 1311 1512; x_wconf 93' lang='lat' dir='ltr'><strong>non</strong></span> <span class='ocrx_word' id='word_1_78' title='bbox 1342 1473 1405 1511; x_wconf 79' lang='lat' dir='ltr'><strong>ex</strong></span> <span class='ocrx_word' id='word_1_79' title='bbox 1435 1457 1502 1511; x_wconf 93' lang='lat' dir='ltr'><strong>iis</strong></span> <span class='ocrx_word' id='word_1_80' title='bbox 1532 1470 1654 1525; x_wconf 71' lang='lat' dir='ltr'><strong>quae</strong></span> <span class='ocrx_word' id='word_1_81' title='bbox 1686 1468 1811 1508; x_wconf 89' lang='lat' dir='ltr'><strong>cum</strong></span> <span class='ocrx_word' id='word_1_82' title='bbox 1842 1452 1911 1507; x_wconf 90' lang='lat' dir='ltr'><strong>ab</strong></span> <span class='ocrx_word' id='word_1_83' title='bbox 1942 1452 2031 1505; x_wconf 89' lang='lat' dir='ltr'><strong>in-</strong></span> 
     </span>
    </p>
   </div>
   <div class='ocr_carea' id='block_1_14' title="bbox 449 1543 2030 1629">
    <p class='ocr_par' dir='ltr' id='par_1_14' title="bbox 449 1543 2030 1629">
     <span class='ocr_line' id='line_1_14' title="bbox 449 1543 2030 1629; baseline -0.009 -17"><span class='ocrx_word' id='word_1_84' title='bbox 449 1558 633 1629; x_wconf 78' lang='lat' dir='ltr'><strong>genito</strong></span> <span class='ocrx_word' id='word_1_85' title='bbox 677 1557 992 1627; x_wconf 80' lang='lat' dir='ltr'><strong>gigneretur</strong></span> <span class='ocrx_word' id='word_1_86' title='bbox 1035 1551 1290 1606; x_wconf 89' lang='lat' dir='ltr'><strong>obtinuit.</strong></span> <span class='ocrx_word' id='word_1_87' title='bbox 1326 1547 1459 1601; x_wconf 85' lang='lat' dir='ltr'><strong>Nam</strong></span> <span class='ocrx_word' id='word_1_88' title='bbox 1499 1547 1682 1617; x_wconf 88' lang='lat' dir='ltr'><strong>genita</strong></span> <span class='ocrx_word' id='word_1_89' title='bbox 1734 1552 1931 1600; x_wconf 88' lang='lat' dir='ltr'><strong>natura</strong></span> <span class='ocrx_word' id='word_1_90' title='bbox 1975 1543 2030 1597; x_wconf 91' lang='lat' dir='ltr'><strong>in</strong></span> 
     </span>
    </p>
   </div>
   <div class='ocr_carea' id='block_1_15' title="bbox 449 1633 2033 1720">
    <p class='ocr_par' dir='ltr' id='par_1_15' title="bbox 449 1633 2033 1720">
     <span class='ocr_line' id='line_1_15' title="bbox 449 1633 2033 1720; baseline -0.011 -17"><span class='ocrx_word' id='word_1_91' title='bbox 449 1648 690 1720; x_wconf 85' lang='lat' dir='ltr'><strong>ingenita</strong></span> <span class='ocrx_word' id='word_1_92' title='bbox 722 1645 1031 1702; x_wconf 86' lang='lat' dir='ltr'><strong>substantia</strong></span> <span class='ocrx_word' id='word_1_93' title='bbox 1061 1656 1184 1698; x_wconf 86' lang='lat' dir='ltr'><strong>esse</strong></span> <span class='ocrx_word' id='word_1_94' title='bbox 1211 1656 1317 1694; x_wconf 89' lang='lat' dir='ltr'><strong>non</strong></span> <span class='ocrx_word' id='word_1_95' title='bbox 1351 1646 1567 1709; x_wconf 83' lang='lat' dir='ltr'><strong>potest;</strong></span> <span class='ocrx_word' id='word_1_96' title='bbox 1604 1644 1748 1692; x_wconf 86' lang='lat' dir='ltr'><strong>esset</strong></span> <span class='ocrx_word' id='word_1_97' title='bbox 1779 1635 1925 1688; x_wconf 88' lang='lat' dir='ltr'><strong>enim</strong></span> <span class='ocrx_word' id='word_1_98' title='bbox 1955 1633 2033 1687; x_wconf 90' lang='lat' dir='ltr'><strong>si-</strong></span> 
     </span>
    </p>
   </div>
   <div class='ocr_carea' id='block_1_16' title="bbox 448 1728 2028 1801">
    <p class='ocr_par' dir='ltr' id='par_1_16' title="bbox 448 1728 2028 1801">
     <span class='ocr_line' id='line_1_16' title="bbox 448 1728 2028 1801; baseline -0.011 -7"><span class='ocrx_word' id='word_1_99' title='bbox 448 1739 563 1794; x_wconf 90' lang='lat' dir='ltr'><strong>mul</strong></span> <span class='ocrx_word' id='word_1_100' title='bbox 600 1739 766 1801; x_wconf 90' lang='lat' dir='ltr'><strong>idem,</strong></span> <span class='ocrx_word' id='word_1_101' title='bbox 809 1745 863 1793; x_wconf 91' lang='lat' dir='ltr'><strong>et</strong></span> <span class='ocrx_word' id='word_1_102' title='bbox 910 1748 1017 1790; x_wconf 89' lang='lat' dir='ltr'><strong>non</strong></span> <span class='ocrx_word' id='word_1_103' title='bbox 1058 1745 1222 1789; x_wconf 88' lang='lat' dir='ltr'><strong>esset.</strong></span> <span class='ocrx_word' id='word_1_104' title='bbox 1268 1730 1401 1784; x_wconf 87' lang='lat' dir='ltr'><strong>Nam</strong></span> <span class='ocrx_word' id='word_1_105' title='bbox 1441 1728 1586 1799; x_wconf 87' lang='lat' dir='ltr'><strong>quod</strong></span> <span class='ocrx_word' id='word_1_106' title='bbox 1635 1728 1875 1797; x_wconf 90' lang='lat' dir='ltr'><strong>genitum</strong></span> <span class='ocrx_word' id='word_1_107' title='bbox 1924 1733 2028 1787; x_wconf 88' lang='lat' dir='ltr'><strong>est,</strong></span> 
     </span>
    </p>
   </div>
   <div class='ocr_carea' id='block_1_17' title="bbox 1834 334 2277 391">
    <p class='ocr_par' dir='ltr' id='par_1_17' title="bbox 1834 334 2277 391">
     <span class='ocr_line' id='line_1_17' title="bbox 1834 334 2277 391; baseline -0.002 0"><span class='ocrx_word' id='word_1_108' title='bbox 1834 335 1892 391; x_wconf 89' lang='lat' dir='ltr'><strong>S.</strong></span> <span class='ocrx_word' id='word_1_109' title='bbox 1934 334 2277 391; x_wconf 80' lang='lat' dir='ltr'><strong>EPlPllA‘Nﬂ</strong></span> 
     </span>
    </p>
   </div>
   <div class='ocr_carea' id='block_1_18' title="bbox 3605 318 3729 394">
    <p class='ocr_par' dir='ltr' id='par_1_18' title="bbox 3605 318 3729 394">
     <span class='ocr_line' id='line_1_18' title="bbox 3605 318 3729 394; baseline -0.016 -1"><span class='ocrx_word' id='word_1_110' title='bbox 3605 318 3729 394; x_wconf 60' lang='grc' dir='ltr'>διεδ</span> 
     </span>
    </p>
   </div>
   <div class='ocr_carea' id='block_1_19' title="bbox 2708 448 3137 518">
    <p class='ocr_par' dir='ltr' id='par_1_19' title="bbox 2708 448 3137 518">
     <span class='ocr_line' id='line_1_19' title="bbox 2708 448 3137 518; baseline -0.009 -14"><span class='ocrx_word' id='word_1_111' title='bbox 2708 448 3040 518; x_wconf 78' lang='grc' dir='ltr'>Ἀνατροπὴ</span> <span class='ocrx_word' id='word_1_112' title='bbox 3074 450 3137 501; x_wconf 86' lang='grc'><strong>1⁷.</strong></span> 
     </span>
    </p>
   </div>
   <div class='ocr_carea' id='block_1_20' title="bbox 2220 539 3710 611">
    <p class='ocr_par' dir='ltr' id='par_1_20' title="bbox 2220 539 3710 611">
     <span class='ocr_line' id='line_1_20' title="bbox 2220 539 3710 611; baseline 0.001 -16"><span class='ocrx_word' id='word_1_113' title='bbox 2220 541 2537 604; x_wconf 82' lang='grc' dir='ltr'>Ἀντιθέτως</span> <span class='ocrx_word' id='word_1_114' title='bbox 2569 541 2895 611; x_wconf 77' lang='grc' dir='ltr'><strong>παρεισάγει</strong></span> <span class='ocrx_word' id='word_1_115' title='bbox 2935 539 3160 602; x_wconf 85' lang='grc' dir='ltr'>Ἀέτιος,</span> <span class='ocrx_word' id='word_1_116' title='bbox 3195 539 3259 592; x_wconf 87' lang='grc' dir='ltr'><strong>ἐκ</strong></span> <span class='ocrx_word' id='word_1_117' title='bbox 3290 539 3710 607; x_wconf 77' lang='grc' dir='ltr'><strong>συλλογιστικῶν</strong></span> 
     </span>
    </p>
   </div>
   <div class='ocr_carea' id='block_1_21' title="bbox 2136 631 3710 704">
    <p class='ocr_par' dir='ltr' id='par_1_21' title="bbox 2136 631 3710 704">
     <span class='ocr_line' id='line_1_21' title="bbox 2136 631 3710 704; baseline 0.002 -18"><span class='ocrx_word' id='word_1_118' title='bbox 2136 631 2442 704; x_wconf 74' lang='grc' dir='ltr'><strong>ὀνομασιῶν</strong></span> <span class='ocrx_word' id='word_1_119' title='bbox 2495 632 2843 704; x_wconf 81' lang='grc' dir='ltr'><strong>ἀνθρωπίνης</strong></span> <span class='ocrx_word' id='word_1_120' title='bbox 2891 632 3135 696; x_wconf 77' lang='grc' dir='ltr'><strong>ἐπινοίας</strong></span> <span class='ocrx_word' id='word_1_121' title='bbox 3193 631 3326 685; x_wconf 74' lang='grc' dir='ltr'>Θεὸν</span> <span class='ocrx_word' id='word_1_122' title='bbox 3384 634 3710 691; x_wconf 76' lang='grc' dir='ltr'>καταλαϐεῖν</span> 
     </span>
    </p>
   </div>
   <div class='ocr_carea' id='block_1_22' title="bbox 2138 722 3709 795">
    <p class='ocr_par' dir='ltr' id='par_1_22' title="bbox 2138 722 3709 795">
     <span class='ocr_line' id='line_1_22' title="bbox 2138 722 3709 795; baseline 0.001 -18"><span class='ocrx_word' id='word_1_123' title='bbox 2138 724 2493 795; x_wconf 79' lang='grc' dir='ltr'>βουλόμενος·</span> <span class='ocrx_word' id='word_1_124' title='bbox 2524 724 2619 776; x_wconf 76' lang='grc' dir='ltr'>καὶ</span> <span class='ocrx_word' id='word_1_125' title='bbox 2659 724 2736 787; x_wconf 86' lang='grc' dir='ltr'>ὠς</span> <span class='ocrx_word' id='word_1_126' title='bbox 2773 727 2836 776; x_wconf 78' lang='grc' dir='ltr'><strong>ἐκ</strong></span> <span class='ocrx_word' id='word_1_127' title='bbox 2873 722 3074 787; x_wconf 81' lang='grc' dir='ltr'><strong>λέξεων</strong></span> <span class='ocrx_word' id='word_1_128' title='bbox 3114 724 3549 795; x_wconf 79' lang='grc' dir='ltr'><strong>ἀκρωτηριάζειν</strong></span> <span class='ocrx_word' id='word_1_129' title='bbox 3588 744 3709 780; x_wconf 87' lang='grc' dir='ltr'>πει-</span> 
     </span>
    </p>
   </div>
   <div class='ocr_carea' id='block_1_23' title="bbox 2140 815 3708 889">
    <p class='ocr_par' dir='ltr' id='par_1_23' title="bbox 2140 815 3708 889">
     <span class='ocr_line' id='line_1_23' title="bbox 2140 815 3708 889; baseline 0 -18"><span class='ocrx_word' id='word_1_130' title='bbox 2140 819 2295 887; x_wconf 76' lang='grc' dir='ltr'>ρᾶται</span> <span class='ocrx_word' id='word_1_131' title='bbox 2344 817 2442 885; x_wconf 84' lang='grc' dir='ltr'>τῆς</span> <span class='ocrx_word' id='word_1_132' title='bbox 2487 816 2752 889; x_wconf 77' lang='grc' dir='ltr'><strong>ἐναργοῦς</strong></span> <span class='ocrx_word' id='word_1_133' title='bbox 2802 817 3042 880; x_wconf 87' lang='grc' dir='ltr'>πίστεως</span> <span class='ocrx_word' id='word_1_134' title='bbox 3072 817 3172 888; x_wconf 84' lang='grc' dir='ltr'>τὴν</span> <span class='ocrx_word' id='word_1_135' title='bbox 3212 815 3436 887; x_wconf 77' lang='grc' dir='ltr'>βεϐαίαν</span> <span class='ocrx_word' id='word_1_136' title='bbox 3487 818 3708 884; x_wconf 87' lang='grc' dir='ltr'>ἐλπίδα,</span> 
     </span>
    </p>
   </div>
   <div class='ocr_carea' id='block_1_24' title="bbox 2135 907 3711 979">
    <p class='ocr_par' dir='ltr' id='par_1_24' title="bbox 2135 907 3711 979">
     <span class='ocr_line' id='line_1_24' title="bbox 2135 907 3711 979; baseline 0.003 -18"><span class='ocrx_word' id='word_1_137' title='bbox 2135 909 2385 979; x_wconf 84' lang='grc' dir='ltr'>ἀνόμοιον</span> <span class='ocrx_word' id='word_1_138' title='bbox 2415 908 2684 978; x_wconf 79' lang='grc' dir='ltr'>ἀνομοίως</span> <span class='ocrx_word' id='word_1_139' title='bbox 2715 907 3081 979; x_wconf 81' lang='grc' dir='ltr'><strong>συγκρούσας,</strong></span> <span class='ocrx_word' id='word_1_140' title='bbox 3109 908 3202 961; x_wconf 75' lang='grc' dir='ltr'><strong>καὶ</strong></span> <span class='ocrx_word' id='word_1_141' title='bbox 3234 908 3377 974; x_wconf 78' lang='grc' dir='ltr'>λέξιν</span> <span class='ocrx_word' id='word_1_142' title='bbox 3411 908 3552 974; x_wconf 79' lang='grc' dir='ltr'>λέξει</span> <span class='ocrx_word' id='word_1_143' title='bbox 3579 912 3711 965; x_wconf 62' lang='grc' dir='ltr'>ἀναδ</span> 
     </span>
    </p>
   </div>
   <div class='ocr_carea' id='block_1_25' title="bbox 2132 1000 3723 1072">
    <p class='ocr_par' dir='ltr' id='par_1_25' title="bbox 2132 1000 3723 1072">
     <span class='ocr_line' id='line_1_25' title="bbox 2132 1000 3723 1072; baseline 0.003 -20"><span class='ocrx_word' id='word_1_144' title='bbox 2132 1002 2408 1072; x_wconf 79' lang='grc' dir='ltr'>τροπικῶς</span> <span class='ocrx_word' id='word_1_145' title='bbox 2435 1000 2726 1072; x_wconf 84' lang='grc' dir='ltr'>παρενθείς</span> <span class='ocrx_word' id='word_1_146' title='bbox 2745 1018 2759 1031; x_wconf 76' lang='grc'><em>’</em></span> <span class='ocrx_word' id='word_1_147' title='bbox 2789 1001 2863 1064; x_wconf 84' lang='grc' dir='ltr'>ὡς</span> <span class='ocrx_word' id='word_1_148' title='bbox 2888 1003 2952 1055; x_wconf 80' lang='grc' dir='ltr'><strong>ἐκ</strong></span> <span class='ocrx_word' id='word_1_149' title='bbox 2976 1002 3164 1054; x_wconf 80' lang='grc' dir='ltr'>τούτου</span> <span class='ocrx_word' id='word_1_150' title='bbox 3191 1000 3475 1072; x_wconf 76' lang='grc' dir='ltr'>βιάζεσθαι</span> <span class='ocrx_word' id='word_1_151' title='bbox 3507 1003 3568 1055; x_wconf 87' lang='grc' dir='ltr'>τὸ</span> <span class='ocrx_word' id='word_1_152' title='bbox 3619 1005 3723 1056; x_wconf 61' lang='grc' dir='ltr'>ἀνι</span> 
     </span>
    </p>
   </div>
   <div class='ocr_carea' id='block_1_26' title="bbox 2134 1091 3697 1164">
    <p class='ocr_par' dir='ltr' id='par_1_26' title="bbox 2134 1091 3697 1164">
     <span class='ocr_line' id='line_1_26' title="bbox 2134 1091 3697 1164; baseline 0.001 -19"><span class='ocrx_word' id='word_1_153' title='bbox 2134 1092 2318 1161; x_wconf 87' lang='grc' dir='ltr'>ὁμοιον</span> <span class='ocrx_word' id='word_1_154' title='bbox 2352 1091 2446 1145; x_wconf 81' lang='grc' dir='ltr'><strong>τοῦ</strong></span> <span class='ocrx_word' id='word_1_155' title='bbox 2495 1091 2709 1163; x_wconf 82' lang='grc' dir='ltr'>Πατρὸς</span> <span class='ocrx_word' id='word_1_156' title='bbox 2740 1092 2955 1164; x_wconf 78' lang='grc' dir='ltr'>πατέρα</span> <span class='ocrx_word' id='word_1_157' title='bbox 2987 1093 3002 1123; x_wconf 86' lang='grc'>¹</span> <span class='ocrx_word' id='word_1_158' title='bbox 3044 1093 3363 1164; x_wconf 68' lang='grc' dir='ltr'>σημαίνειν*</span> <span class='ocrx_word' id='word_1_159' title='bbox 3401 1093 3540 1164; x_wconf 77' lang='grc' dir='ltr'>ὅπερ</span> <span class='ocrx_word' id='word_1_160' title='bbox 3566 1094 3697 1147; x_wconf 62' lang='grc' dir='ltr'>ἐστὶν</span> 
     </span>
    </p>
   </div>
   <div class='ocr_carea' id='block_1_27' title="bbox 2132 1180 3709 1253">
    <p class='ocr_par' dir='ltr' id='par_1_27' title="bbox 2132 1180 3709 1253">
     <span class='ocr_line' id='line_1_27' title="bbox 2132 1180 3709 1253; baseline -0.003 -18"><span class='ocrx_word' id='word_1_161' title='bbox 2132 1181 2413 1235; x_wconf 90' lang='grc' dir='ltr'>ἀδύνατον.</span> <span class='ocrx_word' id='word_1_162' title='bbox 2452 1181 2544 1246; x_wconf 80' lang='grc' dir='ltr'><strong>Ἐξ</strong></span> <span class='ocrx_word' id='word_1_163' title='bbox 2585 1181 2765 1235; x_wconf 89' lang='grc' dir='ltr'>αὑτῶν</span> <span class='ocrx_word' id='word_1_164' title='bbox 2797 1182 2939 1253; x_wconf 84' lang='grc' dir='ltr'>γὰρ,</span> <span class='ocrx_word' id='word_1_165' title='bbox 2973 1181 3047 1245; x_wconf 81' lang='grc' dir='ltr'>ὥς</span> <span class='ocrx_word' id='word_1_166' title='bbox 3100 1180 3307 1248; x_wconf 77' lang='grc' dir='ltr'>ἐδίδαξε</span> <span class='ocrx_word' id='word_1_167' title='bbox 3359 1180 3451 1233; x_wconf 79' lang='grc' dir='ltr'>τὸν</span> <span class='ocrx_word' id='word_1_168' title='bbox 3484 1180 3709 1250; x_wconf 67' lang='grc' dir='ltr'>κόσμον,</span> 
     </span>
    </p>
   </div>
   <div class='ocr_carea' id='block_1_28' title="bbox 2136 1271 3723 1344">
    <p class='ocr_par' dir='ltr' id='par_1_28' title="bbox 2136 1271 3723 1344">
     <span class='ocr_line' id='line_1_28' title="bbox 2136 1271 3723 1344; baseline -0.002 -18"><span class='ocrx_word' id='word_1_169' title='bbox 2136 1274 2513 1344; x_wconf 85' lang='grc' dir='ltr'>συλλογισμῶν</span> <span class='ocrx_word' id='word_1_170' title='bbox 2565 1273 2659 1327; x_wconf 77' lang='grc' dir='ltr'>καὶ</span> <span class='ocrx_word' id='word_1_171' title='bbox 2728 1274 2893 1337; x_wconf 75' lang='grc' dir='ltr'>αὐτὸς</span> <span class='ocrx_word' id='word_1_172' title='bbox 2956 1271 3456 1344; x_wconf 84' lang='grc' dir='ltr'>συλλογισθήσεται.</span> <span class='ocrx_word' id='word_1_173' title='bbox 3506 1272 3723 1326; x_wconf 61' lang='grc' dir='ltr'>Φάσκειο</span> 
     </span>
    </p>
   </div>
   <div class='ocr_carea' id='block_1_29' title="bbox 2131 1361 3707 1438">
    <p class='ocr_par' dir='ltr' id='par_1_29' title="bbox 2131 1361 3707 1438">
     <span class='ocr_line' id='line_1_29' title="bbox 2131 1361 3707 1438; baseline -0.004 -18"><span class='ocrx_word' id='word_1_174' title='bbox 2131 1367 2267 1438; x_wconf 86' lang='grc' dir='ltr'>γάρ·</span> <span class='ocrx_word' id='word_1_175' title='bbox 2300 1385 2318 1418; x_wconf 75' lang='grc' dir='ltr'><strong>ι</strong></span> <span class='ocrx_word' id='word_1_176' title='bbox 2339 1366 2400 1419; x_wconf 77' lang='lat' dir='ltr'><strong>Ei</strong></span> <span class='ocrx_word' id='word_1_177' title='bbox 2436 1366 2644 1419; x_wconf 89' lang='grc' dir='ltr'>τέλειον</span> <span class='ocrx_word' id='word_1_178' title='bbox 2671 1361 2741 1437; x_wconf 83' lang='grc' dir='ltr'>ἦν</span> <span class='ocrx_word' id='word_1_179' title='bbox 2777 1365 2837 1419; x_wconf 81' lang='grc' dir='ltr'>τὸ</span> <span class='ocrx_word' id='word_1_180' title='bbox 2869 1365 3136 1435; x_wconf 86' lang='grc' dir='ltr'>γέννημα,</span> <span class='ocrx_word' id='word_1_181' title='bbox 3170 1365 3228 1417; x_wconf 91' lang='grc' dir='ltr'><strong>ἐν</strong></span> <span class='ocrx_word' id='word_1_182' title='bbox 3260 1365 3542 1435; x_wconf 81' lang='grc' dir='ltr'>ἀγεννήτῳ</span> <span class='ocrx_word' id='word_1_183' title='bbox 3582 1380 3707 1430; x_wconf 85' lang='grc' dir='ltr'>γεν-</span> 
     </span>
    </p>
   </div>
   <div class='ocr_carea' id='block_1_30' title="bbox 2132 1450 3721 1528">
    <p class='ocr_par' dir='ltr' id='par_1_30' title="bbox 2132 1450 3721 1528">
     <span class='ocr_line' id='line_1_30' title="bbox 2132 1450 3721 1528; baseline -0.003 -18"><span class='ocrx_word' id='word_1_184' title='bbox 2132 1457 2337 1528; x_wconf 81' lang='grc' dir='ltr'>νήματί</span> <span class='ocrx_word' id='word_1_185' title='bbox 2369 1458 2507 1522; x_wconf 83' lang='grc' dir='ltr'>ἐστι,</span> <span class='ocrx_word' id='word_1_186' title='bbox 2548 1457 2643 1510; x_wconf 78' lang='grc' dir='ltr'>καὶ</span> <span class='ocrx_word' id='word_1_187' title='bbox 2681 1458 2780 1509; x_wconf 83' lang='grc' dir='ltr'>οὐκ</span> <span class='ocrx_word' id='word_1_188' title='bbox 2809 1455 2870 1521; x_wconf 77' lang='grc' dir='ltr'>ἐξ</span> <span class='ocrx_word' id='word_1_189' title='bbox 2897 1450 2972 1510; x_wconf 78' lang='grc' dir='ltr'>ὧν</span> <span class='ocrx_word' id='word_1_190' title='bbox 3000 1460 3028 1510; x_wconf 85' lang='grc' dir='ltr'>ὁ</span> <span class='ocrx_word' id='word_1_191' title='bbox 3067 1455 3359 1525; x_wconf 80' lang='grc' dir='ltr'>ἀγέννητος</span> <span class='ocrx_word' id='word_1_192' title='bbox 3392 1455 3525 1508; x_wconf 80' lang='grc' dir='ltr'>αὐτὸ</span> <span class='ocrx_word' id='word_1_193' title='bbox 3558 1454 3721 1523; x_wconf 63' lang='grc' dir='ltr'>ἐγένι</span> 
     </span>
    </p>
   </div>
   <div class='ocr_carea' id='block_1_31' title="bbox 2132 1532 3712 1618">
    <p class='ocr_par' dir='ltr' id='par_1_31' title="bbox 2132 1532 3712 1618">
     <span class='ocr_line' id='line_1_31' title="bbox 2132 1532 3712 1618; baseline -0.003 -18"><span class='ocrx_word' id='word_1_194' title='bbox 2132 1564 2282 1617; x_wconf 89' lang='grc' dir='ltr'>νησε.</span> <span class='ocrx_word' id='word_1_195' title='bbox 2336 1545 2606 1618; x_wconf 83' lang='grc' dir='ltr'>Γεννητὴν</span> <span class='ocrx_word' id='word_1_196' title='bbox 2645 1546 2754 1617; x_wconf 78' lang='grc' dir='ltr'>γὰρ</span> <span class='ocrx_word' id='word_1_197' title='bbox 2783 1545 2946 1615; x_wconf 90' lang='grc' dir='ltr'>φύσιν</span> <span class='ocrx_word' id='word_1_198' title='bbox 2989 1548 3046 1599; x_wconf 88' lang='grc' dir='ltr'><strong>ἐν</strong></span> <span class='ocrx_word' id='word_1_199' title='bbox 3099 1545 3378 1614; x_wconf 79' lang='grc' dir='ltr'>ἀγεννήτῳ</span> <span class='ocrx_word' id='word_1_200' title='bbox 3412 1544 3569 1614; x_wconf 67' lang='grc' dir='ltr'>οὐσίᾳ.</span> <span class='ocrx_word' id='word_1_201' title='bbox 3610 1532 3712 1595; x_wconf 66' lang='grc' dir='ltr'>οὐκ</span> 
     </span>
    </p>
   </div>
   <div class='ocr_carea' id='block_1_32' title="bbox 2133 1630 3708 1709">
    <p class='ocr_par' dir='ltr' id='par_1_32' title="bbox 2133 1630 3708 1709">
     <span class='ocr_line' id='line_1_32' title="bbox 2133 1630 3708 1709; baseline -0.003 -17"><span class='ocrx_word' id='word_1_202' title='bbox 2133 1638 2405 1709; x_wconf 87' lang='grc' dir='ltr'>ἐνδέχεται</span> <span class='ocrx_word' id='word_1_203' title='bbox 2436 1634 2601 1692; x_wconf 76' lang='grc' dir='ltr'>εἶναι’</span> <span class='ocrx_word' id='word_1_204' title='bbox 2633 1638 2694 1691; x_wconf 86' lang='grc' dir='ltr'>τὸ</span> <span class='ocrx_word' id='word_1_205' title='bbox 2721 1637 2829 1709; x_wconf 90' lang='grc' dir='ltr'><strong>γάρ</strong></span> <span class='ocrx_word' id='word_1_206' title='bbox 2860 1632 2997 1690; x_wconf 78' lang='grc' dir='ltr'>εἶναί</span> <span class='ocrx_word' id='word_1_207' title='bbox 3032 1636 3093 1689; x_wconf 78' lang='grc' dir='ltr'><strong>τέ</strong></span> <span class='ocrx_word' id='word_1_208' title='bbox 3132 1637 3272 1698; x_wconf 83' lang='grc' dir='ltr'>ἐστι,</span> <span class='ocrx_word' id='word_1_209' title='bbox 3307 1635 3401 1689; x_wconf 73' lang='grc' dir='ltr'>καὶ</span> <span class='ocrx_word' id='word_1_210' title='bbox 3434 1633 3508 1705; x_wconf 84' lang='grc' dir='ltr'>μὴ</span> <span class='ocrx_word' id='word_1_211' title='bbox 3548 1630 3708 1690; x_wconf 73' lang='grc' dir='ltr'>εἶναι.</span> 
     </span>
    </p>
   </div>
   <div class='ocr_carea' id='block_1_33' title="bbox 2133 1726 3723 1802">
    <p class='ocr_par' dir='ltr' id='par_1_33' title="bbox 2133 1726 3723 1802">
     <span class='ocr_line' id='line_1_33' title="bbox 2133 1726 3723 1802; baseline -0.003 -20"><span class='ocrx_word' id='word_1_212' title='bbox 2133 1729 2386 1801; x_wconf 84' lang='grc' dir='ltr'>Γέννημα</span> <span class='ocrx_word' id='word_1_213' title='bbox 2419 1729 2528 1802; x_wconf 88' lang='grc' dir='ltr'><strong>γάρ</strong></span> <span class='ocrx_word' id='word_1_214' title='bbox 2549 1728 2843 1800; x_wconf 84' lang='grc' dir='ltr'>ἀγέννητον</span> <span class='ocrx_word' id='word_1_215' title='bbox 2870 1730 2969 1783; x_wconf 85' lang='grc' dir='ltr'><strong>οὑκ</strong></span> <span class='ocrx_word' id='word_1_216' title='bbox 3002 1727 3150 1781; x_wconf 77' lang='grc' dir='ltr'>ἐστι’</span> <span class='ocrx_word' id='word_1_217' title='bbox 3193 1742 3287 1781; x_wconf 85' lang='grc' dir='ltr'><strong>και</strong></span> <span class='ocrx_word' id='word_1_218' title='bbox 3327 1727 3619 1797; x_wconf 78' lang='grc' dir='ltr'>ἀγέννητον</span> <span class='ocrx_word' id='word_1_219' title='bbox 3650 1726 3723 1778; x_wconf 78' lang='grc' dir='ltr'>ὃν</span> 
     </span>
    </p>
   </div>
   <div class='ocr_carea' id='block_1_34' title="bbox 449 1816 2030 1901">
    <p class='ocr_par' dir='ltr' id='par_1_34' title="bbox 449 1816 2030 1901">
     <span class='ocr_line' id='line_1_34' title="bbox 449 1816 2030 1901; baseline -0.009 -18"><span class='ocrx_word' id='word_1_220' title='bbox 449 1830 749 1901; x_wconf 79' lang='lat' dir='ltr'><strong>ingenitum</strong></span> <span class='ocrx_word' id='word_1_221' title='bbox 786 1843 893 1882; x_wconf 90' lang='lat' dir='ltr'><strong>non</strong></span> <span class='ocrx_word' id='word_1_222' title='bbox 940 1834 1058 1891; x_wconf 90' lang='lat' dir='ltr'><strong>est,</strong></span> <span class='ocrx_word' id='word_1_223' title='bbox 1108 1836 1165 1879; x_wconf 91' lang='lat' dir='ltr'><strong>et</strong></span> <span class='ocrx_word' id='word_1_224' title='bbox 1207 1822 1353 1894; x_wconf 88' lang='lat' dir='ltr'><strong>quod</strong></span> <span class='ocrx_word' id='word_1_225' title='bbox 1396 1820 1699 1891; x_wconf 84' lang='lat' dir='ltr'><strong>ingenitum</strong></span> <span class='ocrx_word' id='word_1_226' title='bbox 1730 1824 1835 1883; x_wconf 86' lang='lat' dir='ltr'><strong>est,</strong></span> <span class='ocrx_word' id='word_1_227' title='bbox 1877 1816 2030 1887; x_wconf 84' lang='lat' dir='ltr'><strong>geni-</strong></span> 
     </span>
    </p>
   </div>
   <div class='ocr_carea' id='block_1_35' title="bbox 2134 1816 3709 1901">
    <p class='ocr_par' dir='ltr' id='par_1_35' title="bbox 2134 1816 3709 1892">
     <span class='ocr_line' id='line_1_35' title="bbox 2134 1816 3709 1892; baseline -0.001 -20"><span class='ocrx_word' id='word_1_228' title='bbox 2134 1819 2378 1892; x_wconf 84' lang='grc' dir='ltr'>γέννημα</span> <span class='ocrx_word' id='word_1_229' title='bbox 2422 1821 2523 1873; x_wconf 83' lang='grc' dir='ltr'><strong>οὑκ</strong></span> <span class='ocrx_word' id='word_1_230' title='bbox 2569 1816 2676 1890; x_wconf 83' lang='grc' dir='ltr'><strong>ἦν·</strong></span> <span class='ocrx_word' id='word_1_231' title='bbox 2720 1819 2814 1872; x_wconf 82' lang='grc' dir='ltr'>τοῦ</span> <span class='ocrx_word' id='word_1_232' title='bbox 2872 1819 3128 1890; x_wconf 88' lang='grc' dir='ltr'>ἀνομοίου</span> <span class='ocrx_word' id='word_1_233' title='bbox 3180 1819 3379 1890; x_wconf 84' lang='grc' dir='ltr'>μέρους</span> <span class='ocrx_word' id='word_1_234' title='bbox 3429 1819 3521 1871; x_wconf 77' lang='grc' dir='ltr'>ἐπὶ</span> <span class='ocrx_word' id='word_1_235' title='bbox 3574 1817 3709 1870; x_wconf 75' lang='grc' dir='ltr'>Θεοῦ</span> 
     </span>
    </p>
   </div>
   <div class='ocr_carea' id='block_1_36' title="bbox 449 1907 2029 1986">
    <p class='ocr_par' dir='ltr' id='par_1_36' title="bbox 449 1907 2029 1986">
     <span class='ocr_line' id='line_1_36' title="bbox 449 1907 2029 1986; baseline -0.009 -10"><span class='ocrx_word' id='word_1_236' title='bbox 449 1922 623 1976; x_wconf 90' lang='lat' dir='ltr'><strong>nitum</strong></span> <span class='ocrx_word' id='word_1_237' title='bbox 678 1936 784 1974; x_wconf 91' lang='lat' dir='ltr'><strong>non</strong></span> <span class='ocrx_word' id='word_1_238' title='bbox 832 1918 953 1972; x_wconf 81' lang='lat' dir='ltr'><strong>fuit.</strong></span> <span class='ocrx_word' id='word_1_239' title='bbox 999 1916 1209 1986; x_wconf 79' lang='lat' dir='ltr'><strong>Quippe</strong></span> <span class='ocrx_word' id='word_1_240' title='bbox 1257 1913 1580 1969; x_wconf 78' lang='lat' dir='ltr'><strong>dissimilem</strong></span> <span class='ocrx_word' id='word_1_241' title='bbox 1632 1909 1870 1980; x_wconf 87' lang='lat' dir='ltr'><strong>aliquam</strong></span> <span class='ocrx_word' id='word_1_242' title='bbox 1918 1907 2029 1962; x_wconf 89' lang='lat' dir='ltr'><strong>Deo</strong></span> 
     </span>
    </p>
   </div>
   <div class='ocr_carea' id='block_1_37' title="bbox 450 1998 2031 2082">
    <p class='ocr_par' dir='ltr' id='par_1_37' title="bbox 450 1998 2031 2082">
     <span class='ocr_line' id='line_1_37' title="bbox 450 1998 2031 2082; baseline -0.008 -17"><span class='ocrx_word' id='word_1_243' title='bbox 450 2019 661 2082; x_wconf 88' lang='lat' dir='ltr'><strong>partem</strong></span> <span class='ocrx_word' id='word_1_244' title='bbox 699 2010 937 2063; x_wconf 88' lang='lat' dir='ltr'><strong>tribuere</strong></span> <span class='ocrx_word' id='word_1_245' title='bbox 973 2006 1247 2061; x_wconf 87' lang='lat' dir='ltr'><strong>maledicti</strong></span> <span class='ocrx_word' id='word_1_246' title='bbox 1292 2007 1347 2058; x_wconf 90' lang='lat' dir='ltr'><strong>in</strong></span> <span class='ocrx_word' id='word_1_247' title='bbox 1396 2017 1520 2058; x_wconf 91' lang='lat' dir='ltr'><strong>eum</strong></span> <span class='ocrx_word' id='word_1_248' title='bbox 1566 2015 1631 2054; x_wconf 87' lang='lat' dir='ltr'><strong>ac</strong></span> <span class='ocrx_word' id='word_1_249' title='bbox 1685 1998 2031 2054; x_wconf 76' lang='lat' dir='ltr'><strong>contumelia:</strong></span> 
     </span>
    </p>
   </div>
   <div class='ocr_carea' id='block_1_38' title="bbox 449 2089 2029 2171">
    <p class='ocr_par' dir='ltr' id='par_1_38' title="bbox 449 2089 2029 2171">
     <span class='ocr_line' id='line_1_38' title="bbox 449 2089 2029 2171; baseline -0.011 -13"><span class='ocrx_word' id='word_1_250' title='bbox 449 2103 683 2171; x_wconf 74' lang='lat' dir='ltr'><strong>speciem</strong></span> <span class='ocrx_word' id='word_1_251' title='bbox 713 2101 950 2170; x_wconf 73' lang='lat' dir='ltr'><strong>praefert.</strong></span> <span class='ocrx_word' id='word_1_252' title='bbox 987 2117 1005 2151; x_wconf 75' lang='grc' dir='ltr'><strong>ι</strong></span> <span class='ocrx_word' id='word_1_253' title='bbox 1036 2097 1111 2152; x_wconf 77' lang='lat' dir='ltr'><strong>Ex</strong></span> <span class='ocrx_word' id='word_1_254' title='bbox 1132 2098 1328 2166; x_wconf 87' lang='lat' dir='ltr'><strong>quibus</strong></span> <span class='ocrx_word' id='word_1_255' title='bbox 1358 2094 1493 2148; x_wconf 80' lang='lat' dir='ltr'><strong>falsa</strong></span> <span class='ocrx_word' id='word_1_256' title='bbox 1524 2093 1669 2146; x_wconf 91' lang='lat' dir='ltr'><strong>illius</strong></span> <span class='ocrx_word' id='word_1_257' title='bbox 1704 2105 1769 2144; x_wconf 86' lang='lat' dir='ltr'><strong>ac</strong></span> <span class='ocrx_word' id='word_1_258' title='bbox 1803 2089 2029 2144; x_wconf 81' lang='lat' dir='ltr'><strong>menda-</strong></span> 
     </span>
    </p>
   </div>
   <div class='ocr_carea' id='block_1_39' title="bbox 449 2180 2031 2252">
    <p class='ocr_par' dir='ltr' id='par_1_39' title="bbox 449 2180 2031 2252">
     <span class='ocr_line' id='line_1_39' title="bbox 449 2180 2031 2252; baseline -0.009 -5"><span class='ocrx_word' id='word_1_259' title='bbox 449 2193 556 2248; x_wconf 88' lang='lat' dir='ltr'><strong>ciis</strong></span> <span class='ocrx_word' id='word_1_260' title='bbox 603 2192 804 2248; x_wconf 80' lang='lat' dir='ltr'><strong>referta</strong></span> <span class='ocrx_word' id='word_1_261' title='bbox 852 2188 1199 2243; x_wconf 89' lang='lat' dir='ltr'><strong>convincitur</strong></span> <span class='ocrx_word' id='word_1_262' title='bbox 1257 2186 1466 2249; x_wconf 86' lang='lat' dir='ltr'><strong>oratio;</strong></span> <span class='ocrx_word' id='word_1_263' title='bbox 1523 2182 1687 2252; x_wconf 86' lang='lat' dir='ltr'><strong>idque</strong></span> <span class='ocrx_word' id='word_1_264' title='bbox 1740 2180 2031 2250; x_wconf 83' lang='lat' dir='ltr'><strong>perspicue</strong></span> 
     </span>
    </p>
   </div>
   <div class='ocr_carea' id='block_1_40' title="bbox 449 2273 2026 2347">
    <p class='ocr_par' dir='ltr' id='par_1_40' title="bbox 449 2273 2026 2347">
     <span class='ocr_line' id='line_1_40' title="bbox 449 2273 2026 2347; baseline -0.008 -10"><span class='ocrx_word' id='word_1_265' title='bbox 449 2281 1026 2347; x_wconf 86' lang='lat' dir='ltr'><strong>constat,dissimilem</strong></span> <span class='ocrx_word' id='word_1_266' title='bbox 1072 2278 1250 2332; x_wconf 84' lang='lat' dir='ltr'><strong>Patris</strong></span> <span class='ocrx_word' id='word_1_267' title='bbox 1289 2292 1412 2332; x_wconf 90' lang='lat' dir='ltr'><strong>esse</strong></span> <span class='ocrx_word' id='word_1_268' title='bbox 1459 2273 1653 2329; x_wconf 85' lang='lat' dir='ltr'><strong>Filium</strong></span> <span class='ocrx_word' id='word_1_269' title='bbox 1697 2289 1805 2327; x_wconf 90' lang='lat' dir='ltr'><strong>non</strong></span> <span class='ocrx_word' id='word_1_270' title='bbox 1844 2285 2026 2341; x_wconf 86' lang='lat' dir='ltr'><strong>posse,</strong></span> 
     </span>
    </p>
   </div>
   <div class='ocr_carea' id='block_1_41' title="bbox 452 2361 2027 2444">
    <p class='ocr_par' dir='ltr' id='par_1_41' title="bbox 452 2361 2027 2444">
     <span class='ocr_line' id='line_1_41' title="bbox 452 2361 2027 2444; baseline -0.01 -15"><span class='ocrx_word' id='word_1_271' title='bbox 452 2389 629 2444; x_wconf 82' lang='lat' dir='ltr'><strong>neque</strong></span> <span class='ocrx_word' id='word_1_272' title='bbox 657 2375 911 2444; x_wconf 71' lang='lat' dir='ltr'><strong>perfectae</strong></span> <span class='ocrx_word' id='word_1_273' title='bbox 940 2371 1208 2427; x_wconf 83' lang='lat' dir='ltr'><strong>divinitati</strong></span> <span class='ocrx_word' id='word_1_274' title='bbox 1245 2369 1392 2423; x_wconf 90' lang='lat' dir='ltr'><strong>illius</strong></span> <span class='ocrx_word' id='word_1_275' title='bbox 1435 2365 1774 2436; x_wconf 65' lang='lat' dir='ltr'><strong>inaequalem.</strong></span> <span class='ocrx_word' id='word_1_276' title='bbox 1816 2361 2027 2418; x_wconf 78' lang='lat' dir='ltr'><strong>Etenim</strong></span> 
     </span>
    </p>
   </div>
   <div class='ocr_carea' id='block_1_42' title="bbox 451 2453 2031 2533">
    <p class='ocr_par' dir='ltr' id='par_1_42' title="bbox 451 2453 2031 2533">
     <span class='ocr_line' id='line_1_42' title="bbox 451 2453 2031 2533; baseline -0.008 -16"><span class='ocrx_word' id='word_1_277' title='bbox 451 2479 573 2533; x_wconf 62' lang='lat' dir='ltr'><strong>quas</strong></span> <span class='ocrx_word' id='word_1_278' title='bbox 603 2465 826 2518; x_wconf 85' lang='lat' dir='ltr'><strong>omnino</strong></span> <span class='ocrx_word' id='word_1_279' title='bbox 868 2465 1014 2517; x_wconf 87' lang='lat' dir='ltr'><strong>velut</strong></span> <span class='ocrx_word' id='word_1_280' title='bbox 1047 2471 1269 2515; x_wconf 85' lang='lat' dir='ltr'><strong>coactus</strong></span> <span class='ocrx_word' id='word_1_281' title='bbox 1301 2458 1596 2528; x_wconf 87' lang='lat' dir='ltr'><strong>eloquitur,</strong></span> <span class='ocrx_word' id='word_1_282' title='bbox 1636 2469 1701 2509; x_wconf 89' lang='lat' dir='ltr'><strong>ea</strong></span> <span class='ocrx_word' id='word_1_283' title='bbox 1746 2453 2031 2507; x_wconf 64' lang='lat' dir='ltr'><strong>sententiae</strong></span> 
     </span>
    </p>
   </div>
   <div class='ocr_carea' id='block_1_43' title="bbox 451 2544 2032 2617">
    <p class='ocr_par' dir='ltr' id='par_1_43' title="bbox 451 2544 2032 2617">
     <span class='ocr_line' id='line_1_43' title="bbox 451 2544 2032 2617; baseline -0.008 -7"><span class='ocrx_word' id='word_1_284' title='bbox 451 2570 569 2610; x_wconf 68' lang='lat' dir='ltr'><strong>suae</strong></span> <span class='ocrx_word' id='word_1_285' title='bbox 598 2553 872 2610; x_wconf 83' lang='lat' dir='ltr'><strong>contraria</strong></span> <span class='ocrx_word' id='word_1_286' title='bbox 905 2553 1150 2616; x_wconf 82' lang='lat' dir='ltr'><strong>disserit,</strong></span> <span class='ocrx_word' id='word_1_287' title='bbox 1182 2552 1311 2605; x_wconf 93' lang='lat' dir='ltr'><strong>dum</strong></span> <span class='ocrx_word' id='word_1_288' title='bbox 1347 2549 1567 2605; x_wconf 86' lang='lat' dir='ltr'><strong>assidue</strong></span> <span class='ocrx_word' id='word_1_289' title='bbox 1595 2547 1835 2617; x_wconf 81' lang='lat' dir='ltr'><strong>genitum</strong></span> <span class='ocrx_word' id='word_1_290' title='bbox 1862 2552 1918 2600; x_wconf 88' lang='lat' dir='ltr'><strong>et</strong></span> <span class='ocrx_word' id='word_1_291' title='bbox 1953 2544 2032 2598; x_wconf 87' lang='lat' dir='ltr'><strong>in-</strong></span> 
     </span>
    </p>
   </div>
   <div class='ocr_carea' id='block_1_44' title="bbox 448 2637 2028 2717">
    <p class='ocr_par' dir='ltr' id='par_1_44' title="bbox 448 2637 2028 2717">
     <span class='ocr_line' id='line_1_44' title="bbox 448 2637 2028 2717; baseline -0.008 -16"><span class='ocrx_word' id='word_1_292' title='bbox 448 2647 695 2717; x_wconf 87' lang='lat' dir='ltr'><strong>genitum</strong></span> <span class='ocrx_word' id='word_1_293' title='bbox 729 2646 886 2700; x_wconf 89' lang='lat' dir='ltr'><strong>nobis</strong></span> <span class='ocrx_word' id='word_1_294' title='bbox 925 2643 1171 2699; x_wconf 82' lang='lat' dir='ltr'><strong>obtrudit</strong></span> <span class='ocrx_word' id='word_1_295' title='bbox 1200 2660 1214 2698; x_wconf 89' lang='lat'><strong>:</strong></span> <span class='ocrx_word' id='word_1_296' title='bbox 1245 2640 1390 2696; x_wconf 83' lang='lat' dir='ltr'><strong>unde</strong></span> <span class='ocrx_word' id='word_1_297' title='bbox 1415 2647 1470 2695; x_wconf 92' lang='lat' dir='ltr'><strong>et</strong></span> <span class='ocrx_word' id='word_1_298' title='bbox 1494 2638 1646 2710; x_wconf 82' lang='lat' dir='ltr'><strong>quod</strong></span> <span class='ocrx_word' id='word_1_299' title='bbox 1682 2637 1750 2691; x_wconf 87' lang='lat' dir='ltr'><strong>ad</strong></span> <span class='ocrx_word' id='word_1_300' title='bbox 1783 2643 2028 2691; x_wconf 73' lang='lat' dir='ltr'><strong>creatum</strong></span> 
     </span>
    </p>
   </div>
   <div class='ocr_carea' id='block_1_45' title="bbox 448 2718 2028 2809">
    <p class='ocr_par' dir='ltr' id='par_1_45' title="bbox 448 2718 2028 2809">
     <span class='ocr_line' id='line_1_45' title="bbox 448 2718 2028 2809; baseline -0.008 -15"><span class='ocrx_word' id='word_1_301' title='bbox 448 2739 861 2809; x_wconf 84' lang='lat' dir='ltr'><strong>increatumque</strong></span> <span class='ocrx_word' id='word_1_302' title='bbox 891 2743 1122 2806; x_wconf 87' lang='lat' dir='ltr'><strong>spectat,</strong></span> <span class='ocrx_word' id='word_1_303' title='bbox 1165 2733 1297 2789; x_wconf 89' lang='lat' dir='ltr'><strong>illud</strong></span> <span class='ocrx_word' id='word_1_304' title='bbox 1332 2748 1441 2787; x_wconf 89' lang='lat' dir='ltr'><strong>una</strong></span> <span class='ocrx_word' id='word_1_305' title='bbox 1480 2718 1699 2786; x_wconf 83' lang='lat' dir='ltr'><strong>discere</strong></span> <span class='ocrx_word' id='word_1_306' title='bbox 1730 2729 1913 2793; x_wconf 86' lang='lat' dir='ltr'><strong>debet,</strong></span> <span class='ocrx_word' id='word_1_307' title='bbox 1946 2730 2028 2782; x_wconf 85' lang='lat' dir='ltr'><strong>al-</strong></span> 
     </span>
    </p>
   </div>
   <div class='ocr_carea' id='block_1_46' title="bbox 450 2820 2027 2895">
    <p class='ocr_par' dir='ltr' id='par_1_46' title="bbox 450 2820 2027 2895">
     <span class='ocr_line' id='line_1_46' title="bbox 450 2820 2027 2895; baseline -0.008 -11"><span class='ocrx_word' id='word_1_308' title='bbox 450 2836 626 2884; x_wconf 89' lang='lat' dir='ltr'><strong>terum</strong></span> <span class='ocrx_word' id='word_1_309' title='bbox 653 2844 778 2883; x_wconf 92' lang='lat' dir='ltr'><strong>cum</strong></span> <span class='ocrx_word' id='word_1_310' title='bbox 816 2829 989 2882; x_wconf 88' lang='lat' dir='ltr'><strong>altero</strong></span> <span class='ocrx_word' id='word_1_311' title='bbox 1016 2827 1222 2881; x_wconf 89' lang='lat' dir='ltr'><strong>nullam</strong></span> <span class='ocrx_word' id='word_1_312' title='bbox 1261 2823 1544 2895; x_wconf 77' lang='lat' dir='ltr'><strong>dignitatis</strong></span> <span class='ocrx_word' id='word_1_313' title='bbox 1588 2820 2027 2876; x_wconf 84' lang='lat' dir='ltr'><strong>communionem</strong></span> 
     </span>
    </p>
   </div>
   <div class='ocr_carea' id='block_1_47' title="bbox 450 2908 2031 2989">
    <p class='ocr_par' dir='ltr' id='par_1_47' title="bbox 450 2908 2031 2989">
     <span class='ocr_line' id='line_1_47' title="bbox 450 2908 2031 2989; baseline -0.007 -16"><span class='ocrx_word' id='word_1_314' title='bbox 450 2919 687 2987; x_wconf 86' lang='lat' dir='ltr'><strong>habere;</strong></span> <span class='ocrx_word' id='word_1_315' title='bbox 717 2935 841 2989; x_wconf 78' lang='lat' dir='ltr'><strong>qua:</strong></span> <span class='ocrx_word' id='word_1_316' title='bbox 884 2919 938 2972; x_wconf 91' lang='lat' dir='ltr'><strong>in</strong></span> <span class='ocrx_word' id='word_1_317' title='bbox 981 2934 1046 2973; x_wconf 91' lang='lat' dir='ltr'><strong>eo</strong></span> <span class='ocrx_word' id='word_1_318' title='bbox 1083 2917 1259 2987; x_wconf 86' lang='lat' dir='ltr'><strong>posita</strong></span> <span class='ocrx_word' id='word_1_319' title='bbox 1297 2922 1403 2979; x_wconf 86' lang='lat' dir='ltr'><strong>est,</strong></span> <span class='ocrx_word' id='word_1_320' title='bbox 1436 2922 1497 2967; x_wconf 91' lang='lat' dir='ltr'><strong>ut</strong></span> <span class='ocrx_word' id='word_1_321' title='bbox 1527 2918 1698 2966; x_wconf 88' lang='lat' dir='ltr'><strong>totum</strong></span> <span class='ocrx_word' id='word_1_322' title='bbox 1729 2910 1803 2966; x_wconf 91' lang='lat' dir='ltr'><strong>sit</strong></span> <span class='ocrx_word' id='word_1_323' title='bbox 1842 2908 2031 2981; x_wconf 83' lang='lat' dir='ltr'><strong>adora-</strong></span> 
     </span>
    </p>
   </div>
   <div class='ocr_carea' id='block_1_48' title="bbox 448 3000 2030 3078">
    <p class='ocr_par' dir='ltr' id='par_1_48' title="bbox 448 3000 2030 3078">
     <span class='ocr_line' id='line_1_48' title="bbox 448 3000 2030 3078; baseline -0.005 -17"><span class='ocrx_word' id='word_1_324' title='bbox 448 3009 597 3064; x_wconf 90' lang='lat' dir='ltr'><strong>tione</strong></span> <span class='ocrx_word' id='word_1_325' title='bbox 642 3008 1105 3078; x_wconf 88' lang='lat' dir='ltr'><strong>prosequendum.</strong></span> <span class='ocrx_word' id='word_1_326' title='bbox 1155 3006 1214 3060; x_wconf 88' lang='lat' dir='ltr'><strong>Si</strong></span> <span class='ocrx_word' id='word_1_327' title='bbox 1265 3005 1412 3060; x_wconf 90' lang='lat' dir='ltr'><strong>enim</strong></span> <span class='ocrx_word' id='word_1_328' title='bbox 1438 3002 1584 3073; x_wconf 87' lang='lat' dir='ltr'><strong>quod</strong></span> <span class='ocrx_word' id='word_1_329' title='bbox 1634 3000 1900 3057; x_wconf 82' lang='lat' dir='ltr'><strong>dissimile</strong></span> <span class='ocrx_word' id='word_1_330' title='bbox 1944 3006 2030 3054; x_wconf 90' lang='lat' dir='ltr'><strong>est</strong></span> 
     </span>
    </p>
   </div>
   <div class='ocr_carea' id='block_1_49' title="bbox 449 3089 2030 3169">
    <p class='ocr_par' dir='ltr' id='par_1_49' title="bbox 449 3089 2030 3169">
     <span class='ocr_line' id='line_1_49' title="bbox 449 3089 2030 3169; baseline -0.008 -17"><span class='ocrx_word' id='word_1_331' title='bbox 449 3114 575 3152; x_wconf 91' lang='lat' dir='ltr'><strong>cum</strong></span> <span class='ocrx_word' id='word_1_332' title='bbox 602 3115 687 3162; x_wconf 88' lang='lat' dir='ltr'><strong>eo,</strong></span> <span class='ocrx_word' id='word_1_333' title='bbox 717 3099 879 3169; x_wconf 84' lang='lat' dir='ltr'><strong>cujus</strong></span> <span class='ocrx_word' id='word_1_334' title='bbox 918 3097 1191 3153; x_wconf 89' lang='lat' dir='ltr'><strong>dissimile</strong></span> <span class='ocrx_word' id='word_1_335' title='bbox 1214 3095 1692 3162; x_wconf 73' lang='lat' dir='ltr'><strong>est,adtequatum,</strong></span> <span class='ocrx_word' id='word_1_336' title='bbox 1714 3090 1932 3161; x_wconf 84' lang='lat' dir='ltr'><strong>penitus</strong></span> <span class='ocrx_word' id='word_1_337' title='bbox 1959 3089 2030 3143; x_wconf 89' lang='lat' dir='ltr'><strong>sit</strong></span> 
     </span>
    </p>
   </div>
   <div class='ocr_carea' id='block_1_50' title="bbox 2137 1909 3712 1983">
    <p class='ocr_par' dir='ltr' id='par_1_50' title="bbox 2137 1909 3712 1983">
     <span class='ocr_line' id='line_1_50' title="bbox 2137 1909 3712 1983; baseline -0.002 -18"><span class='ocrx_word' id='word_1_338' title='bbox 2137 1912 2484 1983; x_wconf 84' lang='grc' dir='ltr'>βλασφημίας</span> <span class='ocrx_word' id='word_1_339' title='bbox 2514 1912 2687 1965; x_wconf 80' lang='grc' dir='ltr'>τύπον</span> <span class='ocrx_word' id='word_1_340' title='bbox 2720 1912 2817 1965; x_wconf 76' lang='grc' dir='ltr'>καὶ</span> <span class='ocrx_word' id='word_1_341' title='bbox 2867 1910 3023 1982; x_wconf 67' lang='grc' dir='ltr'>ὓϐριν</span> <span class='ocrx_word' id='word_1_342' title='bbox 3055 1914 3363 1982; x_wconf 68' lang='grc' dir='ltr'>ἐπέχοντος.</span> <span class='ocrx_word' id='word_1_343' title='bbox 3389 1931 3409 1964; x_wconf 73' lang='grc' dir='ltr'><strong>ι</strong></span> <span class='ocrx_word' id='word_1_344' title='bbox 3437 1912 3600 1964; x_wconf 79' lang='grc' dir='ltr'>Ὥστε</span> <span class='ocrx_word' id='word_1_345' title='bbox 3651 1909 3712 1973; x_wconf 76' lang='grc' dir='ltr'>ἐξ</span> 
     </span>
    </p>
   </div>
   <div class='ocr_carea' id='block_1_51' title="bbox 2135 2002 3715 2076">
    <p class='ocr_par' dir='ltr' id='par_1_51' title="bbox 2135 2002 3715 2076">
     <span class='ocr_line' id='line_1_51' title="bbox 2135 2002 3715 2076; baseline -0.002 -18"><span class='ocrx_word' id='word_1_346' title='bbox 2135 2006 2372 2067; x_wconf 74' lang='grc' dir='ltr'>ἅπαντος</span> <span class='ocrx_word' id='word_1_347' title='bbox 2403 2004 2721 2076; x_wconf 73' lang='grc' dir='ltr'>ἐλέγχεσθαι</span> <span class='ocrx_word' id='word_1_348' title='bbox 2742 2005 2808 2059; x_wconf 76' lang='grc' dir='ltr'><strong>τά</strong></span> <span class='ocrx_word' id='word_1_349' title='bbox 2843 2006 2942 2076; x_wconf 78' lang='grc' dir='ltr'><strong>τῆς</strong></span> <span class='ocrx_word' id='word_1_350' title='bbox 2975 2007 3398 2076; x_wconf 79' lang='grc' dir='ltr'>παραποιήσεως</span> <span class='ocrx_word' id='word_1_351' title='bbox 3435 2005 3575 2074; x_wconf 90' lang='grc' dir='ltr'>μέρη</span> <span class='ocrx_word' id='word_1_352' title='bbox 3603 2002 3715 2056; x_wconf 89' lang='grc' dir='ltr'><strong>τῶν</strong></span> 
     </span>
    </p>
   </div>
   <div class='ocr_carea' id='block_1_52' title="bbox 2134 2093 3713 2169">
    <p class='ocr_par' dir='ltr' id='par_1_52' title="bbox 2134 2093 3713 2169">
     <span class='ocr_line' id='line_1_52' title="bbox 2134 2093 3713 2169; baseline 0 -21"><span class='ocrx_word' id='word_1_353' title='bbox 2134 2096 2326 2166; x_wconf 86' lang='grc' dir='ltr'>λόγων,</span> <span class='ocrx_word' id='word_1_354' title='bbox 2352 2098 2429 2160; x_wconf 84' lang='grc' dir='ltr'>ὼς</span> <span class='ocrx_word' id='word_1_355' title='bbox 2459 2099 2559 2151; x_wconf 80' lang='grc' dir='ltr'>οὐκ</span> <span class='ocrx_word' id='word_1_356' title='bbox 2589 2098 2864 2169; x_wconf 85' lang='grc' dir='ltr'>ἐνδέχεται</span> <span class='ocrx_word' id='word_1_357' title='bbox 2905 2097 3158 2166; x_wconf 86' lang='grc' dir='ltr'>ἀνόμοιον</span> <span class='ocrx_word' id='word_1_358' title='bbox 3189 2093 3329 2152; x_wconf 79' lang='grc' dir='ltr'>εἶναι</span> <span class='ocrx_word' id='word_1_359' title='bbox 3360 2097 3451 2150; x_wconf 83' lang='grc' dir='ltr'>τὸν</span> <span class='ocrx_word' id='word_1_360' title='bbox 3468 2096 3597 2149; x_wconf 75' lang='grc' dir='ltr'>Υίδν</span> <span class='ocrx_word' id='word_1_361' title='bbox 3633 2095 3713 2165; x_wconf 85' lang='grc' dir='ltr'><strong>τῷ</strong></span> 
     </span>
    </p>
   </div>
   <div class='ocr_carea' id='block_1_53' title="bbox 2135 2186 3707 2261">
    <p class='ocr_par' dir='ltr' id='par_1_53' title="bbox 2135 2186 3707 2261">
     <span class='ocr_line' id='line_1_53' title="bbox 2135 2186 3707 2261; baseline -0.002 -20"><span class='ocrx_word' id='word_1_362' title='bbox 2135 2190 2328 2261; x_wconf 74' lang='grc' dir='ltr'>Πατρὶ.</span> <span class='ocrx_word' id='word_1_363' title='bbox 2377 2189 2485 2242; x_wconf 75' lang='grc' dir='ltr'>οὐδ’</span> <span class='ocrx_word' id='word_1_364' title='bbox 2516 2190 2698 2243; x_wconf 84' lang='grc' dir='ltr'>ἀνισον</span> <span class='ocrx_word' id='word_1_365' title='bbox 2736 2190 2835 2260; x_wconf 86' lang='grc' dir='ltr'><strong>τῆς</strong></span> <span class='ocrx_word' id='word_1_366' title='bbox 2861 2188 3025 2242; x_wconf 82' lang='grc' dir='ltr'>αὑτοῦ</span> <span class='ocrx_word' id='word_1_367' title='bbox 3072 2188 3286 2252; x_wconf 80' lang='grc' dir='ltr'>τελείας</span> <span class='ocrx_word' id='word_1_368' title='bbox 3331 2188 3605 2259; x_wconf 77' lang='grc' dir='ltr'>θεότητος.</span> <span class='ocrx_word' id='word_1_369' title='bbox 3644 2186 3707 2239; x_wconf 84' lang='grc' dir='ltr'><strong>Εἰ</strong></span> 
     </span>
    </p>
   </div>
   <div class='ocr_carea' id='block_1_54' title="bbox 2133 2280 3712 2354">
    <p class='ocr_par' dir='ltr' id='par_1_54' title="bbox 2133 2280 3712 2354">
     <span class='ocr_line' id='line_1_54' title="bbox 2133 2280 3712 2354; baseline -0.003 -19"><span class='ocrx_word' id='word_1_370' title='bbox 2133 2282 2243 2353; x_wconf 73' lang='grc' dir='ltr'><strong>γὰρ</strong></span> <span class='ocrx_word' id='word_1_371' title='bbox 2276 2283 2411 2345; x_wconf 83' lang='grc' dir='ltr'>ὅλως</span> <span class='ocrx_word' id='word_1_372' title='bbox 2451 2282 2649 2351; x_wconf 80' lang='grc' dir='ltr'>φάσκει</span> <span class='ocrx_word' id='word_1_373' title='bbox 2682 2282 3073 2354; x_wconf 81' lang='grc' dir='ltr'>βεϐιασμένως,</span> <span class='ocrx_word' id='word_1_374' title='bbox 3113 2282 3236 2336; x_wconf 82' lang='grc' dir='ltr'>καθ’</span> <span class='ocrx_word' id='word_1_375' title='bbox 3266 2281 3461 2335; x_wconf 82' lang='grc' dir='ltr'>ἐαυτοῦ</span> <span class='ocrx_word' id='word_1_376' title='bbox 3508 2280 3564 2333; x_wconf 87' lang='grc' dir='ltr'>δὲ</span> <span class='ocrx_word' id='word_1_377' title='bbox 3590 2281 3712 2332; x_wconf 83' lang='grc' dir='ltr'>ἐπι-</span> 
     </span>
    </p>
   </div>
   <div class='ocr_carea' id='block_1_55' title="bbox 2136 2372 3723 2443">
    <p class='ocr_par' dir='ltr' id='par_1_55' title="bbox 2136 2372 3723 2443">
     <span class='ocr_line' id='line_1_55' title="bbox 2136 2372 3723 2443; baseline -0.003 -20"><span class='ocrx_word' id='word_1_378' title='bbox 2136 2372 2357 2441; x_wconf 79' lang='grc' dir='ltr'>στρέφει</span> <span class='ocrx_word' id='word_1_379' title='bbox 2385 2372 2545 2443; x_wconf 78' lang='grc' dir='ltr'>ῥητὰ,</span> <span class='ocrx_word' id='word_1_380' title='bbox 2572 2372 2607 2426; x_wconf 80' lang='grc' dir='ltr'><strong>ἀ</strong></span> <span class='ocrx_word' id='word_1_381' title='bbox 2628 2373 2916 2442; x_wconf 86' lang='grc' dir='ltr'>διηγεῖται,</span> <span class='ocrx_word' id='word_1_382' title='bbox 2940 2372 3000 2426; x_wconf 84' lang='grc' dir='ltr'>τὸ</span> <span class='ocrx_word' id='word_1_383' title='bbox 3021 2372 3279 2442; x_wconf 83' lang='grc' dir='ltr'>γεννητὸν</span> <span class='ocrx_word' id='word_1_384' title='bbox 3305 2372 3397 2425; x_wconf 74' lang='grc' dir='ltr'>καὶ</span> <span class='ocrx_word' id='word_1_385' title='bbox 3419 2372 3723 2439; x_wconf 76' lang='grc' dir='ltr'>ἀγέννητον</span> 
     </span>
    </p>
   </div>
   <div class='ocr_carea' id='block_1_56' title="bbox 2134 2459 3827 2534">
    <p class='ocr_par' dir='ltr' id='par_1_56' title="bbox 2134 2459 3827 2534">
     <span class='ocr_line' id='line_1_56' title="bbox 2134 2459 3827 2534; baseline -0.002 -18"><span class='ocrx_word' id='word_1_386' title='bbox 2134 2464 2221 2516; x_wconf 81' lang='grc' dir='ltr'>ἀεὶ</span> <span class='ocrx_word' id='word_1_387' title='bbox 2242 2464 2467 2533; x_wconf 84' lang='grc' dir='ltr'>φάσκων</span> <span class='ocrx_word' id='word_1_388' title='bbox 2483 2482 2494 2493; x_wconf 82' lang='grc'><em>’</em></span> <span class='ocrx_word' id='word_1_389' title='bbox 2520 2464 2629 2519; x_wconf 83' lang='grc' dir='ltr'>ἀπὸ</span> <span class='ocrx_word' id='word_1_390' title='bbox 2648 2463 2840 2517; x_wconf 87' lang='grc' dir='ltr'>τούτου</span> <span class='ocrx_word' id='word_1_391' title='bbox 2865 2463 3081 2534; x_wconf 89' lang='grc' dir='ltr'>μαθέτω</span> <span class='ocrx_word' id='word_1_392' title='bbox 3104 2465 3165 2518; x_wconf 80' lang='grc' dir='ltr'>τὸ</span> <span class='ocrx_word' id='word_1_393' title='bbox 3189 2463 3404 2517; x_wconf 84' lang='grc' dir='ltr'>κτιστὸν</span> <span class='ocrx_word' id='word_1_394' title='bbox 3440 2462 3533 2515; x_wconf 73' lang='grc' dir='ltr'>καὶ</span> <span class='ocrx_word' id='word_1_395' title='bbox 3560 2459 3713 2514; x_wconf 79' lang='grc' dir='ltr'>ἀκτι-</span> <span class='ocrx_word' id='word_1_396' title='bbox 3820 2472 3827 2477; x_wconf 79' lang='lat'><strong>‘</strong></span> 
     </span>
    </p>
   </div>
   <div class='ocr_carea' id='block_1_57' title="bbox 2136 2547 3721 2622">
    <p class='ocr_par' dir='ltr' id='par_1_57' title="bbox 2136 2547 3721 2622">
     <span class='ocr_line' id='line_1_57' title="bbox 2136 2547 3721 2622; baseline -0.004 -18"><span class='ocrx_word' id='word_1_397' title='bbox 2136 2568 2278 2613; x_wconf 87' lang='grc' dir='ltr'>στον,</span> <span class='ocrx_word' id='word_1_398' title='bbox 2300 2553 2380 2605; x_wconf 85' lang='grc' dir='ltr'>ὅτι</span> <span class='ocrx_word' id='word_1_399' title='bbox 2398 2552 2497 2605; x_wconf 78' lang='grc' dir='ltr'>οὐκ</span> <span class='ocrx_word' id='word_1_400' title='bbox 2515 2552 2787 2622; x_wconf 83' lang='grc' dir='ltr'>ἐνδέχεται</span> <span class='ocrx_word' id='word_1_401' title='bbox 2816 2554 3185 2605; x_wconf 79' lang='grc' dir='ltr'>ἐπικοινωνεῖν</span> <span class='ocrx_word' id='word_1_402' title='bbox 3201 2550 3359 2604; x_wconf 78' lang='grc' dir='ltr'>τοῦτο</span> <span class='ocrx_word' id='word_1_403' title='bbox 3383 2549 3557 2619; x_wconf 80' lang='grc' dir='ltr'>τούτῳ</span> <span class='ocrx_word' id='word_1_404' title='bbox 3575 2547 3721 2617; x_wconf 85' lang='grc' dir='ltr'>πρὸς</span> 
     </span>
    </p>
   </div>
   <div class='ocr_carea' id='block_1_58' title="bbox 2132 2637 3712 2713">
    <p class='ocr_par' dir='ltr' id='par_1_58' title="bbox 2132 2637 3712 2713">
     <span class='ocr_line' id='line_1_58' title="bbox 2132 2637 3712 2713; baseline -0.003 -19"><span class='ocrx_word' id='word_1_405' title='bbox 2132 2642 2194 2694; x_wconf 83' lang='grc' dir='ltr'>τὸ</span> <span class='ocrx_word' id='word_1_406' title='bbox 2226 2641 2474 2711; x_wconf 75' lang='grc' dir='ltr'>ἀξίωμα,</span> <span class='ocrx_word' id='word_1_407' title='bbox 2508 2643 2644 2713; x_wconf 85' lang='grc' dir='ltr'>ὅπερ</span> <span class='ocrx_word' id='word_1_408' title='bbox 2678 2644 2794 2695; x_wconf 68' lang='grc' dir='ltr'><strong>ἐστ)⁵</strong></span> <span class='ocrx_word' id='word_1_409' title='bbox 2824 2643 2885 2696; x_wconf 84' lang='grc' dir='ltr'>τὸ</span> <span class='ocrx_word' id='word_1_410' title='bbox 2924 2642 3043 2697; x_wconf 85' lang='grc' dir='ltr'>ὅλον</span> <span class='ocrx_word' id='word_1_411' title='bbox 3074 2641 3468 2713; x_wconf 84' lang='grc' dir='ltr'>προσκυνητόν.</span> <span class='ocrx_word' id='word_1_412' title='bbox 3503 2640 3568 2692; x_wconf 84' lang='lat' dir='ltr'><strong>El.</strong></span> <span class='ocrx_word' id='word_1_413' title='bbox 3604 2637 3712 2707; x_wconf 84' lang='grc' dir='ltr'>γὰρ</span> 
     </span>
    </p>
   </div>
   <div class='ocr_carea' id='block_1_59' title="bbox 2142 2729 3710 2804">
    <p class='ocr_par' dir='ltr' id='par_1_59' title="bbox 2142 2729 3710 2804">
     <span class='ocr_line' id='line_1_59' title="bbox 2142 2729 3710 2804; baseline -0.003 -18"><span class='ocrx_word' id='word_1_414' title='bbox 2142 2732 2277 2795; x_wconf 85' lang='grc' dir='ltr'>ὅλως</span> <span class='ocrx_word' id='word_1_415' title='bbox 2305 2733 2679 2803; x_wconf 82' lang='grc' dir='ltr'>προσκυνητδν</span> <span class='ocrx_word' id='word_1_416' title='bbox 2713 2734 2775 2787; x_wconf 85' lang='grc' dir='ltr'>τὸ</span> <span class='ocrx_word' id='word_1_417' title='bbox 2818 2734 3069 2804; x_wconf 86' lang='grc' dir='ltr'>ἀνόμοιον</span> <span class='ocrx_word' id='word_1_418' title='bbox 3122 2733 3191 2803; x_wconf 68' lang='grc' dir='ltr'><strong>δῷ</strong></span> <span class='ocrx_word' id='word_1_419' title='bbox 3225 2732 3465 2803; x_wconf 85' lang='grc' dir='ltr'>ἀνομοίῳ</span> <span class='ocrx_word' id='word_1_420' title='bbox 3505 2729 3710 2794; x_wconf 78' lang='grc' dir='ltr'>ἐξισούο</span> 
     </span>
    </p>
   </div>
   <div class='ocr_carea' id='block_1_60' title="bbox 2137 2823 3723 2894">
    <p class='ocr_par' dir='ltr' id='par_1_60' title="bbox 2137 2823 3723 2894">
     <span class='ocr_line' id='line_1_60' title="bbox 2137 2823 3723 2894; baseline 0 -18"><span class='ocrx_word' id='word_1_421' title='bbox 2137 2841 2318 2894; x_wconf 85' lang='grc' dir='ltr'>μενον,</span> <span class='ocrx_word' id='word_1_422' title='bbox 2348 2823 2532 2877; x_wconf 84' lang='grc' dir='ltr'>οὐκέτι</span> <span class='ocrx_word' id='word_1_423' title='bbox 2574 2824 2763 2878; x_wconf 89' lang='grc' dir='ltr'>διοίσει</span> <span class='ocrx_word' id='word_1_424' title='bbox 2804 2825 2959 2894; x_wconf 88' lang='grc' dir='ltr'>λόγος</span> <span class='ocrx_word' id='word_1_425' title='bbox 2984 2826 3074 2879; x_wconf 77' lang='grc' dir='ltr'><strong>τὸν</strong></span> <span class='ocrx_word' id='word_1_426' title='bbox 3106 2826 3201 2879; x_wconf 65' lang='grc' dir='ltr'>ἕνα</span> <span class='ocrx_word' id='word_1_427' title='bbox 3254 2826 3363 2879; x_wconf 76' lang='grc' dir='ltr'>ἀπὸ</span> <span class='ocrx_word' id='word_1_428' title='bbox 3409 2823 3519 2877; x_wconf 86' lang='grc' dir='ltr'><strong>τῶν</strong></span> <span class='ocrx_word' id='word_1_429' title='bbox 3546 2823 3723 2876; x_wconf 60' lang='grc' dir='ltr'>ὂλωνο*</span> 
     </span>
    </p>
   </div>
   <div class='ocr_carea' id='block_1_61' title="bbox 2134 2912 3709 2988">
    <p class='ocr_par' dir='ltr' id='par_1_61' title="bbox 2134 2912 3709 2988">
     <span class='ocr_line' id='line_1_61' title="bbox 2134 2912 3709 2988; baseline -0.006 -16"><span class='ocrx_word' id='word_1_430' title='bbox 2134 2918 2229 2985; x_wconf 80' lang='grc' dir='ltr'>τῆς</span> <span class='ocrx_word' id='word_1_431' title='bbox 2254 2916 2515 2985; x_wconf 82' lang='grc' dir='ltr'>ἀνομοίας</span> <span class='ocrx_word' id='word_1_432' title='bbox 2539 2917 2600 2968; x_wconf 84' lang='grc' dir='ltr'>οὐ</span> <span class='ocrx_word' id='word_1_433' title='bbox 2630 2916 2933 2988; x_wconf 84' lang='grc' dir='ltr'>δυναμένης</span> <span class='ocrx_word' id='word_1_434' title='bbox 2957 2919 3015 2969; x_wconf 85' lang='grc' dir='ltr'><strong>ἐν</strong></span> <span class='ocrx_word' id='word_1_435' title='bbox 3049 2915 3198 2981; x_wconf 82' lang='grc' dir='ltr'>τάξει</span> <span class='ocrx_word' id='word_1_436' title='bbox 3225 2915 3320 2970; x_wconf 82' lang='grc' dir='ltr'>τοῦ</span> <span class='ocrx_word' id='word_1_437' title='bbox 3353 2917 3523 2987; x_wconf 80' lang='grc' dir='ltr'>αὐτῆς</span> <span class='ocrx_word' id='word_1_438' title='bbox 3553 2912 3709 2979; x_wconf 75' lang='grc' dir='ltr'>ἀξιώ-</span> 
     </span>
    </p>
   </div>
   <div class='ocr_carea' id='block_1_62' title="bbox 2137 3008 3720 3080">
    <p class='ocr_par' dir='ltr' id='par_1_62' title="bbox 2137 3008 3720 3080">
     <span class='ocr_line' id='line_1_62' title="bbox 2137 3008 3720 3080; baseline 0.005 -20"><span class='ocrx_word' id='word_1_439' title='bbox 2137 3025 2305 3078; x_wconf 89' lang='grc' dir='ltr'>ματος</span> <span class='ocrx_word' id='word_1_440' title='bbox 2349 3008 2672 3074; x_wconf 88' lang='grc' dir='ltr'>τάττεσθαι,</span> <span class='ocrx_word' id='word_1_441' title='bbox 2704 3009 2806 3063; x_wconf 82' lang='grc' dir='ltr'><strong>κάν</strong></span> <span class='ocrx_word' id='word_1_442' title='bbox 2860 3026 2919 3061; x_wconf 87' lang='grc' dir='ltr'><strong>τε</strong></span> <span class='ocrx_word' id='word_1_443' title='bbox 2964 3011 3022 3062; x_wconf 86' lang='grc' dir='ltr'><strong>ἐν</strong></span> <span class='ocrx_word' id='word_1_444' title='bbox 3054 3009 3178 3080; x_wconf 82' lang='grc' dir='ltr'><strong>δόξῃ</strong></span> <span class='ocrx_word' id='word_1_445' title='bbox 3222 3009 3614 3080; x_wconf 77' lang='grc' dir='ltr'>ὑπερϐάλλοιτο</span> <span class='ocrx_word' id='word_1_446' title='bbox 3656 3016 3720 3069; x_wconf 77' lang='lat' dir='ltr'>1b</span> 
     </span>
    </p>
   </div>
   <div class='ocr_carea' id='block_1_63' title="bbox 2134 3098 3713 3174">
    <p class='ocr_par' dir='ltr' id='par_1_63' title="bbox 2134 3098 3713 3174">
     <span class='ocr_line' id='line_1_63' title="bbox 2134 3098 3713 3174; baseline 0.004 -23"><span class='ocrx_word' id='word_1_447' title='bbox 2134 3099 2240 3152; x_wconf 77' lang='grc' dir='ltr'><strong>ἀπὸ</strong></span> <span class='ocrx_word' id='word_1_448' title='bbox 2272 3099 2489 3153; x_wconf 79' lang='grc' dir='ltr'>πάντων</span> <span class='ocrx_word' id='word_1_449' title='bbox 2520 3098 2577 3152; x_wconf 76' lang='grc' dir='ltr'>ἓν</span> <span class='ocrx_word' id='word_1_450' title='bbox 2619 3100 2787 3155; x_wconf 74' lang='grc' dir='ltr'>ὄντων</span> <span class='ocrx_word' id='word_1_451' title='bbox 2824 3102 3094 3172; x_wconf 84' lang='grc' dir='ltr'>ἀνομοίων</span> <span class='ocrx_word' id='word_1_452' title='bbox 3139 3101 3275 3172; x_wconf 75' lang='grc' dir='ltr'>πρὸς</span> <span class='ocrx_word' id='word_1_453' title='bbox 3325 3100 3468 3174; x_wconf 83' lang='grc' dir='ltr'>[τὴν]</span> <span class='ocrx_word' id='word_1_454' title='bbox 3496 3102 3587 3157; x_wconf 82' lang='grc' dir='ltr'>τὸν</span> <span class='ocrx_word' id='word_1_455' title='bbox 3622 3104 3713 3158; x_wconf 69' lang='lat' dir='ltr'><strong>Eva</strong></span> 
     </span>
    </p>
   </div>
   <div class='ocr_carea' id='block_1_64' title="bbox 447 3180 2030 3265">
    <p class='ocr_par' dir='ltr' id='par_1_64' title="bbox 447 3180 2030 3252">
     <span class='ocr_line' id='line_1_64' title="bbox 447 3180 2030 3252; baseline -0.004 -11"><span class='ocrx_word' id='word_1_456' title='bbox 447 3189 803 3252; x_wconf 87' lang='lat' dir='ltr'><strong>adorandum,</strong></span> <span class='ocrx_word' id='word_1_457' title='bbox 833 3205 976 3243; x_wconf 88' lang='lat' dir='ltr'><strong>unus</strong></span> <span class='ocrx_word' id='word_1_458' title='bbox 1004 3188 1074 3241; x_wconf 93' lang='lat' dir='ltr'><strong>ab</strong></span> <span class='ocrx_word' id='word_1_459' title='bbox 1097 3185 1370 3242; x_wconf 83' lang='lat' dir='ltr'><strong>universis</strong></span> <span class='ocrx_word' id='word_1_460' title='bbox 1390 3182 1527 3238; x_wconf 85' lang='lat' dir='ltr'><strong>nihil</strong></span> <span class='ocrx_word' id='word_1_461' title='bbox 1563 3198 1630 3237; x_wconf 78' lang='lat' dir='ltr'><strong>ex</strong></span> <span class='ocrx_word' id='word_1_462' title='bbox 1658 3182 1749 3235; x_wconf 89' lang='lat' dir='ltr'><strong>illa</strong></span> <span class='ocrx_word' id='word_1_463' title='bbox 1786 3180 2030 3234; x_wconf 85' lang='lat' dir='ltr'><strong>oratione</strong></span> 
     </span>
    </p>
   </div>
   <div class='ocr_carea' id='block_1_65' title="bbox 2134 3180 3715 3265">
    <p class='ocr_par' dir='ltr' id='par_1_65' title="bbox 2137 3189 3715 3265">
     <span class='ocr_line' id='line_1_65' title="bbox 2137 3189 3715 3265; baseline 0.001 -24"><span class='ocrx_word' id='word_1_464' title='bbox 2137 3189 2224 3242; x_wconf 74' lang='grc' dir='ltr'><strong>διὰ</strong></span> <span class='ocrx_word' id='word_1_465' title='bbox 2244 3189 2341 3260; x_wconf 76' lang='grc' dir='ltr'>τὴν</span> <span class='ocrx_word' id='word_1_466' title='bbox 2378 3189 2452 3261; x_wconf 78' lang='grc' dir='ltr'>μὴ</span> <span class='ocrx_word' id='word_1_467' title='bbox 2481 3190 2940 3245; x_wconf 81' lang='grc' dir='ltr'>ἐπικοινωνοῦσαν</span> <span class='ocrx_word' id='word_1_468' title='bbox 2979 3192 3054 3262; x_wconf 85' lang='grc' dir='ltr'>τῷ</span> <span class='ocrx_word' id='word_1_469' title='bbox 3084 3194 3167 3245; x_wconf 84' lang='grc' dir='ltr'><strong>ἐνί</strong></span> <span class='ocrx_word' id='word_1_470' title='bbox 3187 3193 3406 3247; x_wconf 84' lang='grc' dir='ltr'>πάντων</span> <span class='ocrx_word' id='word_1_471' title='bbox 3436 3192 3575 3265; x_wconf 79' lang='grc' dir='ltr'>πρὸς</span> <span class='ocrx_word' id='word_1_472' title='bbox 3625 3194 3715 3247; x_wconf 86' lang='grc' dir='ltr'>τὸν</span> 
     </span>
    </p>
   </div>
   <div class='ocr_carea' id='block_1_66' title="bbox 447 3269 2027 3351">
    <p class='ocr_par' dir='ltr' id='par_1_66' title="bbox 447 3269 2027 3351">
     <span class='ocr_line' id='line_1_66' title="bbox 447 3269 2027 3351; baseline -0.007 -18"><span class='ocrx_word' id='word_1_473' title='bbox 447 3278 858 3351; x_wconf 75' lang='lat' dir='ltr'><strong>discrepaverit.</strong></span> <span class='ocrx_word' id='word_1_474' title='bbox 900 3279 1037 3333; x_wconf 89' lang='lat' dir='ltr'><strong>Tum</strong></span> <span class='ocrx_word' id='word_1_475' title='bbox 1086 3279 1228 3333; x_wconf 89' lang='lat' dir='ltr'><strong>enim</strong></span> <span class='ocrx_word' id='word_1_476' title='bbox 1259 3274 1635 3332; x_wconf 82' lang='lat' dir='ltr'><strong>conditionum</strong></span> <span class='ocrx_word' id='word_1_477' title='bbox 1668 3272 1766 3351; x_wconf 86' lang='lat' dir='ltr'><strong>illa</strong></span> <span class='ocrx_word' id='word_1_478' title='bbox 1787 3269 2027 3325; x_wconf 83' lang='lat' dir='ltr'><strong>dissimi-</strong></span> 
     </span>
    </p>
   </div>
   <div class='ocr_carea' id='block_1_67' title="bbox 448 3363 2031 3437">
    <p class='ocr_par' dir='ltr' id='par_1_67' title="bbox 448 3363 2031 3437">
     <span class='ocr_line' id='line_1_67' title="bbox 448 3363 2031 3437; baseline -0.008 -12"><span class='ocrx_word' id='word_1_479' title='bbox 448 3370 627 3425; x_wconf 84' lang='lat' dir='ltr'><strong>litudo</strong></span> <span class='ocrx_word' id='word_1_480' title='bbox 656 3370 708 3423; x_wconf 89' lang='lat' dir='ltr'><strong>in</strong></span> <span class='ocrx_word' id='word_1_481' title='bbox 750 3386 851 3425; x_wconf 90' lang='lat' dir='ltr'><strong>suo</strong></span> <span class='ocrx_word' id='word_1_482' title='bbox 884 3370 1080 3425; x_wconf 83' lang='lat' dir='ltr'><strong>ordine</strong></span> <span class='ocrx_word' id='word_1_483' title='bbox 1111 3383 1174 3422; x_wconf 89' lang='lat' dir='ltr'><strong>ac</strong></span> <span class='ocrx_word' id='word_1_484' title='bbox 1201 3367 1466 3437; x_wconf 76' lang='lat' dir='ltr'><strong>dignitate</strong></span> <span class='ocrx_word' id='word_1_485' title='bbox 1496 3363 1768 3420; x_wconf 87' lang='lat' dir='ltr'><strong>contineri</strong></span> <span class='ocrx_word' id='word_1_486' title='bbox 1802 3377 1911 3421; x_wconf 87' lang='lat' dir='ltr'><strong>non</strong></span> <span class='ocrx_word' id='word_1_487' title='bbox 1943 3374 2031 3429; x_wconf 90' lang='lat' dir='ltr'><strong>po-</strong></span> 
     </span>
    </p>
   </div>
   <div class='ocr_carea' id='block_1_68' title="bbox 445 3450 2030 3525">
    <p class='ocr_par' dir='ltr' id='par_1_68' title="bbox 445 3450 2030 3525">
     <span class='ocr_line' id='line_1_68' title="bbox 445 3450 2030 3525; baseline -0.006 -13"><span class='ocrx_word' id='word_1_488' title='bbox 445 3460 606 3525; x_wconf 84' lang='lat' dir='ltr'><strong>terit;</strong></span> <span class='ocrx_word' id='word_1_489' title='bbox 648 3459 868 3515; x_wconf 84' lang='lat' dir='ltr'><strong>tametsi</strong></span> <span class='ocrx_word' id='word_1_490' title='bbox 911 3474 1079 3513; x_wconf 87' lang='lat' dir='ltr'><strong>unum</strong></span> <span class='ocrx_word' id='word_1_491' title='bbox 1130 3456 1262 3512; x_wconf 91' lang='lat' dir='ltr'><strong>illud</strong></span> <span class='ocrx_word' id='word_1_492' title='bbox 1304 3454 1540 3516; x_wconf 71' lang='lat' dir='ltr'><strong>caneris.</strong></span> <span class='ocrx_word' id='word_1_493' title='bbox 1574 3467 1695 3522; x_wconf 77' lang='lat' dir='ltr'><strong>qua:</strong></span> <span class='ocrx_word' id='word_1_494' title='bbox 1739 3450 2030 3505; x_wconf 78' lang='lat' dir='ltr'><strong>dissimilia</strong></span> 
     </span>
    </p>
   </div>
   <div class='ocr_carea' id='block_1_69' title="bbox 450 3538 2031 3619">
    <p class='ocr_par' dir='ltr' id='par_1_69' title="bbox 450 3538 2031 3619">
     <span class='ocr_line' id='line_1_69' title="bbox 450 3538 2031 3619; baseline -0.007 -15"><span class='ocrx_word' id='word_1_495' title='bbox 450 3559 601 3615; x_wconf 82' lang='lat' dir='ltr'><strong>sunt,</strong></span> <span class='ocrx_word' id='word_1_496' title='bbox 645 3548 934 3619; x_wconf 89' lang='lat' dir='ltr'><strong>splendore</strong></span> <span class='ocrx_word' id='word_1_497' title='bbox 981 3563 1045 3601; x_wconf 89' lang='lat' dir='ltr'><strong>ac</strong></span> <span class='ocrx_word' id='word_1_498' title='bbox 1083 3547 1254 3617; x_wconf 82' lang='lat' dir='ltr'><strong>gloria</strong></span> <span class='ocrx_word' id='word_1_499' title='bbox 1300 3544 1628 3599; x_wconf 88' lang='lat' dir='ltr'><strong>antecellere</strong></span> <span class='ocrx_word' id='word_1_500' title='bbox 1680 3542 1896 3597; x_wconf 87' lang='lat' dir='ltr'><strong>dicatur</strong></span> <span class='ocrx_word' id='word_1_501' title='bbox 1958 3538 2031 3594; x_wconf 91' lang='lat' dir='ltr'><strong>ob</strong></span> 
     </span>
    </p>
   </div>
   <div class='ocr_carea' id='block_1_70' title="bbox 448 3631 2031 3705">
    <p class='ocr_par' dir='ltr' id='par_1_70' title="bbox 448 3631 2031 3705">
     <span class='ocr_line' id='line_1_70' title="bbox 448 3631 2031 3705; baseline -0.008 -10"><span class='ocrx_word' id='word_1_502' title='bbox 448 3655 639 3695; x_wconf 88' lang='lat' dir='ltr'><strong>eorum</strong></span> <span class='ocrx_word' id='word_1_503' title='bbox 687 3638 1217 3699; x_wconf 87' lang='lat' dir='ltr'><strong>dissimilitudinem,</strong></span> <span class='ocrx_word' id='word_1_504' title='bbox 1267 3652 1387 3705; x_wconf 79' lang='lat' dir='ltr'><strong>quae</strong></span> <span class='ocrx_word' id='word_1_505' title='bbox 1429 3650 1553 3688; x_wconf 92' lang='lat' dir='ltr'><strong>cum</strong></span> <span class='ocrx_word' id='word_1_506' title='bbox 1582 3647 1689 3686; x_wconf 92' lang='lat' dir='ltr'><strong>uno</strong></span> <span class='ocrx_word' id='word_1_507' title='bbox 1721 3631 2031 3687; x_wconf 89' lang='lat' dir='ltr'><strong>eonsociari</strong></span> 
     </span>
    </p>
   </div>
   <div class='ocr_carea' id='block_1_71' title="bbox 450 3721 2030 3798">
    <p class='ocr_par' dir='ltr' id='par_1_71' title="bbox 450 3721 2030 3798">
     <span class='ocr_line' id='line_1_71' title="bbox 450 3721 2030 3798; baseline -0.005 -15"><span class='ocrx_word' id='word_1_508' title='bbox 450 3731 874 3798; x_wconf 76' lang='lat' dir='ltr'><strong>compararique</strong></span> <span class='ocrx_word' id='word_1_509' title='bbox 904 3744 1010 3781; x_wconf 90' lang='lat' dir='ltr'><strong>non</strong></span> <span class='ocrx_word' id='word_1_510' title='bbox 1046 3734 1296 3797; x_wconf 84' lang='lat' dir='ltr'><strong>possunt.</strong></span> <span class='ocrx_word' id='word_1_511' title='bbox 1331 3725 1696 3791; x_wconf 84' lang='lat' dir='ltr'><strong>Quamobrem</strong></span> <span class='ocrx_word' id='word_1_512' title='bbox 1720 3738 1784 3777; x_wconf 88' lang='lat' dir='ltr'><strong>eo</strong></span> <span class='ocrx_word' id='word_1_513' title='bbox 1809 3721 2030 3776; x_wconf 81' lang='lat' dir='ltr'><strong>tandem</strong></span> 
     </span>
    </p>
   </div>
   <div class='ocr_carea' id='block_1_72' title="bbox 458 3811 2030 3883">
    <p class='ocr_par' dir='ltr' id='par_1_72' title="bbox 458 3811 2030 3883">
     <span class='ocr_line' id='line_1_72' title="bbox 458 3811 2030 3883; baseline -0.003 -13"><span class='ocrx_word' id='word_1_514' title='bbox 458 3832 548 3871; x_wconf 79' lang='lat' dir='ltr'><strong>res</strong></span> <span class='ocrx_word' id='word_1_515' title='bbox 586 3816 812 3882; x_wconf 82' lang='lat' dir='ltr'><strong>recidet,</strong></span> <span class='ocrx_word' id='word_1_516' title='bbox 874 3824 932 3871; x_wconf 85' lang='lat' dir='ltr'><strong>ut</strong></span> <span class='ocrx_word' id='word_1_517' title='bbox 971 3816 1072 3877; x_wconf 86' lang='lat' dir='ltr'><strong>sol,</strong></span> <span class='ocrx_word' id='word_1_518' title='bbox 1125 3815 1272 3878; x_wconf 90' lang='lat' dir='ltr'><strong>luna,</strong></span> <span class='ocrx_word' id='word_1_519' title='bbox 1310 3814 1512 3877; x_wconf 81' lang='lat' dir='ltr'><strong>sidera,</strong></span> <span class='ocrx_word' id='word_1_520' title='bbox 1560 3822 1704 3868; x_wconf 89' lang='lat' dir='ltr'><strong>terra</strong></span> <span class='ocrx_word' id='word_1_521' title='bbox 1757 3821 1919 3883; x_wconf 86' lang='lat' dir='ltr'><strong>atque</strong></span> <span class='ocrx_word' id='word_1_522' title='bbox 1962 3811 2030 3866; x_wconf 90' lang='lat' dir='ltr'><strong>iis</strong></span> 
     </span>
    </p>
   </div>
   <div class='ocr_carea' id='block_1_73' title="bbox 450 3905 2033 3976">
    <p class='ocr_par' dir='ltr' id='par_1_73' title="bbox 450 3905 2033 3976">
     <span class='ocr_line' id='line_1_73' title="bbox 450 3905 2033 3976; baseline -0.001 -16"><span class='ocrx_word' id='word_1_523' title='bbox 450 3907 614 3960; x_wconf 88' lang='lat' dir='ltr'><strong>etiam</strong></span> <span class='ocrx_word' id='word_1_524' title='bbox 650 3905 909 3962; x_wconf 77' lang='lat' dir='ltr'><strong>inferiora</strong></span> <span class='ocrx_word' id='word_1_525' title='bbox 933 3922 1162 3976; x_wconf 65' lang='lat' dir='ltr'><strong>quaeque</strong></span> <span class='ocrx_word' id='word_1_526' title='bbox 1189 3905 1467 3961; x_wconf 85' lang='lat' dir='ltr'><strong>adoranda</strong></span> <span class='ocrx_word' id='word_1_527' title='bbox 1495 3905 1784 3959; x_wconf 87' lang='lat' dir='ltr'><strong>videantur</strong></span> <span class='ocrx_word' id='word_1_528' title='bbox 1808 3921 1823 3970; x_wconf 89' lang='lat'><strong>;</strong></span> <span class='ocrx_word' id='word_1_529' title='bbox 1856 3917 2033 3973; x_wconf 87' lang='lat' dir='ltr'><strong>neque</strong></span> 
     </span>
    </p>
   </div>
   <div class='ocr_carea' id='block_1_74' title="bbox 455 3995 2032 4066">
    <p class='ocr_par' dir='ltr' id='par_1_74' title="bbox 455 3995 2032 4066">
     <span class='ocr_line' id='line_1_74' title="bbox 455 3995 2032 4066; baseline 0 -17"><span class='ocrx_word' id='word_1_530' title='bbox 455 3996 506 4049; x_wconf 88' lang='lat' dir='ltr'><strong>id</strong></span> <span class='ocrx_word' id='word_1_531' title='bbox 544 3995 634 4050; x_wconf 89' lang='lat' dir='ltr'><strong>uni</strong></span> <span class='ocrx_word' id='word_1_532' title='bbox 687 4011 811 4050; x_wconf 90' lang='lat' dir='ltr'><strong>cum</strong></span> <span class='ocrx_word' id='word_1_533' title='bbox 878 4012 986 4051; x_wconf 91' lang='lat' dir='ltr'><strong>uno</strong></span> <span class='ocrx_word' id='word_1_534' title='bbox 1033 3995 1235 4066; x_wconf 82' lang='lat' dir='ltr'><strong>Spiritu</strong></span> <span class='ocrx_word' id='word_1_535' title='bbox 1277 3998 1607 4066; x_wconf 65' lang='lat' dir='ltr'><strong>praecipuum</strong></span> <span class='ocrx_word' id='word_1_536' title='bbox 1649 4012 1713 4051; x_wconf 91' lang='lat' dir='ltr'><strong>ac</strong></span> <span class='ocrx_word' id='word_1_537' title='bbox 1757 3995 2032 4066; x_wconf 85' lang='lat' dir='ltr'><strong>peculiare</strong></span> 
     </span>
    </p>
   </div>
   <div class='ocr_carea' id='block_1_75' title="bbox 444 4086 2033 4157">
    <p class='ocr_par' dir='ltr' id='par_1_75' title="bbox 444 4086 2033 4157">
     <span class='ocr_line' id='line_1_75' title="bbox 444 4086 2033 4157; baseline 0.001 -18"><span class='ocrx_word' id='word_1_538' title='bbox 444 4087 551 4149; x_wconf 90' lang='lat' dir='ltr'><strong>.sit,</strong></span> <span class='ocrx_word' id='word_1_539' title='bbox 584 4103 705 4156; x_wconf 72' lang='lat' dir='ltr'><strong>qua-</strong></span> <span class='ocrx_word' id='word_1_540' title='bbox 739 4095 824 4143; x_wconf 90' lang='lat' dir='ltr'><strong>est</strong></span> <span class='ocrx_word' id='word_1_541' title='bbox 857 4103 962 4142; x_wconf 89' lang='lat' dir='ltr'><strong>una</strong></span> <span class='ocrx_word' id='word_1_542' title='bbox 994 4086 1258 4154; x_wconf 86' lang='lat' dir='ltr'><strong>Trinitas,</strong></span> <span class='ocrx_word' id='word_1_543' title='bbox 1288 4089 1543 4143; x_wconf 86' lang='lat' dir='ltr'><strong>divinitas</strong></span> <span class='ocrx_word' id='word_1_544' title='bbox 1575 4103 1682 4142; x_wconf 89' lang='lat' dir='ltr'><strong>una</strong></span> <span class='ocrx_word' id='word_1_545' title='bbox 1709 4096 1762 4142; x_wconf 91' lang='lat' dir='ltr'><strong>et</strong></span> <span class='ocrx_word' id='word_1_546' title='bbox 1790 4087 2033 4157; x_wconf 80' lang='lat' dir='ltr'><strong>singula-</strong></span> 
     </span>
    </p>
   </div>
   <div class='ocr_carea' id='block_1_76' title="bbox 446 4178 2031 4251">
    <p class='ocr_par' dir='ltr' id='par_1_76' title="bbox 446 4178 2031 4251">
     <span class='ocr_line' id='line_1_76' title="bbox 446 4178 2031 4251; baseline 0.002 -18"><span class='ocrx_word' id='word_1_547' title='bbox 446 4179 587 4233; x_wconf 79' lang='lat' dir='ltr'><strong>riter</strong></span> <span class='ocrx_word' id='word_1_548' title='bbox 621 4178 920 4233; x_wconf 87' lang='lat' dir='ltr'><strong>adoranda.</strong></span> <span class='ocrx_word' id='word_1_549' title='bbox 957 4180 1300 4249; x_wconf 83' lang='lat' dir='ltr'><strong>Quapropter</strong></span> <span class='ocrx_word' id='word_1_550' title='bbox 1347 4181 1395 4235; x_wconf 90' lang='lat' dir='ltr'><strong>si</strong></span> <span class='ocrx_word' id='word_1_551' title='bbox 1436 4181 1539 4235; x_wconf 92' lang='lat' dir='ltr'><strong>hoc</strong></span> <span class='ocrx_word' id='word_1_552' title='bbox 1578 4181 1740 4235; x_wconf 85' lang='lat' dir='ltr'><strong>modo</strong></span> <span class='ocrx_word' id='word_1_553' title='bbox 1775 4181 2031 4251; x_wconf 84' lang='lat' dir='ltr'><strong>colligere</strong></span> 
     </span>
    </p>
   </div>
   <div class='ocr_carea' id='block_1_77' title="bbox 455 4268 2031 4340">
    <p class='ocr_par' dir='ltr' id='par_1_77' title="bbox 455 4268 2031 4340">
     <span class='ocr_line' id='line_1_77' title="bbox 455 4268 2031 4340; baseline 0.001 -17"><span class='ocrx_word' id='word_1_554' title='bbox 455 4270 560 4324; x_wconf 88' lang='lat' dir='ltr'><strong>ista</strong></span> <span class='ocrx_word' id='word_1_555' title='bbox 586 4268 736 4333; x_wconf 85' lang='lat' dir='ltr'><strong>licet,</strong></span> <span class='ocrx_word' id='word_1_556' title='bbox 770 4286 894 4324; x_wconf 89' lang='lat' dir='ltr'><strong>eum</strong></span> <span class='ocrx_word' id='word_1_557' title='bbox 932 4271 1009 4324; x_wconf 84' lang='lat' dir='ltr'><strong>rei</strong></span> <span class='ocrx_word' id='word_1_558' title='bbox 1036 4271 1265 4325; x_wconf 83' lang='lat' dir='ltr'><strong>veritate</strong></span> <span class='ocrx_word' id='word_1_559' title='bbox 1294 4281 1725 4325; x_wconf 85' lang='lat' dir='ltr'><strong>consentaneum</strong></span> <span class='ocrx_word' id='word_1_560' title='bbox 1754 4273 1855 4326; x_wconf 67' lang='lat' dir='ltr'><strong>erit</strong></span> <span class='ocrx_word' id='word_1_561' title='bbox 1881 4270 2031 4340; x_wconf 88' lang='lat' dir='ltr'><strong>quod</strong></span> 
     </span>
    </p>
   </div>
   <div class='ocr_carea' id='block_1_78' title="bbox 402 4358 2035 4433">
    <p class='ocr_par' dir='ltr' id='par_1_78' title="bbox 402 4358 2035 4433">
     <span class='ocr_line' id='line_1_78' title="bbox 402 4358 2035 4433; baseline -0.001 -16"><span class='ocrx_word' id='word_1_562' title='bbox 402 4388 417 4402; x_wconf 75' lang='grc' dir='ltr'><strong>ο</strong></span> <span class='ocrx_word' id='word_1_563' title='bbox 453 4360 887 4433; x_wconf 59' lang='lat' dir='ltr'><strong>dicitur._949</strong></span> <span class='ocrx_word' id='word_1_564' title='bbox 913 4360 1095 4430; x_wconf 68' lang='lat' dir='ltr'><strong>Neque</strong></span> <span class='ocrx_word' id='word_1_565' title='bbox 1131 4361 1275 4416; x_wconf 89' lang='lat' dir='ltr'><strong>enim</strong></span> <span class='ocrx_word' id='word_1_566' title='bbox 1308 4377 1477 4415; x_wconf 90' lang='lat' dir='ltr'><strong>unum</strong></span> <span class='ocrx_word' id='word_1_567' title='bbox 1517 4358 1755 4416; x_wconf 82' lang='lat' dir='ltr'><strong>Verbum</strong></span> <span class='ocrx_word' id='word_1_568' title='bbox 1797 4362 2035 4431; x_wconf 85' lang='lat' dir='ltr'><strong>reliquo-</strong></span> 
     </span>
    </p>
   </div>
   <div class='ocr_carea' id='block_1_79' title="bbox 386 5088 401 5115">
    <p class='ocr_par' dir='ltr' id='par_1_79' title="bbox 386 5088 401 5115">
     <span class='ocr_line' id='line_1_79' title="bbox 386 5088 401 5115; baseline 0 0"><span class='ocrx_word' id='word_1_569' title='bbox 386 5088 401 5115; x_wconf 93' lang='grc' dir='ltr'><em>Ι</em></span> 
     </span>
    </p>
   </div>
   <div class='ocr_carea' id='block_1_80' title="bbox 446 4448 2031 4520">
    <p class='ocr_par' dir='ltr' id='par_1_80' title="bbox 446 4448 2031 4520">
     <span class='ocr_line' id='line_1_80' title="bbox 446 4448 2031 4520; baseline 0.001 -14"><span class='ocrx_word' id='word_1_570' title='bbox 446 4468 574 4513; x_wconf 79' lang='lat' dir='ltr'><strong>rum</strong></span> <span class='ocrx_word' id='word_1_571' title='bbox 608 4451 786 4509; x_wconf 85' lang='lat' dir='ltr'><strong>simile</strong></span> <span class='ocrx_word' id='word_1_572' title='bbox 827 4459 950 4517; x_wconf 88' lang='lat' dir='ltr'><strong>est;</strong></span> <span class='ocrx_word' id='word_1_573' title='bbox 986 4466 1160 4520; x_wconf 85' lang='lat' dir='ltr'><strong>neque</strong></span> <span class='ocrx_word' id='word_1_574' title='bbox 1197 4448 1367 4507; x_wconf 86' lang='lat' dir='ltr'><strong>Filius</strong></span> <span class='ocrx_word' id='word_1_575' title='bbox 1416 4466 1559 4506; x_wconf 90' lang='lat' dir='ltr'><strong>unus</strong></span> <span class='ocrx_word' id='word_1_576' title='bbox 1594 4452 1717 4508; x_wconf 90' lang='lat' dir='ltr'><strong>aliis</strong></span> <span class='ocrx_word' id='word_1_577' title='bbox 1745 4452 2031 4515; x_wconf 89' lang='lat' dir='ltr'><strong>omnibus,</strong></span> 
     </span>
    </p>
   </div>
   <div class='ocr_carea' id='block_1_81' title="bbox 2130 3277 3683 3349">
    <p class='ocr_par' dir='ltr' id='par_1_81' title="bbox 2130 3277 3683 3349">
     <span class='ocr_line' id='line_1_81' title="bbox 2130 3277 3683 3349; baseline 0.001 -19"><span class='ocrx_word' id='word_1_578' title='bbox 2130 3277 2225 3331; x_wconf 69' lang='lat' dir='ltr'><strong>Eva</strong></span> <span class='ocrx_word' id='word_1_579' title='bbox 2248 3279 2628 3349; x_wconf 85' lang='grc' dir='ltr'>ἀνομοιότητα.</span> <span class='ocrx_word' id='word_1_580' title='bbox 2655 3280 2764 3333; x_wconf 75' lang='grc' dir='ltr'><strong>Καὶ</strong></span> <span class='ocrx_word' id='word_1_581' title='bbox 2798 3279 2950 3332; x_wconf 76' lang='grc' dir='ltr'>ἔσται</span> <span class='ocrx_word' id='word_1_582' title='bbox 2981 3280 3164 3332; x_wconf 79' lang='grc' dir='ltr'>λοιπὸν</span> <span class='ocrx_word' id='word_1_583' title='bbox 3205 3280 3302 3333; x_wconf 74' lang='grc' dir='ltr'>καὶ</span> <span class='ocrx_word' id='word_1_584' title='bbox 3338 3279 3491 3349; x_wconf 78' lang='grc' dir='ltr'>ἥλιος</span> <span class='ocrx_word' id='word_1_585' title='bbox 3513 3280 3607 3333; x_wconf 79' lang='grc' dir='ltr'>καὶ</span> <span class='ocrx_word' id='word_1_586' title='bbox 3624 3296 3683 3332; x_wconf 91' lang='grc' dir='ltr'><strong>σε</strong></span> 
     </span>
    </p>
   </div>
   <div class='ocr_carea' id='block_1_82' title="bbox 2130 3367 3709 3440">
    <p class='ocr_par' dir='ltr' id='par_1_82' title="bbox 2130 3367 3709 3440">
     <span class='ocr_line' id='line_1_82' title="bbox 2130 3367 3709 3440; baseline 0.003 -21"><span class='ocrx_word' id='word_1_587' title='bbox 2130 3367 2263 3439; x_wconf 86' lang='grc' dir='ltr'>λήνη</span> <span class='ocrx_word' id='word_1_588' title='bbox 2290 3370 2384 3422; x_wconf 78' lang='grc' dir='ltr'>καὶ</span> <span class='ocrx_word' id='word_1_589' title='bbox 2417 3369 2592 3440; x_wconf 78' lang='grc' dir='ltr'>ἄστρα</span> <span class='ocrx_word' id='word_1_590' title='bbox 2665 3373 2758 3423; x_wconf 80' lang='grc' dir='ltr'>καὶ</span> <span class='ocrx_word' id='word_1_591' title='bbox 2794 3371 2865 3439; x_wconf 80' lang='grc' dir='ltr'>γῆ</span> <span class='ocrx_word' id='word_1_592' title='bbox 2931 3372 3023 3424; x_wconf 75' lang='grc' dir='ltr'>καὶ</span> <span class='ocrx_word' id='word_1_593' title='bbox 3056 3371 3263 3423; x_wconf 87' lang='grc' dir='ltr'>τούτων</span> <span class='ocrx_word' id='word_1_594' title='bbox 3299 3370 3380 3423; x_wconf 78' lang='grc' dir='ltr'>ἔτι</span> <span class='ocrx_word' id='word_1_595' title='bbox 3411 3370 3482 3423; x_wconf 85' lang='grc' dir='ltr'>τὰ</span> <span class='ocrx_word' id='word_1_596' title='bbox 3512 3371 3709 3423; x_wconf 80' lang='grc' dir='ltr'>ὑποϐε-</span> 
     </span>
    </p>
   </div>
   <div class='ocr_carea' id='block_1_83' title="bbox 2130 3453 3713 3530">
    <p class='ocr_par' dir='ltr' id='par_1_83' title="bbox 2130 3453 3713 3530">
     <span class='ocr_line' id='line_1_83' title="bbox 2130 3453 3713 3530; baseline 0.002 -23"><span class='ocrx_word' id='word_1_597' title='bbox 2130 3456 2337 3527; x_wconf 75' lang='grc' dir='ltr'>ϐηκότα</span> <span class='ocrx_word' id='word_1_598' title='bbox 2382 3461 2760 3530; x_wconf 84' lang='grc' dir='ltr'>προσκυνητά·</span> <span class='ocrx_word' id='word_1_599' title='bbox 2820 3461 2914 3513; x_wconf 78' lang='grc' dir='ltr'>καὶ</span> <span class='ocrx_word' id='word_1_600' title='bbox 2957 3461 3139 3512; x_wconf 74' lang='grc' dir='ltr'>οὐκέτι</span> <span class='ocrx_word' id='word_1_601' title='bbox 3172 3460 3200 3512; x_wconf 85' lang='grc' dir='ltr'>ὁ</span> <span class='ocrx_word' id='word_1_602' title='bbox 3248 3453 3328 3522; x_wconf 74' lang='grc' dir='ltr'><strong>εἷς</strong></span> <span class='ocrx_word' id='word_1_603' title='bbox 3371 3460 3471 3512; x_wconf 76' lang='grc' dir='ltr'>σὺν</span> <span class='ocrx_word' id='word_1_604' title='bbox 3512 3459 3590 3530; x_wconf 77' lang='grc' dir='ltr'>τῷ</span> <span class='ocrx_word' id='word_1_605' title='bbox 3634 3458 3713 3513; x_wconf 77' lang='grc' dir='ltr'>ἐνὶ</span> 
     </span>
    </p>
   </div>
   <div class='ocr_carea' id='block_1_84' title="bbox 2130 3548 3711 3622">
    <p class='ocr_par' dir='ltr' id='par_1_84' title="bbox 2130 3548 3711 3622">
     <span class='ocr_line' id='line_1_84' title="bbox 2130 3548 3711 3622; baseline 0.003 -22"><span class='ocrx_word' id='word_1_606' title='bbox 2130 3548 2442 3619; x_wconf 75' lang='grc' dir='ltr'>Πνεύματι,</span> <span class='ocrx_word' id='word_1_607' title='bbox 2487 3551 2625 3621; x_wconf 85' lang='grc' dir='ltr'>ὅπερ</span> <span class='ocrx_word' id='word_1_608' title='bbox 2681 3552 2800 3604; x_wconf 77' lang='grc' dir='ltr'>ἐστὶ</span> <span class='ocrx_word' id='word_1_609' title='bbox 2836 3552 2948 3621; x_wconf 78' lang='grc' dir='ltr'>’μία</span> <span class='ocrx_word' id='word_1_610' title='bbox 2977 3550 3175 3622; x_wconf 80' lang='grc' dir='ltr'>Τριὰς,</span> <span class='ocrx_word' id='word_1_611' title='bbox 3217 3553 3312 3604; x_wconf 78' lang='grc' dir='ltr'>καὶ</span> <span class='ocrx_word' id='word_1_612' title='bbox 3349 3551 3447 3621; x_wconf 91' lang='grc' dir='ltr'><strong>μία</strong></span> <span class='ocrx_word' id='word_1_613' title='bbox 3500 3550 3711 3621; x_wconf 81' lang='grc' dir='ltr'>θεότης,</span> 
     </span>
    </p>
   </div>
   <div class='ocr_carea' id='block_1_85' title="bbox 2131 3638 3715 3713">
    <p class='ocr_par' dir='ltr' id='par_1_85' title="bbox 2131 3638 3715 3713">
     <span class='ocr_line' id='line_1_85' title="bbox 2131 3638 3715 3713; baseline 0.003 -21"><span class='ocrx_word' id='word_1_614' title='bbox 2131 3640 2224 3693; x_wconf 81' lang='grc' dir='ltr'>καὶ</span> <span class='ocrx_word' id='word_1_615' title='bbox 2255 3641 2353 3710; x_wconf 90' lang='grc' dir='ltr'><strong>μία</strong></span> <span class='ocrx_word' id='word_1_616' title='bbox 2391 3642 2784 3713; x_wconf 84' lang='grc' dir='ltr'>προσκύνησις.</span> <span class='ocrx_word' id='word_1_617' title='bbox 2820 3638 2969 3712; x_wconf 73' lang='grc' dir='ltr'><strong>Ἀρα</strong></span> <span class='ocrx_word' id='word_1_618' title='bbox 2994 3638 3108 3705; x_wconf 76' lang='grc' dir='ltr'>οὖν,</span> <span class='ocrx_word' id='word_1_619' title='bbox 3153 3645 3201 3695; x_wconf 81' lang='grc' dir='ltr'>εἰ</span> <span class='ocrx_word' id='word_1_620' title='bbox 3235 3641 3392 3695; x_wconf 82' lang='grc' dir='ltr'>τοῦτο</span> <span class='ocrx_word' id='word_1_621' title='bbox 3430 3641 3521 3696; x_wconf 81' lang='grc' dir='ltr'>διὰ</span> <span class='ocrx_word' id='word_1_622' title='bbox 3560 3641 3715 3696; x_wconf 76' lang='grc' dir='ltr'>τοῦτο</span> 
     </span>
    </p>
   </div>
   <div class='ocr_carea' id='block_1_86' title="bbox 2133 3728 3709 3802">
    <p class='ocr_par' dir='ltr' id='par_1_86' title="bbox 2133 3728 3709 3802">
     <span class='ocr_line' id='line_1_86' title="bbox 2133 3728 3709 3802; baseline 0.003 -22"><span class='ocrx_word' id='word_1_623' title='bbox 2133 3728 2528 3797; x_wconf 83' lang='grc' dir='ltr'>συλλογιστέον,</span> <span class='ocrx_word' id='word_1_624' title='bbox 2556 3731 2711 3784; x_wconf 79' lang='grc' dir='ltr'>ἐσται</span> <span class='ocrx_word' id='word_1_625' title='bbox 2735 3731 2834 3802; x_wconf 80' lang='grc' dir='ltr'>μὲν</span> <span class='ocrx_word' id='word_1_626' title='bbox 2865 3730 2998 3785; x_wconf 77' lang='grc' dir='ltr'>αὑτὸ</span> <span class='ocrx_word' id='word_1_627' title='bbox 3035 3733 3092 3784; x_wconf 83' lang='grc' dir='ltr'><strong>ἐν</strong></span> <span class='ocrx_word' id='word_1_628' title='bbox 3119 3729 3367 3802; x_wconf 80' lang='grc' dir='ltr'>ἀληθείᾳ,</span> <span class='ocrx_word' id='word_1_629' title='bbox 3404 3730 3592 3802; x_wconf 78' lang='grc' dir='ltr'>ἐπειδὴ</span> <span class='ocrx_word' id='word_1_630' title='bbox 3616 3732 3709 3802; x_wconf 65' lang='grc' dir='ltr'><strong>οὐχ</strong></span> 
     </span>
    </p>
   </div>
   <div class='ocr_carea' id='block_1_87' title="bbox 2130 3816 3719 3892">
    <p class='ocr_par' dir='ltr' id='par_1_87' title="bbox 2130 3816 3719 3892">
     <span class='ocr_line' id='line_1_87' title="bbox 2130 3816 3719 3892; baseline 0.001 -19"><span class='ocrx_word' id='word_1_631' title='bbox 2130 3820 2315 3889; x_wconf 83' lang='grc' dir='ltr'>ὅμοιος</span> <span class='ocrx_word' id='word_1_632' title='bbox 2344 3822 2372 3873; x_wconf 87' lang='grc' dir='ltr'>ὁ</span> <span class='ocrx_word' id='word_1_633' title='bbox 2396 3816 2475 3885; x_wconf 74' lang='grc' dir='ltr'>εἷς</span> <span class='ocrx_word' id='word_1_634' title='bbox 2509 3822 2679 3890; x_wconf 71' lang='grc' dir='ltr'>Λόγος</span> <span class='ocrx_word' id='word_1_635' title='bbox 2710 3826 2823 3886; x_wconf 82' lang='grc' dir='ltr'>τοῖς</span> <span class='ocrx_word' id='word_1_636' title='bbox 2848 3825 2981 3876; x_wconf 79' lang='grc' dir='ltr'>πᾶσι</span> <span class='ocrx_word' id='word_1_637' title='bbox 3015 3823 3215 3892; x_wconf 84' lang='grc' dir='ltr'>λόγοις.</span> <span class='ocrx_word' id='word_1_638' title='bbox 3256 3822 3378 3875; x_wconf 81' lang='grc' dir='ltr'>οὑδὲ</span> <span class='ocrx_word' id='word_1_639' title='bbox 3409 3816 3491 3885; x_wconf 77' lang='grc' dir='ltr'>εἷς</span> <span class='ocrx_word' id='word_1_640' title='bbox 3525 3824 3554 3875; x_wconf 81' lang='grc' dir='ltr'>ὁ</span> <span class='ocrx_word' id='word_1_641' title='bbox 3586 3821 3719 3886; x_wconf 68' lang='grc' dir='ltr'>Υἱὸς,</span> 
     </span>
    </p>
   </div>
   <div class='ocr_carea' id='block_1_88' title="bbox 2131 3914 3707 3986">
    <p class='ocr_par' dir='ltr' id='par_1_88' title="bbox 2131 3914 3707 3986">
     <span class='ocr_line' id='line_1_88' title="bbox 2131 3914 3707 3986; baseline 0.002 -22"><span class='ocrx_word' id='word_1_642' title='bbox 2131 3915 2244 3977; x_wconf 85' lang='grc' dir='ltr'>τοῖς</span> <span class='ocrx_word' id='word_1_643' title='bbox 2274 3915 2406 3967; x_wconf 86' lang='grc' dir='ltr'>πᾶσι</span> <span class='ocrx_word' id='word_1_644' title='bbox 2442 3914 2585 3968; x_wconf 82' lang='grc' dir='ltr'>κατὰ</span> <span class='ocrx_word' id='word_1_645' title='bbox 2612 3917 2909 3986; x_wconf 78' lang='grc' dir='ltr'>ἀναγωγὴν</span> <span class='ocrx_word' id='word_1_646' title='bbox 2958 3916 3410 3986; x_wconf 79' lang='grc' dir='ltr'>κικλησκομένοις</span> <span class='ocrx_word' id='word_1_647' title='bbox 3463 3916 3608 3979; x_wconf 75' lang='grc' dir='ltr'>τσοςς</span> <span class='ocrx_word' id='word_1_648' title='bbox 3632 3916 3707 3968; x_wconf 85' lang='grc' dir='ltr'><strong>Οὐ</strong></span> 
     </span>
    </p>
   </div>
   <div class='ocr_carea' id='block_1_89' title="bbox 2132 4003 3714 4084">
    <p class='ocr_par' dir='ltr' id='par_1_89' title="bbox 2132 4003 3714 4084">
     <span class='ocr_line' id='line_1_89' title="bbox 2132 4003 3714 4084; baseline 0.003 -28"><span class='ocrx_word' id='word_1_649' title='bbox 2132 4005 2242 4076; x_wconf 89' lang='grc' dir='ltr'><strong>γάρ</strong></span> <span class='ocrx_word' id='word_1_650' title='bbox 2273 4006 2391 4059; x_wconf 84' lang='grc' dir='ltr'>ἐστι</span> <span class='ocrx_word' id='word_1_651' title='bbox 2422 4007 2520 4061; x_wconf 82' lang='grc' dir='ltr'>σὺν</span> <span class='ocrx_word' id='word_1_652' title='bbox 2545 4011 2659 4071; x_wconf 88' lang='grc' dir='ltr'>τοῖς</span> <span class='ocrx_word' id='word_1_653' title='bbox 2699 4010 2884 4072; x_wconf 78' lang='grc' dir='ltr'>πᾶσιν,</span> <span class='ocrx_word' id='word_1_654' title='bbox 2929 4009 3065 4062; x_wconf 86' lang='grc' dir='ltr'><strong>ἀλλά</strong></span> <span class='ocrx_word' id='word_1_655' title='bbox 3111 4008 3178 4062; x_wconf 84' lang='grc' dir='ltr'><strong>δι’</strong></span> <span class='ocrx_word' id='word_1_656' title='bbox 3205 4003 3266 4062; x_wconf 75' lang='grc' dir='ltr'><strong>οὗ</strong></span> <span class='ocrx_word' id='word_1_657' title='bbox 3307 4009 3358 4084; x_wconf 77' lang='grc' dir='ltr'>οἱ</span> <span class='ocrx_word' id='word_1_658' title='bbox 3391 4007 3615 4069; x_wconf 79' lang='grc' dir='ltr'>πάντες.</span> <span class='ocrx_word' id='word_1_659' title='bbox 3640 4006 3714 4062; x_wconf 81' lang='grc' dir='ltr'>Τδ</span> 
     </span>
    </p>
   </div>
   <div class='ocr_carea' id='block_1_90' title="bbox 2133 4096 3713 4173">
    <p class='ocr_par' dir='ltr' id='par_1_90' title="bbox 2133 4096 3713 4173">
     <span class='ocr_line' id='line_1_90' title="bbox 2133 4096 3713 4173; baseline 0 -24"><span class='ocrx_word' id='word_1_660' title='bbox 2133 4096 2263 4164; x_wconf 79' lang='grc' dir='ltr'>γοῦν</span> <span class='ocrx_word' id='word_1_661' title='bbox 2317 4099 2593 4164; x_wconf 79' lang='grc' dir='ltr'>ἀδυνάτως</span> <span class='ocrx_word' id='word_1_662' title='bbox 2637 4101 2768 4173; x_wconf 90' lang='grc' dir='ltr'>παρ’</span> <span class='ocrx_word' id='word_1_663' title='bbox 2812 4101 2961 4171; x_wconf 86' lang='grc' dir='ltr'><strong>αὑτῷ</strong></span> <span class='ocrx_word' id='word_1_664' title='bbox 3017 4101 3095 4172; x_wconf 83' lang='grc' dir='ltr'><strong>τῷ</strong></span> <span class='ocrx_word' id='word_1_665' title='bbox 3152 4100 3344 4171; x_wconf 80' lang='grc' dir='ltr'>Ἀετίῳ</span> <span class='ocrx_word' id='word_1_666' title='bbox 3401 4098 3599 4168; x_wconf 83' lang='grc' dir='ltr'>ταχθὲν</span> <span class='ocrx_word' id='word_1_667' title='bbox 3653 4097 3713 4162; x_wconf 80' lang='grc' dir='ltr'>ἐξ</span> 
     </span>
    </p>
   </div>
   <div class='ocr_carea' id='block_1_91' title="bbox 2133 4180 3710 4264">
    <p class='ocr_par' dir='ltr' id='par_1_91' title="bbox 2133 4180 3710 4264">
     <span class='ocr_line' id='line_1_91' title="bbox 2133 4180 3710 4264; baseline 0.001 -23"><span class='ocrx_word' id='word_1_668' title='bbox 2133 4190 2405 4260; x_wconf 78' lang='grc' dir='ltr'>ὑπαρχῆς,</span> <span class='ocrx_word' id='word_1_669' title='bbox 2452 4180 2545 4246; x_wconf 63' lang='grc' dir='ltr'>καὶ</span> <span class='ocrx_word' id='word_1_670' title='bbox 2585 4195 2665 4256; x_wconf 83' lang='grc' dir='ltr'>εἰς</span> <span class='ocrx_word' id='word_1_671' title='bbox 2710 4192 2866 4264; x_wconf 72' lang='grc' dir='ltr'>ὓϐριν</span> <span class='ocrx_word' id='word_1_672' title='bbox 2916 4193 3111 4263; x_wconf 78' lang='grc' dir='ltr'>ἐπέχον</span> <span class='ocrx_word' id='word_1_673' title='bbox 3157 4192 3326 4246; x_wconf 85' lang='grc' dir='ltr'>τύπον</span> <span class='ocrx_word' id='word_1_674' title='bbox 3367 4190 3710 4261; x_wconf 79' lang='grc' dir='ltr'>βλασφημίας</span> 
     </span>
    </p>
   </div>
   <div class='ocr_carea' id='block_1_92' title="bbox 2131 4281 3711 4355">
    <p class='ocr_par' dir='ltr' id='par_1_92' title="bbox 2131 4281 3711 4355">
     <span class='ocr_line' id='line_1_92' title="bbox 2131 4281 3711 4355; baseline 0 -21"><span class='ocrx_word' id='word_1_675' title='bbox 2131 4281 2220 4335; x_wconf 77' lang='grc' dir='ltr'><strong>διὰ</strong></span> <span class='ocrx_word' id='word_1_676' title='bbox 2251 4283 2312 4335; x_wconf 86' lang='grc' dir='ltr'>τὸ</span> <span class='ocrx_word' id='word_1_677' title='bbox 2348 4283 2532 4355; x_wconf 83' lang='grc' dir='ltr'>μέρος,</span> <span class='ocrx_word' id='word_1_678' title='bbox 2568 4283 2597 4336; x_wconf 84' lang='grc' dir='ltr'><strong>ὃ</strong></span> <span class='ocrx_word' id='word_1_679' title='bbox 2626 4285 2727 4354; x_wconf 80' lang='grc' dir='ltr'>ἔφη</span> <span class='ocrx_word' id='word_1_680' title='bbox 2781 4288 2838 4338; x_wconf 87' lang='grc' dir='ltr'><strong>ἐν</strong></span> <span class='ocrx_word' id='word_1_681' title='bbox 2879 4285 2998 4355; x_wconf 84' lang='grc' dir='ltr'>Θεῷ</span> <span class='ocrx_word' id='word_1_682' title='bbox 3042 4285 3101 4338; x_wconf 77' lang='grc' dir='ltr'>ὃν</span> <span class='ocrx_word' id='word_1_683' title='bbox 3132 4286 3150 4351; x_wconf 89' lang='grc'>(</span> <span class='ocrx_word' id='word_1_684' title='bbox 3176 4286 3313 4354; x_wconf 81' lang='grc' dir='ltr'>ὅπερ</span> <span class='ocrx_word' id='word_1_685' title='bbox 3349 4284 3409 4336; x_wconf 82' lang='grc' dir='ltr'>οὐ</span> <span class='ocrx_word' id='word_1_686' title='bbox 3449 4282 3711 4353; x_wconf 79' lang='grc' dir='ltr'>διαφορᾶς</span> 
     </span>
    </p>
   </div>
   <div class='ocr_carea' id='block_1_93' title="bbox 2138 4374 3707 4447">
    <p class='ocr_par' dir='ltr' id='par_1_93' title="bbox 2138 4374 3707 4447">
     <span class='ocr_line' id='line_1_93' title="bbox 2138 4374 3707 4447; baseline -0.001 -20"><span class='ocrx_word' id='word_1_687' title='bbox 2138 4374 2306 4446; x_wconf 89' lang='grc' dir='ltr'>μέρος</span> <span class='ocrx_word' id='word_1_688' title='bbox 2337 4376 2593 4446; x_wconf 80' lang='grc' dir='ltr'>ὑπάρχει,</span> <span class='ocrx_word' id='word_1_689' title='bbox 2629 4376 2742 4430; x_wconf 83' lang='grc' dir='ltr'>ἀλλ’</span> <span class='ocrx_word' id='word_1_690' title='bbox 2770 4378 3033 4447; x_wconf 74' lang='grc' dir='ltr'>ἰσότητος,</span> <span class='ocrx_word' id='word_1_691' title='bbox 3067 4377 3162 4430; x_wconf 74' lang='grc' dir='ltr'>καὶ</span> <span class='ocrx_word' id='word_1_692' title='bbox 3185 4375 3308 4428; x_wconf 76' lang='grc' dir='ltr'>οὔτε</span> <span class='ocrx_word' id='word_1_693' title='bbox 3345 4374 3707 4446; x_wconf 74' lang='grc' dir='ltr'>μεριξομένης</span> 
     </span>
    </p>
   </div>
   <div class='ocr_carea' id='block_1_94' title="bbox 2138 4465 3711 4538">
    <p class='ocr_par' dir='ltr' id='par_1_94' title="bbox 2138 4465 3711 4538">
     <span class='ocr_line' id='line_1_94' title="bbox 2138 4465 3711 4538; baseline 0.001 -21"><span class='ocrx_word' id='word_1_694' title='bbox 2138 4466 2238 4536; x_wconf 85' lang='grc' dir='ltr'>τῆς</span> <span class='ocrx_word' id='word_1_695' title='bbox 2268 4465 2539 4537; x_wconf 82' lang='grc' dir='ltr'>θεότητος,</span> <span class='ocrx_word' id='word_1_696' title='bbox 2568 4467 2683 4521; x_wconf 78' lang='grc' dir='ltr'>ἀλλ’</span> <span class='ocrx_word' id='word_1_697' title='bbox 2709 4469 2796 4521; x_wconf 77' lang='grc' dir='ltr'>ἀεὶ</span> <span class='ocrx_word' id='word_1_698' title='bbox 2827 4467 2993 4538; x_wconf 73' lang='grc' dir='ltr'>οὔσης</span> <span class='ocrx_word' id='word_1_699' title='bbox 3020 4467 3381 4535; x_wconf 86' lang='grc' dir='ltr'>τελειοτάτης,</span> <span class='ocrx_word' id='word_1_700' title='bbox 3419 4465 3547 4537; x_wconf 82' lang='grc' dir='ltr'>τρία</span> <span class='ocrx_word' id='word_1_701' title='bbox 3581 4465 3711 4518; x_wconf 73' lang='grc' dir='ltr'>ὄντα</span> 
     </span>
    </p>
   </div>
   <div class='ocr_carea' id='block_1_95' title="bbox 452 4533 2030 4627">
    <p class='ocr_par' dir='ltr' id='par_1_95' title="bbox 452 4544 2028 4614">
     <span class='ocr_line' id='line_1_95' title="bbox 452 4544 2028 4614; baseline 0.002 -19"><span class='ocrx_word' id='word_1_702' title='bbox 452 4544 547 4614; x_wconf 93' lang='lat' dir='ltr'><strong>qui</strong></span> <span class='ocrx_word' id='word_1_703' title='bbox 591 4558 688 4612; x_wconf 88' lang='lat' dir='ltr'><strong>per</strong></span> <span class='ocrx_word' id='word_1_704' title='bbox 714 4544 1029 4614; x_wconf 81' lang='lat' dir='ltr'><strong>allegoriam</strong></span> <span class='ocrx_word' id='word_1_705' title='bbox 1069 4545 1152 4599; x_wconf 91' lang='lat' dir='ltr'><strong>sic</strong></span> <span class='ocrx_word' id='word_1_706' title='bbox 1189 4544 1554 4613; x_wconf 87' lang='lat' dir='ltr'><strong>appellantur,</strong></span> <span class='ocrx_word' id='word_1_707' title='bbox 1597 4545 1844 4614; x_wconf 74' lang='lat' dir='ltr'><strong>aequalis.</strong></span> <span class='ocrx_word' id='word_1_708' title='bbox 1892 4544 2028 4599; x_wconf 84' lang='lat' dir='ltr'><strong>Nam</strong></span> 
     </span>
    </p>
   </div>
   <div class='ocr_carea' id='block_1_96' title="bbox 2134 4533 3711 4627">
    <p class='ocr_par' dir='ltr' id='par_1_96' title="bbox 2138 4533 3711 4627">
     <span class='ocr_line' id='line_1_96' title="bbox 2138 4533 3711 4627; baseline 0.001 -21"><span class='ocrx_word' id='word_1_709' title='bbox 2138 4533 2339 4620; x_wconf 86' lang='grc' dir='ltr'>τέλεια,</span> <span class='ocrx_word' id='word_1_710' title='bbox 2365 4533 2463 4626; x_wconf 87' lang='grc' dir='ltr'><strong>μία</strong></span> <span class='ocrx_word' id='word_1_711' title='bbox 2495 4555 2738 4626; x_wconf 81' lang='grc' dir='ltr'>θεότης)’</span> <span class='ocrx_word' id='word_1_712' title='bbox 2788 4533 2987 4627; x_wconf 82' lang='grc' dir='ltr'>μᾶλλον</span> <span class='ocrx_word' id='word_1_713' title='bbox 3029 4557 3086 4611; x_wconf 87' lang='grc' dir='ltr'>δὲ</span> <span class='ocrx_word' id='word_1_714' title='bbox 3118 4559 3197 4621; x_wconf 87' lang='grc' dir='ltr'><strong>είς</strong></span> <span class='ocrx_word' id='word_1_715' title='bbox 3230 4533 3487 4610; x_wconf 80' lang='grc' dir='ltr'>σύστασιν</span> <span class='ocrx_word' id='word_1_716' title='bbox 3515 4558 3615 4627; x_wconf 79' lang='grc' dir='ltr'>τῆς</span> <span class='ocrx_word' id='word_1_717' title='bbox 3651 4557 3711 4609; x_wconf 88' lang='grc' dir='ltr'><strong>ἐν</strong></span> 
     </span>
    </p>
   </div>
   <div class='ocr_carea' id='block_1_97' title="bbox 452 4634 2029 4707">
    <p class='ocr_par' dir='ltr' id='par_1_97' title="bbox 452 4634 2029 4707">
     <span class='ocr_line' id='line_1_97' title="bbox 452 4634 2029 4707; baseline 0.002 -19"><span class='ocrx_word' id='word_1_718' title='bbox 452 4634 597 4690; x_wconf 88' lang='lat' dir='ltr'><strong>inter</strong></span> <span class='ocrx_word' id='word_1_719' title='bbox 634 4636 772 4690; x_wconf 83' lang='lat' dir='ltr'><strong>alios</strong></span> <span class='ocrx_word' id='word_1_720' title='bbox 811 4636 1035 4692; x_wconf 89' lang='lat' dir='ltr'><strong>minime</strong></span> <span class='ocrx_word' id='word_1_721' title='bbox 1067 4643 1344 4701; x_wconf 86' lang='lat' dir='ltr'><strong>censetur,</strong></span> <span class='ocrx_word' id='word_1_722' title='bbox 1376 4637 1468 4691; x_wconf 87' lang='lat' dir='ltr'><strong>sed</strong></span> <span class='ocrx_word' id='word_1_723' title='bbox 1490 4653 1582 4706; x_wconf 91' lang='lat' dir='ltr'><strong>per</strong></span> <span class='ocrx_word' id='word_1_724' title='bbox 1615 4653 1737 4693; x_wconf 89' lang='lat' dir='ltr'><strong>eum</strong></span> <span class='ocrx_word' id='word_1_725' title='bbox 1771 4638 1860 4692; x_wconf 88' lang='lat' dir='ltr'><strong>isti</strong></span> <span class='ocrx_word' id='word_1_726' title='bbox 1895 4653 2029 4707; x_wconf 84' lang='lat' dir='ltr'><strong>pro-</strong></span> 
     </span>
    </p>
   </div>
   <div class='ocr_carea' id='block_1_98' title="bbox 451 4726 2030 4800">
    <p class='ocr_par' dir='ltr' id='par_1_98' title="bbox 451 4726 2030 4800">
     <span class='ocr_line' id='line_1_98' title="bbox 451 4726 2030 4800; baseline 0.001 -19"><span class='ocrx_word' id='word_1_727' title='bbox 451 4728 624 4782; x_wconf 86' lang='lat' dir='ltr'><strong>creati</strong></span> <span class='ocrx_word' id='word_1_728' title='bbox 666 4736 818 4782; x_wconf 85' lang='lat' dir='ltr'><strong>sunt.</strong></span> <span class='ocrx_word' id='word_1_729' title='bbox 856 4726 934 4781; x_wconf 84' lang='lat' dir='ltr'><strong>Ita</strong></span> <span class='ocrx_word' id='word_1_730' title='bbox 978 4728 1124 4798; x_wconf 89' lang='lat' dir='ltr'><strong>quod</strong></span> <span class='ocrx_word' id='word_1_731' title='bbox 1166 4729 1505 4798; x_wconf 85' lang='lat' dir='ltr'><strong>impossibile</strong></span> <span class='ocrx_word' id='word_1_732' title='bbox 1544 4730 1702 4783; x_wconf 84' lang='lat' dir='ltr'><strong>initio</strong></span> <span class='ocrx_word' id='word_1_733' title='bbox 1744 4731 2030 4800; x_wconf 91' lang='lat' dir='ltr'><strong>proposuit</strong></span> 
     </span>
    </p>
   </div>
   <div class='ocr_carea' id='block_1_99' title="bbox 456 4817 2028 4888">
    <p class='ocr_par' dir='ltr' id='par_1_99' title="bbox 456 4817 2028 4888">
     <span class='ocr_line' id='line_1_99' title="bbox 456 4817 2028 4888; baseline 0.001 -18"><span class='ocrx_word' id='word_1_734' title='bbox 456 4817 667 4883; x_wconf 86' lang='lat' dir='ltr'><strong>Aetius,</strong></span> <span class='ocrx_word' id='word_1_735' title='bbox 700 4819 952 4888; x_wconf 81' lang='lat' dir='ltr'><strong>quodque</strong></span> <span class='ocrx_word' id='word_1_736' title='bbox 1005 4819 1345 4874; x_wconf 70' lang='lat' dir='ltr'><strong>contumelia:</strong></span> <span class='ocrx_word' id='word_1_737' title='bbox 1376 4820 1429 4873; x_wconf 90' lang='lat' dir='ltr'><strong>in</strong></span> <span class='ocrx_word' id='word_1_738' title='bbox 1464 4821 1628 4874; x_wconf 88' lang='lat' dir='ltr'><strong>Deum</strong></span> <span class='ocrx_word' id='word_1_739' title='bbox 1669 4835 1731 4873; x_wconf 91' lang='lat' dir='ltr'><strong>ac</strong></span> <span class='ocrx_word' id='word_1_740' title='bbox 1758 4821 2028 4875; x_wconf 87' lang='lat' dir='ltr'><strong>maledicti</strong></span> 
     </span>
    </p>
   </div>
   <div class='ocr_carea' id='block_1_100' title="bbox 455 4910 2021 4981">
    <p class='ocr_par' dir='ltr' id='par_1_100' title="bbox 455 4910 2021 4981">
     <span class='ocr_line' id='line_1_100' title="bbox 455 4910 2021 4981; baseline 0 -18"><span class='ocrx_word' id='word_1_741' title='bbox 455 4911 692 4979; x_wconf 81' lang='lat' dir='ltr'><strong>speciem</strong></span> <span class='ocrx_word' id='word_1_742' title='bbox 725 4910 976 4979; x_wconf 81' lang='lat' dir='ltr'><strong>habebat,</strong></span> <span class='ocrx_word' id='word_1_743' title='bbox 999 4911 1070 4965; x_wconf 93' lang='lat' dir='ltr'><strong>ob</strong></span> <span class='ocrx_word' id='word_1_744' title='bbox 1094 4911 1242 4965; x_wconf 89' lang='lat' dir='ltr'><strong>illam</strong></span> <span class='ocrx_word' id='word_1_745' title='bbox 1273 4925 1435 4980; x_wconf 90' lang='lat' dir='ltr'><strong>quam</strong></span> <span class='ocrx_word' id='word_1_746' title='bbox 1458 4910 1738 4965; x_wconf 79' lang='lat' dir='ltr'><strong>allinxerat</strong></span> <span class='ocrx_word' id='word_1_747' title='bbox 1770 4910 1878 4966; x_wconf 90' lang='lat' dir='ltr'><strong>Deo</strong></span> <span class='ocrx_word' id='word_1_748' title='bbox 1904 4927 2021 4981; x_wconf 88' lang='lat' dir='ltr'><strong>par-</strong></span> 
     </span>
    </p>
   </div>
   <div class='ocr_carea' id='block_1_101' title="bbox 456 5000 2028 5074">
    <p class='ocr_par' dir='ltr' id='par_1_101' title="bbox 456 5000 2028 5074">
     <span class='ocr_line' id='line_1_101' title="bbox 456 5000 2028 5074; baseline 0.001 -18"><span class='ocrx_word' id='word_1_749' title='bbox 456 5011 564 5056; x_wconf 86' lang='lat' dir='ltr'><strong>tem</strong></span> <span class='ocrx_word' id='word_1_750' title='bbox 593 5001 736 5072; x_wconf 72' lang='lat' dir='ltr'><strong>(quae</strong></span> <span class='ocrx_word' id='word_1_751' title='bbox 766 5003 988 5074; x_wconf 86' lang='lat' dir='ltr'><strong>quidem</strong></span> <span class='ocrx_word' id='word_1_752' title='bbox 1031 5017 1139 5057; x_wconf 92' lang='lat' dir='ltr'><strong>non</strong></span> <span class='ocrx_word' id='word_1_753' title='bbox 1182 5000 1517 5065; x_wconf 67' lang='lat' dir='ltr'><strong>diderentiae,</strong></span> <span class='ocrx_word' id='word_1_754' title='bbox 1565 5002 1658 5057; x_wconf 88' lang='lat' dir='ltr'><strong>sed</strong></span> <span class='ocrx_word' id='word_1_755' title='bbox 1702 5004 2028 5073; x_wconf 83' lang='lat' dir='ltr'><strong>aequalitatis</strong></span> 
     </span>
    </p>
   </div>
   <div class='ocr_carea' id='block_1_102' title="bbox 458 5091 2030 5165">
    <p class='ocr_par' dir='ltr' id='par_1_102' title="bbox 458 5091 2030 5165">
     <span class='ocr_line' id='line_1_102' title="bbox 458 5091 2030 5165; baseline 0.003 -20"><span class='ocrx_word' id='word_1_756' title='bbox 458 5107 585 5161; x_wconf 87' lang='lat' dir='ltr'><strong>pars</strong></span> <span class='ocrx_word' id='word_1_757' title='bbox 623 5102 729 5159; x_wconf 88' lang='lat' dir='ltr'><strong>est,</strong></span> <span class='ocrx_word' id='word_1_758' title='bbox 775 5094 911 5148; x_wconf 86' lang='lat' dir='ltr'><strong>adeo</strong></span> <span class='ocrx_word' id='word_1_759' title='bbox 942 5102 1001 5148; x_wconf 92' lang='lat' dir='ltr'><strong>ut</strong></span> <span class='ocrx_word' id='word_1_760' title='bbox 1034 5108 1142 5147; x_wconf 93' lang='lat' dir='ltr'><strong>non</strong></span> <span class='ocrx_word' id='word_1_761' title='bbox 1184 5093 1255 5148; x_wconf 90' lang='lat' dir='ltr'><strong>sit</strong></span> <span class='ocrx_word' id='word_1_762' title='bbox 1284 5091 1567 5161; x_wconf 87' lang='lat' dir='ltr'><strong>partienda</strong></span> <span class='ocrx_word' id='word_1_763' title='bbox 1595 5093 1873 5157; x_wconf 83' lang='lat' dir='ltr'><strong>divinitas,</strong></span> <span class='ocrx_word' id='word_1_764' title='bbox 1909 5110 2030 5165; x_wconf 73' lang='lat' dir='ltr'><strong>quae</strong></span> 
     </span>
    </p>
   </div>
   <div class='ocr_carea' id='block_1_103' title="bbox 457 5183 2030 5254">
    <p class='ocr_par' dir='ltr' id='par_1_103' title="bbox 457 5183 2030 5254">
     <span class='ocr_line' id='line_1_103' title="bbox 457 5183 2030 5254; baseline 0.001 -17"><span class='ocrx_word' id='word_1_765' title='bbox 457 5184 858 5252; x_wconf 78' lang='lat' dir='ltr'><strong>perfectissima</strong></span> <span class='ocrx_word' id='word_1_766' title='bbox 890 5200 1104 5254; x_wconf 89' lang='lat' dir='ltr'><strong>semper</strong></span> <span class='ocrx_word' id='word_1_767' title='bbox 1133 5191 1218 5239; x_wconf 89' lang='lat' dir='ltr'><strong>est</strong></span> <span class='ocrx_word' id='word_1_768' title='bbox 1255 5185 1310 5237; x_wconf 91' lang='lat' dir='ltr'><strong>in</strong></span> <span class='ocrx_word' id='word_1_769' title='bbox 1347 5184 1521 5239; x_wconf 89' lang='lat' dir='ltr'><strong>tribus</strong></span> <span class='ocrx_word' id='word_1_770' title='bbox 1559 5183 1814 5254; x_wconf 84' lang='lat' dir='ltr'><strong>perfectis</strong></span> <span class='ocrx_word' id='word_1_771' title='bbox 1845 5186 2030 5241; x_wconf 84' lang='lat' dir='ltr'><strong>consi-</strong></span> 
     </span>
    </p>
   </div>
   <div class='ocr_carea' id='block_1_104' title="bbox 2137 4645 3713 4719">
    <p class='ocr_par' dir='ltr' id='par_1_104' title="bbox 2137 4645 3713 4719">
     <span class='ocr_line' id='line_1_104' title="bbox 2137 4645 3713 4719; baseline 0.001 -21"><span class='ocrx_word' id='word_1_772' title='bbox 2137 4645 2364 4718; x_wconf 82' lang='grc' dir='ltr'>ἀληθείᾳ</span> <span class='ocrx_word' id='word_1_773' title='bbox 2390 4647 2625 4711; x_wconf 87' lang='grc' dir='ltr'>πίστεως</span> <span class='ocrx_word' id='word_1_774' title='bbox 2647 4648 2708 4701; x_wconf 83' lang='grc' dir='ltr'>τὸ</span> <span class='ocrx_word' id='word_1_775' title='bbox 2743 4649 2993 4714; x_wconf 84' lang='grc' dir='ltr'>ἀνόμοιον</span> <span class='ocrx_word' id='word_1_776' title='bbox 3016 4651 3149 4719; x_wconf 83' lang='grc' dir='ltr'>ἡμῖν</span> <span class='ocrx_word' id='word_1_777' title='bbox 3176 4647 3607 4719; x_wconf 83' lang='grc' dir='ltr'>ὲπησφαλίσατο,</span> <span class='ocrx_word' id='word_1_778' title='bbox 3632 4649 3713 4712; x_wconf 85' lang='grc' dir='ltr'><strong>είς</strong></span> 
     </span>
    </p>
   </div>
   <div class='ocr_carea' id='block_1_105' title="bbox 2136 4736 3714 4810">
    <p class='ocr_par' dir='ltr' id='par_1_105' title="bbox 2136 4736 3714 4810">
     <span class='ocr_line' id='line_1_105' title="bbox 2136 4736 3714 4810; baseline 0.004 -23"><span class='ocrx_word' id='word_1_779' title='bbox 2136 4736 2197 4788; x_wconf 86' lang='grc' dir='ltr'>τὸ</span> <span class='ocrx_word' id='word_1_780' title='bbox 2242 4736 2315 4807; x_wconf 83' lang='grc' dir='ltr'>μὴ</span> <span class='ocrx_word' id='word_1_781' title='bbox 2362 4736 2639 4808; x_wconf 78' lang='grc' dir='ltr'>νομίζειν,</span> <span class='ocrx_word' id='word_1_782' title='bbox 2682 4741 2821 4809; x_wconf 79' lang='grc' dir='ltr'>μήτε</span> <span class='ocrx_word' id='word_1_783' title='bbox 2880 4739 3159 4793; x_wconf 85' lang='grc' dir='ltr'>πείθεσθαι</span> <span class='ocrx_word' id='word_1_784' title='bbox 3198 4742 3310 4802; x_wconf 86' lang='grc' dir='ltr'>τοῖς</span> <span class='ocrx_word' id='word_1_785' title='bbox 3353 4738 3505 4810; x_wconf 83' lang='grc' dir='ltr'>παρὰ</span> <span class='ocrx_word' id='word_1_786' title='bbox 3554 4736 3714 4801; x_wconf 80' lang='grc' dir='ltr'>ἀξίαν</span> 
     </span>
    </p>
   </div>
   <div class='ocr_carea' id='block_1_106' title="bbox 2148 4827 3712 4902">
    <p class='ocr_par' dir='ltr' id='par_1_106' title="bbox 2148 4827 3712 4902">
     <span class='ocr_line' id='line_1_106' title="bbox 2148 4827 3712 4902; baseline 0.001 -22"><span class='ocrx_word' id='word_1_787' title='bbox 2148 4827 2415 4899; x_wconf 82' lang='grc' dir='ltr'>Ἑλλήνων</span> <span class='ocrx_word' id='word_1_788' title='bbox 2469 4831 2683 4883; x_wconf 88' lang='grc' dir='ltr'>πταίειν</span> <span class='ocrx_word' id='word_1_789' title='bbox 2734 4831 3063 4901; x_wconf 83' lang='grc' dir='ltr'>προπετείας</span> <span class='ocrx_word' id='word_1_790' title='bbox 3108 4831 3377 4902; x_wconf 78' lang='grc' dir='ltr'>προλήψει</span> <span class='ocrx_word' id='word_1_791' title='bbox 3430 4846 3712 4898; x_wconf 88' lang='grc' dir='ltr'>κατεγνω-</span> 
     </span>
    </p>
   </div>
   <div class='ocr_carea' id='block_1_107' title="bbox 2139 4916 3713 4992">
    <p class='ocr_par' dir='ltr' id='par_1_107' title="bbox 2139 4916 3713 4992">
     <span class='ocr_line' id='line_1_107' title="bbox 2139 4916 3713 4992; baseline 0.001 -22"><span class='ocrx_word' id='word_1_792' title='bbox 2139 4918 2353 4989; x_wconf 87' lang='grc' dir='ltr'>σμένοις</span> <span class='ocrx_word' id='word_1_793' title='bbox 2393 4920 2490 4990; x_wconf 86' lang='grc' dir='ltr'>τὴν</span> <span class='ocrx_word' id='word_1_794' title='bbox 2541 4922 2720 4975; x_wconf 83' lang='grc' dir='ltr'>πᾶσαν</span> <span class='ocrx_word' id='word_1_795' title='bbox 2751 4922 2930 4974; x_wconf 89' lang='grc' dir='ltr'>κτίσιν</span> <span class='ocrx_word' id='word_1_796' title='bbox 2973 4922 3374 4992; x_wconf 79' lang='grc' dir='ltr'>προσκυνητέον</span> <span class='ocrx_word' id='word_1_797' title='bbox 3408 4916 3571 4983; x_wconf 82' lang='grc' dir='ltr'>εἶναι,</span> <span class='ocrx_word' id='word_1_798' title='bbox 3615 4919 3713 4990; x_wconf 82' lang='grc' dir='ltr'>τὴν</span> 
     </span>
    </p>
   </div>
   <div class='ocr_carea' id='block_1_108' title="bbox 2134 5008 3713 5086">
    <p class='ocr_par' dir='ltr' id='par_1_108' title="bbox 2134 5008 3713 5086">
     <span class='ocr_line' id='line_1_108' title="bbox 2134 5008 3713 5086; baseline 0.003 -24"><span class='ocrx_word' id='word_1_799' title='bbox 2134 5009 2318 5065; x_wconf 81' lang='grc' dir='ltr'>ἄνοιαν</span> <span class='ocrx_word' id='word_1_800' title='bbox 2344 5012 2363 5043; x_wconf 88' lang='grc'>²</span> <span class='ocrx_word' id='word_1_801' title='bbox 2389 5008 2553 5066; x_wconf 76' lang='grc' dir='ltr'>οὖσαν</span> <span class='ocrx_word' id='word_1_802' title='bbox 2589 5013 2723 5084; x_wconf 81' lang='grc' dir='ltr'>πρὸς</span> <span class='ocrx_word' id='word_1_803' title='bbox 2757 5013 2848 5067; x_wconf 84' lang='grc' dir='ltr'>τὸν</span> <span class='ocrx_word' id='word_1_804' title='bbox 2886 5013 3358 5086; x_wconf 82' lang='grc' dir='ltr'>προσκυνούμενον</span> <span class='ocrx_word' id='word_1_805' title='bbox 3392 5012 3611 5082; x_wconf 72' lang='grc' dir='ltr'>Πατέρα</span> <span class='ocrx_word' id='word_1_806' title='bbox 3655 5010 3713 5060; x_wconf 83' lang='grc' dir='ltr'>ὲν</span> 
     </span>
    </p>
   </div>
   <div class='ocr_carea' id='block_1_109' title="bbox 2137 5096 3713 5175">
    <p class='ocr_par' dir='ltr' id='par_1_109' title="bbox 2137 5096 3713 5175">
     <span class='ocr_line' id='line_1_109' title="bbox 2137 5096 3713 5175; baseline 0.004 -22"><span class='ocrx_word' id='word_1_807' title='bbox 2137 5099 2269 5170; x_wconf 80' lang='grc' dir='ltr'>Υίῷ,</span> <span class='ocrx_word' id='word_1_808' title='bbox 2308 5102 2436 5156; x_wconf 78' lang='grc' dir='ltr'><strong>Υἱὸν</strong></span> <span class='ocrx_word' id='word_1_809' title='bbox 2477 5106 2534 5156; x_wconf 78' lang='grc' dir='ltr'><strong>ἐν</strong></span> <span class='ocrx_word' id='word_1_810' title='bbox 2567 5105 2742 5175; x_wconf 78' lang='grc' dir='ltr'>Πατρὶ</span> <span class='ocrx_word' id='word_1_811' title='bbox 2787 5105 2884 5158; x_wconf 82' lang='grc' dir='ltr'>σὺν</span> <span class='ocrx_word' id='word_1_812' title='bbox 2917 5105 3056 5175; x_wconf 84' lang='grc' dir='ltr'>ἁγίῳ</span> <span class='ocrx_word' id='word_1_813' title='bbox 3098 5096 3461 5175; x_wconf 81' lang='grc' dir='ltr'>Πνεύματι,ᾧ</span> <span class='ocrx_word' id='word_1_814' title='bbox 3503 5105 3537 5172; x_wconf 78' lang='grc' dir='ltr'>ἡ</span> <span class='ocrx_word' id='word_1_815' title='bbox 3584 5099 3713 5165; x_wconf 70' lang='grc' dir='ltr'><strong>δόξαν</strong></span> 
     </span>
    </p>
   </div>
   <div class='ocr_carea' id='block_1_110' title="bbox 2137 5193 2615 5260">
    <p class='ocr_par' dir='ltr' id='par_1_110' title="bbox 2137 5193 2615 5260">
     <span class='ocr_line' id='line_1_110' title="bbox 2137 5193 2615 5260; baseline 0.015 -17"><span class='ocrx_word' id='word_1_816' title='bbox 2137 5193 2215 5255; x_wconf 86' lang='grc' dir='ltr'><strong>εἰς</strong></span> <span class='ocrx_word' id='word_1_817' title='bbox 2240 5195 2367 5257; x_wconf 85' lang='grc' dir='ltr'>τοὺς</span> <span class='ocrx_word' id='word_1_818' title='bbox 2389 5195 2615 5260; x_wconf 77' lang='grc' dir='ltr'>αἰῶνας.</span> 
     </span>
    </p>
   </div>
   <div class='ocr_carea' id='block_1_111' title="bbox 457 5279 3712 5361">
    <p class='ocr_par' dir='ltr' id='par_1_111' title="bbox 457 5279 3712 5361">
     <span class='ocr_line' id='line_1_111' title="bbox 457 5279 3712 5361; baseline 0.003 -31"><span class='ocrx_word' id='word_1_819' title='bbox 457 5286 631 5341; x_wconf 77' lang='lat' dir='ltr'><strong>stens,</strong></span> <span class='ocrx_word' id='word_1_820' title='bbox 670 5295 776 5333; x_wconf 89' lang='lat' dir='ltr'><strong>una</strong></span> <span class='ocrx_word' id='word_1_821' title='bbox 808 5280 1123 5347; x_wconf 88' lang='lat' dir='ltr'><strong>divinitas);</strong></span> <span class='ocrx_word' id='word_1_822' title='bbox 1159 5280 1283 5342; x_wconf 88' lang='lat' dir='ltr'><strong>hoc,</strong></span> <span class='ocrx_word' id='word_1_823' title='bbox 1317 5279 1560 5348; x_wconf 90' lang='lat' dir='ltr'><strong>inquam,</strong></span> <span class='ocrx_word' id='word_1_824' title='bbox 1592 5279 1792 5350; x_wconf 87' lang='lat' dir='ltr'><strong>ipsum,</strong></span> <span class='ocrx_word' id='word_1_825' title='bbox 1825 5281 1973 5350; x_wconf 88' lang='lat' dir='ltr'><strong>quod</strong></span> <span class='ocrx_word' id='word_1_826' title='bbox 2001 5283 2068 5338; x_wconf 87' lang='lat' dir='ltr'><strong>de</strong></span> <span class='ocrx_word' id='word_1_827' title='bbox 2098 5284 2352 5344; x_wconf 87' lang='lat' dir='ltr'><strong>dissimili</strong></span> <span class='ocrx_word' id='word_1_828' title='bbox 2406 5290 2608 5361; x_wconf 86' lang='lat' dir='ltr'><strong>injecit,</strong></span> <span class='ocrx_word' id='word_1_829' title='bbox 2653 5292 2720 5347; x_wconf 92' lang='lat' dir='ltr'><strong>ad</strong></span> <span class='ocrx_word' id='word_1_830' title='bbox 2775 5292 3056 5348; x_wconf 87' lang='lat' dir='ltr'><strong>veritatem</strong></span> <span class='ocrx_word' id='word_1_831' title='bbox 3092 5293 3375 5345; x_wconf 58' lang='lat' dir='ltr'><strong>catholica</strong></span> <span class='ocrx_word' id='word_1_832' title='bbox 3423 5289 3546 5344; x_wconf 76' lang='lat' dir='ltr'><strong>fidei</strong></span> <span class='ocrx_word' id='word_1_833' title='bbox 3588 5303 3712 5343; x_wconf 83' lang='lat' dir='ltr'><strong>cor-</strong></span> 
     </span>
    </p>
   </div>
   <div class='ocr_carea' id='block_1_112' title="bbox 460 5371 3709 5452">
    <p class='ocr_par' dir='ltr' id='par_1_112' title="bbox 460 5371 3709 5452">
     <span class='ocr_line' id='line_1_112' title="bbox 460 5371 3709 5452; baseline 0.002 -30"><span class='ocrx_word' id='word_1_834' title='bbox 460 5371 822 5425; x_wconf 81' lang='lat' dir='ltr'><strong>ruborandam</strong></span> <span class='ocrx_word' id='word_1_835' title='bbox 868 5372 1164 5440; x_wconf 83' lang='lat' dir='ltr'><strong>plurimum</strong></span> <span class='ocrx_word' id='word_1_836' title='bbox 1217 5371 1470 5434; x_wconf 89' lang='lat' dir='ltr'><strong>contulit,</strong></span> <span class='ocrx_word' id='word_1_837' title='bbox 1536 5377 1595 5424; x_wconf 92' lang='lat' dir='ltr'><strong>ut</strong></span> <span class='ocrx_word' id='word_1_838' title='bbox 1649 5387 1717 5425; x_wconf 91' lang='lat' dir='ltr'><strong>ne</strong></span> <span class='ocrx_word' id='word_1_839' title='bbox 1766 5371 1982 5426; x_wconf 90' lang='lat' dir='ltr'><strong>illorum</strong></span> <span class='ocrx_word' id='word_1_840' title='bbox 2040 5379 2217 5431; x_wconf 91' lang='lat' dir='ltr'><strong>errori</strong></span> <span class='ocrx_word' id='word_1_841' title='bbox 2274 5379 2431 5435; x_wconf 84' lang='lat' dir='ltr'><strong>ﬁdem</strong></span> <span class='ocrx_word' id='word_1_842' title='bbox 2481 5382 2802 5447; x_wconf 86' lang='lat' dir='ltr'><strong>habeamus,</strong></span> <span class='ocrx_word' id='word_1_843' title='bbox 2839 5398 2978 5452; x_wconf 89' lang='lat' dir='ltr'><strong>quos</strong></span> <span class='ocrx_word' id='word_1_844' title='bbox 3025 5395 3305 5452; x_wconf 88' lang='lat' dir='ltr'><strong>perperam</strong></span> <span class='ocrx_word' id='word_1_845' title='bbox 3360 5380 3428 5435; x_wconf 89' lang='lat' dir='ltr'><strong>ad</strong></span> <span class='ocrx_word' id='word_1_846' title='bbox 3472 5386 3709 5434; x_wconf 81' lang='lat' dir='ltr'><strong>temera-</strong></span> 
     </span>
    </p>
   </div>
   <div class='ocr_carea' id='block_1_113' title="bbox 462 5464 3710 5540">
    <p class='ocr_par' dir='ltr' id='par_1_113' title="bbox 462 5464 3710 5540">
     <span class='ocr_line' id='line_1_113' title="bbox 462 5464 3710 5540; baseline 0.002 -22"><span class='ocrx_word' id='word_1_847' title='bbox 462 5464 601 5519; x_wconf 86' lang='lat' dir='ltr'><strong>riam</strong></span> <span class='ocrx_word' id='word_1_848' title='bbox 633 5467 915 5536; x_wconf 88' lang='lat' dir='ltr'><strong>gentilium</strong></span> <span class='ocrx_word' id='word_1_849' title='bbox 964 5466 1275 5537; x_wconf 77' lang='lat' dir='ltr'><strong>Opinionem</strong></span> <span class='ocrx_word' id='word_1_850' title='bbox 1313 5479 1375 5517; x_wconf 89' lang='lat' dir='ltr'><strong>ac</strong></span> <span class='ocrx_word' id='word_1_851' title='bbox 1410 5466 1852 5534; x_wconf 84' lang='lat' dir='ltr'><strong>superstitionem</strong></span> <span class='ocrx_word' id='word_1_852' title='bbox 1883 5466 2253 5526; x_wconf 62' lang='lat' dir='ltr'><strong>adharescere</strong></span> <span class='ocrx_word' id='word_1_853' title='bbox 2301 5474 2697 5540; x_wconf 88' lang='lat' dir='ltr'><strong>convincimus,</strong></span> <span class='ocrx_word' id='word_1_854' title='bbox 2748 5486 2801 5532; x_wconf 89' lang='lat' dir='ltr'><strong>et</strong></span> <span class='ocrx_word' id='word_1_855' title='bbox 2854 5492 3068 5531; x_wconf 89' lang='lat' dir='ltr'><strong>omnem</strong></span> <span class='ocrx_word' id='word_1_856' title='bbox 3115 5483 3423 5531; x_wconf 84' lang='lat' dir='ltr'><strong>creaturam</strong></span> <span class='ocrx_word' id='word_1_857' title='bbox 3473 5472 3710 5527; x_wconf 85' lang='lat' dir='ltr'><strong>adoran-</strong></span> 
     </span>
    </p>
   </div>
   <div class='ocr_carea' id='block_1_114' title="bbox 459 5553 3709 5642">
    <p class='ocr_par' dir='ltr' id='par_1_114' title="bbox 459 5553 3709 5642">
     <span class='ocr_line' id='line_1_114' title="bbox 459 5553 3709 5642; baseline 0.004 -36"><span class='ocrx_word' id='word_1_858' title='bbox 459 5553 584 5608; x_wconf 86' lang='lat' dir='ltr'><strong>dam</strong></span> <span class='ocrx_word' id='word_1_859' title='bbox 622 5571 745 5611; x_wconf 89' lang='lat' dir='ltr'><strong>esse</strong></span> <span class='ocrx_word' id='word_1_860' title='bbox 779 5556 1040 5626; x_wconf 84' lang='lat' dir='ltr'><strong>proﬁteri,</strong></span> <span class='ocrx_word' id='word_1_861' title='bbox 1063 5561 1415 5627; x_wconf 81' lang='lat' dir='ltr'><strong>quantumvis</strong></span> <span class='ocrx_word' id='word_1_862' title='bbox 1440 5559 1593 5615; x_wconf 84' lang='lat' dir='ltr'><strong>.Patri</strong></span> <span class='ocrx_word' id='word_1_863' title='bbox 1626 5562 1691 5616; x_wconf 91' lang='lat' dir='ltr'><strong>sit</strong></span> <span class='ocrx_word' id='word_1_864' title='bbox 1721 5560 2028 5628; x_wconf 85' lang='lat' dir='ltr'><strong>dissimilis,</strong></span> <span class='ocrx_word' id='word_1_865' title='bbox 2058 5564 2148 5633; x_wconf 88' lang='lat' dir='ltr'><strong>qui</strong></span> <span class='ocrx_word' id='word_1_866' title='bbox 2175 5562 2432 5621; x_wconf 85' lang='lat' dir='ltr'><strong>adoratur</strong></span> <span class='ocrx_word' id='word_1_867' title='bbox 2457 5565 2510 5618; x_wconf 90' lang='lat' dir='ltr'><strong>in</strong></span> <span class='ocrx_word' id='word_1_868' title='bbox 2541 5563 2699 5638; x_wconf 83' lang='lat' dir='ltr'><strong>Filio,</strong></span> <span class='ocrx_word' id='word_1_869' title='bbox 2734 5580 2788 5627; x_wconf 90' lang='lat' dir='ltr'><strong>et</strong></span> <span class='ocrx_word' id='word_1_870' title='bbox 2840 5569 2999 5638; x_wconf 87' lang='lat' dir='ltr'><strong>Filio,</strong></span> <span class='ocrx_word' id='word_1_871' title='bbox 3039 5557 3131 5642; x_wconf 82' lang='lat' dir='ltr'><strong>qui</strong></span> <span class='ocrx_word' id='word_1_872' title='bbox 3179 5571 3435 5626; x_wconf 82' lang='lat' dir='ltr'><strong>adoratur</strong></span> <span class='ocrx_word' id='word_1_873' title='bbox 3501 5567 3567 5622; x_wconf 65' lang='lat' dir='ltr'><strong>in’</strong></span> <span class='ocrx_word' id='word_1_874' title='bbox 3609 5563 3709 5619; x_wconf 75' lang='lat' dir='ltr'><strong>Pa-</strong></span> 
     </span>
    </p>
   </div>
   <div class='ocr_carea' id='block_1_115' title="bbox 461 5650 2016 5733">
    <p class='ocr_par' dir='ltr' id='par_1_115' title="bbox 461 5650 2016 5730">
     <span class='ocr_line' id='line_1_115' title="bbox 461 5650 2016 5730; baseline 0.01 -30"><span class='ocrx_word' id='word_1_875' title='bbox 461 5655 566 5712; x_wconf 82' lang='lat' dir='ltr'><strong>tre,</strong></span> <span class='ocrx_word' id='word_1_876' title='bbox 612 5665 733 5702; x_wconf 90' lang='lat' dir='ltr'><strong>cum</strong></span> <span class='ocrx_word' id='word_1_877' title='bbox 782 5659 974 5706; x_wconf 88' lang='lat' dir='ltr'><strong>saneto</strong></span> <span class='ocrx_word' id='word_1_878' title='bbox 1005 5650 1230 5721; x_wconf 87' lang='lat' dir='ltr'><strong>Spiritu,</strong></span> <span class='ocrx_word' id='word_1_879' title='bbox 1263 5656 1351 5708; x_wconf 90' lang='lat' dir='ltr'><strong>cui</strong></span> <span class='ocrx_word' id='word_1_880' title='bbox 1399 5655 1568 5730; x_wconf 80' lang='lat' dir='ltr'><strong>gloria</strong></span> <span class='ocrx_word' id='word_1_881' title='bbox 1603 5656 1674 5708; x_wconf 75' lang='lat' dir='ltr'><strong>sit</strong></span> <span class='ocrx_word' id='word_1_882' title='bbox 1716 5656 1770 5710; x_wconf 89' lang='lat' dir='ltr'><strong>in</strong></span> <span class='ocrx_word' id='word_1_883' title='bbox 1801 5658 2016 5718; x_wconf 75' lang='lat' dir='ltr'><strong>srecula.</strong></span> 
     </span>
    </p>
   </div>
   <div class='ocr_carea' id='block_1_116' title="bbox 538 5763 1426 5839">
    <p class='ocr_par' dir='ltr' id='par_1_116' title="bbox 538 5763 1426 5839">
     <span class='ocr_line' id='line_1_116' title="bbox 538 5763 1426 5839; baseline 0.008 -21"><span class='ocrx_word' id='word_1_884' title='bbox 538 5763 549 5788; x_wconf 88' lang='lat'><strong><em>‘</em></strong></span> <span class='ocrx_word' id='word_1_885' title='bbox 589 5766 647 5819; x_wconf 62' lang='grc' dir='ltr'><strong>ι’.</strong></span> <span class='ocrx_word' id='word_1_886' title='bbox 675 5768 764 5820; x_wconf 61' lang='grc' dir='ltr'>τὴν</span> <span class='ocrx_word' id='word_1_887' title='bbox 788 5767 934 5821; x_wconf 76' lang='grc' dir='ltr'><strong>Υἱὸν.</strong></span> <span class='ocrx_word' id='word_1_888' title='bbox 1013 5769 1031 5797; x_wconf 84' lang='grc'>²</span> <span class='ocrx_word' id='word_1_889' title='bbox 1063 5766 1118 5821; x_wconf 77' lang='lat' dir='ltr'><strong>F.</strong></span> <span class='ocrx_word' id='word_1_890' title='bbox 1156 5768 1426 5839; x_wconf 73' lang='grc' dir='ltr'>ἀνόμοιον.</span> 
     </span>
    </p>
   </div>
  </div>
