4134 6386
396 314 509 370 573

774 424 1033 477 ΔΕΤΙΟΥ
1058 424 1359 480 ΚΕΦΑΛΑΙ
1365 428 1456 480 ΟΝ
1496 428 1596 484 1Α’.

469 515 531 568 Εἰ
552 514 847 583 ἀγεννήτου
877 513 1094 583 φύσεως
1121 516 1380 588 ὑπάρχων
1408 520 1437 571 6
1465 518 1597 582 Θεὸς
1621 537 1649 571 ο
1673 520 1976 591 παντοκρά-

397 624 531 677 τωρ,
562 605 829 676 γεννητῆς
862 605 1077 675 φύσεως
1110 609 1211 662 οὐκ
1252 604 1392 662 οἶδεν
1435 610 1646 663 ἑαυτὸνο
1681 613 1710 663 6
1742 612 1797 663 δῖε
1826 612 1973 676 Υἱὸς,

395 696 662 768 γεννητῆς
702 695 919 765 φύσεως
958 698 1237 769 ὑπάρχων.
1279 698 1439 752 τοῦτο
1475 700 1731 768 γινώσκει
1765 702 1974 763 ἑαυτὸν,

396 790 535 860 ὅπερ
562 788 697 840 ὲστί·
725 787 843 863 πῶς
869 790 970 840 οὐκ
1001 788 1067 841 ἂν
1098 790 1183 861 εἴη
1218 789 1278 843 τὸ
1308 790 1594 861 ὁμοοὺσιον
1630 792 1845 861 ψεῦδος,
1885 794 1976 847 τοῦ

402 881 502 951 μὲν
530 880 890 949 γινώσκοντος
922 881 1114 935 ἑαυτὸν
1142 882 1460 953 ἀγέννητον,
1492 882 1587 936 τοῦ
1618 884 1675 937 δὲ
1700 885 1977 955 γεννητόν;

965 1074 1290 1144 Ἀνατροπὴ
1321 1076 1434 1129 IA'.

475 1163 717 1233 Ἐερησεν
758 1162 982 1228 Ἀἐτιος,
1024 1164 1120 1217 καὶ
1162 1163 1478 1234 ἀπεφήνατο
1499 1165 1526 1217 6
1552 1165 1861 1231 διαστολεὺς
1886 1168 1981 1221 καὶ

401 1255 661 1327 ὁροθὲτης
693 1255 786 1308 ἐπὶ
818 1254 1035 1324 φύσεως
1062 1254 1198 1308 Θεοῦ
1249 1256 1652 1328 διαλαμϐάνων,
1699 1259 1983 1330 ἄνθρωπος

402 1348 478 1400 ὢν
504 1349 570 1418 τῇ
605 1346 786 1416 φύσει,
830 1348 924 1400 καὶ
951 1347 1020 1401 τὰ
1049 1348 1190 1420 ὑπὲρ
1221 1347 1383 1416 φύσιν
1419 1349 1738 1421 βουλόμενος
1769 1350 1982 1414 εἰδέναι,

405 1438 607 1493 εἰδέναι
633 1440 690 1493 δὲ
723 1442 784 1493 οὐ
815 1439 957 1493 κατὰ
984 1438 1309 1495 ἀκολουθίαν
1340 1441 1584 1513 Γραφῆς,
1626 1441 1742 1495 ἀλλ’
1769 1444 1834 1495 ὲκ
1863 1442 1988 1495 συ).-

405 1530 682 1601 ἲογισμῶν
727 1529 985 1601 βροτείων
1032 1530 1431 1601 διανοημάτων.
1484 1533 1565 1586 ὅτι
1609 1552 1628 1585 ι
1668 1534 1985 1603 Ἀγεννήτου

407 1622 622 1690 φύσεως
648 1622 907 1694 ὑπάρχων
950 1622 978 1674 6
1019 1622 1152 1686 Θεὸς
1194 1625 1223 1676 6
1260 1625 1675 1696 παντοκράτωρ,
1722 1625 1990 1693 γεννητῆς

408 1714 625 1783 φύσεως
654 1713 755 1765 οὐκ
779 1708 921 1766 οἶδεν
947 1713 1160 1766 ἑαυτόν.
1194 1731 1212 1764 ι
1245 1714 1483 1768 Πάντοτε
1508 1714 1564 1767 δὲ
1586 1715 1671 1768 ἀεὶ
1692 1716 1787 1766 καὶ
1814 1715 1989 1785 ἀπαρ-

408 1810 508 1878 χξς
534 1806 627 1861 τοῦ
661 1806 842 1876 λόγου,
883 1806 1065 1861 οὐκέτι
1107 1806 1248 1860 κατά
1290 1808 1416 1871 τοὺς
1459 1808 1722 1870 παλαιοὺς
1778 1808 1992 1878 ’Λρεια-
2023 1792 2065 1846 Β

408 1900 552 1973 νοῦςι,
586 1896 690 1950 κᾶν
721 1897 1233 1967 ἀποκεκρυμμένως
1266 1896 1394 1949 Υἱὸν
1423 1896 1667 1966 βούλεται
1698 1897 1877 1965 λέγειν
1901 1896 1992 1949 τὸν

409 1989 710 2062 Μονογενῆ.
759 1988 849 2041 Ἐν
898 1991 1033 2043 πᾶσι
1082 1990 1138 2042 δὲ
1192 1988 1538 2059 θεωρήσατε,
1585 1990 1690 2043 υἱοὶ
1721 1991 1821 2061 τῆς
1858 1988 1993 2059 ἀλη-

410 2081 581 2145 θείας,
612 2081 686 2143 ὡς
724 2079 1040 2135 παντάπασι
1075 2080 1324 2150 βούλεται
1358 2079 1521 2133 αὐτὸν
1548 2079 1828 2151 ἀλλότριον
1854 2074 1994 2131 εἶναι

409 2172 504 2224 τοῦ
534 2170 770 2243 Πατρὸς,
814 2171 909 2225 καὶ
949 2171 1057 2224 οὐδ’
1090 2171 1224 2234 ὅλως
1262 2172 1556 2243 μετέχοντα
1589 2168 1777 2240 θεῖκῆς
1809 2169 1996 2232 οὐσίας

412 2264 472 2329 ἐξ
505 2255 580 2318 ῶν
607 2263 837 2317 πάντοτε
867 2262 1157 2334 τολμηρῶς
1198 2261 1625 2331 ἀποφθέγγεται.
1668 2260 1742 2313 Τὸ
1773 2260 1881 2331 γὰρ
1905 2258 1995 2311 λὲ-
2052 2272 2057 2277 '

411 2374 553 2425 γειν,
593 2356 676 2408 ὃτι
720 2355 881 2409 αὐτὸν
910 2355 1207 2424 ἀγέννητον
1238 2353 1519 2424 γινώσκει,
1550 2354 1643 2406 καὶ
1676 2351 1999 2422 γεννητικῆς

414 2447 628 2517 φύσεως
670 2448 771 2500 οὐκ
814 2446 954 2500 οἶδεν
989 2447 1200 2513 ἑαυτὸν,
1253 2446 1430 2518 μάτην
1470 2446 1603 2516 παρ’
1637 2444 1785 2514 αὐτῷ
1819 2444 1913 2497 καὶ
1936 2442 1999 2496 τὸ

414 2539 518 2594 κᾶν
538 2539 626 2593 ὁιά
655 2539 815 2610 ψιλῆς
844 2538 1044 2604 λέξεως
1067 2538 1194 2591 Υἱὺν
1217 2538 1309 2590 τὸν
1338 2535 1468 2589 Υίὸν
1496 2534 1798 2589 καλεῖσθαι.
1839 2534 1999 2586 Ἀνα-

410 2631 753 2701 τραπήσεται
795 2629 851 2682 δὲ
896 2627 1062 2681 αὑτοῦ
1107 2631 1135 2682 6
1174 2628 1352 2695 λόγος.
1398 2626 1508 2680 Καὶ
1550 2625 1661 2696 γὰρ
1707 2624 2001 2695 ἀγέννητός

414 2710 563 2773 ἐστιν
596 2723 624 2773 6
657 2720 871 2791 Πατὴρ,
914 2722 1009 2773 καὶ
1040 2719 1331 2789 ἐγέννησεν
1360 2717 1546 2780 ἀῖδίως
1577 2718 1669 2769 τὸν
1696 2716 1997 2787 Μονογενῆ,

415 2812 633 2881 φύσεως
659 2810 734 2865 ῶν
774 2813 937 2883 ἑαυτῇ
968 2811 1307 2883 πρεπούσης,
1349 2808 1429 2881 τῷ
1459 2810 1555 2864 ἕνα
1588 2810 1747 2881 μόνον
1773 2810 1861 2862 τὸν
1890 2809 2005 2862 Μο-

412 2906 604 2977 νογενῆ
656 2905 1060 2975 γεγεννηκέναι,
1114 2905 1207 2957 καὶ
1258 2902 1486 2973 Πνεῦμα
1532 2904 1861 2973 ἐνηνοχέναι,
1912 2901 2004 2954 τὸν

420 2999 578 3068 μόνον
608 2997 752 3067 μόνῳ
774 2997 865 3048 ἐπὶ
894 2996 1189 3062 Μονογενεῖ
1210 2994 1532 3064 γεννήτορα·
1564 2992 1623 3056 ὃς
1652 2990 1727 3061 τῷ
1753 2991 2004 3061 ἀνάρχως

415 3084 800 3155 γεγεννημένῳ
832 3084 947 3154 Υίῲ
986 3083 1344 3155 συνυπάρχει,
1385 3081 1605 3151 πνεῦμα
1648 3080 1743 3145 ὣν,
1779 3079 2004 3151 Πνεῦμα

417 3175 783 3248 γεγεννηκὼς,
819 3177 911 3228 καὶ
948 3176 1009 3228 οὐ
1045 3174 1206 3245 σῶμα
1232 3174 1308 3227 ῶν
1344 3172 1670 3245 σωματικῶς
1697 3170 1999 3225 διαστελλό-

425 3286 603 3339 μενον,
635 3268 755 3322 οὑδὲ
783 3267 968 3337 φθῖνον
1035 3268 1129 3321 καὶ
1169 3263 1329 3333 αῦξον
1368 3267 1463 3320 καὶ⁸
1491 3265 1665 3335 τομὴν
1703 3263 2005 3333 ὑφιστάμε-

421 3380 530 3415 νον.
565 3362 656 3414 Διὸ
685 3361 836 3433 παρά
862 3363 973 3425 τοῖς
1005 3359 1187 3423 ἄλλοις
1213 3361 1346 3412 πᾶσι
1380 3361 1492 3422 τοῖς
1525 3355 1884 3427 γεγεννηκόσι
1911 3354 2005 3407 καὶ

420 3451 777 3521 γεννωμένοις
821 3449 936 3503 ἀλλ’
960 3453 973 3480 ¹
1000 3450 1096 3502 ἐπὶ
1137 3447 1351 3501 πολλῶν
1393 3447 1701 3517 ἐπιδέχεται
1741 3449 1774 3517 ἡ
1823 3445 2000 3516 χρεία·

421 3541 656 3595 ἐνταῦθα
681 3542 737 3594 δὲ
769 3543 867 3612 οὐχ
892 3542 1077 3612 ὅμοιον
1096 3544 1206 3603 τοῖς
1229 3537 1347 3593 οῦσι
1377 3541 1540 3593 πᾶσιν
1562 3538 1706 3610 ήτοῦ
1728 3538 1848 3601 ἑνὸς
1869 3535 2006 3608 πρὸς

418 3636 512 3687 τὸν
534 3635 631 3688 ἕνα
659 3635 803 3702 ἀξία.
833 3635 923 3688 Διὸ
950 3636 1044 3687 καὶ
1075 3633 1235 3697 αὐτὸς
1262 3635 1289 3687 6
1318 3631 1598 3703 γεννηθεὶς
1624 3629 1915 3699 ἐξαιρέτως
1940 3629 2005 3681 ὲκ

418 3728 514 3780 τοῦ
548 3727 867 3798 ἐκπληκτως
900 3727 1282 3796 γεννήσαντος,
1330 3724 1520 3796 ὥσπερ
1557 3722 1667 3777 ἀπὸ
1707 3721 1802 3775 τοῦ
1842 3721 2005 3789 ἀγεν-

420 3822 584 3891 νήτου
614 3820 939 3891 γεγέννηται
970 3820 1312 3891 συμπρέπων
1343 3817 1422 3889 τῷ
1451 3818 1755 3888 γεννήτορι,
1784 3814 1877 3868 καὶ
1906 3815 2005 3867 αὑ-

420 3912 512 3975 τὸς
537 3912 599 3964 οὐ
634 3911 821 3983 γεννᾷ,
856 3911 1040 3965 οὐκέτι
1075 3911 1218 3963 κατὰ
1246 3911 1344 3981 τὴν
1374 3910 1563 3963 οὐσίαν
1593 3909 1756 3979 φημὶ,
1785 3907 1874 3961 ἵνα
1899 3906 2008 3960 ἀπὸ

420 4003 516 4056 τοῦ
550 4002 748 4073 μηκέτι
779 4004 972 4074 γεννᾷν
1005 4005 1127 4056 κατ’
1157 4003 1366 4066 οὐσίαν,
1396 4001 1491 4055 καὶ
1520 4001 1628 4054 ἀπὸ
1658 3999 1753 4052 τοῦ
1782 3999 1871 4051 τὸν
1894 3999 2008 4052 Πα-

421 4093 557 4164 τέρα
601 4093 676 4164 μὴ
718 4095 1101 4164 γεγεννῆσθαι,
1138 4094 1195 4160 ἐξ
1245 4093 1521 4164 ἑκατέρων
1554 4090 1735 4163 μερῶν
1781 4092 1814 4161 ή
1857 4091 2008 4143 πᾶσα

420 4185 549 4252 δόξα
579 4185 673 4239 τοῦ
706 4185 1014 4257 ἀξιώματος
1049 4186 1290 4256 σώζηται
1336 4188 1394 4238 ὲν
1431 4187 1496 4256 τῇ
1535 4185 1633 4255 μιᾷ
1664 4182 1876 4253 ἑνότητι
1905 4181 2007 4251 τῆς

423 4277 581 4344 ἀξίας
648 4277 819 4342 Θεοῦ,
856 4279 1071 4350 Πατρὸς
1112 4279 1317 4331 τελείου
1363 4279 1457 4331 καὶ
1492 4277 1625 4331 Υίοῦ
1668 4275 1873 4330 τελείου
1912 4276 2007 4327 καὶ

422 4370 631 4423 τελείου
666 4368 805 4423 Πνεύ
816 4388 983 4440 ματος
1004 4371 1184 4439 ἁγίου.
1214 4371 1325 4424 Καὶ
1349 4371 1436 4424 διά
1460 4369 1615 4422 τοῦτο
1640 4368 1701 4421 τὸ
1720 4370 2006 4438 ὁμοούσιον

1104 311 1471 370 ADVERSUS
1508 314 1853 370 H/ERESES
1889 317 1997 370 LIB

2101 317 2147 373 »1.
2194 313 2358 370 ΤΟΜ.
2399 311 2439 368 I.
2480 342 2548 353 -
2587 306 2844 364 ιιιεῐιεε
2898 305 3135 365 LXXVI.

3557 303 3665 360 57G

2577 422 2758 478 AETII
2790 421 3021 478 CAPUT
3059 420 3148 476 XI.

2157 521 2212 574 Si
2262 518 2502 590 ingenita
2566 528 2763 571 natura
2812 515 3074 586 pra-litus
3106 514 3248 569 Deus
3294 511 3662 582 omnipotens,

2085 615 2280 684 genita:
2312 621 2519 665 natura:
2551 608 2920 663 conditionem
2969 607 3024 661 in
3064 622 3184 663 sese
3232 622 3342 661 non
3384 606 3665 677 agnoscit;

2085 706 2255 761 Filius
2294 719 2425 757 vero
2453 703 2691 772 genitam
2738 709 2986 754 naturam
3036 700 3244 755 habens
3273 698 3665 769 ejusniodi,se,

2086 798 2265 868 qualis
2295 804 2401 859 est,
2424 795 2672 865 agnoscit
2707 810 2719 844 :
2760 808 2940 846 nonne
2962 799 3072 845 tota
3106 792 3195 845 illa
3225 790 3669 846 consubstantia-

2096 890 2163 943 Iis
2198 888 2338 942 ratio
2375 885 2605 940 mendax
2658 891 2742 938 est
2777 897 2838 936 ac
2863 882 3019 944 falsa,
3048 897 3172 935 cum
3201 882 3337 935 alter
3369 880 3668 952 ingenitum

2087 993 2230 1044 sese,
2264 978 2504 1050 genitum
2542 977 2677 1030 alter
2708 973 3001 1046 agnoscat?
3088 994 3091 997 ·

2650 1085 2957 1156 Confutatt’o
2995 1084 3105 1144 ΧῙ.

2160 1182 2351 1237 Aetius
2403 1180 2514 1245 ille,
2545 1179 2639 1250 qui
2682 1178 2739 1233 in
2768 1179 2950 1235 divina
2983 1186 3179 1233 natura
3219 1175 3513 1231 discrimen
3546 1190 3673 1229 ροη-

2092 1274 2318 1331 stituere
2371 1288 2435 1328 ac
2473 1274 2738 1327 terminos
2768 1269 3034 1342 quosdam
3069 1269 3295 1325 delinire
3341 1267 3672 1337 disputando

2091 1372 2322 1418 conatus
2347 1370 2452 1427 est,
2488 1377 2612 1417 cum
2643 1373 2836 1417 natura
2862 1345 3195 1416 conditionis
3220 1366 3366 1415 esset
3395 1360 3670 1420 humanae,

2093 1454 2297 1525 quique
2325 1470 2387 1509 ea
2433 1469 2555 1523 quae
2593 1460 2845 1523 naturam
2882 1468 3097 1507 onmem
3136 1458 3429 1520 superant,
3463 1466 3571 1503 non
3606 1465 3673 1503 ex

2095 1562 2375 1601 sacrarum
2408 1538 2737 1599 auctoritate
2777 1542 3131 1608 Litterarum,
3181 1541 3277 1598 sed
3307 1530 3389 1596 exi
3420 1542 3675 1596 humanis

2094 1634 2605 1691 ratiocinationibus
2654 1633 3119 1703 comprehendere
3162 1632 3394 1696 studuit,
3444 1631 3558 1691 sic,
3594 1631 3676 1709 in:-

2094 1742 2281 1795 quam,
2333 1726 2422 1780 ille
2464 1726 2833 1797 pronuntiavit
2884 1742 2897 1777 :
2945 1742 2965 1775 ι
2997 1722 3434 1793 Omnipotenlem
3479 1720 3670 1782 Deum,

2095 1829 2217 1868 cum
2254 1823 2447 1868 natura
2496 1817 2567 1869 sit
2612 1815 2917 1885 ingenitus,
2967 1815 3208 1884 genitum
3244 1829 3303 1867 se
3338 1820 3534 1866 natura
3575 1828 3676 1866 ne-

2093 1919 2367 1974 quaquam
2416 1903 2741 1975 intelligere.
2781 1923 2798 1956 ι
2847 1903 3002 1970 Quod
3028 1904 3246 1973 quidem
3284 1905 3358 1957 ita
3388 1914 3672 1974 perpetuo,

2093 2004 2148 2050 et
2185 1996 2252 2047 ab
2285 1995 2405 2063 ipso
2444 1995 2601 2049 initio
2633 1997 2902 2051 sermonis
2937 1996 3195 2061 asseruit,
3245 2001 3304 2049 ut
3340 2009 3370 2048 a
3399 1994 3677 2049 veteribus

2094 2083 2313 2138 Arianis
2353 2083 2635 2149 diSsideat,
2681 2083 2809 2137 licet
2855 2081 3050 2136 Filium
3108 2083 3449 2153 unigenitum
3500 2083 3680 2153 appel-

2097 2177 2211 2231 lare
2269 2174 2667 2230 dissimulando
2715 2175 2971 2230 voluerit.
3030 2173 3168 2227 Illud
3219 2189 3376 2241 vero,
3432 2173 3679 2228 veritatis

2099 2268 2226 2331 (itii,
2288 2268 2490 2335 ubique
2530 2267 2818 2338 diligenter
2874 2266 3184 2321 attendite:
3220 2265 3678 2339 quemadmodum

2098 2376 2128 2414 a
2165 2359 2328 2416 Patre
2368 2360 2618 2415 eumdem
2667 2360 2979 2415 abalienare
3017 2360 3232 2429 penitus
3272 2358 3522 2423 studeat,
3578 2372 3680 2410 nec

2102 2452 2212 2507 ullo
2260 2451 2420 2506 modo
2466 2451 2662 2505 divinae
2706 2451 3025 2506 substantiae
3073 2451 3389 2521 participem
3442 2464 3565 2504 esse
3613 2462 3681 2500 ex

2098 2541 2186 2595 his
2225 2540 2519 2603 ostendat,
2571 2555 2691 2609 qua:
2732 2539 3026 2594 identidem
3078 2549 3282 2594 temere
3326 2537 3681 2609 pronuntiare

2098 2630 2265 2701 950
2297 2646 2404 2685 non
2435 2631 2666 2685 dubitat.
2703 2629 2836 2684 Nam
2865 2645 2989 2684 cum
3023 2628 3237 2684 Patrem
3288 2640 3495 2685 asserat
3525 2630 3685 2699 inge-

2099 2723 2274 2775 nitum
2310 2736 2430 2777 sese
2460 2736 2817 2793 cognoscere,
2850 2737 3025 2791 neque
3067 2722 3369 2775 naturalem
3411 2722 3464 2774 in
3510 2736 3567 2775 se
3597 2736 3687 2791 ge-

2101 2813 2328 2868 nerandi
2376 2813 2686 2868 facultatem
2736 2829 2865 2870 esse
2913 2817 3076 2877 scire,
3121 2815 3320 2867 frustra
3355 2811 3549 2867 Filium
3597 2813 3683 2867 vel

2101 2903 2367 2957 vocabulo
2399 2914 2558 2959 tenus
2590 2901 2788 2958 Filium
2842 2905 3097 2973 appellat.
3132 2903 3332 2958 Verum
3370 2905 3524 2957 facile
3563 2904 3683 2973 ejus

2103 2995 2283 3049 oratio
2327 2979 2677 3049 refutabi'tur.
2730 2994 2864 3047 Nam
2895 3004 2948 3047 et
2983 2995 3257 3065 ingenitus
3288 3001 3371 3048 est
3402 2991 3590 3057 Pater;
3633 3003 3687 3048 et

2108 3087 2446 3156 unigenitum
2487 3086 2552 3139 ab
2574 3094 2780 3141 :cterno
2808 3085 3017 3156 genuit,
3044 3099 3169 3140 cum
3204 3094 3454 3139 naturam
3485 3085 3684 3139 habeat

2107 3178 2400 3248 ejusmodi,
2441 3194 2561 3247 quae
2600 3178 2703 3232 sibi
2753 3177 2855 3248 ipsi
2896 3177 3226 3232 conveniens
3273 3177 3385 3232 sit:
3416 3175 3684 3246 siquidem

2108 3286 2277 3324 unum
2305 3286 2369 3324 ac
2405 3270 2580 3326 solum
2611 3271 2903 3340 unigenam
2925 3267 3124 3323 Filium
3155 3270 3361 3339 genuit,
3392 3268 3688 3338 Spiritum-

2107 3377 2214 3432 que
2251 3362 2513 3432 produxit
2557 3362 2707 3416 solus
2758 3377 2882 3415 eum
2919 3362 3211 3431 Unigenito
3268 3361 3385 3416 solo
3433 3362 3682 3429 genitor;

2108 3452 2198 3524 qui
2231 3467 2356 3507 cum
2389 3450 2528 3505 Filio
2563 3452 2683 3506 sine
2709 3452 2820 3505 ullo
2865 3452 3021 3505 initio
3050 3452 3232 3521 genito
3267 3450 3425 3505 simul
3450 3450 3686 3516 exsistit,

2106 3552 2159 3600 et
2193 3560 2314 3600 cum
2345 3545 2573 3613 spiritus
2611 3543 2719 3607 sit,
2772 3541 3034 3613 Spiritum
3083 3542 3289 3613 genuit.
3339 3539 3525 3610 Neque
3558 3555 3689 3595 vero

2109 3649 2311 3705 corpus
2349 3642 2453 3700 est,
2486 3633 2633 3704 quod
2659 3648 2924 3702 corporeo
2973 3648 3126 3688 more
3176 3631 3538 3692 distrahatur,
3594 3639 3688 3683 aut

2108 3734 2494 3796 corrumpatur
2532 3734 2885 3795 augeaturve,
2935 3725 3019 3780 vel
3065 3709 3363 3778 sectionem
3425 3723 3685 3791 patiatur.

2107 3821 2472 3887 Quamobrem
2502 3819 2603 3873 etsi
2651 3819 2703 3872 in
2762 3819 2974 3872 caeteris
3009 3817 3265 3872 omnibus
3298 3832 3416 3886 quae
3461 3816 3689 3886 gignunt

2108 3918 2202 3965 aut
2229 3910 2546 3982 gignuntur,
2580 3907 2725 3961 aliud
2755 3908 3059 3963 necessitas
3097 3907 3209 3977 ipsa
3243 3906 3575 3960 conditionis
3606 3903 3687 3959 fe—

2106 4010 2226 4066 rat,
2258 4007 2440 4055 tamen
2469 3999 2560 4054 hic
2593 4000 2757 4054 unius
2797 3999 2863 4053 ad
2890 4014 3059 4052 unum
3090 4008 3406 4067 comparata
3441 3997 3685 4065 dignitas

2108 4092 2379 4148 dissimile
2417 4089 2675 4161 quiddam
2711 4101 2793 4145 est
2826 4091 2895 4145 ab
2920 4089 3042 4144 aliis
3070 4089 3283 4142 sortita.
3317 4085 3472 4141 Unde
3501 4095 3553 4139 et
3597 4098 3690 4155 ge—

2108 4184 2255 4238 nitus
2282 4184 2398 4252 ipse
2424 4181 2625 4236 eximia
2663 4181 2899 4257 quadam
2933 4180 3146 4234 ratione
3181 4193 3209 4230 a
3246 4176 3409 4231 Patre
3432 4216 3447 4240 ,
3474 4176 3565 4245 qui
3600 4174 3691 4228 ad-

2108 4271 2432 4326 mirabiliter
2478 4268 2685 4340 genuit,
2737 4277 2997 4338 tanquam
3055 4265 3122 4318 ab
3170 4264 3411 4332 ingenito
3470 4262 3689 4331 genitus

2107 4370 2213 4420 est,
2234 4360 2496 4430 genitoris
2520 4366 2731 4412 naturae
2755 4365 3180 4413 consentaneus.
3204 4354 3346 4408 Idem
3369 4353 3482 4421 ipse
3495 4365 3685 4421 porro,

422 4461 483 4512 οῦ
516 4459 711 4529 ψεῦδος
739 4458 879 4515 οἶδεν
910 4464 943 4532 ἡ
974 4461 1092 4514 Θεία
1122 4463 1335 4532 Γραερὴ,
1366 4460 1485 4513 οὐδὲ
1519 4462 1548 4513 6
1589 4459 1816 4530 εὐσεϐὴς
1855 4459 2000 4528 λογι-

2108 4451 2255 4522 quod
2286 4450 2503 4520 quidem
2536 4449 2601 4503 ad
2637 4458 2888 4502 naturam
2919 4448 3148 4508 attinet,
3189 4459 3295 4498 non
3328 4441 3562 4510 amplius
3595 4455 3688 4509 ge-

426 4551 560 4620 σμὸς
592 4554 621 4604 ὁ
649 4553 775 4623 περὶ
799 4552 1010 4622 Πατρὸς
1047 4551 1141 4604 καὶ
1200 4551 1331 4603 Υἱοῦ
1374 4551 1466 4603 καὶ
1494 4549 1651 4618 ἁγίου
1686 4550 2002 4620 Πνεῦματος

426 4643 664 4706 εὐσεϐῶς
707 4641 1063 4714 μεμαθηκὼς,
1103 4643 1164 4694 τὸ
1202 4641 1444 4706 δοξάζειν
1469 4641 1564 4694 καὶ
1588 4643 1915 4714 προσκυνεῖν
1939 4641 2004 4692 ὲκ

425 4733 561 4786 Θεοῦ
589 4734 768 4788 λαϐὼν
792 4734 889 4804 τὴν
913 4736 1095 4805 χάριν.

2111 4553 2288 4608 nerat,
2327 4553 2386 4597 ut
2415 4558 2480 4597 ex
2509 4557 2575 4596 eo
2605 4542 2750 4611 quod
2802 4540 2935 4593 nihil
2968 4542 3083 4608 ipse
3113 4546 3308 4590 natura
3353 4532 3689 4590 substantia-

2111 4651 2219 4706 que
2246 4635 2451 4705 gignat,
2488 4633 2649 4687 Pater
2685 4648 2814 4688 vero
2848 4646 2878 4685 a
2909 4631 3062 4684 nullo
3094 4629 3166 4684 sit
3209 4629 3424 4697 genitus
3448 4665 3462 4688 ,
3490 4623 3691 4677 divinae

2112 4727 2486 4799 amplitudinis
2512 4725 2685 4795 gloria
2718 4724 2774 4777 in
2824 4739 2934 4777 una
2977 4736 3041 4775 ac
3083 4719 3348 4788 singulari
3386 4716 3477 4769 Dei
3511 4714 3689 4784 digni-

2112 4826 2223 4872 tate
2251 4826 2522 4878 servetur,
2549 4814 2731 4869 Patris
2760 4814 3011 4869 videlicet
3045 4811 3292 4881 perfeeti,
3320 4806 3549 4877 perfecti
3589 4802 3683 4857 Fi-

429 4914 483 4967 lii
523 4930 585 4968 ac
620 4911 846 4984 perfecti
893 4914 1131 4986 Spiritus
1176 4915 1368 4969 sancti.
1440 4904 1739 4979 Qnarcum
1803 4912 1875 4965 ita
1933 4912 2077 4976 sint,
2115 4913 2234 4981 ipsa
2292 4909 2779 4967 consubstantialis
2842 4907 2984 4961 ratio
3055 4905 3189 4958 falsa
3253 4917 3319 4957 ex
3385 4898 3688 4969 Scripturis

429 5007 641 5060 ostendi
670 5007 892 5060 minime
914 5014 1113 5076 potest,
1136 5021 1311 5074 neque
1339 5005 1424 5073 pia
1455 5018 1519 5057 ac
1552 5002 1802 5072 religiosa
1831 5016 1983 5056 mens
2016 5003 2302 5070 repudiare
2332 5001 2474 5054 velut
2498 4999 2788 5053 confictam
2836 5001 3037 5064 potest,
3083 4992 3228 5063 quod
3276 4990 3345 5046 de
3400 4988 3579 5050 Patre,
3624 5001 3688 5041 ac

428 5096 567 5153 Filio
632 5109 934 5167 sanctoque
984 5098 1189 5169 Spiritu
1252 5097 1339 5165 pie
1404 5095 1652 5149 instituta
1698 5093 1883 5155 fuerit,
1946 5094 2303 5163 eamdemque
2366 5092 2644 5147 celebrare
2707 5095 2761 5143 et
2823 5086 3057 5142 adorare
3127 5099 3287 5154 posse
3341 5080 3686 5147 Trinitatem,

428 5190 616 5246 divino
655 5189 725 5243 sit
758 5189 1024 5244 beneficio
1054 5194 1372 5243 consecuta.

815 5299 1212 5354 ΚΕΦΑΛΑΙΟΝ
1242 5298 1491 5351 ΑΕΤΙΟΥ
1516 5295 1612 5350 IB’.

498 5392 563 5445 ΕΞ
599 5392 674 5463 μὴ
694 5393 756 5445 τὸ
789 5393 1081 5464 ἀγέννητον
1110 5395 1209 5464 τὴν
1245 5391 1541 5444 ὑπόστασιν
1569 5389 1664 5442 τοῦ
1690 5388 1828 5443 Θεοῦ
1857 5406 2002 5460 παρ-

433 5482 664 5553 ίστησιν,
692 5484 805 5536 ἀλλ’
836 5484 1088 5547 ὑπονοίας
1114 5485 1261 5536 ἐστὶν
1282 5480 1627 5554 ἀνθρωπίνης
1657 5482 1717 5534 τὸ
1742 5479 2008 5552 ἀσύγκριε

429 5590 521 5629 τον
556 5574 747 5645 ὄνομα,
784 5580 942 5648 χάριν
982 5580 1093 5640 τοῖς
1131 5576 1444 5645 ἐπινοήσασι
1483 5571 1738 5642 γινώσκει
1784 5572 1813 5625 6
1849 5571 2006 5640 Θεὸς,

506 5737 527 5771 ⁸
554 5737 616 5795 F.
640 5737 772 5794 ἀλλ’.

2596 5287 2777 5344 ΑΕΤΙΙ
2815 5285 3044 5341 CAPUT
3082 5284 3197 5338 ΧΙΙ.

2186 5385 2241 5439 Si
2289 5381 2511 5454 ingeniti
2544 5396 2648 5436 vox
2683 5379 2774 5435 Dei
2806 5378 3167 5434 substantiam
3205 5377 3426 5431 minime
3479 5376 3683 5441 signifi-

2112 5486 2239 5539 cat,
2287 5475 2382 5531 sed
2433 5469 2857 5541 iucomparabile
2888 5467 3271 5523 istndnomen
3320 5466 3388 5519 ab
3433 5463 3683 5519 humanis

2115 5567 2348 5640 ingeniis
2388 5563 2753 5636 excogitatum
2788 5568 2868 5616 est
2891 5599 2905 5625 ,
2941 5557 3081 5613 Deus
3115 5557 3183 5612 ob
3216 5556 3343 5611 illud
3395 5556 3570 5626 ipsum
3599 5554 3685 5608 in.
