4134 6392
441 294 549 356 575

1851 307 1908 360 S.
1954 307 2302 363 ΕΡΙΡΙΙᾹΝΙΙ

3594 305 3700 359 576

437 417 603 488 geniti
633 429 998 473 commentum
1034 420 1098 474 iis
1118 422 1210 490 qni
1236 423 1556 492 repererint,
1575 424 1767 496 gratias
1799 424 2019 480 debitor

2156 427 2210 480 :‘1
2241 427 2342 498 τὴν
2384 427 2677 496 ἀγέννητον
2723 428 2962 480 ἐπίνοιαν
3010 427 3109 497 τὴν
3152 424 3424 497 ὑπεροχὴν
3466 423 3560 476 τοῦ
3587 422 3702 475 ἀνό-

438 518 524 566 cst
545 551 561 578 ,
595 526 720 565 cum
749 519 902 566 tanto
927 513 1136 566 nomini
1181 518 1602 586 respondentem
1633 517 2014 574 excellentiam

442 601 499 656 in
528 589 765 658 essentia
801 618 900 659 sua
932 620 1039 659 non
1071 604 1287 662 habeat.

983 731 1296 804 Confutatio
1332 734 1471 791 XII.

513 843 740 917 lngeniti
797 862 934 912 vox,
1018 855 1076 902 ut
1138 850 1400 908 adversus
1452 851 1669 908 Aetium
1735 855 2026 910 contendi-

443 949 590 1000 rnus,
621 950 722 991 nec
752 936 984 992 inficiari
1014 954 1334 1009 possumus,
1361 943 1582 998 tametsi
1615 943 1670 998 in
1705 945 1882 1001 sacris
1911 944 2027 1000 Lit-

442 1029 578 1086 teris
607 1031 830 1088 minime
860 1034 1191 1103 reperiatur,
1222 1034 1383 1106 951
1418 1036 1507 1106 pie
1533 1045 1718 1092 tamen
1752 1046 1835 1094 est
1863 1053 2026 1094 exco-

442 1122 634 1192 gitata.
662 1121 806 1194 Ergo
841 1124 1144 1196 ingenitum
1169 1123 1386 1181 Patrem
1415 1129 1782 1199 appellamus,
1809 1145 1872 1186 ac
1901 1146 2028 1186 cono

445 1214 662 1270 titemur
689 1231 703 1266 :
735 1217 978 1288 genitum
1012 1232 1142 1274 vero
1174 1215 1372 1273 Filium
1406 1223 1710 1279 asserimus
1731 1262 1747 1286 ,
1776 1230 1832 1278 et
1871 1236 2026 1278 crea-

444 1311 561 1359 tum
605 1303 779 1363 fuisse
829 1324 1114 1380 negamus.
1168 1309 1304 1365 Nam
1355 1327 1482 1366 cmn
1539 1312 1732 1369 Filium
1785 1317 2026 1386 genitum

442 1411 567 1452 esse
599 1397 1074 1466 constituerimus,
1107 1402 1240 1473 quin
1275 1417 1304 1456 a
1334 1400 1445 1458 Deo
1469 1401 1631 1460 Patre
1663 1405 2026 1461 substantiam

445 1491 741 1560 acceperit,
774 1508 977 1564 negare
1009 1508 1117 1550 non
1153 1511 1470 1566 possumus.
1505 1495 1642 1552 Nam
1677 1501 2030 1570 generatione

447 1579 629 1650 ipsum
682 1582 978 1652 produxit,
1018 1598 1128 1640 non
1165 1589 1395 1644 creavit.
1433 1589 1599 1646 Actu
1648 1607 1932 1664 perperam
1974 1603 2030 1650 et

447 1670 672 1742 oblique
715 1674 958 1743 genitum
990 1675 1125 1731 illud
1155 1686 1210 1732 et
1248 1679 1556 1751 ingenitum
1589 1682 1901 1754 accipiens,
1929 1682 2029 1740 de-

449 1772 704 1835 torquere
728 1767 1073 1839 temetipsum
1107 1772 1299 1828 studes
1329 1776 1533 1845 (neque
1551 1776 1700 1829 enim
1723 1775 2028 1846 quidquam

450 1855 596 1910 aliud
626 1855 838 1927 eﬁicis),
873 1867 987 1914 tum
1013 1860 1082 1917 de
1127 1862 1384 1919 humanis
1420 1866 1940 1923 ratiocinationibus
1973 1875 2030 1923 et

450 1956 644 2019 arguta
675 1953 1080 2022 oppugnatione
1117 1954 1599 2028 disputationeque
1652 1966 1742 2012 tua
1766 1997 1781 2023 ,
1812 1959 1918 2014 hoc
1955 1967 2042 2016 est

2134 538 2302 594 ματος
2333 523 2394 575 ού
2430 523 2610 591 φέρων
2643 521 2700 573 ἐν
2723 521 2899 590 οὐσίᾳ.

2691 741 2966 807 Ἀνατροπ
2977 737 3009 806 ὴ
3036 739 3125 792 ῙΒ¹
3133 779 3148 794 .

2207 858 2317 913 Καὶ
2373 855 2698 927 ἀγέννητον,
2753 855 2829 919 ὼς
2885 854 3095 925 ἔφαμεν
3143 852 3276 924 πρὸς
3335 851 3427 903 τὸν
3504 847 3708 902 Ἀέτιον

2133 951 2561 1021 ἀποτεινόμενοι,
2603 946 2742 1021 [καὶ]
2780 949 2879 1001 οὐκ
2913 944 3245 1016 ἀρνούμεθα,
3281 944 3381 997 κάν
3407 959 3468 994 τε
3497 943 3554 994 ἐν
3589 938 3710 1010 θείᾳ

2135 1046 2324 1116 Γραφῇ
2361 1042 2436 1113 μὴ
2468 1041 2798 1112 ἐμφέρηται,
2844 1036 3082 1100 εὐσεϐῶς
3120 1034 3480 1105 ἐπινενόηται.
3525 1031 3711 1098 ’Λγέν-

2135 1153 2295 1208 νητον
2323 1134 2380 1188 δὲ
2412 1135 2714 1203 φάσκοντες
2743 1131 2834 1184 τὸν
2867 1129 3109 1201 Πατέρα,
3139 1128 3234 1181 καὶ
3261 1125 3554 1196 ἀγέννητον
3583 1126 3713 1195 ὁμο-

2136 1226 2419 1298 λογοῦμεν·
2458 1225 2716 1294 γεννητὸν
2740 1222 2800 1276 δὲ
2827 1220 2918 1274 τὸν
2948 1219 3073 1274 Υίδν
3100 1219 3201 1272 οὐκ
3225 1215 3557 1288 ἀρνούμεθα,
3597 1214 3713 1268 ἀλλ’

2135 1319 2257 1390 οὐχὶ
2301 1317 2536 1373 κτιστόνο
2576 1314 2701 1369 οὔτε
2745 1313 2875 1385 γὰρ,
2905 1312 3002 1366 ὲάν
3030 1309 3123 1364 τὸν
3153 1307 3279 1362 Υίδν
3312 1306 3572 1377 γεννητὸν
3599 1306 3716 1374 ὁρι-

2138 1412 2382 1484 σώμεθα,
2408 1414 2474 1466 ἐκ
2497 1409 2632 1463 Θεοῦ
2669 1407 2881 1479 Πατρὺς
2915 1404 3013 1476 τήν
3037 1403 3224 1457 οὐσίαν
3254 1401 3400 1472 ἔχειν
3429 1395 3715 1472 ἀρνεῖσθαι

2136 1505 2435 1578 δυνάμεθα.
2467 1501 2746 1574 Γεννητῶς
2773 1500 2882 1572 γάρ
2912 1496 3192 1569 ἐγέννησε,
3227 1494 3320 1548 καὶ
3349 1493 3450 1547 οὐκ
3479 1492 3732 1544 ἔκτισεν..

2151 1601 2238 1661 Ὠς
2261 1599 2373 1668 γὰρ
2397 1596 2568 1662 λοξῶς
2599 1595 2775 1650 πάντα
2809 1592 2902 1646 ἐπὶ
2933 1589 3029 1644 τοῦ
3070 1587 3330 1660 γεννητοῦ
3364 1587 3459 1641 καὶ
3486 1584 3720 1654 ἀγεννή-

2137 1711 2234 1748 του
2280 1690 2659 1760 διανοούμενος
2707 1685 3110 1758 παρεκτρέπειν
3157 1681 3349 1736 ἑαυτὸν
3395 1678 3573 1749 βούλει
3633 1675 3721 1747 (οὐ

2139 1785 2248 1856 γάρ
2271 1801 2325 1838 τι
2353 1781 2581 1854 ἕτερον),
2609 1779 2783 1844 οὕτως
2814 1778 2907 1831 καὶ
2931 1777 3094 1838 αὐτὸς
3120 1773 3342 1838 ἀκούεις
3363 1771 3421 1836 ἐξ
3440 1769 3719 1841 ἀνθρωπί-

2141 1894 2248 1930 νων
2315 1871 2690 1943 συλλογισμῶν
2749 1869 2846 1923 καὶ
2901 1867 3228 1928 ἀντιθέσεως
3285 1861 3721 1930 συλλογιστικῆς,

2140 1966 2488 2040 ἀνθρωπείας
2509 1981 2568 2017 τε
2597 1959 3091 2035 ματαιοφροσύνης,
3120 1957 3202 2020 τὸ,
3235 1957 3517 2025 Ἐγκειται
3543 1955 3577 2024 ή
3605 1954 3724 2007 διά-

449 2041 518 2096 de
545 2040 786 2096 humana
811 2044 1067 2106 stultitia,
1103 2047 1391 2103 commode
1427 2049 1560 2103 illud
1593 2065 1625 2105 e
1656 2051 1833 2106 sacris
1869 2049 2041 2106 Litte-

2152 2074 2261 2111 νοια
2287 2055 2382 2109 τοῦ
2408 2053 2698 2126 ἀνθρώπου
2737 2053 2828 2104 ἐπὶ
2856 2049 2927 2105 τὰ
2969 2049 3182 2120 πονηρά
3213 2044 3488 2118 ἐπιμελῶς
3511 2047 3576 2098 ἐκ
3607 2044 3724 2097 νεό-

451 2136 531 2191 ris
555 2135 822 2191 exaudire
853 2145 1008 2208 potes
1037 2157 1049 2194 :
1084 2138 1348 2209 Prompta
1386 2149 1472 2196 est
1507 2141 1750 2198 hominis
1785 2157 1942 2199 mens
1980 2143 2036 2198 in

450 2227 596 2281 mala
643 2227 986 2298 impensius,
1017 2232 1130 2298 jam
1178 2231 1305 2287 inde
1351 2233 1420 2287 ab
1450 2233 1882 2289 adolescentia“.
1930 2234 2042 2293 Nos

453 2329 636 2376 autem
669 2330 724 2377 et
759 2321 892 2377 illud
942 2331 1136 2378 contra
1201 2335 1252 2379 te
1281 2323 1464 2380 dicere
1499 2342 1790 2396 possumus
1822 2345 1836 2380 :
1871 2329 2043 2384 multo

453 2413 510 2468 id
562 2415 807 2470 increato
861 2415 972 2471 Deo
1017 2416 1294 2487 indignius
1324 2458 1338 2480 ,
1400 2427 1455 2474 et
1503 2421 1848 2477 indecenlius
1894 2437 2041 2485 esse,

453 2521 644 2562 creare
672 2507 937 2578 quidquid
963 2516 1047 2562 est
1071 2506 1373 2574 conditum,
1433 2519 1527 2563 aut
1560 2511 1654 2580 qui
1700 2526 1731 2564 a
1777 2512 1927 2565 nullo
1960 2512 2043 2565 la-

453 2609 579 2658 ctus
604 2612 689 2658 est
716 2602 915 2658 facere.
947 2602 1164 2667 Etenim
1195 2604 1265 2666 si,
1302 2604 1447 2673 quod
1480 2604 1672 2660 Aetius
1700 2606 1921 2668 asserit,
1956 2605 2042 2660 in-

455 2695 701 2766 genitum
749 2711 1012 2766 generare
1060 2711 1406 2766 nequaquam
1458 2696 1648 2762 decet,
1699 2713 2045 2767 consequens

454 2792 561 2849 est,
603 2801 704 2842 nec
734 2786 1039 2842 increatum
1077 2803 1265 2843 creare
1317 2787 1641 2858 quidquam,
1679 2806 1856 2860 neque
1885 2791 1976 2860 qui
2014 2805 2045 2844 a

457 2878 612 2932 nullo
645 2876 820 2933 factus
865 2888 983 2942 est,
1016 2895 1140 2949 qua:
1179 2889 1338 2934 erant
1368 2880 1655 2935 condenda
1693 2896 2040 2948 procreasse.

457 2968 724 3034 Quocirca
767 2984 894 3024 cum
936 2979 1138 3026 creata:
1186 2987 1275 3025 res
1323 2973 1502 3026 oculis
1549 2971 1938 3041 subjiciantur,
1980 2989 2046 3027 ac

460 3070 601 3113 nona
632 3073 759 3128 pars
789 3067 999 3114 natura:
1032 3060 1389 3116 subsistentis
1419 3068 1721 3130 appareat,
1769 3075 1870 3115 nec
1911 3059 2042 3114 illud

2139 2166 2322 2220 τητος.
2357 2145 2596 2216 Λέξομεν
2625 2147 2720 2199 καὶ
2750 2145 2923 2208 αὐτοὶ,
2947 2143 3027 2197 ὃτι
3057 2139 3266 2194 πολλῶν
3284 2140 3306 2170 ⁸
3335 2138 3534 2210 μᾶλλον
3560 2136 3727 2206 ἀπρέ-

2144 2259 2273 2296 πεια
2313 2240 2434 2312 Θεῷ
2473 2240 2552 2310 τῷ
2579 2239 2818 2308 ἀκτίστῳ
2845 2237 2905 2290 τὸ
2934 2235 3138 2300 κτίζειν
3174 2234 3242 2287 τά
3281 2230 3592 2293 κτισθέντα,
3630 2229 3725 2282 καὶ

2143 2334 2221 2405 τῷ
2243 2336 2489 2404 ἀποιήτῳ
2516 2333 2577 2386 τὸ
2603 2334 2796 2386 ποιεῖν.
2829 2331 2903 2384 Οὐ
2931 2328 3038 2398 γάρ
3063 2326 3336 2396 ἐνδέχεται
3357 2324 3448 2378 τὸν
3471 2322 3731 2376 ἀκτιστον

2144 2427 2347 2492 κτίζειν
2374 2426 2442 2480 τὰ
2473 2424 2782 2490 κτισθέντα,
2813 2422 2930 2495 [καὶ
2966 2421 3044 2491 τῷ
3074 2421 3322 2490 άποιήτῳ
3356 2417 3418 2470 τὸ
3447 2417 3642 2469 ποιεῖν·
3665 2415 3727 2467 οὐ

2145 2523 2254 2592 γὰρ
2277 2520 2546 2590 ἐνδέχεται
2573 2518 2674 2572 τὸν
2689 2519 2942 2572 ἀκτιστον
2970 2512 3225 2585 κτίζειν,]
3246 2509 3446 2564 καὶτὸν
3472 2508 3546 2580 μὴ
3572 2507 3728 2575 γενό-

2150 2626 2310 2680 μενον
2339 2612 2511 2662 ποιεῖν
2538 2609 2608 2661 τά
2643 2606 2895 2675 ἐσόμενα,
2930 2605 2978 2656 εί
3015 2603 3076 2656 οὑ
3108 2602 3307 2673 πρέπει
3341 2599 3418 2669 τῷ
3445 2597 3731 2666 ἀγεννήτῳ

2147 2703 2207 2755 τὺ
2245 2702 2441 2771 γεννᾷν
2487 2699 2628 2753 κατά
2666 2699 2759 2752 τὸν
2809 2697 3014 2750 Ἀετίου
3047 2695 3224 2761 λόγον.
3260 2692 3382 2745 Τῶν
3415 2690 3470 2744 δὲ
3496 2689 3730 2743 κτίσεων

2146 2792 2462 2866 ὁρωμένων,
2493 2793 2589 2846 καὶ
2614 2791 2707 2845 τοῦ
2735 2791 2988 2843 πλείστου
3027 2789 3222 2860 μέρους
3255 2785 3354 2855 τῆς
3382 2783 3568 2845 οὐσίας
3593 2781 3730 2834 bno-

2151 2888 2392 2949 στάσεως
2421 2886 2772 2955 φαινομένης,
2800 2882 2920 2952 Θεῷ
2947 2882 3003 2935 δὲ
3036 2881 3112 2950 τῷ
3141 2879 3383 2948 ἀκτίστῳ
3416 2875 3478 2928 τὸ
3508 2875 3601 2927 ὑπ’
3631 2873 3731 2926 αύ-

2150 2975 2242 3028 τοῦ
2276 2975 2556 3029 κεκτίσθαι
2587 2974 2661 3045 μὴ
2695 2973 3031 3044 πρεπούσης.
3068 2971 3156 3023 ἵνα
3191 2968 3264 3040 μὴ
3306 2968 3366 3021 τὸ
3401 2964 3740 3036 ἀσύγκριτον

2153 3067 2245 3119 ἐπὶ
2277 3064 2577 3136 μεταϐολὴν
2605 3065 2714 3116 τῶν
2752 3061 3062 3132 γενομένων
3101 3057 3432 3130 παρενεχθὲν
3477 3057 3599 3110 ἀντὶ
3637 3052 3733 3107 τοῦ

456 3148 679 3216 deceat,
728 3151 1004 3208 inereatus
1042 3162 1102 3206 ut
1151 3152 1299 3206 illam
1344 3151 1487 3207 Deus
1533 3153 1841 3214 creaverit,
1894 3167 1962 3206 ne
2001 3152 2045 3207 si

2156 3159 2456 3230 πρέποντος
2499 3156 2650 3227 παρά
2688 3154 2765 3226 τῷ
2822 3152 3011 3223 Ἀετίῳ
3059 3151 3303 3222 ἀπρεπὲς
3349 3147 3549 3219 μᾶλλον
3582 3161 3736 3214 νομιο

459 3243 888 3314 incomparabile
916 3244 1048 3299 illud
1079 3245 1146 3299 ad
1192 3261 1382 3300 eorum
1411 3261 1533 3316 quae
1568 3245 1712 3299 facta
1741 3253 1893 3309 sunt,
1923 3261 2045 3299 mu-

463 3335 682 3391 tabilem
709 3335 1087 3392 conditionem
1115 3337 1428 3405 abjiciatur,
1470 3351 1580 3391 non
1616 3336 1782 3391 modo
1816 3353 1924 3391 non
1959 3335 2050 3392 de-

459 3443 652 3484 corum
686 3429 779 3493 sit,
813 3429 906 3485 sed
937 3445 1004 3486 ex
1036 3430 1210 3499 ipsius
1230 3429 1372 3484 Aetii
1403 3429 1678 3484 sententia
1703 3429 1788 3484 vel
1814 3429 2050 3484 maxime

462 3519 745 3585 dedeceat,
776 3535 844 3576 eo
869 3536 961 3576 res
998 3521 1214 3576 tandem
1251 3520 1565 3584 adducitur,
1619 3528 1681 3574 ut
1727 3521 1865 3574 alter
1905 3520 2050 3575 Deus

465 3614 767 3677 increatus,
803 3613 939 3667 alter
969 3621 1211 3675 creatus,
1245 3614 1341 3682 qui
1386 3613 1452 3666 ad
1508 3613 1594 3668 sui
1633 3611 2048 3668 similitudinem

465 3719 661 3759 creare
690 3712 888 3758 caetera
929 3704 1137 3773 possit,
1184 3703 1514 3773 quaerendus
1555 3705 1750 3759 merito
1780 3704 2049 3758 videatur.

465 3795 589 3850 Jam
617 3810 749 3850 vero
779 3810 902 3849 cum
939 3795 1030 3849 hic
1073 3795 1191 3864 ipse
1239 3805 1459 3850 creatus
1503 3794 1681 3858 Deus,
1726 3804 1782 3849 et
1829 3793 2052 3850 creandi

469 3893 743 3959 potestate
792 3885 1072 3957 praeditus,
1133 3903 1163 3942 a
1208 3905 1266 3944 se
1309 3890 1428 3958 ipso
1475 3903 1584 3942 non
1614 3888 1910 3952 exstiterit,
1959 3888 2054 3942 sed

470 3987 694 4034 creatus
731 3987 991 4049 ponatur,
1042 3981 1372 4049 quarrendus
1413 3981 1610 4034 iterum
1646 3981 1784 4034 alter
1817 3980 1906 4033 ille
1937 3979 2058 4034 fue-

471 4072 562 4136 rit,
587 4086 618 4126 a
649 4087 758 4143 quo
787 4080 1043 4142 tanquam
1069 4087 1097 4124 a
1132 4073 1406 4142 principio
1433 4071 1712 4141 profectus
1734 4071 1825 4126 sit.
1852 4070 2057 4128 Deinde

469 4164 636 4222 etiam
671 4165 812 4220 alius
851 4174 974 4236 post
1005 4165 1182 4234 ipsmn
1219 4165 1638 4234 excogitandus.
1675 4163 1756 4219 Ex
1788 4181 1898 4236 quo
1928 4183 2059 4237 pro-

475 4255 839 4312 lundissimus
889 4257 990 4310 iste
1017 4271 1172 4311 error
1212 4256 1277 4310 ad
1335 4257 1612 4325 ingentem
1645 4257 1965 4327 dogmatum
2003 4267 2059 4313 et

474 4347 872 4403 sententiarum
931 4345 1328 4400 absurditatem
1409 4353 1688 4415 postremo
1743 4346 2056 4401 deducitur.

476 4437 664 4510 Neque
715 4439 862 4494 enim
912 4438 1218 4521 consistere
1275 4437 1494 4492 animus
1546 4438 1762 4507 uspiam
1824 4439 2059 4508 poterit;

2154 3249 2328 3320 σθείη,
2356 3247 2719 3320 ζητηθήσεται
2741 3245 2925 3298 λοιπὸν
2945 3245 3131 3315 ἔτερος
3153 3241 3228 3294 ὢν
3248 3240 3378 3302 Θεὸς
3403 3241 3431 3292 ὁ
3457 3239 3734 3299 ἀκτιστος,

2151 3342 2336 3413 ἓτερος
2365 3341 2421 3394 δὲ
2468 3342 2496 3393 ὁ
2540 3338 2800 3400 κτισθεὶς,
2845 3336 2942 3389 καὶ
2991 3335 3196 3399 κτίζειν
3237 3331 3516 3400 ἀναλόγως
3558 3329 3738 3399 ἑαυτῷ

2151 3433 2466 3502 δυνάμενος.
2485 3431 2590 3484 Τοῦ
2612 3429 2668 3483 δὲ
2689 3427 3044 3498 κεκτισμένου
3073 3427 3166 3479 καὶ
3190 3424 3250 3478 τὸ
3276 3423 3481 3488 κτίζειν
3499 3422 3735 3492 ἔχοντος,

2153 3525 2459 3592 αὐτομάτου
2499 3522 2574 3593 μὴ
2608 3522 2778 3585 ὅντος,
2799 3520 2934 3574 ἀλλὰ
2961 3517 3342 3587 κεκτισμένου,
3370 3515 3738 3586 ζητηθήσεται

2155 3617 2250 3670 καὶ
2292 3617 2476 3685 ἕτερος
2514 3616 2542 3667 ὁ
2577 3612 2766 3666 τούτου
2801 3613 2973 3673 αἴτιος
2999 3607 3258 3676 γεγονὼς,
3293 3606 3386 3660 καὶ
3412 3604 3522 3659 ἀπὸ
3547 3602 3738 3656 τούτου

2155 3705 2315 3768 ἀλλος
2332 3702 2768 3774 ἐπινοηθήσεται.
2793 3699 2904 3754 Kal.
2920 3697 3087 3768 πολλὴ
3108 3695 3259 3749 ἔσται
3283 3697 3316 3766 ή
3335 3693 3426 3748 τοῦ
3450 3692 3613 3763 βυθοῦ
3639 3692 3742 3762 τῆς

2159 3797 2367 3862 πλάνης
2399 3796 2433 3866 ὴ
2468 3791 2820 3865 ματαιολογία
2866 3791 2974 3844 τῶν
3018 3788 3327 3859 νοημάτων,
3375 3786 3475 3857 τῆς
3503 3783 3742 3846 διανοίας

2162 3890 2357 3962 μηκέτι
2396 3887 2783 3957 εὐσταθούσης,
2819 3885 2954 3938 άλλά
2991 3883 3306 3956 πληρούσης
3336 3881 3399 3934 τὸ
3427 3877 3738 3951 εἰρημένονο

2172 3980 2630 4051 Ἑμωρὰνθησαν
2657 3981 2712 4032 οἱ
2739 3977 2948 4032 δοῦλοι
2975 3975 3080 4028 τοῦ
3112 3973 3280 4028 Θεοῦ·
3307 3971 3406 4025 καί
3431 3967 3742 4038 ἐμωράνθη

2160 4071 2279 4137 πᾶς
2307 4069 2615 4138 ἅνθρωπος
2646 4067 2764 4122 ἀπὸ
2787 4065 3083 4136 γνώσεως.
3109 4064 3183 4118 Uti
3208 4063 3316 4134 γάρ
3337 4079 3421 4124 τις
3447 4057 3625 4128 ἐαυτῷ
3649 4058 3740 4127 ζῇ.

2160 4163 2281 4217 οὐδὲ⁹
2327 4159 2506 4230 ἑαυτῷ
2554 4157 2910 4229 ἀποθνήσκει·
2962 4153 3084 4208 οὐδέ
3130 4171 3215 4217 τις
3264 4150 3533 4221 γνώσεται
3588 4147 3744 4201 οὐδὲν

2164 4255 2338 4324 παρὲξ
2364 4253 2458 4306 τοῦ
2490 4250 2647 4312 Θεοῦ,
2687 4249 2780 4304 τοῦ
2814 4245 3262 4316 ἀποκαλύψαντος
3311 4245 3442 4314 ἡμῖν
3479 4240 3579 4312 τὴν
3612 4236 3745 4307 ἀλη-

2165 4345 2315 4415 θινὴν
2341 4343 2522 4395 πίστιν
2552 4339 2738 4404 αὑτοῦ,
2787 4337 3057 4406 λέγοντος
3097 4330 3287 4398 Οὗτός
3325 4333 3497 4385 ἐστιν
3526 4333 3559 4385 ό
3610 4328 3745 4389 Υίός

2159 4455 2277 4506 μου
2311 4439 2343 4490 ό
2375 4433 2700 4504 ἀγαπητὸς,
2735 4431 2833 4485 καὶ
2878 4427 3065 4494 αῦοῦ
3097 4427 3370 4481 ἀκούετεο
3413 4423 3508 4476 καὶ
3551 4419 3644 4474 τοῦ
3685 4419 3745 4485 ἐξ

477 4529 576 4587 sed
617 4529 752 4585 illud
786 4545 816 4586 e
863 4527 1169 4599 Scripturis
1201 4512 1459 4600 implebit
1491 4547 1504 4581 :
1555 4527 1722 4584 Stulti
1772 4530 1905 4598 [acti
1937 4547 2045 4584 sun,

2167 4528 2332 4584 αὑτοῦ
2353 4525 2751 4597 γεγεννημένου
2778 4521 3226 4592 ἀποκαλύψαντος
3249 4520 3384 4588 ἡμῖν
3406 4515 3497 4569 τὸν
3523 4512 3746 4584 Πατέρα

477 4623 579 4679 Dst'
627 4623 782 4679 servi.
833 4620 904 4674 Et
947 4621 1134 4691 fatuus
1184 4623 1355 4676 omnis
1400 4621 1556 4678 homo
1612 4621 1852 4676 redditus
1905 4633 1984 4676 est
2026 4639 2058 4675 a

477 4717 762 4774 scicntia'.
793 4712 980 4785 Neque
1010 4715 1155 4769 enim
1184 4715 1287 4770 sibi
1318 4715 1422 4785 ipsi
1456 4714 1750 4785 quisquam
1785 4714 1937 4778 vivit,
1969 4720 2063 4768 aut

483 4810 791 4874 moritur';
825 4824 1002 4877 neque
1044 4807 1325 4878 quidpiam
1375 4807 1664 4877 cognoscit
1709 4807 1888 4870 ullus,
1940 4806 2063 4862 sine

480 4918 584 4972 ope
615 4901 732 4966 Dei,
760 4900 852 4970 qui
882 4916 1068 4955 veram
1099 4899 1261 4954 nobis
1289 4897 1446 4952 ﬁdem
1473 4897 1758 4968 patefecit,
1784 4912 1848 4951 ac
1877 4897 2013 4951 dixit
2046 4915 2059 4952 :

486 4993 588 5050 llic
620 5004 698 5050 est
738 4991 916 5048 Filius
962 5009 1107 5047 meus
1146 4992 1408 5054 dilectus;
1452 4991 1625 5058 ipsum
1673 4988 1892 5044 audite‘
1939 5008 1952 5042 :
1997 5003 2062 5043 ac

486 5093 607 5149 sine
650 5091 798 5146 illius
837 5106 997 5160 quem
1055 5087 1242 5159 genuit
1287 5086 1529 5148 auxilio,
1578 5084 1670 5154 qui
1710 5098 1870 5139 suum
1906 5082 2066 5137 nobis

484 5190 697 5244 l‘atrem
725 5183 1020 5238 declaravit
1050 5183 1136 5238 his
1163 5181 1342 5236 verbis
1371 5194 1386 5232 :
1427 5179 1535 5250 Ego
1567 5195 1600 5230 a
1629 5176 1796 5230 Patre
1822 5176 1984 5238 exivi,
2013 5183 2064 5228 et

493 5279 700 5334 τείρεθ’.
721 5275 893 5332 Porro
920 5291 1098 5344 neque
1127 5290 1192 5330 ex
1223 5272 1506 5329 hominum
1539 5269 1901 5340 appellatione
1923 5266 2068 5321 Deus

481 5371 622 5429 illud
665 5368 1093 5439 incomparabile
1126 5366 1292 5438 952
1341 5365 1569 5420 sortitus
1618 5371 1739 5430 est;
1782 5377 1960 5431 neque
1995 5360 2067 5414 ob

491 5465 633 5520 idem
664 5461 1107 5533 incomparabile,
1151 5461 1262 5515 veri
1284 5475 1348 5514 ac
1383 5457 1739 5514 subsistentis
1762 5455 1854 5511 Dei
1880 5451 2064 5516 Verbi,

565 5641 580 5671 '
609 5643 742 5697 (ἴε-ιι.
778 5660 848 5708 vi,
874 5643 926 5697 5.

1051 5645 1072 5675 ³
1100 5638 1208 5700 Jer.
1238 5657 1347 5708 xw,
1405 5639 1500 5708 l0;
1531 5655 1604 5706 LI,
1639 5640 1722 5696 l7.

497 5711 696 5782 πῡλλῴ.

1831 5639 1850 5672 ³
1883 5639 2040 5693 liom.
2080 5649 2189 5703 xw,
2235 5632 2283 5685 7.

2169 4621 2358 4685 αὑτοῦ,
2386 4621 2479 4674 καὶ
2511 4619 2778 4686 λέγοντοςο
2814 4614 2957 4686 Ἐγὼ
2981 4616 3052 4668 ἐκ
3080 4611 3184 4667 τοῦ
3207 4609 3436 4678 Πατρός
3457 4606 3745 4676 ἐξῆλθον,

2169 4713 2268 4768 καὶ
2314 4713 2459 4779 ἥκω.
2511 4711 2619 4763 Καὶ
2659 4707 2782 4762 οὗτε
2827 4707 2937 4760 ἀπὸ
2988 4704 3280 4774 ὀνομασίας
3329 4700 3633 4773 ἀνθρώπων
3684 4697 3746 4751 τὸ

2169 4805 2501 4874 ἀσύγκριτον
2533 4801 2654 4870 ἔσχε
2685 4801 2836 4862 Θεὸς,
2863 4797 2985 4851 οὔτε
3009 4795 3098 4849 διά
3124 4795 3185 4847 τὸ
3213 4792 3546 4862 ἀσύγκριτον
3565 4791 3599 4860 ή
3622 4787 3750 4853 ἀξίιι

2169 4897 2264 4950 τοῦ
2313 4892 2564 4966 ἀληθινοῦ
2610 4891 2972 4945 ἐνυποστάτου
3005 4885 3140 4940 Θεοῦ
3186 4885 3382 4953 Λόγου,
3417 4883 3510 4937 καὶ
3537 4883 3602 4934 ἐκ
3631 4882 3719 4934 Πα

2167 4989 2295 5058 τοὺς
2335 4987 2590 5058 ἀνάρχως
2632 4983 2933 5054 ὁμοουσίως
2969 4977 3389 5050 γεγεννημένου,
3428 4990 3750 5044 παρεκτραο

2169 5082 2422 5154 πήσεται·
2450 5077 2572 5132 οὔτε
2601 5077 2862 5148 ὁποτέρου
2889 5073 2997 5127 τῶν
3033 5071 3314 5143 ὀνομάτων
3338 5070 3500 5140 χάριν
3529 5066 3750 5137 ἔχοντος

2171 5173 2435 5233 ἐπινοίαις
2473 5168 2796 5242 ἀνθρώπων.
2833 5167 2997 5220 Οὐδὲν
3035 5164 3145 5236 γὰρ
3177 5160 3657 5234 προσλαμϐάνεται
3687 5157 3751 5210 τὸ

2169 5267 2325 5319 Θεῖον
2375 5261 2739 5333 ἀξιώματοςῆ
2775 5257 3109 5330 προσθήκηςο
3151 5255 3282 5308 αὐτὸ
3325 5253 3380 5305 δὲ
3413 5253 3567 5304 Θείον
3614 5250 3750 5302 πᾶσι

2173 5355 2401 5426 παρέχει
2435 5355 2500 5406 ἐκ
2536 5351 2630 5406 τοῦ
2658 5349 2822 5405 αὑτοῦ
2847 5347 3228 5420 πληρώματος,
3257 5346 3343 5398 ἀεὶ
3376 5346 3433 5396 ἐν
3461 5340 3752 5410 ταυτότητι

2175 5449 2448 5520 μένοντος,
2488 5444 2583 5499 καὶ
2613 5444 2690 5516 μὴ
2715 5441 3125 5511 ἐλαττουμένου,
3165 5436 3278 5490 ἀλλ’
3315 5437 3372 5488 ἐν
3411 5438 3478 5505 τῇ
3520 5433 3628 5502 ἰδία
3657 5430 3726 5500 φέ

2389 5633 2406 5666 ³
2439 5630 2628 5686 Matth.
2665 5641 2791 5682 xm.
2840 5625 2892 5679 5.
3007 5621 3026 5652 ⁵
3058 5618 3213 5673 Joan.
3255 5630 3364 5681 χιι,
3401 5613 3488 5669 9.8.
3567 5613 3588 5644 ⁶
3619 5611 3751 5668 Cor.
