  <div class='ocr_page' id='page_1' title='image "/cluster/home/n/w/nwhite01/storage/ocr_20150623/42/nnc1.0046978682/316.png"; bbox 0 0 4134 6392; ppageno 0'>
   <div class='ocr_carea' id='block_1_1' title="bbox 392 344 3663 429">
    <p class='ocr_par' dir='ltr' id='par_1_1' title="bbox 392 344 3663 429">
     <span class='ocr_line' id='line_1_1' title="bbox 392 344 3663 429; baseline 0 -25"><span class='ocrx_word' id='word_1_1' title='bbox 392 350 489 405; x_wconf 72' lang='grc'><strong>577</strong></span> <span class='ocrx_word' id='word_1_2' title='bbox 1071 346 1434 404; x_wconf 72' lang='lat' dir='ltr'><strong>ADVERSUS</strong></span> <span class='ocrx_word' id='word_1_3' title='bbox 1472 345 1810 403; x_wconf 56' lang='lat' dir='ltr'><strong>HERESES</strong></span> <span class='ocrx_word' id='word_1_4' title='bbox 1850 345 1977 400; x_wconf 78' lang='lat' dir='ltr'><strong>LIB.</strong></span> <span class='ocrx_word' id='word_1_5' title='bbox 2016 344 2285 429; x_wconf 12' lang='lat' dir='ltr'><strong>lll.T‘0M.</strong></span> <span class='ocrx_word' id='word_1_6' title='bbox 2333 350 2370 403; x_wconf 85' lang='grc' dir='ltr'>Ι.</span> <span class='ocrx_word' id='word_1_7' title='bbox 2408 380 2475 389; x_wconf 89' lang='lat'><strong>-—</strong></span> <span class='ocrx_word' id='word_1_8' title='bbox 2508 349 2778 405; x_wconf 61' lang='lat' dir='ltr'><strong>ll/ERES.</strong></span> <span class='ocrx_word' id='word_1_9' title='bbox 2822 350 3057 407; x_wconf 75' lang='lat' dir='ltr'><strong>LXXVI.</strong></span> <span class='ocrx_word' id='word_1_10' title='bbox 3559 349 3663 406; x_wconf 73' lang='lat'><strong>578</strong></span> 
     </span>
    </p>
   </div>
   <div class='ocr_carea' id='block_1_2' title="bbox 390 448 1981 538">
    <p class='ocr_par' dir='ltr' id='par_1_2' title="bbox 390 465 1980 538">
     <span class='ocr_line' id='line_1_2' title="bbox 390 465 1980 538; baseline 0 -20"><span class='ocrx_word' id='word_1_11' title='bbox 390 482 578 535; x_wconf 77' lang='grc' dir='ltr'>ροντος</span> <span class='ocrx_word' id='word_1_12' title='bbox 620 466 707 518; x_wconf 71' lang='grc' dir='ltr'>ἀεὶ</span> <span class='ocrx_word' id='word_1_13' title='bbox 743 465 901 536; x_wconf 70' lang='grc' dir='ltr'>οὐσίᾳ</span> <span class='ocrx_word' id='word_1_14' title='bbox 949 467 1043 520; x_wconf 85' lang='grc' dir='ltr'><strong>τοῦ</strong></span> <span class='ocrx_word' id='word_1_15' title='bbox 1077 467 1359 538; x_wconf 74' lang='grc' dir='ltr'>ὀνόματος,</span> <span class='ocrx_word' id='word_1_16' title='bbox 1396 468 1491 520; x_wconf 72' lang='grc' dir='ltr'>καὶ</span> <span class='ocrx_word' id='word_1_17' title='bbox 1538 466 1837 536; x_wconf 76' lang='grc' dir='ltr'>δυνάμεως,</span> <span class='ocrx_word' id='word_1_18' title='bbox 1887 466 1980 518; x_wconf 75' lang='grc' dir='ltr'><strong>καὶ</strong></span> 
     </span>
    </p>
   </div>
   <div class='ocr_carea' id='block_1_3' title="bbox 2082 448 3667 538">
    <p class='ocr_par' dir='ltr' id='par_1_3' title="bbox 2084 448 3667 537">
     <span class='ocr_line' id='line_1_3' title="bbox 2084 448 3667 537; baseline -0.002 -16"><span class='ocrx_word' id='word_1_19' title='bbox 2084 477 2137 521; x_wconf 86' lang='lat' dir='ltr'><strong>et</strong></span> <span class='ocrx_word' id='word_1_20' title='bbox 2174 483 2202 521; x_wconf 88' lang='lat' dir='ltr'><strong>a</strong></span> <span class='ocrx_word' id='word_1_21' title='bbox 2232 467 2389 521; x_wconf 78' lang='lat' dir='ltr'><strong>Patre</strong></span> <span class='ocrx_word' id='word_1_22' title='bbox 2424 467 2543 521; x_wconf 79' lang='lat' dir='ltr'><strong>sine</strong></span> <span class='ocrx_word' id='word_1_23' title='bbox 2584 468 2696 521; x_wconf 92' lang='lat' dir='ltr'><strong>ullo</strong></span> <span class='ocrx_word' id='word_1_24' title='bbox 2726 448 2884 523; x_wconf 82' lang='lat' dir='ltr'><strong>initio</strong></span> <span class='ocrx_word' id='word_1_25' title='bbox 2911 468 3101 523; x_wconf 86' lang='lat' dir='ltr'><strong>eadem</strong></span> <span class='ocrx_word' id='word_1_26' title='bbox 3135 470 3189 523; x_wconf 91' lang='lat' dir='ltr'><strong>in</strong></span> <span class='ocrx_word' id='word_1_27' title='bbox 3230 465 3540 525; x_wconf 84' lang='lat' dir='ltr'><strong>substantia</strong></span> <span class='ocrx_word' id='word_1_28' title='bbox 3576 483 3667 537; x_wconf 79' lang='lat' dir='ltr'><strong>ge-</strong></span> 
     </span>
    </p>
   </div>
   <div class='ocr_carea' id='block_1_4' title="bbox 387 558 1981 628">
    <p class='ocr_par' dir='ltr' id='par_1_4' title="bbox 387 558 928 628">
     <span class='ocr_line' id='line_1_4' title="bbox 387 558 928 628; baseline 0.002 -15"><span class='ocrx_word' id='word_1_29' title='bbox 387 560 571 623; x_wconf 79' lang='grc' dir='ltr'>οὐσίας</span> <span class='ocrx_word' id='word_1_30' title='bbox 599 573 660 611; x_wconf 82' lang='grc' dir='ltr'><strong>το</strong></span> <span class='ocrx_word' id='word_1_31' title='bbox 690 558 928 628; x_wconf 81' lang='grc' dir='ltr'>ἀξίωμα.</span> 
     </span>
    </p>
   </div>
   <div class='ocr_carea' id='block_1_5' title="bbox 2082 558 3663 628">
    <p class='ocr_par' dir='ltr' id='par_1_5' title="bbox 2082 558 3663 627">
     <span class='ocr_line' id='line_1_5' title="bbox 2082 558 3663 627; baseline -0.001 -15"><span class='ocrx_word' id='word_1_32' title='bbox 2082 558 2178 612; x_wconf 90' lang='lat' dir='ltr'><strong>niti</strong></span> <span class='ocrx_word' id='word_1_33' title='bbox 2212 558 2453 627; x_wconf 75' lang='lat' dir='ltr'><strong>dignitas</strong></span> <span class='ocrx_word' id='word_1_34' title='bbox 2482 558 2857 626; x_wconf 78' lang='lat' dir='ltr'><strong>abrogabitur.</strong></span> <span class='ocrx_word' id='word_1_35' title='bbox 2914 558 3181 614; x_wconf 75' lang='lat' dir='ltr'><strong>Neutrum</strong></span> <span class='ocrx_word' id='word_1_36' title='bbox 3228 560 3375 613; x_wconf 82' lang='lat' dir='ltr'><strong>enim</strong></span> <span class='ocrx_word' id='word_1_37' title='bbox 3428 559 3663 614; x_wconf 83' lang='lat' dir='ltr'><strong>istorum</strong></span> 
     </span>
    </p>
   </div>
   <div class='ocr_carea' id='block_1_6' title="bbox 390 648 3667 723">
    <p class='ocr_par' dir='ltr' id='par_1_6' title="bbox 390 648 3667 723">
     <span class='ocr_line' id='line_1_6' title="bbox 390 648 3667 723; baseline -0.001 -20"><span class='ocrx_word' id='word_1_38' title='bbox 390 653 676 705; x_wconf 83' lang='lat' dir='ltr'><strong>nominum</strong></span> <span class='ocrx_word' id='word_1_39' title='bbox 715 651 953 723; x_wconf 80' lang='lat' dir='ltr'><strong>ingeniis</strong></span> <span class='ocrx_word' id='word_1_40' title='bbox 1000 650 1306 715; x_wconf 82' lang='lat' dir='ltr'><strong>hominum,</strong></span> <span class='ocrx_word' id='word_1_41' title='bbox 1337 651 1421 706; x_wconf 76' lang='lat' dir='ltr'><strong>rel</strong></span> <span class='ocrx_word' id='word_1_42' title='bbox 1449 650 1690 705; x_wconf 82' lang='lat' dir='ltr'><strong>inventis</strong></span> <span class='ocrx_word' id='word_1_43' title='bbox 1714 657 1997 721; x_wconf 85' lang='lat' dir='ltr'><strong>acceptum</strong></span> <span class='ocrx_word' id='word_1_44' title='bbox 2036 648 2316 702; x_wconf 76' lang='lat' dir='ltr'><strong>terendum</strong></span> <span class='ocrx_word' id='word_1_45' title='bbox 2350 655 2453 703; x_wconf 87' lang='lat' dir='ltr'><strong>est.</strong></span> <span class='ocrx_word' id='word_1_46' title='bbox 2482 648 2692 718; x_wconf 82' lang='lat' dir='ltr'><strong>Quippe</strong></span> <span class='ocrx_word' id='word_1_47' title='bbox 2749 649 2934 702; x_wconf 82' lang='lat' dir='ltr'><strong>divina</strong></span> <span class='ocrx_word' id='word_1_48' title='bbox 2972 660 3165 704; x_wconf 83' lang='lat' dir='ltr'><strong>natura</strong></span> <span class='ocrx_word' id='word_1_49' title='bbox 3225 666 3418 705; x_wconf 82' lang='lat' dir='ltr'><strong>novam</strong></span> <span class='ocrx_word' id='word_1_50' title='bbox 3460 651 3667 704; x_wconf 79' lang='lat' dir='ltr'><strong>nullam</strong></span> 
     </span>
    </p>
   </div>
   <div class='ocr_carea' id='block_1_7' title="bbox 390 739 3669 812">
    <p class='ocr_par' dir='ltr' id='par_1_7' title="bbox 390 739 3669 812">
     <span class='ocr_line' id='line_1_7' title="bbox 390 739 3669 812; baseline -0.001 -16"><span class='ocrx_word' id='word_1_51' title='bbox 390 741 723 812; x_wconf 89' lang='lat' dir='ltr'><strong>dignitatem</strong></span> <span class='ocrx_word' id='word_1_52' title='bbox 774 740 1221 796; x_wconf 82' lang='lat' dir='ltr'><strong>aceessionemve</strong></span> <span class='ocrx_word' id='word_1_53' title='bbox 1272 748 1458 812; x_wconf 88' lang='lat' dir='ltr'><strong>potest</strong></span> <span class='ocrx_word' id='word_1_54' title='bbox 1520 741 1857 797; x_wconf 87' lang='lat' dir='ltr'><strong>admittere:</strong></span> <span class='ocrx_word' id='word_1_55' title='bbox 1893 741 2026 811; x_wconf 85' lang='lat' dir='ltr'><strong>quin</strong></span> <span class='ocrx_word' id='word_1_56' title='bbox 2082 740 2265 809; x_wconf 87' lang='lat' dir='ltr'><strong>potius</strong></span> <span class='ocrx_word' id='word_1_57' title='bbox 2308 754 2373 792; x_wconf 79' lang='lat' dir='ltr'><strong>ex</strong></span> <span class='ocrx_word' id='word_1_58' title='bbox 2414 754 2480 793; x_wconf 89' lang='lat' dir='ltr'><strong>eo</strong></span> <span class='ocrx_word' id='word_1_59' title='bbox 2526 739 2672 810; x_wconf 89' lang='lat' dir='ltr'><strong>quod</strong></span> <span class='ocrx_word' id='word_1_60' title='bbox 2727 741 2885 811; x_wconf 80' lang='lat' dir='ltr'><strong>plene</strong></span> <span class='ocrx_word' id='word_1_61' title='bbox 2932 742 2986 795; x_wconf 92' lang='lat' dir='ltr'><strong>in</strong></span> <span class='ocrx_word' id='word_1_62' title='bbox 3038 758 3160 797; x_wconf 84' lang='lat' dir='ltr'><strong>sese</strong></span> <span class='ocrx_word' id='word_1_63' title='bbox 3212 743 3669 811; x_wconf 69' lang='lat' dir='ltr'><strong>abundanterqu»</strong></span> 
     </span>
    </p>
   </div>
   <div class='ocr_carea' id='block_1_8' title="bbox 389 826 3659 905">
    <p class='ocr_par' dir='ltr' id='par_1_8' title="bbox 389 826 3659 905">
     <span class='ocr_line' id='line_1_8' title="bbox 389 826 3659 905; baseline 0 -19"><span class='ocrx_word' id='word_1_64' title='bbox 389 834 657 899; x_wconf 74' lang='lat' dir='ltr'><strong>continet,</strong></span> <span class='ocrx_word' id='word_1_65' title='bbox 684 835 941 891; x_wconf 88' lang='lat' dir='ltr'><strong>omnibus</strong></span> <span class='ocrx_word' id='word_1_66' title='bbox 983 836 1314 905; x_wconf 85' lang='lat' dir='ltr'><strong>suppeditat,</strong></span> <span class='ocrx_word' id='word_1_67' title='bbox 1347 835 1538 891; x_wconf 89' lang='lat' dir='ltr'><strong>eodem</strong></span> <span class='ocrx_word' id='word_1_68' title='bbox 1572 835 1627 888; x_wconf 93' lang='lat' dir='ltr'><strong>in</strong></span> <span class='ocrx_word' id='word_1_69' title='bbox 1658 842 1806 889; x_wconf 87' lang='lat' dir='ltr'><strong>statu</strong></span> <span class='ocrx_word' id='word_1_70' title='bbox 1844 847 2194 904; x_wconf 83' lang='lat' dir='ltr'><strong>permanens,</strong></span> <span class='ocrx_word' id='word_1_71' title='bbox 2227 848 2328 888; x_wconf 90' lang='lat' dir='ltr'><strong>nec</strong></span> <span class='ocrx_word' id='word_1_72' title='bbox 2359 832 2471 884; x_wconf 84' lang='lat' dir='ltr'><strong>ullo</strong></span> <span class='ocrx_word' id='word_1_73' title='bbox 2513 826 2676 887; x_wconf 87' lang='lat' dir='ltr'><strong>modo</strong></span> <span class='ocrx_word' id='word_1_74' title='bbox 2732 833 3028 899; x_wconf 85' lang='lat' dir='ltr'><strong>diminuta,</strong></span> <span class='ocrx_word' id='word_1_75' title='bbox 3073 849 3137 888; x_wconf 88' lang='lat' dir='ltr'><strong>ac</strong></span> <span class='ocrx_word' id='word_1_76' title='bbox 3191 835 3412 891; x_wconf 84' lang='lat' dir='ltr'><strong>demum</strong></span> <span class='ocrx_word' id='word_1_77' title='bbox 3474 835 3659 892; x_wconf 73' lang='lat' dir='ltr'><strong>nonni-</strong></span> 
     </span>
    </p>
   </div>
   <div class='ocr_carea' id='block_1_9' title="bbox 390 926 2707 1002">
    <p class='ocr_par' dir='ltr' id='par_1_9' title="bbox 390 926 2707 1002">
     <span class='ocr_line' id='line_1_9' title="bbox 390 926 2707 1002; baseline -0.001 -19"><span class='ocrx_word' id='word_1_78' title='bbox 390 930 477 983; x_wconf 90' lang='lat' dir='ltr'><strong>nis</strong></span> <span class='ocrx_word' id='word_1_79' title='bbox 502 931 649 986; x_wconf 88' lang='lat' dir='ltr'><strong>illius</strong></span> <span class='ocrx_word' id='word_1_80' title='bbox 680 945 743 986; x_wconf 92' lang='lat' dir='ltr'><strong>ac</strong></span> <span class='ocrx_word' id='word_1_81' title='bbox 777 930 1065 1002; x_wconf 88' lang='lat' dir='ltr'><strong>potestatis</strong></span> <span class='ocrx_word' id='word_1_82' title='bbox 1088 938 1143 985; x_wconf 92' lang='lat' dir='ltr'><strong>et</strong></span> <span class='ocrx_word' id='word_1_83' title='bbox 1172 930 1495 985; x_wconf 74' lang='lat' dir='ltr'><strong>substantia:</strong></span> <span class='ocrx_word' id='word_1_84' title='bbox 1517 929 1835 1000; x_wconf 84' lang='lat' dir='ltr'><strong>dignitatem</strong></span> <span class='ocrx_word' id='word_1_85' title='bbox 1860 929 1917 983; x_wconf 87' lang='lat' dir='ltr'><strong>in</strong></span> <span class='ocrx_word' id='word_1_86' title='bbox 1948 936 2144 981; x_wconf 86' lang='lat' dir='ltr'><strong>natura</strong></span> <span class='ocrx_word' id='word_1_87' title='bbox 2175 942 2275 981; x_wconf 87' lang='lat' dir='ltr'><strong>sua</strong></span> <span class='ocrx_word' id='word_1_88' title='bbox 2306 926 2707 996; x_wconf 86' lang='lat' dir='ltr'><strong>complectitur.</strong></span> 
     </span>
    </p>
   </div>
   <div class='ocr_carea' id='block_1_10' title="bbox 768 1040 1590 1099">
    <p class='ocr_par' dir='ltr' id='par_1_10' title="bbox 768 1040 1590 1099">
     <span class='ocr_line' id='line_1_10' title="bbox 768 1040 1590 1099; baseline 0.002 -2"><span class='ocrx_word' id='word_1_89' title='bbox 768 1044 1168 1098; x_wconf 77' lang='grc' dir='ltr'><strong>ΚΕΦΑΛΑΙΟΝ</strong></span> <span class='ocrx_word' id='word_1_90' title='bbox 1204 1040 1459 1098; x_wconf 77' lang='grc' dir='ltr'><strong>ᾹΕἸΊΟΥ</strong></span> <span class='ocrx_word' id='word_1_91' title='bbox 1490 1043 1590 1099; x_wconf 79' lang='grc' dir='ltr'><strong>1Γ’.</strong></span> 
     </span>
    </p>
   </div>
   <div class='ocr_carea' id='block_1_11' title="bbox 460 1133 1973 1207">
    <p class='ocr_par' dir='ltr' id='par_1_11' title="bbox 460 1133 1973 1207">
     <span class='ocr_line' id='line_1_11' title="bbox 460 1133 1973 1207; baseline 0 -20"><span class='ocrx_word' id='word_1_92' title='bbox 460 1134 521 1187; x_wconf 81' lang='lat' dir='ltr'><strong>El</strong></span> <span class='ocrx_word' id='word_1_93' title='bbox 553 1133 752 1201; x_wconf 79' lang='grc' dir='ltr'>ἔξωθεν</span> <span class='ocrx_word' id='word_1_94' title='bbox 780 1135 1163 1207; x_wconf 81' lang='grc' dir='ltr'>έπιθεωρεῖται</span> <span class='ocrx_word' id='word_1_95' title='bbox 1187 1135 1264 1207; x_wconf 79' lang='grc' dir='ltr'>τῷ</span> <span class='ocrx_word' id='word_1_96' title='bbox 1284 1134 1402 1206; x_wconf 83' lang='grc' dir='ltr'><strong>Θεῷ</strong></span> <span class='ocrx_word' id='word_1_97' title='bbox 1429 1136 1743 1207; x_wconf 81' lang='grc' dir='ltr'><strong>ἀγέννητον,</strong></span> <span class='ocrx_word' id='word_1_98' title='bbox 1774 1136 1823 1189; x_wconf 87' lang='grc' dir='ltr'><strong>οί</strong></span> <span class='ocrx_word' id='word_1_99' title='bbox 1855 1138 1973 1189; x_wconf 80' lang='grc' dir='ltr'>ἐπι-</span> 
     </span>
    </p>
   </div>
   <div class='ocr_carea' id='block_1_12' title="bbox 388 1224 1969 1299">
    <p class='ocr_par' dir='ltr' id='par_1_12' title="bbox 388 1224 1969 1299">
     <span class='ocr_line' id='line_1_12' title="bbox 388 1224 1969 1299; baseline 0.001 -22"><span class='ocrx_word' id='word_1_100' title='bbox 388 1224 763 1296; x_wconf 82' lang='grc' dir='ltr'>θεωρήσαντες</span> <span class='ocrx_word' id='word_1_101' title='bbox 823 1226 916 1280; x_wconf 88' lang='grc' dir='ltr'><strong>τοῦ</strong></span> <span class='ocrx_word' id='word_1_102' title='bbox 950 1224 1436 1299; x_wconf 72' lang='grc' dir='ltr'>’ἐπιθεωρηθέντος</span> <span class='ocrx_word' id='word_1_103' title='bbox 1492 1229 1631 1281; x_wconf 66' lang='grc' dir='ltr'>εἰσιν</span> <span class='ocrx_word' id='word_1_104' title='bbox 1691 1227 1969 1297; x_wconf 87' lang='grc' dir='ltr'>ἀμείνους,</span> 
     </span>
    </p>
   </div>
   <div class='ocr_carea' id='block_1_13' title="bbox 386 1317 1791 1390">
    <p class='ocr_par' dir='ltr' id='par_1_13' title="bbox 386 1317 1791 1390">
     <span class='ocr_line' id='line_1_13' title="bbox 386 1317 1791 1390; baseline 0.001 -21"><span class='ocrx_word' id='word_1_105' title='bbox 386 1320 633 1388; x_wconf 79' lang='grc' dir='ltr'>κρεῖττον</span> <span class='ocrx_word' id='word_1_106' title='bbox 661 1318 833 1380; x_wconf 70' lang='grc' dir='ltr'>ὄνομα</span> <span class='ocrx_word' id='word_1_107' title='bbox 860 1320 958 1389; x_wconf 84' lang='grc' dir='ltr'><strong>τῆς</strong></span> <span class='ocrx_word' id='word_1_108' title='bbox 994 1317 1210 1389; x_wconf 82' lang='grc' dir='ltr'>φύσεως</span> <span class='ocrx_word' id='word_1_109' title='bbox 1235 1318 1383 1389; x_wconf 86' lang='grc' dir='ltr'>αὑτῷ</span> <span class='ocrx_word' id='word_1_110' title='bbox 1414 1318 1791 1390; x_wconf 82' lang='grc' dir='ltr'><strong>πορισάμενοι.</strong></span> 
     </span>
    </p>
   </div>
   <div class='ocr_carea' id='block_1_14' title="bbox 951 1497 1401 1567">
    <p class='ocr_par' dir='ltr' id='par_1_14' title="bbox 951 1497 1401 1567">
     <span class='ocr_line' id='line_1_14' title="bbox 951 1497 1401 1567; baseline -0.002 -13"><span class='ocrx_word' id='word_1_111' title='bbox 951 1497 1271 1567; x_wconf 77' lang='grc' dir='ltr'>Ἀνατροπὴ</span> <span class='ocrx_word' id='word_1_112' title='bbox 1290 1500 1401 1553; x_wconf 89' lang='grc' dir='ltr'><strong>1Γ’.</strong></span> 
     </span>
    </p>
   </div>
   <div class='ocr_carea' id='block_1_15' title="bbox 472 1589 1968 1662">
    <p class='ocr_par' dir='ltr' id='par_1_15' title="bbox 472 1589 1968 1662">
     <span class='ocr_line' id='line_1_15' title="bbox 472 1589 1968 1662; baseline 0.002 -21"><span class='ocrx_word' id='word_1_113' title='bbox 472 1589 735 1659; x_wconf 84' lang='grc' dir='ltr'>Ἀμείνων</span> <span class='ocrx_word' id='word_1_114' title='bbox 764 1589 938 1653; x_wconf 78' lang='grc' dir='ltr'>οὐδεὶς</span> <span class='ocrx_word' id='word_1_115' title='bbox 971 1590 1108 1644; x_wconf 88' lang='grc' dir='ltr'>Θεοῦ</span> <span class='ocrx_word' id='word_1_116' title='bbox 1168 1590 1328 1660; x_wconf 87' lang='grc' dir='ltr'>(πρὸς</span> <span class='ocrx_word' id='word_1_117' title='bbox 1368 1590 1575 1644; x_wconf 83' lang='grc' dir='ltr'>Ἀέτιόν</span> <span class='ocrx_word' id='word_1_118' title='bbox 1607 1607 1697 1662; x_wconf 89' lang='grc' dir='ltr'><strong>μοι</strong></span> <span class='ocrx_word' id='word_1_119' title='bbox 1732 1593 1765 1662; x_wconf 76' lang='grc' dir='ltr'><strong>ἡ</strong></span> <span class='ocrx_word' id='word_1_120' title='bbox 1805 1590 1968 1655; x_wconf 79' lang='grc' dir='ltr'>λέξις,</span> 
     </span>
    </p>
   </div>
   <div class='ocr_carea' id='block_1_16' title="bbox 384 1679 1969 1755">
    <p class='ocr_par' dir='ltr' id='par_1_16' title="bbox 384 1679 1969 1755">
     <span class='ocr_line' id='line_1_16' title="bbox 384 1679 1969 1755; baseline 0.001 -22"><span class='ocrx_word' id='word_1_121' title='bbox 384 1681 478 1735; x_wconf 72' lang='grc' dir='ltr'><strong>τὸν</strong></span> <span class='ocrx_word' id='word_1_122' title='bbox 509 1679 682 1743; x_wconf 83' lang='grc' dir='ltr'>οὓτως</span> <span class='ocrx_word' id='word_1_123' title='bbox 722 1681 1155 1753; x_wconf 77' lang='grc' dir='ltr'>ἐπινενοηκότα),</span> <span class='ocrx_word' id='word_1_124' title='bbox 1195 1683 1270 1745; x_wconf 84' lang='grc' dir='ltr'>ὡς</span> <span class='ocrx_word' id='word_1_125' title='bbox 1311 1682 1423 1752; x_wconf 71' lang='grc' dir='ltr'>ἔχει</span> <span class='ocrx_word' id='word_1_126' title='bbox 1473 1684 1507 1753; x_wconf 80' lang='grc' dir='ltr'>ἡ</span> <span class='ocrx_word' id='word_1_127' title='bbox 1551 1684 1799 1755; x_wconf 86' lang='grc' dir='ltr'>ἀλήθεια.</span> <span class='ocrx_word' id='word_1_128' title='bbox 1844 1683 1969 1746; x_wconf 89' lang='grc' dir='ltr'>Πῶς</span> 
     </span>
    </p>
   </div>
   <div class='ocr_carea' id='block_1_17' title="bbox 386 1755 2073 1849">
    <p class='ocr_par' dir='ltr' id='par_1_17' title="bbox 386 1755 2073 1849">
     <span class='ocr_line' id='line_1_17' title="bbox 386 1755 2073 1849; baseline 0.002 -22"><span class='ocrx_word' id='word_1_129' title='bbox 386 1774 497 1845; x_wconf 79' lang='grc' dir='ltr'>γὰρ</span> <span class='ocrx_word' id='word_1_130' title='bbox 542 1773 783 1844; x_wconf 90' lang='grc' dir='ltr'>ἀμείνων</span> <span class='ocrx_word' id='word_1_131' title='bbox 826 1773 961 1827; x_wconf 90' lang='grc' dir='ltr'>Θεοῦ</span> <span class='ocrx_word' id='word_1_132' title='bbox 995 1773 1082 1844; x_wconf 85' lang='grc' dir='ltr'><strong>εῐη</strong></span> <span class='ocrx_word' id='word_1_133' title='bbox 1125 1790 1231 1837; x_wconf 90' lang='grc' dir='ltr'>τις,</span> <span class='ocrx_word' id='word_1_134' title='bbox 1266 1773 1372 1827; x_wconf 89' lang='grc' dir='ltr'><strong>τῶν</strong></span> <span class='ocrx_word' id='word_1_135' title='bbox 1405 1774 1623 1828; x_wconf 82' lang='grc' dir='ltr'>πάντων</span> <span class='ocrx_word' id='word_1_136' title='bbox 1652 1777 1719 1828; x_wconf 79' lang='grc' dir='ltr'>ὲκ</span> <span class='ocrx_word' id='word_1_137' title='bbox 1748 1774 1883 1829; x_wconf 90' lang='grc' dir='ltr'>Θεοῦ</span> <span class='ocrx_word' id='word_1_138' title='bbox 1913 1776 1974 1829; x_wconf 90' lang='grc' dir='ltr'><strong>τὸ</strong></span> <span class='ocrx_word' id='word_1_139' title='bbox 2007 1755 2073 1849; x_wconf 34' lang='grc' dir='ltr'>Β,</span> 
     </span>
    </p>
   </div>
   <div class='ocr_carea' id='block_1_18' title="bbox 388 1861 1973 1936">
    <p class='ocr_par' dir='ltr' id='par_1_18' title="bbox 388 1861 1973 1936">
     <span class='ocr_line' id='line_1_18' title="bbox 388 1861 1973 1936; baseline 0.002 -19"><span class='ocrx_word' id='word_1_140' title='bbox 388 1861 529 1919; x_wconf 78' lang='grc' dir='ltr'>εἶναι</span> <span class='ocrx_word' id='word_1_141' title='bbox 569 1864 901 1936; x_wconf 83' lang='grc' dir='ltr'>εἰληφότων;</span> <span class='ocrx_word' id='word_1_142' title='bbox 945 1865 1130 1919; x_wconf 79' lang='grc' dir='ltr'>Δίτίου</span> <span class='ocrx_word' id='word_1_143' title='bbox 1165 1865 1221 1917; x_wconf 87' lang='grc' dir='ltr'><strong>δὲ</strong></span> <span class='ocrx_word' id='word_1_144' title='bbox 1265 1865 1417 1925; x_wconf 79' lang='grc' dir='ltr'>ὅντος</span> <span class='ocrx_word' id='word_1_145' title='bbox 1458 1864 1551 1919; x_wconf 89' lang='grc' dir='ltr'><strong>τοῦ</strong></span> <span class='ocrx_word' id='word_1_146' title='bbox 1583 1865 1718 1918; x_wconf 83' lang='grc' dir='ltr'>Θεοῦ</span> <span class='ocrx_word' id='word_1_147' title='bbox 1748 1866 1857 1920; x_wconf 89' lang='grc' dir='ltr'><strong>τῶν</strong></span> <span class='ocrx_word' id='word_1_148' title='bbox 1880 1866 1973 1920; x_wconf 80' lang='grc' dir='ltr'>ὑπ’</span> 
     </span>
    </p>
   </div>
   <div class='ocr_carea' id='block_1_19' title="bbox 388 1949 1973 2026">
    <p class='ocr_par' dir='ltr' id='par_1_19' title="bbox 388 1949 1973 2026">
     <span class='ocr_line' id='line_1_19' title="bbox 388 1949 1973 2026; baseline 0.003 -23"><span class='ocrx_word' id='word_1_149' title='bbox 388 1949 555 2004; x_wconf 82' lang='grc' dir='ltr'>αὑτοῦ</span> <span class='ocrx_word' id='word_1_150' title='bbox 573 1951 947 2023; x_wconf 86' lang='grc' dir='ltr'>κεκτισμένων</span> <span class='ocrx_word' id='word_1_151' title='bbox 970 1951 1206 2021; x_wconf 81' lang='grc' dir='ltr'>λογικῶν</span> <span class='ocrx_word' id='word_1_152' title='bbox 1221 1970 1281 2006; x_wconf 91' lang='grc' dir='ltr'><strong>τε</strong></span> <span class='ocrx_word' id='word_1_153' title='bbox 1305 1953 1399 2007; x_wconf 73' lang='grc' dir='ltr'>καὶ</span> <span class='ocrx_word' id='word_1_154' title='bbox 1418 1954 1650 2023; x_wconf 89' lang='grc' dir='ltr'>ἀλόγων,</span> <span class='ocrx_word' id='word_1_155' title='bbox 1677 1956 1889 2026; x_wconf 77' lang='grc' dir='ltr'>ὁρατῶν</span> <span class='ocrx_word' id='word_1_156' title='bbox 1913 1974 1973 2010; x_wconf 87' lang='grc' dir='ltr'><strong>τε</strong></span> 
     </span>
    </p>
   </div>
   <div class='ocr_carea' id='block_1_20' title="bbox 389 2044 1975 2119">
    <p class='ocr_par' dir='ltr' id='par_1_20' title="bbox 389 2044 1975 2119">
     <span class='ocr_line' id='line_1_20' title="bbox 389 2044 1975 2119; baseline 0.003 -22"><span class='ocrx_word' id='word_1_157' title='bbox 389 2046 485 2097; x_wconf 70' lang='grc' dir='ltr'>καὶ</span> <span class='ocrx_word' id='word_1_158' title='bbox 516 2045 785 2116; x_wconf 81' lang='grc' dir='ltr'>ἀοράτων,</span> <span class='ocrx_word' id='word_1_159' title='bbox 821 2044 1062 2116; x_wconf 85' lang='grc' dir='ltr'>ἀμείνων</span> <span class='ocrx_word' id='word_1_160' title='bbox 1089 2045 1252 2109; x_wconf 88' lang='grc' dir='ltr'>αὐτός</span> <span class='ocrx_word' id='word_1_161' title='bbox 1281 2047 1397 2099; x_wconf 78' lang='grc' dir='ltr'>ἐστι</span> <span class='ocrx_word' id='word_1_162' title='bbox 1428 2046 1578 2119; x_wconf 83' lang='grc' dir='ltr'><strong>παρά</strong></span> <span class='ocrx_word' id='word_1_163' title='bbox 1608 2047 1837 2111; x_wconf 81' lang='grc' dir='ltr'>πάντας,</span> <span class='ocrx_word' id='word_1_164' title='bbox 1873 2047 1975 2102; x_wconf 82' lang='grc' dir='ltr'><strong>κάν</strong></span> 
     </span>
    </p>
   </div>
   <div class='ocr_carea' id='block_1_21' title="bbox 389 2134 1973 2209">
    <p class='ocr_par' dir='ltr' id='par_1_21' title="bbox 389 2134 1973 2209">
     <span class='ocr_line' id='line_1_21' title="bbox 389 2134 1973 2209; baseline 0.001 -22"><span class='ocrx_word' id='word_1_165' title='bbox 389 2152 451 2187; x_wconf 85' lang='grc' dir='ltr'><strong>τε</strong></span> <span class='ocrx_word' id='word_1_166' title='bbox 487 2135 538 2187; x_wconf 82' lang='grc' dir='ltr'>οἱ</span> <span class='ocrx_word' id='word_1_167' title='bbox 579 2134 788 2203; x_wconf 63' lang='grc' dir='ltr'><strong>λογικοὶ⁵</strong></span> <span class='ocrx_word' id='word_1_168' title='bbox 825 2134 1062 2197; x_wconf 81' lang='grc' dir='ltr'><strong>διανοίας</strong></span> <span class='ocrx_word' id='word_1_169' title='bbox 1099 2135 1339 2203; x_wconf 79' lang='grc' dir='ltr'>γένοιντο</span> <span class='ocrx_word' id='word_1_170' title='bbox 1366 2135 1533 2209; x_wconf 81' lang='grc' dir='ltr'><strong>ὀρθῆς</strong></span> <span class='ocrx_word' id='word_1_171' title='bbox 1561 2139 1640 2199; x_wconf 89' lang='grc' dir='ltr'><strong>είς</strong></span> <span class='ocrx_word' id='word_1_172' title='bbox 1671 2137 1973 2202; x_wconf 81' lang='grc' dir='ltr'>εὐσέϐειαν,</span> 
     </span>
    </p>
   </div>
   <div class='ocr_carea' id='block_1_22' title="bbox 390 2224 1975 2298">
    <p class='ocr_par' dir='ltr' id='par_1_22' title="bbox 390 2224 1975 2298">
     <span class='ocr_line' id='line_1_22' title="bbox 390 2224 1975 2298; baseline 0.003 -21"><span class='ocrx_word' id='word_1_173' title='bbox 390 2224 485 2277; x_wconf 85' lang='grc' dir='ltr'><strong>τοῦ</strong></span> <span class='ocrx_word' id='word_1_174' title='bbox 512 2226 793 2297; x_wconf 76' lang='grc' dir='ltr'>γεραίρειν</span> <span class='ocrx_word' id='word_1_175' title='bbox 814 2226 875 2279; x_wconf 87' lang='grc' dir='ltr'><strong>τὸ</strong></span> <span class='ocrx_word' id='word_1_176' title='bbox 895 2225 1116 2296; x_wconf 76' lang='grc' dir='ltr'>ἄμεινον</span> <span class='ocrx_word' id='word_1_177' title='bbox 1149 2226 1258 2280; x_wconf 82' lang='grc' dir='ltr'><strong>ἀπὸ</strong></span> <span class='ocrx_word' id='word_1_178' title='bbox 1293 2226 1512 2297; x_wconf 80' lang='grc' dir='ltr'>μέρους,</span> <span class='ocrx_word' id='word_1_179' title='bbox 1545 2228 1679 2298; x_wconf 86' lang='grc' dir='ltr'>μηδὲ</span> <span class='ocrx_word' id='word_1_180' title='bbox 1703 2229 1840 2291; x_wconf 82' lang='grc' dir='ltr'><strong>ὅλως</strong></span> <span class='ocrx_word' id='word_1_181' title='bbox 1865 2228 1975 2281; x_wconf 84' lang='grc' dir='ltr'><strong>τῶν</strong></span> 
     </span>
    </p>
   </div>
   <div class='ocr_carea' id='block_1_23' title="bbox 392 2318 1977 2392">
    <p class='ocr_par' dir='ltr' id='par_1_23' title="bbox 392 2318 1977 2392">
     <span class='ocr_line' id='line_1_23' title="bbox 392 2318 1977 2392; baseline 0.003 -22"><span class='ocrx_word' id='word_1_182' title='bbox 392 2319 610 2372; x_wconf 76' lang='grc' dir='ltr'>πάντων</span> <span class='ocrx_word' id='word_1_183' title='bbox 640 2318 930 2371; x_wconf 75' lang='grc' dir='ltr'>ὲπιτοαυτδ</span> <span class='ocrx_word' id='word_1_184' title='bbox 951 2318 1345 2388; x_wconf 78' lang='grc' dir='ltr'>συναχθέντων,</span> <span class='ocrx_word' id='word_1_185' title='bbox 1370 2321 1462 2372; x_wconf 76' lang='grc' dir='ltr'><strong>καὶ</strong></span> <span class='ocrx_word' id='word_1_186' title='bbox 1490 2320 1698 2392; x_wconf 86' lang='grc' dir='ltr'>μυρίων</span> <span class='ocrx_word' id='word_1_187' title='bbox 1720 2321 1977 2375; x_wconf 71' lang='grc' dir='ltr'>ἐπέκεινα</span> 
     </span>
    </p>
   </div>
   <div class='ocr_carea' id='block_1_24' title="bbox 390 2403 1977 2477">
    <p class='ocr_par' dir='ltr' id='par_1_24' title="bbox 390 2403 1977 2477">
     <span class='ocr_line' id='line_1_24' title="bbox 390 2403 1977 2477; baseline 0.005 -21"><span class='ocrx_word' id='word_1_188' title='bbox 390 2403 634 2475; x_wconf 82' lang='grc' dir='ltr'>διανενοη</span> <span class='ocrx_word' id='word_1_189' title='bbox 644 2404 840 2474; x_wconf 89' lang='grc' dir='ltr'>μένων,</span> <span class='ocrx_word' id='word_1_190' title='bbox 870 2406 1003 2477; x_wconf 85' lang='grc' dir='ltr'>πρὸς</span> <span class='ocrx_word' id='word_1_191' title='bbox 1026 2404 1192 2476; x_wconf 81' lang='grc' dir='ltr'>ῦμνον</span> <span class='ocrx_word' id='word_1_192' title='bbox 1217 2407 1351 2460; x_wconf 83' lang='grc' dir='ltr'>Θεοῦ</span> <span class='ocrx_word' id='word_1_193' title='bbox 1382 2409 1787 2463; x_wconf 81' lang='grc' dir='ltr'>ὲπεκτείνεσθαι</span> <span class='ocrx_word' id='word_1_194' title='bbox 1819 2410 1977 2463; x_wconf 89' lang='grc' dir='ltr'>δυνα-</span> 
     </span>
    </p>
   </div>
   <div class='ocr_carea' id='block_1_25' title="bbox 394 2495 1977 2573">
    <p class='ocr_par' dir='ltr' id='par_1_25' title="bbox 394 2495 1977 2573">
     <span class='ocr_line' id='line_1_25' title="bbox 394 2495 1977 2573; baseline 0.005 -25"><span class='ocrx_word' id='word_1_195' title='bbox 394 2495 592 2566; x_wconf 83' lang='grc' dir='ltr'>μένων,</span> <span class='ocrx_word' id='word_1_196' title='bbox 616 2495 705 2549; x_wconf 78' lang='grc' dir='ltr'><strong>τὸί</strong></span> <span class='ocrx_word' id='word_1_197' title='bbox 724 2496 929 2549; x_wconf 84' lang='grc' dir='ltr'>τέλειον</span> <span class='ocrx_word' id='word_1_198' title='bbox 946 2498 1043 2568; x_wconf 83' lang='grc' dir='ltr'>τῆς</span> <span class='ocrx_word' id='word_1_199' title='bbox 1066 2499 1237 2571; x_wconf 76' lang='grc' dir='ltr'>αὐτῆς</span> <span class='ocrx_word' id='word_1_200' title='bbox 1258 2499 1415 2569; x_wconf 82' lang='grc' dir='ltr'><strong>δόξης</strong></span> <span class='ocrx_word' id='word_1_201' title='bbox 1438 2502 1493 2552; x_wconf 78' lang='grc' dir='ltr'><strong>έν</strong></span> <span class='ocrx_word' id='word_1_202' title='bbox 1515 2502 1727 2565; x_wconf 80' lang='grc' dir='ltr'>ἑαυτοῖς</span> <span class='ocrx_word' id='word_1_203' title='bbox 1751 2504 1977 2573; x_wconf 78' lang='grc' dir='ltr'>ἐμπερι-</span> 
     </span>
    </p>
   </div>
   <div class='ocr_carea' id='block_1_26' title="bbox 390 2589 1978 2663">
    <p class='ocr_par' dir='ltr' id='par_1_26' title="bbox 390 2589 1978 2663">
     <span class='ocr_line' id='line_1_26' title="bbox 390 2589 1978 2663; baseline 0.004 -23"><span class='ocrx_word' id='word_1_204' title='bbox 390 2590 560 2660; x_wconf 84' lang='grc' dir='ltr'>έχειν,</span> <span class='ocrx_word' id='word_1_205' title='bbox 600 2589 1038 2663; x_wconf 83' lang='grc' dir='ltr'>ὑπερϐαινούσης</span> <span class='ocrx_word' id='word_1_206' title='bbox 1076 2589 1164 2643; x_wconf 78' lang='grc' dir='ltr'><strong>ἀεὶ</strong></span> <span class='ocrx_word' id='word_1_207' title='bbox 1197 2591 1296 2662; x_wconf 85' lang='grc' dir='ltr'><strong>τῆς</strong></span> <span class='ocrx_word' id='word_1_208' title='bbox 1328 2592 1610 2661; x_wconf 86' lang='grc' dir='ltr'>ἀμείνονος</span> <span class='ocrx_word' id='word_1_209' title='bbox 1640 2592 1749 2645; x_wconf 92' lang='grc' dir='ltr'><strong>τῶν</strong></span> <span class='ocrx_word' id='word_1_210' title='bbox 1779 2595 1978 2646; x_wconf 85' lang='grc' dir='ltr'>ὑποϐε-</span> 
     </span>
    </p>
   </div>
   <div class='ocr_carea' id='block_1_27' title="bbox 396 2682 1978 2757">
    <p class='ocr_par' dir='ltr' id='par_1_27' title="bbox 396 2682 1978 2757">
     <span class='ocr_line' id='line_1_27' title="bbox 396 2682 1978 2757; baseline 0.003 -24"><span class='ocrx_word' id='word_1_211' title='bbox 396 2682 645 2752; x_wconf 85' lang='grc' dir='ltr'>ϐηκότων</span> <span class='ocrx_word' id='word_1_212' title='bbox 663 2683 763 2755; x_wconf 79' lang='grc' dir='ltr'>τὴν</span> <span class='ocrx_word' id='word_1_213' title='bbox 790 2682 1018 2745; x_wconf 72' lang='grc' dir='ltr'>ἔννοιαν,</span> <span class='ocrx_word' id='word_1_214' title='bbox 1059 2683 1161 2737; x_wconf 75' lang='grc' dir='ltr'><strong>κάν</strong></span> <span class='ocrx_word' id='word_1_215' title='bbox 1191 2699 1251 2736; x_wconf 88' lang='grc' dir='ltr'><strong>τε</strong></span> <span class='ocrx_word' id='word_1_216' title='bbox 1285 2684 1428 2737; x_wconf 89' lang='grc' dir='ltr'><strong>κατά</strong></span> <span class='ocrx_word' id='word_1_217' title='bbox 1457 2683 1685 2756; x_wconf 88' lang='grc' dir='ltr'>δύναμιν</span> <span class='ocrx_word' id='word_1_218' title='bbox 1712 2685 1806 2739; x_wconf 81' lang='grc' dir='ltr'>καὶ</span> <span class='ocrx_word' id='word_1_219' title='bbox 1838 2685 1978 2757; x_wconf 80' lang='grc' dir='ltr'>ὑπὲρ</span> 
     </span>
    </p>
   </div>
   <div class='ocr_carea' id='block_1_28' title="bbox 390 2777 1976 2851">
    <p class='ocr_par' dir='ltr' id='par_1_28' title="bbox 390 2777 1976 2851">
     <span class='ocr_line' id='line_1_28' title="bbox 390 2777 1976 2851; baseline 0.001 -22"><span class='ocrx_word' id='word_1_220' title='bbox 390 2777 622 2848; x_wconf 83' lang='grc' dir='ltr'>δύναμιν</span> <span class='ocrx_word' id='word_1_221' title='bbox 654 2778 789 2851; x_wconf 87' lang='grc' dir='ltr'>πρὸς</span> <span class='ocrx_word' id='word_1_222' title='bbox 813 2778 1140 2848; x_wconf 87' lang='grc' dir='ltr'>ύμνολογίαν</span> <span class='ocrx_word' id='word_1_223' title='bbox 1164 2779 1587 2832; x_wconf 84' lang='grc' dir='ltr'>ὲπεκτείνωνται</span> <span class='ocrx_word' id='word_1_224' title='bbox 1612 2778 1690 2850; x_wconf 83' lang='grc' dir='ltr'>τῷ</span> <span class='ocrx_word' id='word_1_225' title='bbox 1711 2778 1976 2849; x_wconf 82' lang='grc' dir='ltr'>ἀμείνονι.</span> 
     </span>
    </p>
   </div>
   <div class='ocr_carea' id='block_1_29' title="bbox 396 2868 1977 2942">
    <p class='ocr_par' dir='ltr' id='par_1_29' title="bbox 396 2868 1977 2942">
     <span class='ocr_line' id='line_1_29' title="bbox 396 2868 1977 2942; baseline -0.002 -18"><span class='ocrx_word' id='word_1_226' title='bbox 396 2871 552 2924; x_wconf 87' lang='grc' dir='ltr'>Ἔστι</span> <span class='ocrx_word' id='word_1_227' title='bbox 587 2871 696 2942; x_wconf 77' lang='grc' dir='ltr'>γὰρ</span> <span class='ocrx_word' id='word_1_228' title='bbox 732 2871 791 2923; x_wconf 81' lang='grc' dir='ltr'><strong>οὐ</strong></span> <span class='ocrx_word' id='word_1_229' title='bbox 822 2869 965 2942; x_wconf 85' lang='grc' dir='ltr'>λόγῳ</span> <span class='ocrx_word' id='word_1_230' title='bbox 997 2870 1261 2941; x_wconf 87' lang='grc' dir='ltr'>ἀμείνων,</span> <span class='ocrx_word' id='word_1_231' title='bbox 1292 2870 1430 2923; x_wconf 86' lang='grc' dir='ltr'><strong>ἀλλά</strong></span> <span class='ocrx_word' id='word_1_232' title='bbox 1453 2871 1703 2941; x_wconf 82' lang='grc' dir='ltr'>δυνάμει,</span> <span class='ocrx_word' id='word_1_233' title='bbox 1736 2872 1831 2924; x_wconf 77' lang='grc' dir='ltr'>καὶ</span> <span class='ocrx_word' id='word_1_234' title='bbox 1856 2868 1977 2922; x_wconf 86' lang='grc' dir='ltr'>ὀνό-</span> 
     </span>
    </p>
   </div>
   <div class='ocr_carea' id='block_1_30' title="bbox 391 2962 1979 3035">
    <p class='ocr_par' dir='ltr' id='par_1_30' title="bbox 391 2962 1979 3035">
     <span class='ocr_line' id='line_1_30' title="bbox 391 2962 1979 3035; baseline -0.001 -19"><span class='ocrx_word' id='word_1_235' title='bbox 391 2980 547 3035; x_wconf 74' lang='grc' dir='ltr'>ματι,</span> <span class='ocrx_word' id='word_1_236' title='bbox 589 2964 686 3018; x_wconf 75' lang='grc' dir='ltr'>καὶ</span> <span class='ocrx_word' id='word_1_237' title='bbox 722 2962 884 3034; x_wconf 85' lang='grc' dir='ltr'>λόγῳ.</span> <span class='ocrx_word' id='word_1_238' title='bbox 933 2963 1072 3016; x_wconf 81' lang='grc' dir='ltr'>Ἀλλ’</span> <span class='ocrx_word' id='word_1_239' title='bbox 1102 2964 1163 3015; x_wconf 82' lang='grc' dir='ltr'><strong>οὑ</strong></span> <span class='ocrx_word' id='word_1_240' title='bbox 1197 2962 1385 3016; x_wconf 83' lang='grc' dir='ltr'>διοίσει</span> <span class='ocrx_word' id='word_1_241' title='bbox 1418 2962 1479 3015; x_wconf 86' lang='grc' dir='ltr'><strong>τὸ</strong></span> <span class='ocrx_word' id='word_1_242' title='bbox 1514 2962 1843 3033; x_wconf 84' lang='grc' dir='ltr'>ἀσύγκριτον</span> <span class='ocrx_word' id='word_1_243' title='bbox 1872 2962 1979 3015; x_wconf 87' lang='grc' dir='ltr'><strong>ἀπὸ</strong></span> 
     </span>
    </p>
   </div>
   <div class='ocr_carea' id='block_1_31' title="bbox 2539 1039 3173 1101">
    <p class='ocr_par' dir='ltr' id='par_1_31' title="bbox 2539 1039 3173 1101">
     <span class='ocr_line' id='line_1_31' title="bbox 2539 1039 3173 1101; baseline 0.013 -8"><span class='ocrx_word' id='word_1_244' title='bbox 2539 1039 2720 1095; x_wconf 83' lang='lat' dir='ltr'><strong>AETII</strong></span> <span class='ocrx_word' id='word_1_245' title='bbox 2762 1040 2991 1097; x_wconf 76' lang='lat' dir='ltr'><strong>CAPUT</strong></span> <span class='ocrx_word' id='word_1_246' title='bbox 3030 1042 3173 1101; x_wconf 84' lang='lat' dir='ltr'><strong>Xlll.</strong></span> 
     </span>
    </p>
   </div>
   <div class='ocr_carea' id='block_1_32' title="bbox 2149 1128 3658 1204">
    <p class='ocr_par' dir='ltr' id='par_1_32' title="bbox 2149 1128 3658 1204">
     <span class='ocr_line' id='line_1_32' title="bbox 2149 1128 3658 1204; baseline 0.002 -19"><span class='ocrx_word' id='word_1_247' title='bbox 2149 1128 2205 1186; x_wconf 90' lang='lat' dir='ltr'><strong>Si</strong></span> <span class='ocrx_word' id='word_1_248' title='bbox 2253 1130 2480 1203; x_wconf 86' lang='lat' dir='ltr'><strong>ingeniti</strong></span> <span class='ocrx_word' id='word_1_249' title='bbox 2524 1130 2768 1185; x_wconf 87' lang='lat' dir='ltr'><strong>conditio</strong></span> <span class='ocrx_word' id='word_1_250' title='bbox 2810 1131 2919 1186; x_wconf 88' lang='lat' dir='ltr'><strong>Deo</strong></span> <span class='ocrx_word' id='word_1_251' title='bbox 2970 1132 3318 1187; x_wconf 80' lang='lat' dir='ltr'><strong>extrinsecus</strong></span> <span class='ocrx_word' id='word_1_252' title='bbox 3363 1130 3658 1204; x_wconf 77' lang='lat' dir='ltr'><strong>attingitur,</strong></span> 
     </span>
    </p>
   </div>
   <div class='ocr_carea' id='block_1_33' title="bbox 2075 1220 3659 1293">
    <p class='ocr_par' dir='ltr' id='par_1_33' title="bbox 2075 1220 3659 1293">
     <span class='ocr_line' id='line_1_33' title="bbox 2075 1220 3659 1293; baseline 0.001 -18"><span class='ocrx_word' id='word_1_253' title='bbox 2075 1223 2168 1293; x_wconf 87' lang='lat' dir='ltr'><strong>qui</strong></span> <span class='ocrx_word' id='word_1_254' title='bbox 2199 1236 2319 1276; x_wconf 90' lang='lat' dir='ltr'><strong>eam</strong></span> <span class='ocrx_word' id='word_1_255' title='bbox 2353 1220 2683 1275; x_wconf 77' lang='lat' dir='ltr'><strong>aﬂinxeruut</strong></span> <span class='ocrx_word' id='word_1_256' title='bbox 2714 1220 2763 1274; x_wconf 89' lang='lat' dir='ltr'><strong>ei</strong></span> <span class='ocrx_word' id='word_1_257' title='bbox 2796 1220 2899 1291; x_wconf 89' lang='lat' dir='ltr'><strong>ipsi</strong></span> <span class='ocrx_word' id='word_1_258' title='bbox 2927 1222 3017 1275; x_wconf 90' lang='lat' dir='ltr'><strong>cui</strong></span> <span class='ocrx_word' id='word_1_259' title='bbox 3047 1220 3338 1292; x_wconf 80' lang='lat' dir='ltr'><strong>amngitur,</strong></span> <span class='ocrx_word' id='word_1_260' title='bbox 3375 1232 3659 1293; x_wconf 63' lang='lat' dir='ltr'><strong>prestaut.</strong></span> 
     </span>
    </p>
   </div>
   <div class='ocr_carea' id='block_1_34' title="bbox 2075 1311 3661 1383">
    <p class='ocr_par' dir='ltr' id='par_1_34' title="bbox 2075 1311 3661 1383">
     <span class='ocr_line' id='line_1_34' title="bbox 2075 1311 3661 1383; baseline -0.001 -13"><span class='ocrx_word' id='word_1_261' title='bbox 2075 1312 2198 1370; x_wconf 87' lang='lat' dir='ltr'><strong>cum</strong></span> <span class='ocrx_word' id='word_1_262' title='bbox 2249 1311 2600 1383; x_wconf 75' lang='lat' dir='ltr'><strong>praestantius</strong></span> <span class='ocrx_word' id='word_1_263' title='bbox 2628 1325 2793 1380; x_wconf 86' lang='lat' dir='ltr'><strong>quam</strong></span> <span class='ocrx_word' id='word_1_264' title='bbox 2830 1319 3027 1365; x_wconf 87' lang='lat' dir='ltr'><strong>natura</strong></span> <span class='ocrx_word' id='word_1_265' title='bbox 3064 1313 3323 1382; x_wconf 87' lang='lat' dir='ltr'><strong>patiatur,</strong></span> <span class='ocrx_word' id='word_1_266' title='bbox 3354 1313 3406 1366; x_wconf 88' lang='lat' dir='ltr'><strong>ei</strong></span> <span class='ocrx_word' id='word_1_267' title='bbox 3461 1328 3661 1369; x_wconf 87' lang='lat' dir='ltr'><strong>nomen</strong></span> 
     </span>
    </p>
   </div>
   <div class='ocr_carea' id='block_1_35' title="bbox 2077 1405 2397 1460">
    <p class='ocr_par' dir='ltr' id='par_1_35' title="bbox 2077 1405 2397 1460">
     <span class='ocr_line' id='line_1_35' title="bbox 2077 1405 2397 1460; baseline -0.009 0"><span class='ocrx_word' id='word_1_268' title='bbox 2077 1405 2397 1460; x_wconf 84' lang='lat' dir='ltr'><strong>attribuant.</strong></span> 
     </span>
    </p>
   </div>
   <div class='ocr_carea' id='block_1_36' title="bbox 2592 1494 3115 1567">
    <p class='ocr_par' dir='ltr' id='par_1_36' title="bbox 2592 1494 3115 1567">
     <span class='ocr_line' id='line_1_36' title="bbox 2592 1494 3115 1567; baseline -0.006 -17"><span class='ocrx_word' id='word_1_269' title='bbox 2592 1494 2902 1567; x_wconf 76' lang='lat' dir='ltr'><strong>Confutatio</strong></span> <span class='ocrx_word' id='word_1_270' title='bbox 2941 1494 3115 1549; x_wconf 74' lang='lat' dir='ltr'><strong><em>XIII.</em></strong></span> 
     </span>
    </p>
   </div>
   <div class='ocr_carea' id='block_1_37' title="bbox 2148 1582 3663 1658">
    <p class='ocr_par' dir='ltr' id='par_1_37' title="bbox 2148 1582 3663 1658">
     <span class='ocr_line' id='line_1_37' title="bbox 2148 1582 3663 1658; baseline -0.002 -13"><span class='ocrx_word' id='word_1_271' title='bbox 2148 1587 2259 1645; x_wconf 86' lang='lat' dir='ltr'><strong>Deo</strong></span> <span class='ocrx_word' id='word_1_272' title='bbox 2297 1588 2492 1644; x_wconf 85' lang='lat' dir='ltr'><strong>melior</strong></span> <span class='ocrx_word' id='word_1_273' title='bbox 2541 1603 2667 1645; x_wconf 90' lang='lat' dir='ltr'><strong>esse</strong></span> <span class='ocrx_word' id='word_1_274' title='bbox 2704 1604 2867 1643; x_wconf 90' lang='lat' dir='ltr'><strong>nemo</strong></span> <span class='ocrx_word' id='word_1_275' title='bbox 2908 1594 3089 1658; x_wconf 83' lang='lat' dir='ltr'><strong>potest</strong></span> <span class='ocrx_word' id='word_1_276' title='bbox 3121 1586 3212 1655; x_wconf 91' lang='lat' dir='ltr'><strong>(ut</strong></span> <span class='ocrx_word' id='word_1_277' title='bbox 3239 1582 3507 1641; x_wconf 83' lang='lat' dir='ltr'><strong>adversus</strong></span> <span class='ocrx_word' id='word_1_278' title='bbox 3554 1587 3663 1642; x_wconf 80' lang='lat' dir='ltr'><strong>Ae-</strong></span> 
     </span>
    </p>
   </div>
   <div class='ocr_carea' id='block_1_38' title="bbox 2076 1678 3663 1749">
    <p class='ocr_par' dir='ltr' id='par_1_38' title="bbox 2076 1678 3663 1749">
     <span class='ocr_line' id='line_1_38' title="bbox 2076 1678 3663 1749; baseline -0.002 -16"><span class='ocrx_word' id='word_1_279' title='bbox 2076 1680 2215 1734; x_wconf 92' lang='lat' dir='ltr'><strong>tium</strong></span> <span class='ocrx_word' id='word_1_280' title='bbox 2244 1682 2543 1735; x_wconf 89' lang='lat' dir='ltr'><strong>commenti</strong></span> <span class='ocrx_word' id='word_1_281' title='bbox 2591 1679 2760 1749; x_wconf 82' lang='lat' dir='ltr'><strong>hujus</strong></span> <span class='ocrx_word' id='word_1_282' title='bbox 2792 1688 3075 1733; x_wconf 79' lang='lat' dir='ltr'><strong>auctorem</strong></span> <span class='ocrx_word' id='word_1_283' title='bbox 3107 1678 3441 1746; x_wconf 89' lang='lat' dir='ltr'><strong>disputem),</strong></span> <span class='ocrx_word' id='word_1_284' title='bbox 3485 1690 3663 1746; x_wconf 84' lang='lat' dir='ltr'><strong>neque</strong></span> 
     </span>
    </p>
   </div>
   <div class='ocr_carea' id='block_1_39' title="bbox 2076 1767 3663 1843">
    <p class='ocr_par' dir='ltr' id='par_1_39' title="bbox 2076 1767 3663 1843">
     <span class='ocr_line' id='line_1_39' title="bbox 2076 1767 3663 1843; baseline -0.002 -16"><span class='ocrx_word' id='word_1_285' title='bbox 2076 1773 2373 1843; x_wconf 86' lang='lat' dir='ltr'><strong>quidquam</strong></span> <span class='ocrx_word' id='word_1_286' title='bbox 2418 1787 2485 1828; x_wconf 90' lang='lat' dir='ltr'><strong>eo</strong></span> <span class='ocrx_word' id='word_1_287' title='bbox 2536 1772 2645 1828; x_wconf 88' lang='lat' dir='ltr'><strong>dici</strong></span> <span class='ocrx_word' id='word_1_288' title='bbox 2697 1779 2877 1842; x_wconf 89' lang='lat' dir='ltr'><strong>potest</strong></span> <span class='ocrx_word' id='word_1_289' title='bbox 2930 1770 3137 1825; x_wconf 81' lang='lat' dir='ltr'><strong>verius.</strong></span> <span class='ocrx_word' id='word_1_290' title='bbox 3189 1767 3327 1823; x_wconf 80' lang='lat' dir='ltr'><strong>Nam</strong></span> <span class='ocrx_word' id='word_1_291' title='bbox 3385 1768 3663 1840; x_wconf 81' lang='lat' dir='ltr'><strong>quomodo</strong></span> 
     </span>
    </p>
   </div>
   <div class='ocr_carea' id='block_1_40' title="bbox 2076 1856 3662 1935">
    <p class='ocr_par' dir='ltr' id='par_1_40' title="bbox 2076 1856 3662 1935">
     <span class='ocr_line' id='line_1_40' title="bbox 2076 1856 3662 1935; baseline -0.004 -15"><span class='ocrx_word' id='word_1_292' title='bbox 2076 1867 2366 1935; x_wconf 82' lang='lat' dir='ltr'><strong>quisquam</strong></span> <span class='ocrx_word' id='word_1_293' title='bbox 2397 1863 2509 1919; x_wconf 90' lang='lat' dir='ltr'><strong>Deo</strong></span> <span class='ocrx_word' id='word_1_294' title='bbox 2536 1864 2731 1919; x_wconf 86' lang='lat' dir='ltr'><strong>melior</strong></span> <span class='ocrx_word' id='word_1_295' title='bbox 2769 1856 2892 1919; x_wconf 78' lang='lat' dir='ltr'><strong>esse</strong></span> <span class='ocrx_word' id='word_1_296' title='bbox 2923 1869 3137 1934; x_wconf 90' lang='lat' dir='ltr'><strong>potest,</strong></span> <span class='ocrx_word' id='word_1_297' title='bbox 3168 1874 3293 1914; x_wconf 89' lang='lat' dir='ltr'><strong>cum</strong></span> <span class='ocrx_word' id='word_1_298' title='bbox 3338 1859 3407 1913; x_wconf 84' lang='lat' dir='ltr'><strong>ab</strong></span> <span class='ocrx_word' id='word_1_299' title='bbox 3440 1874 3507 1915; x_wconf 92' lang='lat' dir='ltr'><strong>eo</strong></span> <span class='ocrx_word' id='word_1_300' title='bbox 3550 1859 3662 1915; x_wconf 88' lang='lat' dir='ltr'><strong>sint</strong></span> 
     </span>
    </p>
   </div>
   <div class='ocr_carea' id='block_1_41' title="bbox 2075 1952 3664 2027">
    <p class='ocr_par' dir='ltr' id='par_1_41' title="bbox 2075 1952 3664 2027">
     <span class='ocr_line' id='line_1_41' title="bbox 2075 1952 3664 2027; baseline -0.003 -15"><span class='ocrx_word' id='word_1_301' title='bbox 2075 1958 2259 2014; x_wconf 81' lang='lat' dir='ltr'><strong>oinnia</strong></span> <span class='ocrx_word' id='word_1_302' title='bbox 2292 1957 2598 2027; x_wconf 85' lang='lat' dir='ltr'><strong>producta?</strong></span> <span class='ocrx_word' id='word_1_303' title='bbox 2646 1956 2785 2012; x_wconf 90' lang='lat' dir='ltr'><strong>Cum</strong></span> <span class='ocrx_word' id='word_1_304' title='bbox 2827 1957 2991 2027; x_wconf 89' lang='lat' dir='ltr'><strong>igitur</strong></span> <span class='ocrx_word' id='word_1_305' title='bbox 3044 1952 3391 2009; x_wconf 89' lang='lat' dir='ltr'><strong>conditarum</strong></span> <span class='ocrx_word' id='word_1_306' title='bbox 3422 1966 3453 2006; x_wconf 86' lang='lat' dir='ltr'><strong>a</strong></span> <span class='ocrx_word' id='word_1_307' title='bbox 3485 1967 3546 2009; x_wconf 88' lang='lat' dir='ltr'><strong>se</strong></span> <span class='ocrx_word' id='word_1_308' title='bbox 3578 1967 3664 2007; x_wconf 86' lang='lat' dir='ltr'><strong>re-</strong></span> 
     </span>
    </p>
   </div>
   <div class='ocr_carea' id='block_1_42' title="bbox 2075 2044 3661 2116">
    <p class='ocr_par' dir='ltr' id='par_1_42' title="bbox 2075 2044 3661 2116">
     <span class='ocr_line' id='line_1_42' title="bbox 2075 2044 3661 2116; baseline -0.004 -13"><span class='ocrx_word' id='word_1_309' title='bbox 2075 2064 2197 2103; x_wconf 89' lang='lat' dir='ltr'><strong>rum</strong></span> <span class='ocrx_word' id='word_1_310' title='bbox 2244 2047 2490 2103; x_wconf 88' lang='lat' dir='ltr'><strong>omnium</strong></span> <span class='ocrx_word' id='word_1_311' title='bbox 2520 2056 2717 2102; x_wconf 87' lang='lat' dir='ltr'><strong>auctor</strong></span> <span class='ocrx_word' id='word_1_312' title='bbox 2749 2047 2823 2102; x_wconf 90' lang='lat' dir='ltr'><strong>sit</strong></span> <span class='ocrx_word' id='word_1_313' title='bbox 2855 2046 2999 2101; x_wconf 89' lang='lat' dir='ltr'><strong>Deus</strong></span> <span class='ocrx_word' id='word_1_314' title='bbox 3043 2061 3108 2100; x_wconf 88' lang='lat' dir='ltr'><strong>ac</strong></span> <span class='ocrx_word' id='word_1_315' title='bbox 3142 2044 3473 2116; x_wconf 89' lang='lat' dir='ltr'><strong>principium</strong></span> <span class='ocrx_word' id='word_1_316' title='bbox 3494 2084 3508 2109; x_wconf 92' lang='lat'><strong>,</strong></span> <span class='ocrx_word' id='word_1_317' title='bbox 3550 2052 3661 2097; x_wconf 89' lang='lat' dir='ltr'><strong>tam</strong></span> 
     </span>
    </p>
   </div>
   <div class='ocr_carea' id='block_1_43' title="bbox 2076 2137 3661 2211">
    <p class='ocr_par' dir='ltr' id='par_1_43' title="bbox 2076 2137 3661 2211">
     <span class='ocr_line' id='line_1_43' title="bbox 2076 2137 3661 2211; baseline -0.001 -21"><span class='ocrx_word' id='word_1_318' title='bbox 2076 2156 2198 2211; x_wconf 70' lang='lat' dir='ltr'><strong>quae</strong></span> <span class='ocrx_word' id='word_1_319' title='bbox 2227 2142 2442 2196; x_wconf 88' lang='lat' dir='ltr'><strong>ratione</strong></span> <span class='ocrx_word' id='word_1_320' title='bbox 2466 2139 2706 2211; x_wconf 65' lang='lat' dir='ltr'><strong>praeditas</strong></span> <span class='ocrx_word' id='word_1_321' title='bbox 2727 2148 2854 2195; x_wconf 88' lang='lat' dir='ltr'><strong>sunt</strong></span> <span class='ocrx_word' id='word_1_322' title='bbox 2873 2152 3037 2208; x_wconf 92' lang='lat' dir='ltr'><strong>quam</strong></span> <span class='ocrx_word' id='word_1_323' title='bbox 3061 2151 3186 2207; x_wconf 72' lang='lat' dir='ltr'><strong>quae</strong></span> <span class='ocrx_word' id='word_1_324' title='bbox 3206 2137 3421 2192; x_wconf 82' lang='lat' dir='ltr'><strong>ratione</strong></span> <span class='ocrx_word' id='word_1_325' title='bbox 3445 2142 3661 2199; x_wconf 89' lang='lat' dir='ltr'><strong>carent,</strong></span> 
     </span>
    </p>
   </div>
   <div class='ocr_carea' id='block_1_44' title="bbox 2078 2226 3665 2303">
    <p class='ocr_par' dir='ltr' id='par_1_44' title="bbox 2078 2226 3665 2303">
     <span class='ocr_line' id='line_1_44' title="bbox 2078 2226 3665 2303; baseline -0.004 -17"><span class='ocrx_word' id='word_1_326' title='bbox 2078 2243 2187 2286; x_wconf 88' lang='lat' dir='ltr'><strong>tam</strong></span> <span class='ocrx_word' id='word_1_327' title='bbox 2221 2247 2343 2303; x_wconf 63' lang='lat' dir='ltr'><strong>quae</strong></span> <span class='ocrx_word' id='word_1_328' title='bbox 2384 2232 2557 2287; x_wconf 83' lang='lat' dir='ltr'><strong>videri</strong></span> <span class='ocrx_word' id='word_1_329' title='bbox 2608 2237 2842 2303; x_wconf 89' lang='lat' dir='ltr'><strong>possunt</strong></span> <span class='ocrx_word' id='word_1_330' title='bbox 2888 2243 3051 2301; x_wconf 90' lang='lat' dir='ltr'><strong>quam</strong></span> <span class='ocrx_word' id='word_1_331' title='bbox 3098 2243 3220 2299; x_wconf 68' lang='lat' dir='ltr'><strong>qum</strong></span> <span class='ocrx_word' id='word_1_332' title='bbox 3255 2236 3536 2298; x_wconf 84' lang='lat' dir='ltr'><strong>aspectum</strong></span> <span class='ocrx_word' id='word_1_333' title='bbox 3578 2226 3665 2281; x_wconf 77' lang='lat' dir='ltr'><strong>lu-</strong></span> 
     </span>
    </p>
   </div>
   <div class='ocr_carea' id='block_1_45' title="bbox 2077 2317 3661 2395">
    <p class='ocr_par' dir='ltr' id='par_1_45' title="bbox 2077 2317 3661 2395">
     <span class='ocr_line' id='line_1_45' title="bbox 2077 2317 3661 2395; baseline -0.004 -17"><span class='ocrx_word' id='word_1_334' title='bbox 2077 2326 2253 2395; x_wconf 84' lang='lat' dir='ltr'><strong>giunt,</strong></span> <span class='ocrx_word' id='word_1_335' title='bbox 2296 2330 2523 2381; x_wconf 80' lang='lat' dir='ltr'><strong>necesse</strong></span> <span class='ocrx_word' id='word_1_336' title='bbox 2564 2334 2650 2379; x_wconf 88' lang='lat' dir='ltr'><strong>est</strong></span> <span class='ocrx_word' id='word_1_337' title='bbox 2680 2322 2937 2379; x_wconf 91' lang='lat' dir='ltr'><strong>omnibus</strong></span> <span class='ocrx_word' id='word_1_338' title='bbox 2969 2329 3026 2374; x_wconf 92' lang='lat' dir='ltr'><strong>ut</strong></span> <span class='ocrx_word' id='word_1_339' title='bbox 3059 2322 3130 2375; x_wconf 90' lang='lat' dir='ltr'><strong>sit</strong></span> <span class='ocrx_word' id='word_1_340' title='bbox 3161 2320 3254 2376; x_wconf 90' lang='lat' dir='ltr'><strong>ille</strong></span> <span class='ocrx_word' id='word_1_341' title='bbox 3285 2317 3661 2389; x_wconf 65' lang='lat' dir='ltr'><strong>praestantior,</strong></span> 
     </span>
    </p>
   </div>
   <div class='ocr_carea' id='block_1_46' title="bbox 2084 2408 3663 2484">
    <p class='ocr_par' dir='ltr' id='par_1_46' title="bbox 2084 2408 3663 2484">
     <span class='ocr_line' id='line_1_46' title="bbox 2084 2408 3663 2484; baseline -0.003 -16"><span class='ocrx_word' id='word_1_342' title='bbox 2084 2413 2435 2484; x_wconf 79' lang='lat' dir='ltr'><strong>quantumvis</strong></span> <span class='ocrx_word' id='word_1_343' title='bbox 2459 2427 2525 2469; x_wconf 81' lang='lat' dir='ltr'><strong>ex</strong></span> <span class='ocrx_word' id='word_1_344' title='bbox 2554 2416 2717 2470; x_wconf 85' lang='lat' dir='ltr'><strong>rebus</strong></span> <span class='ocrx_word' id='word_1_345' title='bbox 2750 2413 2955 2469; x_wconf 87' lang='lat' dir='ltr'><strong>creatis</strong></span> <span class='ocrx_word' id='word_1_346' title='bbox 2989 2427 3111 2482; x_wconf 63' lang='lat' dir='ltr'><strong>qua!</strong></span> <span class='ocrx_word' id='word_1_347' title='bbox 3170 2412 3385 2467; x_wconf 88' lang='lat' dir='ltr'><strong>ratione</strong></span> <span class='ocrx_word' id='word_1_348' title='bbox 3422 2408 3663 2481; x_wconf 55' lang='lat' dir='ltr'><strong>praedita</strong></span> 
     </span>
    </p>
   </div>
   <div class='ocr_carea' id='block_1_47' title="bbox 2078 2504 3679 2580">
    <p class='ocr_par' dir='ltr' id='par_1_47' title="bbox 2078 2504 3679 2580">
     <span class='ocr_line' id='line_1_47' title="bbox 2078 2504 3679 2580; baseline -0.007 -15"><span class='ocrx_word' id='word_1_349' title='bbox 2078 2520 2228 2574; x_wconf 89' lang='lat' dir='ltr'><strong>sunt,</strong></span> <span class='ocrx_word' id='word_1_350' title='bbox 2269 2521 2479 2565; x_wconf 90' lang='lat' dir='ltr'><strong>rectum</strong></span> <span class='ocrx_word' id='word_1_351' title='bbox 2510 2510 2577 2565; x_wconf 90' lang='lat' dir='ltr'><strong>ad</strong></span> <span class='ocrx_word' id='word_1_352' title='bbox 2610 2510 2869 2580; x_wconf 82' lang='lat' dir='ltr'><strong>pietatem</strong></span> <span class='ocrx_word' id='word_1_353' title='bbox 2930 2507 3172 2561; x_wconf 89' lang='lat' dir='ltr'><strong>animum</strong></span> <span class='ocrx_word' id='word_1_354' title='bbox 3207 2504 3573 2566; x_wconf 84' lang='lat' dir='ltr'><strong>obtinuerint,</strong></span> <span class='ocrx_word' id='word_1_355' title='bbox 3604 2509 3679 2557; x_wconf 89' lang='lat' dir='ltr'><strong>ut.</strong></span> 
     </span>
    </p>
   </div>
   <div class='ocr_carea' id='block_1_48' title="bbox 2077 2593 3665 2673">
    <p class='ocr_par' dir='ltr' id='par_1_48' title="bbox 2077 2593 3665 2673">
     <span class='ocr_line' id='line_1_48' title="bbox 2077 2593 3665 2673; baseline -0.006 -16"><span class='ocrx_word' id='word_1_356' title='bbox 2077 2619 2144 2658; x_wconf 79' lang='lat' dir='ltr'><strong>ex</strong></span> <span class='ocrx_word' id='word_1_357' title='bbox 2178 2604 2359 2673; x_wconf 87' lang='lat' dir='ltr'><strong>aliqua</strong></span> <span class='ocrx_word' id='word_1_358' title='bbox 2406 2611 2559 2673; x_wconf 83' lang='lat' dir='ltr'><strong>parte</strong></span> <span class='ocrx_word' id='word_1_359' title='bbox 2587 2600 2942 2656; x_wconf 77' lang='lat' dir='ltr'><strong>excellentius</strong></span> <span class='ocrx_word' id='word_1_360' title='bbox 2978 2597 3113 2652; x_wconf 86' lang='lat' dir='ltr'><strong>illud</strong></span> <span class='ocrx_word' id='word_1_361' title='bbox 3138 2597 3317 2652; x_wconf 90' lang='lat' dir='ltr'><strong>colere</strong></span> <span class='ocrx_word' id='word_1_362' title='bbox 3373 2611 3438 2650; x_wconf 88' lang='lat' dir='ltr'><strong>ac</strong></span> <span class='ocrx_word' id='word_1_363' title='bbox 3468 2593 3665 2666; x_wconf 75' lang='lat' dir='ltr'><strong>praedi-</strong></span> 
     </span>
    </p>
   </div>
   <div class='ocr_carea' id='block_1_49' title="bbox 2078 2688 3657 2764">
    <p class='ocr_par' dir='ltr' id='par_1_49' title="bbox 2078 2688 3657 2764">
     <span class='ocr_line' id='line_1_49' title="bbox 2078 2688 3657 2764; baseline -0.004 -15"><span class='ocrx_word' id='word_1_364' title='bbox 2078 2709 2207 2750; x_wconf 89' lang='lat' dir='ltr'><strong>care</strong></span> <span class='ocrx_word' id='word_1_365' title='bbox 2240 2694 2474 2764; x_wconf 85' lang='lat' dir='ltr'><strong>possint.</strong></span> <span class='ocrx_word' id='word_1_366' title='bbox 2512 2694 2724 2748; x_wconf 89' lang='lat' dir='ltr'><strong>Etenim</strong></span> <span class='ocrx_word' id='word_1_367' title='bbox 2759 2693 2806 2749; x_wconf 87' lang='lat' dir='ltr'><strong>si</strong></span> <span class='ocrx_word' id='word_1_368' title='bbox 2842 2692 2897 2745; x_wconf 91' lang='lat' dir='ltr'><strong>in</strong></span> <span class='ocrx_word' id='word_1_369' title='bbox 2927 2706 3096 2745; x_wconf 90' lang='lat' dir='ltr'><strong>unum</strong></span> <span class='ocrx_word' id='word_1_370' title='bbox 3151 2690 3329 2744; x_wconf 83' lang='lat' dir='ltr'><strong>locum</strong></span> <span class='ocrx_word' id='word_1_371' title='bbox 3364 2688 3657 2743; x_wconf 76' lang='lat' dir='ltr'><strong>conteran-</strong></span> 
     </span>
    </p>
   </div>
   <div class='ocr_carea' id='block_1_50' title="bbox 2086 2779 3663 2855">
    <p class='ocr_par' dir='ltr' id='par_1_50' title="bbox 2086 2779 3663 2855">
     <span class='ocr_line' id='line_1_50' title="bbox 2086 2779 3663 2855; baseline -0.006 -14"><span class='ocrx_word' id='word_1_372' title='bbox 2086 2796 2178 2841; x_wconf 86' lang='lat' dir='ltr'><strong>tur</strong></span> <span class='ocrx_word' id='word_1_373' title='bbox 2205 2802 2420 2851; x_wconf 90' lang='lat' dir='ltr'><strong>omnes,</strong></span> <span class='ocrx_word' id='word_1_374' title='bbox 2454 2794 2509 2840; x_wconf 90' lang='lat' dir='ltr'><strong>et</strong></span> <span class='ocrx_word' id='word_1_375' title='bbox 2539 2787 2752 2840; x_wconf 87' lang='lat' dir='ltr'><strong>intinito</strong></span> <span class='ocrx_word' id='word_1_376' title='bbox 2786 2785 2971 2855; x_wconf 90' lang='lat' dir='ltr'><strong>plures</strong></span> <span class='ocrx_word' id='word_1_377' title='bbox 3005 2783 3357 2852; x_wconf 85' lang='lat' dir='ltr'><strong>adjiciantur,</strong></span> <span class='ocrx_word' id='word_1_378' title='bbox 3394 2790 3560 2851; x_wconf 91' lang='lat' dir='ltr'><strong>atque</strong></span> <span class='ocrx_word' id='word_1_379' title='bbox 3593 2779 3663 2833; x_wconf 84' lang='lat' dir='ltr'><strong>ad</strong></span> 
     </span>
    </p>
   </div>
   <div class='ocr_carea' id='block_1_51' title="bbox 2079 2872 3663 2939">
    <p class='ocr_par' dir='ltr' id='par_1_51' title="bbox 2079 2872 3663 2939">
     <span class='ocr_line' id='line_1_51' title="bbox 2079 2872 3663 2939; baseline -0.003 -6"><span class='ocrx_word' id='word_1_380' title='bbox 2079 2877 2497 2933; x_wconf 87' lang='lat' dir='ltr'><strong>collaudamlum</strong></span> <span class='ocrx_word' id='word_1_381' title='bbox 2536 2876 2706 2932; x_wconf 89' lang='lat' dir='ltr'><strong>Deum</strong></span> <span class='ocrx_word' id='word_1_382' title='bbox 2738 2876 2884 2932; x_wconf 84' lang='lat' dir='ltr'><strong>vires</strong></span> <span class='ocrx_word' id='word_1_383' title='bbox 2933 2892 3064 2930; x_wconf 90' lang='lat' dir='ltr'><strong>suas</strong></span> <span class='ocrx_word' id='word_1_384' title='bbox 3110 2890 3303 2929; x_wconf 90' lang='lat' dir='ltr'><strong>omnes</strong></span> <span class='ocrx_word' id='word_1_385' title='bbox 3354 2872 3663 2939; x_wconf 84' lang='lat' dir='ltr'><strong>intendant.</strong></span> 
     </span>
    </p>
   </div>
   <div class='ocr_carea' id='block_1_52' title="bbox 2079 2966 3664 3040">
    <p class='ocr_par' dir='ltr' id='par_1_52' title="bbox 2079 2966 3664 3040">
     <span class='ocr_line' id='line_1_52' title="bbox 2079 2966 3664 3040; baseline -0.004 -15"><span class='ocrx_word' id='word_1_386' title='bbox 2079 2984 2362 3040; x_wconf 88' lang='lat' dir='ltr'><strong>nunquam</strong></span> <span class='ocrx_word' id='word_1_387' title='bbox 2393 2968 2697 3040; x_wconf 82' lang='lat' dir='ltr'><strong>perfectum</strong></span> <span class='ocrx_word' id='word_1_388' title='bbox 2738 2968 2885 3024; x_wconf 86' lang='lat' dir='ltr'><strong>illius</strong></span> <span class='ocrx_word' id='word_1_389' title='bbox 2937 2966 3282 3037; x_wconf 79' lang='lat' dir='ltr'><strong>Splendorem</strong></span> <span class='ocrx_word' id='word_1_390' title='bbox 3323 2979 3388 3019; x_wconf 92' lang='lat' dir='ltr'><strong>ac</strong></span> <span class='ocrx_word' id='word_1_391' title='bbox 3434 2966 3664 3035; x_wconf 85' lang='lat' dir='ltr'><strong>gloriam</strong></span> 
     </span>
    </p>
   </div>
   <div class='ocr_carea' id='block_1_53' title="bbox 390 3054 1981 3151">
    <p class='ocr_par' dir='ltr' id='par_1_53' title="bbox 390 3054 1975 3129">
     <span class='ocr_line' id='line_1_53' title="bbox 390 3054 1975 3129; baseline -0.003 -19"><span class='ocrx_word' id='word_1_392' title='bbox 390 3057 486 3111; x_wconf 86' lang='grc' dir='ltr'><strong>τοῦ</strong></span> <span class='ocrx_word' id='word_1_393' title='bbox 528 3058 860 3129; x_wconf 83' lang='grc' dir='ltr'>ἀσυγκρίτου</span> <span class='ocrx_word' id='word_1_394' title='bbox 892 3056 926 3127; x_wconf 79' lang='grc' dir='ltr'>ἢ</span> <span class='ocrx_word' id='word_1_395' title='bbox 961 3059 981 3088; x_wconf 85' lang='grc'><strong><em>²</em></strong></span> <span class='ocrx_word' id='word_1_396' title='bbox 1010 3057 1103 3109; x_wconf 88' lang='grc' dir='ltr'><strong>τοῦ</strong></span> <span class='ocrx_word' id='word_1_397' title='bbox 1137 3057 1419 3128; x_wconf 85' lang='grc' dir='ltr'>ἀμείνονος</span> <span class='ocrx_word' id='word_1_398' title='bbox 1454 3056 1605 3127; x_wconf 82' lang='grc' dir='ltr'>παρὰ</span> <span class='ocrx_word' id='word_1_399' title='bbox 1634 3056 1744 3108; x_wconf 87' lang='grc' dir='ltr'><strong>τῶν</strong></span> <span class='ocrx_word' id='word_1_400' title='bbox 1778 3054 1975 3109; x_wconf 83' lang='grc' dir='ltr'>ὑποϐε-</span> 
     </span>
    </p>
   </div>
   <div class='ocr_carea' id='block_1_54' title="bbox 2082 3054 3666 3151">
    <p class='ocr_par' dir='ltr' id='par_1_54' title="bbox 2083 3056 3666 3130">
     <span class='ocr_line' id='line_1_54' title="bbox 2083 3056 3666 3130; baseline -0.005 -14"><span class='ocrx_word' id='word_1_401' title='bbox 2083 3061 2137 3116; x_wconf 93' lang='lat' dir='ltr'><strong>in</strong></span> <span class='ocrx_word' id='word_1_402' title='bbox 2169 3059 2369 3130; x_wconf 87' lang='lat' dir='ltr'><strong>seipsis</strong></span> <span class='ocrx_word' id='word_1_403' title='bbox 2401 3060 2693 3129; x_wconf 91' lang='lat' dir='ltr'><strong>concipere</strong></span> <span class='ocrx_word' id='word_1_404' title='bbox 2723 3066 3004 3129; x_wconf 86' lang='lat' dir='ltr'><strong>poterunt,</strong></span> <span class='ocrx_word' id='word_1_405' title='bbox 3031 3073 3096 3113; x_wconf 89' lang='lat' dir='ltr'><strong>eo</strong></span> <span class='ocrx_word' id='word_1_406' title='bbox 3131 3057 3278 3126; x_wconf 91' lang='lat' dir='ltr'><strong>quod</strong></span> <span class='ocrx_word' id='word_1_407' title='bbox 3314 3056 3666 3127; x_wconf 67' lang='lat' dir='ltr'><strong>praestantior</strong></span> 
     </span>
    </p>
   </div>
   <div class='ocr_carea' id='block_1_55' title="bbox 392 3142 1977 3218">
    <p class='ocr_par' dir='ltr' id='par_1_55' title="bbox 392 3142 1977 3218">
     <span class='ocr_line' id='line_1_55' title="bbox 392 3142 1977 3218; baseline 0 -19"><span class='ocrx_word' id='word_1_408' title='bbox 392 3150 639 3218; x_wconf 75' lang='grc' dir='ltr'>δηκότων</span> <span class='ocrx_word' id='word_1_409' title='bbox 666 3147 962 3217; x_wconf 79' lang='grc' dir='ltr'>δοξολογία.</span> <span class='ocrx_word' id='word_1_410' title='bbox 997 3142 1121 3201; x_wconf 77' lang='grc' dir='ltr'><strong>Οἵδε</strong></span> <span class='ocrx_word' id='word_1_411' title='bbox 1145 3147 1255 3218; x_wconf 87' lang='grc' dir='ltr'><strong>γὰρ</strong></span> <span class='ocrx_word' id='word_1_412' title='bbox 1281 3148 1337 3198; x_wconf 82' lang='grc' dir='ltr'>ὲν</span> <span class='ocrx_word' id='word_1_413' title='bbox 1364 3146 1539 3215; x_wconf 76' lang='grc' dir='ltr'>Πατρὶ</span> <span class='ocrx_word' id='word_1_414' title='bbox 1567 3145 1627 3198; x_wconf 78' lang='grc' dir='ltr'>τὸ</span> <span class='ocrx_word' id='word_1_415' title='bbox 1648 3145 1869 3216; x_wconf 82' lang='grc' dir='ltr'>ἄμεινον</span> <span class='ocrx_word' id='word_1_416' title='bbox 1890 3145 1977 3199; x_wconf 82' lang='grc' dir='ltr'><strong>διὰ</strong></span> 
     </span>
    </p>
   </div>
   <div class='ocr_carea' id='block_1_56' title="bbox 390 3235 1975 3309">
    <p class='ocr_par' dir='ltr' id='par_1_56' title="bbox 390 3235 1975 3309">
     <span class='ocr_line' id='line_1_56' title="bbox 390 3235 1975 3309; baseline -0.003 -18"><span class='ocrx_word' id='word_1_417' title='bbox 390 3240 487 3295; x_wconf 74' lang='grc' dir='ltr'><strong>τοῦ</strong></span> <span class='ocrx_word' id='word_1_418' title='bbox 518 3240 838 3309; x_wconf 69' lang='grc' dir='ltr'>ἀγεννήτου,</span> <span class='ocrx_word' id='word_1_419' title='bbox 876 3239 969 3292; x_wconf 77' lang='grc' dir='ltr'>καὶ</span> <span class='ocrx_word' id='word_1_420' title='bbox 1005 3238 1065 3291; x_wconf 85' lang='grc' dir='ltr'><strong>τὸ</strong></span> <span class='ocrx_word' id='word_1_421' title='bbox 1095 3238 1317 3309; x_wconf 81' lang='grc' dir='ltr'>ἄμεινον</span> <span class='ocrx_word' id='word_1_422' title='bbox 1350 3235 1411 3301; x_wconf 77' lang='grc' dir='ltr'><strong>ἐξ</strong></span> <span class='ocrx_word' id='word_1_423' title='bbox 1442 3235 1607 3289; x_wconf 74' lang='grc' dir='ltr'>αὐτοῦ</span> <span class='ocrx_word' id='word_1_424' title='bbox 1638 3235 1975 3307; x_wconf 85' lang='grc' dir='ltr'>γεγεννημέ-</span> 
     </span>
    </p>
   </div>
   <div class='ocr_carea' id='block_1_57' title="bbox 392 3326 1977 3402">
    <p class='ocr_par' dir='ltr' id='par_1_57' title="bbox 392 3326 1977 3402">
     <span class='ocr_line' id='line_1_57' title="bbox 392 3326 1977 3402; baseline -0.004 -17"><span class='ocrx_word' id='word_1_425' title='bbox 392 3349 503 3386; x_wconf 90' lang='grc' dir='ltr'>νον.</span> <span class='ocrx_word' id='word_1_426' title='bbox 530 3331 733 3401; x_wconf 80' lang='grc' dir='ltr'>Διόπερ</span> <span class='ocrx_word' id='word_1_427' title='bbox 753 3329 1038 3401; x_wconf 83' lang='grc' dir='ltr'>ὁμοούσιον</span> <span class='ocrx_word' id='word_1_428' title='bbox 1062 3328 1314 3399; x_wconf 87' lang='grc' dir='ltr'>ὁμολογεῖ</span> <span class='ocrx_word' id='word_1_429' title='bbox 1345 3329 1378 3399; x_wconf 86' lang='grc' dir='ltr'>ή</span> <span class='ocrx_word' id='word_1_430' title='bbox 1411 3328 1475 3379; x_wconf 84' lang='grc' dir='ltr'>ὲκ</span> <span class='ocrx_word' id='word_1_431' title='bbox 1501 3326 1636 3380; x_wconf 89' lang='grc' dir='ltr'>Θεοῦ</span> <span class='ocrx_word' id='word_1_432' title='bbox 1666 3326 1977 3402; x_wconf 86' lang='grc' dir='ltr'>ἀνθρώποις</span> 
     </span>
    </p>
   </div>
   <div class='ocr_carea' id='block_1_58' title="bbox 391 3418 1979 3497">
    <p class='ocr_par' dir='ltr' id='par_1_58' title="bbox 391 3418 1979 3497">
     <span class='ocr_line' id='line_1_58' title="bbox 391 3418 1979 3497; baseline -0.003 -21"><span class='ocrx_word' id='word_1_433' title='bbox 391 3424 527 3497; x_wconf 78' lang='grc' dir='ltr'>ὀρθὴ</span> <span class='ocrx_word' id='word_1_434' title='bbox 577 3422 947 3495; x_wconf 79' lang='grc' dir='ltr'>κεχαρισμένη</span> <span class='ocrx_word' id='word_1_435' title='bbox 988 3421 1187 3475; x_wconf 73' lang='grc' dir='ltr'>έννοιασ</span> <span class='ocrx_word' id='word_1_436' title='bbox 1228 3421 1318 3473; x_wconf 79' lang='grc' dir='ltr'>ἵνα.</span> <span class='ocrx_word' id='word_1_437' title='bbox 1356 3418 1453 3489; x_wconf 86' lang='grc' dir='ltr'>μὴ,</span> <span class='ocrx_word' id='word_1_438' title='bbox 1497 3418 1559 3472; x_wconf 84' lang='grc' dir='ltr'>τὸ</span> <span class='ocrx_word' id='word_1_439' title='bbox 1603 3418 1979 3490; x_wconf 89' lang='grc' dir='ltr'>ἀνομοιούσιον</span> 
     </span>
    </p>
   </div>
   <div class='ocr_carea' id='block_1_59' title="bbox 393 3513 1981 3589">
    <p class='ocr_par' dir='ltr' id='par_1_59' title="bbox 393 3513 1981 3589">
     <span class='ocr_line' id='line_1_59' title="bbox 393 3513 1981 3589; baseline -0.003 -19"><span class='ocrx_word' id='word_1_440' title='bbox 393 3517 729 3589; x_wconf 76' lang='grc' dir='ltr'>ἑπινοήσασα</span> <span class='ocrx_word' id='word_1_441' title='bbox 768 3514 897 3568; x_wconf 86' lang='grc' dir='ltr'>Υίοῦ</span> <span class='ocrx_word' id='word_1_442' title='bbox 933 3514 1071 3584; x_wconf 87' lang='grc' dir='ltr'>πρὸς</span> <span class='ocrx_word' id='word_1_443' title='bbox 1111 3513 1353 3584; x_wconf 85' lang='grc' dir='ltr'>Πατέρα,</span> <span class='ocrx_word' id='word_1_444' title='bbox 1392 3514 1655 3585; x_wconf 83' lang='grc' dir='ltr'>διαίρεσιν</span> <span class='ocrx_word' id='word_1_445' title='bbox 1686 3514 1981 3583; x_wconf 84' lang='grc' dir='ltr'>ποιήσηται</span> 
     </span>
    </p>
   </div>
   <div class='ocr_carea' id='block_1_60' title="bbox 392 3599 1981 3682">
    <p class='ocr_par' dir='ltr' id='par_1_60' title="bbox 392 3599 1981 3682">
     <span class='ocr_line' id='line_1_60' title="bbox 392 3599 1981 3682; baseline -0.006 -16"><span class='ocrx_word' id='word_1_446' title='bbox 392 3614 493 3682; x_wconf 80' lang='grc' dir='ltr'><strong>τῆς</strong></span> <span class='ocrx_word' id='word_1_447' title='bbox 522 3610 808 3681; x_wconf 82' lang='grc' dir='ltr'>ἀμείνονος</span> <span class='ocrx_word' id='word_1_448' title='bbox 834 3608 929 3661; x_wconf 75' lang='grc' dir='ltr'><strong>καὶ</strong></span> <span class='ocrx_word' id='word_1_449' title='bbox 954 3606 1294 3679; x_wconf 80' lang='grc' dir='ltr'>ἀκραιφνοῦς</span> <span class='ocrx_word' id='word_1_450' title='bbox 1325 3606 1661 3679; x_wconf 83' lang='grc' dir='ltr'>τελειότητος</span> <span class='ocrx_word' id='word_1_451' title='bbox 1691 3606 1757 3659; x_wconf 84' lang='grc' dir='ltr'><strong>δι’</strong></span> <span class='ocrx_word' id='word_1_452' title='bbox 1784 3599 1845 3660; x_wconf 76' lang='grc' dir='ltr'>οὗ</span> <span class='ocrx_word' id='word_1_453' title='bbox 1870 3599 1981 3658; x_wconf 75' lang='grc' dir='ltr'>οἶδε</span> 
     </span>
    </p>
   </div>
   <div class='ocr_carea' id='block_1_61' title="bbox 394 3697 1979 3773">
    <p class='ocr_par' dir='ltr' id='par_1_61' title="bbox 394 3697 1979 3773">
     <span class='ocr_line' id='line_1_61' title="bbox 394 3697 1979 3773; baseline -0.004 -18"><span class='ocrx_word' id='word_1_454' title='bbox 394 3701 793 3773; x_wconf 83' lang='grc' dir='ltr'>γεγεννημένου</span> <span class='ocrx_word' id='word_1_455' title='bbox 823 3702 880 3754; x_wconf 81' lang='grc' dir='ltr'>ὲν</span> <span class='ocrx_word' id='word_1_456' title='bbox 902 3699 1131 3772; x_wconf 77' lang='grc' dir='ltr'>ἀληθείᾳ</span> <span class='ocrx_word' id='word_1_457' title='bbox 1155 3698 1260 3752; x_wconf 81' lang='grc' dir='ltr'><strong>ὑπὸ</strong></span> <span class='ocrx_word' id='word_1_458' title='bbox 1282 3698 1376 3752; x_wconf 90' lang='grc' dir='ltr'><strong>τοῦ</strong></span> <span class='ocrx_word' id='word_1_459' title='bbox 1400 3698 1793 3769; x_wconf 85' lang='grc' dir='ltr'>γεγεννηκότος</span> <span class='ocrx_word' id='word_1_460' title='bbox 1810 3697 1979 3765; x_wconf 82' lang='grc' dir='ltr'>ἀσυγ·</span> 
     </span>
    </p>
   </div>
   <div class='ocr_carea' id='block_1_62' title="bbox 395 3788 1978 3866">
    <p class='ocr_par' dir='ltr' id='par_1_62' title="bbox 395 3788 1978 3866">
     <span class='ocr_line' id='line_1_62' title="bbox 395 3788 1978 3866; baseline -0.004 -18"><span class='ocrx_word' id='word_1_461' title='bbox 395 3794 599 3866; x_wconf 89' lang='grc' dir='ltr'>κρίτως</span> <span class='ocrx_word' id='word_1_462' title='bbox 631 3792 810 3855; x_wconf 81' lang='grc' dir='ltr'>πάσας</span> <span class='ocrx_word' id='word_1_463' title='bbox 844 3790 1052 3854; x_wconf 75' lang='grc' dir='ltr'>ἑννοίας</span> <span class='ocrx_word' id='word_1_464' title='bbox 1085 3790 1506 3861; x_wconf 84' lang='grc' dir='ltr'>ὑπερϐαίνοντος</span> <span class='ocrx_word' id='word_1_465' title='bbox 1531 3788 1619 3843; x_wconf 83' lang='grc' dir='ltr'><strong>διὰ</strong></span> <span class='ocrx_word' id='word_1_466' title='bbox 1648 3788 1708 3841; x_wconf 82' lang='grc' dir='ltr'>τὸ</span> <span class='ocrx_word' id='word_1_467' title='bbox 1730 3788 1978 3859; x_wconf 79' lang='grc' dir='ltr'>ἄμεινον.</span> 
     </span>
    </p>
   </div>
   <div class='ocr_carea' id='block_1_63' title="bbox 2084 3150 3666 3221">
    <p class='ocr_par' dir='ltr' id='par_1_63' title="bbox 2084 3150 3666 3221">
     <span class='ocr_line' id='line_1_63' title="bbox 2084 3150 3666 3221; baseline -0.003 -13"><span class='ocrx_word' id='word_1_468' title='bbox 2084 3155 2175 3209; x_wconf 86' lang='lat' dir='ltr'><strong>illa</strong></span> <span class='ocrx_word' id='word_1_469' title='bbox 2206 3164 2402 3208; x_wconf 87' lang='lat' dir='ltr'><strong>natura</strong></span> <span class='ocrx_word' id='word_1_470' title='bbox 2428 3151 2751 3207; x_wconf 79' lang='lat' dir='ltr'><strong>inferiorum</strong></span> <span class='ocrx_word' id='word_1_471' title='bbox 2774 3193 2789 3218; x_wconf 92' lang='lat'><strong>,</strong></span> <span class='ocrx_word' id='word_1_472' title='bbox 2823 3167 2887 3207; x_wconf 90' lang='lat' dir='ltr'><strong>ac</strong></span> <span class='ocrx_word' id='word_1_473' title='bbox 2916 3152 3018 3221; x_wconf 87' lang='lat' dir='ltr'><strong>sibi</strong></span> <span class='ocrx_word' id='word_1_474' title='bbox 3056 3150 3428 3218; x_wconf 85' lang='lat' dir='ltr'><strong>subjectarum</strong></span> <span class='ocrx_word' id='word_1_475' title='bbox 3456 3150 3666 3218; x_wconf 86' lang='lat' dir='ltr'><strong>cogita-</strong></span> 
     </span>
    </p>
   </div>
   <div class='ocr_carea' id='block_1_64' title="bbox 2083 3240 3665 3313">
    <p class='ocr_par' dir='ltr' id='par_1_64' title="bbox 2083 3240 3665 3313">
     <span class='ocr_line' id='line_1_64' title="bbox 2083 3240 3665 3313; baseline -0.002 -15"><span class='ocrx_word' id='word_1_476' title='bbox 2083 3245 2289 3301; x_wconf 89' lang='lat' dir='ltr'><strong>tionem</strong></span> <span class='ocrx_word' id='word_1_477' title='bbox 2320 3258 2540 3298; x_wconf 91' lang='lat' dir='ltr'><strong>omnem</strong></span> <span class='ocrx_word' id='word_1_478' title='bbox 2572 3244 2977 3313; x_wconf 81' lang='lat' dir='ltr'><strong>superat,.licet</strong></span> <span class='ocrx_word' id='word_1_479' title='bbox 3014 3257 3114 3311; x_wconf 92' lang='lat' dir='ltr'><strong>pro</strong></span> <span class='ocrx_word' id='word_1_480' title='bbox 3151 3242 3383 3305; x_wconf 82' lang='lat' dir='ltr'><strong>viribus,</strong></span> <span class='ocrx_word' id='word_1_481' title='bbox 3418 3240 3527 3295; x_wconf 91' lang='lat' dir='ltr'><strong>imo</strong></span> <span class='ocrx_word' id='word_1_482' title='bbox 3564 3255 3665 3295; x_wconf 85' lang='lat' dir='ltr'><strong>su-</strong></span> 
     </span>
    </p>
   </div>
   <div class='ocr_carea' id='block_1_65' title="bbox 2085 3332 3667 3410">
    <p class='ocr_par' dir='ltr' id='par_1_65' title="bbox 2085 3332 3667 3410">
     <span class='ocr_line' id='line_1_65' title="bbox 2085 3332 3667 3410; baseline -0.004 -18"><span class='ocrx_word' id='word_1_483' title='bbox 2085 3353 2184 3410; x_wconf 89' lang='lat' dir='ltr'><strong>pra</strong></span> <span class='ocrx_word' id='word_1_484' title='bbox 2206 3338 2374 3402; x_wconf 86' lang='lat' dir='ltr'><strong>vires,</strong></span> <span class='ocrx_word' id='word_1_485' title='bbox 2395 3335 2649 3391; x_wconf 87' lang='lat' dir='ltr'><strong>laudibus</strong></span> <span class='ocrx_word' id='word_1_486' title='bbox 2676 3334 3077 3406; x_wconf 73' lang='lat' dir='ltr'><strong>praeconiisque</strong></span> <span class='ocrx_word' id='word_1_487' title='bbox 3103 3332 3222 3389; x_wconf 88' lang='lat' dir='ltr'><strong>suis</strong></span> <span class='ocrx_word' id='word_1_488' title='bbox 3242 3346 3369 3385; x_wconf 89' lang='lat' dir='ltr'><strong>cum</strong></span> <span class='ocrx_word' id='word_1_489' title='bbox 3400 3341 3667 3401; x_wconf 68' lang='lat' dir='ltr'><strong>praestan-</strong></span> 
     </span>
    </p>
   </div>
   <div class='ocr_carea' id='block_1_66' title="bbox 2084 3421 3670 3498">
    <p class='ocr_par' dir='ltr' id='par_1_66' title="bbox 2084 3421 3670 3498">
     <span class='ocr_line' id='line_1_66' title="bbox 2084 3421 3670 3498; baseline -0.004 -14"><span class='ocrx_word' id='word_1_490' title='bbox 2084 3430 2228 3484; x_wconf 86' lang='lat' dir='ltr'><strong>tiore</strong></span> <span class='ocrx_word' id='word_1_491' title='bbox 2274 3426 2564 3498; x_wconf 83' lang='lat' dir='ltr'><strong>adaequare</strong></span> <span class='ocrx_word' id='word_1_492' title='bbox 2600 3441 2664 3483; x_wconf 87' lang='lat' dir='ltr'><strong>se</strong></span> <span class='ocrx_word' id='word_1_493' title='bbox 2714 3434 3005 3481; x_wconf 88' lang='lat' dir='ltr'><strong>conentur.</strong></span> <span class='ocrx_word' id='word_1_494' title='bbox 3049 3426 3145 3480; x_wconf 86' lang='lat' dir='ltr'><strong>Est</strong></span> <span class='ocrx_word' id='word_1_495' title='bbox 3191 3426 3339 3479; x_wconf 90' lang='lat' dir='ltr'><strong>enim</strong></span> <span class='ocrx_word' id='word_1_496' title='bbox 3391 3436 3500 3477; x_wconf 92' lang='lat' dir='ltr'><strong>non</strong></span> <span class='ocrx_word' id='word_1_497' title='bbox 3549 3421 3670 3478; x_wconf 88' lang='lat' dir='ltr'><strong>solo</strong></span> 
     </span>
    </p>
   </div>
   <div class='ocr_carea' id='block_1_67' title="bbox 2087 3517 3667 3589">
    <p class='ocr_par' dir='ltr' id='par_1_67' title="bbox 2087 3517 3667 3589">
     <span class='ocr_line' id='line_1_67' title="bbox 2087 3517 3667 3589; baseline -0.006 -13"><span class='ocrx_word' id='word_1_498' title='bbox 2087 3534 2361 3583; x_wconf 86' lang='lat' dir='ltr'><strong>sermone.</strong></span> <span class='ocrx_word' id='word_1_499' title='bbox 2411 3517 2507 3575; x_wconf 88' lang='lat' dir='ltr'><strong>sed</strong></span> <span class='ocrx_word' id='word_1_500' title='bbox 2554 3524 2843 3589; x_wconf 86' lang='lat' dir='ltr'><strong>potestate,</strong></span> <span class='ocrx_word' id='word_1_501' title='bbox 2873 3532 3010 3573; x_wconf 77' lang='lat' dir='ltr'><strong>voce</strong></span> <span class='ocrx_word' id='word_1_502' title='bbox 3056 3532 3122 3571; x_wconf 90' lang='lat' dir='ltr'><strong>ac</strong></span> <span class='ocrx_word' id='word_1_503' title='bbox 3152 3519 3367 3571; x_wconf 88' lang='lat' dir='ltr'><strong>ratione</strong></span> <span class='ocrx_word' id='word_1_504' title='bbox 3393 3523 3667 3586; x_wconf 64' lang='lat' dir='ltr'><strong>praestan-</strong></span> 
     </span>
    </p>
   </div>
   <div class='ocr_carea' id='block_1_68' title="bbox 2086 3608 3670 3679">
    <p class='ocr_par' dir='ltr' id='par_1_68' title="bbox 2086 3608 3670 3679">
     <span class='ocr_line' id='line_1_68' title="bbox 2086 3608 3670 3679; baseline -0.003 -14"><span class='ocrx_word' id='word_1_505' title='bbox 2086 3610 2215 3665; x_wconf 90' lang='lat' dir='ltr'><strong>tior.</strong></span> <span class='ocrx_word' id='word_1_506' title='bbox 2239 3608 2415 3665; x_wconf 90' lang='lat' dir='ltr'><strong>Porro</strong></span> <span class='ocrx_word' id='word_1_507' title='bbox 2444 3609 2876 3679; x_wconf 87' lang='lat' dir='ltr'><strong>incomparabile</strong></span> <span class='ocrx_word' id='word_1_508' title='bbox 2908 3625 3076 3664; x_wconf 92' lang='lat' dir='ltr'><strong>unum</strong></span> <span class='ocrx_word' id='word_1_509' title='bbox 3099 3610 3170 3663; x_wconf 89' lang='lat' dir='ltr'><strong>ab</strong></span> <span class='ocrx_word' id='word_1_510' title='bbox 3194 3610 3368 3664; x_wconf 84' lang='lat' dir='ltr'><strong>altero</strong></span> <span class='ocrx_word' id='word_1_511' title='bbox 3387 3622 3670 3679; x_wconf 86' lang='lat' dir='ltr'><strong>nunquam</strong></span> 
     </span>
    </p>
   </div>
   <div class='ocr_carea' id='block_1_69' title="bbox 2087 3696 3671 3769">
    <p class='ocr_par' dir='ltr' id='par_1_69' title="bbox 2087 3696 3671 3769">
     <span class='ocr_line' id='line_1_69' title="bbox 2087 3696 3671 3769; baseline -0.002 -16"><span class='ocrx_word' id='word_1_512' title='bbox 2087 3697 2490 3754; x_wconf 83' lang='lat' dir='ltr'><strong>excellentioris</strong></span> <span class='ocrx_word' id='word_1_513' title='bbox 2542 3697 2613 3751; x_wconf 88' lang='lat' dir='ltr'><strong>ah</strong></span> <span class='ocrx_word' id='word_1_514' title='bbox 2648 3696 3005 3753; x_wconf 78' lang='lat' dir='ltr'><strong>inferioribus</strong></span> <span class='ocrx_word' id='word_1_515' title='bbox 3044 3706 3303 3769; x_wconf 88' lang='lat' dir='ltr'><strong>suscepta</strong></span> <span class='ocrx_word' id='word_1_516' title='bbox 3356 3696 3671 3768; x_wconf 66' lang='lat' dir='ltr'><strong>praedicatio</strong></span> 
     </span>
    </p>
   </div>
   <div class='ocr_carea' id='block_1_70' title="bbox 2087 3786 3673 3859">
    <p class='ocr_par' dir='ltr' id='par_1_70' title="bbox 2087 3786 3673 3859">
     <span class='ocr_line' id='line_1_70' title="bbox 2087 3786 3673 3859; baseline -0.001 -16"><span class='ocrx_word' id='word_1_517' title='bbox 2087 3788 2384 3858; x_wconf 86' lang='lat' dir='ltr'><strong>separabit.</strong></span> <span class='ocrx_word' id='word_1_518' title='bbox 2434 3786 2598 3843; x_wconf 84' lang='lat' dir='ltr'><strong>Novit</strong></span> <span class='ocrx_word' id='word_1_519' title='bbox 2643 3788 2789 3843; x_wconf 91' lang='lat' dir='ltr'><strong>enim</strong></span> <span class='ocrx_word' id='word_1_520' title='bbox 2824 3788 2879 3843; x_wconf 92' lang='lat' dir='ltr'><strong>in</strong></span> <span class='ocrx_word' id='word_1_521' title='bbox 2909 3787 3072 3843; x_wconf 89' lang='lat' dir='ltr'><strong>Patre</strong></span> <span class='ocrx_word' id='word_1_522' title='bbox 3102 3789 3454 3859; x_wconf 72' lang='lat' dir='ltr'><strong>praestantius</strong></span> <span class='ocrx_word' id='word_1_523' title='bbox 3490 3786 3673 3843; x_wconf 82' lang='lat' dir='ltr'><strong>inesse</strong></span> 
     </span>
    </p>
   </div>
   <div class='ocr_carea' id='block_1_71' title="bbox 398 3875 3673 3956">
    <p class='ocr_par' dir='ltr' id='par_1_71' title="bbox 398 3875 3673 3956">
     <span class='ocr_line' id='line_1_71' title="bbox 398 3875 3673 3956; baseline -0.002 -15"><span class='ocrx_word' id='word_1_524' title='bbox 398 3886 662 3956; x_wconf 82' lang='lat' dir='ltr'><strong>quiddam</strong></span> <span class='ocrx_word' id='word_1_525' title='bbox 690 3924 706 3950; x_wconf 93' lang='lat'><strong>,</strong></span> <span class='ocrx_word' id='word_1_526' title='bbox 739 3889 1010 3954; x_wconf 89' lang='lat' dir='ltr'><strong>quatenus</strong></span> <span class='ocrx_word' id='word_1_527' title='bbox 1061 3890 1146 3939; x_wconf 85' lang='lat' dir='ltr'><strong>est</strong></span> <span class='ocrx_word' id='word_1_528' title='bbox 1194 3883 1495 3954; x_wconf 88' lang='lat' dir='ltr'><strong>ingenitus,</strong></span> <span class='ocrx_word' id='word_1_529' title='bbox 1554 3895 1620 3935; x_wconf 93' lang='lat' dir='ltr'><strong>ac</strong></span> <span class='ocrx_word' id='word_1_530' title='bbox 1684 3880 2037 3950; x_wconf 68' lang='lat' dir='ltr'><strong>praestantius</strong></span> <span class='ocrx_word' id='word_1_531' title='bbox 2069 3879 2257 3937; x_wconf 90' lang='lat' dir='ltr'><strong>itidem</strong></span> <span class='ocrx_word' id='word_1_532' title='bbox 2310 3895 2437 3936; x_wconf 88' lang='lat' dir='ltr'><strong>esse</strong></span> <span class='ocrx_word' id='word_1_533' title='bbox 2485 3880 2591 3935; x_wconf 89' lang='lat' dir='ltr'><strong>hoc</strong></span> <span class='ocrx_word' id='word_1_534' title='bbox 2627 3879 2775 3951; x_wconf 91' lang='lat' dir='ltr'><strong>quod</strong></span> <span class='ocrx_word' id='word_1_535' title='bbox 2824 3880 2895 3935; x_wconf 90' lang='lat' dir='ltr'><strong>ab</strong></span> <span class='ocrx_word' id='word_1_536' title='bbox 2940 3895 3007 3935; x_wconf 84' lang='lat' dir='ltr'><strong>eo</strong></span> <span class='ocrx_word' id='word_1_537' title='bbox 3055 3881 3299 3950; x_wconf 86' lang='lat' dir='ltr'><strong>genitum</strong></span> <span class='ocrx_word' id='word_1_538' title='bbox 3342 3887 3450 3936; x_wconf 86' lang='lat' dir='ltr'><strong>est.</strong></span> <span class='ocrx_word' id='word_1_539' title='bbox 3506 3875 3673 3948; x_wconf 68' lang='lat'><strong>953</strong></span> 
     </span>
    </p>
   </div>
   <div class='ocr_carea' id='block_1_72' title="bbox 398 3971 3672 4048">
    <p class='ocr_par' dir='ltr' id='par_1_72' title="bbox 398 3971 3672 4048">
     <span class='ocr_line' id='line_1_72' title="bbox 398 3971 3672 4048; baseline -0.004 -11"><span class='ocrx_word' id='word_1_540' title='bbox 398 3981 769 4048; x_wconf 85' lang='lat' dir='ltr'><strong>Quamobrem</strong></span> <span class='ocrx_word' id='word_1_541' title='bbox 792 3993 923 4033; x_wconf 83' lang='lat' dir='ltr'><strong>vera</strong></span> <span class='ocrx_word' id='word_1_542' title='bbox 982 3991 1046 4030; x_wconf 86' lang='lat' dir='ltr'><strong>ac</strong></span> <span class='ocrx_word' id='word_1_543' title='bbox 1075 3976 1334 4040; x_wconf 86' lang='lat' dir='ltr'><strong>sincera,</strong></span> <span class='ocrx_word' id='word_1_544' title='bbox 1377 3989 1542 4045; x_wconf 89' lang='lat' dir='ltr'><strong>quam</strong></span> <span class='ocrx_word' id='word_1_545' title='bbox 1575 3971 1720 4027; x_wconf 89' lang='lat' dir='ltr'><strong>Deus</strong></span> <span class='ocrx_word' id='word_1_546' title='bbox 1769 3972 2087 4027; x_wconf 88' lang='lat' dir='ltr'><strong>hominibus</strong></span> <span class='ocrx_word' id='word_1_547' title='bbox 2143 3972 2481 4044; x_wconf 87' lang='lat' dir='ltr'><strong>impertitur,</strong></span> <span class='ocrx_word' id='word_1_548' title='bbox 2552 3972 2912 4042; x_wconf 87' lang='lat' dir='ltr'><strong>intelligentia</strong></span> <span class='ocrx_word' id='word_1_549' title='bbox 2974 3973 3501 4028; x_wconf 84' lang='lat' dir='ltr'><strong>consubstantialem</strong></span> <span class='ocrx_word' id='word_1_550' title='bbox 3547 3985 3672 4026; x_wconf 82' lang='lat' dir='ltr'><strong>esse</strong></span> 
     </span>
    </p>
   </div>
   <div class='ocr_carea' id='block_1_73' title="bbox 398 4061 3667 4140">
    <p class='ocr_par' dir='ltr' id='par_1_73' title="bbox 398 4061 3667 4140">
     <span class='ocr_line' id='line_1_73' title="bbox 398 4061 3667 4140; baseline -0.004 -11"><span class='ocrx_word' id='word_1_551' title='bbox 398 4074 546 4129; x_wconf 79' lang='lat' dir='ltr'><strong>Patri</strong></span> <span class='ocrx_word' id='word_1_552' title='bbox 600 4072 803 4128; x_wconf 84' lang='lat' dir='ltr'><strong>Filium</strong></span> <span class='ocrx_word' id='word_1_553' title='bbox 852 4068 1161 4140; x_wconf 81' lang='lat' dir='ltr'><strong>proﬁtetur,</strong></span> <span class='ocrx_word' id='word_1_554' title='bbox 1201 4084 1274 4123; x_wconf 90' lang='lat' dir='ltr'><strong>ne</strong></span> <span class='ocrx_word' id='word_1_555' title='bbox 1324 4066 1370 4126; x_wconf 88' lang='lat' dir='ltr'><strong>si</strong></span> <span class='ocrx_word' id='word_1_556' title='bbox 1414 4066 1701 4121; x_wconf 82' lang='lat' dir='ltr'><strong>dissimilis</strong></span> <span class='ocrx_word' id='word_1_557' title='bbox 1734 4065 1859 4121; x_wconf 88' lang='lat' dir='ltr'><strong>illos</strong></span> <span class='ocrx_word' id='word_1_558' title='bbox 1919 4065 2178 4121; x_wconf 63' lang='lat' dir='ltr'><strong>essentia:</strong></span> <span class='ocrx_word' id='word_1_559' title='bbox 2230 4064 2559 4128; x_wconf 85' lang='lat' dir='ltr'><strong>constituat,</strong></span> <span class='ocrx_word' id='word_1_560' title='bbox 2612 4063 2989 4120; x_wconf 80' lang='lat' dir='ltr'><strong>escellentiori</strong></span> <span class='ocrx_word' id='word_1_561' title='bbox 3041 4065 3116 4119; x_wconf 87' lang='lat' dir='ltr'><strong>illi</strong></span> <span class='ocrx_word' id='word_1_562' title='bbox 3162 4078 3228 4118; x_wconf 89' lang='lat' dir='ltr'><strong>ac</strong></span> <span class='ocrx_word' id='word_1_563' title='bbox 3279 4061 3667 4119; x_wconf 66' lang='lat' dir='ltr'><strong>sincerissima</strong></span> 
     </span>
    </p>
   </div>
   <div class='ocr_carea' id='block_1_74' title="bbox 398 4153 3670 4240">
    <p class='ocr_par' dir='ltr' id='par_1_74' title="bbox 398 4153 3670 4240">
     <span class='ocr_line' id='line_1_74' title="bbox 398 4153 3670 4240; baseline -0.005 -19"><span class='ocrx_word' id='word_1_564' title='bbox 398 4164 723 4240; x_wconf 80' lang='lat' dir='ltr'><strong>perfectioni</strong></span> <span class='ocrx_word' id='word_1_565' title='bbox 776 4164 1068 4219; x_wconf 83' lang='lat' dir='ltr'><strong>divisionis</strong></span> <span class='ocrx_word' id='word_1_566' title='bbox 1111 4157 1320 4231; x_wconf 87' lang='lat' dir='ltr'><strong>aliquid</strong></span> <span class='ocrx_word' id='word_1_567' title='bbox 1370 4157 1634 4221; x_wconf 87' lang='lat' dir='ltr'><strong>inducat,</strong></span> <span class='ocrx_word' id='word_1_568' title='bbox 1696 4171 1821 4211; x_wconf 87' lang='lat' dir='ltr'><strong>cum</strong></span> <span class='ocrx_word' id='word_1_569' title='bbox 1884 4155 1976 4210; x_wconf 88' lang='lat' dir='ltr'><strong>ille</strong></span> <span class='ocrx_word' id='word_1_570' title='bbox 2011 4156 2156 4226; x_wconf 92' lang='lat' dir='ltr'><strong>ipse,</strong></span> <span class='ocrx_word' id='word_1_571' title='bbox 2196 4155 2357 4224; x_wconf 88' lang='lat' dir='ltr'><strong>cujus</strong></span> <span class='ocrx_word' id='word_1_572' title='bbox 2422 4155 2525 4210; x_wconf 89' lang='lat' dir='ltr'><strong>ista</strong></span> <span class='ocrx_word' id='word_1_573' title='bbox 2594 4153 2855 4209; x_wconf 79' lang='lat' dir='ltr'><strong>beneﬁcio</strong></span> <span class='ocrx_word' id='word_1_574' title='bbox 2896 4154 3162 4223; x_wconf 82' lang='lat' dir='ltr'><strong>percipit,</strong></span> <span class='ocrx_word' id='word_1_575' title='bbox 3208 4168 3240 4207; x_wconf 87' lang='lat' dir='ltr'><strong>a</strong></span> <span class='ocrx_word' id='word_1_576' title='bbox 3287 4154 3535 4222; x_wconf 87' lang='lat' dir='ltr'><strong>genitore</strong></span> <span class='ocrx_word' id='word_1_577' title='bbox 3580 4163 3670 4205; x_wconf 85' lang='lat' dir='ltr'><strong>re-</strong></span> 
     </span>
    </p>
   </div>
   <div class='ocr_carea' id='block_1_75' title="bbox 398 4246 3672 4331">
    <p class='ocr_par' dir='ltr' id='par_1_75' title="bbox 398 4246 3672 4331">
     <span class='ocr_line' id='line_1_75' title="bbox 398 4246 3672 4331; baseline -0.007 -12"><span class='ocrx_word' id='word_1_578' title='bbox 398 4279 528 4319; x_wconf 74' lang='lat' dir='ltr'><strong>vera</strong></span> <span class='ocrx_word' id='word_1_579' title='bbox 584 4261 659 4317; x_wconf 88' lang='lat' dir='ltr'><strong>sit</strong></span> <span class='ocrx_word' id='word_1_580' title='bbox 704 4260 957 4331; x_wconf 84' lang='lat' dir='ltr'><strong>genitus,</strong></span> <span class='ocrx_word' id='word_1_581' title='bbox 1003 4268 1058 4314; x_wconf 91' lang='lat' dir='ltr'><strong>et</strong></span> <span class='ocrx_word' id='word_1_582' title='bbox 1104 4256 1523 4329; x_wconf 79' lang='lat' dir='ltr'><strong>intelligentiam</strong></span> <span class='ocrx_word' id='word_1_583' title='bbox 1568 4265 1829 4317; x_wconf 85' lang='lat' dir='ltr'><strong>omnem,</strong></span> <span class='ocrx_word' id='word_1_584' title='bbox 1910 4264 2022 4320; x_wconf 65' lang='lat' dir='ltr'><strong>prae</strong></span> <span class='ocrx_word' id='word_1_585' title='bbox 2087 4249 2409 4307; x_wconf 79' lang='lat' dir='ltr'><strong>excellentia</strong></span> <span class='ocrx_word' id='word_1_586' title='bbox 2478 4262 2619 4313; x_wconf 89' lang='lat' dir='ltr'><strong>sua,</strong></span> <span class='ocrx_word' id='word_1_587' title='bbox 2681 4248 2803 4303; x_wconf 89' lang='lat' dir='ltr'><strong>sine</strong></span> <span class='ocrx_word' id='word_1_588' title='bbox 2858 4248 2967 4302; x_wconf 83' lang='lat' dir='ltr'><strong>ulla</strong></span> <span class='ocrx_word' id='word_1_589' title='bbox 3028 4246 3441 4317; x_wconf 88' lang='lat' dir='ltr'><strong>comparatione</strong></span> <span class='ocrx_word' id='word_1_590' title='bbox 3488 4250 3672 4298; x_wconf 82' lang='lat' dir='ltr'><strong>trans-</strong></span> 
     </span>
    </p>
   </div>
   <div class='ocr_carea' id='block_1_76' title="bbox 399 4358 619 4415">
    <p class='ocr_par' dir='ltr' id='par_1_76' title="bbox 399 4358 619 4415">
     <span class='ocr_line' id='line_1_76' title="bbox 399 4358 619 4415; baseline -0.018 0"><span class='ocrx_word' id='word_1_591' title='bbox 399 4358 619 4415; x_wconf 85' lang='lat' dir='ltr'><strong>cendat.</strong></span> 
     </span>
    </p>
   </div>
   <div class='ocr_carea' id='block_1_77' title="bbox 790 4447 1981 4530">
    <p class='ocr_par' dir='ltr' id='par_1_77' title="bbox 790 4469 1601 4529">
     <span class='ocr_line' id='line_1_77' title="bbox 790 4469 1601 4529; baseline -0.009 0"><span class='ocrx_word' id='word_1_592' title='bbox 790 4473 1188 4529; x_wconf 74' lang='grc' dir='ltr'><strong>ΚΕΦΑΛΔῘΟΝ</strong></span> <span class='ocrx_word' id='word_1_593' title='bbox 1219 4469 1473 4524; x_wconf 80' lang='grc' dir='ltr'><strong>ΔΕΤῙΟΥ</strong></span> <span class='ocrx_word' id='word_1_594' title='bbox 1500 4469 1601 4522; x_wconf 83' lang='grc' dir='ltr'><strong>1Δ¹.</strong></span> 
     </span>
    </p>
   </div>
   <div class='ocr_carea' id='block_1_78' title="bbox 2082 4447 3189 4530">
    <p class='ocr_par' dir='ltr' id='par_1_78' title="bbox 2571 4447 3189 4504">
     <span class='ocr_line' id='line_1_78' title="bbox 2571 4447 3189 4504; baseline -0.002 -1"><span class='ocrx_word' id='word_1_595' title='bbox 2571 4448 2752 4504; x_wconf 85' lang='grc' dir='ltr'><strong>ΔΕΤΙΙ</strong></span> <span class='ocrx_word' id='word_1_596' title='bbox 2786 4447 3019 4504; x_wconf 84' lang='lat' dir='ltr'><strong>CAPUT</strong></span> <span class='ocrx_word' id='word_1_597' title='bbox 3050 4447 3189 4502; x_wconf 82' lang='lat' dir='ltr'><strong>XIV.</strong></span> 
     </span>
    </p>
   </div>
   <div class='ocr_carea' id='block_1_79' title="bbox 474 4539 1981 4642">
    <p class='ocr_par' dir='ltr' id='par_1_79' title="bbox 474 4555 1981 4642">
     <span class='ocr_line' id='line_1_79' title="bbox 474 4555 1981 4642; baseline -0.011 -16"><span class='ocrx_word' id='word_1_598' title='bbox 474 4573 537 4626; x_wconf 78' lang='lat' dir='ltr'><strong>El</strong></span> <span class='ocrx_word' id='word_1_599' title='bbox 564 4570 642 4642; x_wconf 80' lang='grc' dir='ltr'>μὴ</span> <span class='ocrx_word' id='word_1_600' title='bbox 682 4570 818 4624; x_wconf 73' lang='grc' dir='ltr'>εἴκει</span> <span class='ocrx_word' id='word_1_601' title='bbox 843 4570 878 4638; x_wconf 81' lang='grc' dir='ltr'><strong>ἡ</strong></span> <span class='ocrx_word' id='word_1_602' title='bbox 900 4568 1197 4637; x_wconf 87' lang='grc' dir='ltr'>ἀγέννητος</span> <span class='ocrx_word' id='word_1_603' title='bbox 1224 4563 1387 4634; x_wconf 79' lang='grc' dir='ltr'>φύσις</span> <span class='ocrx_word' id='word_1_604' title='bbox 1409 4561 1643 4631; x_wconf 86' lang='grc' dir='ltr'>γενέσει,</span> <span class='ocrx_word' id='word_1_605' title='bbox 1664 4557 1808 4613; x_wconf 87' lang='grc' dir='ltr'>τοῦτ’</span> <span class='ocrx_word' id='word_1_606' title='bbox 1836 4555 1981 4610; x_wconf 76' lang='grc' dir='ltr'>ἐστιν</span> 
     </span>
    </p>
   </div>
   <div class='ocr_carea' id='block_1_80' title="bbox 2082 4539 3670 4642">
    <p class='ocr_par' dir='ltr' id='par_1_80' title="bbox 2163 4539 3670 4615">
     <span class='ocr_line' id='line_1_80' title="bbox 2163 4539 3670 4615; baseline -0.004 -14"><span class='ocrx_word' id='word_1_607' title='bbox 2163 4545 2222 4602; x_wconf 90' lang='lat' dir='ltr'><strong>Si</strong></span> <span class='ocrx_word' id='word_1_608' title='bbox 2261 4543 2500 4615; x_wconf 89' lang='lat' dir='ltr'><strong>ingenita</strong></span> <span class='ocrx_word' id='word_1_609' title='bbox 2553 4550 2752 4596; x_wconf 88' lang='lat' dir='ltr'><strong>natura</strong></span> <span class='ocrx_word' id='word_1_610' title='bbox 2820 4539 3158 4610; x_wconf 88' lang='lat' dir='ltr'><strong>generationi</strong></span> <span class='ocrx_word' id='word_1_611' title='bbox 3219 4541 3444 4597; x_wconf 91' lang='lat' dir='ltr'><strong>minime</strong></span> <span class='ocrx_word' id='word_1_612' title='bbox 3488 4541 3670 4605; x_wconf 88' lang='lat' dir='ltr'><strong>cedat,</strong></span> 
     </span>
    </p>
   </div>
   <div class='ocr_carea' id='block_1_81' title="bbox 400 4632 1981 4732">
    <p class='ocr_par' dir='ltr' id='par_1_81' title="bbox 400 4632 1981 4732">
     <span class='ocr_line' id='line_1_81' title="bbox 400 4632 1981 4732; baseline -0.011 -15"><span class='ocrx_word' id='word_1_613' title='bbox 400 4664 431 4717; x_wconf 81' lang='grc' dir='ltr'><strong>ὅ</strong></span> <span class='ocrx_word' id='word_1_614' title='bbox 455 4632 694 4732; x_wconf 72' lang='grc' dir='ltr'>λέγεται.</span> <span class='ocrx_word' id='word_1_615' title='bbox 728 4659 794 4715; x_wconf 80' lang='grc' dir='ltr'><strong>Εἰ</strong></span> <span class='ocrx_word' id='word_1_616' title='bbox 815 4632 1032 4713; x_wconf 22' lang='grc' dir='ltr'>ὅὲῖεῐκει</span> <span class='ocrx_word' id='word_1_617' title='bbox 1054 4632 1288 4726; x_wconf 78' lang='grc' dir='ltr'>γενέσει,</span> <span class='ocrx_word' id='word_1_618' title='bbox 1320 4654 1389 4709; x_wconf 86' lang='grc' dir='ltr'>τὰ</span> <span class='ocrx_word' id='word_1_619' title='bbox 1420 4653 1520 4723; x_wconf 82' lang='grc' dir='ltr'>τῆς</span> <span class='ocrx_word' id='word_1_620' title='bbox 1546 4650 1813 4722; x_wconf 89' lang='grc' dir='ltr'>γενέσεως</span> <span class='ocrx_word' id='word_1_621' title='bbox 1834 4646 1981 4717; x_wconf 79' lang='grc' dir='ltr'>πάθη</span> 
     </span>
    </p>
   </div>
   <div class='ocr_carea' id='block_1_82' title="bbox 2082 4632 3675 4732">
    <p class='ocr_par' dir='ltr' id='par_1_82' title="bbox 2092 4632 3675 4706">
     <span class='ocr_line' id='line_1_82' title="bbox 2092 4632 3675 4706; baseline -0.005 -13"><span class='ocrx_word' id='word_1_622' title='bbox 2092 4639 2359 4694; x_wconf 82' lang='lat' dir='ltr'><strong>habemus</strong></span> <span class='ocrx_word' id='word_1_623' title='bbox 2405 4634 2551 4706; x_wconf 91' lang='lat' dir='ltr'><strong>quod</strong></span> <span class='ocrx_word' id='word_1_624' title='bbox 2614 4634 2893 4689; x_wconf 75' lang='lat' dir='ltr'><strong>volumus.</strong></span> <span class='ocrx_word' id='word_1_625' title='bbox 2952 4632 3050 4686; x_wconf 90' lang='lat' dir='ltr'><strong>Sin</strong></span> <span class='ocrx_word' id='word_1_626' title='bbox 3098 4634 3433 4703; x_wconf 87' lang='lat' dir='ltr'><strong>generationi</strong></span> <span class='ocrx_word' id='word_1_627' title='bbox 3491 4633 3675 4699; x_wconf 87' lang='lat' dir='ltr'><strong>cedat,</strong></span> 
     </span>
    </p>
   </div>
   <div class='ocr_carea' id='block_1_83' title="bbox 402 4724 1981 4829">
    <p class='ocr_par' dir='ltr' id='par_1_83' title="bbox 402 4724 1615 4829">
     <span class='ocr_line' id='line_1_83' title="bbox 402 4724 1615 4829; baseline -0.008 -18"><span class='ocrx_word' id='word_1_628' title='bbox 402 4757 503 4829; x_wconf 70' lang='grc' dir='ltr'>τῆς</span> <span class='ocrx_word' id='word_1_629' title='bbox 529 4724 885 4816; x_wconf 69' lang='grc' dir='ltr'>ῦποστάσεως</span> <span class='ocrx_word' id='word_1_630' title='bbox 909 4750 1006 4803; x_wconf 85' lang='grc' dir='ltr'><strong>τοῦ</strong></span> <span class='ocrx_word' id='word_1_631' title='bbox 1029 4724 1164 4803; x_wconf 83' lang='grc' dir='ltr'>Θεοῦ</span> <span class='ocrx_word' id='word_1_632' title='bbox 1196 4746 1282 4819; x_wconf 77' lang='grc' dir='ltr'><strong>εἴη</strong></span> <span class='ocrx_word' id='word_1_633' title='bbox 1309 4746 1534 4818; x_wconf 73' lang='grc' dir='ltr'>ἄμεινον</span> <span class='ocrx_word' id='word_1_634' title='bbox 1562 4745 1615 4801; x_wconf 84' lang='grc'>³.</span> 
     </span>
    </p>
   </div>
   <div class='ocr_carea' id='block_1_84' title="bbox 2082 4724 3676 4829">
    <p class='ocr_par' dir='ltr' id='par_1_84' title="bbox 2093 4724 3676 4803">
     <span class='ocr_line' id='line_1_84' title="bbox 2093 4724 3676 4803; baseline -0.004 -16"><span class='ocrx_word' id='word_1_635' title='bbox 2093 4728 2465 4803; x_wconf 88' lang='lat' dir='ltr'><strong>generationis</strong></span> <span class='ocrx_word' id='word_1_636' title='bbox 2511 4725 2831 4781; x_wconf 83' lang='lat' dir='ltr'><strong>all&#39;ectiones</strong></span> <span class='ocrx_word' id='word_1_637' title='bbox 2854 4724 3040 4780; x_wconf 84' lang='lat' dir='ltr'><strong>divina</strong></span> <span class='ocrx_word' id='word_1_638' title='bbox 3071 4725 3378 4781; x_wconf 84' lang='lat' dir='ltr'><strong>substantia</strong></span> <span class='ocrx_word' id='word_1_639' title='bbox 3409 4735 3676 4797; x_wconf 67' lang='lat' dir='ltr'><strong>praestan-</strong></span> 
     </span>
    </p>
   </div>
   <div class='ocr_carea' id='block_1_85' title="bbox 2096 4825 2473 4879">
    <p class='ocr_par' dir='ltr' id='par_1_85' title="bbox 2096 4825 2473 4879">
     <span class='ocr_line' id='line_1_85' title="bbox 2096 4825 2473 4879; baseline -0.016 0"><span class='ocrx_word' id='word_1_640' title='bbox 2096 4825 2267 4879; x_wconf 90' lang='lat' dir='ltr'><strong>tiores</strong></span> <span class='ocrx_word' id='word_1_641' title='bbox 2288 4827 2473 4877; x_wconf 91' lang='lat' dir='ltr'><strong>erunt.</strong></span> 
     </span>
    </p>
   </div>
   <div class='ocr_carea' id='block_1_86' title="bbox 967 4930 1981 5015">
    <p class='ocr_par' dir='ltr' id='par_1_86' title="bbox 967 4944 1441 5015">
     <span class='ocr_line' id='line_1_86' title="bbox 967 4944 1441 5015; baseline -0.019 -9"><span class='ocrx_word' id='word_1_642' title='bbox 967 4944 1296 5015; x_wconf 78' lang='grc' dir='ltr'>Ἀνατροπὴ</span> <span class='ocrx_word' id='word_1_643' title='bbox 1333 4944 1441 5001; x_wconf 87' lang='grc' dir='ltr'><strong>1Δ’.</strong></span> 
     </span>
    </p>
   </div>
   <div class='ocr_carea' id='block_1_87' title="bbox 2082 4930 3154 5015">
    <p class='ocr_par' dir='ltr' id='par_1_87' title="bbox 2634 4930 3154 5002">
     <span class='ocr_line' id='line_1_87' title="bbox 2634 4930 3154 5002; baseline -0.008 -13"><span class='ocrx_word' id='word_1_644' title='bbox 2634 4931 2943 5002; x_wconf 75' lang='lat' dir='ltr'><strong>Confutatio</strong></span> <span class='ocrx_word' id='word_1_645' title='bbox 2994 4930 3079 4985; x_wconf 83' lang='lat' dir='ltr'><strong>XI</strong></span> <span class='ocrx_word' id='word_1_646' title='bbox 3096 4931 3154 4985; x_wconf 84' lang='lat' dir='ltr'><strong>V.</strong></span> 
     </span>
    </p>
   </div>
   <div class='ocr_carea' id='block_1_88' title="bbox 482 5030 1984 5117">
    <p class='ocr_par' dir='ltr' id='par_1_88' title="bbox 482 5030 1984 5117">
     <span class='ocr_line' id='line_1_88' title="bbox 482 5030 1984 5117; baseline -0.013 -16"><span class='ocrx_word' id='word_1_647' title='bbox 482 5048 560 5103; x_wconf 82' lang='lat' dir='ltr'><strong>A&#39;.</strong></span> <span class='ocrx_word' id='word_1_648' title='bbox 597 5043 754 5117; x_wconf 67' lang='lat' dir='ltr'><strong>ﬂci‘l&#39;;</strong></span> <span class='ocrx_word' id='word_1_649' title='bbox 806 5044 943 5106; x_wconf 83' lang='grc' dir='ltr'>ὅλως</span> <span class='ocrx_word' id='word_1_650' title='bbox 985 5044 1043 5095; x_wconf 79' lang='grc' dir='ltr'>ὲν</span> <span class='ocrx_word' id='word_1_651' title='bbox 1091 5038 1213 5109; x_wconf 85' lang='grc' dir='ltr'>Θεῷ</span> <span class='ocrx_word' id='word_1_652' title='bbox 1257 5035 1561 5108; x_wconf 81' lang='grc' dir='ltr'>διηγεῖσθαι</span> <span class='ocrx_word' id='word_1_653' title='bbox 1604 5030 1984 5087; x_wconf 88' lang='grc' dir='ltr'>ἀσεϐέστατον.</span> 
     </span>
    </p>
   </div>
   <div class='ocr_carea' id='block_1_89' title="bbox 406 5123 1990 5211">
    <p class='ocr_par' dir='ltr' id='par_1_89' title="bbox 406 5123 1990 5211">
     <span class='ocr_line' id='line_1_89' title="bbox 406 5123 1990 5211; baseline -0.015 -14"><span class='ocrx_word' id='word_1_654' title='bbox 406 5144 552 5197; x_wconf 79' lang='grc' dir='ltr'>Εῐσω</span> <span class='ocrx_word' id='word_1_655' title='bbox 572 5141 681 5211; x_wconf 79' lang='grc' dir='ltr'><strong>γὰρ</strong></span> <span class='ocrx_word' id='word_1_656' title='bbox 706 5136 895 5192; x_wconf 76' lang='grc' dir='ltr'>παθῶν</span> <span class='ocrx_word' id='word_1_657' title='bbox 917 5134 1024 5188; x_wconf 79' lang='grc' dir='ltr'>οὐδ’</span> <span class='ocrx_word' id='word_1_658' title='bbox 1047 5133 1183 5196; x_wconf 85' lang='grc' dir='ltr'>ὅλως</span> <span class='ocrx_word' id='word_1_659' title='bbox 1208 5129 1519 5201; x_wconf 86' lang='grc' dir='ltr'>περιέχεται</span> <span class='ocrx_word' id='word_1_660' title='bbox 1541 5127 1601 5179; x_wconf 80' lang='grc' dir='ltr'><strong>τὸ</strong></span> <span class='ocrx_word' id='word_1_661' title='bbox 1620 5125 1793 5179; x_wconf 83' lang='grc' dir='ltr'>Θεϊον.</span> <span class='ocrx_word' id='word_1_662' title='bbox 1832 5123 1990 5175; x_wconf 81' lang='grc' dir='ltr'>Ἀνω-</span> 
     </span>
    </p>
   </div>
   <div class='ocr_carea' id='block_1_90' title="bbox 405 5220 1989 5292">
    <p class='ocr_par' dir='ltr' id='par_1_90' title="bbox 405 5220 1989 5292">
     <span class='ocr_line' id='line_1_90' title="bbox 405 5220 1989 5292; baseline -0.013 -3"><span class='ocrx_word' id='word_1_663' title='bbox 405 5236 553 5289; x_wconf 83' lang='grc' dir='ltr'><strong>τάτω</strong></span> <span class='ocrx_word' id='word_1_664' title='bbox 581 5234 635 5287; x_wconf 75' lang='grc' dir='ltr'><strong>δὲ</strong></span> <span class='ocrx_word' id='word_1_665' title='bbox 666 5232 726 5286; x_wconf 81' lang='grc' dir='ltr'>ὃν</span> <span class='ocrx_word' id='word_1_666' title='bbox 759 5231 781 5263; x_wconf 76' lang='grc'><strong>⁸</strong></span> <span class='ocrx_word' id='word_1_667' title='bbox 809 5229 919 5284; x_wconf 87' lang='grc' dir='ltr'><strong>τῶν</strong></span> <span class='ocrx_word' id='word_1_668' title='bbox 941 5226 1222 5287; x_wconf 79' lang='grc' dir='ltr'>τοιούτων,</span> <span class='ocrx_word' id='word_1_669' title='bbox 1258 5223 1368 5277; x_wconf 85' lang='grc' dir='ltr'><strong>τῶν</strong></span> <span class='ocrx_word' id='word_1_670' title='bbox 1396 5223 1454 5275; x_wconf 80' lang='grc' dir='ltr'><strong>έν</strong></span> <span class='ocrx_word' id='word_1_671' title='bbox 1481 5222 1613 5292; x_wconf 80' lang='grc' dir='ltr'>ἡμῖν</span> <span class='ocrx_word' id='word_1_672' title='bbox 1640 5220 1719 5281; x_wconf 80' lang='grc' dir='ltr'>εἰς</span> <span class='ocrx_word' id='word_1_673' title='bbox 1747 5233 1989 5288; x_wconf 89' lang='grc' dir='ltr'>μεριστι-</span> 
     </span>
    </p>
   </div>
   <div class='ocr_carea' id='block_1_91' title="bbox 407 5308 1985 5387">
    <p class='ocr_par' dir='ltr' id='par_1_91' title="bbox 407 5308 1985 5387">
     <span class='ocr_line' id='line_1_91' title="bbox 407 5308 1985 5387; baseline -0.011 -8"><span class='ocrx_word' id='word_1_674' title='bbox 407 5327 510 5387; x_wconf 87' lang='grc' dir='ltr'><strong>κάς</strong></span> <span class='ocrx_word' id='word_1_675' title='bbox 567 5324 776 5387; x_wconf 76' lang='grc' dir='ltr'>ἑννοίας</span> <span class='ocrx_word' id='word_1_676' title='bbox 822 5318 1256 5381; x_wconf 83' lang='grc' dir='ltr'>ὑποπιπτόντων,</span> <span class='ocrx_word' id='word_1_677' title='bbox 1310 5314 1452 5367; x_wconf 86' lang='grc' dir='ltr'><strong>κατά</strong></span> <span class='ocrx_word' id='word_1_678' title='bbox 1504 5311 1682 5366; x_wconf 81' lang='grc' dir='ltr'>πάντα</span> <span class='ocrx_word' id='word_1_679' title='bbox 1720 5310 1923 5383; x_wconf 86' lang='grc' dir='ltr'>τρόπον</span> <span class='ocrx_word' id='word_1_680' title='bbox 1956 5308 1985 5361; x_wconf 90' lang='grc' dir='ltr'><strong>ό</strong></span> 
     </span>
    </p>
   </div>
   <div class='ocr_carea' id='block_1_92' title="bbox 422 5402 1987 5484">
    <p class='ocr_par' dir='ltr' id='par_1_92' title="bbox 422 5402 1987 5484">
     <span class='ocr_line' id='line_1_92' title="bbox 422 5402 1987 5484; baseline -0.01 -13"><span class='ocrx_word' id='word_1_681' title='bbox 422 5417 625 5472; x_wconf 80' lang='grc' dir='ltr'>Ἀετίου</span> <span class='ocrx_word' id='word_1_682' title='bbox 652 5416 810 5484; x_wconf 76' lang='grc' dir='ltr'>λόγος</span> <span class='ocrx_word' id='word_1_683' title='bbox 830 5412 1297 5484; x_wconf 83' lang='grc' dir='ltr'>ἀνατραπήσεται.</span> <span class='ocrx_word' id='word_1_684' title='bbox 1327 5408 1511 5461; x_wconf 80' lang='grc' dir='ltr'>Πάντα</span> <span class='ocrx_word' id='word_1_685' title='bbox 1537 5404 1646 5476; x_wconf 79' lang='grc' dir='ltr'>γὰρ</span> <span class='ocrx_word' id='word_1_686' title='bbox 1675 5404 1745 5457; x_wconf 88' lang='grc' dir='ltr'><strong>τά</strong></span> <span class='ocrx_word' id='word_1_687' title='bbox 1773 5404 1832 5455; x_wconf 80' lang='grc' dir='ltr'>ὲν</span> <span class='ocrx_word' id='word_1_688' title='bbox 1854 5402 1987 5473; x_wconf 77' lang='grc' dir='ltr'>ἡμῖν</span> 
     </span>
    </p>
   </div>
   <div class='ocr_carea' id='block_1_93' title="bbox 410 5495 1983 5579">
    <p class='ocr_par' dir='ltr' id='par_1_93' title="bbox 410 5495 1983 5579">
     <span class='ocr_line' id='line_1_93' title="bbox 410 5495 1983 5579; baseline -0.012 -15"><span class='ocrx_word' id='word_1_689' title='bbox 410 5509 728 5579; x_wconf 83' lang='grc' dir='ltr'>παθητικῶς</span> <span class='ocrx_word' id='word_1_690' title='bbox 748 5505 1132 5578; x_wconf 88' lang='grc' dir='ltr'>συμϐαίνοντα,</span> <span class='ocrx_word' id='word_1_691' title='bbox 1159 5504 1216 5554; x_wconf 77' lang='grc' dir='ltr'>ἐν</span> <span class='ocrx_word' id='word_1_692' title='bbox 1236 5500 1355 5571; x_wconf 87' lang='grc' dir='ltr'>Θεῷ</span> <span class='ocrx_word' id='word_1_693' title='bbox 1374 5496 1601 5561; x_wconf 85' lang='grc' dir='ltr'>ἀπαθῶς</span> <span class='ocrx_word' id='word_1_694' title='bbox 1632 5495 1983 5565; x_wconf 88' lang='grc' dir='ltr'>συνέστηκεν.</span> 
     </span>
    </p>
   </div>
   <div class='ocr_carea' id='block_1_94' title="bbox 422 5586 1983 5674">
    <p class='ocr_par' dir='ltr' id='par_1_94' title="bbox 422 5586 1983 5674">
     <span class='ocr_line' id='line_1_94' title="bbox 422 5586 1983 5674; baseline 0.004 -29"><span class='ocrx_word' id='word_1_695' title='bbox 422 5604 511 5657; x_wconf 76' lang='grc' dir='ltr'>ἐν</span> <span class='ocrx_word' id='word_1_696' title='bbox 539 5605 669 5674; x_wconf 72' lang='grc' dir='ltr'>ἡμῖν</span> <span class='ocrx_word' id='word_1_697' title='bbox 700 5601 808 5670; x_wconf 81' lang='grc' dir='ltr'>γὰρ</span> <span class='ocrx_word' id='word_1_698' title='bbox 845 5599 984 5653; x_wconf 85' lang='grc' dir='ltr'><strong>κατά</strong></span> <span class='ocrx_word' id='word_1_699' title='bbox 1013 5615 1067 5650; x_wconf 89' lang='grc' dir='ltr'><strong>τι</strong></span> <span class='ocrx_word' id='word_1_700' title='bbox 1116 5597 1281 5669; x_wconf 87' lang='grc' dir='ltr'>μέρος</span> <span class='ocrx_word' id='word_1_701' title='bbox 1316 5594 1377 5648; x_wconf 80' lang='grc' dir='ltr'>τὸ</span> <span class='ocrx_word' id='word_1_702' title='bbox 1421 5592 1594 5645; x_wconf 89' lang='grc' dir='ltr'>θέλειν</span> <span class='ocrx_word' id='word_1_703' title='bbox 1632 5590 1748 5644; x_wconf 76' lang='grc' dir='ltr'>ἐστὶ</span> <span class='ocrx_word' id='word_1_704' title='bbox 1780 5586 1983 5650; x_wconf 80' lang='grc' dir='ltr'>πάθος⁹</span> 
     </span>
    </p>
   </div>
   <div class='ocr_carea' id='block_1_95' title="bbox 533 5747 2052 5832">
    <p class='ocr_par' dir='ltr' id='par_1_95' title="bbox 533 5747 2052 5832">
     <span class='ocr_line' id='line_1_95' title="bbox 533 5747 2052 5832; baseline -0.013 -10"><span class='ocrx_word' id='word_1_705' title='bbox 533 5762 596 5821; x_wconf 82' lang='lat' dir='ltr'><strong>F.</strong></span> <span class='ocrx_word' id='word_1_706' title='bbox 626 5764 760 5832; x_wconf 82' lang='grc' dir='ltr'>πρὸς</span> <span class='ocrx_word' id='word_1_707' title='bbox 791 5762 871 5816; x_wconf 81' lang='grc' dir='ltr'><strong>τό.</strong></span> <span class='ocrx_word' id='word_1_708' title='bbox 947 5764 969 5796; x_wconf 82' lang='grc'>³</span> <span class='ocrx_word' id='word_1_709' title='bbox 1007 5760 1217 5831; x_wconf 62' lang='lat' dir='ltr'><strong>Cori.</strong></span> <span class='ocrx_word' id='word_1_710' title='bbox 1292 5759 1311 5790; x_wconf 85' lang='grc'>³</span> <span class='ocrx_word' id='word_1_711' title='bbox 1347 5755 1408 5811; x_wconf 85' lang='lat' dir='ltr'><strong>F.</strong></span> <span class='ocrx_word' id='word_1_712' title='bbox 1433 5755 1661 5827; x_wconf 85' lang='grc' dir='ltr'>ἀμείνω.</span> <span class='ocrx_word' id='word_1_713' title='bbox 1735 5754 1757 5784; x_wconf 75' lang='grc'>⁸</span> <span class='ocrx_word' id='word_1_714' title='bbox 1790 5747 1851 5806; x_wconf 77' lang='lat' dir='ltr'><strong>F.</strong></span> <span class='ocrx_word' id='word_1_715' title='bbox 1878 5748 2052 5815; x_wconf 71' lang='grc' dir='ltr'>ὄντος.</span> 
     </span>
    </p>
   </div>
   <div class='ocr_carea' id='block_1_96' title="bbox 2167 5022 3680 5099">
    <p class='ocr_par' dir='ltr' id='par_1_96' title="bbox 2167 5022 3680 5099">
     <span class='ocr_line' id='line_1_96' title="bbox 2167 5022 3680 5099; baseline -0.005 -15"><span class='ocrx_word' id='word_1_716' title='bbox 2167 5030 2209 5085; x_wconf 90' lang='lat' dir='ltr'><strong>l.</strong></span> <span class='ocrx_word' id='word_1_717' title='bbox 2243 5027 2378 5086; x_wconf 85' lang='lat' dir='ltr'><strong>Esse</strong></span> <span class='ocrx_word' id='word_1_718' title='bbox 2410 5028 2621 5099; x_wconf 90' lang='lat' dir='ltr'><strong>aliquas</strong></span> <span class='ocrx_word' id='word_1_719' title='bbox 2657 5027 2709 5081; x_wconf 91' lang='lat' dir='ltr'><strong>in</strong></span> <span class='ocrx_word' id='word_1_720' title='bbox 2758 5024 2869 5079; x_wconf 83' lang='lat' dir='ltr'><strong>Deo</strong></span> <span class='ocrx_word' id='word_1_721' title='bbox 2896 5023 3211 5079; x_wconf 80' lang='lat' dir='ltr'><strong>affectiones</strong></span> <span class='ocrx_word' id='word_1_722' title='bbox 3257 5022 3461 5086; x_wconf 85' lang='lat' dir='ltr'><strong>dicere,</strong></span> <span class='ocrx_word' id='word_1_723' title='bbox 3504 5022 3680 5077; x_wconf 86' lang='lat' dir='ltr'><strong>sacri-</strong></span> 
     </span>
    </p>
   </div>
   <div class='ocr_carea' id='block_1_97' title="bbox 2094 5115 3682 5193">
    <p class='ocr_par' dir='ltr' id='par_1_97' title="bbox 2094 5115 3682 5193">
     <span class='ocr_line' id='line_1_97' title="bbox 2094 5115 3682 5193; baseline -0.004 -18"><span class='ocrx_word' id='word_1_724' title='bbox 2094 5120 2278 5193; x_wconf 89' lang='lat' dir='ltr'><strong>legum</strong></span> <span class='ocrx_word' id='word_1_725' title='bbox 2308 5128 2394 5178; x_wconf 90' lang='lat' dir='ltr'><strong>est</strong></span> <span class='ocrx_word' id='word_1_726' title='bbox 2415 5131 2468 5175; x_wconf 92' lang='lat' dir='ltr'><strong>et</strong></span> <span class='ocrx_word' id='word_1_727' title='bbox 2497 5118 2747 5189; x_wconf 88' lang='lat' dir='ltr'><strong>impium.</strong></span> <span class='ocrx_word' id='word_1_728' title='bbox 2773 5116 3024 5172; x_wconf 86' lang='lat' dir='ltr'><strong>Divinum</strong></span> <span class='ocrx_word' id='word_1_729' title='bbox 3048 5116 3249 5187; x_wconf 88' lang='lat' dir='ltr'><strong>quippe</strong></span> <span class='ocrx_word' id='word_1_730' title='bbox 3286 5130 3487 5170; x_wconf 87' lang='lat' dir='ltr'><strong>numen</strong></span> <span class='ocrx_word' id='word_1_731' title='bbox 3519 5115 3682 5169; x_wconf 87' lang='lat' dir='ltr'><strong>nullis</strong></span> 
     </span>
    </p>
   </div>
   <div class='ocr_carea' id='block_1_98' title="bbox 2095 5206 3684 5275">
    <p class='ocr_par' dir='ltr' id='par_1_98' title="bbox 2095 5206 3684 5275">
     <span class='ocr_line' id='line_1_98' title="bbox 2095 5206 3684 5275; baseline -0.007 -6"><span class='ocrx_word' id='word_1_732' title='bbox 2095 5223 2183 5271; x_wconf 90' lang='lat' dir='ltr'><strong>est</strong></span> <span class='ocrx_word' id='word_1_733' title='bbox 2227 5212 2608 5270; x_wconf 86' lang='lat' dir='ltr'><strong>all‘ectionibus</strong></span> <span class='ocrx_word' id='word_1_734' title='bbox 2651 5209 2972 5272; x_wconf 75' lang='lat' dir='ltr'><strong>obnoxium,</strong></span> <span class='ocrx_word' id='word_1_735' title='bbox 3014 5214 3069 5263; x_wconf 90' lang='lat' dir='ltr'><strong>et</strong></span> <span class='ocrx_word' id='word_1_736' title='bbox 3114 5207 3202 5262; x_wconf 89' lang='lat' dir='ltr'><strong>bis</strong></span> <span class='ocrx_word' id='word_1_737' title='bbox 3230 5206 3486 5262; x_wconf 80' lang='lat' dir='ltr'><strong>omnibus</strong></span> <span class='ocrx_word' id='word_1_738' title='bbox 3519 5220 3684 5275; x_wconf 80' lang='lat' dir='ltr'><strong>supc-</strong></span> 
     </span>
    </p>
   </div>
   <div class='ocr_carea' id='block_1_99' title="bbox 2094 5299 3686 5383">
    <p class='ocr_par' dir='ltr' id='par_1_99' title="bbox 2094 5299 3686 5383">
     <span class='ocr_line' id='line_1_99' title="bbox 2094 5299 3686 5383; baseline -0.008 -18"><span class='ocrx_word' id='word_1_739' title='bbox 2094 5309 2212 5364; x_wconf 88' lang='lat' dir='ltr'><strong>rius</strong></span> <span class='ocrx_word' id='word_1_740' title='bbox 2256 5316 2363 5372; x_wconf 91' lang='lat' dir='ltr'><strong>est,</strong></span> <span class='ocrx_word' id='word_1_741' title='bbox 2405 5322 2527 5379; x_wconf 71' lang='lat' dir='ltr'><strong>quze</strong></span> <span class='ocrx_word' id='word_1_742' title='bbox 2574 5301 2839 5376; x_wconf 88' lang='lat' dir='ltr'><strong>peculiari</strong></span> <span class='ocrx_word' id='word_1_743' title='bbox 2886 5301 3199 5383; x_wconf 87' lang='lat' dir='ltr'><strong>cognitione</strong></span> <span class='ocrx_word' id='word_1_744' title='bbox 3250 5314 3314 5354; x_wconf 89' lang='lat' dir='ltr'><strong>ac</strong></span> <span class='ocrx_word' id='word_1_745' title='bbox 3352 5299 3686 5372; x_wconf 87' lang='lat' dir='ltr'><strong>cogitatione</strong></span> 
     </span>
    </p>
   </div>
   <div class='ocr_carea' id='block_1_100' title="bbox 2094 5387 3682 5473">
    <p class='ocr_par' dir='ltr' id='par_1_100' title="bbox 2094 5387 3682 5473">
     <span class='ocr_line' id='line_1_100' title="bbox 2094 5387 3682 5473; baseline -0.013 -15"><span class='ocrx_word' id='word_1_746' title='bbox 2094 5401 2631 5473; x_wconf 85' lang='lat' dir='ltr'><strong>comprehendimus.</strong></span> <span class='ocrx_word' id='word_1_747' title='bbox 2661 5396 2842 5463; x_wconf 80' lang='lat' dir='ltr'><strong>Quare</strong></span> <span class='ocrx_word' id='word_1_748' title='bbox 2867 5392 3013 5463; x_wconf 91' lang='lat' dir='ltr'><strong>quod</strong></span> <span class='ocrx_word' id='word_1_749' title='bbox 3042 5391 3112 5445; x_wconf 89' lang='lat' dir='ltr'><strong>ab</strong></span> <span class='ocrx_word' id='word_1_750' title='bbox 3147 5390 3301 5446; x_wconf 78' lang='lat' dir='ltr'><strong>Aetio</strong></span> <span class='ocrx_word' id='word_1_751' title='bbox 3342 5387 3682 5460; x_wconf 85' lang='lat' dir='ltr'><strong>propositum</strong></span> 
     </span>
    </p>
   </div>
   <div class='ocr_carea' id='block_1_101' title="bbox 2094 5476 3682 5561">
    <p class='ocr_par' dir='ltr' id='par_1_101' title="bbox 2094 5476 3682 5561">
     <span class='ocr_line' id='line_1_101' title="bbox 2094 5476 3682 5561; baseline -0.012 -12"><span class='ocrx_word' id='word_1_752' title='bbox 2094 5504 2200 5561; x_wconf 91' lang='lat' dir='ltr'><strong>est,</strong></span> <span class='ocrx_word' id='word_1_753' title='bbox 2243 5491 2494 5547; x_wconf 77' lang='lat' dir='ltr'><strong>funditus</strong></span> <span class='ocrx_word' id='word_1_754' title='bbox 2532 5494 2828 5545; x_wconf 82' lang='lat' dir='ltr'><strong>evertetur.</strong></span> <span class='ocrx_word' id='word_1_755' title='bbox 2895 5482 3029 5538; x_wconf 84' lang='lat' dir='ltr'><strong>Nam</strong></span> <span class='ocrx_word' id='word_1_756' title='bbox 3065 5497 3188 5554; x_wconf 76' lang='lat' dir='ltr'><strong>quae</strong></span> <span class='ocrx_word' id='word_1_757' title='bbox 3231 5480 3389 5535; x_wconf 89' lang='lat' dir='ltr'><strong>nobis</strong></span> <span class='ocrx_word' id='word_1_758' title='bbox 3428 5494 3553 5534; x_wconf 91' lang='lat' dir='ltr'><strong>cum</strong></span> <span class='ocrx_word' id='word_1_759' title='bbox 3602 5476 3682 5532; x_wconf 77' lang='lat' dir='ltr'><strong>af-</strong></span> 
     </span>
    </p>
   </div>
   <div class='ocr_carea' id='block_1_102' title="bbox 2096 5570 3683 5657">
    <p class='ocr_par' dir='ltr' id='par_1_102' title="bbox 2096 5570 3683 5657">
     <span class='ocr_line' id='line_1_102' title="bbox 2096 5570 3683 5657; baseline -0.009 -16"><span class='ocrx_word' id='word_1_760' title='bbox 2096 5585 2332 5643; x_wconf 81' lang='lat' dir='ltr'><strong>fectione</strong></span> <span class='ocrx_word' id='word_1_761' title='bbox 2371 5584 2554 5657; x_wconf 86' lang='lat' dir='ltr'><strong>aliqua</strong></span> <span class='ocrx_word' id='word_1_762' title='bbox 2583 5579 2930 5649; x_wconf 89' lang='lat' dir='ltr'><strong>contingunt,</strong></span> <span class='ocrx_word' id='word_1_763' title='bbox 2965 5577 3074 5631; x_wconf 88' lang='lat' dir='ltr'><strong>Deo</strong></span> <span class='ocrx_word' id='word_1_764' title='bbox 3108 5574 3361 5635; x_wconf 77' lang='lat' dir='ltr'><strong>sine.ulla</strong></span> <span class='ocrx_word' id='word_1_765' title='bbox 3395 5570 3683 5628; x_wconf 81' lang='lat' dir='ltr'><strong>all&#39;ectione</strong></span> 
     </span>
    </p>
   </div>
  </div>
