4134 6392
468 394 574 450 579

1865 384 1925 441 S.
1964 379 2306 440 EPIPIIANII

3621 397 3728 457 580

469 517 818 573 conveniunt.
858 503 1132 588 Siquidem
1162 521 1214 574 in
1257 519 1410 576 nobis
1442 521 1574 576 velle
1613 523 1810 592 ipsum,
1845 521 2019 592 partin

2149 514 2208 565 οὐ
2235 519 2294 570 τὸ
2322 518 2492 570 θέλειν
2527 519 2768 575 εὐσεϐεῖν
2806 521 2965 590 λέγω,
3001 523 3133 576 ἀλλὰ
3175 525 3232 576 τὸ
3265 525 3436 579 θέλειν
3467 545 3519 578 τι
3549 525 3724 594 πράτ-

471 608 684 664 af'fectio
741 613 984 680 qua‘dam
1035 621 1137 670 est,
1191 629 1332 676 non,
1396 615 1624 684 exempli
1675 629 1862 676 causa,
1903 615 2039 668 velle

471 701 618 770 pium
666 718 807 762 esse,
858 705 1015 768 dico;
1051 707 1140 758 sed
1177 707 1376 775 aliquid
1399 707 1668 776 ejusmodi
1701 707 1834 761 velle
1860 707 2037 760 facere

470 793 612 861 quod
673 805 878 847 natura!
939 809 1152 864 captum
1211 805 1453 868 superat,
1493 815 1557 852 eo
1587 797 1728 868 quod
1777 800 2040 852 voluntati

469 888 693 955 obsequi
731 889 952 942 minime
983 891 1278 956 possimus,
1313 893 1460 944 velut
1492 893 1543 944 in
1577 893 1795 946 homine
1833 893 2037 954 volare,

469 987 558 1030 aut
599 979 652 1032 in
693 994 870 1032 aerem
918 982 1064 1040 ferri,
1120 990 1210 1032 aut
1241 982 1491 1050 profundi
1541 997 1706 1035 venas
1765 981 2036 1050 indagare,

469 1077 625 1123 terra:
677 1068 900 1122 fundmn
951 1071 1282 1140 investigare
1320 1079 1374 1124 ct
1428 1072 1480 1126 id
1515 1089 1686 1142 genus
1709 1072 1834 1126 alia.
1864 1071 2038 1137 Quid-

466 1159 594 1228 quid
629 1171 804 1216 autem
843 1179 964 1216 cum
999 1165 1176 1232 aliqua
1226 1163 1510 1218 affectione
1553 1174 1764 1218 naturae
1795 1179 1925 1216 meae
1963 1164 2040 1216 in-

465 1255 627 1307 situm
663 1265 764 1316 est,
796 1255 926 1309 illud
961 1271 1119 1308 omne
1137 1257 1272 1308 citra
1301 1257 1606 1326 passionem
1639 1259 1782 1310 inest
1823 1258 1874 1310 in
1903 1257 2033 1311 Deo.

469 1343 604 1399 Hinc
665 1355 748 1400 est
799 1347 939 1418 quod
975 1363 1310 1416 qurecunque
1367 1349 1484 1400 vult
1529 1347 1792 1418 perficere
1831 1355 2032 1417 potest,

461 1437 716 1506 quoniam
751 1447 944 1492 natura
973 1439 1092 1508 ejus
1121 1439 1381 1494 voluntati
1431 1455 1540 1494 non
1575 1441 1907 1502 reluctatur;
1938 1455 2035 1491 no-

463 1539 573 1582 stra
605 1545 736 1584 vero
766 1532 817 1582 in
853 1531 1012 1586 nobis
1043 1531 1176 1600 ipsis
1203 1537 1488 1600 repugnat,
1517 1531 1732 1600 quoties
1755 1531 2034 1584 voluntate

461 1621 528 1674 arl
581 1621 634 1675 id
699 1621 1054 1685 intendimur,
1089 1622 1234 1691 quod
1269 1623 1382 1675 fieri
1423 1623 1646 1676 omnino
1683 1637 1792 1676 non
1833 1627 2028 1691 potest.

461 1709 660 1764 Verum
697 1711 840 1780 quod
890 1711 1054 1766 Deum
1090 1711 1329 1764 diximus
1354 1728 1472 1781 qua:
1497 1713 1624 1766 velit
1654 1712 1833 1766 omnia
1867 1710 2030 1780 perfi-

461 1819 610 1866 cere,
628 1819 734 1858 non
759 1812 842 1858 est
872 1805 1014 1872 quod
1041 1804 1240 1874 aliquis
1259 1805 1478 1873 objiciat
1505 1804 1684 1858 facere
1702 1803 1849 1856 illum
1867 1803 2028 1856 etiam

2147 627 2279 672 τειν,
2313 612 2446 682 ὅπερ
2474 613 2621 665 ἐστὶν
2646 614 2785 686 ὑπὲρ
2819 616 2998 682 φύσιν,
3033 617 3121 670 διὰ
3147 619 3205 671 τὸ
3235 621 3306 690 μὴ
3331 621 3586 674 δύνασθαι
3613 624 3727 676 ἐπι-

2145 701 2316 754 τελεῖν
2349 703 2408 754 τὸ
2451 704 2686 774 καθῆκον
2728 706 2821 758 τοῦ
2866 707 3200 778 θελήματος·
3237 707 3349 764 οἷον
3386 714 3461 775 ὡς
3495 715 3587 766 ἐπὶ
3630 716 3723 766 ἀν-

2148 794 2348 866 θρώπῳ
2375 796 2552 865 λέγειν
2595 799 2654 850 τὸ
2688 799 2908 868 πτῆναι.
2942 801 2999 854 τὸ
3033 805 3110 866 εἰς
3157 805 3290 875 ἀέρα
3339 805 3625 874 φέρεσθαι,
3661 821 3722 860 το

2147 889 2243 950 τὰς
2277 889 2478 956 φλέϐας
2519 889 2610 943 τοῦ
2649 891 2809 960 βυθοῦ
2859 897 3222 966 κατανοῆσαι,
3275 898 3336 950 τὸ
3383 899 3586 952 εἰδέναι
3621 918 3722 952 πυ-

2147 981 2310 1052 θμίας
2340 984 2461 1054 γῆς,
2491 987 2586 1039 καὶ
2614 985 2684 1039 τὰ
2726 987 2935 1052 τούτοις
2969 991 3148 1060 ὃμοια.
3195 994 3356 1046 Ὀσον
3381 994 3436 1046 δέ
3469 998 3618 1048 ἐστιν
3663 999 3722 1048 ἐν

2145 1076 2268 1144 ἐμοὶ
2309 1077 2626 1147 παθητικῶς
2671 1083 3048 1152 συνεχόμενον,
3095 1085 3348 1139 τοσοῦτον
3392 1089 3450 1140 ἐν
3495 1087 3572 1158 τῷ
3601 1087 3720 1157 Θεῷ

2144 1169 2368 1234 ἀπαθῶς
2403 1173 2546 1225 ἐστιν
2575 1174 2835 1246 ὑπάρχον.
2875 1177 2972 1228 Διὰ
3001 1177 3157 1230 τοῦτο
3193 1180 3367 1232 πάντα
3395 1182 3494 1234 ὅσα
3531 1181 3718 1250 βούλε-

2143 1276 2250 1320 ται,
2281 1259 2540 1316 δύνασθαι
2577 1267 2590 1296 ¹
2633 1267 2911 1336 πράττειν,
2945 1269 3044 1337 τῆς
3089 1271 3302 1337 φύσεως
3339 1273 3485 1342 αὑτῷ
3517 1275 3588 1344 μὴ
3622 1275 3716 1328 άν-

2142 1353 2541 1424 τιπραττούσης
2573 1357 2709 1426 πρὸς
2739 1357 2800 1410 τὺ
2846 1359 3111 1430 βούλημα,
3143 1363 3239 1431 τῆς
3273 1364 3326 1416 δὲ
3361 1365 3638 1436 ἡμετέρας
3659 1369 3716 1420 ἐν

2140 1443 2272 1510 ἡμῖν
2291 1444 2757 1519 ἀντιπραττούσης
2781 1452 2917 1522 πρὸς
2935 1453 3001 1506 τά
3028 1453 3360 1525 βουλήματα,
3375 1459 3475 1511 ὅσα
3497 1459 3632 1528 πρὸς
3655 1460 3716 1514 τὸ

2141 1531 2398 1586 ἀδύνατον
2413 1535 2816 1592 ὲπεκτείνεσθαί
2829 1543 2976 1594 ἐστιν
2994 1545 3048 1596 ὲν
3067 1546 3214 1616 ἡμῖν.
3231 1547 3338 1600 Καὶ
3347 1548 3452 1601 οὐδ’
3469 1551 3550 1622 ὅτι
3568 1551 3716 1604 εἷπο-

2143 1639 2243 1689 μεν
2263 1624 2353 1676 τὸν
2379 1623 2511 1679 Θεὸν
2535 1627 2794 1698 πράττειν
2819 1631 2848 1684 ὃ
2875 1631 3141 1701 βούλεται,
3171 1637 3388 1700 πάντως
3411 1638 3582 1704 λέξειέ
3609 1657 3710 1702 τις,

2139 1715 2218 1766 ὅτι
2247 1715 2480 1785 Πράττει
2499 1714 2592 1772 οὖν
2615 1719 2685 1773 τὰ
2714 1721 2787 1792 μὴ
2811 1726 3109 1794 πρέποντα·
3133 1728 3194 1780 οὐ
3225 1729 3460 1792 πάντως.
3501 1731 3712 1786 Ἐκεῖνα

2141 1805 2246 1876 γὰρ
2277 1809 2545 1876 βούλεται,
2589 1811 2622 1864 ἃ
2655 1816 2749 1866 καὶ
2793 1817 3040 1884 πράττει.
3091 1820 3366 1887 ἀναλόγως
3403 1822 3504 1892 τῆς
3545 1825 3710 1876 αὑτοῦ

458 1913 578 1966 quae
625 1897 806 1952 minus
871 1897 1114 1951 deceant.
1158 1896 1510 1966 Nequaquam
1567 1911 1726 1960 vero;
1775 1910 1897 1948 nam
1945 1894 2019 1945 ill:-

2152 1869 2158 1871 _
2216 1869 2286 1876 __
2538 1869 2543 1870 ν
2839 1869 2846 1884 ,
3032 1869 3040 1872 ,
3416 1869 3500 1892 -.η
3546 1869 3707 1876 η-.-

2140 1899 2312 1963 ἀξίας,
2340 1901 2462 1953 οὔτε
2493 1905 2586 1955 τοῦ
2631 1905 2972 1977 βουλήματος
3001 1910 3450 1982 ἀντιπράττοντος
3487 1915 3622 1985 πρὸς
3651 1917 3709 1968 τὸ

455 1989 592 2048 vult,
623 2003 742 2056 qum-
794 2003 851 2040 re
896 1987 1012 2054 ipsa
1061 1986 1208 2049 facit,
1241 1987 1452 2041 ratione
1483 2001 1596 2040 sure
1627 1984 1908 2054 dignitatis
1939 1982 2034 2035 ha-

457 2077 590 2134 hita.
624 2077 759 2128 adeo
791 2085 848 2129 ut
902 2091 1077 2144 neque
1126 2075 1380 2144 potestati
1409 2076 1682 2135 voluntas,
1719 2087 1894 2142 neque
1935 2089 2030 2126 vo-

457 2161 652 2216 luntati
683 2163 755 2216 sit
795 2163 1070 2215 contraria
1107 2170 1352 2232 potestas
1386 2179 1398 2214 :
1425 2179 1534 2218 non
1561 2163 1705 2232 quod
1737 2165 1914 2221 facere
1945 2181 2034 2220 ne-

455 2262 639 2323 queat,
675 2253 769 2306 sed
807 2253 950 2322 quod
990 2268 1098 2308 non
1141 2255 1325 2308 libeat.

527 2341 591 2396 ll.
623 2343 912 2407 Praeterea,
949 2353 1244 2414 postquam
1281 2346 1405 2400 talis
1443 2355 1532 2401 est
1579 2345 1926 2400 affectionum
1975 2348 2027 2402 in

453 2431 564 2488 Deo
595 2435 892 2488 constituta
937 2436 1206 2498 vacuitas,
1248 2449 1372 2490 cum
1419 2437 1472 2490 in
1505 2437 1664 2492 nobis
1709 2439 2030 2508 «ueterisque

453 2525 650 2578 creatis
683 2526 844 2578 rebus
882 2525 1070 2580 eadem
1115 2527 1205 2580 illa
1231 2541 1354 2581 cum
1395 2526 1774 2583 affectionibus
1805 2530 2030 2598 conjun-

449 2627 536 2670 cta
561 2617 689 2680 sint,
725 2615 890 2687 955
918 2617 961 2670 si
997 2617 1063 2670 ad
1092 2617 1242 2671 illum
1285 2618 1504 2672 modum
1536 2619 1813 2690 quidpiam
1845 2623 2028 2677 animo

449 2706 814 2775 concipiatur,
850 2707 955 2760 alia
981 2723 1177 2763 rursus
1199 2707 1414 2763 affectio
1436 2725 1499 2763 ex
1533 2709 1612 2764 rei
1637 2710 1866 2764 veritate
1895 2727 2028 2766 con-

451 2797 650 2850 fitenda
675 2797 859 2862 fuerit,
893 2805 948 2852 et
975 2807 1105 2867 post
1141 2799 1281 2852 hanc
1327 2799 1498 2869 ipsam
1530 2800 1724 2862 altera,
1759 2806 2028 2872 tertiaque

450 2889 721 2944 similiter.
757 2889 868 2944 Nos
920 2891 1140 2960 quidem
1187 2906 1295 2944 non
1335 2891 1454 2946 sine
1485 2889 1768 2944 affectione
1797 2907 2024 2961 genera-

447 2993 572 3035 mus
627 2990 722 3036 aut
767 2983 1059 3052 gignimur,
1096 2992 1384 3053 propterea
1424 2985 1568 3053 quod
1609 2993 1802 3039 natura
1833 2993 2024 3040 nostra

446 3079 878 3144 caeterarumque
933 3091 1138 3139 rerum,
1195 3091 1317 3145 qua:
1369 3077 1617 3147 gignunt,
1665 3087 1758 3131 aut
1803 3079 1871 3132 al)
1900 3079 2022 3134 aliis

447 3167 761 3234 gignuntur,
791 3167 1134 3236 partitionem
1167 3167 1427 3230 admittit,
1461 3183 1524 3222 ac
1552 3169 1828 3238 profluens
1861 3177 1944 3224 est
1966 3179 2020 3224 et

445 3257 756 3320 collatatur,
807 3267 902 3312 aut
957 3259 1315 3326 contrahitur,
1337 3268 1390 3314 et
1431 3261 1590 3316 molis
1621 3263 2016 3317 incrementum

443 3349 530 3405 vel
555 3351 972 3406 diminutionem
1007 3353 1234 3420 patitur,
1265 3367 1328 3406 ac
1355 3361 1550 3407 caetera
1589 3353 1642 3407 id
1679 3369 1867 3421 genus,
1901 3371 2021 3424 qua:

443 3457 568 3498 mn
598 3443 880 3498 affectione
901 3446 1188 3512 conjuncta
1221 3453 1367 3509 sunt,
1402 3447 1646 3502 eamdem
1674 3449 1744 3502 ob
1773 3463 2018 3504 causam.

445 3531 504 3588 In
535 3532 644 3586 Deo
679 3549 808 3587 vero
843 3534 976 3587 nihil
1006 3535 1306 3602 ejusmodi,
1333 3537 1459 3591 dum
1490 3537 1686 3592 Filium
1713 3551 2014 3609 generaret,

445 3623 620 3677 locum
667 3623 867 3677 habere
913 3625 1107 3693 potuit.
1133 3625 1268 3680 Nam
1301 3630 1347 3683 si
1385 3631 1491 3684 tale
1517 3631 1791 3702 quidpiam
1816 3634 1868 3686 in
1899 3635 2016 3704 ipso

445 3713 730 3768 exsutisse
755 3715 1024 3780 dicamus,
1065 3725 1124 3771 ut
1157 3719 1336 3775 inanis
1397 3723 1626 3776 istorum
1673 3723 1775 3778 fert
1808 3727 2015 3795 opinio,

443 3821 565 3876 quae
616 3807 681 3860 ad
743 3812 1092 3864 evertendam
1133 3811 1226 3867 Dei
1273 3813 1512 3869 sobolem
1555 3818 1810 3886 pertinet,
1844 3833 1908 3873 ex
1939 3819 2018 3871 al-

443 3905 583 3962 tero,
609 3911 752 3968 ηιιοιι
797 3901 850 3953 in
884 3901 1041 3958 nobis
1067 3903 1229 3968 inest,
1273 3906 1377 3960 tale
1409 3907 1673 3963 adversus
1711 3910 1831 3964 illos
1853 3925 2016 3980 argu-

443 3999 684 4042 mentum
727 3989 1040 4047 effi'ciemus.
1094 3992 1310 4049 Etenim
1363 3999 1524 4052 nobis
1573 3999 1728 4068 ipsis,
1759 4001 1852 4070 qui
1903 4017 2014 4056 non

441 4081 560 4136 sine
589 4081 870 4137 affectione
901 4085 1196 4156 gignimus.
1237 4097 1330 4142 aut
1374 4091 1666 4160 gignimur,
1707 4093 2012 4147 secundum

439 4171 710 4242 quoddam
743 4175 966 4231 insitum
1002 4187 1086 4232 est
1112 4179 1416 4236 affectionis
1443 4199 1634 4252 genus,
1664 4199 1786 4238 cum
1807 4185 2012 4255 aliquid

440 4275 810 4335 procreamus.
867 4267 1004 4323 Tum
1038 4272 1182 4326 enim
1235 4273 1460 4342 perinde
1497 4277 1755 4344 patimur,
1789 4293 1854 4331 ac
1882 4277 2012 4332 dum

439 4357 732 4428 gignimus,
785 4367 876 4412 aut
925 4361 1217 4431 gignimur.
1271 4364 1434 4434 Atqui
1466 4367 1631 4422 Deum
1664 4385 1778 4433 vos,
1825 4371 1868 4424 si
1903 4387 2011 4424 non

439 4447 758 4516 genitorem,
821 4457 968 4504 certe
1009 4459 1308 4507 creatorem
1351 4459 1686 4525 agnoscitis;
1736 4469 1900 4529 atque
1955 4469 2012 4514 ut

2139 1989 2212 2059 μὴ
2237 1991 2513 2054 δύνασθαι,
2540 1993 2661 2047 οὒτε
2689 1997 2780 2049 τοῦ
2810 1998 3066 2052 δύνασθαι
3088 2002 3364 2055 ἅντιθέτου
3393 2005 3545 2069 ὄντος
3572 2009 3710 2077 πρές

2134 2079 2194 2131 τὸ
2229 2079 2530 2149 βούλεσθαι,
2563 2087 2622 2137 οὑ
2653 2087 2740 2140 διὰ
2765 2087 2825 2141 τὺ
2857 2090 2929 2160 μὴ
2960 2090 3235 2158 δύνασθαι,
3265 2095 3399 2148 άλλά
3424 2096 3510 2150 διὰ
3539 2097 3599 2150 τὺ
3633 2099 3708 2168 μὴ

2133 2171 2438 2242 βούλεσθαι.

2201 2355 2275 2408 B'.
2315 2359 2422 2410 Καὶ
2442 2359 2636 2423 ἄλλως
2661 2363 2804 2416 Μετὰ
2831 2363 2931 2434 τὴν
2951 2368 3203 2440 τοιαύτην
3223 2371 3488 2426 ἀπάθειαν
3511 2376 3568 2426 ὲν
3589 2375 3708 2446 Θεῷ

2131 2446 2501 2518 ὑπάρχουσαν,
2527 2453 2584 2505 ὲν
2609 2453 2738 2521 ἡμῖν
2762 2455 2817 2508 δὲ
2847 2457 2941 2511 καὶ
2964 2459 3140 2522 ἄλλοις
3167 2461 3426 2532 κτίσμασι
3455 2465 3706 2536 παθητὴν

2129 2531 2314 2599 οὖσαν,
2359 2539 2454 2591 ἐὰν
2493 2542 2673 2612 συμϐῇ
2706 2543 2878 2608 οὕτως
2919 2547 3262 2608 διανοεῖσθαι,
3316 2553 3474 2606 πάλιν
3519 2555 3706 2628 ἕτερον

2130 2627 2302 2690 πάθος
2329 2630 2470 2684 κατά
2509 2633 2608 2704 τὴν
2649 2635 2904 2707 ἀλήθειάν
2955 2642 3102 2695 ἐςτιν
3141 2645 3526 2724 ιξμολογητὲονυ
3569 2653 3707 2716 μετὰ

2129 2719 2184 2772 δὲ
2223 2720 2284 2773 τὸ
2327 2721 2576 2793 δεὺτερον
2607 2727 2702 2779 καὶ
2743 2729 2923 2799 τρίτον
2967 2731 3080 2785 ἐστὶ
3117 2719 3485 2808 διανοηθῆναι.
3534 2741 3706 2798 Πάθει

2129 2813 2424 2881 γεννῶμεν,
2463 2816 2556 2868 καὶ
2605 2818 2944 2889 γεννώμεθα,
2995 2825 3091 2894 τῆς
3143 2829 3416 2900 ἡμετέρας
3463 2831 3702 2900 φύσεως,

2129 2901 2222 2954 καὶ
2249 2904 2348 2973 τῆς
2373 2905 2482 2957 τῶν
2523 2907 2698 2961 ἄλλων
2738 2911 2846 2964 τῶν
2877 2916 3230 2984 γεννωμένων
3265 2921 3360 2972 καὶ
3389 2923 3707 2990 γεννώντων

2125 2983 2298 3062 τομὴν
2342 2995 2764 3068 ὑποδεχομένης,
2801 3003 2896 3055 καὶ
2943 3004 3096 3074 ῥύσιν
3141 3010 3463 3082 ἐπεχούσης,
3499 3013 3709 3070 πλατυ-

2127 3084 2262 3154 σμόν
2291 3101 2348 3138 τε
2382 3088 2476 3139 καὶ
2521 3090 2798 3162 συστολὴν,
2827 3093 2994 3162 ὖγκον
3017 3113 3075 3148 τε
3105 3100 3202 3152 καὶ
3242 3102 3486 3170 μείωσιν,
3517 3105 3611 3160 καὶ
3635 3105 3704 3162 τὰ

2129 3175 2263 3230 ἄλλα
2297 3179 2496 3240 πάντα,
2528 3182 2736 3255 ὅσαπερ
2765 3186 2924 3239 πάθει
2967 3193 3244 3260 συνέχεται
3275 3194 3363 3248 διὰ
3383 3197 3482 3266 τὴν
3515 3199 3700 3252 τοιαύ-

2123 3285 2223 3339 την
2252 3271 2448 3325 αἰτίαν.
2494 3275 2581 3326 Ἐν
2611 3275 2730 3346 Θεῷ
2763 3277 2818 3330 δὲ
2853 3279 3007 3333 οὐδὲν
3033 3283 3238 3336 τούτων
3268 3287 3325 3338 ὲν
3353 3288 3430 3358 τῷ
3456 3291 3548 3343 τὸν
3571 3291 3700 3344 Υἱδν

2123 3365 2508 3433 γεγεννηκέναι
2551 3368 2872 3439 ὲνυπῆρξεν.
2903 3371 2964 3424 Et
2991 3374 3100 3444 γὰρ
3136 3375 3378 3448 ὑπῆρξεν
3423 3381 3480 3432 ἓν
3511 3399 3564 3434 τι
3591 3383 3700 3437 τῶν

2121 3454 2377 3506 τοιούτων
2425 3459 2483 3508 ἐν
2521 3457 2658 3528 Θεῷ,
2697 3460 2835 3513 κατὰ
2877 3463 2976 3532 τὴν
3005 3471 3437 3541 προφασιστικὴν
3465 3475 3546 3536 εἰς
3571 3475 3700 3530 ἀνα-

2120 3546 2329 3618 τροπὴν
2371 3547 2465 3600 τοῦ
2515 3552 2852 3622 γεννήματος
2895 3553 3168 3624 ὑπόνοιαν,
3219 3559 3325 3612 ἀπὸ
3367 3563 3458 3615 τοῦ
3509 3565 3701 3636 ἑτέρου

2120 3643 2241 3696 καθ’
2271 3645 2418 3714 ἡμᾶς
2458 3647 2674 3717 μέρους,
2719 3649 3010 3715 ἀντιθέτως
3057 3655 3194 3726 πρὸς
3243 3657 3440 3722 αὑτοὺς
3483 3662 3697 3732 ῥητέον,

2117 3735 2200 3786 ὅτι
2237 3737 2292 3788 ὲν
2325 3738 2455 3806 ἡμῖν
2487 3741 2598 3801 τοῖς
2642 3741 2696 3792 ὲν
2729 3740 2888 3796 πάθει
2915 3743 3144 3810 γεννῶσί
3179 3763 3239 3799 τε
3275 3751 3369 3802 καὶ
3419 3755 3692 3824 γεννωμέ-

2117 3843 2228 3888 νοις
2255 3827 2422 3891 πάθος
2447 3829 2560 3882 ﬁeri
2589 3831 2839 3902 δεύτερον
2865 3836 2922 3886 ἐν
2945 3835 3023 3904 τῷ
3046 3835 3267 3902 κτίζειν,
3299 3841 3390 3894 καὶ
3416 3845 3697 3914 πάσχομεν

2117 3918 2174 3969 ὲν
2207 3917 2286 3988 τῷ
2313 3922 2508 3990 γεννᾷν
2536 3939 2594 3973 τε
2624 3925 2718 3976 καὶ
2745 3925 3055 3991 γεννᾶσθαι.
3088 3928 3220 3992 Θεὸς
3251 3930 3306 3982 δὲ
3333 3933 3361 3984 ὁ
3398 3933 3528 4003 παρ’
3566 3935 3690 4004 ὑμῖν

2117 4011 2358 4080 κτίστης,
2399 4013 2492 4064 καὶ
2525 4015 2587 4066 οὑ
2617 4016 2893 4087 γεννήτωρ
2933 4017 3344 4090 ὲπινοοὺμενος⁶
3368 4027 3442 4086 ὡς
3474 4023 3562 4078 διά
3591 4021 3696 4096 μὲν

2113 4101 2174 4154 τὸ
2211 4105 2404 4174 γεννᾷν
2435 4105 2846 4177 άνατρεπτικῶς
2881 4109 2942 4162 τὸ
2982 4109 3152 4175 πάθος
3195 4117 3566 4186 παραφέρετε,
3603 4119 3694 4172 ἵνα

2114 4192 2211 4263 τὴν
2243 4193 2373 4247 Υίοῦ
2421 4197 2748 4268 γνησιότητα
2787 4201 3132 4271 άρνὴσησθε·
3176 4204 3312 4276 λήθῃ
3356 4207 3412 4260 δὲ
3459 4209 3691 4280 παραδι-

2113 4283 2266 4337 δόατε
2299 4286 2360 4338 τὸ
2383 4287 2475 4339 ἐπὶ
2491 4287 2568 4357 τῷ
2593 4289 2796 4354 κτίζειν
2827 4292 3016 4356 πάθος,
3041 4295 3178 4365 ὅπερ
3201 4298 3292 4349 καὶ
3315 4299 3446 4352 αὐτὸ
3471 4301 3528 4352 ὲν
3549 4300 3690 4372 Θεῷ,

2113 4377 2174 4430 οὑ
2203 4377 2371 4440 πάθος
2410 4379 2664 4451 ὑπάρχει,
2696 4383 2768 4454 μὴ
2804 4385 3043 4452 γένοιτοε
3081 4387 3220 4441 Οῠτε
3259 4389 3367 4461 γάρ
3395 4395 3556 4461 ἡμεῖς
3585 4395 3690 4447 πά·

2115 4469 2204 4532 θος
2234 4470 2385 4541 αὑτῷ
2412 4474 2820 4545 προσάπτομεν,
2847 4477 3236 4546 ὁμολογοῦντες
3275 4483 3438 4534 αὑτὸν
3463 4485 3690 4556 κτίστην

439 4529 560 4590 Filii
591 4538 1006 4607 germanitatem
1039 4541 1345 4612 abnegetis,
1363 4553 1417 4598 et
1454 4549 1784 4602 catholicum
1807 4549 2003 4619 dogma

2186 4529 2198 4532 -
2357 4529 2368 4541 .
2460 4529 2470 4542 .
2701 4529 2712 4545 ,
2994 4529 3234 4546 χρη--.
3277 4529 3685 4556 mnum--."

2125 4561 2236 4624 ὂντα
2260 4563 2366 4617 τῶν
2391 4565 2664 4621 ἁπάντων.
2699 4568 2832 4621 Οὐδὲ
2869 4569 3030 4622 πάλιν
3065 4571 3236 4635 πάθος
3274 4573 3334 4625 ὃν
3363 4577 3492 4646 περὶ
3525 4578 3690 4632 αὑτὸν

437 4629 792 4692 convellatis,
850 4632 1186 4696 generationi
1238 4635 1456 4702 quidem
1510 4638 1852 4694 affectionem
1906 4645 2008 4696 tri-

436 4718 624 4782 buitis,
653 4721 898 4774 eamdem
931 4737 1054 4776 vero
1085 4723 1138 4777 in
1169 4727 1446 4780 creatione
1460 4729 1816 4786 dissimulatis
1847 4749 2008 4802 :qute

434 4817 490 4863 et
523 4809 636 4878 ipsa
676 4810 726 4862 in
776 4810 882 4864 ι)υο
934 4813 1223 4880 reperitur,
1259 4831 1358 4869 nec
1399 4819 1452 4869 in
1487 4833 1552 4872 eo
1580 4829 1758 4874 tamen
1794 4821 2007 4878 affcctio

434 4910 538 4960 est,
577 4902 718 4954 absit.
768 4910 826 4954 ut
885 4903 1016 4955 illud
1061 4903 1329 4962 dicamus.
1373 4907 1483 4962 Nos
1523 4909 1665 4964 enim
1716 4914 1919 4966 nullam
1956 4931 2006 4969 et

435 4991 772 5046 affectionem
836 5001 1121 5063 propterea
1180 4997 1508 5064 tribuimus,
1556 5003 1698 5070 quod
1757 5008 2001 5060 omnium

435 5096 734 5138 creatorem
765 5101 887 5140 esse
935 5085 1225 5142 fateamur.
1261 5088 1522 5144 Similiter
1563 5109 1630 5146 ne
1663 5093 2001 5152 affectionem

437 5169 650 5237 quidem
697 5171 750 5224 in
802 5187 868 5224 eo
917 5183 1170 5241 putamus
1211 5191 1352 5242 esse,
1403 5181 1546 5248 quod
1591 5197 1776 5236 verum
1805 5183 1999 5240 Filium

438 5273 558 5314 rere
592 5277 652 5315 ac
681 5263 800 5316 sine
835 5263 1010 5328 initio,
1043 5267 1122 5322 vel
1150 5277 1391 5336 tempore
1415 5275 1668 5340 genuisse
1707 5276 1998 5336 fateamur.

439 5351 514 5405 0b
543 5353 596 5405 id
631 5364 880 5408 naturam
915 5357 1060 5412 illius
1081 5363 1466 5430 comprehendi
1495 5379 1600 5418 non
1632 5383 1814 5436 posse,
1841 5379 1895 5424 et
1929 5373 1996 5424 ab

433 5443 575 5495 omni
605 5460 802 5512 genere
835 5445 1183 5502 affectionum
1219 5451 1516 5507 immunem
1553 5471 1675 5510 esse
1702 5463 1993 5527 cognOSci-

431 5549 570 5586 mus.
601 5533 893 5604 Pi-Opterea
939 5541 1186 5594 eumdem
1219 5543 1334 5598 sine
1377 5545 1483 5597 ulla
1526 5546 1810 5604 affectione
1840 5557 1991 5623 getti-

432 5630 602 5676 toiem
641 5640 701 5678 ac
727 5641 1028 5685 creatorem
1073 5635 1394 5706 asscrimus,
1451 5634 1662 5710 Quippe
1699 5641 1834 5698 nihil
1875 5660 1993 5700 om-

511 5774 668 5836 (ϐοΐ.
700 5779 939 5838 δύναται.

2109 4652 2486 4724 διανοούμεθα,
2521 4659 2885 4728 γεγεννηκότα
2913 4661 3006 4714 τὸν
3047 4662 3297 4732 ἀληθινὸν
3346 4666 3470 4720 Υἰδν
3503 4668 3692 4738 ἀληθι-

2111 4741 2502 4814 νῶς,άνάρχως
2527 4748 2618 4798 καὶ
2641 4749 2882 4818 ἀχρόνως
2909 4751 3314 4821 ὁμολογοῦντες.
3341 4757 3432 4808 Διὸ
3456 4759 3554 4830 τὴν
3585 4759 3688 4828 φύ-

2111 4847 2197 4884 σιν
2224 4832 2389 4884 αὑτοῦ
2416 4834 2754 4906 γινώσκομεν
2785 4839 3165 4911 ἀκατάληπτον
3194 4840 3378 4910 οὖσαν,
3406 4849 3498 4900 καὶ
3523 4851 3686 4904 πάθει.

2111 4921 2186 4994 μὴ
2221 4926 2601 4995 συνεχομένην.
2642 4929 2740 4983 Διά
2777 4931 2934 4984 τοῦτο
2983 4934 3351 5006 ὁμολογοῦμεν
3393 4940 3556 4993 αὑτὸν
3592 4942 3688 4997 καὶ

2113 5014 2294 5082 ἀπαθῆ
2326 5019 2658 5089 γεννήτορά,
2714 5021 2806 5074 καὶ
2853 5024 3075 5084 κτίστην
3122 5027 3328 5099 ἀπαθῆ.
3371 5031 3684 5102 .Ἐγὲννησε

2109 5103 2218 5175 γάρ
2262 5105 2352 5158 τὸν
2399 5109 2671 5178 Μονογενῆ
2721 5112 2794 5182 μὴ
2831 5115 3074 5184 πάσχων,
3129 5119 3224 5170 καὶ
3267 5120 3584 5176 ἀπέστειλεν
3625 5124 3684 5192 ἐξ

2107 5194 2272 5246 αὑτοῦ
2305 5195 2364 5247 τὸ
2397 5197 2550 5264 ἅγιον
2586 5201 2747 5253 αὑτοῦ
2798 5205 3040 5275 Πνεῦμα,
3087 5209 3258 5279 τομὴν
3297 5211 3371 5282 μὴ
3401 5212 3642 5278 ὑποστάς
3663 5231 3682 5247 ’

2109 5285 2200 5337 καὶ
2245 5285 2423 5340 ἔκτισε
2454 5289 2520 5342 τά
2571 5293 2880 5358 κτισθέντα,
2925 5299 3016 5350 καὶ
3057 5301 3346 5370 κτιζόμενα
3377 5303 3452 5374 μὴ
3502 5305 3680 5376 κακῷ,

2107 5378 2242 5446 μηδὲ
2281 5380 2438 5434 πάθει
2471 5385 2780 5453 συσχεθείς·
2807 5387 2902 5441 καὶ
2929 5394 3070 5444 ποιεῖ
3098 5391 3125 5444 ὃ
3149 5393 3396 5460 βούλεται
3432 5413 3682 5469 συμπρε-

2104 5469 2314 5534 πόντως
2339 5476 2406 5544 τῇ
2429 5475 2590 5527 αὑτοῦ
2621 5477 2832 5547 θεότητι
2851 5499 2863 5510 -
2895 5483 2962 5533 οὑ
2982 5483 3196 5552 πρῶτον
3226 5485 3567 5556 βουλόμενος,
3595 5491 3682 5544 ἵνα

2107 5560 2250 5634 μάθῃ
2283 5563 2678 5636 διανοούμενος,
2717 5573 2764 5622 εί
2797 5573 2902 5642 χρὴ
2944 5573 3192 5640 γενέσθαι
3223 5577 3282 5628 τὸ
3327 5578 3682 5651 ἐπιτελούμε-

2103 5670 2222 5706 νονο
2267 5656 2386 5708 οὐδὲ
2433 5657 2756 5731 βουλόμενος
2801 5665 3082 5734 πράττειν,
3131 5668 3330 5740 καὶμὴ
3381 5670 3680 5744 δυνάμενος
