4134 6392
445 314 539 377 581
1058 317 1425 375 ADVERSUS
1459 317 1801 375 llAillESES
1838 318 1964 376 LIB.
2009 322 2019 376 l

2140 321 2300 377 ΤΟΜ.
2332 318 2380 376 1.
2421 353 2483 363 -
2530 321 2798 379 ΙΙᾸΞΙὶΕΞ.
2847 325 3082 381 LXXVI.

3603 330 3710 384 $82

443 436 795 506 ἐπιχορηγεῖν
840 432 918 505 τῷ
956 433 1253 504 βουλήματι
1291 434 1380 488 διὰ
1405 433 1575 497 πάθος
1606 434 1667 486 τδ
1712 434 2019 505 τελειούμε-

2127 437 2259 490 nino
2305 438 2521 507 patiens
2570 440 2790 493 unicum
2847 438 3045 495 Filium
3081 449 3287 510 genuit,
3323 450 3373 495 et
3405 458 3468 497 ex
3510 443 3710 513 διείρεο

442 545 551 581 νον.
588 527 740 596 Ἅμα
763 524 871 596 γὰρ
901 524 1011 594 ἔχει
1045 526 1106 577 τὸ
1133 525 1330 589 θέλειν,
1357 525 1416 577 τὸ
1447 524 1731 595 πράττειν.
1759 525 1820 577 τὸ
1841 542 2030 593 γεγεν-

443 620 666 689 νηκέναι
695 618 787 671 τὸν
813 618 1116 685 Μονογενῆ,
1144 616 1203 669 τὸ
1231 616 1411 669 κτίσαι
1459 616 1529 668 τά
1560 615 1761 676 πάντα,
1793 616 1889 686 τῆς
1920 615 2028 668 θεῖ-

442 711 546 781 κῆς
599 710 815 781 φύσεως
878 710 973 763 καὶ
1029 708 1340 779 ἀξιώματος
1396 707 1672 761 ἀνωτάτου
1732 705 1883 769 ὄντος
1935 707 2030 760 καὶ

454 802 661 856 Ἀετίου
706 798 1124 870 συλλογιστικῆς
1162 798 1388 862 ἐννοίας,
1417 797 1509 850 καὶ
1540 798 1719 868 πάσης
1744 796 2022 866 ἀνθρωπό-

441 912 625 965 τητος,
655 892 941 963 ἀμείνονος
978 890 1129 955 ὖντος
1162 888 1257 943 τοῦ
1286 888 1419 942 Θεοῦ
1461 888 1641 959 πάσης
1674 888 1934 953 ἐπινοίας,
1961 889 2022 940 οὐ

443 985 608 1038 πάθει
645 984 905 1047 εἴκοντος,
956 983 1072 1037 ἀλλ’
1124 981 1402 1036 ἁνωτάτου
1457 980 1610 1043 ὄντος
1657 979 1875 1033 πάντων
1914 982 2024 1033 τῶν

442 1078 653 1141 παθῶν,
681 1077 777 1130 καὶ
808 1077 988 1146 πάσης
1004 1075 1293 1139 ὑπονοίας.

2133 536 2381 581 sanctum
2448 546 2605 583 suum
2668 530 2930 601 Spiritum
2976 534 3181 596 emisit,
3238 535 3439 588 nullam
3485 538 3711 589 omnino

2132 618 2453 680 sectionem,
2485 629 2579 673 aut
2629 621 2976 689 partitionem
3030 631 3307 692 expertus.
3350 623 3492 677 Idem
3530 638 3711 680 creata

2131 702 2317 765 omnia
2360 712 2666 782 procreavit
2705 713 2840 766 citra
2876 713 3246 782 fatigationem
3276 728 3330 769 et
3366 716 3709 785 affectionem

2132 802 2315 855 ullam.
2354 802 2492 855 Tum
2525 816 2654 856 vero
2689 803 2952 873 quidquid
3008 803 3247 868 libuerit,
3282 820 3382 874 pro
3411 821 3497 867 eo,
3535 819 3597 858 ac
3625 804 3711 860 di-

2130 892 2344 946 vinitati
2368 908 2482 947 sua:
2508 908 2807 963 congruum
2827 904 2929 956 est,
2956 895 3180 947 molitur
3208 911 3220 946 :
3249 912 3355 949 non
3380 898 3522 966 quod
3554 907 3711 952 antea

2130 983 2291 1047 velit,
2339 991 2400 1037 ut
2441 984 2703 1038 attentius
2758 993 2944 1054 postea
2995 987 3246 1057 cogitans
3286 986 3465 1041 discat
3512 988 3711 1057 ecquid

2129 1075 2314 1144 perlici
2342 1080 2484 1145 quod
2514 1076 2764 1146 designat
2822 1085 3089 1146 Oporteat.
3127 1078 3313 1151 Neque
3364 1080 3437 1133 ita
3474 1082 3589 1133 vult
3618 1096 3713 1134 ex-

442 1173 620 1239 sequi,
672 1177 731 1221 ut
769 1167 842 1222 ob
892 1166 1236 1222 affectionem
1272 1164 1510 1233 aliquam
1557 1162 1826 1217 voluntati
1878 1177 2017 1231 opus
2049 1162 2227 1232 ipsum
2258 1174 2653 1234 repraesentare
2682 1173 2939 1235 nequeat.
2980 1165 3114 1220 Nam
3138 1167 3253 1222 haec
3294 1167 3477 1221 omnia
3545 1168 3710 1222 simul

440 1262 490 1316 ei
519 1265 839 1329 suppetunt,
863 1258 1019 1323 velle,
1040 1257 1239 1319 facere,
1265 1256 1491 1309 unicum
1518 1268 1784 1325 generare
1813 1251 2031 1320 Filium,
2065 1270 2357 1324 procreare
2388 1271 2479 1311 res
2512 1272 2723 1312 omnes.
2747 1256 3201 1328 Quandoquidem
3244 1257 3339 1313 Dei
3402 1269 3598 1312 natura
3656 1268 3712 1314 et

441 1351 704 1419 majestas
723 1348 874 1404 omni
897 1357 982 1404 est
1017 1348 1156 1403 Aetii
1187 1346 1504 1417 disputandi
1529 1346 1834 1401 subtilitate
1862 1344 2027 1417 955
2059 1354 2113 1401 et
2142 1348 2379 1403 humana
2412 1351 2727 1405 conditione
2783 1352 3054 1421 superior.
3111 1351 3278 1417 Deus,
3316 1352 3577 1422 inquam,
3620 1353 3710 1406 in-

438 1442 804 1512 telligentiam
841 1456 1058 1496 omnem
1089 1445 1407 1510 exsuperat,
1434 1452 1558 1494 nec
1596 1437 1866 1493 aﬂectioni
1899 1439 2045 1494 cedit
2072 1440 2191 1505 ulli,
2215 1441 2311 1495 sed
2343 1457 2511 1513 supra
2563 1441 2907 1497 affectionem
2964 1456 3179 1499 omnem
3230 1457 3295 1497 ac
3344 1442 3710 1512 suspicionem

440 1533 678 1589 eminet.“

831 1649 1232 1703 ΚΕΦΑΛΑΙΟΝ
1265 1647 1519 1702 ΑΕΤΙΟΥ
1566 1647 1666 1702 lE'.

2622 1642 2807 1697 AETII
2840 1641 3069 1697 CAPUT
3097 1641 3211 1698 XV.

514 1740 576 1793 Ei
607 1741 668 1794 τὸ
694 1739 938 1809 γέννημα
992 1738 1260 1810 ἀτρεπτόν
1293 1741 1409 1792 ἐστι
1458 1738 1556 1809 τὴν
1609 1738 1768 1808 φύσιν
1814 1739 1902 1792 διὰ
1933 1737 2019 1791 τὸν

2199 1733 2254 1789 Si
2283 1736 2462 1805 genita
2495 1735 2712 1790 soboles
2744 1745 2937 1790 natura
2971 1735 3040 1789 ob
3064 1745 3415 1806 generantem
3455 1737 3710 1795 immuta-

438 1836 781 1910 γεννήσαντα
809 1834 901 1887 τὸν
931 1835 947 1865 ¹
987 1835 1310 1905 ἀγέννητον,
1355 1833 1514 1887 οὐσία
1554 1834 1701 1886 ἐστὶν
1731 1832 2021 1905 ἄτρεπτος,

439 1927 499 1979 οὑ
529 1925 615 1979 διὰ
644 1925 889 1997 γνώμην,
923 1923 1060 1979 ἀλλά
1079 1924 1167 1979 διὰ
1194 1925 1253 1979 τὸ
1280 1926 1336 1979 ἐν
1360 1925 1518 1996 οὐσίᾳ
1551 1924 1789 1996 ἀξίωμα.

1003 2120 1327 2189 Ἄνατροπὴ
1368 2124 1450 2175 1E
1470 2162 1485 2176 .

511 2211 657 2274 Ἕως
681 2210 813 2264 πότε
837 2210 962 2281 ῆκει
999 2209 1180 2283 φέρων
1217 2212 1350 2281 ἡμῖν
1379 2205 1533 2274 οὗτος
1558 2210 1620 2263 τὸ
1650 2209 1782 2264 αὑτὸ
1818 2209 2019 2278 λέγειν,

437 2303 535 2358 καὶ
568 2302 741 2375 ¹μηδὲν
772 2301 1125 2373 ὑπερϐαίνειν
1172 2302 1281 2356 τῶν
1322 2302 1687 2373 ὲγκειμένων;
1736 2302 1880 2355 Ὅσα
1912 2302 2022 2373 γὰρ

437 2396 541 2467 ἔφη
566 2394 823 2467 ἀπαρχῆς
885 2395 976 2447 καὶ
1001 2394 1128 2465 ἄχρι
1152 2394 1354 2463 τέλους,
1367 2392 1506 2447 αὑτά
1527 2393 1655 2465 περὶ
1679 2392 1786 2447 τῶν
1815 2393 2018 2459 αὐτῶν,

437 2489 533 2542 καὶ
560 2487 714 2541 οὐθὲν
737 2485 924 2558 ἕτερον
952 2487 1270 2558 διηγήσατο,
1309 2487 1370 2540 οὐ
1407 2487 1681 2558 μυστήρια
1720 2488 1855 2556 ήμῖν
1886 2485 2020 2539 ὑπο-

435 2579 645 2645 δείξας,
679 2580 740 2632 οὐ
771 2579 905 2632 Θεὸν
928 2618 943 2643 ,
973 2578 1031 2631 ὃν
1071 2578 1496 2648 ἐπαγγέλλεται,
1521 2578 1738 2646 διδάξας
1760 2619 1779 2648 ,
1827 2579 1888 2633 οὑ
1928 2580 2020 2633 πί-

438 2690 575 2735 στιν,
601 2672 668 2725 δι’
694 2666 763 2745 ῆς
796 2670 1142 2742 ἐνεργοῦντες
1189 2670 1475 2724 ἀπόστολοι
1509 2669 1606 2741 τὴν
1632 2671 1732 2742 τῆς
1760 2670 2018 2742 ἀληθείας

433 2763 790 2835 ὀνομάζοντες
846 2761 1073 2834 στερεὰν
1119 2762 1408 2833 ὁμολογίαν
1432 2802 1448 2827 ,
1484 2763 1710 2834 νεκροὺς
1767 2764 2018 2835 ἤγειραν,

434 2858 530 2911 καὶ
559 2856 792 2928 λεπροὺς
821 2856 1179 2926 ὲκαθάρισαν,
1216 2856 1311 2910 καὶ
1339 2855 1505 2910 τᾶλλα
1538 2856 1716 2909 πάντα
1756 2857 1855 2928 τῆς
1882 2858 2020 2925 ἀγα-

435 2948 535 3020 θῆς
577 2947 936 3019 συμφωνίας,
970 2946 1030 3014 ἐξ
1081 2941 1155 3000 ὧν
1201 2946 1270 3000 τὰ
1318 2946 1689 3018 ὑποδείγματα
1722 2948 2018 3016 ὑπέφαινον

431 3042 533 3112 τῆς
568 3039 828 3112 ἀληθινῆς
853 3038 1163 3111 ἐνεργείας
1197 3038 1333 3092 ἀλλὰ
1360 3041 1623 3109 ματαίους
1672 3039 1769 3091 καὶ
1793 3036 2019 3109 κομπώο
2043 3079 2085 3137 c

431 3133 543 3197 δεις
594 3130 988 3202 συλλογισμοὺς
1026 3130 1100 3200 μὴ
1154 3127 1579 3200 ὑπερϐαίνοντας
1615 3128 1712 3201 τὴν
1748 3129 1850 3199 τῆς
1894 3146 2015 3183 ταυ-

431 3222 681 3291 τολογίας
738 3221 1017 3293 προφορὰν
1042 3236 1056 3250 ·
1097 3218 1211 3273 ἀλλ’
1245 3219 1385 3273 αὑτά
1440 3220 1661 3282 ἐκεῖνα,
1717 3220 1811 3272 καὶ
1865 3219 2016 3272 οὐδὲν

431 3315 619 3385 ἕτερον
654 3313 1028 3385 διηγούμενος.
1066 3312 1156 3379 Διὸ
1178 3310 1598 3382 παρακαλοῦμεν
1635 3310 1782 3373 ὅπως
1828 3310 2016 3381 μηδεὶς

431 3408 581 3478 ἡμᾶς
624 3406 1007 3478 ἐπιμέμψηται
1052 3406 1161 3459 τῶν
1199 3405 1632 3476 ἐντυγχανόντων
1655 3446 1671 3470 ,
1710 3405 1869 3475 εἴπερ
1922 3406 2016 3458 καὶ

430 3499 584 3551 αὐτοὶ
625 3498 769 3553 κατά
810 3497 918 3551 τῶν
970 3497 1150 3551 αὑτῶν
1182 3494 1490 3567 ὲνεχθὼμεν
1517 3536 1531 3559 ,
1581 3494 2013 3566 ἀναγκαζόμενοι

428 3594 609 3664 λέγειν
640 3592 775 3664 πρὸς
802 3592 901 3662 τὴν
924 3591 1090 3645 αὑτοῦ
1120 3590 1498 3659 ταυτολογίαν.
1532 3589 1606 3642 Τὸ
1628 3588 1875 3659 γέννημα
1902 3588 2014 3660 γὰρ

427 3687 697 3760 ἄτρεπτόν
736 3688 885 3739 ἐστιν
909 3724 925 3748 ,
975 3685 1098 3737 ὅσον
1128 3683 1326 3754 πρέπει
1355 3682 1596 3753 θεότητι’
1628 3681 1724 3736 καὶ
1762 3684 1791 3735 ὁ
1820 3682 2010 3752 γεννή-

427 3796 542 3851 τωρ
574 3777 845 3850 ἄτρεπτός
880 3778 1060 3839 ἐστιν,
1087 3774 1163 3838 ὡς
1208 3774 1411 3844 πρέπει
1437 3773 1716 3841 ἀναλόγως
1752 3775 1817 3843 τῇ
1848 3770 2011 3826 αὑτοῦ

429 3862 686 3938 ἀτρέπτῳ
744 3865 924 3935 φύσει.
975 3863 1138 3917 Μένει
1192 3863 1251 3917 δὲ
1301 3865 1330 3917 ὁ
1366 3864 1633 3934 γεννήσας
1669 3862 1759 3916 ἀεὶ
1806 3861 1899 3915 τὸν
1953 3863 2014 3928 ἐξ

427 3958 594 4015 αὑτοῦ
627 3960 769 4029 ἔχων
801 3956 1201 4028 γεγεννημένον
1220 3995 1234 4020 ,
1278 3955 1549 4027 μηδεμίαν
1596 3954 1851 4008 ὑπόνοιαν
1883 3970 2013 4023 συγ-

428 4051 624 4122 χωρῶν
655 4053 767 4114 τοίς
790 4050 881 4102 ὑπ’
913 4047 1078 4102 αὑτοῦ
1108 4046 1515 4117 κεκτισμένοις,
1553 4044 1682 4099 ἄνευ
1722 4043 1852 4098 Υἱοῦ
1887 4045 2013 4098 εἰδέ-

425 4161 516 4197 ναι
546 4144 802 4213 Πατέρα,
840 4142 933 4195 καὶ
965 4141 1092 4196 ἄνευ
1130 4140 1344 4212 Πατρός
1377 4155 1507 4192 ποτε
1546 4136 1745 4191 είδέναι
1782 4137 1874 4190 τὸν
1914 4153 2010 4204 γε·

426 4235 778 4306 γεννημένον,
810 4233 904 4286 καὶ
941 4231 1004 4286 τὸ
1032 4231 1240 4285 τέλειον
1266 4230 1431 4286 αὐτοῦ
1473 4228 1720 4301 Πνεῦμα,
1768 4228 1796 4282 ὃ
1825 4218 1888 4281 ei:
1915 4227 2010 4282 τοῦ

428 4328 645 4398 Πατρὸς
692 4323 1053 4396 ἐκπορεύεται
1078 4362 1094 4387 ,
1153 4323 1247 4375 καὶ
1281 4321 1377 4376 τοῦ
1411 4320 1541 4375 Υἱοῦ
1579 4320 1863 4392 λαμϐάνει.
1901 4320 2012 4373 Καὶ

2128 1824 2253 1879 bilis
2283 1833 2402 1889 est;
2454 1824 2599 1895 quod
2655 1826 2958 1897 ingenitum
2989 1834 3073 1880 est
3114 1826 3421 1881 substantia
3459 1830 3705 1901 quaedam

2124 1914 2484 1971 immutabilis
2510 1927 2615 1981 est,
2642 1933 2748 1970 non
2788 1917 3016 1973 arbitrio
3039 1918 3385 1989 cujusquam,
3420 1923 3517 1977 sed
3544 1922 3707 1978 insita

2125 2004 2359 2074 quadam
2389 2007 2710 2062 substantiae
2733 2007 3018 2079 dignitate.
3574 2015 3583 2021 ’

2160 2176 2167 2181 _
2682 2120 2989 2191 Confulatio
3029 2120 3079 2175 Χ
3096 2120 3156 2175 γ.

2152 2204 2494 2281 _Quousque
2546 2209 2767 2265 tandem
2815 2212 3005 2266 eadem
3045 2214 3207 2269 nobis
3253 2213 3568 2281 inculcabit,
3607 2233 3707 2274 nec

2124 2298 2194 2353 ab
2225 2300 2292 2355 iis
2332 2316 2451 2369 qua:
2481 2312 2638 2355 antea
2670 2305 2952 2373 proposita
2986 2314 3135 2371 sunt,
3173 2305 3452 2363 diversum
3484 2309 3704 2379 afferet!

2121 2389 2256 2445 Nam
2301 2408 2424 2462 qua:
2476 2393 2633 2447 initio
2675 2395 3152 2464 pronuntiaverat,
3201 2396 3392 2455 eadem
3432 2399 3500 2452 ad
3545 2400 3685 2454 finen

2130 2496 2304 2552 usque
2336 2481 2530 2537 iisdem
2563 2482 2631 2538 de
2680 2484 2866 2554 rebus,
2898 2501 2997 2541 nec
3030 2485 3175 2540 aliud
3212 2495 3471 2557 praeterea
3497 2497 3702 2556 narrat,

2122 2589 2230 2628 non
2258 2574 2516 2645 mysteria
2544 2574 2654 2629 ulla
2678 2578 2849 2641 nobis,
2868 2578 3106 2648 aperuit,
3132 2594 3245 2635 non
3279 2577 3348 2634 de
3380 2579 3508 2641 Deo,
3543 2597 3705 2650 quem

2126 2664 2413 2735 professus
2456 2673 2593 2732 erat,
2650 2666 2861 2732 docuit,
2901 2685 3012 2723 non
3050 2671 3232 2734 tidem,
3268 2671 3425 2741 cujus
3452 2673 3706 2742 praesidio

2119 2755 2258 2807 mira
2295 2754 2567 2819 facientes
2593 2757 2848 2824 apostoli,
2883 2772 3008 2812 cum
3049 2758 3279 2814 solidam
3308 2744 3554 2818 veritatis
3574 2780 3705 2817 cou-

2119 2842 2420 2900 fessionem
2477 2846 2886 2915 concepissent,
2938 2858 3186 2905 inmtuos
3233 2851 3566 2916 excitarunt,
3595 2854 3708 2909 ele-

2118 2936 2443 3008 pbantiacos
2466 2949 2787 3015 purgarunt,
2829 2940 3042 3010 aliaque
3080 2943 3339 3010 prazclare
3374 2943 3704 2999 cohaerentia

2121 3029 2493 3099 praestiterunt
2529 3047 2543 3083 :
2575 3045 2697 3100 qua:
2764 3026 2983 3101 quidem
3025 3049 3169 3098 vere,
3200 3050 3309 3089 non
3349 3036 3463 3090 sola
3522 3038 3704 3105 specie

2118 3129 2353 3192 patrata,
2405 3122 2554 3177 velut
2603 3134 2924 3195 argumenta
2975 3133 3146 3195 atque
3203 3125 3409 3181 indicia
3459 3126 3704 3198 profere-

2121 3215 2297 3269 bant:
2338 3222 2394 3269 at
2443 3215 2534 3270 ille
2572 3226 2767 3270 contra
2818 3217 2955 3271 nihil
3004 3225 3202 3288 praeter
3243 3221 3578 3274 vanissimas
3649 3230 3704 3277 et

2117 3313 2376 3361 ventosas
2450 3306 2892 3378 syllogismorum
2954 3309 3288 3366 subtilitates
3358 3312 3412 3366 in
3461 3312 3702 3367 medium

2117 3392 2290 3460 aﬂert,
2321 3410 2460 3464 quas
2512 3394 2662 3467 ipsas
2712 3397 3009 3467 repetendo
3041 3400 3241 3468 saepius
3278 3399 3346 3454 ad
3390 3401 3700 3457 satietatem

2116 3484 2355 3555 ingerit;
2412 3501 2516 3542 nec
2578 3487 2727 3542 aliud
2773 3495 3039 3558 praeterea
3098 3492 3376 3560 proponit.
3432 3490 3701 3558 Quocirca

2122 3576 2378 3633 lectorem
2428 3585 2676 3649 rogatum
2731 3579 3006 3644 volumus,
3051 3596 3120 3635 ne
3155 3580 3208 3636 id
3250 3582 3409 3637 nobis
3437 3583 3570 3637 vitio
3608 3583 3703 3637 tri-

2116 3668 2396 3723 buendum
2443 3669 2721 3725 existimet
2766 3672 2912 3741 quod
2942 3679 2996 3726 et
3026 3671 3131 3742 ipsi
3164 3672 3366 3742 saepius
3392 3673 3580 3728 eadem
3614 3688 3703 3729 re—

2115 3769 2370 3829 petamus
2406 3776 2421 3825 ;
2485 3762 2653 3831 quod,
2704 3769 2764 3816 ut
2795 3762 2872 3817 illi
2903 3762 3358 3834 respondeamus,
3395 3764 3574 3820 facere
3597 3767 3701 3821 hoc

2114 3852 2236 3908 loco
2268 3854 2536 3923 cogimur.
2569 3853 2734 3923 Igitur
2787 3855 2970 3925 genita
3010 3856 3249 3922 soboles,
3296 3871 3395 3926 pro
3422 3873 3489 3911 eo
3519 3872 3584 3911 ac
3614 3859 3702 3912 di-

2113 3944 2397 4007 vinitatem
2455 3946 2634 4008 decet,
2679 3947 3040 4004 immutabilis
3090 3957 3208 4012 est;
3239 3947 3336 4002 sed
3373 3959 3428 4001 et
3462 3955 3577 4019 ipse
3606 3964 3702 4019 ge-

2114 4037 2265 4093 nitor
2321 4037 2681 4093 immutabilis
2731 4046 2853 4105 est,
2906 4039 3369 4107 quemadmodum
3421 4042 3699 4096 constanti

2114 4128 2293 4198 ipsius
2327 4136 2537 4184 natura:
2589 4130 2872 4184 convenit.
2921 4130 3190 4184 Caeterum
3220 4131 3434 4201 genitor
3474 4132 3548 4185 ita
3579 4147 3697 4186 ma-

2114 4226 2227 4280 net,
2257 4226 2319 4273 ut
2359 4235 2522 4289 quem
2553 4236 2585 4274 e
2617 4219 2802 4289 seipso
2839 4223 3029 4292 genuit
3068 4229 3332 4292 perpetuo
3367 4238 3553 4277 secum
3593 4223 3698 4278 ba-

2113 4311 2276 4377 beat;
2332 4325 2434 4365 nec
2475 4311 2643 4365 ullam
2682 4311 2922 4368 conditis
2968 4327 2997 4367 a
3032 4327 3092 4369 se
3157 4314 3322 4370 rebus
3378 4315 3695 4383 suspicandi

423 4418 582 4472 τοῦτο
648 4418 857 4490 πρέπον
912 4417 1059 4469 ἐστὶν
1109 4414 1417 4486 ἀξιώματος
1470 4414 1659 4477 οὐσίας
1708 4411 1845 4465 Θεοῦ
1879 4452 1894 4475 ,
1948 4410 2011 4463 τὸ

2122 4402 2461 4456 occasionem
2520 4403 2742 4471 praebet,
2801 4410 2860 4456 ut
2914 4404 2998 4458 ve!
3045 4404 3164 4458 sine
3218 4403 3359 4458 Filio
3393 4405 3697 4473 intelligere

424 4509 885 4583 ἀπροσληπτικῶς
913 4508 988 4579 μὴ
1013 4504 1311 4560 ἐπιδεῖσθαι
1348 4522 1491 4569 τινος
1521 4502 1831 4570 ἀξιώματος
1850 4544 1864 4568 ,
1891 4500 2003 4555 ἀλλ’

424 4603 569 4672 ἔχειν
595 4601 729 4654 αὐτὸ
754 4600 940 4663 ἀϊδίως
965 4603 1022 4652 ὲν
1051 4601 1120 4669 τῇ
1157 4598 1260 4669 ἰδίᾳ
1297 4597 1605 4668 ταυτότητι.

2114 4491 2353 4555 Patrem,
2387 4493 2472 4548 vel
2528 4494 2648 4549 sine
2677 4492 2840 4549 Patre
2865 4495 3107 4565 genitum
3151 4494 3372 4561 Filium,
3398 4504 3489 4549 aut
3523 4495 3697 4566 perfe-

2115 4596 2264 4640 ctum
2323 4585 2444 4654 ejus
2496 4583 2783 4655 Spiritum,
2820 4587 2915 4657 qui
2964 4603 2992 4640 a
3020 4586 3185 4643 Patre
3225 4590 3469 4658 procedit
3498 4590 3540 4653 ²,
3575 4595 3629 4643 et
3659 4604 3694 4642 a

426 4695 566 4751 Filio
588 4695 789 4764 accipit
819 4694 861 4756 ³,
888 4693 1092 4747 ⁸ιιιιίιηο
1121 4690 1333 4762 possint
1369 4691 1679 4761 concipere.
1705 4689 1883 4758 Atque
1905 4685 2010 4740 hoc
2045 4688 2241 4738 natura
2281 4676 2373 4734 Dei
2417 4679 2642 4748 dignum
2688 4688 2795 4744 est,
2836 4680 3180 4751 maximeque
3231 4692 3704 4744 consentaneum,x

427 4793 636 4847 nullam
681 4798 742 4844 ut
775 4787 1084 4858 splendoris
1123 4784 1498 4841 accessionem
1554 4783 1899 4839 extrinsecus
1935 4777 2203 4849 requirat,
2262 4773 2360 4829 sed
2419 4781 2598 4827 totum
2643 4772 2777 4828 illud
2830 4779 3095 4845 perpetuo
3116 4774 3178 4828 in
3217 4776 3439 4846 prepria
3496 4774 3692 4831 identi-

422 4893 535 4942 tate
567 4884 871 4941 contineat.
1854 4898 1861 4907 ι
3331 4936 3337 4940 ,

795 4997 1195 5053 ΚΕΦΛΛΑῙΟΝ
1225 4995 1478 5050 ΑΕΤῐΟΥ
1516 4996 1633 5062 ις’.

2450 4979 2458 4989 ’
2483 4978 2651 5053 956
2679 4978 2862 5036 ΑΕΤΙΙ
2894 4980 3143 5040 CAPUT‘
3168 4980 3307 5035 XVI.

492 5090 556 5142 El
590 5088 651 5141 τὸ
695 5087 990 5158 ἀγέννητον
1018 5087 1207 5148 οὐσίας
1260 5086 1377 5139 ἐστὶ
1408 5083 1705 5156 δηλωτικὸν
1728 5122 1744 5147 ,
1780 5081 2003 5144 εἰκότως

2183 5072 2240 5129 Si
2272 5071 2501 5144 ingeniti
2532 5088 2637 5127 vox
2675 5073 3038 5128 substantiam
3086 5073 3362 5143 exprimit,
3398 5083 3593 5128 merito
3618 5074 3688 5130 ab

420 5181 557 5252 πρὸς
600 5181 698 5252 τὴν
742 5179 836 5233 τοῦ
882 5180 1218 5248 γεννήματος
1252 5176 1439 5230 οὑσίαν
1490 5173 2000 5230 ἀντιδιαστέλλεται.

2122 5166 2279 5236 geniti
2306 5166 2637 5232 substantia,
2664 5166 2813 5221 velut
2843 5167 3147 5222 membrum
3192 5167 3480 5221 divisionis
3518 5181 3689 5237 oppo-

420 5270 485 5323 Εί
514 5268 572 5321 δὲ
613 5267 778 5339 μηδὲν
813 5266 1068 5339 σημαίνει
1118 5265 1180 5319 τὸ
1226 5265 1516 5337 ἀγέννητον
1542 5304 1556 5328 ,
1591 5262 1769 5334 πολλῷ
1802 5262 2002 5334 μᾶλλον

2122 5256 2300 5320 situm,
2340 5253 2694 5311 discernitur.
2737 5254 2835 5310 Sin
2883 5263 3063 5310 autem
3105 5256 3241 5310 nihil
3275 5254 3500 5310 omnino
3532 5271 3688 5309 vora-

417 5359 569 5413 οὑδὲν
602 5359 752 5428 δηλοί
781 5359 845 5411 τὸ
886 5357 1149 5428 γέννημα.
1183 5357 1248 5409 Εἰ
1292 5355 1347 5408 δὲ
1381 5356 1574 5426 μηδὲν,
1608 5354 1724 5417 πῶς
1766 5352 2001 5406 ἀντιδια-

2122 5349 2294 5404 ›υ1υω
2337 5349 2469 5404 illud
2502 5348 2729 5420 ingeniti
2776 5348 3067 5420 signiﬁcat,
3104 5349 3277 5402 multo
3316 5350 3495 5431 minus
3520 5348 3684 5417 geniti

418 5450 639 5523 σταλείη
661 5449 768 5521 ;νΕί
792 5449 851 5503 δὲ
897 5452 930 5522 ἡ
960 5449 1256 5520 ἀγέννητος
1282 5446 1535 5523 προφορά
1567 5445 1704 5517 πρὸς
1741 5444 1839 5515 τὴν
1870 5460 1996 5513 γεν-

2122 5459 2209 5499 vox
2242 5442 2447 5515 aliquid
2486 5443 2795 5513 exprimet;
2844 5457 3024 5514 neque
3059 5442 3356 5512 quidquam
3389 5442 3686 5511 supererit,

415 5542 582 5615 νητὴν
616 5542 896 5614 προφορὰν
939 5540 1459 5603 ἀντιδιαστέλλεται,
1493 5538 1702 5609 σιωπῆς
1727 5537 1827 5609 τὴν
1863 5553 1997 5609 προ-

2122 5538 2247 5610 [uod
2276 5538 2333 5594 in
2368 5537 2640 5621 divisione
2673 5537 2834 5597 alteri
2868 5535 3217 5608 respondeat.
3263 5534 3471 5601 Quodsi
3530 5534 3688 5604 ingev

458 5702 660 5778 .‘ch.
689 5703 753 5759 τό
802 5724 805 5725 ν
850 5704 870 5735 ³
898 5699 1176 5772 Joan.-xv,
1204 5699 1303 5757 ‘26.
1380 5699 1402 5733 ³
1434 5696 1593 5755 Joan.
1630 5694 1861 5770 “1,14,
1894 5693 1988 5755 15.
