4134 6392
401 341 506 397 583

1834 349 1891 403 S.
1934 349 2276 407 EPIPHANII

3577 302 3683 406 εει

399 460 505 516 niti
536 460 772 532 prolatio
828 461 945 532 ipsa
998 476 1028 515 a
1072 459 1239 531 geniti
1278 461 1607 531 prolatione,
1641 463 1787 519 velut
1815 480 1986 521 mem-

2097 470 2265 540 φορὰν
2292 467 2683 539 διαδεχομένης
2704 507 2718 531 ,
2754 468 2999 536 γίνεσθαι
3029 468 3320 540 συμσαίνει
3359 467 3455 522 καὶ
3487 466 3685 535 ἀπογί-

399 553 561 608 hrum
592 550 878 606 divisionis
913 550 1248 622 oppositum,
1283 551 1609 615 secernitur,
1630 567 1755 607 cum
1779 570 1980 611 secun—

398 646 528 701 dum
553 646 1054 716 pronuntiationem
1085 653 1318 711 tacetur,
1352 645 1790 702 Christianorum
1829 665 1980 721 spem

400 736 563 793 modo
608 737 898 798 exsistere.
948 737 1111 793 modo
1159 738 1435 808 exstingui
1473 753 1700 793 necesse
1728 748 1834 805 est,
1864 756 1987 811 qua:

2101 563 2287 615 νεσθαι
2324 560 2421 629 τὴν
2446 559 2557 612 τῶν
2594 560 2935 631 Χριστιανῶν
2964 561 3174 624 ἐλπίδα,
3217 562 3275 613 ἐν
3304 560 3556 632 ὕποφορᾷ
3576 576 3684 613 κει-

2103 652 2270 723 μένην
2295 690 2309 715 ,
2349 651 2464 703 ἀλλ’
2488 651 2588 705 οὐκ
2616 654 2677 711 ἐν
2709 651 2935 720 φύσεσιν
2953 693 2968 715 ,
3004 652 3177 717 οὕτως
3213 652 3468 724 ἐχούσαις
3493 692 3509 712 .
3542 652 3618 717 ὡς
3646 652 3683 725 ἠ

2094 743 2206 796 τῶν
2234 743 2517 813 ὀνομάτων
2556 744 2805 814 βούλεται
2849 746 3114 816 σημασία.

400 836 512 881 tuta
553 830 607 881 in
661 829 1113 899 pronuntiatione
1165 829 1458 896 consistat,
1492 844 1601 884 non
1646 830 1702 885 in
1735 832 1976 900 naturis,
2017 849 2138 904 quae
2184 836 2258 890 ita
2306 852 2430 905 sese
2481 836 2743 903 habeant,
2804 845 2867 892 ut
2917 838 3309 893 vocabulorum
3357 836 3684 909 signiﬁcatio

397 924 516 991 ipsa
552 938 661 993 prae
696 938 754 977 se
779 922 922 977 ferre
955 923 1192 980 videtur.

927 1033 1237 1103 Confutatio
1288 1033 1336 1087 Χ
1355 1033 1451 1089 γι.

467 1126 754 1195 Quomodo
781 1144 903 1201 quae
932 1138 1127 1183 contra
1162 1145 1221 1184 se
1244 1129 1456 1184 faciunt
1494 1129 1811 1186 testimonia
1841 1131 1989 1200 prio-

396 1235 486 1275 res
510 1236 779 1291 usurpare
804 1222 982 1275 solent
1003 1220 1039 1275 ii
1064 1221 1158 1290 qui
1189 1220 1474 1276 rudiorum
1493 1222 1692 1279 animis
1709 1233 1989 1293 stuporem

399 1312 625 1382 injicere
664 1314 1026 1371 didicerunt?
1078 1313 1293 1371 Etenim
1349 1315 1573 1380 Aetius,
1631 1319 1728 1386 qui
1771 1317 1827 1371 in
1871 1317 1989 1371 sola

400 1406 870 1475 pronuntiatione,
915 1421 1027 1461 non
1070 1406 1123 1459 in
1160 1406 1239 1460 rei
1266 1408 1517 1473 veritate,
1580 1421 1733 1477 spem
1772 1421 1991 1462 omnem

398 1497 711 1571 collocavit,
743 1495 893 1551 istud
930 1496 1108 1564 ipsum
1140 1496 1302 1550 nobis
1342 1496 1585 1565 objiccre
1615 1496 1751 1551 nihil
1780 1507 1866 1552 est
1894 1512 1990 1553 ve-

399 1589 559 1655 ritus,
596 1604 721 1644 cum
758 1588 875 1658 ipse
910 1586 1005 1642 Dei
1038 1585 1236 1640 Filium
1297 1586 1581 1659 Deumque
1626 1586 1844 1643 Patrem
1874 1588 1991 1643 sola

395 1695 533 1736 voce
591 1660 840 1736 conﬁteri
886 1695 998 1733 non
1046 1679 1367 1734 erubuerit:
1402 1694 1528 1734 nam
1581 1679 1731 1750 quod
1780 1679 1847 1733 ad
1885 1694 1987 1735 nos

399 1772 617 1836 attinet,
652 1770 959 1826 naturalem
983 1770 1041 1825 in
1062 1770 1256 1840 primis
1282 1785 1405 1826 esse
1421 1769 1638 1826 Patrem
1663 1770 1988 1839 asserimus,

2660 1035 2986 1106 Ἁνατροπὴ
3016 1029 3143 1095 1Q".

2166 1127 2293 1191 Πῶς
2324 1126 2732 1200 προλαμδάνειν
2764 1128 2987 1184 εἰώθασι
3014 1131 3115 1193 τὰς
3148 1126 3271 1182 καθ’
3301 1126 3511 1184 ἑαυτῶν
3538 1148 3685 1204 μαρ-

2092 1217 2284 1287 τυρίας
2326 1219 2376 1271 οί
2407 1216 2706 1289 ἐκθαμϐεῖν
2750 1219 2849 1289 τὴν
2895 1218 3133 1272 διάνοιαν
3160 1217 3271 1271 τῶν
3313 1218 3554 1292 ἀπείρων
3593 1238 3685 1293 με-

2098 1308 2406 1380 μαθηκότες
2430 1328 2446 1378 ;
2482 1309 2539 1363 '0
2568 1310 2677 1382 γὰρ
2705 1310 2765 1364 έν
2792 1311 3044 1383 προφορᾷ
3070 1310 3169 1381 τὴν
3190 1310 3379 1366 ἐλπίδα
3407 1312 3683 1383 κεκτημέο

2096 1415 2187 1461 νος
2229 1400 2433 1463 Ἀέτιος
2482 1399 2643 1470 μόνος
2670 1401 2713 1465 ⁸,
2759 1402 2855 1455 καὶ
2886 1401 2986 1454 οὐκ
3018 1400 3246 1474 ἀληθείᾳ
3269 1440 3285 1467 ,
3316 1400 3519 1472 ταύτην
3548 1404 3686 1474 ἡμῖν

2097 1488 2453 1561 ἐπιφημίζειν
2483 1489 2773 1561 τολμηρῶς
2824 1490 3093 1562 προῆλθεν
3137 1492 3300 1556 αὐτὸς
3323 1532 3338 1555 ,
3375 1491 3505 1547 Υίὸν
3546 1493 3682 1548 Θεοῦ

2098 1582 2197 1634 καὶ
2236 1582 2369 1635 Θεὸν
2395 1582 2617 1653 Πατέρα
2659 1581 2801 1653 ψιλῷ
2833 1582 2977 1653 λόγῳ
3028 1582 3103 1654 μὴ
3135 1583 3403 1647 αίδεσθεὶς
3425 1584 3687 1656 ὁμολογῆ-

2099 1690 2227 1726 σαι·
2263 1673 2421 1745 ἡμῶν
2462 1674 2520 1728 δὲ
2550 1673 2786 1744 μάλιστα
2835 1674 3241 1745 ὁμολογούντων
3283 1676 3512 1745 φυσικὸν
3546 1674 3683 1733 εἶναι

2097 1765 2340 1838 Πατέρα,
2373 1766 2468 1819 καὶ
2495 1767 2721 1836 φυσικὸν
2782 1761 2923 1820 εἶναι
2965 1766 3113 1833 Υίὸν,
3159 1768 3253 1821 καὶ
3292 1770 3519 1838 φυσικὸν
3544 1764 3685 1825 εἶναι

399 1870 452 1915 et
494 1861 797 1917 naturalem
838 1857 1067 1923 Filium,
1112 1867 1169 1914 et
1197 1858 1504 1915 naturalem
1555 1858 1820 1930 Spiritum
1861 1876 1992 1918 san-

2097 1855 2253 1925 ἆγιον
2289 1856 2535 1928 Πνεῦμα,
2567 1859 2648 1930 Τῇ
2689 1859 2798 1929 γὰρ
2824 1852 3012 1930 Τριάδι
3045 1858 3196 1913 οὐδὲν
3228 1858 3357 1913 ἄλλο
3381 1861 3685 1934 συγκριθη-

399 1960 573 2007 ctum.
603 1951 750 2007 Nihil
788 1960 973 2005 autem
1007 1950 1251 2005 conferri
1281 1964 1407 2005 cum
1453 1948 1727 2008 Trinitate
1769 1961 1986 2022 potest:

400 2044 473 2095 ob
503 2041 668 2112 idque
702 2040 1177 2097 consubstantiale
1238 2055 1431 2095 revera
1494 2048 1581 2097 est
1628 2042 1752 2097 ﬁdei
1783 2052 1991 2098 nostra;

401 2134 829 2197 lirmtmentum.
862 2149 1043 2204 neque
1086 2133 1206 2188 sola
1239 2133 1697 2202 pronuntiatione
1738 2143 1989 2203 constat;

400 2241 524 2296 qua:
553 2241 679 2281 cum
709 2226 872 2280 modo
902 2226 995 2289 sit,
1022 2225 1187 2279 modo
1215 2224 1455 2289 desinat,
1493 2225 1549 2280 in
1580 2226 1812 2281 nihilum
1850 2227 1995 2283 redi-

401 2318 550 2388 gitur
582 2337 595 2372 :
630 2317 759 2372 talis
789 2326 875 2372 est
917 2316 987 2371 de
1032 2316 1220 2381 Patre,
1249 2314 1389 2371 Filio
1439 2331 1504 2371 ac
1544 2316 1757 2388 Spiritu
1797 2326 1992 2375 sancto

400 2410 541 2466 Aetii
565 2411 855 2466 sententia.
896 2408 991 2464 Est
1025 2409 1171 2464 enim
1202 2424 1366 2465 verus
1391 2410 1580 2480 utique
1609 2406 1795 2475 Pater,
1828 2427 1995 2469 verus

402 2500 595 2565 Filius,
628 2518 792 2557 verus
819 2501 1061 2572 Spiritus
1097 2503 1732 2572 sanctuszquantumvis
1750 2503 1995 2561 inﬁnitos

407 2597 496 2649 ille
524 2596 872 2667 syllogismos
925 2592 1259 2664 eosdemque
1289 2594 1620 2650 vanissimos
1652 2611 1837 2652 serere
1863 2612 1995 2653 con-

404 2686 612 2741 tendat.
672 2686 749 2741 De
818 2684 1138 2754 hujusmodi
1203 2699 1336 2739 vero
1401 2685 1719 2742 hominibus
1774 2687 1994 2744 divinus

404 2792 588 2831 sermo
642 2779 723 2833 sic
769 2778 1051 2848 loquitur:
1084 2776 1416 2845 Sapientiam
1472 2779 1772 2846 sapientum
1814 2798 1997 2851 repro-

403 2871 539 2923 babo
576 2871 591 2900 ¹
620 2870 783 2925 :itcm
821 2890 834 2925 :
869 2868 1028 2923 Novit
1057 2868 1320 2925 Dominus
1341 2872 1682 2943 cogitationes
1702 2872 1993 2943 hominum,

401 2963 653 3030 quoniam
686 2978 834 3017 eam:
864 2975 989 3017 sunt
1036 2962 1077 3027 ',
1111 2970 1219 3017 etc.

862 3073 1048 3129 AETII
1093 3074 1324 3131 CAPUT
1371 3074 1535 3131 XVll.

480 3163 538 3216 Si
573 3162 875 3233 ingenitum
909 3165 1048 3219 nihil
1078 3166 1146 3220 ad
1177 3167 1502 3222 substantia:
1528 3168 1845 3237 dignitatem
1880 3186 1997 3226 am-

403 3254 548 3323 plius
570 3256 805 3320 confert,
836 3270 1001 3327 quam
1042 3258 1320 3327 genitum;
1374 3257 1546 3315 Filius
1585 3261 1703 3315 sola
1740 3264 1992 3319 vocabuli

404 3348 855 3416 pronuntiatione
887 3358 1202 3418 superatus,
1262 3352 1675 3420 praestantiores
1717 3370 1777 3410 se
1816 3357 1997 3426 appel-

403 3439 582 3496 lantes
642 3441 792 3510 ipsos
851 3449 1131 3510 agnoscet,
1176 3456 1287 3497 non
1325 3459 1475 3509 eum,
1512 3445 1606 3515 qui
1642 3445 1817 3517 ipsius
1849 3446 1995 3505 Deus

400 3531 711 3603 appellatur
734 3540 788 3585 et
815 3529 1000 3586 Pater.

813 3642 978 3714 957
1020 3644 1329 3713 Confutatio
1364 3645 1561 3701 XVII.

474 3737 740 3803 Quamvis
785 3735 1105 3792 innumeras
1148 3737 1308 3793 nobis
1344 3739 1537 3795 Aetius
1576 3744 1873 3811 tragmdias
1900 3758 1998 3797 ex-

402 3830 556 3894 citet,
603 3829 753 3884 nnlla
801 3828 962 3884 nobis
1006 3843 1249 3899 unquam
1298 3846 1424 3885 cum
1475 3832 1677 3901 pietate
1699 3833 1997 3904 conjuncta

404 3923 549 3979 ratio
580 3920 918 3991 persuadere
952 3921 1189 3991 poterit,
1235 3923 1645 3992 praestantiores
1687 3924 1813 3981 illos
1847 3941 1995 3990 esse,

403 4017 500 4085 qui
550 4015 621 4070 ab
668 4028 760 4080 eo,
798 4014 895 4085 qui
940 4021 1050 4078 est,
1102 4022 1161 4069 ut
1208 4022 1396 4069 essent
1442 4015 1823 4073 obtinuerunt.
1858 4016 1996 4072 Nam

406 4107 588 4179 ipsius
634 4106 903 4162 beneﬁcio
953 4105 1077 4161 illos
1123 4106 1406 4161 exstitisse
1450 4106 1543 4161 ille
1587 4107 1705 4178 ipse
1737 4116 1995 4164 testatur.

406 4200 591 4271 Atqui
622 4198 890 4269 singulari
918 4197 1067 4254 illius
1094 4212 1324 4252 munere
1350 4196 1796 4255 Christianorum
1816 4199 1996 4271 dig-ai-

407 4302 575 4347 tatem
597 4290 839 4347 assecuti
872 4298 1022 4355 sunt,
1054 4290 1295 4360 genitam
1319 4290 1562 4345 sobolem
1604 4305 1718 4347 non
1757 4292 1876 4347 sola
1903 4309 1999 4348 vo-

402 4382 490 4437 cis
517 4382 847 4452 prolatione.
888 4379 984 4435 sed
1013 4393 1204 4434 verum
1227 4394 1258 4434 e
1278 4393 1410 4433 vero
1432 4379 1680 4450 genitum
1722 4382 1999 4451 appellare

407 4485 638 4540 norunt;
673 4489 740 4529 eo
769 4472 920 4543 quod
952 4487 1077 4527 vere
1116 4472 1295 4542 ipsum
1327 4472 1660 4543 intelligunt,
1684 4480 1744 4528 et
1774 4486 1805 4526 a
1835 4470 1999 4527 Patre

2097 1966 2291 2003 σεται·
2328 1950 2422 2003 καὶ
2477 1950 2567 2004 διὰ
2605 1949 2764 2003 τοῦτο
2802 1949 3075 2022 ἀληθινῶς
3131 1951 3419 2022 ὁμοούσιόν
3468 1954 3585 2006 ἐστι
3624 1954 3685 2007 τὸ

2092 2041 2194 2112 τῆς
2221 2041 2512 2112 ὁμολογίας
2565 2042 2722 2114 ἡμῶν
2757 2041 3022 2113 ἔρεισμα,
3060 2044 3156 2097 καὶ
3195 2045 3255 2096 οὐ
3282 2044 3371 2099 διά
3402 2049 3684 2119 προφορᾶς

2093 2133 2194 2205 τῆς
2226 2133 2293 2187 δι’
2318 2134 2485 2188 αὐτοῦ
2513 2136 2533 2167 ⁷
2563 2133 2813 2203 γίνεσθαι
2850 2136 2943 2190 καὶ
2975 2136 3050 2207 μὴ
3074 2136 3320 2206 γίνεσθαι
3353 2138 3683 2209 ἀναιρουμέ-

2094 2243 2193 2297 νης
2214 2243 2228 2257 ο
2274 2227 2349 2291 ὡς
2382 2228 2416 2299 ἡ
2457 2226 2551 2280 τοῦ
2591 2228 2796 2283 Ἀετίου
2840 2231 2971 2303 περὶ
2995 2230 3209 2302 Πατρὸς
3256 2230 3385 2297 δόξα
3432 2232 3526 2286 καὶ
3551 2230 3682 2286 Υίοῦ

2096 2315 2192 2369 καὶ
2231 2317 2389 2387 ἁγίου
2419 2317 2759 2389 Πνεύματος.
2792 2320 2949 2374 Ἐστι
2988 2320 3099 2392 γὰρ
3130 2321 3300 2385 ὅντως
3335 2322 3524 2394 Πατὴρ
3552 2322 3681 2393 ἀλη-

2096 2404 2277 2470 θινὸς,
2308 2408 2401 2461 καὶ
2434 2407 2562 2471 Υἱὸς
2595 2408 2763 2473 ὅντως
2794 2410 3083 2480 ἀληθινὸς,
3112 2411 3208 2464 καὶ
3250 2411 3475 2483 Πνεῦμα
3528 2412 3683 2482 ἅγιον

2097 2498 2351 2571 ἀληθινὸν
2373 2540 2390 2565 ,
2439 2501 2542 2555 κᾶν
2590 2518 2653 2554 τε
2701 2502 2929 2574 μυρίους
2988 2503 3383 2575 συλλογισμοὺς
3419 2506 3685 2577 ματαίους

2099 2591 2438 2667 ὑποσπείρῃ,
2468 2591 2546 2657 ὦς
2577 2610 2745 2665 φησιν
2775 2597 2805 2648 6
2831 2595 2975 2659 θεῖος
3008 2596 3165 2671 λόγος
3198 2598 3327 2669 περὶ
3369 2597 3479 2651 τῶν
3502 2597 3683 2652 τοιού-

2094 2701 2205 2738 των
2231 2683 2427 2754 λέγων,
2456 2686 2540 2739 ὅτι
2575 2687 2693 2754 Τὴν
2726 2688 2986 2741 σύνεσιν
3022 2687 3141 2743 τῶν
3165 2689 3442 2745 συνετῶν
3468 2689 3683 2758 ἀθετή-

2096 2791 2188 2831 σω
2208 2794 2225 2811 ο
2261 2778 2355 2832 καὶ
2382 2779 2465 2832 ὄτι
2507 2775 2643 2832 Οἵδε
2665 2781 2883 2849 Κύριος
2902 2782 3048 2848 τοὺς
3075 2783 3409 2853 λογισμοὺς
3431 2782 3551 2839 τῶν
3574 2785 3682 2840 ἀν-

2098 2868 2368 2938 θρώπων,
2405 2871 2497 2925 ὅτι
2534 2870 2655 2925 elei
2686 2871 2950 2941 μάταιοι,
2981 2872 3075 2925 καὶ
3098 2872 3170 2926 τὰ
3199 2872 3348 2944 ἑξῆς.

2468 3067 2864 3123 ΚΕΦΑΛΔΙΟΝ
2904 3062 3162 3123 ΑΕΤΙΟΥ
3211 3071 3308 3123 ΙΖ’.

2172 3161 2238 3213 Εἰ
2287 3160 2455 3233 μηδὲν
2508 3161 2669 3216 πλέον
2725 3162 2880 3233 νέμει
2936 3163 3017 3226 εἰς
3074 3163 3348 3235 ὑπεροχὴν
3386 3163 3574 3228 οὐσίας
3625 3165 3686 3218 τὸ

2098 3252 2396 3324 ἀγέννητον
2425 3253 2563 3324 πρὸς
2615 3253 2678 3307 τὸ
2705 3253 2963 3324 γεννητὸν
2988 3296 3003 3322 ,
3038 3257 3292 3327 προφορᾷ
3322 3256 3483 3326 μόνον
3515 3257 3684 3329 ὑπερο

2096 3347 2355 3418 εχόμενος
2400 3349 2430 3401 6
2484 3346 2652 3411 Υίὸς,
2713 3346 2957 3417 βελτίους
3009 3346 3204 3402 ἐαυτοῦ
3240 3348 3507 3417 γνώσεται
3558 3353 3684 3414 τοὺς

2097 3438 2647 3511 προσαγορεύσαντας
2673 3480 2688 3505 ,
2743 3441 2804 3493 οὐ
2849 3441 2942 3496 τὸν
2994 3440 3503 3514 προσαγορευθέντα
3551 3442 3683 3495 Θεὸν

2097 3529 2262 3585 αὐτοῦ
2295 3532 2389 3585 καὶ
2410 3532 2651 3605 Πατέρα.

2645 3644 2980 3715 Ἀνατροπὴ
3036 3649 3149 3702 ΙΖ’.

2167 3734 2358 3798 Οὐδεὶς
2390 3734 2623 3805 εὐσεϐὴς
2649 3735 2808 3803 λόγος
2838 3738 3232 3808 συγχωρήσειε,
3265 3736 3366 3791 κᾶν
3399 3754 3459 3789 τε
3512 3738 3681 3809 μυρία

2095 3826 2561 3899 δραματουργήσῃ
2604 3830 2737 3899 ἡμῖν
2802 3829 3027 3894 ’Δέτιος,
3061 3830 3317 3901 ἀμείνους
3362 3826 3502 3886 εἶναι
3558 3836 3681 3897 τοὺς

2097 3918 2157 3972 τὸ
2190 3912 2331 3971 εἶναι
2385 3919 2538 3990 παρά
2575 3920 2671 3973 τοῦ
2699 3920 2854 3985 ὄντος
2907 3921 3215 3994 εἰληφότας.
3254 3923 3332 3976 Δι’
3360 3924 3526 3978 αὑτοῦ
3573 3926 3685 3997 γὰρ

2099 4010 2192 4064 καὶ
2240 4010 2402 4074 αὐτὸς
2432 4010 2701 4081 ὁμολογεΐ
2729 4012 2858 4076 τοὺς
2900 4013 3102 4078 αὐτοὺς
3150 4015 3496 4087 γεγενῆσθαι.
3546 4016 3686 4072 υΰτε

2099 4099 2210 4172 γὰρ
2241 4100 2383 4155 κατά
2416 4101 2697 4173 προφορὰν
2723 4101 2881 4171 λόγον
2918 4102 3065 4158 ἴσασι
3107 4104 3168 4158 τὸ
3200 4105 3444 4178 γέννημα
3477 4107 3684 4171 καλεῖν,

2098 4192 2233 4247 ἀλλά
2263 4191 2514 4263 ἀληθινὸν
2565 4195 2623 4261 ἐξ
2670 4194 2927 4265 ἀληθινοῦ
2960 4199 3382 4270 γεγεννημένον,
3415 4201 3468 4253 οἱ
3498 4201 3557 4268 ἐξ
3591 4201 3687 4258 αὐ-

2097 4282 2193 4337 τοῦ
2246 4285 2701 4357 εὐεργετηθέντες
2745 4288 3148 4360 καταξιωθῆναι
3201 4292 3556 4362 Χριστιανοὶ,
3608 4294 3688 4366 τῷ

2100 4376 2299 4431 εἰδέναι
2344 4376 2507 4431 αὑτὸν
2545 4380 2604 4431 ἐν
2637 4378 2888 4452 ἀληθείᾳ,
2934 4384 3030 4435 καὶ
3070 4382 3409 4454 διδαχθέντες
3450 4384 3540 4439 διά
3576 4388 3688 4441 Πα-

2099 4468 2250 4538 τρὸς,
2306 4469 2401 4522 καὶ
2447 4469 2549 4524 οὐκ
2596 4470 2707 4525 ἀπὸ
2750 4475 2953 4543 σαργός
2996 4472 3090 4527 καί
3138 4475 3390 4546 αἵματος.
3442 4478 3553 4532 Καὶ
3599 4479 3688 4533 διὰ

405 4575 558 4631 sunt,
585 4581 698 4621 non
743 4580 775 4619 a
811 4579 1000 4627 carne,
1043 4564 1126 4618 vel
1158 4565 1428 4635 sanguine
1457 4564 1705 4636 perdocti
1723 4565 1766 4621 ³.
1818 4564 1992 4630 Quam

2100 4561 2259 4614 τοῦτο
2294 4562 2519 4627 εἰκότως
2548 4565 2997 4637 μακαριζόμενοι,
3031 4568 3108 4631 ὡς
3135 4571 3164 4621 6
3198 4568 3337 4638 μετά
3369 4570 3689 4642 προσθήκης

407 4661 480 4715 ob
511 4674 733 4715 causam
759 4656 949 4714 felices
970 4655 1165 4712 merito
1194 4656 1591 4728 pra-dicantur,
1623 4666 1683 4711 ut
1711 4656 1856 4712 inter
1888 4671 1993 4712 cae-

2098 4651 2217 4718 τοῦ,
2234 4652 2458 4718 ζῶντος,
2472 4653 2597 4709 Υἱὺν
2628 4654 2764 4709 Θεοῦ
2798 4656 2958 4711 αὑτὸν
2980 4659 3258 4728 ἐπιγνοὺς,
3293 4662 3395 4717 κᾶν
3431 4679 3491 4717 τε
3523 4680 3690 4717 πνευ-

405 4764 556 4807 tcros
597 4749 879 4821 apostolus
920 4749 1033 4816 ille,
1074 4750 1173 4820 qui
1218 4749 1458 4805 viventis
1488 4748 1678 4805 addito
1724 4750 1992 4805 vocabulo

2104 4746 2349 4816 μαηκῶς
2399 4747 2818 4819 ἀνακρινόμενοι
2868 4749 2982 4819 (91)
3028 4750 3050 4783 ⁸
3087 4750 3141 4823 [6
3181 4752 3401 4825 πνεῦμα
3450 4753 3527 4809 ὢν
3596 4755 3691 4809 καὶ

408 4844 502 4898 Dei
539 4841 737 4897 Filium
778 4843 933 4897 illum
981 4842 1204 4913 agnovit
1224 4842 1265 4895 ⁸.
1298 4841 1467 4897 Iidem
1507 4857 1675 4913 porro
1702 4842 1992 4897 animalem

2102 4837 2436 4911 Μονογενὴς]
2482 4840 2576 4894 τὸν
2608 4840 2838 4911 ψυχικὸν
2881 4843 3086 4897 Ἀέτιον
3134 4845 3210 4917 μὴ
3240 4846 3690 4919 παραδεχόμενον

408 4934 628 4990 Aetium
658 4933 983 5005 spiritaliter
1001 4932 1331 5003 dijudicant,
1359 4933 1454 5006 qui
1485 4948 1549 4989 ea
1576 4948 1699 5004 qua:
1731 4933 1800 4988 ad
1833 4933 1992 5003 spiri-

2100 4931 2171 4985 τά
2199 4930 2293 4984 τοῦ
2333 4929 2675 5001 Πνεύματος,
2706 4932 2808 4987 κάν
2828 4949 2889 4985 τε
2919 4935 3063 4988 εἴποι
3082 4951 3097 4967 ο
3145 4937 3501 5006 Ἀπέρχομαι
3538 4939 3692 5006 πρὸς

411 5037 528 5083 tum
559 5027 836 5097 pertinent
864 5023 1143 5096 repudiat.
1176 5025 1259 5080 Ac
1287 5024 1418 5081 licet
1438 5025 1761 5096 unigenitus
1781 5024 1875 5082 Dei
1905 5024 1992 5079 Fi-

2100 5018 2210 5073 τὸν
2256 5020 2491 5089 Πατέρα
2528 5038 2652 5091 μου
2718 5023 2819 5075 καὶ
2872 5023 3105 5092 Πατέρα
3149 5026 3339 5096 ὑμῶν.
3388 5028 3487 5082 καί
3540 5031 3690 5083 Geor

410 5121 544 5182 lius.
589 5133 655 5173 ac.
700 5115 943 5188 Spiritus
988 5116 1066 5171 ita
1112 5116 1416 5188 loquatur:
1456 5115 1605 5173 Vada
1657 5117 1727 5171 ad
1781 5116 1992 5173 Patrem

2097 5129 2217 5179 μου
2254 5110 2356 5164 καὶ
2406 5110 2559 5165 Θεὸν
2583 5111 2752 5182 ὑμῶν
2775 5128 2789 5142 ⁸
2819 5113 2928 5166 τῶν
2968 5116 3296 5188 ἀμφοτέρων
3341 5117 3548 5172 τούτων
3572 5120 3692 5172 ὀνο-

410 5227 607 5275 ηιεαιη,
638 5219 688 5264 et
715 5206 934 5263 Patrem
979 5217 1230 5273 vestrum,
1277 5206 1450 5262 Deum
1503 5222 1676 5261 meum
1734 5216 1786 5261 et
1832 5206 1992 5262 Deum

2110 5200 2323 5272 μασιῶν
2378 5202 2517 5272 πρὸς
2558 5204 2627 5256 τὰ
2661 5202 2922 5277 ἀλλογενῆ
2961 5205 3204 5277 ὀνόματα
3248 5208 3326 5281 μὴ
3372 5208 3692 5280 δυναμένων

411 5313 637 5358 vestrum
658 5303 715 5369 ⁵;
756 5302 935 5358 ambae
977 5310 1162 5357 tamen
1202 5300 1602 5372 appellationes
1634 5299 1755 5356 ista:
1781 5300 1992 5367 alienis,

2107 5293 2437 5363 ἐξισοῦσθαι,
2465 5294 2569 5366 τῆς
2598 5296 2856 5368 ἀληθείας
2881 5298 2970 5352 ἀεὶ
3004 5298 3295 5371 μενούσης,
3326 5299 3423 5353 καὶ
3449 5301 3692 5371 ἑκάστης

508 5458 527 5488 λ
569 5455 588 5509 1
625 5454 755 5518 Cor,
804 5454 964 5521 1,19.
1070 5453 1257 5509 ’Psal.
1304 5468 1458 5517 mu,
1522 5452 1613 5507 ll.
1715 5452 1738 5484 ³
1769 5451 1961 5507 Matth.
2019 5451 2253 5515 “1,17.
2361 5450 2383 5482 δ
2414 5448 2548 5506 ibid.
2595 5450 2664 5506 l6

2785 5451 2806 5482 '
2828 5447 2990 5506 Joan.
3026 5468 3122 5519 xx,
3155 5451 3244 5506 l7.

412 5526 435 5561 '
465 5525 529 5581 ιε’.
559 5527 649 5581 διὰ
677 5525 795 5581 τοῦ.
870 5526 892 5558 ⁸
916 5524 1128 5580 Luxata
1150 5526 1265 5579 haec
1296 5540 1398 5582 suo
1425 5525 1547 5579 loco
1570 5522 1841 5579 arbitror.
1877 5521 2013 5578 Vide
2038 5531 2220 5579 notas.

3344 5452 3367 5484 ⁸
3402 5448 3465 5506 ιτ.
3502 5450 3688 5523 μόνον.

483 5681 598 5749 (91)
632 5682 761 5736 Κάν
791 5698 855 5735 τε
894 5678 1307 5752 πνευματικῶς
1347 5679 1837 5752 ἀνακρινόμενοι,
1866 5679 1992 5745 Quae

2108 5686 2258 5752 sunt,
2288 5685 2343 5734 et
2356 5678 2427 5752 Ain
2454 5678 2615 5752 tertio
2639 5694 2800 5752 versu
2831 5678 2899 5752 ad
2930 5678 3078 5752 hunc.
3096 5676 3325 5752 modum
3348 5677 3689 5752 reponenda,

414 5753 724 5822 parenthesi
760 5752 962 5809 includi
1007 5751 1319 5824 jussimus,
1352 5766 1416 5807 ea
1470 5751 1591 5806 loco
1635 5764 1736 5804 suo
1788 5751 1992 5806 dimota

2104 5749 2206 5803 κᾶν
2236 5766 2295 5803 τε
2323 5750 2467 5803 είποι
2498 5751 2527 5803 ὁ
2558 5750 2775 5820 πνεῦμα
2811 5750 2887 5805 ὣν
2931 5751 3025 5804 καὶ
3059 5750 3387 5821 Μονογενής.
