4134 6392
376 306 485 367 585

1018 307 1390 365 ADVERSUS
1426 308 1770 365 IIIERESES
1805 308 1935 364 LIB.
1976 307 2064 363 III.
2108 308 2269 363 TOM.
2301 307 2341 362 I.
2366 336 2435 346 —
2467 305 2740 363 HIERES.
2782 304 3013 364 LXXVI.

3541 309 3644 368 586

377 420 667 493 χρειὼδους
696 420 903 489 τάξεως
934 439 991 476 εν
1023 422 1135 493 Υίῷ
1165 423 1302 478 Θεοῦ
1333 425 1393 478 ὲν
1426 425 1656 497 ἀληθείᾳ
1692 425 1753 478 τὸ
1794 422 1966 492 σαφὲς

2071 438 2132 477 ae
2181 422 2417 481 diversis
2468 423 2785 479 nominibus
2836 422 3111 493 adaequari
3159 432 3466 495 nequeunt,
3515 437 3641 478 eum

376 512 755 585 διδασκούσης.
802 512 940 567 Οὔτε
986 514 1117 587 γὰρ,
1148 514 1380 584 Πατέρα
1405 535 1548 586 μου,
1585 517 1684 571 καὶ
1731 515 1964 584 Πατέρα

376 604 562 676 ὑμῶν,
592 605 735 660 κατὰ
767 606 870 677 τὴν
899 606 1080 678 σάρκα
1117 608 1198 671 είς
1227 608 1427 673 αὐτοὺς
1463 608 1810 680 πληρωτέον·
1846 607 1965 671 πῶς

376 699 488 770 γὰρ
518 698 702 771 πατὴρ
746 697 949 770 σαρκὸς
982 700 1011 752 6
1051 698 1205 764 Θεὸς.
1249 701 1280 752 6
1318 701 1501 773 σάρκα
1547 702 1622 773 μὴ
1660 701 1963 772 ἐνδυσάμε-

377 806 503 856 voc;
554 789 715 857 υύτε,
753 789 862 844 τὸν
912 791 1061 845 Θεόν
1101 809 1243 860 μου,
1274 792 1373 845 καὶ
1412 792 1561 847 Θεὸν
1601 791 1789 862 ὑμῶν,
1824 791 1965 845 κατὰ

375 879 475 949 τὴν
526 878 621 934 τοῦ
661 877 793 933 Υίοῦ
827 878 1084 951 θεότητα,
1128 882 1226 934 καὶ
1258 881 1401 936 κατὰ
1429 883 1530 953 τὴν
1563 881 1820 953 μαθητῶν
1853 883 1964 936 υἱο-

380 971 567 1025 θεσίαν
621 970 971 1044 πληρωτέον·
1024 971 1183 1037 ἀλλὰ,
1244 973 1395 1027 Θεόν
1440 992 1598 1044 μου,
1657 975 1756 1028 καὶ
1816 975 1965 1029 Θεὸν

377 1060 569 1131 ὑμῶν,
617 1063 705 1118 διὰ
743 1062 841 1134 τὴν
872 1063 1145 1136 ἡμετέραν
1191 1063 1607 1139 ὲνανθρώπησιν
1655 1084 1967 1138 μυστηριῶ-

377 1151 487 1216 δῶς
538 1153 567 1206 6
611 1152 893 1224 ἀληθεύων
941 1156 1001 1208 ὲν
1038 1156 1212 1210 ἆπασι
1262 1157 1387 1220 τοὺς
1442 1156 1688 1228 μαθητὰς
1730 1157 1965 1227 ἠσφαλί-

380 1237 523 1302 ζετο.
559 1238 793 1310 Πατέρα
842 1240 900 1295 δέ
926 1260 1070 1312 μου,
1117 1243 1215 1298 καὶ
1257 1245 1495 1315 Πατέρα
1519 1245 1706 1316 ὑμῶν,
1726 1246 1826 1301 ’διὰ
1865 1248 1965 1318 τῆς

378 1329 515 1402 ἐμοῦ
563 1331 701 1403 πρὸς
745 1333 909 1387 αὐτὸν
948 1334 1092 1389 κατὰ
1122 1336 1304 1406 φύσιν,
1356 1339 1451 1392 καὶ
1484 1337 1618 1409 ἐμοῦ
1652 1340 1788 1410 πρὸς
1821 1340 1965 1411 ὑμᾶς

378 1426 780 1491 ὲπικοινωνίας,
814 1423 882 1500 ἦς
931 1427 1043 1498 ἐγὼ
1079 1429 1199 1500 μὲν,
1234 1430 1377 1485 κατὰ
1424 1430 1835 1503 φιλανθρωπίαν
1878 1432 1966 1485 ὲν·

376 1517 652 1589 δημήσας.
696 1518 874 1574 ἔδωκα
903 1519 1033 1590 ύμῖν
1080 1521 1141 1575 τὸ
1180 1522 1197 1553 ¹
1226 1522 1481 1591 γενέσθαι
1505 1522 1593 1576 διὰ
1621 1522 1716 1577 τοῦ
1760 1522 1926 1595 ῥητοῦ
1946 1539 1960 1554 ο

382 1606 644 1663 Ἔδωκεν
666 1609 872 1677 αὐτοῖς
915 1610 1210 1676 ἐξουσίαν
1254 1614 1443 1669 τέκνα
1480 1614 1628 1670 Θεοῦ
1660 1613 1960 1684 γενέσθαι.

377 1699 579 1772 Διόπερ
632 1702 725 1754 καὶ
776 1702 960 1769 αὐτὸς,
991 1707 1122 1777 παρ’
1152 1706 1338 1771 αὐτοῖς
1381 1706 1692 1778 γενόμενος,
1750 1707 1965 1780 μορφὴν

376 1770 565 1848 δούλου
600 1792 782 1859 ἔλαϐε,
808 1770 1141 1868 προσφάτως
1168 1770 1468 1870 προσφάτῳ
1508 1770 1961 1872 ἐπικοινωνησῐιξ,
1993 1770 2038 1827 Β

376 1887 487 1942 τῶν
528 1888 900 1961 ἀρχαῐζόντων
927 1889 1158 1945 ἐνόντων
1192 1891 1250 1945 ἐν
1278 1891 1589 1964 ταυτότητι,
1632 1893 1728 1947 καὶ
1778 1894 1855 1964 μὴ
1883 1894 1963 1956 εἰς

380 1979 644 2053 σύγχυσιν
695 1979 1152 2053 μεταϐαινόντων,
1205 1982 1337 2036 υἱῶν
1383 1982 1483 2053 μὲν
1527 1982 1830 2055 ἀνθρώπων
1875 1983 1966 2038 διὰ

377 2076 477 2146 τῆς
526 2074 763 2148 μετοχῆς
807 2076 888 2139 είς
937 2073 1247 2156 ἀφθαρσίαν
1302 2074 1803 2147 μεταϐαλλομένων,
1846 2076 1963 2130 ἀλλ’

379 2170 481 2223 οὐκ
530 2170 612 2234 εἰς
660 2168 1059 2240 όμοουσιότητα
1108 2168 1535 2240 συνενουμένων,
1587 2169 1683 2222 καὶ
1720 2168 1817 2223 τοῦ
1864 2170 1964 2241 τὴν

382 2261 599 2332 μορφὴν
643 2260 832 2314 δούλου
862 2259 1140 2323 λαϐόντος,
1184 2251 1273 2315 διὰ
1302 2259 1398 2314 τοῦ
1431 2261 1551 2332 μὲν,
1586 2260 1861 2328 λαϐόντος,
1904 2262 1966 2316 τὸ

380 2352 693 2422 πρόσφατον
737 2348 1059 2419 δηλοῦντος,
1109 2349 1199 2403 διὰ
1257 2348 1314 2402 δὲ
1379 2350 1500 2412 τοῦ,
1528 2352 1584 2405 ὲν
1614 2355 1794 2424 μορφῇ
1828 2352 1964 2407 Θεοῦ

381 2442 740 2514 ὑπάρχοντος,
758 2442 839 2505 είς
873 2440 1081 2514 τροπὴν
1136 2441 1212 2513 μὴ
1261 2443 1696 2513 παρερχομένου.
1748 2444 1965 2498 Τούτων

378 2537 436 2589 δὲ
474 2535 645 2599 οὕτως
681 2534 872 2598 ὄντων,
918 2534 1015 2588 καὶ⁵
1062 2535 1120 2586 ἐν
1146 2533 1331 2604 τελείᾳ
1371 2533 1572 2603 γνώσει
1598 2535 1770 2600 οὕτως
1814 2539 1967 2608 παρὰ

314 2644 317 2645 ν
379 2629 492 2690 τοῖς
543 2623 901 2687 θεοδιδάκτοις
955 2622 1144 2693 σαφῶς
1185 2624 1661 2696 ὁμολογουμένων,
1708 2626 1833 2682 οὔτε
1879 2627 1962 2690 τὸ,

385 2718 530 2784 Θεός
558 2732 700 2786 μου,
746 2714 849 2770 καὶ
898 2714 1045 2781 Θεὸς
1087 2714 1276 2785 ὑμῶν,
1305 2714 1452 2781 οὕτε,
1505 2719 1539 2771 ὀ
1574 2717 1776 2786 Πατήρ
1818 2730 1962 2789 μου,

383 2809 481 2862 καὶ
530 2806 735 2874 Πατὴρ
782 2804 971 2877 ὑμῶν,
999 2806 1108 2860 ἀπὸ
1153 2807 1254 2878 τῆς
1287 2807 1430 2861 κατὰ
1471 2807 1534 2861 τὸ
1576 2806 1798 2877 εύλογον
1843 2812 1966 2863 ἐπι-

382 2900 670 2963 κοινωνίας
704 2899 792 2954 διὰ
829 2898 923 2953 τοῦ
954 2898 1246 2970 ὁμωνύμου
1279 2898 1468 2953 διοίσει
1500 2899 1600 2970 τῆς
1630 2900 1968 2973 ἀκραιφνοῦς

382 2993 594 3059 οὐσίας,
641 2992 750 3047 ἀπὸ
781 2992 881 3063 τῆς
926 2992 1202 3065 ὑπεροχῆς
1229 2993 1334 3064 τῆς
1381 2993 1518 3058 ἰδίας
1552 2994 1814 3066 ἰδιότητος
1862 2996 1967 3049 Πα-

2067 524 2332 587 perpetuo
2380 518 2587 573 veritas
2633 517 2752 586 ipsa
2798 522 3146 586 permaneat,
3190 529 3255 570 ac
3300 514 3642 585 singularum

2066 622 2260 662 vocum
2309 610 2566 680 pr0prius
2604 618 2667 665 et
2716 607 3062 663 necessarius
3111 607 3249 664 ordo
3295 606 3374 663 rei
3411 606 3465 661 in
3504 603 3645 660 Filio
3719 592 3724 597 ’

2067 698 2159 754 Dei
2204 701 2488 756 veritatem
2537 701 2687 756 clare
2714 715 2778 753 ac
2807 701 3095 770 perspicue
3127 700 3486 779 demoqstret.
3536 696 3644 751 Ne-

2065 806 2173 861 que
2210 792 2357 846 enim
2394 791 2510 848 hate
2551 793 2694 863 ipsa,
2729 791 2946 846 Patrem
2980 808 3174 856 meum,
3210 800 3261 845 et
3300 789 3516 845 Patrem
3545 805 3643 843 ve—

2065 892 2258 950 strum,
2291 883 2358 937 ad
2396 882 2569 954 ipsius
2602 898 2823 938 carnem
2861 883 3325 939 referendasunt.
3356 880 3645 947 Quomodo

2064 974 2210 1028 enim
2243 975 2429 1031 carnis
2471 983 2627 1045 pater
2675 974 2820 1031 Deus
2865 992 2988 1031 esse
3035 983 3236 1045 potest,
3281 974 3373 1044 qui
3420 986 3643 1028 carnem

2065 1081 2345 1136 nunquam
2374 1068 2589 1122 induit?
2618 1067 2807 1137 Neque
2835 1068 2972 1134 haec,
3000 1067 3162 1121 Deum
3186 1082 3378 1131 meum,
3403 1076 3453 1118 et
3478 1064 3645 1118 Deum

2067 1167 2316 1221 vestrum,
2362 1159 2432 1213 de
2466 1158 2587 1214 Filii
2623 1158 2928 1223 divinitate,
2962 1159 3047 1213 vel
3077 1158 3372 1229 adoptione
3396 1156 3645 1226 discipu-

2066 1247 2244 1302 lorum
2271 1248 2591 1318 accipienda
2614 1257 2761 1304 sunt.
2793 1247 2899 1304 Sed
2923 1249 3036 1303 haec
3057 1248 3243 1312 verba,
3261 1246 3428 1302 Deum
3450 1263 3643 1310 meum,

2064 1347 2114 1392 et
2148 1337 2314 1393 Deum
2345 1350 2591 1402 vestrum,
2609 1341 2681 1395 ob
2711 1340 3004 1394 humanam
3033 1346 3302 1403 nostram,
3327 1353 3490 1409 quam
3518 1353 3645 1395 sus-

2064 1432 2232 1501 cepit,
2265 1442 2541 1498 naturam,
2563 1447 2674 1489 non
2693 1432 2813 1487 sine
2831 1431 3091 1500 mysterio
3108 1430 3355 1486 veritatis
3386 1430 3440 1484 in
3463 1430 3643 1484 omni-

2065 1522 2170 1580 bus
2229 1524 2757 1580 observantissimus
2811 1524 2880 1579 ad
2923 1524 3224 1593 discipulos
3275 1522 3645 1594 praemunien-

2066 1615 2168 1671 dos
2194 1630 2462 1685 usurpare
2484 1614 2676 1670 voluit.
2709 1614 2927 1670 Patrem
2960 1628 3092 1669 vero
3120 1629 3314 1677 meum,
3341 1621 3392 1668 et
3425 1611 3644 1668 Patrem

2067 1715 2297 1761 vestrum
2321 1705 2482 1766 dixit.
2510 1711 2731 1775 propter
2759 1718 2934 1760 meam
2967 1718 3092 1758 cum
3122 1701 3219 1757 illo
3251 1708 3463 1757 natura:
3493 1715 3647 1756 com-

2065 1797 2406 1863 munionem,
2433 1810 2719 1867 meamque
2744 1794 3021 1852 vobiscum
3051 1813 3065 1849 :
3096 1794 3258 1863 cujus
3280 1808 3383 1864 ego
3403 1808 3502 1863 pro
3524 1807 3646 1847 mea

2067 1888 2405 1961 benignitate
2434 1888 2523 1943 bic
2546 1886 2701 1957 apud
2730 1901 2831 1941 vos
2859 1887 3063 1955 degens
3102 1884 3400 1956 participes
3437 1891 3498 1939 ut
3522 1898 3647 1939 esse

2065 1978 2306 2050 possetis
2342 1977 2567 2033 indulsi.
2601 1975 2693 2031 Sic
2713 1975 2858 2030 enim
2895 1975 3159 2045 scriptum
3196 1980 3281 2031 est
3305 1993 3320 2029 :
3347 1971 3507 2028 Dedit
3532 1972 3646 2027 illis

2064 2076 2374 2137 potestatem
2402 2066 2542 2137 ﬁlias
2573 2064 2672 2119 Dei
2699 2063 2817 2134 ﬁeri
2840 2064 2884 2119 ⁸.
2920 2061 3214 2132 Propterea
3239 2076 3364 2117 cum
3391 2061 3482 2117 ille
3500 2060 3647 2131 apud

2066 2163 2218 2234 ipsos
2238 2161 2554 2220 exsisteret,
2580 2157 2810 2211 formam
2838 2157 2982 2211 servi
3010 2155 3275 2225 suscepit,
3304 2168 3430 2208 cum
3455 2168 3647 2207 recen-

2065 2254 2191 2312 tiori
2232 2268 2427 2310 recens
2458 2249 2901 2306 communionem
2933 2248 3264 2319 suscipiens.
3303 2247 3385 2302 sic
3414 2253 3473 2301 ut
3502 2246 3646 2300 inte-

2065 2349 2171 2404 rim
2193 2355 2378 2404 vetera
2400 2344 2664 2402 eodemin
2694 2351 2842 2401 statu
2862 2341 3287 2414 permanserint,
3314 2353 3491 2409 neque
3513 2352 3648 2392 enn-

2066 2440 2335 2496 Iusionem
2368 2440 2534 2493 ullam
2562 2452 2722 2508 passa
2747 2434 2971 2491 fuerint.
2998 2432 3293 2488 Hominum
3321 2431 3522 2502 quippe
3549 2429 3649 2484 lilii

2066 2533 2338 2605 ejusmodi
2402 2530 2822 2602 participatione
2879 2527 2945 2581 ad
3005 2526 3384 2594 incorruptum
3442 2528 3648 2577 statum

2067 2626 2318 2684 translati
2340 2632 2493 2688 sunt,
2533 2638 2643 2678 non
2682 2622 2872 2677 eadem
2907 2618 3215 2676 substantia
3244 2614 3545 2685 conjuncti.
3578 2614 3649 2665 At

2067 2738 2192 2778 eum
2235 2720 2379 2778 servi
2420 2719 2649 2774 formam
2679 2714 2853 2771 Filius
2896 2716 3179 2785 accepisse
3213 2710 3419 2767 dicitur
3443 2708 3488 2770 ³,
3513 2706 3650 2762 illud

2067 2810 2374 2883 accipiendi
2418 2808 2743 2865 vocabulum
2792 2820 2994 2860 novum
3046 2802 3285 2875 aliquid,
3338 2815 3403 2856 ac
3456 2812 3650 2855 recens

2069 2902 2217 2959 istud
2257 2900 2537 2958 exstitisse
2579 2899 2937 2955 demonstrat.
2988 2892 3147 2961 Quod
3185 2898 3367 2947 autem
3406 2888 3649 2944 additum

2067 3004 2174 3058 est,
2212 3009 2335 3051 cum
2366 2991 2536 3063 958
2572 2990 2626 3044 in
2665 2988 2843 3045 forma
2875 2986 2967 3042 Dei
3037 2993 3187 3043 esset
3205 2985 3248 3052 ⁸,
3289 2980 3651 3037 mutationem

382 3084 510 3155 τρδς
540 3084 676 3156 πρὸς
719 3084 870 3148 Υἱὸν,
909 3084 1006 3137 καὶ
1035 3082 1167 3137 Υίοῦ
1215 3083 1354 3154 πρὸς
1400 3083 1643 3156 Πατέρα,
1675 3085 1771 3138 καὶ
1807 3084 1965 3155 ἁγίου

2071 3089 2277 3145 nullam
2310 3084 2696 3143 intercessisse
2737 3080 3032 3153 signiﬁcat.
3061 3078 3196 3143 Quae
3233 3090 3361 3130 eum
3410 3073 3485 3128 ita
3527 3087 3653 3128 sese

383 3175 700 3247 Πνεύματος
726 3174 1009 3239 ὡσαύτως.

2072 3182 2334 3243 habeant,
2365 3192 2431 3233 ae
2455 3192 2580 3232 eum
2614 3173 2857 3248 perlecta
2884 3171 2979 3227 Dei
3009 3169 3327 3240 cognitione
3354 3166 3655 3236 conjuncta

385 3266 563 3335 palam
586 3266 750 3358 ali-iis
771 3275 1112 3331 asserantur,
1141 3266 1236 3338 qui
1257 3266 1525 3323 divinitus
1585 3268 1827 3325 instituti
1886 3282 2037 3340 sunt,
2079 3287 2258 3344 neque
2286 3271 2403 3325 haec
2441 3268 2629 3330 verba,
2659 3265 2800 3320 Deus
2828 3279 2995 3329 meus,
3023 3271 3074 3317 et
3099 3260 3239 3315 Deus
3268 3267 3453 3320 vester,
3477 3269 3656 3325 neque

385 3356 514 3421 ista,
558 3347 722 3412 Pat'er
751 3374 932 3423 meus,
966 3369 1017 3414 et
1056 3358 1221 3413 Pater
1254 3368 1448 3419 vester.
1482 3375 1675 3431 puram
1714 3361 1864 3418 illam
1898 3380 1965 3421 ac
2002 3368 2275 3423 sinceram
2344 3360 2440 3417 Dei
2500 3370 2750 3414 naturam
2787 3372 2817 3411 a
2849 3362 3243 3415 consentanea,
3272 3364 3373 3405 nec
3400 3349 3520 3418 ipso
3564 3347 3654 3399 in-

386 3453 550 3525 digna
584 3455 971 3510 communione
1039 3463 1261 3525 propter
1320 3456 1471 3512 vocis
1531 3446 1964 3528 ambiguitatem.
2011 3472 2272 3533 separare
2316 3464 2608 3528 poterunt,
2672 3460 2767 3506 aut
2829 3450 3127 3520 quidquam
3177 3447 3245 3502 de
3297 3441 3653 3515 proprietatis

385 3546 711 3602 excellentia
757 3547 1070 3617 detralient,
1118 3566 1226 3621 qua
1286 3548 1455 3605 Pater
1508 3566 1635 3607 cum
1679 3551 1840 3621 Filio,
1873 3552 2045 3610 Filius
2068 3569 2206 3609 cum
2253 3549 2440 3615 Patre,
2490 3562 2554 3603 ac
2597 3545 2839 3617 Spiritus
2884 3550 3115 3600 sanctus
3156 3539 3393 3609 denique
3431 3548 3655 3604 compa-

390 3646 601 3694 rantur.

757 3758 1153 3815 ΚΕΦΑΛΑῙΟΝ
1192 3753 1447 3813 ΑΕΤῙΟΥ
1484 3761 1590 3814 IH'.

462 3856 523 3908 El
555 3856 588 3924 ἡ
617 3852 912 3923 ἀγέννητος
939 3851 1096 3905 οὐσία
1128 3850 1395 3922 κρείττων
1425 3851 1542 3904 ἐστὶ
1569 3851 1859 3920 γενέσεως,
1890 3852 1971 3905 οῖ-

392 3947 550 4001 κοθεν
578 3946 779 4016 ἔχουσα
824 3944 887 3997 τὸ
919 3945 1187 4017 κρεῖττον,
1230 3942 1524 3996 αὐτοουσία
1543 3942 1693 3998 ἐστὶν
1742 3945 1974 4014 ἀγέννη-

390 4056 502 4102 τος.
563 4039 638 4090 Οὐ
701 4036 811 4107 γὰρ
848 4034 1191 4107 βουλόμενος,
1241 4036 1326 4089 ὅτι
1377 4032 1657 4104 βούλεται,
1705 4034 1975 4100 γενέσεώς

392 4134 510 4185 ἐστι
557 4130 839 4201 κρείττων,
891 4128 1006 4182 ἀλλ’
1038 4128 1120 4181 ὅτι
1153 4127 1415 4196 πέφυκεν.
1463 4126 1605 4180 Αὐτὸ
1646 4122 1741 4180 οὖν
1792 4126 1972 4198 ὑπάρ-

394 4240 562 4296 χουσα
597 4223 754 4277 οὐσία
788 4221 1083 4292 ἀγέννητος
1111 4223 1140 4275 6
1166 4221 1320 4286 Θεὸς,
1355 4220 1532 4274 οὐδενὶ
1570 4220 1714 4289 λόγῳ
1755 4219 1976 4292 ἐπιτρέ-

396 4334 486 4370 πει
545 4315 669 4369 καθ’
721 4314 923 4384 ἑαυτῆς
971 4314 1184 4383 γένεσιν
1234 4313 1552 4384 ἐπινοῆσαι,
1607 4311 1825 4366 ὠθοῦσα
1875 4314 1973 4383 φέ·

2532 3748 2715 3806 ΔΕΤΙΙ
2753 3744 2982 3803 CAPUT
3022 3743 3208 3799 XVIII.

2148 3849 2206 3904 Si
2234 3846 2475 3918 ingenita
2509 3839 2821 3899 substantia
2849 3835 3193 3909 generationi
3234 3843 3477 3904 praestat,
3522 3835 3656 3891 insi-

2073 3950 2187 3997 tam
2240 3941 2295 3995 in
2331 3952 2455 3994 sese
2504 3936 2713 3990 habens
2764 3928 3163 3990 excellentiam,
3213 3936 3407 3995 suapte
3457 3936 3656 3981 natura

2075 4032 2317 4106 ingenita
2343 4038 2429 4086 est
2455 4026 2779 4084 substantia.
2815 4020 3000 4091 Neque
3019 4018 3165 4074 enim
3190 4017 3280 4070 eui
3310 4017 3525 4071 libitum
3547 4027 3652 4083 est,

2075 4139 2177 4196 pro
2206 4138 2272 4178 eo
2299 4119 2449 4192 quod
2481 4118 2697 4174 libitum
2719 4121 2824 4175 est,
2860 4109 3201 4182 generationi
3233 4109 3528 4173 antecellit,
3558 4109 3656 4163 sed

2075 4215 2221 4287 quod
2264 4214 2339 4268 ita
2390 4218 2586 4265 natura
2623 4209 2974 4275 comparatus
3006 4209 3110 4256 est.
3144 4199 3324 4266 Quare
3351 4213 3477 4253 cum
3513 4196 3657 4254 Deus

2077 4323 2175 4379 per
2220 4320 2341 4361 sese
2370 4301 2612 4373 ingenita
2648 4298 2720 4351 sit
2752 4293 3079 4354 substantia,
3112 4290 3313 4345 rationi
3355 4290 3486 4344 nulli
3535 4305 3659 4359 per-

398 4406 586 4481 ρεσθαι
641 4405 783 4460 κατὰ
839 4381 948 4459 τῶν
985 4381 1277 4476 νγεννητῶν
1333 4381 1514 4457 πᾶσαν
1576 4403 1822 4470 δξέτασιν
1883 4381 1971 4456 καὶ

2079 4398 2265 4461 mittit,
2313 4394 2418 4449 sibi
2448 4400 2507 4446 ut
2555 4387 2961 4461 generationem
3006 4382 3247 4451 aﬂingat,
3294 4381 3389 4437 sed
3428 4381 3661 4451 inquisi—

397 4500 574 4553 πάντα
604 4496 883 4568 λογισμόν.

954 4696 1288 4765 Ἀνατροπὴ
1327 4693 1438 4751 lH'.

476 4788 597 4853 Τοῖς
640 4790 822 4851 αὐτοῖς
870 4789 1017 4858 ἡμᾶς
1067 4786 1327 4858 σκυλμοῖς
1376 4783 1698 4856 περιέϐαλεν
1753 4781 1979 4846 ’Λέτιος,

401 4882 745 4949 ταυτολογεῖν
796 4882 964 4950 ἡμᾶς,
1012 4880 1087 4942 ὡς
1128 4879 1297 4949 ἔφην,
1350 4878 1445 4931 καὶ
1492 4876 1753 4939 πολλάκις
1808 4892 1984 4945 παρα-

404 4976 683 5039 σκευάζων
728 4974 818 5028 διὰ
862 4973 960 5043 τὴν
1006 4973 1066 5038 ἐξ
1116 4971 1367 5041 ὑπαρχῆς
1418 4971 1546 5039 ἄχρι
1596 4969 1782 5031 τέλους
1816 4965 1982 5020 αὑτοῦ

403 5072 533 5142 περὶ
562 5069 670 5125 τῶν
709 5068 890 5123 αὐτῶν
931 5065 1304 5132 ταυτολογίαν.
1338 5063 1414 5116 Οὐ
1439 5062 1547 5133 γάρ
1577 5078 1705 5114 ποτε
1736 5062 1768 5130 ἡ
1803 5060 1984 5122 πίστις

401 5167 434 5231 ἡ
471 5163 650 5217 πάντα
693 5160 881 5214 πιστὸν
912 5158 1162 5223 σώζουσα
1190 5157 1254 5208 ἐκ
1288 5152 1699 5223 συλλογιπικῆς
1727 5150 1984 5212 ὑπονοίας

403 5251 707 5323 ἀνθρώπων
760 5250 1107 5319 συνέστηκεν.
1156 5244 1371 5315 Ἐπειδὴ
1402 5245 1509 5314 γὰρ
1554 5239 1869 5309 ἐπισφαλεῖς
1909 5240 1986 5292 εἰ·

407 5363 492 5398 σιν
533 5346 590 5398 αἱ
637 5343 744 5397 τῶν
791 5338 1093 5412 ἀνθρώπων
1130 5338 1382 5399 διάνοιαι,
1439 5335 1534 5387 καὶ
1578 5334 1639 5386 οὐ
1690 5331 1985 5401 δυνάμεναι

406 5434 543 5507 πρὸς
570 5432 631 5486 τὸ
660 5431 885 5500 ἄπειρον
910 5430 1008 5500 τῆς
1037 5428 1128 5481 τοῦ
1155 5427 1289 5479 Θεοῦ
1320 5424 1504 5487 οὐσίας
1536 5420 1942 5475 ὲπεκτείνεσθαι
1968 5435 1981 5446 ·

406 5528 499 5581 καὶ
532 5525 640 5595 γὰρ
678 5526 736 5577 τὸ
772 5525 878 5576 πᾶν
909 5522 1008 5591 τῆς
1048 5519 1317 5590 σωτηρίας
1349 5516 1504 5588 ἡμῶν
1556 5514 1791 5584 Χριστοῦ
1822 5512 1984 5576 ζωτι-

2083 4485 2285 4537 tionem
2327 4493 2545 4534 omnem
2597 4484 2651 4530 et
2693 4471 3162 4527 ratiocinationem
3204 4468 3272 4523 ad
3315 4482 3404 4522 res
3450 4469 3660 4539 genitas

2083 4573 2341 4627 amandat
2374 4585 2437 4624 ac
2466 4568 2663 4636 rejicit.

2574 4678 2885 4748 Confutatio
2925 4671 3153 4729 XVIII.

2152 4776 2211 4832 In
2259 4776 2477 4831 easdem
2514 4762 2615 4827 nos
2661 4770 2940 4827 molestias
2970 4766 3105 4821 Aetii
3148 4764 3534 4836 importunitas
3567 4763 3662 4816 im-

2083 4871 2254 4925 misit.
2299 4866 2403 4932 Qui
2444 4864 2574 4919 dum
2623 4862 2811 4918 eadem
2859 4858 3057 4927 sapius
3089 4856 3160 4911 ab
3191 4855 3349 4909 initio
3398 4854 3464 4907 ad
3501 4854 3660 4906 ﬁnem

2084 4976 2260 5032 usque
2286 4958 2504 5029 repetit,
2540 4953 2784 5024 ejusdem
2823 4951 2982 5013 nobis
3015 4947 3244 5003 faciendi
3278 4946 3658 5001 necessitatem

2086 5052 2365 5119 imposuit.
2392 5046 2683 5101 Enimvero
2710 5042 2863 5103 ﬁdes,
2899 5056 3022 5111 qua:
3046 5037 3353 5092 Catholicos
3369 5050 3560 5089 omnes
3593 5034 3662 5089 ad

2088 5144 2317 5197 salutem
2342 5137 2611 5210 perducit,
2636 5135 2998 5188 humanorum
3017 5136 3460 5200 argumentorum
3492 5127 3665 5179 subli-

2091 5235 2244 5289 litate
2291 5245 2400 5285 non
2450 5232 2685 5282 constat.
2717 5222 3168 5293 Quandoquidem
3218 5219 3450 5277 lubrica,
3494 5227 3546 5269 et
3606 5217 3663 5269 in

2091 5337 2331 5380 errorem
2361 5333 2528 5390 prona
2563 5325 2692 5370 sunt
2722 5316 3005 5370 hominum
3049 5313 3289 5383 ingenia,
3335 5325 3509 5379 neque
3539 5324 3663 5363 cuiu

2093 5412 2303 5468 inﬁnita
2338 5408 2430 5463 Dei
2472 5404 2779 5461 substantia
2826 5402 3097 5471 adaquari
3142 5408 3394 5472 possunt.
3439 5401 3503 5453 Et
3535 5414 3662 5451 vero

2097 5517 2267 5562 totum
2311 5504 2442 5557 illud
2474 5501 2664 5556 salutis
2699 5506 2898 5552 nostra:
2929 5511 2958 5550 a
2979 5495 3195 5549 Christo
3219 5492 3661 5546 administratum

408 5617 501 5671 κδν
530 5582 826 5687 μυστήριον
861 5582 1164 5677 Ἰουδαίοις
1182 5582 1297 5678 iter
1324 5582 1697 5668 σκάνδαλον,
1729 5605 1971 5669 "Enna.

2097 5599 2446 5671 mysterium,
2481 5592 2624 5665 quod
2657 5591 2970 5647 hominibus
2999 5590 3165 5643 vitam
3201 5586 3418 5653 attulit,
3459 5582 3665 5636 Judwis

483 5754 502 5787 ⁸
535 5754 698 5811 Deest
727 5751 1037 5814 κοινωνούς,
1074 5762 1167 5803 aut
1200 5748 1330 5818 quid
1363 5748 1561 5802 simile.
1641 5746 1658 5775 ²
1688 5742 1844 5798 Joan.
1885 5758 1921 5806 I,
1964 5742 1971 5793 1

2122 5739 2139 5769 ⁸
2176 5736 2408 5807 Philipp.
2451 5750 2509 5802 ti,
2552 5732 2598 5786 7.

725 5853 1002 5914 l’srnoa.
1038 5848 1158 5912 Gn.
1214 5848 1266 5909 Χ
1282 5844 1404 5906 LII.

2679 5730 2699 5761 ⁸
2727 5730 2858 5785 ibid.
2912 5726 2964 5784 I3.

3360 5815 3435 5877 19
