4134 6392
504 364 617 419 587

1957 361 2014 416 S.
2057 358 2396 414 EPIPHANII

3669 358 3774 415 588

513 484 824 538 scauaaium
859 485 984 554 fuit,
1025 483 1260 555 gentibus
1305 481 1572 534 stultitia:
1602 479 1749 532 nobis
1783 495 1898 532 vero
1946 494 2091 531 voca-

2199 475 2265 527 δὲ
2291 477 2504 543 μωρία,
2537 477 2682 546 ἡμῖν
2709 477 2777 529 δὲ
2802 476 2925 542 τοῖς
2953 476 3196 543 κλητοῖς
3240 477 3548 539 Ἰουδαίοις
3580 492 3643 529 τε
3675 477 3772 529 καὶ

515 576 599 628 tis.
629 573 832 630 Judwis
881 573 1194 645 agentibus
1239 571 1486 626 Christus
1536 571 1631 625 Dei
1670 571 1856 635 virtus,
1900 578 1950 623 et
1994 568 2091 622 Dei

513 668 795 736 sapientia.
829 667 1093 733 Quoniam
1118 665 1254 735 quod
1297 666 1519 719 stultum
1547 675 1624 718 est
1661 663 1756 717 Dei
1801 664 2091 732 sapientius

512 768 589 813 est
625 759 947 830 hominibus,
977 766 1027 811 et
1055 757 1193 826 quod
1229 759 1502 826 inﬁrmum
1529 767 1607 811 est
1645 757 1739 811 Dei
1773 757 1966 822 fortius
2013 766 2092 811 est

511 849 868 904 hominibus‘.
904 849 1042 916 Quis
1083 850 1248 920 igitur
1288 851 1504 904 Aetium
1535 865 1644 904 non
1684 849 1861 920 primo
1890 847 2093 904 Judaeis

511 950 858 1008 annumeret,
899 941 1044 1011 quod
1081 942 1416 1013 syllogismis
1463 942 1580 998 suis
1613 942 1738 997 aliis
1774 941 2094 997 oli‘ensionis

511 1047 735 1086 causam
785 1033 1057 1103 praebeat?
1103 1044 1216 1086 tum
1244 1047 1374 1087 vero
1402 1034 1656 1103 gentilem
1698 1049 1822 1090 esse
1843 1044 2091 1097 censeat,

509 1122 654 1192 quod
685 1137 797 1190 prae
821 1121 1073 1177 affectata
1110 1137 1210 1176 sua
1235 1123 1506 1194 sapientia
1533 1124 1778 1179 divinam
1805 1125 2090 1180 veritatem

510 1216 757 1270 stultitia:
825 1217 1186 1272 condemnet?
1242 1216 1456 1272 Etenim
1504 1233 1648 1272 unus
1701 1217 1792 1273 ille
1842 1217 2096 1274 conditor

509 1310 780 1370 omnium,
827 1317 992 1379 atque
1030 1309 1228 1364 artifex
1275 1311 1423 1365 onmi
1469 1319 1720 1365 creatura
1771 1310 2094 1382 opificioque

514 1398 883 1466 przcstantior,
917 1412 1026 1451 non
1060 1408 1345 1468 propterea
1369 1397 1536 1468 959
1571 1398 1716 1468 quod
1746 1399 2028 1468 productis
2062 1415 2093 1453 a

511 1504 572 1541 se
611 1488 868 1543 omnibus
903 1489 1199 1556 antecellit,
1233 1505 1342 1543 non
1370 1489 1561 1544 eadem
1620 1491 1723 1545 ista
1765 1491 1991 1546 molitur
2030 1506 2095 1546 ac

513 1587 783 1649 procreat.
811 1579 996 1650 Neque
1024 1581 1196 1645 enim,
1229 1597 1350 1652 quae
1383 1581 1531 1636 illius
1562 1589 1647 1636 est
1673 1581 1914 1645 bonitas,
1952 1582 2092 1637 invi-

511 1672 602 1724 dia
631 1671 890 1742 tangitur,
928 1672 1371 1742 quandoquidem
1414 1672 1588 1744 ipsam
1619 1673 1673 1728 in
1710 1689 1770 1727 se
1795 1674 2091 1729 bonitatem

511 1765 910 1834 complectitur,
935 1780 1057 1835 qua:
1083 1781 1172 1820 res
1198 1781 1304 1820 una
1325 1767 1536 1820 caeteris
1562 1775 1782 1836 praestat
1809 1767 2090 1824 omnibus.

2196 569 2458 634 ’Ἕλλησι
2494 570 2748 638 Χριστὸς
2782 569 2931 623 Θεοῦ
2967 569 3240 637 δύναμις,
3271 568 3365 620 καὶ
3394 568 3541 622 Θεοῦ
3569 570 3774 637 σοφία.

2197 660 2326 712 "Ott
2359 660 2425 712 τὸ
2452 661 2652 729 μωρὸν
2683 661 2788 713 τοῦ
2821 659 2970 714 Θεοῦ
3017 659 3354 729 σοφώτερον
3397 659 3516 713 τῶν
3557 661 3778 729 ἀνθρώ-

2195 767 2324 802 πων
2362 752 2516 813 ἐστὶ,
2549 754 2644 806 καὶ
2685 755 2750 806 τὸ
2787 753 3042 817 ἀσθενὲς
3069 754 3173 806 τοῦ
3209 754 3356 806 Θεοῦ
3393 755 3780 823 ἰσχυρότερον

2184 842 2312 896 ’τῶν
2349 844 2677 912 ἀνθρώπων
2702 846 2838 898 ἐστί
2863 863 2875 875 ο
2925 845 3041 908 πῶς
3072 841 3165 897 οὖν
3197 845 3296 898 οὑκ
3327 846 3391 899 ἄν
3423 862 3507 908 τις
3533 845 3626 898 τὸν
3663 846 3780 898 Ἀέ-

2194 949 2308 984 τιον
2342 935 2398 984 ἐν
2423 936 2536 997 τοῖς
2579 935 2853 998 Ἰουδαίοις
2892 937 2990 1006 μὲν
3018 935 3106 987 διὰ
3132 935 3192 988 τὸ
3225 935 3519 987 σκάνδαλον
3545 935 3654 988 τῶν
3687 935 3781 988 αὑ-

2195 1023 2286 1076 τοῦ
2320 1024 2692 1095 συλλογισμῶν
2724 1028 3134 1096 καταστήσειεν,
3172 1025 3409 1096 Ἕλληνα
3431 1027 3486 1079 δὲ
3511 1026 3599 1079 διὰ
3627 1027 3688 1080 τὸ
3714 1028 3778 1080 ἐκ

2195 1115 2294 1184 τῆς
2344 1117 2478 1179 ἰδίας
2538 1117 2886 1188 ὲθελοσοερίας
2949 1119 3162 1189 μωρίαν
3219 1119 3468 1188 ἡγεῖσθαι
3529 1121 3629 1191 τὴν
3684 1120 3779 1173 τοῦ

2195 1209 2332 1262 Θεοῦ
2363 1209 2657 1280 ἀλήθειαν;
2711 1213 2820 1265 Καὶ
2865 1212 2974 1284 γάρ
3015 1206 3096 1272 εἷς
3145 1211 3242 1264 καὶ
3292 1213 3553 1282 κρείττων
3598 1213 3778 1284 πάσης

2196 1302 2428 1365 κτίσεως
2472 1303 2568 1356 καὶ
2604 1304 2966 1375 δημιουργίας
2993 1307 3022 1358 ό
3050 1304 3274 1375 κτίστης
3319 1305 3414 1356 καὶ
3450 1305 3780 1376 δημιουργὸς

2194 1395 2302 1446 τῶν
2352 1395 2637 1448 ἁπάντων·
2684 1395 2745 1448 οὑ
2791 1396 2943 1467 παρά
2979 1393 3159 1455 τοῦτο,
3208 1395 3291 1447 ὅτι
3342 1396 3460 1448 ἐστὶ
3513 1395 3778 1466 κρείττων

2194 1485 2302 1538 τῶν
2337 1487 2427 1539 ὑπ’
2460 1485 2624 1539 αὑτοῦ
2657 1487 3092 1557 γεγεννημένων,
3123 1487 3183 1539 οὐ
3215 1490 3360 1539 ποιεῖ
3391 1489 3486 1540 καὶ
3512 1487 3684 1551 κτίζει
3709 1487 3780 1540 τὰ

2197 1578 2285 1630 ὑπ’
2320 1578 2483 1631 αὑτοῦ
2531 1579 2812 1647 γεγονότα.
2843 1578 2976 1630 Οὐδὲ
3024 1577 3131 1649 γὰρ
3163 1577 3348 1646 φθονεῖ
3387 1582 3454 1650 τῇ
3501 1580 3607 1650 ἰδία
3642 1579 3780 1647 ἁγα-

2195 1668 2378 1740 θότητι
2399 1687 2413 1700 ο
2439 1670 2650 1724 οἴκοθεν
2677 1671 2785 1742 γὰρ
2827 1670 2939 1741 ἔχει
2969 1671 3030 1723 τὺ
3061 1671 3424 1738 αὑτοαγαθδν,
3482 1673 3621 1742 ὅπερ
3655 1673 3780 1725 ἐστὶ

2196 1764 2420 1816 πάντων
2447 1766 2712 1835 κρεῖττον.
2748 1761 2887 1816 υῦτε
2914 1762 3186 1833 γὰρέίσω
3218 1763 3402 1816 παθῶν
3445 1764 3777 1834 περιέχεται,

512 1831 699 1924 Neque
751 1831 1260 1922 perturbationibus
1293 1831 1575 1912 obnoxius
1595 1866 1701 1922 est,
1755 1860 1902 1913 velut
1951 1861 2090 1913 invi-

2194 1854 2228 1924 ἢ
2246 1854 2463 1922 φθόνου,
2550 1855 2866 1923 βασκανίας,
2890 1831 3006 1908 'xal.
3034 1857 3100 1907 τά
3117 1856 3244 1908 ὅντα
3275 1855 3333 1921 ἐξ
3354 1856 3454 1908 οὐκ
3469 1831 3638 1908 ὄντων
3658 1857 3779 1909 ὲτε·

512 1946 636 2007 (Ιὶω.
664 1947 842 2011 livori,
867 1956 973 2002 etc.
1001 1948 1180 2014 Quare
1201 1964 1540 2019 quaecunque
1559 1949 1777 2004 demum
1798 1950 2087 2015 exsistunt,

511 2052 543 2091 e
586 2037 759 2090 nihilo
799 2036 1046 2106 perfecit.
1086 2036 1219 2090 Nam
1254 2054 1376 2108 qua:
1409 2039 1478 2093 ab
1521 2039 1642 2108 ipso
1680 2040 1900 2094 condita
1939 2047 2088 2104 sunt,

511 2145 743 2199 quaeque
764 2130 1180 2200 incomparabili
1202 2130 1322 2201 ejus
1343 2130 1632 2187 divinitate
1653 2132 1810 2201 longe
1832 2133 2092 2187 inferiora

513 2229 664 2284 sunt,
701 2237 808 2275 non
857 2221 1122 2277 adversus
1163 2222 1340 2292 ipsum
1387 2224 1689 2294 excogitata
1731 2223 1970 2289 fuerunt,
1995 2225 2091 2280 sed

515 2315 579 2364 ad
635 2313 757 2380 ejus
789 2313 1052 2367 honorem
1083 2327 1148 2367 ac
1179 2313 1430 2384 gloriam,
1459 2322 1517 2367 ut
1545 2315 1887 2386 magniﬁcam
1919 2327 1974 2372 et
2005 2317 2094 2370 in-

514 2403 673 2458 vidia:
721 2412 998 2473 expertem
1050 2405 1195 2460 illius
1249 2405 1587 2461 divinitatem
1644 2407 1909 2464 indicent.
1959 2407 2093 2473 Quae

515 2497 734 2565 quidem
782 2498 1011 2566 ipsamet
1063 2505 1146 2552 est
1200 2498 1445 2562 bonitas,
1483 2506 1536 2552 et
1584 2498 1921 2563 substantia,
1971 2515 2094 2571 qua:

515 2602 638 2639 cum
671 2587 737 2640 iis
775 2589 964 2650 rebus,
999 2604 1138 2657 quas
1177 2604 1210 2643 e
1253 2590 1424 2645 nihilo
1451 2589 1674 2653 creavit,
1715 2605 1815 2645 sua
1844 2605 2094 2646 commu-

515 2677 685 2738 nicat,
714 2678 1044 2747 easdemque
1065 2686 1120 2734 et
1143 2695 1265 2736 esse
1286 2681 1422 2744 vult,
1451 2690 1506 2735 et
1528 2695 1966 2752 unamquamque
1995 2697 2094 2752 pro

515 2773 726 2819 naturae
764 2783 876 2822 sua:
908 2769 1224 2825 conditione
1272 2787 1496 2826 suorum
1543 2773 1931 2829 beneficiorum
1971 2789 2096 2832 esse

513 2858 858 2928 participem.
891 2858 1044 2915 Unde
1065 2871 1121 2915 et
1151 2862 1424 2919 sideribus
1455 2863 1630 2918 lucem
1653 2866 1962 2936 impertitus
1985 2879 2091 2933 est,

513 2962 567 3001 et
603 2949 742 3002 cmlo
794 2948 1178 3018 descriptionis
1227 2951 1548 3024 ordinisque
1591 2953 2090 3022 pulchritudinem,

515 3040 568 3084 et
597 3038 774 3092 terrm,
805 3033 1146 3103 ceterisque,
1179 3049 1279 3103 pro
1304 3049 1392 3099 eo,
1423 3051 1486 3089 ac
1522 3036 1712 3098 voluit,
1756 3045 1965 3107 partem
1992 3038 2094 3092 ali-

514 3131 678 3185 quam
713 3117 928 3172 virtutis
953 3118 1233 3183 attribuit;
1266 3130 1321 3174 et
1357 3120 1587 3190 angelis,
1622 3137 1686 3176 ac
1716 3121 1942 3191 reliquis
1971 3136 2093 3177 san-

512 3207 618 3260 ctis
639 3205 912 3262 mentibus
935 3207 1396 3263 immortalitatem
1417 3212 1722 3276 concessit;
1744 3219 1798 3266 et
1816 3212 2092 3267 hominem

513 3299 750 3368 denique
785 3300 1036 3370 imaginis
1063 3299 1351 3370 dignitate,
1385 3303 1513 3364 vita,
1546 3303 1798 3368 scientia,
1830 3318 1895 3358 ac
1921 3307 2091 3360 ratio-

514 3392 601 3468 nis
630 3392 850 3461 proprio
892 3406 1115 3446 lllllnel‘e
1148 3391 1390 3446 donavit.
1444 3393 1600 3458 Quod
1641 3393 1860 3463 quidem
1910 3396 2090 3466 ipsum

515 3501 622 3540 non
657 3486 803 3540 illius
833 3485 887 3539 in
919 3485 1034 3540 sola
1057 3485 1336 3539 voluntate
1365 3487 1601 3554 positum
1636 3487 1757 3555 fuit,
1786 3489 1942 3558 quasi
1961 3504 2092 3544 cun-

513 3579 732 3639 ctando,
778 3587 832 3632 et
876 3579 932 3631 in
982 3575 1224 3630 futurum
1266 3577 1641 3642 deliberando,
1693 3590 1750 3634 ut
1772 3581 1848 3634 ita
1888 3581 2090 3648 dicam,

517 3670 660 3740 apud
700 3685 759 3724 se
791 3679 1077 3728 tractaret:
1141 3670 1235 3726 sed
1295 3685 1394 3738 pro
1440 3674 1688 3740 ipsamet,
1721 3687 1844 3742 quae
1875 3673 1930 3728 in
1979 3673 2074 3728 illo
2130 3684 2238 3743 est,
2275 3677 2518 3732 bonitate
2587 3680 2813 3750 perfecit

2195 1945 2600 2018 λεσιούργησεν.
2630 1947 2704 2000 Οὐ
2731 1947 2839 2018 γὰρ
2875 1946 2969 2000 ὑπ’
3011 1948 3178 2000 αὐτοῦ
3199 1949 3476 2016 γεγονότα,
3509 1948 3782 2018 Onam-:61]-

2194 2038 2326 2092 κότα
2343 2037 2399 2091 δὲ
2418 2037 2514 2110 τὴν
2532 2038 2694 2093 αὐτοῦ
2718 2040 3046 2110 ἀσύγκριτον
3073 2039 3325 2110 θεότητα,
3345 2040 3408 2092 οὺ
3439 2040 3562 2095 καθ’
3579 2041 3774 2094 ἑαυτοῦ

2195 2128 2461 2200 ἐπενοήθη
2493 2129 2562 2184 τὰ
2603 2131 2695 2183 ὑπ’
2716 2130 2881 2184 αὑτοῦ
2911 2132 3220 2194 κτισθέντα,
3244 2132 3357 2186 ἀλλ’
3392 2135 3472 2193 είς
3496 2132 3654 2198 δόξαν
3679 2135 3780 2188 αὺ-

2195 2221 2310 2286 τοῦ,
2343 2223 2480 2292 πρὸς
2537 2221 2598 2275 τὸ
2641 2222 2810 2287 δεῖξαι
2857 2225 2955 2294 τὴν
3009 2223 3238 2293 ἄφθονον
3297 2224 3460 2277 αὑτοῦ
3513 2224 3777 2294 θεότητα⁸

2194 2313 2600 2384 αὐτοαγαθότης
2649 2309 2783 2367 οὖσα
2842 2316 2936 2368 καὶ
2997 2315 3288 2368 αὐτοουσία
3354 2315 3784 2370 ὲπικοινωνοῦσα

2194 2406 2306 2468 τοῖς
2333 2403 2391 2470 ἐξ
2439 2404 2607 2458 αὑτοῦ
2641 2406 2699 2471 ἐξ
2729 2405 2830 2458 οὑκ
2874 2406 3043 2459 ὄντων
3075 2406 3361 2467 κτισθεῖσι,
3388 2407 3450 2460 τὸ
3480 2402 3615 2460 εἶναι
3643 2409 3785 2465 αὑτά

2195 2495 2446 2564 θελήσας,
2481 2497 2574 2550 καὶ
2599 2497 2846 2568 μετέχειν
2878 2499 2978 2569 τῆς
3005 2490 3172 2552 αὐτοῦ
3199 2499 3428 2552 ἕκαστον
3461 2500 3568 2554 τῶν
3599 2518 3783 2555 κεκτι-

2197 2585 2412 2657 σμένων
2447 2587 2588 2640 κατὰ
2624 2587 2722 2656 τὴν
2749 2587 3040 2657 ἀναλογίαν
3069 2589 3278 2660 δωρεᾶς
3319 2589 3558 2660 ἑκάστης
3587 2590 3782 2646 ὑποθέ-

2197 2687 2334 2734 σεως
2353 2687 2367 2700 ·
2411 2673 2695 2743 φωστῆρσι
2737 2676 2835 2744 μὲν
2863 2675 2925 2728 τὸ
2955 2675 3070 2743 φῶς
3098 2678 3440 2750 κεχάρισται,
3483 2679 3696 2751 οὐρανῷ
3723 2679 3784 2734 δὲ

2194 2763 2263 2817 τὰ
2307 2764 2482 2835 κάλλη
2516 2767 2616 2836 τῆς
2659 2767 3094 2839 διακοσμήσεως,
3125 2772 3195 2840 γῇ
3229 2787 3289 2823 τε
3335 2772 3427 2824 καὶ
3457 2775 3573 2836 τοῖς
3601 2773 3782 2838 ἀλλοις

2195 2857 2337 2911 κατὰ
2399 2859 2462 2912 τὺ
2497 2859 2665 2912 αὐτοῦ
2721 2859 2967 2932 βούλημα
3020 2860 3159 2932 μέρη
3219 2861 3424 2933 ἀρετῆς
3467 2863 3780 2934 ἐχαρίσατο,

2194 2949 2446 3018 ἀγγέλοις
2470 2968 2530 3005 τε
2561 2951 2622 3004 τὸ
2648 2952 2830 3006 δοῦναι
2863 2953 3046 3016 αὐτοῖς
3083 2953 3410 3024 ἀφθαρσίαν,
3456 2957 3552 3010 καὶ
3592 2955 3783 3019 ἄλλαις

2195 3039 2382 3106 ἁγίαις
2433 3040 2757 3112 δυνάμεσιν,
2817 3043 3088 3115 ἀνθρώπῳ
3152 3062 3212 3096 τε
3274 3045 3338 3097 τὸ
3402 3045 3502 3116 τῆς
3572 3048 3783 3110 εἰκόνος

2195 3127 2434 3199 ἀξίωμα,
2476 3132 2571 3184 καὶ
2619 3133 2786 3204 ζωῆς,
2820 3134 2912 3186 καὶ
2950 3135 3223 3200 γνώσεως,
3274 3135 3370 3187 καὶ
3420 3135 3640 3204 λογικοῦ
3684 3154 3784 3208 χα-

2200 3219 2465 3290 ρίσματος
2510 3220 2702 3291 δῶρον.
2759 3223 2868 3276 Καὶ
2925 3224 3025 3277 οὐκ
3075 3225 3184 3278 ἀπὸ
3237 3225 3570 3298 βουλήματος
3621 3230 3784 3299 μόνον

2198 3309 2442 3380 ὑπῆρξεν
2467 3312 2616 3382 αὐτῴ
2653 3312 2831 3377 τοῦτο,
2860 3313 2936 3377 ὼς
2961 3314 3027 3367 ἂν
3064 3315 3206 3367 εἴποι
3233 3333 3316 3380 τις
3347 3319 3705 3388 μελλητικῶς,
3745 3322 3780 3392 ἢ

2197 3401 2341 3454 κατὰ
2363 3402 2553 3471 μέλλον
2581 3403 2678 3479 ’,ἢ
2708 3405 3163 3474 συμϐουλευτικὸν
3185 3408 3461 3479 λογισμὸν,
3479 3410 3616 3463 ἀλλά
3641 3411 3784 3465 κατὰ

2194 3493 2257 3546 τὸ
2276 3494 2632 3562 αὐτοαγαθόν.
2654 3495 2871 3564 Πέφυκε
2888 3498 2997 3571 γάρ
3026 3499 3362 3568 αὑτοαγαθδν
3385 3501 3405 3532 ⁸
3427 3504 3783 3572 συμπρεπόν-

2201 3601 2310 3648 τως
2326 3584 2476 3656 αὐτῷ
2492 3586 2563 3639 τὰ
2583 3587 2760 3641 πάντα
2777 3588 2936 3660 ἔχων,
2956 3591 3047 3644 καὶ
3063 3591 3252 3654 ποιῶν,
3277 3593 3371 3646 καὶ
3391 3593 3760 3664 ἐργαζόμενος

2874 3699 2887 3734 :
2937 3683 3091 3750 cujus
3163 3684 3264 3738 hoc
3323 3687 3599 3754 proprium
3662 3693 3782 3748 est,

516 3770 575 3814 ιιι
600 3770 963 3831 congruenter
1014 3760 1117 3816 sibi
1157 3761 1463 3822 contineat,
1508 3759 1705 3814 efﬁciat
1751 3775 1816 3816 ac
1841 3764 2096 3819 moliatur
2122 3763 2329 3819 omnia.

585 3852 1052 3919 Quemadmodum
1094 3852 1257 3922 igitur
1283 3852 1430 3920 quod
1465 3852 1671 3906 dictum
1703 3861 1810 3920 est,
1840 3855 1974 3910 nihil
2019 3858 2094 3912 in-

515 3945 736 4013 dignum
785 3953 881 3997 aut
939 3944 1198 3999 indecens
1251 3943 1477 3998 bonitati
1525 3943 1644 4012 ejus
1691 3947 1944 4014 aspersit,
1998 3949 2092 4004 sed

514 4037 765 4105 gloriam,
801 4051 866 4090 ac
895 4051 1018 4090 cum
1044 4035 1430 4106 praedicatione
1455 4037 1803 4106 conjunctam
1825 4039 2091 4111 largitatis

514 4141 628 4180 sum
662 4126 906 4179 notitiam
946 4126 1173 4196 peperit,
1210 4125 1301 4179 ubi
1342 4125 1409 4179 ad
1447 4141 1638 4181 eorum
1679 4143 1819 4198 quos
1849 4129 2094 4184 condidit

514 4220 881 4290 cognitionem
923 4235 1256 4290 sensumque
1283 4221 1529 4291 pervenit
1559 4240 1572 4275 :
1602 4221 1676 4275 ita
1705 4231 1760 4278 et
1789 4238 2003 4278 summa
2034 4225 2090 4278 in

514 4327 580 4362 eo
625 4310 927 4365 divinitatis
962 4311 1134 4381 gloria
1171 4318 1273 4375 est,
1309 4326 1419 4365 non
1450 4311 1540 4364 illa
1568 4312 1786 4381 quidem
1817 4313 2091 4369 extrinse-

515 4416 614 4455 cus
649 4400 819 4454 ascita
857 4400 992 4467 (nec
1015 4400 1159 4454 enim
1190 4399 1432 4454 divinum
1479 4417 1680 4456 numen
1719 4403 2088 4458 accessionem

517 4493 680 4546 ullam
709 4492 937 4562 requirit
960 4510 972 4545 :
993 4493 1192 4562 quippe
1213 4507 1334 4546 cum
1363 4493 1592 4563 ipsamet
1614 4495 1784 4562 gloria
1806 4495 1898 4557 sit,
1919 4497 2090 4551 virtus

514 4583 653 4652 ipsa,
688 4581 1085 4635 admirabilitas
1111 4583 1248 4650 ipsa,
1297 4583 1414 4652 ipsa
1447 4584 1822 4652 praedicatio);
1851 4585 1976 4648 hoc,
2007 4586 2092 4639 in-

515 4688 703 4742 quam,
726 4673 778 4726 in
797 4673 943 4726 illius
961 4673 1188 4743 gloriam
1205 4673 1369 4736 cedit,
1392 4673 1535 4745 quod
1561 4673 1721 4730 Pater
1740 4676 1855 4744 ipse
1873 4684 2089 4746 generet

515 4781 547 4819 a
569 4765 720 4819 nullo
747 4765 982 4834 genitus,
1023 4771 1082 4817 ut
1116 4779 1181 4818 ex
1211 4767 1434 4834 perenni
1482 4765 1629 4821 fonte
1660 4767 1914 4836 perennis
1939 4782 2093 4836 aeque

514 4857 638 4909 lous
667 4865 900 4919 emanet,
931 4870 1054 4908 cum
1081 4855 1220 4924 ipso,
1244 4864 1297 4908 et
1321 4871 1388 4909 ex
1416 4857 1566 4924 ipso;
1599 4873 1629 4910 e
1656 4856 1824 4923 fonte,
1847 4858 2089 4926 inquam,

517 4948 638 5002 fons
667 4948 959 5009 exsistens,
986 4945 1128 5002 Deus
1154 4963 1220 5001 ex
1251 4946 1380 5011 Deo,
1421 4948 1598 5002 lumen
1630 4947 1696 5003 de
1730 4949 1970 5009 lumine;
1997 4947 2090 5017 qui

512 5043 632 5095 sine
666 5041 774 5094 ullo
803 5040 958 5094 initio
981 5055 1194 5109 semper
1227 5039 1346 5102 luit,
1379 5055 1486 5094 non
1513 5041 1791 5110 subjectus
1821 5041 2048 5110 tempori
2074 5059 2089 5096 :

515 5132 651 5186 adeo
682 5142 740 5186 ut
768 5141 822 5187 et
864 5131 1077 5186 Patrem
1108 5130 1278 5186 Filius
1305 5133 1358 5184 in
1391 5147 1451 5186 se
1481 5148 1603 5186 vere
1635 5133 1704 5187 sit
1746 5133 2088 5202 complexus,

515 5235 568 5278 et
614 5223 775 5280 Pater
806 5223 1020 5287 Filium,
1059 5225 1152 5292 qui
1186 5239 1284 5277 nec
1316 5225 1408 5276 illo
1449 5224 1700 5292 indignus
1728 5231 1832 5287 est,
1877 5239 1975 5277 nec
2007 5225 2090 5277 in-

515 5317 864 5386 comparabili
923 5316 1043 5384 ejus
1098 5315 1430 5370 excellentia:
1491 5314 1782 5384 quidquam
1828 5315 2086 5368 detrahit.

516 5409 796 5478 Siquidem
839 5424 944 5461 non
997 5422 1259 5477 corporea
1306 5407 1471 5476 960
1509 5406 1754 5475 quaedam
1801 5406 2089 5459 distractio

518 5501 692 5551 locum
738 5498 847 5550 illic
877 5497 1058 5556 habet,
1091 5497 1185 5550 sed
1224 5495 1458 5549 Verbum
1510 5496 1839 5563 subsistens,
1879 5495 2021 5550 Deus
2058 5513 2087 5550 ιι

516 5589 673 5643 Patre
708 5591 1026 5658 procedens,
1063 5590 1286 5658 spiritus
1334 5604 1362 5640 a
1405 5589 1623 5658 spiritu,
1663 5589 1803 5643 Deus
1841 5606 1906 5643 cx
1957 5591 2085 5650 Deo,

589 5744 603 5774 ’
635 5742 654 5797 Ι
685 5744 808 5798 (lor.
845 5761 879 5809 ι,
904 5745 974 5799 9.5
997 5759 1115 5813 sqq.

1191 5746 1211 5776 ’
1244 5762 1330 5814 rp.
1363 5744 1688 5813 κατάμελον.
1766 5745 1786 5777 ³
1817 5743 1876 5799 F.
1913 5746 2270 5814 αὖτοαγαθός.

2269 3859 2478 3931 Ὥσπερ
2497 3857 2590 3915 οὖν
2605 3864 2670 3932 τῇ
2689 3861 2852 3915 αὐτοῦ
2867 3862 3272 3932 ἀγαθότητιούκ
3288 3865 3595 3936 ἀπρέπειαν
3624 3867 3782 3922 τοῦτο

2194 3952 2637 4022 περιεποιήσατο,
2672 3951 2808 4005 ἀλλὰ
2829 3952 3005 4018 δόξαν,
3023 3953 3118 4006 καὶ
3143 3953 3342 4021 γνῶσιν
3368 3955 3588 4008 ἐπαίνου
3611 3956 3780 4025 ἀφθο-

2195 4039 2310 4104 νίας
2334 4044 2446 4104 τοῖς
2479 4043 2570 4094 ὑπ’
2594 4043 2759 4096 αὐτοῦ
2773 4045 3071 4110 γεγονόσιν,
3090 4046 3169 4107 εἰς
3192 4046 3398 4116 εἴδησιν
3414 4048 3506 4101 καὶ
3524 4049 3779 4119 αἴσθησιν

2197 4131 2367 4184 ἐλθών
2391 4132 2414 4162 δ
2435 4149 2449 4164 ο
2481 4133 2622 4186 οὕτω
2654 4135 2746 4186 καὶ
2778 4133 2902 4198 δόξα
2951 4137 3118 4197 ἐστὶν,
3152 4138 3213 4189 οὐ
3265 4139 3646 4212 προσληπτικὴ
3677 4142 3780 4212 τῆς

2193 4221 2355 4274 αὐτοῦ
2409 4222 2656 4292 θεότητος
2693 4224 2772 4293 (οὐ
2802 4226 2912 4297 γάρ
2939 4243 3068 4278 ποτε
3090 4227 3318 4281 ἐνδείται
3341 4229 3403 4282 τὸ
3430 4229 3584 4284 Θεῖον
3609 4249 3779 4303 προσ-

2199 4312 2371 4383 θήκης
2409 4313 2585 4384 δὸξης,
2614 4315 2750 4368 ἀλλά
2771 4317 3046 4382 αὑτοδόξα,
3071 4319 3165 4372 καὶ
3204 4320 3526 4392 αὑτοαρετὴ,
3562 4325 3655 4376 καὶ
3681 4325 3780 4377 αὑ-

2195 4405 2462 4477 τοθαῦμα,
2506 4407 2599 4459 καὶ
2636 4409 3136 4480 αὐτοῦμνηγορία),
3162 4410 3225 4462 τὸ
3251 4411 3343 4465 τὸν
3389 4413 3609 4484 Πατέρα
3653 4431 3778 4483 γεν-

2195 4497 2375 4567 νῆσαι,
2411 4499 2458 4549 εἰ
2493 4500 2584 4550 καὶ
2629 4499 2786 4560 αὐτὸς
2827 4501 2886 4551 οὐ
2937 4499 3282 4570 γεγέννηται,
3335 4503 3423 4557 ἵνα
3471 4505 3536 4556 ὲκ
3590 4504 3777 4576 πηγῆς

2195 4589 2281 4642 ἀεὶ
2311 4587 2479 4658 οὔσης
2531 4589 2700 4652 ἀΐδιος
2747 4591 2896 4660 πηγὴ
2937 4593 3295 4662 συνυπάρχων
3335 4595 3392 4660 ἐξ
3443 4596 3609 4649 αὑτοῦ
3639 4593 3776 4650 οὖσα

2195 4679 2346 4750 πηγὴ
2378 4682 2441 4732 ἐκ
2473 4681 2676 4750 πηγῆς,
2714 4682 2807 4734 καὶ
2839 4681 2970 4744 Θεὸς
3003 4685 3066 4734 ἐκ
3101 4683 3258 4747 Θεοῦ,
3294 4686 3388 4739 καὶ
3413 4688 3528 4755 φῶς
3560 4689 3627 4741 ὲκ
3658 4707 3774 4756 φω-

2193 4769 2306 4831 τὸς,
2341 4771 2438 4822 οὐκ
2485 4769 2788 4840 ἀρξάμενος
2821 4771 2914 4824 τοῦ
2959 4767 3118 4832 εἶναι,
3147 4775 3206 4826 οὐ
3249 4777 3426 4846 χρόνῳ
3461 4779 3773 4844 ὑποπεσὼν,

2195 4860 2310 4911 ἀλλ’
2345 4861 2461 4929 ἅμα
2494 4860 2714 4928 Πατέρα
2747 4860 2885 4930 ἔχων
2930 4862 3220 4933 ἀληθινῶς,
3255 4867 3352 4918 καὶ
3380 4867 3495 4938 ἅμα
3535 4869 3628 4922 τὸν
3659 4873 3776 4924 Πα-

2192 4952 2328 5020 τέρα
2362 4951 2488 5003 Υἱὸν
2519 4949 2710 5019 ἔχοντα
2741 4951 3026 5021 ἀληθινῶς,
3055 4954 3154 5007 οὐκ
3194 4956 3620 5028 ἀποπρεποῦντα
3658 4962 3773 5014 Πα-

2191 5044 2299 5112 τρὶ,
2326 5043 2386 5093 οὑ
2416 5042 2476 5094 τὸ
2501 5041 2830 5113 ἀσύγκριτον
2853 5045 3198 5112 ἀφανίζοντα.
3224 5048 3297 5099 Οὐ
3320 5049 3426 5119 γάρ
3453 5051 3568 5104 ἐστι
3593 5069 3776 5122 σωμα-

2191 5133 2317 5199 τική
2348 5147 2432 5189 τις
2457 5131 2729 5201 διαστολὴ.
2759 5131 2894 5185 ἀλλὰ
2935 5133 3104 5201 Λόγος
3135 5136 3516 5205 ἑνυπόστατος,
3547 5139 3681 5204 Θεὸς
3708 5144 3774 5194 ὲκ

2194 5222 2405 5293 Πατρὸς
2431 5221 2525 5285 ὢν,
2553 5223 2768 5292 πνεῦμα
2797 5225 2859 5275 ἐκ
2884 5224 3209 5294 πνεύματος,
3243 5229 3335 5280 καὶ
3359 5228 3489 5292 Θεὸς
3517 5232 3580 5283 ἐκ
3609 5233 3773 5292 Θεοῦ,

2194 5315 2498 5368 ἀποκλείων
2532 5317 2710 5368 πᾶσαν
2742 5315 3152 5387 συλλογιστικὴν
3195 5319 3468 5383 ὑπόνοιαν,
3506 5324 3586 5385 εἰς
3626 5324 3773 5394 ζωὴν

2195 5407 2269 5459 ὢν
2301 5411 2529 5470 πιστοῖς,
2565 5409 2658 5460 καὶ
2687 5409 2828 5471 ὅλοις
2852 5401 2963 5471 τοῖς
2991 5409 3095 5462 ὑπὸ
3120 5409 3211 5462 τοῦ
3245 5413 3452 5483 Πατρὶς
3503 5413 3569 5466 δι’
3603 5417 3771 5468 αὑτοῦ

2196 5501 2289 5550 καὶ
2324 5499 2419 5552 ἀπ’
2450 5499 2614 5552 αὐτοῦ
2644 5500 2912 5568 γεγονόσι,
2945 5504 3054 5563 τοῖς
3107 5503 3436 5567 πιστεύουσι,
3471 5507 3565 5558 καὶ
3605 5510 3771 5575 γινὼ-

2195 5609 2406 5654 σκουσι,
2446 5592 2538 5643 καὶ
2571 5591 2645 5661 μὴ
2683 5593 2893 5662 μωρίαν
2927 5592 3248 5663 ἡγουμένοις
3295 5594 3429 5647 Θεοῦ
3475 5597 3574 5666 τὴν
3605 5598 3772 5652 δύνα-

2349 5747 2369 5777 ’⁸
2399 5745 2457 5797 F.
2486 5745 2658 5799 ἐλθόν.
