4134 6392
408 379 511 435 589

1042 380 1413 440 ADVERSUS
1455 382 1794 438 llAiRESES
1829 383 1958 456 LIB.
2000 383 2085 438 Ill.
2122 385 2284 441 TOM.
2325 387 2364 440 l.
2397 420 2463 428 ——
2489 387 2763 446 HASRES.
2805 390 3031 446 LXXVI.

3572 396 3680 453 590

410 514 523 568 μιν,
558 497 650 548 καὶ
676 498 812 550 Θεοῦ
837 500 933 570 τὴν
961 501 1172 569 σοφίαν,
1196 501 1293 572 τὴν
1321 503 1756 573 ὑπερϐαίνουσαν
1784 506 1976 571 συνεξέ-

2098 526 2287 565 omnes
2323 512 2760 582 syllogismorum
2789 516 3033 586 argutias
3059 516 3378 580 excludens,
3409 533 3472 573 ac
3501 518 3676 574 fideli-

407 605 563 641 τασιν
596 588 612 618 ⁸
643 589 737 642 καὶ
777 591 954 644 πάντα
997 592 1277 660 λογισμὸν,
1330 594 1565 664 μάλιστα
1612 596 1869 668 φθαρτῶν
1896 600 1990 653 ἀν-

406 678 659 758 θρώπων,
690 680 765 745 ὼς
789 683 886 736 καὶ
909 683 1074 747 αὐτὸς
1107 684 1312 749 ’Λέτιος
1336 687 1485 740 ἄκων
1513 687 1882 759 ὡμολόγησεν.

2102 603 2204 656 hus
2235 605 2397 656 vitam
2429 606 2754 667 concilians,
2793 607 3194 680 universisque,
3229 626 3367 679 quos
3394 608 3556 664 Pater
3582 625 3680 681 per

2095 696 2296 766 ipsum,
2329 707 2385 752 ct
2425 701 2494 754 ab
2523 700 2643 769 ipso
2675 701 2954 772 produxit,
2984 702 3089 757 fide
3125 704 3381 759 nimirum
3423 713 3477 760 et
3498 705 3684 776 cogni-

406 772 554 826 tione
609 772 872 840 praeditis,
929 773 1023 843 qui
1085 773 1179 830 Dei
1240 778 1348 830 vim
1407 793 1473 833 ac
1502 779 1860 849 sapientiam,
1889 800 2008 854 qua:
2037 785 2450 856 inquisitionem
2511 806 2728 846 omnem
2787 807 2850 848 ac
2910 794 3175 849 rationem
3237 772 3675 866 corruptibilium

404 865 703 930 praesertim
733 866 1012 921 hominum
1038 878 1278 938 superat,
1311 883 1367 925 ut
1394 873 1477 927 vel
1507 874 1711 930 invitus
1734 876 1848 946 ipse
1867 879 2162 937 confitetur
2192 885 2403 950 Aetius,
2439 889 2684 944 stultitiae
2713 904 2822 944 non
2858 890 3160 944 ascribunt.

781 1027 1176 1080 ΚΕΦΑΛΑΙΟΝ
1217 1028 1470 1081 ΑΕΤΙΟΥ
1509 1030 1610 1084 ΙΘ’.

475 1139 537 1192 Εἰ
568 1140 876 1210 στερήσεώς
904 1142 1018 1193 ἐστι
1054 1141 1350 1212 δηλωτικὸν
1383 1145 1475 1196 ἐπὶ
1506 1143 1640 1198 Θεοῦ
1667 1147 1728 1199 τὸ
1750 1148 1984 1216 ἀγέννη-

409 1246 512 1291 τον,
563 1231 727 1300 μηδὲν
776 1231 835 1284 δὲ
887 1231 972 1302 εἴη
1020 1232 1083 1284 τὸ
1142 1233 1438 1304 ἀγέννητον
1464 1251 1478 1264 ο
1512 1239 1664 1299 ποῖος
1711 1236 1868 1306 λόγος
1918 1237 1986 1292 ἂν

405 1323 725 1394 ἀφαιρήσειε
745 1323 841 1377 τοῦ
863 1324 936 1394 μὴ
965 1324 1118 1388 ὄντος
1145 1325 1207 1378 τὸ
1233 1326 1431 1396 μηδέν;
1459 1329 1521 1380 Εἰ
1538 1328 1595 1381 δὲ
1619 1328 1680 1382 ὃν
1708 1330 1982 1400 σημαίνει,

411 1413 485 1477 τίς
505 1413 572 1468 ἀν
604 1416 806 1486 ὁρίσειε
865 1417 1017 1480 ὄντος
1047 1417 1183 1470 Θεοῦ
1214 1419 1352 1490 ὅπερ
1385 1420 1532 1472 ἐστὶν
1563 1421 1725 1484 αὐτὸς
1752 1423 1978 1487 ὲαυτοῦς

959 1664 1281 1732 Ἀνατροπὴ
1315 1669 1427 1720 19'.

2576 1040 2758 1096 AETII
2797 1042 3030 1097 CAPUT
3072 1043 3211 1097 XIX.

2165 1154 2222 1210 Si
2271 1156 2493 1226 ingeniti
2541 1172 2644 1210 vox
2694 1157 3056 1227 privationem
3103 1160 3156 1212 in
3213 1159 3320 1214 Deo
3373 1161 3672 1231 significat,

2092 1251 2336 1321 nihilque
2364 1253 2523 1320 plane
2551 1251 2622 1306 sit
2651 1251 2980 1322 ingenitum,
3029 1268 3277 1323 quaenam
3314 1254 3456 1308 ratio
3486 1255 3556 1310 ab
3584 1271 3670 1318 eo,

2091 1342 2236 1412 quod
2270 1356 2380 1396 non
2426 1349 2531 1406 est,
2575 1341 2712 1395 nihil
2748 1343 2922 1411 possit
2968 1343 3222 1399 auferre?
3252 1343 3348 1398 Sin
3399 1345 3672 1404 exsistens

2090 1433 2365 1505 quidpiam
2398 1444 2576 1496 sonat,
2611 1433 2735 1504 quis
2765 1433 2833 1487 ab
2858 1449 2923 1488 eo
2952 1435 3096 1502 quod
3130 1442 3235 1499 est,
3264 1435 3499 1505 idipsum
3522 1436 3671 1509 quod

2089 1543 2196 1587 εει,
2225 1527 2327 1580 hoc
2362 1533 2448 1579 est
2475 1525 2673 1595 ipsum,
2695 1543 2722 1580 a
2745 1527 3038 1595 semetipso
3072 1527 3355 1582 secernat?

2625 1660 2937 1731 Confutatio
2978 1660 3138 1715 XIX.

468 1773 548 1827 A'.
567 1773 609 1825 Τ
611 1773 646 1827 ἀ
663 1774 804 1828 κατὰ
830 1777 1086 1848 στέρησιν
1111 1777 1383 1848 λεγόμενα
1420 1779 1570 1851 παρά
1596 1783 1708 1844 τοῖς
1729 1779 1834 1846 ἔξω
1865 1782 1976 1836 δια-

2158 1777 2199 1830 ι.
2240 1775 2373 1843 Quae
2397 1776 2660 1844 privantia
2689 1793 2720 1831 a
2752 1777 3000 1833 dialectis
3042 1778 3426 1841 nominantur,
3465 1782 3518 1835 in
3549 1795 3667 1836 me-

403 1862 675 1928 λεκτικοῖς
708 1866 864 1935 φέρει
889 1867 1022 1938 ἡμῖν
1063 1869 1286 1932 ’Δέτιος,
1318 1869 1394 1932 ὡς
1425 1870 1518 1922 ἐπὶ
1557 1870 1692 1923 Θεοῦ
1722 1871 1982 1942 εἰδήσεως

404 1955 498 2008 καὶ
524 1955 792 2024 ὠφελείας
812 1957 968 2010 τοῦτο
987 1957 1366 2030 διαλαμϐάνων
1383 1979 1395 1990 -
1425 1960 1689 2031 πρότερον
1709 1962 1982 2033 ἀγνοήσας

399 2047 492 2099 ἐπὶ
525 2047 634 2100 τίσι
663 2049 818 2118 παρά
853 2051 967 2112 τοῖς
1001 2049 1108 2115 ἔξω
1150 2051 1213 2103 τὸ
1257 2051 1576 2122 στερητικὸν
1620 2051 1977 2123 λαμϐάνεται.

400 2137 474 2189 υὺ
503 2137 613 2208 γάρ
643 2138 794 2210 παρά
816 2139 982 2193 πᾶσιν
1010 2140 1318 2210 ἐνδέχεσθαι
1346 2141 1409 2194 τὸ
1433 2142 1575 2195 κατὰ
1605 2141 1864 2214 στέρησιν
1892 2142 1983 2197 λέ-

401 2229 607 2297 γεσθαι
632 2229 909 2301 βούλονται
936 2234 985 2285 οἱ
1021 2231 1132 2285 τῶν
1169 2231 1527 2286 διαλεκτικῶν
1554 2233 1723 2302 λόγοι,
1759 2233 1874 2286 ἀλλ’
1905 2234 1981 2298 ὡς

398 2323 494 2375 ἐπὶ
516 2327 628 2386 τοῖς
655 2323 797 2379 κατὰ
823 2322 986 2393 φύσιν
1007 2342 1059 2378 τι
1084 2324 1464 2396 κεκτημένοις.
1496 2325 1719 2389 Τούτοις
1747 2325 1858 2397 γάρ
1886 2327 1981 2380 ἐπὶ

399 2414 657 2469 τάναντία
688 2416 1076 2487 ὲνδεχομένοις,
1107 2416 1357 2471 ἵστασθαι
1379 2417 1489 2470 τῶν
1517 2417 1659 2470 κατά
1689 2417 1850 2486 φύσιν
1879 2419 1977 2471 αὐ-

397 2509 510 2570 τοῖς
543 2506 916 2578 ὑπαρχόντων,
952 2508 1016 2561 τὸ
1042 2508 1185 2564 κατά
1217 2509 1473 2580 στέρησιν
1504 2509 1754 2577 λέγεται·
1795 2511 1888 2562 ἐπὶ
1921 2509 1978 2562 δὲ

397 2595 505 2648 τῶν
538 2596 612 2668 μη
641 2597 1008 2669 ἐνδεχομένων
1033 2599 1238 2652 οὐκέτι.
1277 2593 1402 2652 Οἷον
1432 2598 1496 2650 τὸ
1533 2598 1736 2668 τυφλὸς
1760 2599 1856 2652 ἐπὶ
1882 2598 1977 2653 τοῦ

397 2685 545 2740 λίθου
569 2691 671 2743 οὐκ
694 2689 760 2743 ἂν
805 2691 951 2744 εἴποι
979 2707 1084 2754 τις.
1124 2691 1184 2742 '0
1221 2690 1331 2761 γὰρ
1373 2690 1632 2760 πεφυκὼς
1669 2692 1824 2762 ὁρᾷν,
1859 2685 1979 2744 εἶτα

397 2777 687 2832 ἀποϐαλὼν
717 2777 780 2832 τὺ
810 2780 962 2850 ὁρᾷν,
991 2778 1191 2847 τυφλὸς
1231 2778 1418 2834 ἀκούει
1445 2797 1458 2812 ·
1493 2782 1545 2832 εἰ
1579 2780 1829 2850 μέντοιγε
1883 2797 1980 2834 πε-

404 2865 598 2928 τεινὸν,
652 2865 685 2936 ἢ
727 2865 1035 2938 ἄνθρωπος,
1070 2866 1104 2938 ἦ
1150 2867 1368 2938 κτῆνος,
1399 2869 1429 2922 ὃ
1451 2883 1504 2941 τι
1540 2869 1782 2938 πεφυκὸς
1821 2871 1976 2941 ὄρᾷν,

401 2958 492 3009 ὅτε
543 2957 851 3028 ἐπέρηται,
898 2959 1099 3029 τυφλὸν
1151 2939 1486 3031 στερητικῶς
1529 2960 1772 3029 λέγεται·
1806 2959 1981 3025 οὕτως

398 3049 492 3101 καὶ
511 3050 573 3102 τὺ
602 3051 871 3122 ἀόργητον
895 3051 994 3105 οὐκ
1027 3053 1094 3107 ἂν
1118 3053 1365 3124 εἴποιμεν
1384 3053 1476 3106 τὸν
1503 3052 1670 3118 λίθον,
1695 3054 1732 3124 ἦ
1756 3053 1818 3108 τὸ
1845 3053 1981 3108 ἀκα-

367 3156 512 3202 -κος,
544 3140 578 3210 ἦ
624 3141 688 3194 τὸ
737 3142 987 3210 ἄφθονος.
1020 3143 1095 3195 Οὐ
1153 3142 1262 3214 γὰρ
1310 3142 1576 3212 πέφυκεν.
1620 3143 1744 3197 Ἐπὶ
1792 3142 1975 3214 μέντοι
2003 3127 2050 3188 c

396 3231 686 3303 ἀνθρώπου
731 3234 824 3288 καὶ
861 3235 1092 3304 κτήνους
1140 3234 1234 3287 τοῦ
1280 3235 1582 3303 πεφυκότος
1630 3233 1970 3306 ὀργίζεσθαι,

395 3325 486 3376 ὅτε
519 3325 592 3395 μὴ
623 3325 914 3396 ὀργίζοιτο,
947 3327 1090 3380 εἴποι
1117 3329 1181 3381 ἄν
1204 3345 1288 3390 τις
1313 3326 1454 3380 κατά
1478 3327 1763 3398 στέρησιν·
1792 3325 1886 3378 ἐπὶ
1916 3325 1974 3378 δὲ

395 3414 503 3468 τῶν
535 3416 608 3487 μὴ
640 3418 1004 3488 ἐνδεχομένων
1029 3419 1130 3472 οὐκ
1152 3417 1217 3472 ἂν
1245 3418 1346 3472 ἔτι.

2085 1868 2236 1923 dium
2269 1867 2430 1923 nobis
2461 1868 2616 1924 aﬂ‘crt
2634 1869 2846 1932 Aetius,
2877 1879 2932 1925 et
2962 1871 3028 1924 ad
3066 1871 3157 1926 Dei
3188 1873 3476 1928 scientiam
3499 1882 3666 1946 atque

2084 1958 2458 2030 intelligentia;
2503 1960 2740 2014 fructum
2787 1963 3019 2032 aliquem
3068 1963 3366 2019 transferre
3384 1973 3658 2020 conatur:

2084 2047 2177 2104 sed
2209 2047 2342 2103 illud
2378 2048 2432 2101 in
2453 2047 2643 2117 primis
2669 2049 2901 2119 ignorat,
2937 2049 3136 2117 quibus
3164 2050 3327 2105 rebus
3359 2051 3666 2120 significan-

2083 2139 2168 2196 dis
2195 2139 2518 2209 privationis
2547 2141 2874 2194 vocabulum
2916 2156 2947 2193 a
2984 2141 3322 2210 philosophis
3345 2143 3661 2214 impositum

2083 2231 2174 2286 sit.
2213 2228 2402 2300 Neque
2435 2229 2582 2284 enim
2623 2229 2928 2299 privatione
2971 2230 3164 2286 affecta
3198 2234 3509 2303 promiscue
3549 2233 3675 2289 dicit

2082 2321 2266 2376 omnia
2297 2319 2708 2376 dialecticorum
2751 2322 2952 2393 regulae
2985 2323 3302 2393 patiuntur,
3341 2325 3435 2380 sed
3471 2341 3534 2381 ea
3567 2341 3661 2382 so-

2085 2412 2218 2477 lum,
2267 2427 2392 2482 quae
2418 2421 2616 2468 natura
2653 2427 2753 2468 sua
2781 2413 2962 2484 aliqua
2990 2429 3050 2468 re
3078 2415 3302 2484 praedita
3332 2425 3483 2472 sunt.
3534 2416 3660 2473 Haec

2081 2507 2227 2560 enim
2271 2521 2397 2560 cum
2441 2513 2652 2561 natura:
2682 2521 2795 2562 sum
2822 2507 3158 2562 contrarium
3208 2509 3264 2564 in
3307 2517 3508 2565 statum
3558 2513 3660 2566 ali-

2080 2595 2300 2664 quando
2333 2596 2673 2667 redigantur,
2725 2604 2839 2650 tum
2883 2595 3100 2652 demum
3128 2599 3328 2668 privari
3361 2601 3655 2657 dicuntur:

2081 2701 2318 2756 quorum
2346 2701 2478 2742 vero
2506 2685 2777 2741 naturalis
2807 2685 2896 2740 illa
2925 2685 3170 2742 conditio
3201 2689 3401 2742 mutari
3430 2705 3536 2744 non
3562 2705 3660 2761 po-

2082 2787 2212 2841 test,
2243 2776 2314 2831 ad
2344 2792 2409 2833 ea
2436 2791 2543 2832 vos
2572 2777 2679 2832 ista
2723 2793 3068 2848 nequaquam
3101 2781 3378 2837 convenit.
3418 2781 3494 2836 Ita
3526 2782 3659 2853 lapi.

2081 2866 2204 2923 dem
2235 2882 2396 2922 nemo
2425 2882 2634 2923 caecum
2664 2869 3036 2940 appellaverit.
3074 2867 3189 2927 Hoc
3230 2873 3376 2928 enim
3420 2876 3660 2930 vocabu-

2082 2959 2193 3014 lum
2232 2960 2284 3015 ei
2319 2959 2422 3015 soli
2461 2960 2744 3026 tribuitur,
2784 2961 2878 3031 qui
2911 2977 3072 3032 quem
3113 2979 3143 3017 a
3187 2971 3381 3018 natura
3427 2967 3657 3022 sortitus

2081 3059 2166 3107 est
2211 3050 2426 3106 videndi
2470 3067 2692 3109 sensum
2740 3053 3007 3118 amiserit,
3049 3054 3127 3108 uti
3158 3056 3430 3119 volucres,
3475 3055 3656 3111 homi-

2081 3157 2202 3205 nes,
2253 3140 2532 3211 pecudes;
2580 3157 2705 3213 quae
2733 3143 2876 3200 visu,
2917 3157 3077 3211 quem
3116 3143 3316 3197 habent
3355 3159 3385 3196 a
3433 3151 3654 3208 natura,

2082 3232 2624 3302 spoliata,privativa
2672 3245 2806 3286 voce
2853 3245 2998 3286 caeca
3047 3232 3422 3288 nominantur.
3468 3231 3560 3289 Sic
3601 3245 3657 3289 et

2081 3324 2401 3388 iracundiae,
2442 3323 2529 3380 vel
2575 3324 2817 3388 malitiin,
2857 3325 2942 3379 vel
2985 3325 3200 3379 invidia;
3234 3327 3463 3396 lapidem
3495 3344 3655 3382 nemo

2081 3414 2230 3470 dicat
2275 3423 2573 3486 expertem,
2623 3417 2880 3484 quoniam
2923 3416 2992 3471 ad
3032 3415 3147 3470 haec
3187 3425 3384 3472 natura
3434 3418 3656 3473 minime

396 3518 749 3579 comparatus
781 3517 888 3564 est.
924 3509 1004 3564 Ad
1042 3509 1314 3565 hominem
1352 3525 1499 3573 vero,
1534 3509 1650 3565 sive
1688 3507 1974 3579 pecudem,
2016 3523 2136 3579 qum
2165 3507 2461 3563 iracundiae
2481 3509 2702 3578 capacia
2736 3517 2883 3572 sunt,
2918 3523 3042 3562 cum
3081 3524 3144 3562 ca
3207 3510 3495 3577 carebunt,
3555 3513 3656 3580 pri-

398 3602 582 3655 vantia
623 3601 714 3655 illa
757 3601 981 3656 nomina
1013 3601 1299 3657 transferri
1343 3609 1619 3670 poterunt,
1663 3601 1730 3656 ad
1779 3610 1975 3655 caetera
2008 3616 2114 3656 non
2147 3602 2296 3655 item.

469 3692 542 3745 B'.
575 3693 732 3746 Οὕτω
761 3694 852 3746 καὶ
881 3693 975 3746 ἐπὶ
1017 3693 1110 3746 τοῦ
1139 3692 1274 3746 Θεοῦ
1313 3693 1568 3762 ληπτέον,
1605 3693 1680 3756 ('0;
1711 3693 1848 3765 πρὸς
1881 3693 1974 3746 τὸν

407 3788 610 3840 Ἀέτιον
631 3786 1052 3856 ἀποτεινομένου
1079 3785 1173 3840 106
1212 3785 1396 3854 λόγου,
1430 3785 1525 3840 καὶ
1579 3785 1858 3856 ἐρωτικῶς
1881 3785 1972 3852 ἐξ-

395 3882 698 3947 ετάζοντος·
748 3881 890 3949 Λέγε
930 3882 1084 3952 ἡμῖν,
1128 3872 1174 3932 ὧ
1213 3877 1406 3941 ’Δέτιε,
1460 3873 1606 3940 οἶδας
1645 3876 1973 3948 ἀσύγκριτον

395 3975 533 4044 πρὸς
575 3976 700 4038 τοὺς
743 3973 953 4036 πάντας
981 3973 1106 4035 τοὺς
1137 3971 1213 4042 μὴ
1254 3969 1413 4033 ὄντας
1440 3971 1505 4023 ἐκ
1540 3968 1641 4038 τῆς
1683 3969 1850 4040 αὐτῆς
1879 3969 1972 4022 οὺ-

396 4067 539 4129 σίας,
570 4067 602 4137 ἢ
634 4066 728 4119 καὶ
772 4065 936 4118 αὑτὸν
965 4063 1062 4116 σὺν
1101 4063 1213 4126 τοῖς
1245 4061 1450 4116 ἅπασιν
1493 4059 1746 4131 ἀριθμεῖν
1771 4059 1976 4130 τολμή-

397 4176 580 4224 σειας;
626 4159 737 4211 Καὶ
773 4160 822 4211 εἰ
855 4157 955 4228 μὲν
998 4158 1112 4220 τοῖς
1140 4158 1161 4187 ⁸
1191 4155 1327 4208 πᾶσι
1357 4152 1546 4207 τοῦτον
1588 4151 1972 4236 ἀριθμήσειας,

392 4253 506 4314 τοῖς
539 4250 614 4321 μὴ
645 4252 712 4303 ὲκ
738 4252 838 4320 τῆς
877 4247 1064 4310 οὐσίας
1106 4246 1271 4301 αὐτοῦ
1305 4243 1478 4308 οὖσιν,
1517 4244 1630 4298 ἀλλ’
1664 4243 1723 4310 ἐξ
1751 4241 1852 4296 οὐκ
1884 4242 1974 4296 ὄν-

391 4357 502 4393 των
535 4341 626 4393 ὑπ’
656 4340 821 4394 αὐτοῦ
866 4340 953 4394 διά
989 4338 1083 4393 106
1129 4339 1282 4401 ὄντος
1324 4338 1383 4404 ἐξ
1421 4336 1586 4390 αὑτοῦ
1638 4335 1758 4388 κατ’
1783 4335 1973 4388 οὐσίαν

2153 3692 2218 3747 ll.
2260 3692 2465 3747 Eodem
2513 3692 2674 3747 modo
2722 3703 2775 3748 et
2821 3695 2874 3748 in
2921 3693 3032 3750 Deo
3079 3697 3224 3752 istud
3274 3699 3654 3769 accipiendum

2080 3795 2186 3840 est.
2217 3787 2396 3857 Atque
2426 3792 2486 3840 ut
2519 3786 2586 3840 ad
2625 3787 2839 3841 Aetium
2867 3797 3056 3844 nostra
3085 3800 3432 3848 convertatur
3457 3794 3655 3860 oratio,

2081 3877 2214 3932 libet
2241 3877 2387 3930 hunc
2421 3876 2476 3930 in
2509 3877 2727 3931 modum
2755 3876 3090 3948 interrogare
3108 3898 3123 3949 ι
3147 3877 3260 3946 Dic,
3293 3881 3475 3946 sodes,
3509 3881 3653 3947 Acti,

2081 3977 2393 4024 utrumnam
2426 3969 2578 4024 illum
2620 3984 2742 4022 cum
2773 3971 2987 4024 caeteris
3019 3971 3297 4037 omnibus,
3341 3974 3434 4042 qui
3463 3975 3652 4030 eadem

2075 4060 2236 4132 96],
2269 4076 2300 4116 e
2319 4061 2628 4118 substantia
2654 4077 2764 4116 non
2787 4067 2935 4126 sunt,
2960 4064 3263 4131 comparari
3288 4073 3448 4132 putas
3471 4081 3651 4134 posse,

2078 4167 2146 4206 an
2176 4167 2299 4206 cum
2328 4152 2397 4208 iis
2424 4167 2789 4207 annumerare
2817 4166 2928 4206 non
2961 4151 3217 4208 dubites?
3247 4152 3305 4208 Si
3339 4155 3394 4209 in
3421 4156 3652 4210 aliorum

2077 4253 2279 4299 coetum
2316 4258 2711 4313 numerumque
2753 4243 3026 4307 retuleris,
3073 4245 3167 4314 qui
3202 4259 3314 4299 non
3359 4261 3427 4300 ex
3478 4247 3652 4317 ipsius

2077 4336 2386 4391 substantia
2422 4344 2570 4397 sunt,
2602 4334 2696 4389 sed
2723 4349 2756 4388 e
2779 4334 2953 4389 nihilo
2977 4351 3074 4406 per
3095 4351 3244 4400 cum,
3285 4338 3378 4408 qui
3405 4338 3475 4394 ab
3502 4339 3652 4410 ipso-

393 4432 830 4503 γεγεννημένοις,
862 4431 1039 4502 παρὲξ
1081 4430 1245 4502 μόνου
1279 4429 1446 4483 αὑτοῦ
1477 4429 1688 4482 καὶτοῦ
1720 4428 1970 4499 Πνεύμα-

2080 4434 2185 4480 met
2220 4423 2520 4480 secundum
2555 4424 2920 4478 substantiam
2959 4435 3114 4481 ortus
3151 4436 3256 4493 est,
3297 4427 3366 4483 ab
3402 4429 3496 4482 illo
3526 4446 3650 4501 pro-

393 4542 484 4587 10;
521 4524 616 4578 106
661 4524 840 4592 άγίου,
871 4523 963 4578 τοῦ
1002 4525 1067 4576 ὲκ
1113 4523 1212 4592 τῆς
1259 4523 1449 4586 οὐσίας
1504 4521 1598 4574 τοῦ
1635 4521 1968 4592 ἀσυγκρίτου

395 4615 605 4686 Πατρὸς
630 4617 721 4668 καὶ
744 4616 836 4669 τοῦ
865 4615 1182 4686 μονογενοῦς
1211 4615 1340 4666 Υἱοῦ
1366 4613 1526 4667 αὐτοῦ
1555 4613 1734 4675 ὃντος’
1765 4614 1971 4665 ἀτοπω-

391 4707 529 4776 τάτη
554 4706 620 4759 ἂν
651 4709 738 4776 εἴη
769 4707 917 4776 σουὴ
943 4705 1222 4776 ὁμολογία.
1257 4704 1380 4767 Πῶς
1408 4703 1516 4774 γάρ
1547 4703 1626 4755 ἔτι
1657 4697 1736 4765 εἷς
1764 4705 1828 4755 ἐκ
1859 4701 1968 4754 τῶν

393 4799 632 4861 πάντων,
662 4797 721 4864 ἐξ
745 4789 806 4848 οὗ
841 4797 1018 4850 πάντα
1042 4796 1100 4862 ἐξ,
1135 4796 1233 4849 εὐκ
1254 4795 1422 4848 ὄντων
1447 4795 1771 4864 γεγένηται;
1815 4791 1968 4844 Ἀδύ-

392 4907 554 4942 νατον
597 4890 706 4960 γάρ
736 4889 925 4952 τοῦτο,
961 4891 1055 4942 καὶ
1087 4889 1195 4944 οὐδ’
1225 4889 1386 4950 αὐτὸς
1414 4883 1570 4940 τοῦτο
1612 4885 1841 4949 λέξειας.
1876 4885 1967 4953 Μὴ

391 4977 740 5050 ἐνδεχομένου
771 4979 829 5032 δὲ
856 4979 950 5033 106
978 4980 1139 5033 αὑτὸν
1173 4975 1312 5031 εἶναι
1348 4979 1532 5048 ὅμοιον
1562 4976 1596 5046 ἢ
1625 4977 1738 5029 ἴσον
1765 4977 1878 5038 τοῖς
1908 4975 1967 5040 ἐξ

391 5069 558 5123 αὐτοῦ
606 5071 664 5136 ἐξ
699 5070 799 5122 οὐκ
841 5069 1008 5122 ὄντων
1041 5069 1339 5137 γεγονόσιν,
1386 5064 1701 5119 ἀνένδεκτόν
1747 5065 1863 5116 ἐστι
1897 5063 1965 5115 τὰ

390 5161 552 5229 ὅμοια
579 5160 742 5214 αὐτὸν
764 5160 992 5231 πάσχειν
1013 5163 1123 5223 τοῖς
1147 5157 1419 5229 ἀνομοίοις
1444 5155 1611 5226 αὐτῷ,
1638 5149 1718 5217 οἷς
1738 5156 1800 5207 τὸ
1825 5150 1964 5208 εἶναι

390 5253 552 5312 αὐτὰ,
577 5253 635 5317 ἐξ
664 5253 828 5306 αὑτοῦ
863 5253 922 5319 te
959 5253 1061 5305 οὐκ
1101 5250 1291 5313 ὄντων,
1324 5251 1415 5302 καὶ
1448 5248 1628 5301 πάντα
1676 5247 1746 5299 τὰ
1778 5247 1836 5298 έν
1875 5246 1972 5300 αὐ-

390 5342 522 5403 τοῖς,
553 5336 634 5403 οἷς
661 5339 947 5410 συμϐαίνει
982 5339 1122 5394 κατὰ
1166 5339 1422 5409 στέρησιν
1450 5333 1590 5390 εἶναι
1616 5337 1677 5389 τὸ
1706 5337 1967 5389 ἐναντίον.

390 5433 472 5484 Τά
519 5433 616 5502 μὲν
648 5433 756 5503 γάρ
805 5435 952 5486 ἐστιν
998 5432 1254 5504 ὁρῶντα³
1285 5432 1386 5486 οὐκ
1433 5430 1526 5498 ἀφ’
1554 5428 1798 5482 έαυτῶψ
1845 5428 1968 5481 οὔτε

389 5521 500 5590 γὰρ
531 5524 627 5576 καὶ
657 5524 716 5575 τὸ
761 5519 898 5576 εἶναι
936 5524 1028 5591 ἀφ’
1056 5522 1262 5576 έαυτῶν
1297 5523 1614 5592 ἐσχήκασιν,
1649 5518 1785 5572 ἀλλά
1826 5520 1966 5572 κατὰ

389 5614 605 5685 δοτικὴν
635 5617 794 5686 χάριν
833 5617 925 5669 τοῦ
954 5616 1350 5688 δεδωρημένου,
1387 5616 1443 5664 ἐν
1477 5609 1556 5675 οἷς
1590 5611 1872 5682 συμϐαίνει
1903 5611 1965 5663 τὸ

1580 5794 1597 5824 ³
1635 5791 1695 5846 F.
1730 5790 1878 5845 ὄντα.

469 5794 484 5824 ⁸
515 5794 640 5849 Cor.
671 5798 848 5850 πᾶσαν
880 5797 1015 5862 ἐξέτ.
1093 5801 1111 5828 ε
1134 5797 1260 5850 Cor.
1293 5797 1348 5848 ἐν
1373 5798 1499 5857 τοῖς.

2077 4518 2244 4572 creati
2288 4524 2450 4582 sunt;
2490 4531 2520 4569 a
2549 4515 2748 4586 quibus
2792 4517 2943 4573 solus
2988 4517 3307 4574 eximendus
3333 4531 3416 4574 est
3454 4519 3648 4586 Filius,

2077 4625 2200 4662 cum
2239 4607 2444 4678 Spiritu
2476 4615 2697 4668 sancto,
2733 4609 2828 4678 qui
2869 4624 2934 4663 ex
2967 4609 3404 4680 incomparabilis
3447 4611 3648 4676 Patris,

2075 4709 2130 4757 et
2159 4700 2419 4771 unigeniti
2463 4700 2583 4770 ejus
2625 4698 2747 4754 Filii
2791 4701 3097 4756 substantia
3151 4705 3438 4773 processit,
3488 4706 3535 4760 si
3581 4707 3647 4760 ad

2075 4802 2423 4854 ceterorum,
2460 4790 2703 4859 inquam,
2754 4791 3122 4846 conditionem
3168 4793 3463 4863 abjeceris,
3512 4797 3646 4851 nihil

2077 4881 2197 4934 fidei
2243 4881 2582 4950 professione
2625 4887 2718 4934 tua
2767 4898 2891 4936 esse
2939 4892 3114 4951 potest
3174 4885 3487 4942 absurdius.
3541 4887 3643 4954 Qui

2073 4973 2217 5026 enim
2261 4987 2405 5026 unus
2437 4987 2502 5026 ex
2543 4972 2802 5027 omnibus
2845 4973 2970 5036 erit,
3015 4989 3045 5026 a
3087 4990 3196 5044 quo
3219 4983 3350 5030 sunt
3392 4992 3424 5032 e
3473 4977 3645 5032 nihilo

2071 5073 2267 5142 cuncta
2316 5065 2620 5136 producta?
2667 5065 2807 5121 Fieri
2834 5068 2962 5121 illud
3020 5071 3207 5138 utique
3262 5085 3369 5125 non
3421 5081 3640 5141 potest,

2072 5172 2248 5228 neque
2273 5167 2388 5214 tute
2418 5174 2658 5228 unquam
2706 5159 2808 5212 hoc
2840 5163 3161 5216 asscrucris.
3195 5161 3374 5228 Quare
3403 5178 3529 5219 cum
3573 5164 3642 5220 iis

2073 5265 2194 5321 quae
2218 5252 2526 5320 procreavit
2550 5266 2580 5304 e
2609 5251 2805 5314 nihilo,
2847 5251 3043 5307 similis
3060 5262 3114 5306 et
3138 5254 3366 5324 aequalis
3394 5269 3516 5311 esse
3545 5269 3642 5310 ne-

2070 5349 2256 5412 queat,
2282 5341 2471 5398 eadem
2519 5356 2644 5396 cum
2679 5343 2762 5397 sui
2798 5342 3159 5399 dissimilibus
3205 5345 3313 5414 pati
3354 5347 3503 5402 nulla
3550 5363 3641 5400 ra-

2069 5436 2220 5488 tione
2248 5435 2464 5504 poterit,
2503 5435 2702 5504 quibus
2733 5435 2836 5489 hoc
2865 5437 3141 5501 convenit,
3172 5443 3232 5489 ut
3269 5452 3300 5492 e
3320 5438 3490 5492 nihilo
3525 5446 3636 5493 tam

2069 5520 2139 5573 ab
2166 5520 2262 5574 illo
2288 5520 2405 5589 ipsa
2436 5519 2698 5590 producta
2729 5521 2860 5585 sint,
2891 5535 3053 5590 quam
3103 5535 3225 5590 quae
3257 5521 3390 5591 ipsis
3425 5521 3634 5588 insunt,

2068 5611 2272 5682 quibus
2310 5626 2406 5682 per
2455 5611 2812 5682 privationem
2857 5613 3111 5685 accidunt
3156 5614 3449 5668 contraria.
3508 5612 3633 5670 llam
