4134 6392
511 379 610 436 591

1897 373 1964 426 'S.
2007 370 2350 428 ΕΡΙῬΙΙΑΝῘΙ

3667 371 3777 428 592

509 500 654 552 enim
705 497 886 550 omnia
941 495 1164 550 minime
1195 509 1222 546 a
1267 491 1468 562 seipsis
1515 488 1812 552 exsistunt,
1871 488 1966 544 sed
2024 504 2088 542 ex

2197 487 2366 550 πάθος
2389 489 2532 542 κατὰ
2563 490 2820 560 στέρησιν
2845 487 2954 540 τῶν
2979 488 3034 539 ὲν
3057 486 3238 550 αὐτοῖς
3267 482 3624 556 ὑπαρξάντων
3639 487 3776 538 κατὰ

469 619 478 628 ο
510 588 743 657 benigna
773 587 956 640 dantis
989 585 1278 655 largitione
1309 603 1321 638 :
1347 583 1552 652 quibus
1603 581 1770 634 etiam
1825 587 2014 649 utpote
2060 595 2090 632 e

467 669 481 734 .’
511 679 680 734 nihilo
709 679 988 748 productis
1019 677 1126 748 pati
1151 675 1352 745 aliquid
1379 673 1666 742 contingit,
1698 687 1826 726 cum
1863 673 1933 726 iis
1957 671 2091 740 ipsis

511 771 676 826 rebus
703 771 1005 840 privantur,
1039 783 1162 838 quae
1189 783 1218 820 a
1253 768 1509 834 largitore
1542 765 1635 820 illo
1673 764 2092 820 communicata:

511 861 766 915 fuerant:
793 861 888 931 qui
921 875 1099 929 neque
1129 859 1240 930 pati
1293 857 1496 926 aliquid
1542 862 1740 926 potest,
1773 863 1828 908 et
1869 869 1900 906 a
1943 854 2092 910 nullo

511 954 619 1006 alio
643 954 828 1014 liabet,
863 963 920 1006 ut
945 953 1036 1014 sit,
1075 965 1252 1020 neque
1287 950 1485 1018 privari
1518 948 1632 1002 ullo
1661 947 1824 1002 modo
1859 955 2056 1016 potest.

579 1047 922 1115 Quapropter
949 1059 1074 1098 cum
1124 1044 1350 1112 :equalis
1397 1041 1506 1096 illis
1543 1056 1650 1096 non
1695 1041 1766 1094 sit
1799 1039 1990 1104 Filius,
2017 1039 2096 1094 uti

511 1150 690 1205 neque
719 1133 898 1198 Pater,
933 1149 1108 1202 neque
1160 1131 1399 1200 Spiritus
1455 1137 1700 1190 sanctus.
1737 1143 1800 1182 ac
1845 1129 2095 1184 diversus

511 1225 584 1280 sit
623 1225 693 1280 ab
725 1225 844 1280 istis
877 1223 1050 1278 Filius
1074 1266 1086 1286 ,
1121 1222 1448 1292 quibuscum
1517 1220 1706 1276 eadem
1737 1219 2098 1290 appellatione

509 1316 736 1370 minime
773 1315 1122 1380 continetur,
1173 1313 1264 1368 sed
1299 1313 1558 1368 eximium
1597 1327 1796 1366 nomen
1837 1312 2000 1368 habet
2041 1322 2098 1366 et

507 1407 800 1466 excellens.
829 1411 890 1458 ut
933 1405 1224 1473 ipsummet
1263 1403 1463 1456 homno
1489 1403 1559 1456 ab
1583 1416 1652 1455 eo
1677 1401 1770 1470 qui
1803 1402 2098 1472 ipsummet

507 1497 734 1566 perinde
787 1497 990 1550 bonum
1041 1502 1148 1556 est,
1201 1492 1505 1561 profectum
1563 1492 1799 1554 dicatur,
1847 1507 2096 1562 quamam

507 1603 632 1641 esse
670 1593 846 1657 potest
873 1601 995 1640 cum
1032 1584 1100 1638 iis
1127 1599 1248 1653 quae
1277 1584 1584 1653 oppositam
1617 1597 1680 1636 ex
1725 1583 1956 1638 adverso
1986 1585 2098 1652 pri-

507 1679 780 1734 vationem
827 1677 1046 1739 habent,
1093 1675 1444 1729 commistio?
1477 1674 1892 1743 Supervacanea
1935 1675 2099 1744 igitur

509 1779 594 1824 est
623 1769 758 1824 Aelii
803 1769 1164 1838 privationem
1201 1765 1362 1819 nobis
1387 1764 1694 1820 invehentis
1721 1765 1938 1819 oratio:
1971 1780 2098 1818 nam

2193 581 2292 649 τὴν
2325 581 2474 634 δόσιν
2521 581 2616 634 τοῦ
2653 580 3050 652 δεδωρημένου,
3099 579 3195 630 τοῦ
3241 577 3506 641 ἀπαθοῦς,
3552 577 3644 630 καὶ
3679 577 3778 628 οὐκ

2195 670 2260 722 ἔκ
2285 687 2427 733 τινος
2473 672 2687 740 ἔχοντος
2721 672 2782 722 τὸ
2821 667 2982 732 εἶναι,
3017 669 3140 724 οὑδὲ
3169 669 3469 740 δυναμένου
3503 667 3779 736 στερίσκε-

2197 765 2342 829 σθαι,
2374 765 2485 826 τοῖς
2511 763 2570 827 ἐξ
2601 765 2703 816 οὑκ
2733 764 2902 816 ὅντων
2933 762 3260 833 ὑπάρξασιν.

2259 1035 2330 1086 Ἐξ
2375 1029 2466 1086 οὖν
2516 1033 2614 1084 οὐκ
2665 1033 2775 1094 ἴσος
2807 1031 3012 1092 ἐκεῖνος
3045 1030 3074 1081 6
3109 1027 3258 1090 Υἱὸς,
3296 1027 3328 1098 ἢ
3361 1028 3390 1079 6
3415 1024 3624 1095 Πατὴρ,
3658 1024 3692 1096 ἢ
3722 1023 3782 1076 τὸ

2199 1127 2354 1194 ἅγιον
2385 1125 2611 1194 Πνεῦμα
2648 1125 2886 1187 τούτοις,
2917 1123 3080 1186 ἄλλος
3127 1121 3186 1174 δέ
3229 1123 3378 1174 ἐστιν
3411 1122 3440 1172 6
3471 1119 3600 1182 Υίὸς
3633 1117 3782 1186 παρὰ

2197 1221 2442 1283 τούτους,
2471 1219 2532 1272 οὑ
2573 1220 2640 1288 τῇ
2673 1217 2768 1290 ἴσῃ
2797 1216 3065 1288 ὀνομασίᾳ
3089 1213 3546 1284 κικλησκὸμενος,
3571 1210 3782 1282 ἐξαίρε-

2199 1329 2289 1364 τον
2327 1310 2384 1364 δὲ
2413 1310 2509 1363 καὶ
2550 1310 2884 1376 ἀσύγκριτον
2921 1308 3093 1376 ῦνομα
3117 1306 3278 1374 ἔχων,
3310 1302 3646 1372 αὑτοαγαθὸν
3673 1301 3784 1355 ἀπὸ

2199 1401 2292 1454 τοῦ
2335 1400 2676 1469 αὐτοαγαθοῦ
2711 1401 2890 1463 ὃντος,
2927 1399 3014 1462 τίς
3049 1397 3114 1452 ἂν
3155 1399 3188 1465 ἡ
3237 1395 3524 1466 συμπλοκὴ
3559 1395 3696 1464 πρὸς
3721 1393 3784 1446 τὸ

2203 1493 2520 1564 στερητικὸν
2543 1491 2776 1563 ἐχούσης
2797 1490 3074 1545 ἀντίθετον
3095 1506 3108 1554 ;
3141 1488 3275 1559 Περί
3307 1505 3368 1540 τε
3389 1489 3403 1518 ¹
3429 1486 3538 1558 γάρ
3558 1487 3587 1538 6
3607 1483 3698 1538 τοῦ
3722 1485 3784 1537 τὸ

2203 1585 2519 1653 στερητικὸν
2569 1583 2978 1650 εἰσενέγκαντος
3017 1581 3149 1651 ἡμῖν
3189 1578 3395 1630 ’Δετίου
3442 1577 3633 1644 λόγος,
3686 1575 3782 1628 τοῦ

2201 1676 2498 1746 ἀγεννήτου
2543 1674 2679 1728 Θεοῦ
2713 1673 2807 1726 καὶ
2839 1671 3100 1743 γεννητοῦ
3147 1669 3278 1724 Υίοῦ
3315 1671 3378 1723 οὑ
3419 1668 3560 1722 κατά
3597 1667 3786 1738 στέρη-

2205 1785 2290 1820 σιν
2319 1767 2420 1837 τὴν
2451 1765 2558 1820 τῶν
2583 1767 2900 1835 κτισμάτων
2929 1765 3142 1834 ἔχοντος
3171 1764 3232 1816 τὸ
3256 1762 3502 1831 ὑπάρχον
3542 1757 3780 1828 ἀξίωμα,

513 1861 783 1932 ingenitus
823 1859 985 1922 Deus,
1024 1871 1088 1912 ac
1124 1857 1340 1928 genitus
1391 1854 1566 1911 Filius
1615 1869 1724 1910 non
1779 1869 1846 1910 ex
1887 1863 2092 1910 creata-

2201 1860 2338 1914 ἀλλά
2375 1859 2520 1914 κατὰ
2549 1859 2612 1912 τὸ
2645 1858 2969 1928 αὐτομάτως
2999 1857 3094 1912 καὶ
3121 1856 3432 1920 ἰδιαζόντως
3465 1852 3585 1906 καθ’
3621 1851 3783 1906 ἑαυτὸ

495 1967 630 2008 τιιηι
679 1966 862 2006 rerum
905 1949 1211 2019 privatione
1249 1947 1569 2016 dignitatem
1619 1947 1866 2002 obtinent
1897 1963 2056 2003 suam
2081 1986 2096 2010 ,

487 2045 607 2100 sed
647 2061 714 2100 ex
747 2057 814 2098 eo
841 2042 986 2113 quod
1009 2049 1203 2111 sponte
1233 2055 1352 2102 sua,
1385 2039 1740 2109 peculiariter
1765 2053 1828 2092 ac
1857 2053 1952 2108 per
1977 2053 2098 2094 sese

509 2130 828 2185 substantiae
893 2143 1008 2183 suae
1069 2126 1452 2196 divinitatique
1513 2127 1784 2194 congruit.
1835 2125 1912 2180 ita
1965 2142 2091 2182 cum

509 2237 710 2293 expers
737 2223 830 2274 ira:
853 2221 1058 2273 dicitur
1091 2217 1253 2284 Deus,
1295 2233 1400 2272 non
1425 2217 1480 2270 id
1523 2218 1592 2272 ab
1623 2219 1704 2272 ira
1726 2219 1844 2288 ipsa
1875 2219 2097 2288 petitur,

491 2317 604 2366 sed
631 2329 694 2367 ea
735 2328 800 2367 eo
828 2311 974 2382 quod
1005 2311 1084 2364 ira
1115 2325 1212 2380 per
1239 2325 1362 2364 sese
1389 2317 1566 2362 vacat.
1612 2307 1703 2364 Sic
1739 2310 1902 2364 etiam
1939 2312 2091 2378 inge-

509 2407 658 2460 nitus
697 2405 1021 2475 appellatur,
1069 2402 1214 2472 quod
1261 2401 1492 2456 exsistat
1529 2415 1558 2454 a
1611 2403 1812 2471 seipso,
1859 2403 1983 2458 licet
2025 2403 2094 2456 ab

501 2495 698 2549 eodem
731 2493 970 2563 ingenito
997 2490 1168 2548 Filius
1211 2491 1284 2546 sit
1323 2491 1439 2554 ipse
1473 2493 1710 2560 genitus.
1745 2493 1934 2562 Itaque
1979 2493 2094 2548 fru-

497 2597 622 2640 stra
651 2593 736 2640 est
767 2585 1010 2653 apposita
1035 2585 1126 2637 illa
1161 2583 1426 2638 vocabulo
1453 2584 1691 2652 negatio,
1719 2599 1842 2638 cum
1873 2585 1937 2638 ad
1967 2601 2090 2640 eum

497 2675 860 2738 transfertur.
915 2676 1010 2745 qui
1057 2691 1181 2729 cum
1229 2675 1439 2730 caeteris
1495 2677 1578 2730 vel
1629 2692 1696 2730 ex
1741 2675 1952 2746 ipsiu,
1999 2679 2088 2746 qui

511 2764 1050 2832 mentionemhujus
1107 2763 1270 2830 fecit,
1321 2765 1580 2833 opinione
1631 2768 1939 2836 comparari
1991 2783 2101 2823 non

497 2863 710 2925 potest.
744 2855 860 2910 Non
885 2857 1027 2911 enim
1057 2864 1252 2910 caetera
1283 2855 1558 2926 adaquari
1599 2872 1724 2912 cum
1755 2859 1942 2929 genito
1976 2875 2103 2929 pos-

509 2957 660 3012 sunt,
691 2965 790 3004 nec
839 2949 1110 3020 ingenitus
1140 2963 1296 3004 suam
1345 2963 1468 3002 cum
1519 2949 1720 3004 creatis
1766 2951 1928 3006 rebus
1969 2953 2100 3008 sub-

499 3039 766 3094 stantiam
801 3041 1203 3096 communicat.
1241 3041 1404 3112 962
1449 3042 1606 3107 Quod
1653 3057 1762 3098 non
1820 3044 1928 3098 ulla
1963 3061 2101 3114 prae-

2202 1951 2526 2022 συμπρέπον
2557 1953 2624 2021 τῇ
2671 1949 2866 2004 ἑαυτοῦ
2897 1949 3058 2020 οὐσίᾳ
3097 1965 3154 2000 τε
3201 1947 3294 2000 καὶ
3321 1945 3661 2015 θεότητι.Ὠς
3687 1943 3783 1996 ἐπὶ

2197 2039 2294 2094 τοῦ
2321 2035 2614 2109 ἀόργητος,
2657 2039 2717 2090 οὑ
2747 2039 2836 2092 διά
2864 2039 2926 2090 τὸ
2955 2036 3298 2109 ὀργίζεσθαι,
3323 2034 3461 2088 ἀλλὰ
3485 2033 3574 2088 διὰ
3604 2033 3665 2087 τὸ
3693 2033 3783 2086 αὑ-

2199 2133 2552 2202 τοαόργητον,
2579 2129 2676 2182 καὶ
2703 2129 2762 2182 τὸ
2789 2127 3084 2197 ἀγέννητος
3111 2125 3199 2179 διὰ
3236 2125 3297 2178 τὸ
3322 2123 3714 2194 αὑτογέννητον
3737 2123 3779 2186 ’,

2203 2225 2305 2278 κᾶν
2331 2239 2390 2276 τε
2417 2225 2446 2276 6
2473 2221 2600 2284 Υἱὸς
2627 2221 2888 2290 γεννητὸς
2911 2221 2996 2290 εἴη
3021 2218 3130 2272 ἀπὸ
3173 2216 3270 2272 τοῦ
3313 2217 3638 2288 ἀγεννήτου·
3684 2214 3782 2282 τῆς

2201 2313 2344 2367 κατά
2405 2313 2664 2385 στέρησιν
2712 2311 2912 2376 λέξεως
2965 2311 3212 2380 ματαίως
3259 2309 3520 2380 κειμένης
3561 2308 3656 2360 ἐπὶ
3703 2305 3783 2376 τῷ

2177 2405 2513 2475 ιάσυγκρίτῳ
2556 2405 2694 2476 πρὸς
2721 2406 2848 2468 τοὺς
2893 2404 3110 2469 ἄλλους,
3139 2401 3282 2456 κατά
3309 2401 3400 2455 τὸν
3429 2399 3554 2454 νοῦν
3583 2398 3777 2452 τούτου

2197 2497 2293 2550 τοῦ
2325 2497 2737 2561 ὑποϐάλλοντας.
2775 2496 2912 2550 Οὔτε
2945 2497 3054 2566 γὰρ
3082 2495 3152 2549 τὰ
3177 2495 3310 2552 ἄλλα
3345 2493 3424 2564 τῷ
3451 2491 3783 2562 γεγεννημέ-

2199 2608 2274 2660 νῳ
2319 2588 2581 2653 ίσάζεται,
2623 2589 2746 2643 οὔτε
2775 2593 2804 2644 ὀ
2837 2590 3129 2661 ἀγέννητος
3167 2591 3279 2653 τοῖς
3300 2588 3676 2658 κεκτισμένοις
3719 2585 3782 2638 τὸ

2202 2683 2487 2752 ὑμοούσιον
2537 2684 2920 2753 μεταδίδωσιν’
2969 2684 3070 2738 οὑκ
3113 2683 3376 2738 ἀδυνάτου
3417 2680 3514 2734 τοῦ
3553 2677 3782 2734 δυνατοῦ

2205 2775 2702 2846 κατηγορουμένου,
2737 2776 2874 2830 ἀλλὰ
2913 2775 3024 2829 τῶν
3058 2775 3336 2830 ἀδυνάτων
3369 2773 3505 2844 πρὸς
3532 2772 3594 2825 τὸ
3619 2771 3780 2826 δυνα-

2201 2865 2292 2919 τὸν
2341 2867 2414 2936 μὴ
2456 2867 2939 2938 ὲπεκτεινομένων,
2969 2867 3056 2921 διὰ
3101 2866 3162 2920 τὸ
3211 2867 3489 2938 ἐξαίρετον
3529 2861 3625 2916 τοῦ
3665 2861 3782 2922 ἑνὸς

2203 2956 2339 3010 Θεοῦ
2369 2957 2462 3012 καὶ
2492 2955 2586 3010 τοῦ
2611 2956 2672 3021 ἐξ
2695 2955 2862 3011 αὑτοῦ
2895 2955 3220 3028 μονογενοῦς
3247 2954 3377 3009 Υίοῦ
3409 2955 3504 3010 σὺν
3531 2949 3609 3022 τῷ
3643 2949 3782 3018 ἁγίῳ

2205 3051 2502 3120 Πνεύματι.

511 3133 746 3202 potentis
765 3133 1148 3188 imbecillitate
1175 3132 1290 3186 ﬁeri
1325 3133 1624 3201 putandum
1655 3141 1762 3196 est.
1799 3135 1896 3190 sed
1921 3152 1988 3192 eo
2015 3139 2286 3205 videlicet,
2315 3143 2460 3212 quod
2529 3141 2800 3196 imbecilla
2861 3153 3054 3200 caetera
3123 3141 3190 3196 ad
3231 3144 3618 3212 praepotentem
3683 3145 3782 3185 us-

507 3239 616 3296 que
659 3225 885 3293 provehi
959 3233 1251 3296 nequeant,
1321 3227 1390 3281 ob
1445 3228 1608 3282 unius
1665 3226 1778 3292 Dei,
1827 3239 1882 3285 et
1929 3231 1998 3286 ab
2043 3234 2163 3304 ipso
2203 3237 2546 3306 procedentis
2593 3237 2856 3306 unigeniti
2914 3235 3055 3300 Filii,
3117 3251 3242 3290 cum
3297 3233 3502 3306 Spiritu
3565 3235 3778 3286 sancto.

507 3319 842 3388 singularem
873 3319 1208 3388 maiestatem
1248 3333 1310 3372 ac
1345 3321 1736 3388 praestantiam.

998 3431 1182 3486 AETIl
1219 3431 1451 3488 CAPUT
1491 3433 1607 3490 XX.

581 3523 718 3578 Cum
739 3523 1071 3593 privationes
1097 3525 1397 3580 ablatioues
1423 3527 1532 3581 sint
1560 3528 1933 3596 affectionum,
1953 3534 2094 3602 quod

510 3615 566 3669 in
599 3612 708 3670 Deo
753 3624 836 3669 est
879 3615 1204 3684 ingenitum,
1241 3617 1322 3670 vel
1366 3617 1671 3676 ali'ectionis
1719 3622 1950 3690 privatio
1988 3633 2093 3691 est,

509 3707 594 3761 vel
623 3705 836 3760 ati‘ectio
863 3705 1152 3775 privationi
1181 3710 1480 3764 contraria.
1509 3707 1682 3780 igitur
1719 3713 1766 3766 si
1796 3713 2096 3771 aﬂ‘ectionis

512 3799 744 3868 privatio
771 3803 875 3859 est,
911 3797 1184 3866 quomodo
1233 3797 1286 3854 id
1333 3801 1476 3870 quod
1506 3815 1615 3854 non
1659 3803 1800 3858 inest
1817 3803 1948 3866 Deo,
1969 3813 2094 3860 tan-

512 3901 674 3956 quam
699 3887 832 3942 insit
861 3887 1152 3942 tribuitur?
1181 3887 1248 3941 At
1288 3889 1333 3944 si
1379 3889 1594 3945 aﬂ'ectio
1623 3892 1866 3960 quaedam
1895 3903 1982 3949 est
2009 3897 2092 3950 in-

513 3979 776 4049 genitum,
823 3979 1061 4050 genitam
1114 3980 1474 4036 substantiam
1521 3983 1786 4037 exsistere
1835 3995 1977 4047 ante,
2028 4001 2094 4042 ac

510 4071 658 4126 velut
687 4069 962 4126 substerni
991 4083 1217 4125 necesse
1242 4079 1344 4133 est,
1371 4079 1432 4124 ut
1452 4069 1738 4127 affectione
1767 4073 1854 4126 illa
1879 4074 1946 4128 ad
1971 4089 2090 4130 eam

511 4161 822 4226 accedente,
859 4161 1094 4231 ingenita
1134 4161 1462 4216 nominetur.
1495 4161 1550 4216 Si
1589 4177 1715 4216 vero
1743 4165 1920 4232 genita
1959 4167 2092 4221 sub-

509 4253 712 4308 stantia
754 4251 1009 4323 ingenita:
1045 4252 1327 4322 particeps
1377 4251 1497 4316 fuit,
1537 4251 1836 4309 aifectionis
1881 4255 2094 4325 jactura

509 4341 675 4408 facta,
702 4343 1069 4398 conditionem
1096 4343 1278 4398 amisit
1303 4343 1547 4414 ingeniti.
1577 4343 1762 4411 Quare
1783 4349 2092 4403 substantia

509 4435 730 4505 quidem
785 4436 964 4505 genita
1013 4433 1206 4502 fuerit,
1261 4435 1556 4505 ingenitum
1617 4449 1796 4492 autem
1855 4439 2088 4494 all'ectio.

509 4525 666 4591 Quod
713 4527 757 4580 si
789 4525 966 4594 genita
1012 4525 1228 4580 soboles
1273 4527 1562 4581 transitum
1601 4529 1886 4596 quemdam
1921 4533 2090 4601 signia

513 4617 656 4679 ﬁcat,
683 4631 790 4671 non
823 4615 1046 4670 dubium
1083 4623 1167 4670 est
1207 4615 1546 4672 aﬂ'ectionem
1592 4618 2086 4684 indicare-certam,

2126 3444 2176 3510 ϐ

2587 3443 2982 3498 ΚΕΦΑΛΑΙΟΝ
3019 3443 3272 3496 ΑΕΤΙΟΥ
3311 3442 3394 3495 K'.

2275 3535 2336 3587 Et
2371 3537 2426 3587 αί
2463 3537 2746 3606 στερήσεις
2786 3535 2895 3590 τῶν
2937 3535 3106 3601 ἕξεων
3151 3535 3332 3588 αὑτῶν
3367 3537 3504 3587 εἰσιν
3549 3535 3780 3606 ἀφαιρέ-

2205 3643 2338 3690 σεις,
2379 3627 2439 3680 τὸ
2491 3629 2583 3680 ἐπὶ
2632 3627 2768 3681 Θεοῦ
2819 3627 3115 3698 ἀγέννητον
3167 3628 3283 3697 ἦτοι
3333 3626 3588 3698 στέρησίς
3631 3629 3779 3680 ἐστιν

2201 3717 2386 3783 ἕξεως,
2415 3719 2448 3790 ἢ
2481 3719 2596 3786 ἕξις
2627 3719 3112 3792 στερήσεως.Ἀλλ’
3147 3721 3194 3772 εί
3225 3718 3324 3788 μὲν
3356 3717 3607 3790 στέρησίς
3631 3719 3778 3772 ἐστιν

2201 3810 2384 3876 ἕξεως,
2417 3811 2533 3875 πῶς
2565 3811 2629 3866 ἂν
2657 3811 2717 3864 τὸ
2752 3812 2825 3883 μὴ
2856 3811 3055 3881 προσὸν
3077 3811 3152 3874 ὡς
3184 3810 3382 3882 προσὸν
3407 3809 3484 3881 τῷ
3515 3809 3634 3880 Θεῷ
3655 3827 3779 3864 συν-

2202 3901 2634 3974 αριθμηθήσεται
2657 3918 2671 3964 ;
2699 3903 2822 3956 εἰδὲ
2851 3903 2962 3968 ἕξις
2993 3901 3110 3954 ἐστὶ
3129 3901 3188 3954 τὸ
3217 3901 3536 3971 ἀγέννητον,
3559 3901 3775 3972 ἀνάγκη

2203 3993 2604 4064 προῦποθέσθαι
2637 3995 2901 4064 γεννητὴν
2932 3993 3137 4059 οὑσίαν,
3167 3993 3233 4045 ἵν’
3255 3991 3447 4055 οὑτως,
3470 3991 3582 4057 ἕξιν
3603 4008 3773 4057 προσ-

2201 4085 2459 4150 λαϐοῦσα,
2496 4087 2788 4158 ἀγέννητος
2809 4087 3159 4157 ὀνομάζηται.
3187 4086 3248 4138 El
3281 4085 3336 4139 δὲ
3370 4085 3598 4156 γεννητὴ
3625 4087 3778 4154 ἀγεν-

2201 4179 2360 4244 νήτου
2388 4179 2576 4242 οὐσίας
2614 4179 2890 4249 μετέσχεν,
2923 4177 3088 4245 ἕξεως
3122 4178 3462 4248 ὑπομείνασα
3481 4175 3770 4246 ἀποϐολὴν,

2201 4269 2526 4339 ἀγεννησίας
2547 4271 2854 4340 ἐστέρηται.
2876 4269 2975 4339 Εἷη
3005 4268 3070 4322 ἃν
3100 4265 3192 4321 οὖν
3213 4269 3368 4322 οὐσία
3392 4269 3492 4339 μὲν
3517 4267 3768 4338 γεννητὴ,

2197 4359 2258 4412 τὸ
2291 4359 2345 4413 δὲ
2375 4361 2665 4430 ἀγέννητον
2693 4361 2824 4426 ἕξις.
2852 4363 2912 4414 Ei
2940 4361 2995 4414 δὲ
3026 4359 3085 4412 τὸ
3111 4361 3355 4430 γέννημα
3383 4357 3618 4430 παρόδου
3655 4357 3773 4411 ἐστὶ

2195 4449 2509 4518 δηλωτικὸν,
2552 4452 2792 4522 δηλονότι
2837 4451 3002 4518 ἓξεὼς
3047 4453 3162 4504 ἐστι
3213 4451 3568 4523 σημαντικὸν,
3599 4449 3666 4504 ἀν
3707 4465 3772 4503 τε

2201 4542 2640 4608 peruasit-lassat
2685 4543 2742 4608 ἐξ
2783 4545 2969 4607 οὐσίας
3003 4543 3166 4608 τινὸς,
3199 4544 3264 4598 ἄν
3297 4559 3354 4597 τε
3385 4541 3543 4596 τοῦτό
3567 4545 3716 4595 ἐστιν
3741 4541 3771 4595 ὃ

2175 4635 2178 4638 ’
2195 4628 2408 4696 λέγεται
2437 4633 2598 4702 γέννη
2607 4651 2699 4703 μοι.

511 4711 625 4760 sive
670 4707 902 4775 quadam
955 4723 985 4760 e
1041 4707 1346 4760 substantia
1401 4707 1702 4763 mutatione
1753 4711 2095 4767 conformata
2172 4721 2263 4786 sit,
2297 4723 2411 4776 sive
2461 4723 2562 4778 hoc
2589 4726 2766 4796 ipsum
2811 4733 2892 4780 est
2937 4725 3117 4794 genita
3153 4725 3390 4790 soboles,
3451 4723 3597 4794 quod
3645 4737 3768 4779 esse

509 4801 729 4853 dicitur.

1063 4889 1372 4959 Coufutatio
1409 4891 1534 4947 XX.

579 4983 618 5036 Ι.
651 4983 975 5037 iamdudum
1020 4983 1086 5036 de
1133 4983 1236 5036 hoc
1287 4985 1608 5052 privationis
1643 4987 1876 5054 negotio,
1920 4991 2086 5044 multa

505 5091 632 5130 cum
665 5075 730 5130 iis
763 5077 874 5144 qui-
913 5091 941 5129 a
993 5083 1139 5130 recta
1187 5075 1294 5130 ﬁde
1336 5078 1496 5130 alieni
1544 5085 1690 5140 sunt,
1723 5089 2087 5138 consentanee

507 5169 644 5224 dixit
667 5169 876 5233 Aetius,
907 5170 1207 5238 eodemque
1230 5186 1352 5226 cum
1389 5171 1495 5225 illis
1530 5173 1712 5226 studio
1737 5176 2082 5244 Oppugnandi

503 5257 757 5314 catholici
789 5260 1054 5329 dogmatis
1087 5263 1261 5316 clatus
1287 5271 1391 5325 est,
1421 5263 1556 5316 adeo
1583 5265 1824 5332 quidem,
1859 5267 1990 5320 nihil
2025 5277 2083 5320 ut

505 5367 538 5408 e
581 5353 808 5408 sincer-aa
859 5353 980 5407 ﬁdei
1034 5355 1348 5423 praescripto
1399 5347 1738 5422 pronuntiet,
1795 5371 1893 5410 nec
1935 5357 2081 5414 illius

505 5445 789 5500 sententia?
819 5445 1144 5506 meminerit,
1175 5459 1294 5513 quae
1335 5443 1597 5501 adversus
1631 5457 1726 5501 eos
1755 5455 2082 5516 contorque-

504 5543 614 5602 tur,
650 5537 742 5605 qui
771 5553 836 5589 ex
871 5535 1088 5602 ingenio
1112 5551 1212 5590 suo
1237 5537 1493 5606 pleraque
1537 5538 1772 5592 inaniter
1805 5539 2078 5604 eil‘utiunt,

502 5637 678 5698 neque
715 5625 780 5680 ad
828 5627 946 5681 ﬁdei
985 5629 1306 5697 principium
1351 5629 1749 5688 adhterescunt.
1785 5633 1933 5699 Quos
1961 5635 2082 5705 qui-

577 5783 591 5814 '
631 5781 692 5838 Γ.
737 5787 1002 5858 περιττὸς.
1084 5789 1102 5818 ί
1134 5788 1194 5840 F.
1225 5787 1670 5854 αύτοαγὲννητον.

2761 4897 3081 4972 Ἀνατροπὴ
3107 4907 3190 4958 K’.

2255 4993 2332 5046 A'.
2381 4993 2514 5065 Ἤδη
2564 4995 2662 5065 μὲν
2720 4990 2814 5048 οὖν
2879 4999 3005 5066 περὶ
3067 4997 3396 5067 στερητικῆς
3453 4993 3764 5065 ὑποθέσεως

2185 5085 2354 5138 πολλά
2393 5087 2884 5156 συμμαχεσάμενος
2929 5089 2955 5139 ὀ
2990 5087 3192 5150 Ἀέτιος
3234 5092 3348 5152 τοῖς
3391 5088 3499 5144 ἀπὸ
3537 5087 3633 5160 τῆς
3678 5093 3760 5143 πί-

2186 5193 2353 5240 στεως
2395 5177 2714 5250 ἀλλοτρίοις,
2745 5181 2836 5232 καὶ
2883 5179 3042 5242 αὑτὸς
3095 5183 3184 5232 ῑσα
3229 5181 3454 5234 ἐκείνων
3487 5181 3630 5235 κατὰ
3662 5183 3762 5250 τῆς

2185 5269 2419 5332 πίστεως
2457 5269 2806 5336 ἐξωπλίσατο,
2835 5271 2984 5324 οὐδὲν
3013 5271 3120 5324 ἀπὸ
3165 5273 3395 5334 πίστεως
3420 5271 3614 5340 λέγων,
3637 5273 3760 5325 οὐδὲ

2177 5361 2530 5432 ’μεμνημένος
2551 5360 2642 5412 τοῦ
2675 5360 2840 5433 ῥητοῦ
2869 5363 3004 5433 πρὸς
3039 5363 3160 5426 τοὺς
3187 5363 3280 5431 ἀφ’
3311 5363 3518 5417 ἑαυτῶν
3549 5365 3760 5417 κενολο-

2185 5467 2316 5518 γους
2349 5451 2674 5518 φωνοῦντας,
2709 5453 2798 5504 καὶ
2843 5453 2903 5506 οὐ
2956 5453 3286 5524 κρατοῦντας
3323 5455 3419 5526 τὴν
3460 5456 3633 5527 ἀρχὴν
3657 5457 3756 5521 τῆς

2186 5543 2438 5604 πίστεως,
2472 5545 2546 5604 ως
2575 5545 2708 5613 πρὸς
2740 5547 2934 5607 αὐτοὺς
2967 5546 3350 5613 διελεγκτικῶς
3385 5550 3413 5599 ὁ
3461 5549 3616 5614 λόγος
3657 5565 3756 5616 φη-

2188 5633 2299 5684 σίν·
2338 5630 2526 5687 Εἶπον
2556 5635 2668 5703 ἐγὼ
2701 5635 2768 5688 ἑν
2803 5634 2870 5704 τῇ
2903 5636 3181 5691 ἐκστάσει
3204 5656 3323 5706 μου
3345 5657 3356 5671 ·
3389 5639 3511 5706 Πᾶς
3539 5639 3762 5711 ἅνθρω-
