4134 6392
394 360 500 419 595

999 359 1369 416 ADVERSUS
1408 361 1750 418 lixEllESES
1791 363 1919 420 LIB.
1963 361 1976 416 1

2094 361 2258 419 ΤΟΜ.
2294 362 2411 418 1.-
2449 360 2726 418 ΗᾹΞΒΕΒΖ
2767 357 3002 415 LXXVI.
3568 359 3675 415 επ

393 495 506 551 πος
533 483 827 553 ψεύστης.
849 483 1002 536 Μετὰ
1027 484 1254 550 καὶτοῦ,
1272 485 1700 553 Ἐταπει-νώθηον
1719 486 1973 554 σφόδρα.

2081 485 2203 541 dem
2233 485 2320 540 his
2364 485 2547 540 verbis
2587 484 2868 554 Scriptura
2916 481 3284 538 condemnat:
3320 481 3426 552 Ego
3468 482 3577 535 uixi
3613 487 3666 537 in

392 575 508 630 Νῦν
531 576 588 631 δὲ
608 572 767 639 αὖθις
789 579 900 638 τοῖς
929 577 1114 640 αὐτοῖς
1139 577 1620 648 κατατριϐόμενος,
1652 579 1978 650 στερήσεως,

393 668 687 738 ὀνομασίας
707 685 767 720 τε
792 668 884 721 καὶ
904 668 1090 735 ἕξεως,
1123 670 1217 722 καὶ
1234 668 1611 739 συλλογισμῶν
1635 669 1982 740 ἀνθρωπίνης

395 758 670 828 σφαλερᾶς
696 758 972 822 ὑπονοίας,
989 759 1196 827 φόρτον
1225 759 1684 830 προϐαλλόμενος,
1708 759 1802 811 καὶ
1827 773 1982 810 πνευ-

335 829 351 858 ”
399 849 644 918 ματικῶς
685 848 1110 917 ἀνακρινόμενος
1154 829 1348 901 ἑαυτοῦ
1401 850 1641 916 φείδεται
1666 850 1680 879 ¹
1711 848 1979 917 ἀνακόψαι

394 936 457 993 τὸ
501 938 633 992 τδιον
673 939 903 1010 ὅρμημα
935 940 1035 1007 τῆς
1060 936 1120 1000 ἐξ
1149 937 1497 1008 ἀνθρωπίνης
1525 936 1858 1006 πανουργίας
1887 935 1978 1002 ἀφ’

392 1023 494 1103 ἧς’
547 1030 675 1102 περὶ
717 1029 852 1083 Θεοῦ
901 1029 1080 1098 λέγειν
1113 1029 1149 1083 ἂ
1179 1029 1629 1099 βούλεται.⁶Αλλά
1672 1029 1763 1080 καὶ
1810 1030 1975 1098 ἡμᾶς,

395 1122 600 1193 καίπερ
628 1120 796 1174 πολλά
812 1121 941 1192 περὶ
964 1121 1301 1190 στερητικῶν
1323 1120 1722 1190 διαλεχθέντας,
1745 1118 1979 1185 ἀναγκά-

395 1216 474 1278 ζει
501 1212 664 1268 πάλιν
687 1215 800 1275 τοῖς
831 1213 1013 1274 αὐτοῖς
1046 1212 1328 1282 ἐμμένειν,
1353 1213 1446 1264 καὶ
1482 1213 1539 1263 ὲν
1568 1213 1689 1273 ταῖς
1719 1211 1852 1280 πρὸς
1880 1213 1978 1263 αὑ-

392 1305 483 1358 τὸν
516 1307 852 1376 ἀνατροπαῖς
885 1302 1332 1372 κατατρίϐεσθαι.
1369 1304 1479 1355 Καὶ
1511 1298 1580 1372 ἦν
1618 1301 1718 1372 μὲν
1755 1302 1910 1370 ἱκανὴ
1943 1305 1974 1369 ἠ

393 1396 499 1468 πρὸ
524 1395 728 1467 ταύτης
754 1393 1034 1465 ἀνατροπὴ
1065 1393 1339 1464 δυναμένη
1365 1391 1454 1446 διὰ
1480 1395 1540 1445 τὸ
1558 1393 1866 1463 ὁμόρροπον
1889 1393 1979 1444 καὶ

391 1487 682 1559 ὁμώνυμον
712 1487 804 1541 τοῦ
837 1485 1246 1554 συλλογιστικοῦ
1288 1485 1454 1539 αὐτοῦ
1499 1485 1659 1553 λόγον
1694 1483 1835 1537 κατὰ
1870 1483 1979 1536 τῶν

392 1579 718 1651 ἀμφοτέρων
747 1577 1028 1648 φέρεσθαι.
1047 1576 1186 1629 Ἀλλ’
1216 1575 1440 1645 ἐπειδὴ³
1472 1577 1607 1647 μήτε
1645 1574 1809 1628 ἵππον
1834 1573 1977 1644 σιδη-

394 1672 654 1742 ρόστομον
697 1669 1030 1740 ἀχαλίνωτον
1080 1671 1196 1739 ὲᾷν,
1244 1669 1346 1722 κάν
1395 1685 1455 1721 τε
1501 1666 1640 1720 κατὰ
1692 1665 1978 1737 βαράθρων

391 1764 647 1836 φέρηται,
677 1764 777 1816 κᾶν
805 1779 862 1814 τε
891 1761 999 1814 ἀπὸ
1025 1759 1119 1813 τοῦ
1141 1761 1464 1831 όρμήματος
1487 1759 1588 1830 ήδη
1614 1757 1975 1829 ἀνεκρούσθη,

2084 593 2300 631 excessu
2340 593 2490 630 meo:
2523 576 2708 631 Omnis
2743 577 2897 629 homo
2930 575 3155 630 mendax
3185 576 3226 630 ⁸.
3261 575 3390 629 Item
3427 595 3438 628 :
3482 576 3670 629 Humi-

2086 672 2246 724 liatus
2276 687 2394 726 sum
2421 671 2578 724 nimis
2611 673 2652 723 ⁷.
2681 669 2837 724 Nunc
2865 677 3044 736 autem
3080 669 3132 722 in
3168 668 3359 723 iisdem
3395 685 3514 722 sese
3546 685 3664 722 vcr-

2083 778 2234 823 sans,
2268 762 2588 830 privationis
2636 761 3050 830 allectionisqne
3088 775 3304 822 vocum,
3337 768 3392 814 et
3421 759 3672 812 humana!

2083 869 2146 908 ac
2170 853 2391 907 lubrica;
2428 853 2702 923 npinionis
2734 859 3177 923 argumentorum
3211 867 3352 906 onus
3402 862 3457 904 et
3494 851 3661 904 mole-

2082 944 2242 998 stiam
2261 942 2577 1020 praeferens,
2599 958 2663 996 ac
2685 942 3003 1012 spiritaliter
3025 941 3356 1012 dijudicatus
3387 943 3669 1011 proprium

2082 1035 2247 1087 animi
2303 1033 2562 1104 impetum
2613 1036 2683 1089 ab
2737 1035 2973 1088 humana
3022 1034 3318 1089 calliditate
3365 1032 3668 1103 profectum

2082 1125 2316 1180 inhiberi
2363 1141 2469 1180 non
2509 1126 2734 1194 patitur,
2772 1126 2955 1195 eique,
2997 1133 3058 1178 ut
3095 1127 3163 1178 de
3210 1123 3320 1178 Deo
3366 1139 3488 1193 quze
3538 1123 3666 1176 velit

2080 1219 2389 1286 eloquatur,
2447 1218 2586 1271 laxis
2645 1217 2874 1272 habenis
2932 1215 3214 1285 permittit.
3267 1214 3407 1281 Quin
3455 1222 3509 1268 ct
3563 1229 3662 1266 nos

2079 1321 2296 1375 quoque
2335 1313 2457 1374 post
2514 1305 2684 1359 multa
2735 1303 2800 1358 de
2857 1303 3256 1373 privationibus
3310 1303 3473 1356 verba
3529 1301 3670 1354 facta

2082 1394 2151 1447 ad
2215 1394 2359 1448 idem
2401 1391 2827 1448 retractandum
2885 1407 2950 1447 ac
3013 1391 3359 1448 refutandum
3419 1392 3666 1460 impellit.

2078 1483 2256 1555 963.
2283 1482 2540 1539 Sullicere
2576 1483 2795 1553 quidem
2847 1491 3077 1552 poterat,
3112 1487 3258 1552 quod
3298 1483 3365 1537 ad
3413 1499 3537 1538 eum
3571 1497 3655 1536 re-

2082 1575 2372 1630 llallendum
2405 1576 2458 1629 in
2497 1574 2767 1646 superiori
2802 1575 3175 1630 confutatione
3209 1575 3486 1640 diximus;
3516 1575 3666 1645 quod

2083 1677 2301 1738 propter
2326 1667 2572 1723 eamdem
2617 1675 3062 1736 argumentorum
3104 1668 3211 1722 vim
3254 1681 3316 1721 ac
3360 1666 3672 1723 similitudi-

2082 1775 2204 1814 nem
2256 1758 2524 1814 ambobus
2581 1770 2968 1828 opponeretur.
3003 1758 3128 1814 .Sed
3182 1760 3440 1829 quoniam
3499 1776 3674 1830 neque

389 1854 513 1908 οὒτε
543 1853 700 1924 ἀνδρὶ
725 1852 867 1906 κατά
893 1853 994 1922 τῆς
1023 1852 1260 1914 πίστεως
1282 1851 1354 1904 τά
1377 1849 1517 1905 αὑτά
1535 1850 1746 1918 λέγοντι
1769 1866 1976 1918 συγχω-

2080 1852 2424 1905 contumacis
2455 1852 2568 1907 oris
2621 1866 2822 1921 equum
2871 1851 3203 1906 iul'renatum
3240 1853 3548 1922 relinquere
3580 1869 3675 1922 par

391 1951 526 2019 ρεῖν,
559 1947 653 2000 καὶ
683 1945 759 2017 μὴ
787 1947 924 2016 πρὸς
956 1945 1119 1997 αὑτὸν
1151 1944 1359 2013 λέγειν’
1400 1941 1555 2005 αὖθις
1585 1941 1839 2014 ἐροῦμεν,
1876 1943 1980 2001 ὅτι,

393 2035 457 2087 Ei
477 2037 575 2107 μὲν
619 2040 674 2092 αἱ
723 2039 1007 2109 περήσεις
1050 2037 1219 2104 ἓξεὼν
1259 2039 1398 2090 εἰσιν
1432 2035 1770 2106 ἀφαιρέσεις,
1805 2034 1866 2086 τὸ
1889 2036 1979 2088 ἐπὶ

387 2129 524 2184 Θεοῦ
575 2130 872 2200 ἀγέννητον
921 2131 1038 2201 ἦτοι
1093 2130 1350 2202 στέρησίς
1382 2131 1528 2182 ἐστιν
1573 2125 1826 2196 ἓξεως.ἦ
1870 2127 1980 2191 ἕξις

390 2225 720 2295 στερήσεως.
762 2224 872 2276 Καὶ
911 2223 1094 2288 πάλιν,
1130 2222 1313 2291 Εἰμὲν
1344 2221 1600 2292 στέρησίς
1625 2222 1774 2273 ἐστιν
1793 2217 1982 2285 ἕξεως,

389 2315 506 2376 πῶς
535 2314 600 2367 ἀν
630 2311 692 2366 τὸ
723 2313 798 2385 μὴ
832 2313 1033 2385 προσὸν
1062 2312 1138 2376 ὡς
1166 2311 1369 2380 προσὸν
1389 2312 1468 2382 τῷ
1493 2310 1613 2381 Θεῴ
1636 2309 1972 2381 συναριθμη-

387 2408 611 2478 θήσεται
630 2423 645 2472 ;

2081 1952 2184 2006 est,
2236 1943 2350 1997 sive
2398 1959 2494 2013 per
2536 1943 2834 2013 praecipitia
2889 1942 3118 2005 feratur,
3171 1944 3286 1997 sive
3340 1944 3673 1998 concitatum

2082 2051 2306 2091 cursum
2365 2036 2726 2105 represserit;
2768 2050 2945 2105 neque
2997 2035 3046 2089 ei
3093 2035 3319 2102 homini,
3359 2037 3451 2106 qui
3486 2037 3676 2090 eadem

2087 2129 2347 2183 adversus
2390 2127 2549 2184 (idem
2585 2129 2848 2193 inculcat,
2881 2128 3078 2184 cedere
3121 2137 3352 2198 oportet,
3381 2137 3440 2182 ut
3483 2145 3589 2182 non
3624 2129 3676 2180 ei

2083 2221 2514 2281 contradicatur,
2544 2221 2690 2275 hunc
2741 2220 2794 2274 in
2844 2219 3062 2274 modum
3123 2221 3330 2275 idcirco
3374 2221 3676 2291 disputabi-

2084 2325 2246 2366 mus:
2276 2309 2335 2364 Si
2371 2312 2707 2382 privationes
2759 2311 2978 2381 quidem
3034 2311 3383 2368 aﬂ‘ectionum
3425 2313 3676 2383 quaedam

2082 2404 2386 2459 ablationes
2422 2406 2554 2469 sint,
2591 2403 2912 2475 ingenitum,
2945 2404 3092 2474 quod
3132 2405 3239 2458 Deo
3283 2405 3559 2468 tribuitur,
3592 2404 3687 2458 vel-

387 2495 691 2558 aﬂ'ectiOnis
734 2503 981 2572 quaedam
1039 2500 1272 2570 privatio
1326 2509 1442 2564 est,
1515 2498 1597 2553 vel
1672 2497 1886 2553 all'ectio
1929 2496 2220 2566 privationi
2276 2496 2546 2566 opposita.
2598 2497 2729 2552 Item
2771 2516 2786 2552 :
2826 2496 2884 2552 Si
2943 2498 3173 2567 privatio
3216 2497 3520 2553 aliectionis
3568 2505 3674 2567 est,

385 2611 624 2666 quonam
679 2603 840 2665 pacto
903 2593 954 2648 id
1003 2592 1149 2662 quod
1199 2608 1306 2644 non
1363 2591 1504 2644 inest
1559 2589 1688 2653 Deo,
1727 2598 1989 2658 tanquam
2026 2587 2179 2651 insit,
2211 2587 2515 2642 tribuitur?

460 2688 534 2742 B'.
574 2687 688 2741 Kal.
725 2686 759 2758 ἢ
799 2685 1054 2748 τοιούτως
1088 2685 1121 2754 ἢ
1149 2683 1407 2746 τοιούτως
1441 2683 1568 2753 περὶ
1595 2682 1732 2734 Θεοῦ
1766 2698 1826 2733 σε
1857 2680 1965 2732 δια.

387 2780 642 2844 νοεῖσθαι,
668 2770 714 2832 ὦ
755 2777 949 2839 Ἀέτιε,
978 2777 1072 2829 καὶ
1094 2776 1236 2839 ἕξεις
1267 2791 1333 2826 πε
1345 2775 1395 2844 pi.
1423 2774 1512 2826 τὸν
1536 2773 1667 2826 Θεὸν
1694 2772 1974 2836 τοπάζειν,

387 2871 538 2924 ἔσται
574 2888 656 2924 σοι
693 2869 793 2941 μὲν
818 2872 852 2940 ἡ
881 2869 1090 2922 διάνοια
1139 2867 1532 2938 στερισκομένη
1549 2865 1739 2918 ⁶.Ὄσα
1776 2864 1885 2934 γὰρ
1911 2862 1976 2915 ἂν

386 2960 634 3032 ὲπαναόῇ
665 2961 698 3030 ή
729 2959 927 3033 καρδία
953 2976 1046 3012 σου
1083 2959 1218 3029 πρὸς
1261 2957 1394 3010 Θεὸν
1427 2955 1804 3013 ἀποτίθεσθαι.
1836 2955 1977 3023 πλὴν

391 3055 553 3122 μόνου
573 3051 669 3106 τοῦ
697 3051 998 3116 πιστεύειν,
1023 3052 1118 3104 καὶ
1145 3047 1613 3121 ὑπερθαυμάζειν,
1645 3047 1737 3099 καὶ
1767 3045 1825 3112 eg
1847 3046 1974 3114 ὅλης

2153 2677 2216 2733 ll.
2249 2677 2328 2732 Ad
2362 2679 2508 2734 hunc
2537 2679 2721 2749 igitur,
2745 2679 2834 2734 vel
2869 2680 2936 2734 ad
2979 2680 3142 2735 istum
3186 2681 3404 2734 modum
3437 2682 3679 2751 cogitare

2076 2778 2255 2839 potes,
2281 2769 2422 2832 Aeti,
2449 2785 2513 2824 ac
2559 2770 2628 2824 de
2649 2770 2759 2827 Deo
2780 2772 3155 2841 conjecturam
3176 2787 3405 2842 capere;
3435 2783 3525 2826 tua
3550 2789 3678 2828 vero

2084 2860 2444 2915 nihilominus
2473 2861 2528 2914 in
2565 2861 2872 2930 privatione
2910 2878 3064 2917 mens
3091 2863 3420 2917 versabitur.
3460 2863 3674 2918 Etenim

2080 2953 2374 3023 quantavis
2417 2969 2478 3008 se
2539 2955 2888 3008 contentione
2943 2955 3160 3009 animus
3213 2961 3340 3010 tuus
3393 2955 3459 3008 ad
3506 2955 3675 3010 Deum

2081 3046 2272 3115 erigat,
2302 3045 2346 3100 si
2380 3046 2553 3100 solam
2587 3045 2768 3110 ﬁdem,
2805 3054 2860 3100 et
2905 3046 3344 3109 admirationem,
3369 3055 3421 3101 et
3459 3048 3674 3101 enixam

386 3142 624 3206 διανοίας
648 3141 912 3206 δοξάζειν,
944 3141 1248 3211 ὲλεγχθήσῃ
1277 3139 1410 3192 Θεὸν
1446 3138 1543 3208 μὲν
1572 3139 1647 3208 μὴ
1680 3137 1976 3207 δυνάμενος

2082 3154 2144 3192 ex
2178 3146 2293 3192 toto
2323 3146 2544 3208 pectore
2571 3139 3010 3207 praedicationem
3051 3138 3314 3208 excipias,
3348 3154 3413 3192 eo
3456 3137 3676 3193 tandem

387 3233 818 3304 συλλογίζεσθαι,
859 3236 997 3305 μήτε
1038 3235 1130 3287 τὸν
1162 3232 1326 3286 αὐτοῦ
1358 3231 1507 3293 Υίὸν,
1547 3233 1684 3302 μήτε
1719 3231 1779 3283 τὸ
1823 3230 1976 3297 ἅγιον

385 3327 552 3380 αὐτοῦ
580 3325 822 3396 Πνεῦμα,
856 3325 943 3378 ἴνα
975 3326 1048 3395 μή
1080 3341 1136 3376 σε
1161 3325 1193 3376 ὁ
1211 3322 1342 3386 Θεὸς
1367 3322 1582 3394 ἐλέγξῃ,
1613 3322 1710 3374 καὶ
1738 3323 1978 3390 ψεύστης

386 3417 542 3487 γένῃ,
575 3415 714 3468 κατά
741 3415 804 3468 τὸ
830 3415 1238 3485 γεγραμμένον.
1259 3413 1347 3464 Ἐν
1378 3414 1510 3483 ήμῖν
1545 3412 1650 3482 γὰρ
1683 3412 1777 3464 καὶ
1813 3411 1973 3474 ἕξεις,

387 3511 482 3564 καὶ
524 3509 594 3562 τὰ
621 3508 922 3578 θελήματα,
955 3507 1050 3560 καὶ
1095 3509 1148 3559 αἱ
1191 3506 1420 3559 διάνοιαι
1467 3504 1762 3574 σφαλεραί’
1792 3503 1977 3573 ἐπειδὴ

385 3602 600 3672 φύσεώς
634 3603 802 3671 ἐσμεν
854 3599 949 3653 καὶ
989 3599 1179 3660 οὐσίας
1213 3597 1486 3667 τοιαύτης.
1504 3597 1668 3659 Φύσις
1717 3595 1773 3648 δὲ
1825 3594 1979 3663 λέγε-

385 3710 476 3746 ται
525 3693 622 3745 καὶ
669 3691 827 3744 οὐσία
864 3687 1020 3742 Θεοῦ.
1059 3689 1169 3741 Καὶ
1205 3687 1266 3739 ού
1303 3686 1451 3756 παρὰ
1483 3687 1545 3740 τὸ
1579 3685 1740 3754 φύσιν
1764 3685 1857 3738 καὶ
1879 3683 1979 3752 φύ-

388 3800 473 3837 σιν
512 3784 664 3854 ἡμᾶς
702 3783 944 3844 ἀκούειν,
979 3782 1074 3833 καὶ
1119 3779 1307 3832 οὐσίαν
1359 3779 1454 3831 καὶ
1505 3778 1711 3838 ουσίαν,
1745 3777 1850 3848 χρὴ
1886 3777 1978 3830 τὸν

385 3875 719 3944 ἀσύγκριτον
791 3874 924 3926 Θεὸν
989 3876 1058 3942 τῇ
1116 3873 1364 3942 ἡμετέρᾳ.
1423 3870 1737 3942 συγκρίνειν
1795 3870 1975 3938 φύσει.

387 3965 574 4028 οὕτως
615 3966 710 4018 καὶ
755 3967 848 4018 ἐπὶ
905 3967 1104 4030 πᾶσιν,
1157 3961 1237 4028 οἷς
1285 3965 1382 4016 ἐὰν
1417 3965 1576 4034 εἴπῃς
1611 3962 1742 4033 περὶ
1793 3961 1928 4015 Θεοῦ
1962 4004 1976 4025 ,

387 4058 434 4112 ὅ)
468 4059 660 4123 Ἀέτιε,
697 4058 830 4112 αὑτὸ
862 4059 982 4111 ὅλον
1033 4059 1182 4111 ἐστὶν
1214 4057 1586 4127 ἀσύμπλοκον,
1619 4055 1975 4125 ἀσύγκριτον,

386 4152 591 4205 τέλειον
669 4152 726 4203 ὲν
780 4149 998 4221 ἑαυτῷ,
1059 4150 1135 4221 μὴ
1193 4150 1539 4220 ἐπιδεόμενόν
1584 4166 1749 4212 τινος.
1807 4149 1978 4201 Αὐτο-

391 4245 646 4316 αίσθησις
691 4245 800 4316 γάρ
843 4247 958 4298 ἐστι
1006 4246 1098 4298 καὶ
1136 4243 1499 4314 αὑτοθέλημα.
1532 4242 1623 4296 Διὸ
1648 4242 1978 4312 ἀσύγκριτον

390 4336 658 4406 μονογενῆ
689 4321 816 4389 Υἱὸν
846 4337 1192 4407 ἀσυγκρίτως
1230 4336 1518 4406 γεννήσας,
1551 4332 1674 4386 οὔτε
1707 4334 1808 4402 τῆς
1846 4334 1972 4386 έαυ-

383 4427 481 4480 τοῦ
515 4427 806 4498 ἐστέρηται
836 4427 1046 4491 οὐσίας,
1073 4425 1197 4480 οῦτε
1245 4427 1344 4496 τῆς
1367 4425 1614 4478 ’ἑαυτοῦ⁸
1644 4423 1977 4494 γεγεννημέ-

2083 3229 2366 3301 redigcris,
2393 3239 2454 3284 ut
2479 3239 2739 3300 appareat
2766 3231 2932 3286 Deum
2962 3239 3014 3285 te
3048 3231 3559 3285 ratiocinationibus
3593 3246 3678 3286 as-

2080 3323 2232 3391 sequi
2266 3323 2491 3376 minime
2529 3323 2796 3392 potuisse,
2829 3337 2929 3376 nec
2955 3321 3130 3392 ipsius
3161 3319 3381 3378 Filium.
3421 3337 3520 3375 nec
3554 3321 3679 3390 Spi-

2079 3414 2244 3468 ritum
2281 3421 2556 3478 sanctum,
2588 3429 2656 3468 ne
2707 3423 2760 3468 te
2798 3416 3087 3470 convincat
3135 3413 3298 3479 Deus,
3339 3429 3403 3467 ac
3456 3415 3678 3468 menda-

2079 3506 2148 3560 cii
2180 3510 2496 3577 redarguat,
2529 3514 2588 3561 ut
2622 3507 2893 3576 scriptum
2942 3513 3048 3562 est.
3099 3508 3240 3577 Ergo
3277 3515 3331 3561 et
3365 3505 3678 3561 aﬂ'ectiones

2080 3600 2134 3653 in
2178 3599 2358 3664 nobis,
2389 3606 2446 3653 et
2486 3599 2820 3665 voluntates,
2851 3607 2906 3654 et
2943 3598 3304 3670 c03itationes
3348 3599 3590 3662 lubricat,
3621 3607 3680 3652 et

2080 3694 2134 3745 in
2164 3707 2406 3747 errorem
2437 3707 2624 3761 prome
2675 3701 2824 3758 sunt,
2857 3691 3297 3762 quandoquidem
3347 3707 3411 3746 ea
3470 3698 3678 3746 natura:

2078 3783 2390 3838 conditione
2428 3798 2642 3838 sumus.
2689 3781 2891 3836 Natura
2923 3797 3084 3850 porro
3131 3781 3221 3837 Dei
3274 3790 3329 3836 et
3373 3782 3677 3837 substantia

2078 3874 2300 3929 dicitur.
2345 3873 2499 3940 Quod
2534 3882 2718 3928 autem
2759 3883 3013 3928 naturam
3047 3889 3112 3929 ac
3149 3882 3424 3939 naturam,
3458 3882 3514 3927 et
3547 3873 3677 3928 sub-

2079 3967 2335 4021 stantiam
2369 3973 2533 4034 atque
2565 3965 2928 4021 substantiam
2955 3965 3246 4036 audimus,
3293 3980 3401 4020 non
3441 3966 3561 4021 ideo
3593 3967 3677 4020 in-

2079 4057 2502 4127 comparabilem
2558 4067 2774 4127 oportet
2823 4057 2991 4112 Deum
3050 4073 3176 4111 cum
3236 4070 3430 4111 natura
3489 4065 3676 4111 nostra

2080 4147 2348 4202 conferre.
2389 4147 2591 4202 Eadem
2633 4156 2688 4202 et
2742 4148 2944 4217 ubique
2984 4149 3126 4202 ratio
3171 4155 3277 4212 est,
3307 4145 3571 4216 quidquid
3605 4148 3676 4201 de

2085 4239 2193 4292 Deo
2231 4237 2504 4294 allirmare
2531 4239 2787 4293 volueris.
2825 4238 2925 4293 Est
2953 4237 3098 4292 enim
3132 4237 3426 4306 ejusmodi,
3456 4245 3514 4290 ut
3546 4253 3672 4291 cum

2084 4330 2231 4383 nullo
2274 4330 2383 4383 alio
2425 4329 2778 4384 commisceri
2831 4337 2927 4382 aut
2977 4329 3284 4398 comparari
3321 4330 3512 4397 possit,
3556 4345 3676 4398 per-

2084 4423 2284 4477 lectum
2320 4423 2373 4476 in
2408 4437 2551 4484 sese,
2587 4437 2651 4476 ac
2701 4423 2777 4477 rei
2835 4423 3039 4478 nullius
3084 4421 3350 4492 indigens.
3407 4421 3674 4477 enim

385 4535 500 4579 νον,
531 4517 692 4588 μόνον
715 4520 779 4571 ὲκ
815 4518 998 4588 μόνου,
1037 4515 1131 4570 καὶ
1158 4517 1219 4569 τὸ
1252 4516 1406 4584 ἅγιον
1430 4514 1595 4568 αὑτοῦ
1627 4513 1872 4584 Πνεῦμα,
1899 4512 1974 4583 μὴ

2083 4533 2176 4586 per
2205 4531 2266 4571 se
2293 4516 2411 4586 ipse
2443 4531 2642 4570 sensus
2670 4524 2726 4569 et
2758 4529 2853 4582 per
2885 4529 2944 4569 se
2976 4515 3247 4568 voluntas.
3290 4512 3443 4568 Unde
3471 4515 3679 4580 incom-

389 4608 581 4678 ἔχοντα
605 4608 742 4680 πρὸς
760 4608 829 4660 τὰ
854 4607 988 4661 ἄλλα
1016 4607 1236 4678 ἰσότητα
1261 4607 1293 4678 ἢ
1325 4606 1655 4676 ἀξιώματος,
1677 4606 1710 4676 ἢ
1737 4604 1972 4675 φύσεως,

389 4701 424 4772 ἢ
459 4701 650 4771 ἑτέρας
680 4700 825 4763 τινὸς
847 4699 1179 4763 ὑποθέσεως,
1205 4701 1303 4769 οὐχ
1327 4698 1491 4753 ἑαυτὸ
1519 4699 1834 4769 ἐστέρησεν,
1853 4696 1977 4749 οὔτε

390 4793 532 4847 κατὰ
573 4792 705 4859 ἕξιν,
733 4793 858 4846 οὔτε
893 4793 1033 4846 κατά
1062 4792 1251 4845 οὐσίαν
1297 4793 1398 4861 τῆς
1441 4790 1778 4861 ἀσυγκρίτου
1809 4789 1975 4844 αὐτοῦ

390 4887 662 4959 θεότητος,
695 4886 818 4941 οὔτε
842 4886 904 4940 τὸ
936 4887 997 4951 ἐξ
1035 4887 1222 4950 αὐτοῦ,
1250 4887 1325 4950 ὡς
1360 4886 1516 4956 ἔφην,
1543 4885 1791 4955 γέννημα
1823 4884 1975 4936 ἐστέ-

391 4997 556 5052 ρηται
582 4979 682 5050 τῆς
710 4977 808 5032 τοῦ
841 4979 1054 5050 Πατρὸς
1085 4979 1244 5045 ἀξίας
1282 4979 1375 5032 καλ⁵
1410 4979 1673 5047 ἰσότητος,
1705 4975 1972 5046 ἀσύγκρι-

389 5089 482 5124 τον
509 5069 592 5134 ὃν,
623 5071 719 5123 καὶ
749 5070 810 5124 τὸ
835 5069 988 5138 ἅγιον
1017 5069 1182 5124 αὑτοῦ
1211 5069 1432 5138 Πνεῦμα
1465 5069 1602 5139 πρὸς
1635 5068 1745 5120 πᾶν
1775 5066 1973 5121 ὁτιοῦνσ

387 5164 528 5236 ᾇπερ
557 5163 674 5216 ἐστὶ
706 5163 878 5233 Τριάς
914 5162 1115 5225 τελεία,
1144 5162 1348 5225 τέ-λειος
1392 5164 1420 5214 ὁ
1470 5162 1678 5233 Πατήρ,
1721 5160 1922 5222 τέλειος
1950 5162 1979 5211 ὁ

393 5255 544 5319 Υἱὸς,
572 5254 777 5308 τέλειον
803 5256 862 5308 τὸ
885 5255 1041 5323 ἆγιον
1078 5256 1322 5324 Πνεῦμα,
1355 5256 1417 5307 οὐ
1450 5254 1744 5324 συναλοιφή
1770 5270 1855 5316 τις
1885 5249 1977 5305 οῦ-

393 5361 484 5409 σα,
511 5345 633 5398 οὐδὲ
672 5345 808 5416 πρὸς
838 5346 1034 5417 ἑαυτὴν
1063 5333 1459 5418 διαφυρομένη,
1489 5346 1612 5398 οὐδὲ
1639 5363 1692 5398 τι
1723 5347 1780 5398 ἐν
1809 5345 1977 5413 ἑαυτῇ

393 5436 593 5507 ἔχουσα
623 5437 987 5508 ύποΰεϐηκὸς,
1014 5439 1098 5492 ἵνα
1126 5439 1201 5510 μὴ
1223 5439 1284 5492 τὸ
1307 5438 1717 5508 διακρινόμενον
1739 5437 1976 5506 ἀφανίζῃ

393 5527 455 5582 τὸ
488 5527 839 5598 ἀσύγκριτον,
871 5530 964 5581 καὶ
995 5530 1059 5582 τὸ
1091 5530 1452 5599 ἠλλοιωμένον
1489 5529 1744 5600 στέρησιν
1773 5527 1868 5580 τοῦ
1897 5522 1974 5578 εἷ-

391 5636 484 5674 ναι
527 5621 852 5689 ἐργάσηται,
882 5621 992 5685 ἕξει
1027 5621 1186 5690 μόνον
1211 5621 1525 5692 λεγόμενον,
1570 5620 1661 5672 καὶ
1702 5619 1801 5670 οὐκ
1848 5619 1978 5687 ἀλη-

501 5737 515 5766 ¹
549 5731 608 5786 [δ’.
643 5735 703 5787 οὐ
736 5735 869 5805 φείδ.

399 5803 421 5837 ⁷
453 5804 587 5862 ibid.
625 5805 688 5858 10

998 5739 1015 5767 ²
1053 5735 1108 5789 1⁷.
1144 5737 1320 5805 ἀφείς.
1461 5737 1478 5767 ³
1504 5737 1626 5792 Cor.
1655 5735 1772 5788 im".
1801 5736 1897 5786 6:3.

2080 4610 2376 4680 parabilem
2400 4609 2733 4678 unicutnque
2764 4607 2961 4662 Filium
2989 4609 3108 4664 sine
3135 4608 3242 4661 ulla
3270 4607 3678 4675 comparatione

2077 4704 2327 4771 gignens,
2366 4716 2464 4755 nec
2510 4699 2818 4755 substantia
2853 4699 2969 4768 ipse
3017 4715 3118 4752 sua
3163 4699 3408 4767 privatus
3437 4706 3540 4761 est,
3577 4714 3676 4750 nec

2080 4795 2190 4857 ille,
2213 4808 2374 4862 quem
2401 4809 2467 4846 ex
2507 4808 2630 4846 sese
2655 4792 2830 4846 solum
2863 4807 2930 4844 ex
2954 4792 3070 4846 solo
3099 4791 3306 4860 genuit,
3342 4806 3518 4861 neque
3551 4789 3675 4860 Spi-

2078 4885 2219 4938 ritus
2247 4892 2492 4938 sanctus.
2523 4881 2628 4948 Qui
2659 4882 2822 4935 ambo
2852 4881 3056 4934 nullam
3097 4897 3222 4935 cum
3266 4882 3480 4935 caeteris
3511 4883 3676 4937 rebus

2078 4975 2362 5047 dignitatis
2398 4984 2624 5036 naturae,
2658 4973 2740 5027 vel
2773 4973 2999 5028 alterius
3048 4974 3124 5027 rei
3169 4975 3534 5044 aequalitatem
3578 4973 3676 5026 ha-

2079 5071 2226 5125 bent.
2282 5068 2469 5139 Neque
2517 5081 2646 5122 vero
2695 5067 3061 5135 semetipsum,
3103 5067 3354 5135 privavit,
3391 5067 3506 5120 sive
3543 5064 3675 5119 all'e-

2081 5163 2340 5224 ctinnem,
2371 5161 2486 5216 sive
2515 5159 2966 5229 incomparabilis
2995 5159 3171 5229 ipsius
3204 5158 3672 5212 divinitatisssub-

2081 5253 2337 5309 stantiam
2383 5259 2632 5320 spectes;
2688 5266 2789 5305 nec
2846 5250 3034 5311 illius,
3094 5251 3171 5302 uti
3224 5249 3375 5313 dixi,
3455 5247 3674 5305 soboles

2081 5351 2287 5398 mterno
2328 5340 2617 5411 splendore
2663 5351 2746 5394 est
2801 5350 2855 5394 et
2901 5339 3212 5408 aequalitate
3257 5339 3510 5407 privata:
3555 5353 3674 5405 quae

2085 5434 2310 5503 perinde
2339 5450 2402 5486 ac
2433 5431 2670 5501 Spisitus
2697 5439 2926 5486 sanctus
2954 5445 3078 5483 utin
3121 5431 3270 5482 nullo
3299 5430 3406 5482 alio
3439 5433 3492 5482 in
3523 5445 3672 5481 com-

2087 5527 2426 5594 parationem
2456 5523 2650 5579 deduci
2688 5521 2854 5592 96a
2883 5529 3063 5589 potest
3091 5541 3102 5574 :
3134 5537 3256 5590 qua:
3304 5530 3390 5574 est
3436 5521 3675 5588 perlecta

2085 5618 2348 5682 Trinitas,
2397 5619 2702 5686 perlectus,
2757 5617 3000 5682 inquam,
3039 5612 3218 5689 Pater,
3263 5613 3534 5681 perfectus
3587 5610 3676 5661 l-‘i-

2045 5732 2068 5764 δ
2094 5751 2178 5804 πρ.
2218 5730 2687 5805 περικεκομμένη.
2783 5728 2804 5757 ⁸
2829 5727 2993 5782 Deest
3032 5726 3106 5779 τό.
3210 5725 3226 5756 ⁵
3252 5721 3408 5788 Psal.
3434 5736 3558 5787 ου’,
3592 5721 3673 5773 ll.
