  <div class='ocr_page' id='page_1' title='image "/cluster/home/n/w/nwhite01/storage/ocr_20150623/42/nnc1.0046978682/325.png"; bbox 0 0 4134 6392; ppageno 0'>
   <div class='ocr_carea' id='block_1_1' title="bbox 441 357 549 414">
    <p class='ocr_par' dir='ltr' id='par_1_1' title="bbox 441 357 549 414">
     <span class='ocr_line' id='line_1_1' title="bbox 441 357 549 414; baseline 0 -1"><span class='ocrx_word' id='word_1_1' title='bbox 441 357 549 414; x_wconf 77' lang='lat'><strong>595</strong></span> 
     </span>
    </p>
   </div>
   <div class='ocr_carea' id='block_1_2' title="bbox 1854 364 2292 421">
    <p class='ocr_par' dir='ltr' id='par_1_2' title="bbox 1854 364 2292 421">
     <span class='ocr_line' id='line_1_2' title="bbox 1854 364 2292 421; baseline -0.002 0"><span class='ocrx_word' id='word_1_2' title='bbox 1854 367 1910 421; x_wconf 91' lang='lat' dir='ltr'><strong>S.</strong></span> <span class='ocrx_word' id='word_1_3' title='bbox 1953 364 2292 421; x_wconf 71' lang='lat' dir='ltr'><strong>EPIPHANII</strong></span> 
     </span>
    </p>
   </div>
   <div class='ocr_carea' id='block_1_3' title="bbox 3611 360 3734 420">
    <p class='ocr_par' dir='ltr' id='par_1_3' title="bbox 3611 360 3734 420">
     <span class='ocr_line' id='line_1_3' title="bbox 3611 360 3734 420; baseline 0.016 -3"><span class='ocrx_word' id='word_1_4' title='bbox 3611 360 3715 420; x_wconf 77' lang='lat'><strong>596</strong></span> <span class='ocrx_word' id='word_1_5' title='bbox 3731 383 3734 386; x_wconf 64' lang='grc'><strong>’</strong></span> 
     </span>
    </p>
   </div>
   <div class='ocr_carea' id='block_1_4' title="bbox 441 477 2032 560">
    <p class='ocr_par' dir='ltr' id='par_1_4' title="bbox 441 477 2032 556">
     <span class='ocr_line' id='line_1_4' title="bbox 441 477 2032 556; baseline 0.004 -19"><span class='ocrx_word' id='word_1_6' title='bbox 441 477 574 544; x_wconf 86' lang='lat' dir='ltr'><strong>lius,</strong></span> <span class='ocrx_word' id='word_1_7' title='bbox 609 481 882 550; x_wconf 81' lang='lat' dir='ltr'><strong>perfectus</strong></span> <span class='ocrx_word' id='word_1_8' title='bbox 917 479 1154 551; x_wconf 77' lang='lat' dir='ltr'><strong>Spiritus</strong></span> <span class='ocrx_word' id='word_1_9' title='bbox 1197 492 1442 538; x_wconf 85' lang='lat' dir='ltr'><strong>sanctus.</strong></span> <span class='ocrx_word' id='word_1_10' title='bbox 1487 484 1618 551; x_wconf 69' lang='lat' dir='ltr'><strong>Quae</strong></span> <span class='ocrx_word' id='word_1_11' title='bbox 1653 487 1874 556; x_wconf 87' lang='lat' dir='ltr'><strong>quidem</strong></span> <span class='ocrx_word' id='word_1_12' title='bbox 1911 486 2032 542; x_wconf 85' lang='lat' dir='ltr'><strong>Trt-</strong></span> 
     </span>
    </p>
   </div>
   <div class='ocr_carea' id='block_1_5' title="bbox 2137 477 3710 560">
    <p class='ocr_par' dir='ltr' id='par_1_5' title="bbox 2137 485 3710 560">
     <span class='ocr_line' id='line_1_5' title="bbox 2137 485 3710 560; baseline -0.005 -18"><span class='ocrx_word' id='word_1_13' title='bbox 2137 489 2286 560; x_wconf 75' lang='grc' dir='ltr'>θεία·</span> <span class='ocrx_word' id='word_1_14' title='bbox 2318 488 2351 559; x_wconf 78' lang='grc' dir='ltr'>ἢ</span> <span class='ocrx_word' id='word_1_15' title='bbox 2383 487 2458 552; x_wconf 84' lang='grc' dir='ltr'>ὡς</span> <span class='ocrx_word' id='word_1_16' title='bbox 2486 489 2624 560; x_wconf 75' lang='grc' dir='ltr'>ψιλῷ</span> <span class='ocrx_word' id='word_1_17' title='bbox 2653 490 2794 558; x_wconf 86' lang='grc' dir='ltr'>λόγῳ</span> <span class='ocrx_word' id='word_1_18' title='bbox 2821 486 3218 558; x_wconf 77' lang='grc' dir='ltr'>ὀνομαζόμενον</span> <span class='ocrx_word' id='word_1_19' title='bbox 3250 487 3308 538; x_wconf 81' lang='grc' dir='ltr'>ἐν</span> <span class='ocrx_word' id='word_1_20' title='bbox 3338 485 3577 556; x_wconf 82' lang='grc' dir='ltr'>παρόδῳ,</span> <span class='ocrx_word' id='word_1_21' title='bbox 3616 486 3710 538; x_wconf 78' lang='grc' dir='ltr'><strong>καὶ</strong></span> 
     </span>
    </p>
   </div>
   <div class='ocr_carea' id='block_1_6' title="bbox 444 571 2028 648">
    <p class='ocr_par' dir='ltr' id='par_1_6' title="bbox 444 571 2028 648">
     <span class='ocr_line' id='line_1_6' title="bbox 444 571 2028 648; baseline 0.006 -23"><span class='ocrx_word' id='word_1_22' title='bbox 444 572 592 626; x_wconf 77' lang='lat' dir='ltr'><strong>nitas</strong></span> <span class='ocrx_word' id='word_1_23' title='bbox 614 571 666 624; x_wconf 89' lang='lat' dir='ltr'><strong>in</strong></span> <span class='ocrx_word' id='word_1_24' title='bbox 699 585 759 625; x_wconf 91' lang='lat' dir='ltr'><strong>se</strong></span> <span class='ocrx_word' id='word_1_25' title='bbox 788 585 896 625; x_wconf 90' lang='lat' dir='ltr'><strong>non</strong></span> <span class='ocrx_word' id='word_1_26' title='bbox 925 571 1180 627; x_wconf 79' lang='lat' dir='ltr'><strong>confusio</strong></span> <span class='ocrx_word' id='word_1_27' title='bbox 1220 574 1401 644; x_wconf 87' lang='lat' dir='ltr'><strong>aliqua</strong></span> <span class='ocrx_word' id='word_1_28' title='bbox 1434 583 1540 639; x_wconf 87' lang='lat' dir='ltr'><strong>est,</strong></span> <span class='ocrx_word' id='word_1_29' title='bbox 1574 585 1669 631; x_wconf 92' lang='lat' dir='ltr'><strong>aut</strong></span> <span class='ocrx_word' id='word_1_30' title='bbox 1712 579 1768 632; x_wconf 87' lang='lat' dir='ltr'><strong>in</strong></span> <span class='ocrx_word' id='word_1_31' title='bbox 1812 594 1872 634; x_wconf 91' lang='lat' dir='ltr'><strong>se</strong></span> <span class='ocrx_word' id='word_1_32' title='bbox 1910 579 2028 648; x_wconf 89' lang='lat' dir='ltr'><strong>ipsa</strong></span> 
     </span>
    </p>
   </div>
   <div class='ocr_carea' id='block_1_7' title="bbox 448 661 2028 740">
    <p class='ocr_par' dir='ltr' id='par_1_7' title="bbox 448 661 2028 740">
     <span class='ocr_line' id='line_1_7' title="bbox 448 661 2028 740; baseline 0.008 -27"><span class='ocrx_word' id='word_1_33' title='bbox 448 661 910 729; x_wconf 72' lang='lat' dir='ltr'><strong>perturbationem</strong></span> <span class='ocrx_word' id='word_1_34' title='bbox 957 661 1124 715; x_wconf 86' lang='lat' dir='ltr'><strong>ullam</strong></span> <span class='ocrx_word' id='word_1_35' title='bbox 1167 663 1350 728; x_wconf 87' lang='lat' dir='ltr'><strong>habet,</strong></span> <span class='ocrx_word' id='word_1_36' title='bbox 1394 677 1488 720; x_wconf 88' lang='lat' dir='ltr'><strong>aut</strong></span> <span class='ocrx_word' id='word_1_37' title='bbox 1537 667 1841 738; x_wconf 85' lang='lat' dir='ltr'><strong>quidpiam,</strong></span> <span class='ocrx_word' id='word_1_38' title='bbox 1881 671 2028 740; x_wconf 91' lang='lat' dir='ltr'><strong>quod</strong></span> 
     </span>
    </p>
   </div>
   <div class='ocr_carea' id='block_1_8' title="bbox 445 751 2028 832">
    <p class='ocr_par' dir='ltr' id='par_1_8' title="bbox 445 751 2028 832">
     <span class='ocr_line' id='line_1_8' title="bbox 445 751 2028 832; baseline 0.009 -28"><span class='ocrx_word' id='word_1_39' title='bbox 445 751 726 808; x_wconf 79' lang='lat' dir='ltr'><strong>inferioris</strong></span> <span class='ocrx_word' id='word_1_40' title='bbox 749 753 1080 809; x_wconf 84' lang='lat' dir='ltr'><strong>conditionis</strong></span> <span class='ocrx_word' id='word_1_41' title='bbox 1113 755 1205 820; x_wconf 83' lang='lat' dir='ltr'><strong>sit,</strong></span> <span class='ocrx_word' id='word_1_42' title='bbox 1245 772 1312 812; x_wconf 90' lang='lat' dir='ltr'><strong>ne</strong></span> <span class='ocrx_word' id='word_1_43' title='bbox 1343 758 1388 812; x_wconf 92' lang='lat' dir='ltr'><strong>si</strong></span> <span class='ocrx_word' id='word_1_44' title='bbox 1420 757 1770 815; x_wconf 80' lang='lat' dir='ltr'><strong>discernatur</strong></span> <span class='ocrx_word' id='word_1_45' title='bbox 1800 762 2028 832; x_wconf 87' lang='lat' dir='ltr'><strong>aliquid.</strong></span> 
     </span>
    </p>
   </div>
   <div class='ocr_carea' id='block_1_9' title="bbox 443 842 2029 924">
    <p class='ocr_par' dir='ltr' id='par_1_9' title="bbox 443 842 2029 924">
     <span class='ocr_line' id='line_1_9' title="bbox 443 842 2029 924; baseline 0.009 -30"><span class='ocrx_word' id='word_1_46' title='bbox 443 842 874 914; x_wconf 89' lang='lat' dir='ltr'><strong>incomparabile</strong></span> <span class='ocrx_word' id='word_1_47' title='bbox 911 845 1089 914; x_wconf 90' lang='lat' dir='ltr'><strong>ipsum</strong></span> <span class='ocrx_word' id='word_1_48' title='bbox 1132 847 1287 902; x_wconf 88' lang='lat' dir='ltr'><strong>tollat</strong></span> <span class='ocrx_word' id='word_1_49' title='bbox 1317 864 1350 904; x_wconf 89' lang='lat' dir='ltr'><strong>e</strong></span> <span class='ocrx_word' id='word_1_50' title='bbox 1388 850 1599 918; x_wconf 90' lang='lat' dir='ltr'><strong>medio;</strong></span> <span class='ocrx_word' id='word_1_51' title='bbox 1646 859 1740 905; x_wconf 92' lang='lat' dir='ltr'><strong>aut</strong></span> <span class='ocrx_word' id='word_1_52' title='bbox 1799 852 1845 908; x_wconf 92' lang='lat' dir='ltr'><strong>si</strong></span> <span class='ocrx_word' id='word_1_53' title='bbox 1896 855 2029 924; x_wconf 88' lang='lat' dir='ltr'><strong>quid</strong></span> 
     </span>
    </p>
   </div>
   <div class='ocr_carea' id='block_1_10' title="bbox 441 936 2027 1013">
    <p class='ocr_par' dir='ltr' id='par_1_10' title="bbox 441 936 2027 1013">
     <span class='ocr_line' id='line_1_10' title="bbox 441 936 2027 1013; baseline 0.009 -26"><span class='ocrx_word' id='word_1_54' title='bbox 441 943 836 990; x_wconf 85' lang='lat' dir='ltr'><strong>commutatum</strong></span> <span class='ocrx_word' id='word_1_55' title='bbox 879 936 1062 1002; x_wconf 78' lang='lat' dir='ltr'><strong>fuerit,</strong></span> <span class='ocrx_word' id='word_1_56' title='bbox 1093 954 1218 996; x_wconf 88' lang='lat' dir='ltr'><strong>esse</strong></span> <span class='ocrx_word' id='word_1_57' title='bbox 1260 941 1474 996; x_wconf 85' lang='lat' dir='ltr'><strong>desinat</strong></span> <span class='ocrx_word' id='word_1_58' title='bbox 1502 943 1806 1013; x_wconf 77' lang='lat' dir='ltr'><strong>privatione</strong></span> <span class='ocrx_word' id='word_1_59' title='bbox 1837 947 2027 1002; x_wconf 83' lang='lat' dir='ltr'><strong>subla-</strong></span> 
     </span>
    </p>
   </div>
   <div class='ocr_carea' id='block_1_11' title="bbox 443 1029 2030 1103">
    <p class='ocr_par' dir='ltr' id='par_1_11' title="bbox 443 1029 2030 1103">
     <span class='ocr_line' id='line_1_11' title="bbox 443 1029 2030 1103; baseline 0.008 -23"><span class='ocrx_word' id='word_1_60' title='bbox 443 1040 581 1093; x_wconf 88' lang='lat' dir='ltr'><strong>tum,</strong></span> <span class='ocrx_word' id='word_1_61' title='bbox 614 1043 678 1083; x_wconf 91' lang='lat' dir='ltr'><strong>ac</strong></span> <span class='ocrx_word' id='word_1_62' title='bbox 718 1029 834 1086; x_wconf 89' lang='lat' dir='ltr'><strong>sola</strong></span> <span class='ocrx_word' id='word_1_63' title='bbox 863 1029 1203 1100; x_wconf 83' lang='lat' dir='ltr'><strong>habitudine,</strong></span> <span class='ocrx_word' id='word_1_64' title='bbox 1241 1048 1351 1089; x_wconf 90' lang='lat' dir='ltr'><strong>non</strong></span> <span class='ocrx_word' id='word_1_65' title='bbox 1396 1049 1464 1090; x_wconf 79' lang='lat' dir='ltr'><strong>ex</strong></span> <span class='ocrx_word' id='word_1_66' title='bbox 1509 1036 1598 1090; x_wconf 87' lang='lat' dir='ltr'><strong>rei‘</strong></span> <span class='ocrx_word' id='word_1_67' title='bbox 1633 1036 1890 1103; x_wconf 84' lang='lat' dir='ltr'><strong>veritate;</strong></span> <span class='ocrx_word' id='word_1_68' title='bbox 1938 1048 2030 1093; x_wconf 92' lang='lat' dir='ltr'><strong>aut</strong></span> 
     </span>
    </p>
   </div>
   <div class='ocr_carea' id='block_1_12' title="bbox 443 1123 2071 1200">
    <p class='ocr_par' dir='ltr' id='par_1_12' title="bbox 443 1123 2071 1200">
     <span class='ocr_line' id='line_1_12' title="bbox 443 1123 2071 1200; baseline 0.01 -29"><span class='ocrx_word' id='word_1_69' title='bbox 443 1135 576 1175; x_wconf 91' lang='lat' dir='ltr'><strong>voce</strong></span> <span class='ocrx_word' id='word_1_70' title='bbox 615 1128 775 1177; x_wconf 88' lang='lat' dir='ltr'><strong>tenus</strong></span> <span class='ocrx_word' id='word_1_71' title='bbox 814 1124 905 1186; x_wconf 87' lang='lat' dir='ltr'><strong>sit,</strong></span> <span class='ocrx_word' id='word_1_72' title='bbox 944 1123 1229 1194; x_wconf 84' lang='lat' dir='ltr'><strong>obiterque</strong></span> <span class='ocrx_word' id='word_1_73' title='bbox 1269 1127 1644 1196; x_wconf 87' lang='lat' dir='ltr'><strong>nominatum;</strong></span> <span class='ocrx_word' id='word_1_74' title='bbox 1689 1144 1755 1184; x_wconf 82' lang='lat' dir='ltr'><strong>ac</strong></span> <span class='ocrx_word' id='word_1_75' title='bbox 1795 1129 2031 1200; x_wconf 81' lang='lat' dir='ltr'><strong>denique</strong></span> <span class='ocrx_word' id='word_1_76' title='bbox 2059 1175 2071 1192; x_wconf 84' lang='lat'><strong>.</strong></span> 
     </span>
    </p>
   </div>
   <div class='ocr_carea' id='block_1_13' title="bbox 2136 574 3718 652">
    <p class='ocr_par' dir='ltr' id='par_1_13' title="bbox 2136 574 3718 652">
     <span class='ocr_line' id='line_1_13' title="bbox 2136 574 3718 652; baseline -0.016 0"><span class='ocrx_word' id='word_1_77' title='bbox 2136 582 2210 652; x_wconf 70' lang='grc' dir='ltr'>μὴ</span> <span class='ocrx_word' id='word_1_78' title='bbox 2243 581 2324 644; x_wconf 75' lang='grc' dir='ltr'><strong>δ’νν</strong></span> <span class='ocrx_word' id='word_1_79' title='bbox 2356 581 2433 645; x_wconf 81' lang='grc' dir='ltr'>ὡς</span> <span class='ocrx_word' id='word_1_80' title='bbox 2475 583 2508 651; x_wconf 80' lang='grc' dir='ltr'>ἡ</span> <span class='ocrx_word' id='word_1_81' title='bbox 2552 583 2620 650; x_wconf 84' lang='grc' dir='ltr'>σὴ</span> <span class='ocrx_word' id='word_1_82' title='bbox 2664 582 2880 642; x_wconf 83' lang='grc' dir='ltr'>πάντως</span> <span class='ocrx_word' id='word_1_83' title='bbox 2907 582 3236 652; x_wconf 82' lang='grc' dir='ltr'>περινοεῖται</span> <span class='ocrx_word' id='word_1_84' title='bbox 3267 579 3493 640; x_wconf 81' lang='grc' dir='ltr'><strong>διάνοια,</strong></span> <span class='ocrx_word' id='word_1_85' title='bbox 3518 574 3718 642; x_wconf 68' lang='grc' dir='ltr'>ἀποξεο</span> 
     </span>
    </p>
   </div>
   <div class='ocr_carea' id='block_1_14' title="bbox 2133 670 3719 743">
    <p class='ocr_par' dir='ltr' id='par_1_14' title="bbox 2133 670 3719 743">
     <span class='ocr_line' id='line_1_14' title="bbox 2133 670 3719 743; baseline -0.001 -19"><span class='ocrx_word' id='word_1_86' title='bbox 2133 673 2302 726; x_wconf 87' lang='grc' dir='ltr'>νῶσαι</span> <span class='ocrx_word' id='word_1_87' title='bbox 2341 673 2658 743; x_wconf 82' lang='grc' dir='ltr'><strong>πειρωμένη</strong></span> <span class='ocrx_word' id='word_1_88' title='bbox 2709 671 2804 724; x_wconf 84' lang='grc' dir='ltr'><strong>τοῦ</strong></span> <span class='ocrx_word' id='word_1_89' title='bbox 2845 674 2945 741; x_wconf 78' lang='grc' dir='ltr'>τῆς</span> <span class='ocrx_word' id='word_1_90' title='bbox 2990 670 3223 733; x_wconf 86' lang='grc' dir='ltr'>πίστεως</span> <span class='ocrx_word' id='word_1_91' title='bbox 3266 671 3448 736; x_wconf 83' lang='grc' dir='ltr'><strong>λόγου,</strong></span> <span class='ocrx_word' id='word_1_92' title='bbox 3483 670 3565 722; x_wconf 77' lang='grc' dir='ltr'>ὅτι</span> <span class='ocrx_word' id='word_1_93' title='bbox 3617 673 3719 723; x_wconf 81' lang='grc' dir='ltr'>Πι-</span> 
     </span>
    </p>
   </div>
   <div class='ocr_carea' id='block_1_15' title="bbox 2133 760 3714 831">
    <p class='ocr_par' dir='ltr' id='par_1_15' title="bbox 2133 760 3714 831">
     <span class='ocr_line' id='line_1_15' title="bbox 2133 760 3714 831; baseline -0.002 -16"><span class='ocrx_word' id='word_1_94' title='bbox 2133 764 2376 817; x_wconf 78' lang='grc' dir='ltr'>στεὺειν</span> <span class='ocrx_word' id='word_1_95' title='bbox 2424 763 2517 816; x_wconf 84' lang='grc' dir='ltr'>δεῖ</span> <span class='ocrx_word' id='word_1_96' title='bbox 2554 763 2664 816; x_wconf 79' lang='grc' dir='ltr'><strong>τόν</strong></span> <span class='ocrx_word' id='word_1_97' title='bbox 2707 764 3196 831; x_wconf 76' lang='grc' dir='ltr'><strong>προσερχόμενον</strong></span> <span class='ocrx_word' id='word_1_98' title='bbox 3240 760 3382 826; x_wconf 78' lang='grc' dir='ltr'>Θεῷ,</span> <span class='ocrx_word' id='word_1_99' title='bbox 3429 760 3519 813; x_wconf 81' lang='grc' dir='ltr'>ὅτι</span> <span class='ocrx_word' id='word_1_100' title='bbox 3560 761 3714 824; x_wconf 84' lang='grc' dir='ltr'>ἐστι,</span> 
     </span>
    </p>
   </div>
   <div class='ocr_carea' id='block_1_16' title="bbox 2135 853 3712 924">
    <p class='ocr_par' dir='ltr' id='par_1_16' title="bbox 2135 853 3712 924">
     <span class='ocr_line' id='line_1_16' title="bbox 2135 853 3712 924; baseline -0.003 -16"><span class='ocrx_word' id='word_1_101' title='bbox 2135 854 2232 908; x_wconf 76' lang='grc' dir='ltr'><strong>καὶ</strong></span> <span class='ocrx_word' id='word_1_102' title='bbox 2264 854 2388 920; x_wconf 82' lang='grc' dir='ltr'>τοῖς</span> <span class='ocrx_word' id='word_1_103' title='bbox 2409 853 2766 922; x_wconf 78' lang='grc' dir='ltr'><strong>ἐκζητοῦσιν</strong></span> <span class='ocrx_word' id='word_1_104' title='bbox 2792 855 2980 908; x_wconf 84' lang='grc' dir='ltr'>αὐτὸν</span> <span class='ocrx_word' id='word_1_105' title='bbox 2997 853 3447 924; x_wconf 80' lang='grc' dir='ltr'><strong>μισθαποδότης</strong></span> <span class='ocrx_word' id='word_1_106' title='bbox 3467 853 3712 921; x_wconf 48' lang='grc' dir='ltr'><strong>τίν-δῖαν</strong></span> 
     </span>
    </p>
   </div>
   <div class='ocr_carea' id='block_1_17' title="bbox 2133 942 3719 1016">
    <p class='ocr_par' dir='ltr' id='par_1_17' title="bbox 2133 942 3719 1016">
     <span class='ocr_line' id='line_1_17' title="bbox 2133 942 3719 1016; baseline -0.003 -18"><span class='ocrx_word' id='word_1_107' title='bbox 2133 947 2270 1016; x_wconf 79' lang='grc' dir='ltr'>ὅπερ</span> <span class='ocrx_word' id='word_1_108' title='bbox 2299 948 2357 998; x_wconf 86' lang='grc' dir='ltr'><strong>ὲν</strong></span> <span class='ocrx_word' id='word_1_109' title='bbox 2389 947 2562 1015; x_wconf 77' lang='grc' dir='ltr'>Πατρὶ</span> <span class='ocrx_word' id='word_1_110' title='bbox 2590 945 2738 1015; x_wconf 82' lang='grc' dir='ltr'><strong>μόνῳ</strong></span> <span class='ocrx_word' id='word_1_111' title='bbox 2773 946 2833 998; x_wconf 86' lang='grc' dir='ltr'><strong>οὐ</strong></span> <span class='ocrx_word' id='word_1_112' title='bbox 2876 945 3102 998; x_wconf 79' lang='grc' dir='ltr'>δύναται</span> <span class='ocrx_word' id='word_1_113' title='bbox 3128 943 3576 1014; x_wconf 80' lang='grc' dir='ltr'>τελειωθῆναι.’0</span> <span class='ocrx_word' id='word_1_114' title='bbox 3607 942 3719 1011; x_wconf 79' lang='grc' dir='ltr'><strong>γὰρ</strong></span> 
     </span>
    </p>
   </div>
   <div class='ocr_carea' id='block_1_18' title="bbox 2138 1033 3719 1109">
    <p class='ocr_par' dir='ltr' id='par_1_18' title="bbox 2138 1033 3719 1109">
     <span class='ocr_line' id='line_1_18' title="bbox 2138 1033 3719 1109; baseline -0.004 -18"><span class='ocrx_word' id='word_1_115' title='bbox 2138 1038 2212 1109; x_wconf 85' lang='grc' dir='ltr'>μὴ</span> <span class='ocrx_word' id='word_1_116' title='bbox 2254 1037 2394 1108; x_wconf 75' lang='grc' dir='ltr'>ἔχων</span> <span class='ocrx_word' id='word_1_117' title='bbox 2441 1037 2534 1090; x_wconf 86' lang='grc' dir='ltr'><strong>τὸν</strong></span> <span class='ocrx_word' id='word_1_118' title='bbox 2565 1038 2692 1090; x_wconf 82' lang='grc' dir='ltr'>Υίὺν</span> <span class='ocrx_word' id='word_1_119' title='bbox 2721 1037 2841 1090; x_wconf 78' lang='grc' dir='ltr'>οὐδὲ</span> <span class='ocrx_word' id='word_1_120' title='bbox 2883 1037 2974 1090; x_wconf 86' lang='grc' dir='ltr'>τὸν</span> <span class='ocrx_word' id='word_1_121' title='bbox 3021 1037 3240 1107; x_wconf 80' lang='grc' dir='ltr'><strong>Πατέρα</strong></span> <span class='ocrx_word' id='word_1_122' title='bbox 3266 1036 3411 1105; x_wconf 75' lang='grc' dir='ltr'>ἔχει’</span> <span class='ocrx_word' id='word_1_123' title='bbox 3446 1035 3540 1088; x_wconf 77' lang='grc' dir='ltr'><strong>καὶ</strong></span> <span class='ocrx_word' id='word_1_124' title='bbox 3568 1036 3598 1086; x_wconf 83' lang='grc' dir='ltr'><strong>ό</strong></span> <span class='ocrx_word' id='word_1_125' title='bbox 3626 1033 3719 1085; x_wconf 86' lang='grc' dir='ltr'>τὸν</span> 
     </span>
    </p>
   </div>
   <div class='ocr_carea' id='block_1_19' title="bbox 2135 1128 3540 1198">
    <p class='ocr_par' dir='ltr' id='par_1_19' title="bbox 2135 1128 3540 1198">
     <span class='ocr_line' id='line_1_19' title="bbox 2135 1128 3540 1198; baseline 0 -16"><span class='ocrx_word' id='word_1_126' title='bbox 2135 1129 2264 1182; x_wconf 84' lang='grc' dir='ltr'><strong>Υἱὸν</strong></span> <span class='ocrx_word' id='word_1_127' title='bbox 2292 1129 2466 1196; x_wconf 90' lang='grc' dir='ltr'>λέγων</span> <span class='ocrx_word' id='word_1_128' title='bbox 2497 1129 2560 1183; x_wconf 90' lang='grc' dir='ltr'><strong>οὐ</strong></span> <span class='ocrx_word' id='word_1_129' title='bbox 2590 1128 2812 1183; x_wconf 84' lang='grc' dir='ltr'>δύναται</span> <span class='ocrx_word' id='word_1_130' title='bbox 2837 1129 2993 1192; x_wconf 76' lang='grc' dir='ltr'>ἐκτὸς</span> <span class='ocrx_word' id='word_1_131' title='bbox 3019 1129 3336 1198; x_wconf 80' lang='grc' dir='ltr'>Πνεύματος</span> <span class='ocrx_word' id='word_1_132' title='bbox 3361 1129 3540 1196; x_wconf 84' lang='grc' dir='ltr'>ἁγίου.</span> 
     </span>
    </p>
   </div>
   <div class='ocr_carea' id='block_1_20' title="bbox 444 1214 3719 1292">
    <p class='ocr_par' dir='ltr' id='par_1_20' title="bbox 444 1214 3719 1292">
     <span class='ocr_line' id='line_1_20' title="bbox 444 1214 3719 1292; baseline 0.002 -25"><span class='ocrx_word' id='word_1_133' title='bbox 444 1225 714 1282; x_wconf 85' lang='lat' dir='ltr'><strong>nusquam</strong></span> <span class='ocrx_word' id='word_1_134' title='bbox 737 1220 934 1277; x_wconf 82' lang='lat' dir='ltr'><strong>exstet,</strong></span> <span class='ocrx_word' id='word_1_135' title='bbox 957 1214 1106 1283; x_wconf 91' lang='lat' dir='ltr'><strong>quod</strong></span> <span class='ocrx_word' id='word_1_136' title='bbox 1132 1230 1301 1286; x_wconf 91' lang='lat' dir='ltr'><strong>prava</strong></span> <span class='ocrx_word' id='word_1_137' title='bbox 1332 1217 1429 1273; x_wconf 88' lang='lat' dir='ltr'><strong>tibi</strong></span> <span class='ocrx_word' id='word_1_138' title='bbox 1455 1219 1714 1289; x_wconf 83' lang='lat' dir='ltr'><strong>opinione</strong></span> <span class='ocrx_word' id='word_1_139' title='bbox 1772 1219 2064 1290; x_wconf 75' lang='lat' dir='ltr'><strong>contingis,</strong></span> <span class='ocrx_word' id='word_1_140' title='bbox 2103 1235 2169 1275; x_wconf 79' lang='lat' dir='ltr'><strong>ex</strong></span> <span class='ocrx_word' id='word_1_141' title='bbox 2236 1237 2345 1290; x_wconf 90' lang='lat' dir='ltr'><strong>qua</strong></span> <span class='ocrx_word' id='word_1_142' title='bbox 2380 1219 2678 1290; x_wconf 79' lang='lat' dir='ltr'><strong>Scriptura:</strong></span> <span class='ocrx_word' id='word_1_143' title='bbox 2720 1222 2860 1275; x_wconf 87' lang='lat' dir='ltr'><strong>hanc</strong></span> <span class='ocrx_word' id='word_1_144' title='bbox 2908 1221 3234 1292; x_wconf 86' lang='lat' dir='ltr'><strong>sententiam</strong></span> <span class='ocrx_word' id='word_1_145' title='bbox 3273 1236 3303 1274; x_wconf 89' lang='lat' dir='ltr'><strong>a</strong></span> <span class='ocrx_word' id='word_1_146' title='bbox 3340 1219 3463 1274; x_wconf 76' lang='lat' dir='ltr'><strong>ﬁdei</strong></span> <span class='ocrx_word' id='word_1_147' title='bbox 3506 1217 3719 1288; x_wconf 74' lang='lat' dir='ltr'><strong>profes-</strong></span> 
     </span>
    </p>
   </div>
   <div class='ocr_carea' id='block_1_21' title="bbox 443 1299 3717 1383">
    <p class='ocr_par' dir='ltr' id='par_1_21' title="bbox 443 1299 3717 1383">
     <span class='ocr_line' id='line_1_21' title="bbox 443 1299 3717 1383; baseline 0.002 -26"><span class='ocrx_word' id='word_1_148' title='bbox 443 1303 598 1357; x_wconf 80' lang='lat' dir='ltr'><strong>sione</strong></span> <span class='ocrx_word' id='word_1_149' title='bbox 624 1303 934 1367; x_wconf 79' lang='lat' dir='ltr'><strong>excludere,</strong></span> <span class='ocrx_word' id='word_1_150' title='bbox 973 1313 1028 1360; x_wconf 90' lang='lat' dir='ltr'><strong>et</strong></span> <span class='ocrx_word' id='word_1_151' title='bbox 1073 1306 1388 1376; x_wconf 87' lang='lat' dir='ltr'><strong>abjudicare</strong></span> <span class='ocrx_word' id='word_1_152' title='bbox 1431 1310 1718 1367; x_wconf 86' lang='lat' dir='ltr'><strong>contendis</strong></span> <span class='ocrx_word' id='word_1_153' title='bbox 1750 1329 1764 1366; x_wconf 89' lang='lat'><strong>:</strong></span> <span class='ocrx_word' id='word_1_154' title='bbox 1797 1310 2022 1367; x_wconf 79' lang='lat' dir='ltr'><strong>Credere</strong></span> <span class='ocrx_word' id='word_1_155' title='bbox 2060 1322 2260 1380; x_wconf 81' lang='lat' dir='ltr'><strong>oportet</strong></span> <span class='ocrx_word' id='word_1_156' title='bbox 2337 1313 2665 1366; x_wconf 79' lang='lat' dir='ltr'><strong>accedentem</strong></span> <span class='ocrx_word' id='word_1_157' title='bbox 2705 1314 2774 1367; x_wconf 83' lang='lat' dir='ltr'><strong>ad</strong></span> <span class='ocrx_word' id='word_1_158' title='bbox 2826 1313 3012 1376; x_wconf 80' lang='lat' dir='ltr'><strong>Deum,</strong></span> <span class='ocrx_word' id='word_1_159' title='bbox 3037 1313 3290 1383; x_wconf 81' lang='lat' dir='ltr'><strong>quoniam</strong></span> <span class='ocrx_word' id='word_1_160' title='bbox 3323 1322 3423 1375; x_wconf 81' lang='lat' dir='ltr'><strong>est,</strong></span> <span class='ocrx_word' id='word_1_161' title='bbox 3479 1320 3531 1365; x_wconf 85' lang='lat' dir='ltr'><strong>et</strong></span> <span class='ocrx_word' id='word_1_162' title='bbox 3571 1299 3717 1381; x_wconf 70' lang='lat' dir='ltr'><strong>queo</strong></span> 
     </span>
    </p>
   </div>
   <div class='ocr_carea' id='block_1_22' title="bbox 443 1393 3718 1476">
    <p class='ocr_par' dir='ltr' id='par_1_22' title="bbox 443 1393 3718 1476">
     <span class='ocr_line' id='line_1_22' title="bbox 443 1393 3718 1476; baseline 0.004 -29"><span class='ocrx_word' id='word_1_163' title='bbox 443 1393 679 1448; x_wconf 71' lang='lat' dir='ltr'><strong>rentibus</strong></span> <span class='ocrx_word' id='word_1_164' title='bbox 712 1396 883 1464; x_wconf 74' lang='lat' dir='ltr'><strong>ipsum</strong></span> <span class='ocrx_word' id='word_1_165' title='bbox 918 1410 1278 1453; x_wconf 80' lang='lat' dir='ltr'><strong>remunerator</strong></span> <span class='ocrx_word' id='word_1_166' title='bbox 1316 1410 1398 1456; x_wconf 78' lang='lat' dir='ltr'><strong>est</strong></span> <span class='ocrx_word' id='word_1_167' title='bbox 1451 1402 1466 1432; x_wconf 75' lang='grc'>⁸</span> <span class='ocrx_word' id='word_1_168' title='bbox 1500 1423 1512 1456; x_wconf 91' lang='lat'><strong>:</strong></span> <span class='ocrx_word' id='word_1_169' title='bbox 1548 1404 1652 1456; x_wconf 87' lang='lat' dir='ltr'><strong>hoc</strong></span> <span class='ocrx_word' id='word_1_170' title='bbox 1694 1415 1875 1459; x_wconf 86' lang='lat' dir='ltr'><strong>autem</strong></span> <span class='ocrx_word' id='word_1_171' title='bbox 1916 1406 2037 1460; x_wconf 90' lang='lat' dir='ltr'><strong>solo</strong></span> <span class='ocrx_word' id='word_1_172' title='bbox 2077 1406 2131 1459; x_wconf 91' lang='lat' dir='ltr'><strong>in</strong></span> <span class='ocrx_word' id='word_1_173' title='bbox 2197 1403 2360 1461; x_wconf 83' lang='lat' dir='ltr'><strong>Patre</strong></span> <span class='ocrx_word' id='word_1_174' title='bbox 2419 1405 2643 1476; x_wconf 78' lang='lat' dir='ltr'><strong>intelligi</strong></span> <span class='ocrx_word' id='word_1_175' title='bbox 2678 1420 2784 1460; x_wconf 88' lang='lat' dir='ltr'><strong>non</strong></span> <span class='ocrx_word' id='word_1_176' title='bbox 2817 1411 3016 1474; x_wconf 84' lang='lat' dir='ltr'><strong>potest.</strong></span> <span class='ocrx_word' id='word_1_177' title='bbox 3057 1404 3192 1460; x_wconf 86' lang='lat' dir='ltr'><strong>Nam</strong></span> <span class='ocrx_word' id='word_1_178' title='bbox 3227 1405 3322 1476; x_wconf 90' lang='lat' dir='ltr'><strong>qui</strong></span> <span class='ocrx_word' id='word_1_179' title='bbox 3368 1405 3562 1458; x_wconf 84' lang='lat' dir='ltr'><strong>Filium</strong></span> <span class='ocrx_word' id='word_1_180' title='bbox 3607 1420 3718 1459; x_wconf 91' lang='lat' dir='ltr'><strong>non</strong></span> 
     </span>
    </p>
   </div>
   <div class='ocr_carea' id='block_1_23' title="bbox 443 1487 3722 1570">
    <p class='ocr_par' dir='ltr' id='par_1_23' title="bbox 443 1487 3722 1570">
     <span class='ocr_line' id='line_1_23' title="bbox 443 1487 3722 1570; baseline 0.002 -28"><span class='ocrx_word' id='word_1_181' title='bbox 443 1488 628 1553; x_wconf 81' lang='lat' dir='ltr'><strong>habet,</strong></span> <span class='ocrx_word' id='word_1_182' title='bbox 657 1487 818 1544; x_wconf 83' lang='lat' dir='ltr'><strong>Patre</strong></span> <span class='ocrx_word' id='word_1_183' title='bbox 849 1507 1068 1562; x_wconf 86' lang='lat' dir='ltr'><strong>quoque</strong></span> <span class='ocrx_word' id='word_1_184' title='bbox 1099 1508 1291 1548; x_wconf 88' lang='lat' dir='ltr'><strong>carere</strong></span> <span class='ocrx_word' id='word_1_185' title='bbox 1334 1510 1560 1551; x_wconf 85' lang='lat' dir='ltr'><strong>necesse</strong></span> <span class='ocrx_word' id='word_1_186' title='bbox 1595 1503 1703 1564; x_wconf 89' lang='lat' dir='ltr'><strong>est,</strong></span> <span class='ocrx_word' id='word_1_187' title='bbox 1736 1507 1793 1553; x_wconf 93' lang='lat' dir='ltr'><strong>et</strong></span> <span class='ocrx_word' id='word_1_188' title='bbox 1821 1500 1916 1570; x_wconf 92' lang='lat' dir='ltr'><strong>qui</strong></span> <span class='ocrx_word' id='word_1_189' title='bbox 1955 1498 2151 1554; x_wconf 83' lang='lat' dir='ltr'><strong>Filium</strong></span> <span class='ocrx_word' id='word_1_190' title='bbox 2214 1500 2480 1564; x_wconf 87' lang='lat' dir='ltr'><strong>nominat,</strong></span> <span class='ocrx_word' id='word_1_191' title='bbox 2549 1500 2668 1553; x_wconf 88' lang='lat' dir='ltr'><strong>sine</strong></span> <span class='ocrx_word' id='word_1_192' title='bbox 2705 1497 2910 1568; x_wconf 91' lang='lat' dir='ltr'><strong>Spiritu</strong></span> <span class='ocrx_word' id='word_1_193' title='bbox 2979 1507 3171 1553; x_wconf 85' lang='lat' dir='ltr'><strong>sancto</strong></span> <span class='ocrx_word' id='word_1_194' title='bbox 3235 1497 3417 1554; x_wconf 84' lang='lat' dir='ltr'><strong>facere</strong></span> <span class='ocrx_word' id='word_1_195' title='bbox 3449 1495 3594 1551; x_wconf 89' lang='lat' dir='ltr'><strong>istud</strong></span> <span class='ocrx_word' id='word_1_196' title='bbox 3622 1512 3722 1551; x_wconf 62' lang='lat' dir='ltr'><strong>nec</strong></span> 
     </span>
    </p>
   </div>
   <div class='ocr_carea' id='block_1_24' title="bbox 443 1581 583 1650">
    <p class='ocr_par' dir='ltr' id='par_1_24' title="bbox 443 1581 583 1650">
     <span class='ocr_line' id='line_1_24' title="bbox 443 1581 583 1650; baseline 0.007 -18"><span class='ocrx_word' id='word_1_197' title='bbox 443 1581 583 1650; x_wconf 87' lang='lat' dir='ltr'><strong>quit.</strong></span> 
     </span>
    </p>
   </div>
   <div class='ocr_carea' id='block_1_25' title="bbox 517 1669 2024 1747">
    <p class='ocr_par' dir='ltr' id='par_1_25' title="bbox 517 1669 2024 1747">
     <span class='ocr_line' id='line_1_25' title="bbox 517 1669 2024 1747; baseline 0.009 -23"><span class='ocrx_word' id='word_1_198' title='bbox 517 1669 604 1726; x_wconf 88' lang='grc' dir='ltr'>ιιι.</span> <span class='ocrx_word' id='word_1_199' title='bbox 632 1670 726 1728; x_wconf 86' lang='lat' dir='ltr'><strong>Est</strong></span> <span class='ocrx_word' id='word_1_200' title='bbox 749 1673 893 1730; x_wconf 88' lang='lat' dir='ltr'><strong>enim</strong></span> <span class='ocrx_word' id='word_1_201' title='bbox 932 1691 991 1732; x_wconf 91' lang='lat' dir='ltr'><strong>re</strong></span> <span class='ocrx_word' id='word_1_202' title='bbox 1021 1678 1138 1747; x_wconf 86' lang='lat' dir='ltr'><strong>ipsa</strong></span> <span class='ocrx_word' id='word_1_203' title='bbox 1167 1675 1328 1735; x_wconf 87' lang='lat' dir='ltr'><strong>Pater</strong></span> <span class='ocrx_word' id='word_1_204' title='bbox 1357 1696 1521 1738; x_wconf 91' lang='lat' dir='ltr'><strong>verus</strong></span> <span class='ocrx_word' id='word_1_205' title='bbox 1553 1679 1718 1747; x_wconf 87' lang='lat' dir='ltr'><strong>Deus,</strong></span> <span class='ocrx_word' id='word_1_206' title='bbox 1755 1690 1815 1738; x_wconf 94' lang='lat' dir='ltr'><strong>ut</strong></span> <span class='ocrx_word' id='word_1_207' title='bbox 1853 1691 2024 1740; x_wconf 85' lang='lat' dir='ltr'><strong>testa-</strong></span> 
     </span>
    </p>
   </div>
   <div class='ocr_carea' id='block_1_26' title="bbox 2206 1677 3715 1752">
    <p class='ocr_par' dir='ltr' id='par_1_26' title="bbox 2206 1677 3715 1752">
     <span class='ocr_line' id='line_1_26' title="bbox 2206 1677 3715 1752; baseline 0 -18"><span class='ocrx_word' id='word_1_208' title='bbox 2206 1683 2277 1736; x_wconf 73' lang='grc' dir='ltr'>Ρ.</span> <span class='ocrx_word' id='word_1_209' title='bbox 2325 1681 2482 1735; x_wconf 84' lang='grc' dir='ltr'>Ἔστι</span> <span class='ocrx_word' id='word_1_210' title='bbox 2513 1681 2622 1752; x_wconf 69' lang='grc' dir='ltr'><strong>γάρ</strong></span> <span class='ocrx_word' id='word_1_211' title='bbox 2659 1680 2735 1744; x_wconf 87' lang='grc' dir='ltr'>ὼς</span> <span class='ocrx_word' id='word_1_212' title='bbox 2772 1677 2988 1750; x_wconf 83' lang='grc' dir='ltr'>άληθῶς</span> <span class='ocrx_word' id='word_1_213' title='bbox 3013 1679 3042 1730; x_wconf 88' lang='grc' dir='ltr'><strong>ό</strong></span> <span class='ocrx_word' id='word_1_214' title='bbox 3065 1677 3254 1748; x_wconf 81' lang='grc' dir='ltr'>Πατὴρ</span> <span class='ocrx_word' id='word_1_215' title='bbox 3285 1678 3536 1748; x_wconf 79' lang='grc' dir='ltr'>ἀληθινὸς</span> <span class='ocrx_word' id='word_1_216' title='bbox 3563 1680 3715 1745; x_wconf 65' lang='grc' dir='ltr'>Θεὸς,</span> 
     </span>
    </p>
   </div>
   <div class='ocr_carea' id='block_1_27' title="bbox 446 1761 2032 1852">
    <p class='ocr_par' dir='ltr' id='par_1_27' title="bbox 446 1761 2031 1838">
     <span class='ocr_line' id='line_1_27' title="bbox 446 1761 2031 1838; baseline 0.008 -21"><span class='ocrx_word' id='word_1_217' title='bbox 446 1772 534 1818; x_wconf 89' lang='lat' dir='ltr'><strong>tur</strong></span> <span class='ocrx_word' id='word_1_218' title='bbox 573 1761 768 1830; x_wconf 88' lang='lat' dir='ltr'><strong>Filius,</strong></span> <span class='ocrx_word' id='word_1_219' title='bbox 799 1768 894 1838; x_wconf 91' lang='lat' dir='ltr'><strong>qui</strong></span> <span class='ocrx_word' id='word_1_220' title='bbox 937 1770 1090 1823; x_wconf 91' lang='lat' dir='ltr'><strong>novit</strong></span> <span class='ocrx_word' id='word_1_221' title='bbox 1125 1769 1376 1838; x_wconf 83' lang='lat' dir='ltr'><strong>Patrem;</strong></span> <span class='ocrx_word' id='word_1_222' title='bbox 1426 1780 1482 1828; x_wconf 90' lang='lat' dir='ltr'><strong>et</strong></span> <span class='ocrx_word' id='word_1_223' title='bbox 1521 1789 1648 1830; x_wconf 86' lang='lat' dir='ltr'><strong>vera</strong></span> <span class='ocrx_word' id='word_1_224' title='bbox 1685 1775 1777 1829; x_wconf 78' lang='lat' dir='ltr'><strong>lux</strong></span> <span class='ocrx_word' id='word_1_225' title='bbox 1822 1786 1904 1832; x_wconf 87' lang='lat' dir='ltr'><strong>est</strong></span> <span class='ocrx_word' id='word_1_226' title='bbox 1941 1775 2031 1830; x_wconf 84' lang='lat' dir='ltr'><strong>Fi-</strong></span> 
     </span>
    </p>
   </div>
   <div class='ocr_carea' id='block_1_28' title="bbox 2137 1761 3720 1852">
    <p class='ocr_par' dir='ltr' id='par_1_28' title="bbox 2137 1769 3720 1846">
     <span class='ocr_line' id='line_1_28' title="bbox 2137 1769 3720 1846; baseline -0.005 -17"><span class='ocrx_word' id='word_1_227' title='bbox 2137 1777 2207 1839; x_wconf 81' lang='grc' dir='ltr'>ὡς</span> <span class='ocrx_word' id='word_1_228' title='bbox 2241 1777 2512 1846; x_wconf 79' lang='grc' dir='ltr'>μαρτυρεῖ</span> <span class='ocrx_word' id='word_1_229' title='bbox 2543 1776 2572 1827; x_wconf 92' lang='grc' dir='ltr'><strong>ό</strong></span> <span class='ocrx_word' id='word_1_230' title='bbox 2601 1773 2748 1837; x_wconf 83' lang='grc' dir='ltr'>Υἱὸς,</span> <span class='ocrx_word' id='word_1_231' title='bbox 2775 1773 2805 1824; x_wconf 88' lang='grc' dir='ltr'><strong>ό</strong></span> <span class='ocrx_word' id='word_1_232' title='bbox 2834 1769 2988 1832; x_wconf 79' lang='grc' dir='ltr'>εἰδὼς</span> <span class='ocrx_word' id='word_1_233' title='bbox 3016 1769 3108 1822; x_wconf 80' lang='grc' dir='ltr'>τὸν</span> <span class='ocrx_word' id='word_1_234' title='bbox 3143 1769 3387 1839; x_wconf 81' lang='grc' dir='ltr'><strong>Πατέρα·</strong></span> <span class='ocrx_word' id='word_1_235' title='bbox 3408 1771 3504 1822; x_wconf 61' lang='grc' dir='ltr'><strong>καὶ⁵</strong></span> <span class='ocrx_word' id='word_1_236' title='bbox 3531 1769 3720 1841; x_wconf 78' lang='grc' dir='ltr'>ἀληθι-</span> 
     </span>
    </p>
   </div>
   <div class='ocr_carea' id='block_1_29' title="bbox 446 1855 2032 1932">
    <p class='ocr_par' dir='ltr' id='par_1_29' title="bbox 446 1855 2032 1932">
     <span class='ocr_line' id='line_1_29' title="bbox 446 1855 2032 1932; baseline 0.008 -25"><span class='ocrx_word' id='word_1_237' title='bbox 446 1855 574 1919; x_wconf 89' lang='lat' dir='ltr'><strong>lius,</strong></span> <span class='ocrx_word' id='word_1_238' title='bbox 597 1857 689 1926; x_wconf 91' lang='lat' dir='ltr'><strong>qui</strong></span> <span class='ocrx_word' id='word_1_239' title='bbox 721 1859 1091 1929; x_wconf 75' lang='lat' dir='ltr'><strong>cognoscitur,</strong></span> <span class='ocrx_word' id='word_1_240' title='bbox 1116 1860 1473 1932; x_wconf 82' lang='lat' dir='ltr'><strong>ejusdemque</strong></span> <span class='ocrx_word' id='word_1_241' title='bbox 1509 1865 1824 1921; x_wconf 84' lang='lat' dir='ltr'><strong>testimonio</strong></span> <span class='ocrx_word' id='word_1_242' title='bbox 1849 1867 2032 1922; x_wconf 84' lang='lat' dir='ltr'><strong>decla-</strong></span> 
     </span>
    </p>
   </div>
   <div class='ocr_carea' id='block_1_30' title="bbox 445 1947 2028 2029">
    <p class='ocr_par' dir='ltr' id='par_1_30' title="bbox 445 1947 2028 2029">
     <span class='ocr_line' id='line_1_30' title="bbox 445 1947 2028 2029; baseline 0.009 -30"><span class='ocrx_word' id='word_1_243' title='bbox 445 1954 638 2012; x_wconf 85' lang='lat' dir='ltr'><strong>ratur;</strong></span> <span class='ocrx_word' id='word_1_244' title='bbox 671 1958 725 2004; x_wconf 91' lang='lat' dir='ltr'><strong>et</strong></span> <span class='ocrx_word' id='word_1_245' title='bbox 767 1947 1006 2020; x_wconf 87' lang='lat' dir='ltr'><strong>Spiritus</strong></span> <span class='ocrx_word' id='word_1_246' title='bbox 1058 1953 1309 2009; x_wconf 85' lang='lat' dir='ltr'><strong>veritatis</strong></span> <span class='ocrx_word' id='word_1_247' title='bbox 1349 1964 1436 2010; x_wconf 89' lang='lat' dir='ltr'><strong>est</strong></span> <span class='ocrx_word' id='word_1_248' title='bbox 1473 1955 1730 2026; x_wconf 87' lang='lat' dir='ltr'><strong>Spiritus,</strong></span> <span class='ocrx_word' id='word_1_249' title='bbox 1779 1959 1874 2029; x_wconf 89' lang='lat' dir='ltr'><strong>qui</strong></span> <span class='ocrx_word' id='word_1_250' title='bbox 1920 1975 2028 2014; x_wconf 92' lang='lat' dir='ltr'><strong>non</strong></span> 
     </span>
    </p>
   </div>
   <div class='ocr_carea' id='block_1_31' title="bbox 446 2038 2032 2114">
    <p class='ocr_par' dir='ltr' id='par_1_31' title="bbox 446 2038 2032 2114">
     <span class='ocr_line' id='line_1_31' title="bbox 446 2038 2032 2114; baseline 0.009 -23"><span class='ocrx_word' id='word_1_251' title='bbox 446 2038 658 2094; x_wconf 89' lang='lat' dir='ltr'><strong>alienus</strong></span> <span class='ocrx_word' id='word_1_252' title='bbox 687 2047 792 2103; x_wconf 88' lang='lat' dir='ltr'><strong>est,</strong></span> <span class='ocrx_word' id='word_1_253' title='bbox 819 2041 914 2096; x_wconf 90' lang='lat' dir='ltr'><strong>sed</strong></span> <span class='ocrx_word' id='word_1_254' title='bbox 956 2057 986 2094; x_wconf 91' lang='lat' dir='ltr'><strong>a</strong></span> <span class='ocrx_word' id='word_1_255' title='bbox 1035 2042 1196 2098; x_wconf 86' lang='lat' dir='ltr'><strong>Patre</strong></span> <span class='ocrx_word' id='word_1_256' title='bbox 1230 2045 1598 2113; x_wconf 79' lang='lat' dir='ltr'><strong>proﬁciscitur</strong></span> <span class='ocrx_word' id='word_1_257' title='bbox 1634 2049 1676 2114; x_wconf 84' lang='grc'>⁸,</span> <span class='ocrx_word' id='word_1_258' title='bbox 1717 2057 1772 2103; x_wconf 90' lang='lat' dir='ltr'><strong>et</strong></span> <span class='ocrx_word' id='word_1_259' title='bbox 1816 2066 1848 2104; x_wconf 90' lang='lat' dir='ltr'><strong>a</strong></span> <span class='ocrx_word' id='word_1_260' title='bbox 1893 2050 2032 2106; x_wconf 77' lang='lat' dir='ltr'><strong>Filio</strong></span> 
     </span>
    </p>
   </div>
   <div class='ocr_carea' id='block_1_32' title="bbox 447 2131 2030 2210">
    <p class='ocr_par' dir='ltr' id='par_1_32' title="bbox 447 2131 2030 2210">
     <span class='ocr_line' id='line_1_32' title="bbox 447 2131 2030 2210; baseline 0.01 -28"><span class='ocrx_word' id='word_1_261' title='bbox 447 2131 646 2200; x_wconf 88' lang='lat' dir='ltr'><strong>accipit</strong></span> <span class='ocrx_word' id='word_1_262' title='bbox 672 2132 710 2184; x_wconf 83' lang='grc'>³.</span> <span class='ocrx_word' id='word_1_263' title='bbox 742 2133 918 2203; x_wconf 81' lang='lat' dir='ltr'><strong>Atque</strong></span> <span class='ocrx_word' id='word_1_264' title='bbox 951 2133 1065 2189; x_wconf 57' lang='lat' dir='ltr'><strong>hac</strong></span> <span class='ocrx_word' id='word_1_265' title='bbox 1093 2137 1277 2190; x_wconf 87' lang='lat' dir='ltr'><strong>omnia</strong></span> <span class='ocrx_word' id='word_1_266' title='bbox 1307 2144 1456 2191; x_wconf 92' lang='lat' dir='ltr'><strong>tuam</strong></span> <span class='ocrx_word' id='word_1_267' title='bbox 1489 2138 1636 2193; x_wconf 86' lang='lat' dir='ltr'><strong>illam</strong></span> <span class='ocrx_word' id='word_1_268' title='bbox 1677 2151 2030 2210; x_wconf 82' lang='lat' dir='ltr'><strong>argumento-</strong></span> 
     </span>
    </p>
   </div>
   <div class='ocr_carea' id='block_1_33' title="bbox 447 2223 2032 2299">
    <p class='ocr_par' dir='ltr' id='par_1_33' title="bbox 447 2223 2032 2299">
     <span class='ocr_line' id='line_1_33' title="bbox 447 2223 2032 2299; baseline 0.008 -22"><span class='ocrx_word' id='word_1_269' title='bbox 447 2238 568 2277; x_wconf 89' lang='lat' dir='ltr'><strong>rum</strong></span> <span class='ocrx_word' id='word_1_270' title='bbox 602 2223 842 2279; x_wconf 88' lang='lat' dir='ltr'><strong>l&#39;abulam</strong></span> <span class='ocrx_word' id='word_1_271' title='bbox 871 2227 1356 2282; x_wconf 84' lang='lat' dir='ltr'><strong>circumscribunt.</strong></span> <span class='ocrx_word' id='word_1_272' title='bbox 1389 2227 1576 2299; x_wconf 86' lang='lat' dir='ltr'><strong>Neque</strong></span> <span class='ocrx_word' id='word_1_273' title='bbox 1622 2231 1676 2285; x_wconf 89' lang='lat' dir='ltr'><strong>id</strong></span> <span class='ocrx_word' id='word_1_274' title='bbox 1725 2233 2032 2290; x_wconf 86' lang='lat' dir='ltr'><strong>hortatione</strong></span> 
     </span>
    </p>
   </div>
   <div class='ocr_carea' id='block_1_34' title="bbox 447 2315 2030 2396">
    <p class='ocr_par' dir='ltr' id='par_1_34' title="bbox 447 2315 2030 2396">
     <span class='ocr_line' id='line_1_34' title="bbox 447 2315 2030 2396; baseline 0.008 -27"><span class='ocrx_word' id='word_1_275' title='bbox 447 2315 557 2369; x_wconf 89' lang='lat' dir='ltr'><strong>ulla</strong></span> <span class='ocrx_word' id='word_1_276' title='bbox 590 2315 854 2386; x_wconf 79' lang='lat' dir='ltr'><strong>perlicere</strong></span> <span class='ocrx_word' id='word_1_277' title='bbox 897 2327 1074 2388; x_wconf 82' lang='lat' dir='ltr'><strong>potes,</strong></span> <span class='ocrx_word' id='word_1_278' title='bbox 1105 2327 1162 2373; x_wconf 90' lang='lat' dir='ltr'><strong>ut</strong></span> <span class='ocrx_word' id='word_1_279' title='bbox 1213 2320 1524 2378; x_wconf 80' lang='lat' dir='ltr'><strong>Aristotelis</strong></span> <span class='ocrx_word' id='word_1_280' title='bbox 1565 2327 1917 2396; x_wconf 69' lang='lat' dir='ltr'><strong>praeceptoris</strong></span> <span class='ocrx_word' id='word_1_281' title='bbox 1950 2328 2030 2382; x_wconf 90' lang='lat' dir='ltr'><strong>tui</strong></span> 
     </span>
    </p>
   </div>
   <div class='ocr_carea' id='block_1_35' title="bbox 447 2407 2030 2488">
    <p class='ocr_par' dir='ltr' id='par_1_35' title="bbox 447 2407 2030 2488">
     <span class='ocr_line' id='line_1_35' title="bbox 447 2407 2030 2488; baseline 0.009 -27"><span class='ocrx_word' id='word_1_282' title='bbox 447 2407 702 2478; x_wconf 84' lang='lat' dir='ltr'><strong>discipuli</strong></span> <span class='ocrx_word' id='word_1_283' title='bbox 747 2425 872 2466; x_wconf 89' lang='lat' dir='ltr'><strong>esse</strong></span> <span class='ocrx_word' id='word_1_284' title='bbox 915 2411 1180 2478; x_wconf 88' lang='lat' dir='ltr'><strong>velimus;</strong></span> <span class='ocrx_word' id='word_1_285' title='bbox 1230 2425 1324 2468; x_wconf 90' lang='lat' dir='ltr'><strong>aut</strong></span> <span class='ocrx_word' id='word_1_286' title='bbox 1384 2415 1742 2484; x_wconf 85' lang='lat' dir='ltr'><strong>piscatorum,</strong></span> <span class='ocrx_word' id='word_1_287' title='bbox 1789 2419 1882 2488; x_wconf 86' lang='lat' dir='ltr'><strong>qui</strong></span> <span class='ocrx_word' id='word_1_288' title='bbox 1937 2419 2030 2476; x_wconf 86' lang='lat' dir='ltr'><strong>Dei</strong></span> 
     </span>
    </p>
   </div>
   <div class='ocr_carea' id='block_1_36' title="bbox 449 2500 2030 2580">
    <p class='ocr_par' dir='ltr' id='par_1_36' title="bbox 449 2500 2030 2580">
     <span class='ocr_line' id='line_1_36' title="bbox 449 2500 2030 2580; baseline 0.009 -28"><span class='ocrx_word' id='word_1_289' title='bbox 449 2500 657 2570; x_wconf 85' lang='lat' dir='ltr'><strong>Spiritu</strong></span> <span class='ocrx_word' id='word_1_290' title='bbox 685 2502 990 2558; x_wconf 89' lang='lat' dir='ltr'><strong>collustrati</strong></span> <span class='ocrx_word' id='word_1_291' title='bbox 1021 2513 1170 2568; x_wconf 90' lang='lat' dir='ltr'><strong>sunt,</strong></span> <span class='ocrx_word' id='word_1_292' title='bbox 1202 2505 1509 2561; x_wconf 87' lang='lat' dir='ltr'><strong>doctrinam</strong></span> <span class='ocrx_word' id='word_1_293' title='bbox 1545 2509 1874 2580; x_wconf 87' lang='lat' dir='ltr'><strong>relinquere,</strong></span> <span class='ocrx_word' id='word_1_294' title='bbox 1901 2512 2030 2566; x_wconf 81' lang='lat' dir='ltr'><strong>illit-</strong></span> 
     </span>
    </p>
   </div>
   <div class='ocr_carea' id='block_1_37' title="bbox 449 2594 2029 2663">
    <p class='ocr_par' dir='ltr' id='par_1_37' title="bbox 449 2594 2029 2663">
     <span class='ocr_line' id='line_1_37' title="bbox 449 2594 2029 2663; baseline 0.008 -19"><span class='ocrx_word' id='word_1_295' title='bbox 449 2599 743 2646; x_wconf 90' lang='lat' dir='ltr'><strong>teratorum</strong></span> <span class='ocrx_word' id='word_1_296' title='bbox 782 2594 998 2663; x_wconf 87' lang='lat' dir='ltr'><strong>quidem</strong></span> <span class='ocrx_word' id='word_1_297' title='bbox 1033 2603 1087 2650; x_wconf 88' lang='lat' dir='ltr'><strong>et</strong></span> <span class='ocrx_word' id='word_1_298' title='bbox 1127 2595 1367 2659; x_wconf 92' lang='lat' dir='ltr'><strong>rudium,</strong></span> <span class='ocrx_word' id='word_1_299' title='bbox 1411 2598 1505 2653; x_wconf 90' lang='lat' dir='ltr'><strong>sed</strong></span> <span class='ocrx_word' id='word_1_300' title='bbox 1542 2599 1785 2656; x_wconf 87' lang='lat' dir='ltr'><strong>veritatis</strong></span> <span class='ocrx_word' id='word_1_301' title='bbox 1830 2603 2029 2657; x_wconf 90' lang='lat' dir='ltr'><strong>nihilo—</strong></span> 
     </span>
    </p>
   </div>
   <div class='ocr_carea' id='block_1_38' title="bbox 447 2681 2032 2758">
    <p class='ocr_par' dir='ltr' id='par_1_38' title="bbox 447 2681 2032 2758">
     <span class='ocr_line' id='line_1_38' title="bbox 447 2681 2032 2758; baseline 0.009 -24"><span class='ocrx_word' id='word_1_302' title='bbox 447 2681 633 2739; x_wconf 90' lang='lat' dir='ltr'><strong>minus</strong></span> <span class='ocrx_word' id='word_1_303' title='bbox 660 2698 968 2754; x_wconf 69' lang='lat' dir='ltr'><strong>prteconum</strong></span> <span class='ocrx_word' id='word_1_304' title='bbox 995 2704 1010 2742; x_wconf 89' lang='lat'><strong>:</strong></span> <span class='ocrx_word' id='word_1_305' title='bbox 1039 2702 1148 2758; x_wconf 90' lang='lat' dir='ltr'><strong>quo</strong></span> <span class='ocrx_word' id='word_1_306' title='bbox 1175 2697 1403 2745; x_wconf 90' lang='lat' dir='ltr'><strong>munere</strong></span> <span class='ocrx_word' id='word_1_307' title='bbox 1439 2689 1528 2746; x_wconf 87' lang='lat' dir='ltr'><strong>Dei</strong></span> <span class='ocrx_word' id='word_1_308' title='bbox 1555 2691 1753 2747; x_wconf 89' lang='lat' dir='ltr'><strong>virtute</strong></span> <span class='ocrx_word' id='word_1_309' title='bbox 1778 2708 1842 2748; x_wconf 88' lang='lat' dir='ltr'><strong>ac</strong></span> <span class='ocrx_word' id='word_1_310' title='bbox 1873 2694 2032 2749; x_wconf 88' lang='lat' dir='ltr'><strong>bene-</strong></span> 
     </span>
    </p>
   </div>
   <div class='ocr_carea' id='block_1_39' title="bbox 445 2774 2034 2856">
    <p class='ocr_par' dir='ltr' id='par_1_39' title="bbox 445 2774 2034 2856">
     <span class='ocr_line' id='line_1_39' title="bbox 445 2774 2034 2856; baseline 0.008 -28"><span class='ocrx_word' id='word_1_311' title='bbox 445 2774 574 2830; x_wconf 78' lang='lat' dir='ltr'><strong>tlcio</strong></span> <span class='ocrx_word' id='word_1_312' title='bbox 610 2775 880 2845; x_wconf 76' lang='lat' dir='ltr'><strong>perfuncti</strong></span> <span class='ocrx_word' id='word_1_313' title='bbox 920 2787 1068 2833; x_wconf 82' lang='lat' dir='ltr'><strong>sunt.</strong></span> <span class='ocrx_word' id='word_1_314' title='bbox 1095 2778 1214 2834; x_wconf 86' lang='lat' dir='ltr'><strong>Non</strong></span> <span class='ocrx_word' id='word_1_315' title='bbox 1238 2781 1385 2835; x_wconf 90' lang='lat' dir='ltr'><strong>enim</strong></span> <span class='ocrx_word' id='word_1_316' title='bbox 1421 2781 1474 2835; x_wconf 91' lang='lat' dir='ltr'><strong>in</strong></span> <span class='ocrx_word' id='word_1_317' title='bbox 1504 2783 1837 2854; x_wconf 77' lang='lat' dir='ltr'><strong>syllogismis</strong></span> <span class='ocrx_word' id='word_1_318' title='bbox 1873 2801 2034 2856; x_wconf 89' lang='lat' dir='ltr'><strong>argu-</strong></span> 
     </span>
    </p>
   </div>
   <div class='ocr_carea' id='block_1_40' title="bbox 447 2863 2031 2946">
    <p class='ocr_par' dir='ltr' id='par_1_40' title="bbox 447 2863 2031 2946">
     <span class='ocr_line' id='line_1_40' title="bbox 447 2863 2031 2946; baseline 0.011 -31"><span class='ocrx_word' id='word_1_319' title='bbox 447 2863 716 2920; x_wconf 87' lang='lat' dir='ltr'><strong>mentisve</strong></span> <span class='ocrx_word' id='word_1_320' title='bbox 749 2879 974 2936; x_wconf 89' lang='lat' dir='ltr'><strong>regnum</strong></span> <span class='ocrx_word' id='word_1_321' title='bbox 1022 2869 1245 2924; x_wconf 75' lang='lat' dir='ltr'><strong>cteleste</strong></span> <span class='ocrx_word' id='word_1_322' title='bbox 1293 2871 1528 2938; x_wconf 89' lang='lat' dir='ltr'><strong>positum</strong></span> <span class='ocrx_word' id='word_1_323' title='bbox 1579 2881 1704 2938; x_wconf 88' lang='lat' dir='ltr'><strong>est,</strong></span> <span class='ocrx_word' id='word_1_324' title='bbox 1751 2889 1929 2946; x_wconf 89' lang='lat' dir='ltr'><strong>neque</strong></span> <span class='ocrx_word' id='word_1_325' title='bbox 1975 2877 2031 2932; x_wconf 87' lang='lat' dir='ltr'><strong>in</strong></span> 
     </span>
    </p>
   </div>
   <div class='ocr_carea' id='block_1_41' title="bbox 448 2956 2032 3029">
    <p class='ocr_par' dir='ltr' id='par_1_41' title="bbox 448 2956 2032 3029">
     <span class='ocr_line' id='line_1_41' title="bbox 448 2956 2032 3029; baseline 0.008 -21"><span class='ocrx_word' id='word_1_326' title='bbox 448 2957 724 3026; x_wconf 76' lang='lat' dir='ltr'><strong>arroganti</strong></span> <span class='ocrx_word' id='word_1_327' title='bbox 754 2956 1048 3029; x_wconf 78' lang='lat' dir='ltr'><strong>inﬂataque</strong></span> <span class='ocrx_word' id='word_1_328' title='bbox 1075 2975 1350 3026; x_wconf 87' lang='lat' dir='ltr'><strong>sermone,</strong></span> <span class='ocrx_word' id='word_1_329' title='bbox 1390 2962 1486 3017; x_wconf 89' lang='lat' dir='ltr'><strong>sed</strong></span> <span class='ocrx_word' id='word_1_330' title='bbox 1528 2963 1586 3017; x_wconf 90' lang='lat' dir='ltr'><strong>in</strong></span> <span class='ocrx_word' id='word_1_331' title='bbox 1617 2965 1819 3020; x_wconf 89' lang='lat' dir='ltr'><strong>virtute</strong></span> <span class='ocrx_word' id='word_1_332' title='bbox 1847 2980 1912 3020; x_wconf 88' lang='lat' dir='ltr'><strong>ac</strong></span> <span class='ocrx_word' id='word_1_333' title='bbox 1942 2983 2032 3022; x_wconf 89' lang='lat' dir='ltr'><strong>ve-</strong></span> 
     </span>
    </p>
   </div>
   <div class='ocr_carea' id='block_1_42' title="bbox 448 3046 2030 3124">
    <p class='ocr_par' dir='ltr' id='par_1_42' title="bbox 448 3046 2030 3124">
     <span class='ocr_line' id='line_1_42' title="bbox 448 3046 2030 3124; baseline 0.008 -24"><span class='ocrx_word' id='word_1_334' title='bbox 448 3046 612 3103; x_wconf 82' lang='lat' dir='ltr'><strong>ritate</strong></span> <span class='ocrx_word' id='word_1_335' title='bbox 638 3047 680 3102; x_wconf 70' lang='grc' dir='ltr'>δ.</span> <span class='ocrx_word' id='word_1_336' title='bbox 705 3047 818 3104; x_wconf 83' lang='lat' dir='ltr'><strong>Nos</strong></span> <span class='ocrx_word' id='word_1_337' title='bbox 854 3057 1036 3106; x_wconf 89' lang='lat' dir='ltr'><strong>autem</strong></span> <span class='ocrx_word' id='word_1_338' title='bbox 1084 3053 1221 3108; x_wconf 85' lang='lat' dir='ltr'><strong>satis</strong></span> <span class='ocrx_word' id='word_1_339' title='bbox 1269 3068 1542 3124; x_wconf 92' lang='lat' dir='ltr'><strong>superque</strong></span> <span class='ocrx_word' id='word_1_340' title='bbox 1584 3055 1850 3114; x_wconf 86' lang='lat' dir='ltr'><strong>hactenus</strong></span> <span class='ocrx_word' id='word_1_341' title='bbox 1881 3068 2030 3113; x_wconf 85' lang='lat' dir='ltr'><strong>tuam</strong></span> 
     </span>
    </p>
   </div>
   <div class='ocr_carea' id='block_1_43' title="bbox 2131 1860 3722 1936">
    <p class='ocr_par' dir='ltr' id='par_1_43' title="bbox 2131 1860 3722 1936">
     <span class='ocr_line' id='line_1_43' title="bbox 2131 1860 3722 1936; baseline -0.005 -14"><span class='ocrx_word' id='word_1_342' title='bbox 2131 1869 2224 1922; x_wconf 83' lang='grc' dir='ltr'><strong>νὸν</strong></span> <span class='ocrx_word' id='word_1_343' title='bbox 2250 1867 2367 1936; x_wconf 85' lang='grc' dir='ltr'>φῶς</span> <span class='ocrx_word' id='word_1_344' title='bbox 2391 1869 2420 1920; x_wconf 85' lang='grc' dir='ltr'><strong>ό</strong></span> <span class='ocrx_word' id='word_1_345' title='bbox 2449 1866 2598 1928; x_wconf 80' lang='grc' dir='ltr'>Υἱὸς,</span> <span class='ocrx_word' id='word_1_346' title='bbox 2624 1866 2653 1918; x_wconf 88' lang='grc' dir='ltr'><strong>ό</strong></span> <span class='ocrx_word' id='word_1_347' title='bbox 2681 1863 3084 1933; x_wconf 82' lang='grc' dir='ltr'><strong>γινωσκόμενος</strong></span> <span class='ocrx_word' id='word_1_348' title='bbox 3115 1860 3222 1914; x_wconf 83' lang='grc' dir='ltr'><strong>ὑπὸ</strong></span> <span class='ocrx_word' id='word_1_349' title='bbox 3249 1861 3341 1913; x_wconf 85' lang='grc' dir='ltr'><strong>τοῦ</strong></span> <span class='ocrx_word' id='word_1_350' title='bbox 3363 1860 3598 1932; x_wconf 70' lang='grc' dir='ltr'>Πατρός,</span> <span class='ocrx_word' id='word_1_351' title='bbox 3625 1861 3722 1914; x_wconf 75' lang='grc' dir='ltr'><strong>καὶ</strong></span> 
     </span>
    </p>
   </div>
   <div class='ocr_carea' id='block_1_44' title="bbox 2136 1950 3720 2033">
    <p class='ocr_par' dir='ltr' id='par_1_44' title="bbox 2136 1950 3720 2033">
     <span class='ocr_line' id='line_1_44' title="bbox 2136 1950 3720 2033; baseline -0.006 -19"><span class='ocrx_word' id='word_1_352' title='bbox 2136 1958 2582 2033; x_wconf 83' lang='grc' dir='ltr'>μαρτυρούμενος</span> <span class='ocrx_word' id='word_1_353' title='bbox 2599 1974 2612 1986; x_wconf 89' lang='grc'><strong>·</strong></span> <span class='ocrx_word' id='word_1_354' title='bbox 2639 1957 2735 2009; x_wconf 82' lang='grc' dir='ltr'>καὶ</span> <span class='ocrx_word' id='word_1_355' title='bbox 2759 1953 2984 2024; x_wconf 79' lang='grc' dir='ltr'>Πνεῦμα</span> <span class='ocrx_word' id='word_1_356' title='bbox 3005 1951 3261 2022; x_wconf 83' lang='grc' dir='ltr'><strong>ἀληθείας</strong></span> <span class='ocrx_word' id='word_1_357' title='bbox 3290 1950 3351 2004; x_wconf 85' lang='grc' dir='ltr'>τὸ</span> <span class='ocrx_word' id='word_1_358' title='bbox 3384 1950 3624 2022; x_wconf 83' lang='grc' dir='ltr'>Πνεῦμα,</span> <span class='ocrx_word' id='word_1_359' title='bbox 3658 1952 3720 2006; x_wconf 76' lang='grc' dir='ltr'>τὺ</span> 
     </span>
    </p>
   </div>
   <div class='ocr_carea' id='block_1_45' title="bbox 2133 2045 3716 2124">
    <p class='ocr_par' dir='ltr' id='par_1_45' title="bbox 2133 2045 3716 2124">
     <span class='ocr_line' id='line_1_45' title="bbox 2133 2045 3716 2124; baseline -0.006 -17"><span class='ocrx_word' id='word_1_360' title='bbox 2133 2055 2232 2107; x_wconf 84' lang='grc' dir='ltr'><strong>οὐκ</strong></span> <span class='ocrx_word' id='word_1_361' title='bbox 2279 2052 2558 2124; x_wconf 82' lang='grc' dir='ltr'>ἀλλότριον</span> <span class='ocrx_word' id='word_1_362' title='bbox 2606 2049 2686 2115; x_wconf 83' lang='grc' dir='ltr'>ὃν,</span> <span class='ocrx_word' id='word_1_363' title='bbox 2721 2047 2835 2103; x_wconf 81' lang='grc' dir='ltr'>ἀλλ’</span> <span class='ocrx_word' id='word_1_364' title='bbox 2870 2047 2978 2100; x_wconf 85' lang='grc' dir='ltr'>ἀπὸ</span> <span class='ocrx_word' id='word_1_365' title='bbox 3014 2045 3223 2115; x_wconf 82' lang='grc' dir='ltr'>Πατρδς</span> <span class='ocrx_word' id='word_1_366' title='bbox 3262 2045 3716 2116; x_wconf 77' lang='grc' dir='ltr'>ἐκπορευόμενον,</span> 
     </span>
    </p>
   </div>
   <div class='ocr_carea' id='block_1_46' title="bbox 2133 2135 3718 2213">
    <p class='ocr_par' dir='ltr' id='par_1_46' title="bbox 2133 2135 3718 2213">
     <span class='ocr_line' id='line_1_46' title="bbox 2133 2135 3718 2213; baseline -0.007 -14"><span class='ocrx_word' id='word_1_367' title='bbox 2133 2147 2227 2199; x_wconf 61' lang='grc' dir='ltr'><strong>καὶ⁸</strong></span> <span class='ocrx_word' id='word_1_368' title='bbox 2251 2143 2346 2198; x_wconf 88' lang='grc' dir='ltr'><strong>τοῦ</strong></span> <span class='ocrx_word' id='word_1_369' title='bbox 2375 2144 2506 2198; x_wconf 84' lang='grc' dir='ltr'>Υίοῦ</span> <span class='ocrx_word' id='word_1_370' title='bbox 2531 2142 2828 2213; x_wconf 81' lang='grc' dir='ltr'>λαμὸάνον.</span> <span class='ocrx_word' id='word_1_371' title='bbox 2867 2138 3053 2192; x_wconf 83' lang='grc' dir='ltr'>Ταῦτα</span> <span class='ocrx_word' id='word_1_372' title='bbox 3089 2135 3146 2190; x_wconf 83' lang='grc' dir='ltr'>δὲ</span> <span class='ocrx_word' id='word_1_373' title='bbox 3175 2138 3492 2206; x_wconf 84' lang='grc' dir='ltr'>ἀφαιρεῖται</span> <span class='ocrx_word' id='word_1_374' title='bbox 3541 2137 3718 2190; x_wconf 75' lang='grc' dir='ltr'>πᾶσάν</span> 
     </span>
    </p>
   </div>
   <div class='ocr_carea' id='block_1_47' title="bbox 2135 2229 3717 2304">
    <p class='ocr_par' dir='ltr' id='par_1_47' title="bbox 2135 2229 3717 2304">
     <span class='ocr_line' id='line_1_47' title="bbox 2135 2229 3717 2304; baseline -0.006 -13"><span class='ocrx_word' id='word_1_375' title='bbox 2135 2255 2227 2290; x_wconf 90' lang='grc' dir='ltr'><strong>σου</strong></span> <span class='ocrx_word' id='word_1_376' title='bbox 2268 2237 2379 2290; x_wconf 85' lang='grc' dir='ltr'>τῶν</span> <span class='ocrx_word' id='word_1_377' title='bbox 2423 2236 2622 2304; x_wconf 90' lang='grc' dir='ltr'>λόγων,</span> <span class='ocrx_word' id='word_1_378' title='bbox 2660 2235 2854 2295; x_wconf 87' lang='grc' dir='ltr'>Ἀέτιε,</span> <span class='ocrx_word' id='word_1_379' title='bbox 2908 2229 3323 2300; x_wconf 79' lang='grc' dir='ltr'>συλλογιστικὴν</span> <span class='ocrx_word' id='word_1_380' title='bbox 3370 2229 3717 2300; x_wconf 77' lang='grc' dir='ltr'>μυθολογίαν.</span> 
     </span>
    </p>
   </div>
   <div class='ocr_carea' id='block_1_48' title="bbox 2134 2319 3722 2396">
    <p class='ocr_par' dir='ltr' id='par_1_48' title="bbox 2134 2319 3722 2396">
     <span class='ocr_line' id='line_1_48' title="bbox 2134 2319 3722 2396; baseline -0.006 -16"><span class='ocrx_word' id='word_1_381' title='bbox 2134 2327 2240 2380; x_wconf 74' lang='grc' dir='ltr'>Καὶ</span> <span class='ocrx_word' id='word_1_382' title='bbox 2281 2328 2381 2382; x_wconf 85' lang='grc' dir='ltr'><strong>οὐκ</strong></span> <span class='ocrx_word' id='word_1_383' title='bbox 2419 2327 2694 2396; x_wconf 78' lang='grc' dir='ltr'>ἐνδέχεται</span> <span class='ocrx_word' id='word_1_384' title='bbox 2727 2325 2874 2394; x_wconf 81' lang='grc' dir='ltr'>ἡμᾶς</span> <span class='ocrx_word' id='word_1_385' title='bbox 2905 2321 3316 2394; x_wconf 80' lang='grc' dir='ltr'>προτρέψασθαι</span> <span class='ocrx_word' id='word_1_386' title='bbox 3350 2319 3597 2391; x_wconf 74' lang='grc' dir='ltr'>μαθητὰς</span> <span class='ocrx_word' id='word_1_387' title='bbox 3627 2335 3722 2388; x_wconf 89' lang='grc' dir='ltr'>γε-</span> 
     </span>
    </p>
   </div>
   <div class='ocr_carea' id='block_1_49' title="bbox 2132 2413 3720 2489">
    <p class='ocr_par' dir='ltr' id='par_1_49' title="bbox 2132 2413 3720 2489">
     <span class='ocr_line' id='line_1_49' title="bbox 2132 2413 3720 2489; baseline -0.004 -17"><span class='ocrx_word' id='word_1_388' title='bbox 2132 2419 2318 2473; x_wconf 82' lang='grc' dir='ltr'>νέσθαι</span> <span class='ocrx_word' id='word_1_389' title='bbox 2365 2417 2765 2489; x_wconf 83' lang='grc' dir='ltr'>Ἀριστοτέλους</span> <span class='ocrx_word' id='word_1_390' title='bbox 2812 2415 2906 2470; x_wconf 87' lang='grc' dir='ltr'><strong>τοῦ</strong></span> <span class='ocrx_word' id='word_1_391' title='bbox 2953 2414 3048 2468; x_wconf 86' lang='grc' dir='ltr'><strong>σοῦ</strong></span> <span class='ocrx_word' id='word_1_392' title='bbox 3089 2414 3401 2478; x_wconf 76' lang='grc' dir='ltr'>ἐπιστάτου,</span> <span class='ocrx_word' id='word_1_393' title='bbox 3437 2414 3532 2466; x_wconf 69' lang='grc' dir='ltr'><strong>καὶ</strong></span> <span class='ocrx_word' id='word_1_394' title='bbox 3563 2413 3720 2466; x_wconf 74' lang='grc' dir='ltr'>ἐάσαι</span> 
     </span>
    </p>
   </div>
   <div class='ocr_carea' id='block_1_50' title="bbox 2131 2504 3722 2579">
    <p class='ocr_par' dir='ltr' id='par_1_50' title="bbox 2131 2504 3722 2579">
     <span class='ocr_line' id='line_1_50' title="bbox 2131 2504 3722 2579; baseline -0.006 -15"><span class='ocrx_word' id='word_1_395' title='bbox 2131 2512 2224 2564; x_wconf 74' lang='grc' dir='ltr'>τὸν</span> <span class='ocrx_word' id='word_1_396' title='bbox 2265 2509 2374 2564; x_wconf 86' lang='grc' dir='ltr'>τῶν</span> <span class='ocrx_word' id='word_1_397' title='bbox 2421 2511 2482 2563; x_wconf 81' lang='grc' dir='ltr'><strong>ὲν</strong></span> <span class='ocrx_word' id='word_1_398' title='bbox 2531 2509 2810 2579; x_wconf 82' lang='grc' dir='ltr'>Πνεύματι</span> <span class='ocrx_word' id='word_1_399' title='bbox 2853 2506 2991 2561; x_wconf 85' lang='grc' dir='ltr'>Θεοῦ</span> <span class='ocrx_word' id='word_1_400' title='bbox 3041 2504 3474 2575; x_wconf 76' lang='grc' dir='ltr'><strong>πεφωτισμένων</strong></span> <span class='ocrx_word' id='word_1_401' title='bbox 3526 2504 3722 2558; x_wconf 82' lang='grc' dir='ltr'>ἁλιέων</span> 
     </span>
    </p>
   </div>
   <div class='ocr_carea' id='block_1_51' title="bbox 2133 2592 3722 2674">
    <p class='ocr_par' dir='ltr' id='par_1_51' title="bbox 2133 2592 3722 2674">
     <span class='ocr_line' id='line_1_51' title="bbox 2133 2592 3722 2674; baseline -0.008 -18"><span class='ocrx_word' id='word_1_402' title='bbox 2133 2601 2514 2674; x_wconf 81' lang='grc' dir='ltr'>ἀγραμμάτων</span> <span class='ocrx_word' id='word_1_403' title='bbox 2542 2601 2712 2654; x_wconf 74' lang='grc' dir='ltr'>ὄντων</span> <span class='ocrx_word' id='word_1_404' title='bbox 2741 2598 2884 2654; x_wconf 82' lang='grc' dir='ltr'>κατὰ</span> <span class='ocrx_word' id='word_1_405' title='bbox 2913 2597 3005 2651; x_wconf 81' lang='grc' dir='ltr'><strong>τὸν</strong></span> <span class='ocrx_word' id='word_1_406' title='bbox 3033 2597 3212 2666; x_wconf 89' lang='grc' dir='ltr'>λόγον,</span> <span class='ocrx_word' id='word_1_407' title='bbox 3242 2595 3335 2649; x_wconf 77' lang='grc' dir='ltr'>καὶ</span> <span class='ocrx_word' id='word_1_408' title='bbox 3363 2592 3603 2647; x_wconf 78' lang='grc' dir='ltr'>ἰδιωτῶν.</span> <span class='ocrx_word' id='word_1_409' title='bbox 3627 2607 3722 2660; x_wconf 83' lang='grc' dir='ltr'><strong>κη-</strong></span> 
     </span>
    </p>
   </div>
   <div class='ocr_carea' id='block_1_52' title="bbox 2135 2676 3721 2767">
    <p class='ocr_par' dir='ltr' id='par_1_52' title="bbox 2135 2676 3721 2767">
     <span class='ocr_line' id='line_1_52' title="bbox 2135 2676 3721 2767; baseline -0.009 -18"><span class='ocrx_word' id='word_1_410' title='bbox 2135 2695 2316 2767; x_wconf 74' lang='grc' dir='ltr'>ρύκων</span> <span class='ocrx_word' id='word_1_411' title='bbox 2357 2694 2416 2747; x_wconf 80' lang='grc' dir='ltr'>δὲ</span> <span class='ocrx_word' id='word_1_412' title='bbox 2460 2693 2632 2748; x_wconf 76' lang='grc' dir='ltr'>ὄντων</span> <span class='ocrx_word' id='word_1_413' title='bbox 2674 2692 2774 2762; x_wconf 80' lang='grc' dir='ltr'>τῆς</span> <span class='ocrx_word' id='word_1_414' title='bbox 2815 2689 3076 2762; x_wconf 78' lang='grc' dir='ltr'>ἀληθείας</span> <span class='ocrx_word' id='word_1_415' title='bbox 3118 2692 3177 2749; x_wconf 74' lang='grc' dir='ltr'><strong>ὲν</strong></span> <span class='ocrx_word' id='word_1_416' title='bbox 3226 2686 3454 2757; x_wconf 88' lang='grc' dir='ltr'>δυνάμει</span> <span class='ocrx_word' id='word_1_417' title='bbox 3495 2676 3721 2758; x_wconf 74' lang='grc' dir='ltr'>Θεοῦ,ᾗ</span> 
     </span>
    </p>
   </div>
   <div class='ocr_carea' id='block_1_53' title="bbox 2133 2777 3718 2858">
    <p class='ocr_par' dir='ltr' id='par_1_53' title="bbox 2133 2777 3718 2858">
     <span class='ocr_line' id='line_1_53' title="bbox 2133 2777 3718 2858; baseline -0.005 -18"><span class='ocrx_word' id='word_1_418' title='bbox 2133 2786 2516 2858; x_wconf 81' lang='grc' dir='ltr'>κατηξίωνται.</span> <span class='ocrx_word' id='word_1_419' title='bbox 2550 2787 2626 2838; x_wconf 84' lang='grc' dir='ltr'>Οὐ</span> <span class='ocrx_word' id='word_1_420' title='bbox 2661 2785 2771 2854; x_wconf 74' lang='grc' dir='ltr'><strong>γάρ</strong></span> <span class='ocrx_word' id='word_1_421' title='bbox 2811 2786 2870 2837; x_wconf 81' lang='grc' dir='ltr'>ἐν</span> <span class='ocrx_word' id='word_1_422' title='bbox 2909 2782 3051 2852; x_wconf 87' lang='grc' dir='ltr'>λόγῳ</span> <span class='ocrx_word' id='word_1_423' title='bbox 3079 2777 3471 2849; x_wconf 82' lang='grc' dir='ltr'>συλλογιστικῷ</span> <span class='ocrx_word' id='word_1_424' title='bbox 3497 2781 3532 2848; x_wconf 77' lang='grc' dir='ltr'>ἡ</span> <span class='ocrx_word' id='word_1_425' title='bbox 3568 2777 3718 2847; x_wconf 65' lang='lat' dir='ltr'><strong>Bact-</strong></span> 
     </span>
    </p>
   </div>
   <div class='ocr_carea' id='block_1_54' title="bbox 2133 2868 3720 2948">
    <p class='ocr_par' dir='ltr' id='par_1_54' title="bbox 2133 2868 3720 2948">
     <span class='ocr_line' id='line_1_54' title="bbox 2133 2868 3720 2948; baseline -0.006 -18"><span class='ocrx_word' id='word_1_426' title='bbox 2133 2879 2253 2933; x_wconf 89' lang='grc' dir='ltr'>λεία</span> <span class='ocrx_word' id='word_1_427' title='bbox 2281 2877 2393 2930; x_wconf 87' lang='grc' dir='ltr'>τῶν</span> <span class='ocrx_word' id='word_1_428' title='bbox 2419 2877 2689 2948; x_wconf 82' lang='grc' dir='ltr'>οὐρανῶν,</span> <span class='ocrx_word' id='word_1_429' title='bbox 2720 2875 2814 2929; x_wconf 77' lang='grc' dir='ltr'>καὶ</span> <span class='ocrx_word' id='word_1_430' title='bbox 2849 2876 2907 2927; x_wconf 82' lang='grc' dir='ltr'>ὲν</span> <span class='ocrx_word' id='word_1_431' title='bbox 2938 2874 3081 2942; x_wconf 87' lang='grc' dir='ltr'>λόγῳ</span> <span class='ocrx_word' id='word_1_432' title='bbox 3105 2869 3488 2942; x_wconf 83' lang='grc' dir='ltr'>κομπαστικῷ,</span> <span class='ocrx_word' id='word_1_433' title='bbox 3517 2868 3631 2921; x_wconf 77' lang='grc' dir='ltr'>ἀλλ’</span> <span class='ocrx_word' id='word_1_434' title='bbox 3659 2869 3720 2920; x_wconf 82' lang='grc' dir='ltr'><strong>ὲν</strong></span> 
     </span>
    </p>
   </div>
   <div class='ocr_carea' id='block_1_55' title="bbox 2135 2959 3716 3040">
    <p class='ocr_par' dir='ltr' id='par_1_55' title="bbox 2135 2959 3716 3040">
     <span class='ocr_line' id='line_1_55' title="bbox 2135 2959 3716 3040; baseline -0.008 -17"><span class='ocrx_word' id='word_1_435' title='bbox 2135 2969 2364 3040; x_wconf 86' lang='grc' dir='ltr'>δυνάμει</span> <span class='ocrx_word' id='word_1_436' title='bbox 2417 2970 2511 3022; x_wconf 76' lang='grc' dir='ltr'><strong>καὶ</strong></span> <span class='ocrx_word' id='word_1_437' title='bbox 2541 2968 2793 3038; x_wconf 66' lang='grc' dir='ltr'>ἀληθείᾳ.</span> <span class='ocrx_word' id='word_1_438' title='bbox 2827 2967 2938 3020; x_wconf 79' lang='grc' dir='ltr'><strong>Καὶ</strong></span> <span class='ocrx_word' id='word_1_439' title='bbox 2966 2965 3075 3035; x_wconf 81' lang='grc' dir='ltr'><strong>γὰρ</strong></span> <span class='ocrx_word' id='word_1_440' title='bbox 3103 2962 3351 3034; x_wconf 83' lang='grc' dir='ltr'>άρκετῶς</span> <span class='ocrx_word' id='word_1_441' title='bbox 3380 2959 3716 3030; x_wconf 81' lang='grc' dir='ltr'>είκάσαμεν⁸</span> 
     </span>
    </p>
   </div>
   <div class='ocr_carea' id='block_1_56' title="bbox 2135 3050 3722 3133">
    <p class='ocr_par' dir='ltr' id='par_1_56' title="bbox 2135 3050 3722 3133">
     <span class='ocr_line' id='line_1_56' title="bbox 2135 3050 3722 3133; baseline -0.008 -18"><span class='ocrx_word' id='word_1_442' title='bbox 2135 3063 2195 3128; x_wconf 76' lang='grc' dir='ltr'><strong>ἐξ</strong></span> <span class='ocrx_word' id='word_1_443' title='bbox 2222 3061 2398 3133; x_wconf 80' lang='grc' dir='ltr'>ἀρχῆς</span> <span class='ocrx_word' id='word_1_444' title='bbox 2430 3060 2523 3112; x_wconf 86' lang='grc' dir='ltr'><strong>τοῦ</strong></span> <span class='ocrx_word' id='word_1_445' title='bbox 2569 3059 2728 3127; x_wconf 82' lang='grc' dir='ltr'>λόγου</span> <span class='ocrx_word' id='word_1_446' title='bbox 2765 3074 2861 3112; x_wconf 83' lang='grc' dir='ltr'><strong>σου</strong></span> <span class='ocrx_word' id='word_1_447' title='bbox 2905 3056 3000 3109; x_wconf 87' lang='grc' dir='ltr'><strong>τοῦ</strong></span> <span class='ocrx_word' id='word_1_448' title='bbox 3042 3055 3173 3124; x_wconf 78' lang='grc' dir='ltr'>περὶ</span> <span class='ocrx_word' id='word_1_449' title='bbox 3207 3054 3518 3124; x_wconf 87' lang='grc' dir='ltr'>στερήσεως</span> <span class='ocrx_word' id='word_1_450' title='bbox 3555 3050 3722 3114; x_wconf 74' lang='grc' dir='ltr'>ἕξεων</span> 
     </span>
    </p>
   </div>
   <div class='ocr_carea' id='block_1_57' title="bbox 448 3138 2032 3221">
    <p class='ocr_par' dir='ltr' id='par_1_57' title="bbox 448 3138 2032 3218">
     <span class='ocr_line' id='line_1_57' title="bbox 448 3138 2032 3218; baseline 0.009 -26"><span class='ocrx_word' id='word_1_451' title='bbox 448 3138 597 3194; x_wconf 86' lang='lat' dir='ltr'><strong>illam</strong></span> <span class='ocrx_word' id='word_1_452' title='bbox 634 3139 703 3196; x_wconf 88' lang='lat' dir='ltr'><strong>de</strong></span> <span class='ocrx_word' id='word_1_453' title='bbox 735 3142 1038 3211; x_wconf 86' lang='lat' dir='ltr'><strong>privatione</strong></span> <span class='ocrx_word' id='word_1_454' title='bbox 1066 3144 1410 3200; x_wconf 74' lang='lat' dir='ltr'><strong>aﬂectionum</strong></span> <span class='ocrx_word' id='word_1_455' title='bbox 1444 3162 1507 3203; x_wconf 90' lang='lat' dir='ltr'><strong>ac</strong></span> <span class='ocrx_word' id='word_1_456' title='bbox 1553 3149 1885 3218; x_wconf 86' lang='lat' dir='ltr'><strong>positionum</strong></span> <span class='ocrx_word' id='word_1_457' title='bbox 1920 3151 2032 3206; x_wconf 85' lang='lat' dir='ltr'><strong>dis-</strong></span> 
     </span>
    </p>
   </div>
   <div class='ocr_carea' id='block_1_58' title="bbox 2137 3138 3721 3221">
    <p class='ocr_par' dir='ltr' id='par_1_58' title="bbox 2137 3143 3721 3221">
     <span class='ocr_line' id='line_1_58' title="bbox 2137 3143 3721 3221; baseline -0.008 -14"><span class='ocrx_word' id='word_1_458' title='bbox 2137 3153 2229 3206; x_wconf 78' lang='grc' dir='ltr'>καὶ</span> <span class='ocrx_word' id='word_1_459' title='bbox 2262 3152 2464 3206; x_wconf 79' lang='grc' dir='ltr'>θέσεων</span> <span class='ocrx_word' id='word_1_460' title='bbox 2503 3151 2599 3205; x_wconf 77' lang='grc' dir='ltr'><strong>καὶ</strong></span> <span class='ocrx_word' id='word_1_461' title='bbox 2639 3151 2904 3221; x_wconf 75' lang='grc' dir='ltr'>γεννητὴν</span> <span class='ocrx_word' id='word_1_462' title='bbox 2945 3148 3132 3202; x_wconf 87' lang='grc' dir='ltr'>οὐσίαν</span> <span class='ocrx_word' id='word_1_463' title='bbox 3174 3147 3268 3200; x_wconf 77' lang='grc' dir='ltr'>καὶ</span> <span class='ocrx_word' id='word_1_464' title='bbox 3307 3146 3599 3214; x_wconf 81' lang='grc' dir='ltr'>ἀγέννητον</span> <span class='ocrx_word' id='word_1_465' title='bbox 3628 3143 3721 3196; x_wconf 87' lang='grc' dir='ltr'>οὐ-</span> 
     </span>
    </p>
   </div>
   <div class='ocr_carea' id='block_1_59' title="bbox 447 3231 2035 3308">
    <p class='ocr_par' dir='ltr' id='par_1_59' title="bbox 447 3231 2035 3308">
     <span class='ocr_line' id='line_1_59' title="bbox 447 3231 2035 3308; baseline 0.006 -25"><span class='ocrx_word' id='word_1_466' title='bbox 447 3231 783 3299; x_wconf 87' lang='lat' dir='ltr'><strong>putationem</strong></span> <span class='ocrx_word' id='word_1_467' title='bbox 825 3233 1158 3288; x_wconf 88' lang='lat' dir='ltr'><strong>audivimus.</strong></span> <span class='ocrx_word' id='word_1_468' title='bbox 1206 3233 1344 3289; x_wconf 89' lang='lat' dir='ltr'><strong>Tum</strong></span> <span class='ocrx_word' id='word_1_469' title='bbox 1384 3236 1620 3304; x_wconf 78' lang='lat' dir='ltr'><strong>genitam</strong></span> <span class='ocrx_word' id='word_1_470' title='bbox 1652 3237 1797 3291; x_wconf 85' lang='lat' dir='ltr'><strong>illam</strong></span> <span class='ocrx_word' id='word_1_471' title='bbox 1824 3238 2035 3308; x_wconf 88' lang='lat' dir='ltr'><strong>ingeni-</strong></span> 
     </span>
    </p>
   </div>
   <div class='ocr_carea' id='block_1_60' title="bbox 447 3325 2034 3394">
    <p class='ocr_par' dir='ltr' id='par_1_60' title="bbox 447 3325 2034 3394">
     <span class='ocr_line' id='line_1_60' title="bbox 447 3325 2034 3394; baseline 0.005 -19"><span class='ocrx_word' id='word_1_472' title='bbox 447 3333 671 3394; x_wconf 82' lang='lat' dir='ltr'><strong>tamque</strong></span> <span class='ocrx_word' id='word_1_473' title='bbox 694 3325 1062 3380; x_wconf 85' lang='lat' dir='ltr'><strong>substantiam</strong></span> <span class='ocrx_word' id='word_1_474' title='bbox 1097 3327 1458 3382; x_wconf 83' lang='lat' dir='ltr'><strong>asciscentem</strong></span> <span class='ocrx_word' id='word_1_475' title='bbox 1484 3328 1614 3392; x_wconf 92' lang='lat' dir='ltr'><strong>sibi,</strong></span> <span class='ocrx_word' id='word_1_476' title='bbox 1644 3328 1726 3383; x_wconf 86' lang='lat' dir='ltr'><strong>vel</strong></span> <span class='ocrx_word' id='word_1_477' title='bbox 1757 3343 1865 3384; x_wconf 92' lang='lat' dir='ltr'><strong>non</strong></span> <span class='ocrx_word' id='word_1_478' title='bbox 1892 3331 2034 3385; x_wconf 86' lang='lat' dir='ltr'><strong>asci-</strong></span> 
     </span>
    </p>
   </div>
   <div class='ocr_carea' id='block_1_61' title="bbox 448 3416 2034 3489">
    <p class='ocr_par' dir='ltr' id='par_1_61' title="bbox 448 3416 2034 3489">
     <span class='ocr_line' id='line_1_61' title="bbox 448 3416 2034 3489; baseline 0.002 -19"><span class='ocrx_word' id='word_1_479' title='bbox 448 3423 690 3471; x_wconf 87' lang='lat' dir='ltr'><strong>scentem</strong></span> <span class='ocrx_word' id='word_1_480' title='bbox 719 3416 944 3486; x_wconf 89' lang='lat' dir='ltr'><strong>aliquid,</strong></span> <span class='ocrx_word' id='word_1_481' title='bbox 975 3425 1030 3470; x_wconf 89' lang='lat' dir='ltr'><strong>et</strong></span> <span class='ocrx_word' id='word_1_482' title='bbox 1062 3433 1168 3471; x_wconf 89' lang='lat' dir='ltr'><strong>una</strong></span> <span class='ocrx_word' id='word_1_483' title='bbox 1206 3433 1329 3473; x_wconf 89' lang='lat' dir='ltr'><strong>cum</strong></span> <span class='ocrx_word' id='word_1_484' title='bbox 1357 3418 1642 3474; x_wconf 74' lang='lat' dir='ltr'><strong>affectione</strong></span> <span class='ocrx_word' id='word_1_485' title='bbox 1687 3419 1853 3488; x_wconf 85' lang='lat' dir='ltr'><strong>hujus</strong></span> <span class='ocrx_word' id='word_1_486' title='bbox 1894 3435 2034 3489; x_wconf 86' lang='lat' dir='ltr'><strong>quo-</strong></span> 
     </span>
    </p>
   </div>
   <div class='ocr_carea' id='block_1_62' title="bbox 448 3508 2033 3579">
    <p class='ocr_par' dir='ltr' id='par_1_62' title="bbox 448 3508 2033 3579">
     <span class='ocr_line' id='line_1_62' title="bbox 448 3508 2033 3579; baseline 0.003 -18"><span class='ocrx_word' id='word_1_487' title='bbox 448 3523 555 3578; x_wconf 91' lang='lat' dir='ltr'><strong>que</strong></span> <span class='ocrx_word' id='word_1_488' title='bbox 585 3508 857 3578; x_wconf 88' lang='lat' dir='ltr'><strong>jacturam</strong></span> <span class='ocrx_word' id='word_1_489' title='bbox 921 3510 1238 3579; x_wconf 78' lang='lat' dir='ltr'><strong>patientem.</strong></span> <span class='ocrx_word' id='word_1_490' title='bbox 1285 3509 1508 3566; x_wconf 82' lang='lat' dir='ltr'><strong>Necnon</strong></span> <span class='ocrx_word' id='word_1_491' title='bbox 1538 3521 1591 3566; x_wconf 91' lang='lat' dir='ltr'><strong>et</strong></span> <span class='ocrx_word' id='word_1_492' title='bbox 1625 3510 1696 3567; x_wconf 89' lang='lat' dir='ltr'><strong>de</strong></span> <span class='ocrx_word' id='word_1_493' title='bbox 1728 3511 2033 3568; x_wconf 87' lang='lat' dir='ltr'><strong>substantia</strong></span> 
     </span>
    </p>
   </div>
   <div class='ocr_carea' id='block_1_63' title="bbox 446 3601 2030 3673">
    <p class='ocr_par' dir='ltr' id='par_1_63' title="bbox 446 3601 2030 3673">
     <span class='ocr_line' id='line_1_63' title="bbox 446 3601 2030 3673; baseline 0.004 -21"><span class='ocrx_word' id='word_1_494' title='bbox 446 3601 629 3669; x_wconf 86' lang='lat' dir='ltr'><strong>genita</strong></span> <span class='ocrx_word' id='word_1_495' title='bbox 663 3601 824 3655; x_wconf 85' lang='lat' dir='ltr'><strong>simul</strong></span> <span class='ocrx_word' id='word_1_496' title='bbox 858 3601 1158 3670; x_wconf 86' lang='lat' dir='ltr'><strong>implicata,</strong></span> <span class='ocrx_word' id='word_1_497' title='bbox 1192 3609 1247 3656; x_wconf 93' lang='lat' dir='ltr'><strong>et</strong></span> <span class='ocrx_word' id='word_1_498' title='bbox 1274 3602 1500 3673; x_wconf 91' lang='lat' dir='ltr'><strong>ingeniti</strong></span> <span class='ocrx_word' id='word_1_499' title='bbox 1532 3602 1836 3658; x_wconf 82' lang='lat' dir='ltr'><strong>ali‘ectione.</strong></span> <span class='ocrx_word' id='word_1_500' title='bbox 1891 3603 2030 3658; x_wconf 83' lang='lat' dir='ltr'><strong>Tum</strong></span> 
     </span>
    </p>
   </div>
   <div class='ocr_carea' id='block_1_64' title="bbox 449 3689 2031 3762">
    <p class='ocr_par' dir='ltr' id='par_1_64' title="bbox 449 3689 2031 3762">
     <span class='ocr_line' id='line_1_64' title="bbox 449 3689 2031 3762; baseline 0.007 -23"><span class='ocrx_word' id='word_1_501' title='bbox 449 3689 519 3744; x_wconf 87' lang='lat' dir='ltr'><strong>de</strong></span> <span class='ocrx_word' id='word_1_502' title='bbox 546 3691 732 3745; x_wconf 89' lang='lat' dir='ltr'><strong>sobole</strong></span> <span class='ocrx_word' id='word_1_503' title='bbox 779 3691 983 3759; x_wconf 87' lang='lat' dir='ltr'><strong>genita,</strong></span> <span class='ocrx_word' id='word_1_504' title='bbox 1017 3708 1138 3760; x_wconf 73' lang='lat' dir='ltr'><strong>quae</strong></span> <span class='ocrx_word' id='word_1_505' title='bbox 1183 3707 1280 3760; x_wconf 89' lang='lat' dir='ltr'><strong>per</strong></span> <span class='ocrx_word' id='word_1_506' title='bbox 1325 3693 1618 3762; x_wconf 89' lang='lat' dir='ltr'><strong>quemdam</strong></span> <span class='ocrx_word' id='word_1_507' title='bbox 1651 3693 1818 3748; x_wconf 89' lang='lat' dir='ltr'><strong>veluti</strong></span> <span class='ocrx_word' id='word_1_508' title='bbox 1847 3703 2031 3750; x_wconf 88' lang='lat' dir='ltr'><strong>trans-</strong></span> 
     </span>
    </p>
   </div>
   <div class='ocr_carea' id='block_1_65' title="bbox 450 3784 2036 3855">
    <p class='ocr_par' dir='ltr' id='par_1_65' title="bbox 450 3784 2036 3855">
     <span class='ocr_line' id='line_1_65' title="bbox 450 3784 2036 3855; baseline 0.001 -17"><span class='ocrx_word' id='word_1_509' title='bbox 450 3785 585 3838; x_wconf 90' lang='lat' dir='ltr'><strong>itum</strong></span> <span class='ocrx_word' id='word_1_510' title='bbox 610 3798 892 3852; x_wconf 83' lang='lat' dir='ltr'><strong>expressa,</strong></span> <span class='ocrx_word' id='word_1_511' title='bbox 924 3784 1378 3854; x_wconf 81' lang='lat' dir='ltr'><strong>signiﬁcationem</strong></span> <span class='ocrx_word' id='word_1_512' title='bbox 1419 3785 1778 3841; x_wconf 88' lang='lat' dir='ltr'><strong>nihilominus</strong></span> <span class='ocrx_word' id='word_1_513' title='bbox 1819 3801 2036 3855; x_wconf 82' lang='lat' dir='ltr'><strong>perma-</strong></span> 
     </span>
    </p>
   </div>
   <div class='ocr_carea' id='block_1_66' title="bbox 449 3875 2036 3948">
    <p class='ocr_par' dir='ltr' id='par_1_66' title="bbox 449 3875 2036 3948">
     <span class='ocr_line' id='line_1_66' title="bbox 449 3875 2036 3948; baseline 0.001 -19"><span class='ocrx_word' id='word_1_514' title='bbox 449 3875 630 3930; x_wconf 87' lang='lat' dir='ltr'><strong>nentis</strong></span> <span class='ocrx_word' id='word_1_515' title='bbox 692 3875 996 3933; x_wconf 80' lang='lat' dir='ltr'><strong>all&#39;ectionis</strong></span> <span class='ocrx_word' id='word_1_516' title='bbox 1043 3877 1244 3941; x_wconf 88' lang='lat' dir='ltr'><strong>habet,</strong></span> <span class='ocrx_word' id='word_1_517' title='bbox 1299 3884 1354 3932; x_wconf 92' lang='lat' dir='ltr'><strong>et</strong></span> <span class='ocrx_word' id='word_1_518' title='bbox 1416 3891 1480 3932; x_wconf 80' lang='lat' dir='ltr'><strong>ex</strong></span> <span class='ocrx_word' id='word_1_519' title='bbox 1534 3885 1730 3931; x_wconf 88' lang='lat' dir='ltr'><strong>natura</strong></span> <span class='ocrx_word' id='word_1_520' title='bbox 1781 3877 2036 3948; x_wconf 89' lang='lat' dir='ltr'><strong>quapiam</strong></span> 
     </span>
    </p>
   </div>
   <div class='ocr_carea' id='block_1_67' title="bbox 448 3969 2034 4040">
    <p class='ocr_par' dir='ltr' id='par_1_67' title="bbox 448 3969 2034 4040">
     <span class='ocr_line' id='line_1_67' title="bbox 448 3969 2034 4040; baseline 0.003 -20"><span class='ocrx_word' id='word_1_521' title='bbox 448 3969 925 4024; x_wconf 78' lang='lat' dir='ltr'><strong>commutationem</strong></span> <span class='ocrx_word' id='word_1_522' title='bbox 959 3970 1182 4034; x_wconf 87' lang='lat' dir='ltr'><strong>indicat,</strong></span> <span class='ocrx_word' id='word_1_523' title='bbox 1213 3984 1337 4024; x_wconf 88' lang='lat' dir='ltr'><strong>cum</strong></span> <span class='ocrx_word' id='word_1_524' title='bbox 1373 3970 1553 4039; x_wconf 91' lang='lat' dir='ltr'><strong>genita</strong></span> <span class='ocrx_word' id='word_1_525' title='bbox 1595 3969 1813 4024; x_wconf 89' lang='lat' dir='ltr'><strong>soboles</strong></span> <span class='ocrx_word' id='word_1_526' title='bbox 1847 3972 2034 4040; x_wconf 88' lang='lat' dir='ltr'><strong>appel-</strong></span> 
     </span>
    </p>
   </div>
   <div class='ocr_carea' id='block_1_68' title="bbox 2140 3237 3718 3314">
    <p class='ocr_par' dir='ltr' id='par_1_68' title="bbox 2140 3237 3718 3314">
     <span class='ocr_line' id='line_1_68' title="bbox 2140 3237 3718 3314; baseline -0.006 -18"><span class='ocrx_word' id='word_1_527' title='bbox 2140 3245 2262 3296; x_wconf 84' lang='grc' dir='ltr'>σίαν</span> <span class='ocrx_word' id='word_1_528' title='bbox 2312 3241 2856 3314; x_wconf 76' lang='grc' dir='ltr'>προσλαμϐάνουσαν,</span> <span class='ocrx_word' id='word_1_529' title='bbox 2904 3241 2998 3294; x_wconf 72' lang='grc' dir='ltr'>καὶ</span> <span class='ocrx_word' id='word_1_530' title='bbox 3053 3241 3127 3310; x_wconf 81' lang='grc' dir='ltr'>μὴ</span> <span class='ocrx_word' id='word_1_531' title='bbox 3172 3237 3718 3309; x_wconf 79' lang='grc' dir='ltr'>προσλαμϐάνουσαν.</span> 
     </span>
    </p>
   </div>
   <div class='ocr_carea' id='block_1_69' title="bbox 2137 3324 3723 3402">
    <p class='ocr_par' dir='ltr' id='par_1_69' title="bbox 2137 3324 3723 3402">
     <span class='ocr_line' id='line_1_69' title="bbox 2137 3324 3723 3402; baseline -0.006 -17"><span class='ocrx_word' id='word_1_532' title='bbox 2137 3334 2231 3385; x_wconf 75' lang='grc' dir='ltr'><strong>καὶ</strong></span> <span class='ocrx_word' id='word_1_533' title='bbox 2281 3332 2402 3402; x_wconf 84' lang='grc' dir='ltr'>μεθ’</span> <span class='ocrx_word' id='word_1_534' title='bbox 2426 3331 2591 3398; x_wconf 72' lang='grc' dir='ltr'>ἕξεως</span> <span class='ocrx_word' id='word_1_535' title='bbox 2630 3329 2801 3396; x_wconf 71' lang='grc' dir='ltr'>ἕξεως</span> <span class='ocrx_word' id='word_1_536' title='bbox 2847 3329 3229 3400; x_wconf 82' lang='grc' dir='ltr'>άπομένουσαν</span> <span class='ocrx_word' id='word_1_537' title='bbox 3271 3325 3544 3397; x_wconf 72' lang='grc' dir='ltr'>ἀποϐολὴν</span> <span class='ocrx_word' id='word_1_538' title='bbox 3567 3366 3582 3389; x_wconf 91' lang='grc'><strong>,</strong></span> <span class='ocrx_word' id='word_1_539' title='bbox 3627 3324 3723 3378; x_wconf 76' lang='grc' dir='ltr'>καὶ</span> 
     </span>
    </p>
   </div>
   <div class='ocr_carea' id='block_1_70' title="bbox 2138 3416 3725 3495">
    <p class='ocr_par' dir='ltr' id='par_1_70' title="bbox 2138 3416 3725 3495">
     <span class='ocr_line' id='line_1_70' title="bbox 2138 3416 3725 3495; baseline -0.004 -19"><span class='ocrx_word' id='word_1_540' title='bbox 2138 3426 2265 3495; x_wconf 76' lang='grc' dir='ltr'>περὶ</span> <span class='ocrx_word' id='word_1_541' title='bbox 2325 3424 2513 3486; x_wconf 83' lang='grc' dir='ltr'>οὐσίας</span> <span class='ocrx_word' id='word_1_542' title='bbox 2576 3421 3061 3492; x_wconf 84' lang='grc' dir='ltr'>καταπλεκομένης</span> <span class='ocrx_word' id='word_1_543' title='bbox 3108 3420 3392 3488; x_wconf 86' lang='grc' dir='ltr'>γεννητῆς,</span> <span class='ocrx_word' id='word_1_544' title='bbox 3439 3417 3606 3483; x_wconf 74' lang='grc' dir='ltr'>ἕξεως</span> <span class='ocrx_word' id='word_1_545' title='bbox 3663 3416 3725 3470; x_wconf 74' lang='grc' dir='ltr'>δι</span> 
     </span>
    </p>
   </div>
   <div class='ocr_carea' id='block_1_71' title="bbox 2137 3509 3722 3584">
    <p class='ocr_par' dir='ltr' id='par_1_71' title="bbox 2137 3509 3722 3584">
     <span class='ocr_line' id='line_1_71' title="bbox 2137 3509 3722 3584; baseline -0.004 -18"><span class='ocrx_word' id='word_1_546' title='bbox 2137 3514 2434 3584; x_wconf 84' lang='grc' dir='ltr'>ἀγεννήτου</span> <span class='ocrx_word' id='word_1_547' title='bbox 2455 3529 2468 3543; x_wconf 75' lang='grc' dir='ltr'><strong>ο</strong></span> <span class='ocrx_word' id='word_1_548' title='bbox 2508 3514 2602 3566; x_wconf 74' lang='grc' dir='ltr'><strong>καὶ</strong></span> <span class='ocrx_word' id='word_1_549' title='bbox 2632 3513 2877 3582; x_wconf 84' lang='grc' dir='ltr'>γέννημα</span> <span class='ocrx_word' id='word_1_550' title='bbox 2911 3511 3201 3580; x_wconf 88' lang='grc' dir='ltr'>λεγόμενον</span> <span class='ocrx_word' id='word_1_551' title='bbox 3240 3511 3299 3563; x_wconf 79' lang='grc' dir='ltr'>ὲν</span> <span class='ocrx_word' id='word_1_552' title='bbox 3349 3509 3586 3580; x_wconf 80' lang='grc' dir='ltr'>παρόδῳ,</span> <span class='ocrx_word' id='word_1_553' title='bbox 3625 3524 3722 3578; x_wconf 86' lang='grc' dir='ltr'>ση-</span> 
     </span>
    </p>
   </div>
   <div class='ocr_carea' id='block_1_72' title="bbox 2142 3599 3723 3674">
    <p class='ocr_par' dir='ltr' id='par_1_72' title="bbox 2142 3599 3723 3674">
     <span class='ocr_line' id='line_1_72' title="bbox 2142 3599 3723 3674; baseline -0.004 -17"><span class='ocrx_word' id='word_1_554' title='bbox 2142 3604 2468 3674; x_wconf 79' lang='grc' dir='ltr'>μαινομένου</span> <span class='ocrx_word' id='word_1_555' title='bbox 2516 3604 2573 3657; x_wconf 87' lang='grc' dir='ltr'>δὲ</span> <span class='ocrx_word' id='word_1_556' title='bbox 2619 3605 2678 3657; x_wconf 78' lang='grc' dir='ltr'><strong>ὲν</strong></span> <span class='ocrx_word' id='word_1_557' title='bbox 2720 3603 2830 3670; x_wconf 78' lang='grc' dir='ltr'>ἕξει</span> <span class='ocrx_word' id='word_1_558' title='bbox 2880 3602 3036 3674; x_wconf 82' lang='grc' dir='ltr'>μόνῃ,</span> <span class='ocrx_word' id='word_1_559' title='bbox 3081 3601 3176 3656; x_wconf 75' lang='grc' dir='ltr'><strong>καὶ</strong></span> <span class='ocrx_word' id='word_1_560' title='bbox 3217 3601 3379 3666; x_wconf 71' lang='grc' dir='ltr'>ἕξεως</span> <span class='ocrx_word' id='word_1_561' title='bbox 3427 3599 3723 3669; x_wconf 73' lang='grc' dir='ltr'>δηλωτικὸν</span> 
     </span>
    </p>
   </div>
   <div class='ocr_carea' id='block_1_73' title="bbox 2142 3691 3722 3766">
    <p class='ocr_par' dir='ltr' id='par_1_73' title="bbox 2142 3691 3722 3766">
     <span class='ocr_line' id='line_1_73' title="bbox 2142 3691 3722 3766; baseline -0.004 -17"><span class='ocrx_word' id='word_1_562' title='bbox 2142 3695 2620 3766; x_wconf 77' lang='grc' dir='ltr'>μεταπλαζομένου</span> <span class='ocrx_word' id='word_1_563' title='bbox 2667 3696 2727 3761; x_wconf 78' lang='grc' dir='ltr'><strong>ἐξ</strong></span> <span class='ocrx_word' id='word_1_564' title='bbox 2768 3696 2957 3758; x_wconf 80' lang='grc' dir='ltr'>οὐσίας</span> <span class='ocrx_word' id='word_1_565' title='bbox 2999 3693 3162 3758; x_wconf 79' lang='grc' dir='ltr'>τινὸς,</span> <span class='ocrx_word' id='word_1_566' title='bbox 3194 3695 3295 3748; x_wconf 80' lang='grc' dir='ltr'><strong>κάν</strong></span> <span class='ocrx_word' id='word_1_567' title='bbox 3325 3709 3383 3745; x_wconf 87' lang='grc' dir='ltr'><strong>τε</strong></span> <span class='ocrx_word' id='word_1_568' title='bbox 3430 3691 3722 3760; x_wconf 79' lang='grc' dir='ltr'>λεγομένω</span> 
     </span>
    </p>
   </div>
   <div class='ocr_carea' id='block_1_74' title="bbox 2140 3781 3723 3859">
    <p class='ocr_par' dir='ltr' id='par_1_74' title="bbox 2140 3781 3723 3859">
     <span class='ocr_line' id='line_1_74' title="bbox 2140 3781 3723 3859; baseline -0.004 -19"><span class='ocrx_word' id='word_1_569' title='bbox 2140 3789 2499 3859; x_wconf 84' lang='grc' dir='ltr'>γεννήματος,</span> <span class='ocrx_word' id='word_1_570' title='bbox 2532 3790 2608 3852; x_wconf 87' lang='grc' dir='ltr'>ὼς</span> <span class='ocrx_word' id='word_1_571' title='bbox 2635 3789 2790 3859; x_wconf 71' lang='grc' dir='ltr'>ἔφης.</span> <span class='ocrx_word' id='word_1_572' title='bbox 2827 3787 2977 3841; x_wconf 47' lang='lat' dir='ltr'><strong>mea:</strong></span> <span class='ocrx_word' id='word_1_573' title='bbox 3013 3787 3125 3858; x_wconf 83' lang='grc' dir='ltr'>γὰρ</span> <span class='ocrx_word' id='word_1_574' title='bbox 3152 3785 3411 3857; x_wconf 73' lang='grc' dir='ltr'>περὶτῶν</span> <span class='ocrx_word' id='word_1_575' title='bbox 3447 3782 3629 3836; x_wconf 82' lang='grc' dir='ltr'>αὐτῶν</span> <span class='ocrx_word' id='word_1_576' title='bbox 3661 3781 3723 3833; x_wconf 85' lang='grc' dir='ltr'>τὸ</span> 
     </span>
    </p>
   </div>
   <div class='ocr_carea' id='block_1_75' title="bbox 2139 3873 3722 3952">
    <p class='ocr_par' dir='ltr' id='par_1_75' title="bbox 2139 3873 3722 3952">
     <span class='ocr_line' id='line_1_75' title="bbox 2139 3873 3722 3952; baseline -0.004 -20"><span class='ocrx_word' id='word_1_577' title='bbox 2139 3880 2406 3952; x_wconf 81' lang='grc' dir='ltr'>διανόημά</span> <span class='ocrx_word' id='word_1_578' title='bbox 2439 3898 2532 3934; x_wconf 91' lang='grc' dir='ltr'><strong>σου</strong></span> <span class='ocrx_word' id='word_1_579' title='bbox 2562 3881 2732 3944; x_wconf 79' lang='grc' dir='ltr'>λαλεῖ,</span> <span class='ocrx_word' id='word_1_580' title='bbox 2759 3880 2925 3952; x_wconf 82' lang='grc' dir='ltr'>μηδὲν</span> <span class='ocrx_word' id='word_1_581' title='bbox 2958 3878 3260 3950; x_wconf 84' lang='grc' dir='ltr'>παραιτοῦν</span> <span class='ocrx_word' id='word_1_582' title='bbox 3278 3877 3455 3930; x_wconf 71' lang='grc' dir='ltr'>θκατὰ</span> <span class='ocrx_word' id='word_1_583' title='bbox 3483 3873 3590 3929; x_wconf 85' lang='grc' dir='ltr'>τῶν</span> <span class='ocrx_word' id='word_1_584' title='bbox 3622 3873 3722 3926; x_wconf 81' lang='grc' dir='ltr'>αὐ·-</span> 
     </span>
    </p>
   </div>
   <div class='ocr_carea' id='block_1_76' title="bbox 2140 3972 2965 4044">
    <p class='ocr_par' dir='ltr' id='par_1_76' title="bbox 2140 3972 2965 4044">
     <span class='ocr_line' id='line_1_76' title="bbox 2140 3972 2965 4044; baseline 0 -19"><span class='ocrx_word' id='word_1_585' title='bbox 2140 3973 2249 4025; x_wconf 85' lang='grc' dir='ltr'>τῶν</span> <span class='ocrx_word' id='word_1_586' title='bbox 2278 3972 2543 4044; x_wconf 85' lang='grc' dir='ltr'>φέρεσθαι</span> <span class='ocrx_word' id='word_1_587' title='bbox 2572 3973 2965 4042; x_wconf 81' lang='grc' dir='ltr'>φθεγγόμενον.</span> 
     </span>
    </p>
   </div>
   <div class='ocr_carea' id='block_1_77' title="bbox 449 4059 3724 4136">
    <p class='ocr_par' dir='ltr' id='par_1_77' title="bbox 449 4059 3724 4136">
     <span class='ocr_line' id='line_1_77' title="bbox 449 4059 3724 4136; baseline 0.002 -24"><span class='ocrx_word' id='word_1_588' title='bbox 449 4061 612 4115; x_wconf 89' lang='lat' dir='ltr'><strong>latur.</strong></span> <span class='ocrx_word' id='word_1_589' title='bbox 649 4059 788 4128; x_wconf 81' lang='lat' dir='ltr'><strong>Ergo</strong></span> <span class='ocrx_word' id='word_1_590' title='bbox 842 4062 1033 4118; x_wconf 83' lang='lat' dir='ltr'><strong>iisdem</strong></span> <span class='ocrx_word' id='word_1_591' title='bbox 1073 4064 1140 4117; x_wconf 85' lang='lat' dir='ltr'><strong>de</strong></span> <span class='ocrx_word' id='word_1_592' title='bbox 1172 4063 1332 4117; x_wconf 86' lang='lat' dir='ltr'><strong>rebus</strong></span> <span class='ocrx_word' id='word_1_593' title='bbox 1373 4063 1562 4117; x_wconf 87' lang='lat' dir='ltr'><strong>eadem</strong></span> <span class='ocrx_word' id='word_1_594' title='bbox 1609 4063 1808 4130; x_wconf 71' lang='lat' dir='ltr'><strong>saepius</strong></span> <span class='ocrx_word' id='word_1_595' title='bbox 1860 4072 1955 4117; x_wconf 91' lang='lat' dir='ltr'><strong>tuo</strong></span> <span class='ocrx_word' id='word_1_596' title='bbox 1992 4081 2061 4118; x_wconf 80' lang='lat' dir='ltr'><strong>ex</strong></span> <span class='ocrx_word' id='word_1_597' title='bbox 2133 4065 2354 4136; x_wconf 89' lang='lat' dir='ltr'><strong>ingenio</strong></span> <span class='ocrx_word' id='word_1_598' title='bbox 2401 4067 2698 4136; x_wconf 86' lang='lat' dir='ltr'><strong>proponis,</strong></span> <span class='ocrx_word' id='word_1_599' title='bbox 2749 4065 2894 4135; x_wconf 90' lang='lat' dir='ltr'><strong>quod</strong></span> <span class='ocrx_word' id='word_1_600' title='bbox 2951 4065 3140 4120; x_wconf 84' lang='lat' dir='ltr'><strong>eadem</strong></span> <span class='ocrx_word' id='word_1_601' title='bbox 3201 4066 3478 4120; x_wconf 89' lang='lat' dir='ltr'><strong>inculcare</strong></span> <span class='ocrx_word' id='word_1_602' title='bbox 3525 4059 3724 4130; x_wconf 67' lang='lat' dir='ltr'><strong>saepius</strong></span> 
     </span>
    </p>
   </div>
   <div class='ocr_carea' id='block_1_78' title="bbox 449 4152 865 4208">
    <p class='ocr_par' dir='ltr' id='par_1_78' title="bbox 449 4152 865 4208">
     <span class='ocr_line' id='line_1_78' title="bbox 449 4152 865 4208; baseline 0 -1"><span class='ocrx_word' id='word_1_603' title='bbox 449 4152 583 4207; x_wconf 81' lang='lat' dir='ltr'><strong>nihil</strong></span> <span class='ocrx_word' id='word_1_604' title='bbox 624 4161 865 4208; x_wconf 86' lang='lat' dir='ltr'><strong>veretur.</strong></span> 
     </span>
    </p>
   </div>
   <div class='ocr_carea' id='block_1_79' title="bbox 838 4242 1650 4314">
    <p class='ocr_par' dir='ltr' id='par_1_79' title="bbox 838 4242 1650 4314">
     <span class='ocr_line' id='line_1_79' title="bbox 838 4242 1650 4314; baseline 0.004 -19"><span class='ocrx_word' id='word_1_605' title='bbox 838 4243 1002 4314; x_wconf 71' lang='lat'><strong>935</strong></span> <span class='ocrx_word' id='word_1_606' title='bbox 1027 4243 1202 4296; x_wconf 71' lang='grc' dir='ltr'>Αετιι</span> <span class='ocrx_word' id='word_1_607' title='bbox 1244 4242 1471 4299; x_wconf 75' lang='lat' dir='ltr'><strong>CAPUT</strong></span> <span class='ocrx_word' id='word_1_608' title='bbox 1514 4244 1650 4298; x_wconf 65' lang='lat' dir='ltr'><strong>xm.</strong></span> 
     </span>
    </p>
   </div>
   <div class='ocr_carea' id='block_1_80' title="bbox 520 4335 2034 4423">
    <p class='ocr_par' dir='ltr' id='par_1_80' title="bbox 520 4335 2034 4423">
     <span class='ocr_line' id='line_1_80' title="bbox 520 4335 2034 4423; baseline 0 -33"><span class='ocrx_word' id='word_1_609' title='bbox 520 4335 578 4396; x_wconf 89' lang='lat' dir='ltr'><strong>Si</strong></span> <span class='ocrx_word' id='word_1_610' title='bbox 635 4345 745 4390; x_wconf 89' lang='lat' dir='ltr'><strong>tam</strong></span> <span class='ocrx_word' id='word_1_611' title='bbox 802 4337 1126 4406; x_wconf 87' lang='lat' dir='ltr'><strong>ingenitum,</strong></span> <span class='ocrx_word' id='word_1_612' title='bbox 1186 4351 1350 4405; x_wconf 86' lang='lat' dir='ltr'><strong>quam</strong></span> <span class='ocrx_word' id='word_1_613' title='bbox 1383 4337 1647 4423; x_wconf 41' lang='lat' dir='ltr'><strong>.genitum</strong></span> <span class='ocrx_word' id='word_1_614' title='bbox 1691 4337 1908 4392; x_wconf 70' lang='lat' dir='ltr'><strong>aﬂ‘ectio</strong></span> <span class='ocrx_word' id='word_1_615' title='bbox 1942 4340 2034 4400; x_wconf 90' lang='lat' dir='ltr'><strong>sit,</strong></span> 
     </span>
    </p>
   </div>
   <div class='ocr_carea' id='block_1_81' title="bbox 2498 4241 3356 4294">
    <p class='ocr_par' dir='ltr' id='par_1_81' title="bbox 2498 4241 3356 4294">
     <span class='ocr_line' id='line_1_81' title="bbox 2498 4241 3356 4294; baseline -0.001 0"><span class='ocrx_word' id='word_1_616' title='bbox 2498 4241 2893 4294; x_wconf 78' lang='grc' dir='ltr'><strong>ΚΕΦΑΛΑΙΟΝ</strong></span> <span class='ocrx_word' id='word_1_617' title='bbox 2937 4241 3188 4294; x_wconf 80' lang='grc' dir='ltr'><strong>ΑΕΤΙΟΥ</strong></span> <span class='ocrx_word' id='word_1_618' title='bbox 3227 4243 3356 4293; x_wconf 73' lang='lat' dir='ltr'><strong>KA&#39;.</strong></span> 
     </span>
    </p>
   </div>
   <div class='ocr_carea' id='block_1_82' title="bbox 2216 4331 3726 4402">
    <p class='ocr_par' dir='ltr' id='par_1_82' title="bbox 2216 4331 3726 4402">
     <span class='ocr_line' id='line_1_82' title="bbox 2216 4331 3726 4402; baseline -0.001 -16"><span class='ocrx_word' id='word_1_619' title='bbox 2216 4332 2280 4386; x_wconf 86' lang='grc' dir='ltr'>Εί</span> <span class='ocrx_word' id='word_1_620' title='bbox 2324 4334 2386 4385; x_wconf 84' lang='grc' dir='ltr'><strong>τὸ</strong></span> <span class='ocrx_word' id='word_1_621' title='bbox 2443 4332 2736 4402; x_wconf 82' lang='grc' dir='ltr'>ἀγέννητον</span> <span class='ocrx_word' id='word_1_622' title='bbox 2767 4331 2880 4396; x_wconf 72' lang='grc' dir='ltr'>ἕξις</span> <span class='ocrx_word' id='word_1_623' title='bbox 2903 4370 2918 4393; x_wconf 94' lang='grc'><strong>,</strong></span> <span class='ocrx_word' id='word_1_624' title='bbox 2963 4331 3058 4383; x_wconf 76' lang='grc' dir='ltr'>καὶ</span> <span class='ocrx_word' id='word_1_625' title='bbox 3104 4331 3165 4382; x_wconf 85' lang='grc' dir='ltr'>τὸ</span> <span class='ocrx_word' id='word_1_626' title='bbox 3201 4331 3458 4400; x_wconf 82' lang='grc' dir='ltr'>γεννητὸν</span> <span class='ocrx_word' id='word_1_627' title='bbox 3494 4331 3638 4396; x_wconf 74' lang='grc' dir='ltr'>ἕξις,</span> <span class='ocrx_word' id='word_1_628' title='bbox 3669 4333 3726 4386; x_wconf 89' lang='grc' dir='ltr'><strong>αί</strong></span> 
     </span>
    </p>
   </div>
   <div class='ocr_carea' id='block_1_83' title="bbox 449 4416 2032 4501">
    <p class='ocr_par' dir='ltr' id='par_1_83' title="bbox 449 4416 2028 4501">
     <span class='ocr_line' id='line_1_83' title="bbox 449 4416 2028 4501; baseline 0 -17"><span class='ocrx_word' id='word_1_629' title='bbox 449 4428 770 4484; x_wconf 64' lang='lat' dir='ltr'><strong>substantia!</strong></span> <span class='ocrx_word' id='word_1_630' title='bbox 809 4428 1027 4496; x_wconf 91' lang='lat' dir='ltr'><strong>quidem</strong></span> <span class='ocrx_word' id='word_1_631' title='bbox 1075 4416 1458 4484; x_wconf 78' lang='lat' dir='ltr'><strong>aﬂ&#39;ectionibus</strong></span> <span class='ocrx_word' id='word_1_632' title='bbox 1506 4432 1740 4501; x_wconf 86' lang='lat' dir='ltr'><strong>priores,</strong></span> <span class='ocrx_word' id='word_1_633' title='bbox 1787 4429 2028 4484; x_wconf 78' lang='lat' dir='ltr'><strong>all‘ectio-</strong></span> 
     </span>
    </p>
   </div>
   <div class='ocr_carea' id='block_1_84' title="bbox 2137 4416 3713 4501">
    <p class='ocr_par' dir='ltr' id='par_1_84' title="bbox 2137 4421 3713 4495">
     <span class='ocr_line' id='line_1_84' title="bbox 2137 4421 3713 4495; baseline -0.002 -18"><span class='ocrx_word' id='word_1_634' title='bbox 2137 4426 2234 4495; x_wconf 76' lang='grc' dir='ltr'>μὲν</span> <span class='ocrx_word' id='word_1_635' title='bbox 2263 4425 2442 4478; x_wconf 84' lang='grc' dir='ltr'>οὐσίαι</span> <span class='ocrx_word' id='word_1_636' title='bbox 2470 4423 2580 4477; x_wconf 84' lang='grc' dir='ltr'>τῶν</span> <span class='ocrx_word' id='word_1_637' title='bbox 2613 4422 2776 4488; x_wconf 73' lang='grc' dir='ltr'>ἕξεων</span> <span class='ocrx_word' id='word_1_638' title='bbox 2826 4422 3072 4494; x_wconf 82' lang='grc' dir='ltr'>πρῶται,</span> <span class='ocrx_word' id='word_1_639' title='bbox 3118 4423 3175 4476; x_wconf 77' lang='grc' dir='ltr'>αἱ</span> <span class='ocrx_word' id='word_1_640' title='bbox 3203 4422 3259 4475; x_wconf 83' lang='grc' dir='ltr'>δὲ</span> <span class='ocrx_word' id='word_1_641' title='bbox 3309 4421 3450 4486; x_wconf 77' lang='grc' dir='ltr'>ἕξεις</span> <span class='ocrx_word' id='word_1_642' title='bbox 3486 4424 3595 4474; x_wconf 85' lang='grc' dir='ltr'>τῶν</span> <span class='ocrx_word' id='word_1_643' title='bbox 3623 4424 3713 4475; x_wconf 78' lang='grc' dir='ltr'>οὐ-</span> 
     </span>
    </p>
   </div>
   <div class='ocr_carea' id='block_1_85' title="bbox 449 4521 2031 4590">
    <p class='ocr_par' dir='ltr' id='par_1_85' title="bbox 449 4521 2031 4590">
     <span class='ocr_line' id='line_1_85' title="bbox 449 4521 2031 4590; baseline -0.001 -15"><span class='ocrx_word' id='word_1_644' title='bbox 449 4535 548 4575; x_wconf 88' lang='lat' dir='ltr'><strong>nes</strong></span> <span class='ocrx_word' id='word_1_645' title='bbox 585 4533 749 4590; x_wconf 89' lang='lat' dir='ltr'><strong>porro</strong></span> <span class='ocrx_word' id='word_1_646' title='bbox 787 4521 865 4574; x_wconf 92' lang='lat' dir='ltr'><strong>uti</strong></span> <span class='ocrx_word' id='word_1_647' title='bbox 897 4527 1089 4574; x_wconf 87' lang='lat' dir='ltr'><strong>natura</strong></span> <span class='ocrx_word' id='word_1_648' title='bbox 1126 4521 1482 4590; x_wconf 88' lang='lat' dir='ltr'><strong>posteriores,</strong></span> <span class='ocrx_word' id='word_1_649' title='bbox 1537 4523 1618 4578; x_wconf 78' lang='lat' dir='ltr'><strong>sic</strong></span> <span class='ocrx_word' id='word_1_650' title='bbox 1649 4522 1842 4576; x_wconf 82' lang='lat' dir='ltr'><strong>iisdem</strong></span> <span class='ocrx_word' id='word_1_651' title='bbox 1875 4529 2031 4574; x_wconf 84' lang='lat' dir='ltr'><strong>ante-</strong></span> 
     </span>
    </p>
   </div>
   <div class='ocr_carea' id='block_1_86' title="bbox 449 4610 2028 4683">
    <p class='ocr_par' dir='ltr' id='par_1_86' title="bbox 449 4610 2028 4683">
     <span class='ocr_line' id='line_1_86' title="bbox 449 4610 2028 4683; baseline -0.001 -16"><span class='ocrx_word' id='word_1_652' title='bbox 449 4613 712 4683; x_wconf 67' lang='lat' dir='ltr'><strong>ponendae</strong></span> <span class='ocrx_word' id='word_1_653' title='bbox 737 4619 887 4667; x_wconf 86' lang='lat' dir='ltr'><strong>sunt.</strong></span> <span class='ocrx_word' id='word_1_654' title='bbox 924 4610 1078 4676; x_wconf 81' lang='lat' dir='ltr'><strong>Quod</strong></span> <span class='ocrx_word' id='word_1_655' title='bbox 1107 4613 1150 4665; x_wconf 84' lang='lat' dir='ltr'><strong>si</strong></span> <span class='ocrx_word' id='word_1_656' title='bbox 1178 4613 1483 4682; x_wconf 82' lang='lat' dir='ltr'><strong>ingenitum</strong></span> <span class='ocrx_word' id='word_1_657' title='bbox 1514 4613 1682 4683; x_wconf 88' lang='lat' dir='ltr'><strong>geniti</strong></span> <span class='ocrx_word' id='word_1_658' title='bbox 1711 4627 1883 4667; x_wconf 85' lang='lat' dir='ltr'><strong>causa</strong></span> <span class='ocrx_word' id='word_1_659' title='bbox 1923 4620 2028 4678; x_wconf 80' lang='lat' dir='ltr'><strong>est,</strong></span> 
     </span>
    </p>
   </div>
   <div class='ocr_carea' id='block_1_87' title="bbox 447 4702 2027 4775">
    <p class='ocr_par' dir='ltr' id='par_1_87' title="bbox 447 4702 2027 4775">
     <span class='ocr_line' id='line_1_87' title="bbox 447 4702 2027 4775; baseline -0.002 -15"><span class='ocrx_word' id='word_1_660' title='bbox 447 4707 607 4775; x_wconf 81' lang='lat' dir='ltr'><strong>eique</strong></span> <span class='ocrx_word' id='word_1_661' title='bbox 653 4702 866 4758; x_wconf 80' lang='lat' dir='ltr'><strong>confert</strong></span> <span class='ocrx_word' id='word_1_662' title='bbox 921 4713 980 4758; x_wconf 93' lang='lat' dir='ltr'><strong>ut</strong></span> <span class='ocrx_word' id='word_1_663' title='bbox 1037 4704 1308 4769; x_wconf 82' lang='lat' dir='ltr'><strong>exsistat;</strong></span> <span class='ocrx_word' id='word_1_664' title='bbox 1378 4705 1622 4774; x_wconf 87' lang='lat' dir='ltr'><strong>genitum</strong></span> <span class='ocrx_word' id='word_1_665' title='bbox 1698 4719 1826 4758; x_wconf 90' lang='lat' dir='ltr'><strong>vero</strong></span> <span class='ocrx_word' id='word_1_666' title='bbox 1897 4718 2027 4757; x_wconf 87' lang='lat' dir='ltr'><strong>cau-</strong></span> 
     </span>
    </p>
   </div>
   <div class='ocr_carea' id='block_1_88' title="bbox 448 4797 2030 4869">
    <p class='ocr_par' dir='ltr' id='par_1_88' title="bbox 448 4797 2030 4869">
     <span class='ocr_line' id='line_1_88' title="bbox 448 4797 2030 4869; baseline -0.001 -18"><span class='ocrx_word' id='word_1_667' title='bbox 448 4815 564 4852; x_wconf 85' lang='lat' dir='ltr'><strong>sam</strong></span> <span class='ocrx_word' id='word_1_668' title='bbox 612 4799 786 4869; x_wconf 87' lang='lat' dir='ltr'><strong>ipsam</strong></span> <span class='ocrx_word' id='word_1_669' title='bbox 831 4797 1154 4852; x_wconf 73' lang='lat' dir='ltr'><strong>substantiat</strong></span> <span class='ocrx_word' id='word_1_670' title='bbox 1201 4813 1300 4853; x_wconf 90' lang='lat' dir='ltr'><strong>sua</strong></span> <span class='ocrx_word' id='word_1_671' title='bbox 1351 4797 1575 4853; x_wconf 91' lang='lat' dir='ltr'><strong>notione</strong></span> <span class='ocrx_word' id='word_1_672' title='bbox 1621 4797 2030 4866; x_wconf 89' lang='lat' dir='ltr'><strong>complectens,</strong></span> 
     </span>
    </p>
   </div>
   <div class='ocr_carea' id='block_1_89' title="bbox 447 4888 2032 4960">
    <p class='ocr_par' dir='ltr' id='par_1_89' title="bbox 447 4888 2032 4960">
     <span class='ocr_line' id='line_1_89' title="bbox 447 4888 2032 4960; baseline -0.003 -16"><span class='ocrx_word' id='word_1_673' title='bbox 447 4891 806 4945; x_wconf 87' lang='lat' dir='ltr'><strong>substantiam</strong></span> <span class='ocrx_word' id='word_1_674' title='bbox 843 4891 1041 4960; x_wconf 86' lang='lat' dir='ltr'><strong>ipsam,</strong></span> <span class='ocrx_word' id='word_1_675' title='bbox 1073 4905 1182 4943; x_wconf 88' lang='lat' dir='ltr'><strong>non</strong></span> <span class='ocrx_word' id='word_1_676' title='bbox 1213 4889 1552 4943; x_wconf 84' lang='lat' dir='ltr'><strong>aﬂ&#39;cctionem</strong></span> <span class='ocrx_word' id='word_1_677' title='bbox 1582 4888 1862 4957; x_wconf 73' lang='lat' dir='ltr'><strong>exprimit,</strong></span> <span class='ocrx_word' id='word_1_678' title='bbox 1905 4903 2032 4941; x_wconf 87' lang='lat' dir='ltr'><strong>cum</strong></span> 
     </span>
    </p>
   </div>
   <div class='ocr_carea' id='block_1_90' title="bbox 447 4981 2038 5056">
    <p class='ocr_par' dir='ltr' id='par_1_90' title="bbox 447 4981 2038 5056">
     <span class='ocr_line' id='line_1_90' title="bbox 447 4981 2038 5056; baseline -0.002 -19"><span class='ocrx_word' id='word_1_679' title='bbox 447 4983 689 5056; x_wconf 82' lang='lat' dir='ltr'><strong>ingenita</strong></span> <span class='ocrx_word' id='word_1_680' title='bbox 737 4990 931 5037; x_wconf 87' lang='lat' dir='ltr'><strong>natura</strong></span> <span class='ocrx_word' id='word_1_681' title='bbox 984 4983 1116 5036; x_wconf 90' lang='lat' dir='ltr'><strong>nihil</strong></span> <span class='ocrx_word' id='word_1_682' title='bbox 1154 4983 1270 5052; x_wconf 85' lang='lat' dir='ltr'><strong>ipsa</strong></span> <span class='ocrx_word' id='word_1_683' title='bbox 1307 4997 1494 5036; x_wconf 89' lang='lat' dir='ltr'><strong>secum</strong></span> <span class='ocrx_word' id='word_1_684' title='bbox 1536 4981 1816 5043; x_wconf 86' lang='lat' dir='ltr'><strong>includat;</strong></span> <span class='ocrx_word' id='word_1_685' title='bbox 1857 4997 2038 5034; x_wconf 88' lang='lat' dir='ltr'><strong>nonne</strong></span> 
     </span>
    </p>
   </div>
   <div class='ocr_carea' id='block_1_91' title="bbox 445 5071 2035 5144">
    <p class='ocr_par' dir='ltr' id='par_1_91' title="bbox 445 5071 2035 5144">
     <span class='ocr_line' id='line_1_91' title="bbox 445 5071 2035 5144; baseline -0.001 -16"><span class='ocrx_word' id='word_1_686' title='bbox 445 5074 750 5130; x_wconf 86' lang='lat' dir='ltr'><strong>substantia</strong></span> <span class='ocrx_word' id='word_1_687' title='bbox 817 5074 999 5144; x_wconf 82' lang='lat' dir='ltr'><strong>potius</strong></span> <span class='ocrx_word' id='word_1_688' title='bbox 1055 5088 1221 5142; x_wconf 90' lang='lat' dir='ltr'><strong>quam</strong></span> <span class='ocrx_word' id='word_1_689' title='bbox 1281 5073 1497 5127; x_wconf 74' lang='lat' dir='ltr'><strong>alfectio</strong></span> <span class='ocrx_word' id='word_1_690' title='bbox 1556 5072 1807 5142; x_wconf 59' lang='lat' dir='ltr'><strong>quaedam</strong></span> <span class='ocrx_word' id='word_1_691' title='bbox 1871 5071 2035 5126; x_wconf 85' lang='lat' dir='ltr'><strong>debet</strong></span> 
     </span>
    </p>
   </div>
   <div class='ocr_carea' id='block_1_92' title="bbox 444 5167 663 5224">
    <p class='ocr_par' dir='ltr' id='par_1_92' title="bbox 444 5167 663 5224">
     <span class='ocr_line' id='line_1_92' title="bbox 444 5167 663 5224; baseline -0.005 -2"><span class='ocrx_word' id='word_1_692' title='bbox 444 5167 663 5224; x_wconf 78' lang='lat' dir='ltr'><strong>videri?</strong></span> 
     </span>
    </p>
   </div>
   <div class='ocr_carea' id='block_1_93' title="bbox 987 5254 1497 5326">
    <p class='ocr_par' dir='ltr' id='par_1_93' title="bbox 987 5254 1497 5326">
     <span class='ocr_line' id='line_1_93' title="bbox 987 5254 1497 5326; baseline -0.006 -16"><span class='ocrx_word' id='word_1_693' title='bbox 987 5257 1298 5326; x_wconf 80' lang='lat' dir='ltr'><strong>Confutatt&#39;o</strong></span> <span class='ocrx_word' id='word_1_694' title='bbox 1341 5254 1497 5309; x_wconf 78' lang='lat' dir='ltr'><strong>XXI.</strong></span> 
     </span>
    </p>
   </div>
   <div class='ocr_carea' id='block_1_94' title="bbox 521 5347 2033 5414">
    <p class='ocr_par' dir='ltr' id='par_1_94' title="bbox 521 5347 2033 5414">
     <span class='ocr_line' id='line_1_94' title="bbox 521 5347 2033 5414; baseline -0.004 -10"><span class='ocrx_word' id='word_1_695' title='bbox 521 5352 562 5404; x_wconf 92' lang='grc'>1.</span> <span class='ocrx_word' id='word_1_696' title='bbox 608 5350 681 5404; x_wconf 85' lang='lat' dir='ltr'><strong>De</strong></span> <span class='ocrx_word' id='word_1_697' title='bbox 727 5350 1112 5406; x_wconf 66' lang='lat' dir='ltr'><strong>aﬂ‘ectionibus</strong></span> <span class='ocrx_word' id='word_1_698' title='bbox 1160 5365 1285 5403; x_wconf 92' lang='lat' dir='ltr'><strong>cum</strong></span> <span class='ocrx_word' id='word_1_699' title='bbox 1324 5350 1392 5404; x_wconf 86' lang='lat' dir='ltr'><strong>de</strong></span> <span class='ocrx_word' id='word_1_700' title='bbox 1427 5347 1612 5402; x_wconf 89' lang='lat' dir='ltr'><strong>divina</strong></span> <span class='ocrx_word' id='word_1_701' title='bbox 1659 5357 1876 5410; x_wconf 83' lang='lat' dir='ltr'><strong>natura,</strong></span> <span class='ocrx_word' id='word_1_702' title='bbox 1903 5361 2033 5414; x_wconf 85' lang='lat' dir='ltr'><strong>per-</strong></span> 
     </span>
    </p>
   </div>
   <div class='ocr_carea' id='block_1_95' title="bbox 449 5438 2032 5508">
    <p class='ocr_par' dir='ltr' id='par_1_95' title="bbox 449 5438 2032 5508">
     <span class='ocr_line' id='line_1_95' title="bbox 449 5438 2032 5508; baseline -0.005 -12"><span class='ocrx_word' id='word_1_703' title='bbox 449 5441 578 5498; x_wconf 91' lang='lat' dir='ltr'><strong>inde</strong></span> <span class='ocrx_word' id='word_1_704' title='bbox 604 5457 668 5496; x_wconf 91' lang='lat' dir='ltr'><strong>ac</strong></span> <span class='ocrx_word' id='word_1_705' title='bbox 696 5443 766 5495; x_wconf 90' lang='lat' dir='ltr'><strong>de</strong></span> <span class='ocrx_word' id='word_1_706' title='bbox 806 5440 1164 5495; x_wconf 74' lang='lat' dir='ltr'><strong>inferioribus</strong></span> <span class='ocrx_word' id='word_1_707' title='bbox 1199 5438 1596 5508; x_wconf 90' lang='lat' dir='ltr'><strong>Deo.disputat,</strong></span> <span class='ocrx_word' id='word_1_708' title='bbox 1644 5439 1842 5492; x_wconf 88' lang='lat' dir='ltr'><strong>iterum</strong></span> <span class='ocrx_word' id='word_1_709' title='bbox 1870 5450 2032 5504; x_wconf 82' lang='lat' dir='ltr'><strong>agere</strong></span> 
     </span>
    </p>
   </div>
   <div class='ocr_carea' id='block_1_96' title="bbox 448 5529 2030 5599">
    <p class='ocr_par' dir='ltr' id='par_1_96' title="bbox 448 5529 2030 5599">
     <span class='ocr_line' id='line_1_96' title="bbox 448 5529 2030 5599; baseline -0.006 -11"><span class='ocrx_word' id='word_1_710' title='bbox 448 5535 687 5590; x_wconf 86' lang='lat' dir='ltr'><strong>instituit</strong></span> <span class='ocrx_word' id='word_1_711' title='bbox 713 5533 922 5594; x_wconf 78' lang='lat' dir='ltr'><strong>Aetius,</strong></span> <span class='ocrx_word' id='word_1_712' title='bbox 955 5543 1013 5586; x_wconf 84' lang='lat' dir='ltr'><strong>ut</strong></span> <span class='ocrx_word' id='word_1_713' title='bbox 1047 5531 1481 5586; x_wconf 85' lang='lat' dir='ltr'><strong>animadvertere</strong></span> <span class='ocrx_word' id='word_1_714' title='bbox 1510 5531 1757 5599; x_wconf 87' lang='lat' dir='ltr'><strong>potestis,</strong></span> <span class='ocrx_word' id='word_1_715' title='bbox 1780 5529 2030 5582; x_wconf 86' lang='lat' dir='ltr'><strong>veritatis</strong></span> 
     </span>
    </p>
   </div>
   <div class='ocr_carea' id='block_1_97' title="bbox 2145 4509 3726 4586">
    <p class='ocr_par' dir='ltr' id='par_1_97' title="bbox 2145 4509 3726 4586">
     <span class='ocr_line' id='line_1_97' title="bbox 2145 4509 3726 4586; baseline -0.001 -17"><span class='ocrx_word' id='word_1_716' title='bbox 2145 4517 2297 4579; x_wconf 82' lang='grc' dir='ltr'>σιῶν,</span> <span class='ocrx_word' id='word_1_717' title='bbox 2329 4517 2378 4568; x_wconf 90' lang='grc' dir='ltr'>εἰ</span> <span class='ocrx_word' id='word_1_718' title='bbox 2408 4516 2501 4569; x_wconf 75' lang='grc' dir='ltr'>καὶ</span> <span class='ocrx_word' id='word_1_719' title='bbox 2526 4513 2805 4586; x_wconf 78' lang='grc' dir='ltr'>δεύτεραι,</span> <span class='ocrx_word' id='word_1_720' title='bbox 2838 4514 2954 4568; x_wconf 84' lang='grc' dir='ltr'>ἀλλ’</span> <span class='ocrx_word' id='word_1_721' title='bbox 2983 4509 3075 4567; x_wconf 75' lang='grc' dir='ltr'>οὖν</span> <span class='ocrx_word' id='word_1_722' title='bbox 3113 4532 3177 4582; x_wconf 92' lang='grc' dir='ltr'><strong>γε</strong></span> <span class='ocrx_word' id='word_1_723' title='bbox 3219 4515 3629 4586; x_wconf 85' lang='grc' dir='ltr'>προτιμότεραι.</span> <span class='ocrx_word' id='word_1_724' title='bbox 3661 4515 3726 4568; x_wconf 81' lang='grc' dir='ltr'><strong>Εἰ</strong></span> 
     </span>
    </p>
   </div>
   <div class='ocr_carea' id='block_1_98' title="bbox 2144 4603 3727 4678">
    <p class='ocr_par' dir='ltr' id='par_1_98' title="bbox 2144 4603 3727 4678">
     <span class='ocr_line' id='line_1_98' title="bbox 2144 4603 3727 4678; baseline 0 -18"><span class='ocrx_word' id='word_1_725' title='bbox 2144 4608 2201 4661; x_wconf 83' lang='grc' dir='ltr'><strong>δὲ</strong></span> <span class='ocrx_word' id='word_1_726' title='bbox 2233 4608 2289 4660; x_wconf 79' lang='grc' dir='ltr'><strong>τὸ</strong></span> <span class='ocrx_word' id='word_1_727' title='bbox 2326 4608 2617 4678; x_wconf 82' lang='grc' dir='ltr'>ἀγέννητον</span> <span class='ocrx_word' id='word_1_728' title='bbox 2645 4606 2739 4660; x_wconf 85' lang='grc' dir='ltr'><strong>τοῦ</strong></span> <span class='ocrx_word' id='word_1_729' title='bbox 2777 4607 3034 4677; x_wconf 86' lang='grc' dir='ltr'>γεννητοῦ</span> <span class='ocrx_word' id='word_1_730' title='bbox 3079 4605 3250 4660; x_wconf 74' lang='grc' dir='ltr'>αἴτιόν</span> <span class='ocrx_word' id='word_1_731' title='bbox 3281 4610 3394 4660; x_wconf 77' lang='grc' dir='ltr'>ἐστι</span> <span class='ocrx_word' id='word_1_732' title='bbox 3415 4647 3430 4670; x_wconf 94' lang='grc'><strong>,</strong></span> <span class='ocrx_word' id='word_1_733' title='bbox 3473 4607 3564 4660; x_wconf 82' lang='grc' dir='ltr'><strong>τοῦ</strong></span> <span class='ocrx_word' id='word_1_734' title='bbox 3589 4603 3727 4660; x_wconf 79' lang='grc' dir='ltr'>εἶναι</span> 
     </span>
    </p>
   </div>
   <div class='ocr_carea' id='block_1_99' title="bbox 2145 4698 3730 4770">
    <p class='ocr_par' dir='ltr' id='par_1_99' title="bbox 2145 4698 3730 4770">
     <span class='ocr_line' id='line_1_99' title="bbox 2145 4698 3730 4770; baseline -0.001 -17"><span class='ocrx_word' id='word_1_735' title='bbox 2145 4699 2576 4770; x_wconf 88' lang='grc' dir='ltr'>σημαινομένου,</span> <span class='ocrx_word' id='word_1_736' title='bbox 2615 4700 2860 4768; x_wconf 84' lang='grc' dir='ltr'>γέννημα</span> <span class='ocrx_word' id='word_1_737' title='bbox 2908 4698 3261 4770; x_wconf 80' lang='grc' dir='ltr'>συνεισφέρον</span> <span class='ocrx_word' id='word_1_738' title='bbox 3294 4702 3360 4768; x_wconf 80' lang='grc' dir='ltr'>τῇ</span> <span class='ocrx_word' id='word_1_739' title='bbox 3405 4698 3599 4753; x_wconf 75' lang='grc' dir='ltr'>ἑαυτοῦ</span> <span class='ocrx_word' id='word_1_740' title='bbox 3638 4699 3730 4752; x_wconf 86' lang='grc' dir='ltr'>οὐ-</span> 
     </span>
    </p>
   </div>
   <div class='ocr_carea' id='block_1_100' title="bbox 2146 4789 3728 4862">
    <p class='ocr_par' dir='ltr' id='par_1_100' title="bbox 2146 4789 3728 4862">
     <span class='ocr_line' id='line_1_100' title="bbox 2146 4789 3728 4862; baseline -0.002 -17"><span class='ocrx_word' id='word_1_741' title='bbox 2146 4793 2236 4862; x_wconf 72' lang='grc' dir='ltr'><strong>σία</strong></span> <span class='ocrx_word' id='word_1_742' title='bbox 2273 4792 2363 4845; x_wconf 83' lang='grc' dir='ltr'>τὸν</span> <span class='ocrx_word' id='word_1_743' title='bbox 2409 4793 2610 4855; x_wconf 74' lang='grc' dir='ltr'>αἴτιον,</span> <span class='ocrx_word' id='word_1_744' title='bbox 2645 4791 2834 4854; x_wconf 84' lang='grc' dir='ltr'>οὐσίας</span> <span class='ocrx_word' id='word_1_745' title='bbox 2879 4790 2997 4843; x_wconf 77' lang='grc' dir='ltr'>ἐστὶ</span> <span class='ocrx_word' id='word_1_746' title='bbox 3023 4789 3321 4860; x_wconf 79' lang='grc' dir='ltr'>δηλωτικὸν</span> <span class='ocrx_word' id='word_1_747' title='bbox 3367 4790 3429 4842; x_wconf 80' lang='grc' dir='ltr'><strong>τὸ</strong></span> <span class='ocrx_word' id='word_1_748' title='bbox 3459 4789 3728 4860; x_wconf 87' lang='grc' dir='ltr'>γέννημα,</span> 
     </span>
    </p>
   </div>
   <div class='ocr_carea' id='block_1_101' title="bbox 2149 4881 3730 4955">
    <p class='ocr_par' dir='ltr' id='par_1_101' title="bbox 2149 4881 3730 4955">
     <span class='ocr_line' id='line_1_101' title="bbox 2149 4881 3730 4955; baseline -0.003 -18"><span class='ocrx_word' id='word_1_749' title='bbox 2149 4884 2263 4937; x_wconf 78' lang='grc' dir='ltr'>ἀλλ’</span> <span class='ocrx_word' id='word_1_750' title='bbox 2306 4885 2404 4953; x_wconf 85' lang='grc' dir='ltr'>οὐχ</span> <span class='ocrx_word' id='word_1_751' title='bbox 2434 4883 2628 4955; x_wconf 73' lang='grc' dir='ltr'>ἕξεως,</span> <span class='ocrx_word' id='word_1_752' title='bbox 2663 4883 2760 4954; x_wconf 82' lang='grc' dir='ltr'><strong>τῆς</strong></span> <span class='ocrx_word' id='word_1_753' title='bbox 2800 4882 3097 4950; x_wconf 83' lang='grc' dir='ltr'>άγεννήτου</span> <span class='ocrx_word' id='word_1_754' title='bbox 3129 4881 3342 4950; x_wconf 73' lang='grc' dir='ltr'>φύσεως</span> <span class='ocrx_word' id='word_1_755' title='bbox 3372 4881 3525 4934; x_wconf 76' lang='grc' dir='ltr'>οὐδὲν</span> <span class='ocrx_word' id='word_1_756' title='bbox 3563 4883 3730 4952; x_wconf 81' lang='grc' dir='ltr'>ἑαυτῇ</span> 
     </span>
    </p>
   </div>
   <div class='ocr_carea' id='block_1_102' title="bbox 2151 4972 3729 5045">
    <p class='ocr_par' dir='ltr' id='par_1_102' title="bbox 2151 4972 3729 5045">
     <span class='ocr_line' id='line_1_102' title="bbox 2151 4972 3729 5045; baseline -0.003 -17"><span class='ocrx_word' id='word_1_757' title='bbox 2151 4975 2574 5045; x_wconf 62' lang='grc' dir='ltr'>συνεπαγούσης</span> <span class='ocrx_word' id='word_1_758' title='bbox 2601 4992 2613 5005; x_wconf 90' lang='grc'><strong>·</strong></span> <span class='ocrx_word' id='word_1_759' title='bbox 2670 4976 2784 5039; x_wconf 83' lang='grc' dir='ltr'><strong>πῶς</strong></span> <span class='ocrx_word' id='word_1_760' title='bbox 2831 4977 2929 5027; x_wconf 71' lang='grc' dir='ltr'><strong>οὐκ</strong></span> <span class='ocrx_word' id='word_1_761' title='bbox 2964 4973 3028 5026; x_wconf 84' lang='grc' dir='ltr'>ἂν</span> <span class='ocrx_word' id='word_1_762' title='bbox 3079 4973 3165 5044; x_wconf 83' lang='grc' dir='ltr'><strong>εἴη</strong></span> <span class='ocrx_word' id='word_1_763' title='bbox 3215 4974 3404 5037; x_wconf 82' lang='grc' dir='ltr'>οὐσία,</span> <span class='ocrx_word' id='word_1_764' title='bbox 3439 4973 3554 5026; x_wconf 74' lang='grc' dir='ltr'>ἀλλ’</span> <span class='ocrx_word' id='word_1_765' title='bbox 3593 4972 3729 5038; x_wconf 75' lang='grc' dir='ltr'>ἕξις,</span> 
     </span>
    </p>
   </div>
   <div class='ocr_carea' id='block_1_103' title="bbox 2155 5070 2860 5142">
    <p class='ocr_par' dir='ltr' id='par_1_103' title="bbox 2155 5070 2860 5142">
     <span class='ocr_line' id='line_1_103' title="bbox 2155 5070 2860 5142; baseline -0.001 -20"><span class='ocrx_word' id='word_1_766' title='bbox 2155 5071 2247 5122; x_wconf 75' lang='grc' dir='ltr'>καὶ</span> <span class='ocrx_word' id='word_1_767' title='bbox 2280 5073 2313 5142; x_wconf 85' lang='grc' dir='ltr'><strong>ἡ</strong></span> <span class='ocrx_word' id='word_1_768' title='bbox 2342 5071 2635 5140; x_wconf 81' lang='grc' dir='ltr'>ἁγέννητος</span> <span class='ocrx_word' id='word_1_769' title='bbox 2667 5070 2860 5138; x_wconf 83' lang='grc' dir='ltr'>φύσις;</span> 
     </span>
    </p>
   </div>
   <div class='ocr_carea' id='block_1_104' title="bbox 2690 5256 3190 5324">
    <p class='ocr_par' dir='ltr' id='par_1_104' title="bbox 2690 5256 3190 5324">
     <span class='ocr_line' id='line_1_104' title="bbox 2690 5256 3190 5324; baseline 0 -14"><span class='ocrx_word' id='word_1_770' title='bbox 2690 5256 3013 5324; x_wconf 69' lang='grc' dir='ltr'>Ἀνιιτροπῆ</span> <span class='ocrx_word' id='word_1_771' title='bbox 3062 5259 3190 5311; x_wconf 83' lang='lat' dir='ltr'><strong>KA&#39;.</strong></span> 
     </span>
    </p>
   </div>
   <div class='ocr_carea' id='block_1_105' title="bbox 2212 5347 3733 5420">
    <p class='ocr_par' dir='ltr' id='par_1_105' title="bbox 2212 5347 3733 5420">
     <span class='ocr_line' id='line_1_105' title="bbox 2212 5347 3733 5420; baseline -0.004 -18"><span class='ocrx_word' id='word_1_772' title='bbox 2212 5348 2287 5402; x_wconf 81' lang='lat' dir='ltr'><strong>A&#39;.</strong></span> <span class='ocrx_word' id='word_1_773' title='bbox 2335 5349 2543 5414; x_wconf 81' lang='grc' dir='ltr'>Ἕξεων</span> <span class='ocrx_word' id='word_1_774' title='bbox 2593 5350 2945 5420; x_wconf 77' lang='grc' dir='ltr'>διαληπτικὸν</span> <span class='ocrx_word' id='word_1_775' title='bbox 2996 5349 3155 5417; x_wconf 87' lang='grc' dir='ltr'>λόγον</span> <span class='ocrx_word' id='word_1_776' title='bbox 3203 5347 3296 5400; x_wconf 70' lang='grc' dir='ltr'><strong>ἐπὶ</strong></span> <span class='ocrx_word' id='word_1_777' title='bbox 3345 5347 3480 5400; x_wconf 84' lang='grc' dir='ltr'>Θεοῦ</span> <span class='ocrx_word' id='word_1_778' title='bbox 3523 5364 3580 5398; x_wconf 87' lang='grc' dir='ltr'><strong>τε</strong></span> <span class='ocrx_word' id='word_1_779' title='bbox 3637 5348 3733 5398; x_wconf 68' lang='grc' dir='ltr'><strong>καὶ</strong></span> 
     </span>
    </p>
   </div>
   <div class='ocr_carea' id='block_1_106' title="bbox 2144 5434 3733 5507">
    <p class='ocr_par' dir='ltr' id='par_1_106' title="bbox 2144 5434 3733 5507">
     <span class='ocr_line' id='line_1_106' title="bbox 2144 5434 3733 5507; baseline -0.001 -19"><span class='ocrx_word' id='word_1_780' title='bbox 2144 5439 2280 5506; x_wconf 69' lang='grc' dir='ltr'>μετὰ</span> <span class='ocrx_word' id='word_1_781' title='bbox 2317 5439 2450 5490; x_wconf 81' lang='grc' dir='ltr'>Θεὸν</span> <span class='ocrx_word' id='word_1_782' title='bbox 2482 5439 2912 5504; x_wconf 71' lang='grc' dir='ltr'>κατασκευάζειν</span> <span class='ocrx_word' id='word_1_783' title='bbox 2953 5439 3114 5492; x_wconf 82' lang='grc' dir='ltr'>πάλιν</span> <span class='ocrx_word' id='word_1_784' title='bbox 3143 5441 3274 5507; x_wconf 83' lang='grc' dir='ltr'>ἡμῖν</span> <span class='ocrx_word' id='word_1_785' title='bbox 3307 5439 3564 5506; x_wconf 82' lang='grc' dir='ltr'>πειρᾶται</span> <span class='ocrx_word' id='word_1_786' title='bbox 3611 5434 3733 5487; x_wconf 81' lang='grc' dir='ltr'><strong>Ἀέ-</strong></span> 
     </span>
    </p>
   </div>
   <div class='ocr_carea' id='block_1_107' title="bbox 2136 5528 3734 5602">
    <p class='ocr_par' dir='ltr' id='par_1_107' title="bbox 2136 5528 3734 5602">
     <span class='ocr_line' id='line_1_107' title="bbox 2136 5528 3734 5602; baseline -0.001 -23"><span class='ocrx_word' id='word_1_787' title='bbox 2136 5546 2285 5590; x_wconf 78' lang='grc' dir='ltr'>τιος,</span> <span class='ocrx_word' id='word_1_788' title='bbox 2334 5530 2406 5591; x_wconf 76' lang='grc' dir='ltr'><strong>ὡς</strong></span> <span class='ocrx_word' id='word_1_789' title='bbox 2441 5533 2603 5600; x_wconf 78' lang='grc' dir='ltr'>ὁρᾶτε</span> <span class='ocrx_word' id='word_1_790' title='bbox 2633 5571 2648 5593; x_wconf 87' lang='grc'><strong>,</strong></span> <span class='ocrx_word' id='word_1_791' title='bbox 2687 5531 2830 5600; x_wconf 68' lang='grc' dir='ltr'>φίλοι</span> <span class='ocrx_word' id='word_1_792' title='bbox 2865 5535 2962 5602; x_wconf 71' lang='grc' dir='ltr'>τῆς</span> <span class='ocrx_word' id='word_1_793' title='bbox 3011 5531 3289 5597; x_wconf 81' lang='grc' dir='ltr'>ἀληθείας.</span> <span class='ocrx_word' id='word_1_794' title='bbox 3347 5529 3455 5581; x_wconf 74' lang='grc' dir='ltr'><strong>Καὶ</strong></span> <span class='ocrx_word' id='word_1_795' title='bbox 3514 5528 3584 5581; x_wconf 78' lang='grc' dir='ltr'>τὰ</span> <span class='ocrx_word' id='word_1_796' title='bbox 3634 5528 3734 5596; x_wconf 84' lang='grc' dir='ltr'><strong>μὲν</strong></span> 
     </span>
    </p>
   </div>
   <div class='ocr_carea' id='block_1_108' title="bbox 449 5618 2032 5693">
    <p class='ocr_par' dir='ltr' id='par_1_108' title="bbox 449 5618 2024 5693">
     <span class='ocr_line' id='line_1_108' title="bbox 449 5618 2024 5693; baseline -0.008 -12"><span class='ocrx_word' id='word_1_797' title='bbox 449 5627 682 5682; x_wconf 66' lang='lat' dir='ltr'><strong>studiosi</strong></span> <span class='ocrx_word' id='word_1_798' title='bbox 715 5640 926 5679; x_wconf 87' lang='lat' dir='ltr'><strong>omnes.</strong></span> <span class='ocrx_word' id='word_1_799' title='bbox 963 5623 1019 5677; x_wconf 90' lang='lat' dir='ltr'><strong>In</strong></span> <span class='ocrx_word' id='word_1_800' title='bbox 1062 5641 1172 5693; x_wconf 90' lang='lat' dir='ltr'><strong>quo</strong></span> <span class='ocrx_word' id='word_1_801' title='bbox 1209 5623 1467 5676; x_wconf 86' lang='lat' dir='ltr'><strong>nonnulla</strong></span> <span class='ocrx_word' id='word_1_802' title='bbox 1505 5621 1684 5689; x_wconf 84' lang='lat' dir='ltr'><strong>priora</strong></span> <span class='ocrx_word' id='word_1_803' title='bbox 1725 5618 1876 5682; x_wconf 82' lang='lat' dir='ltr'><strong>facit,</strong></span> <span class='ocrx_word' id='word_1_804' title='bbox 1920 5618 2024 5671; x_wconf 81' lang='lat' dir='ltr'><strong>alia</strong></span> 
     </span>
    </p>
   </div>
   <div class='ocr_carea' id='block_1_109' title="bbox 2137 5618 3734 5693">
    <p class='ocr_par' dir='ltr' id='par_1_109' title="bbox 2137 5618 3734 5691">
     <span class='ocr_line' id='line_1_109' title="bbox 2137 5618 3734 5691; baseline -0.001 -21"><span class='ocrx_word' id='word_1_805' title='bbox 2137 5618 2320 5688; x_wconf 72' lang='grc' dir='ltr'>πρῶτα</span> <span class='ocrx_word' id='word_1_806' title='bbox 2349 5619 2547 5690; x_wconf 70' lang='grc' dir='ltr'>τίθησι,</span> <span class='ocrx_word' id='word_1_807' title='bbox 2574 5621 2640 5673; x_wconf 73' lang='grc' dir='ltr'>τὰ</span> <span class='ocrx_word' id='word_1_808' title='bbox 2661 5622 2715 5674; x_wconf 73' lang='grc' dir='ltr'>δὲ</span> <span class='ocrx_word' id='word_1_809' title='bbox 2742 5623 2982 5691; x_wconf 64' lang='grc' dir='ltr'>δεύτερα.</span> <span class='ocrx_word' id='word_1_810' title='bbox 3027 5623 3152 5674; x_wconf 76' lang='grc' dir='ltr'>Ἐπὶ·</span> <span class='ocrx_word' id='word_1_811' title='bbox 3195 5619 3311 5688; x_wconf 74' lang='grc' dir='ltr'><strong>θεῷ</strong></span> <span class='ocrx_word' id='word_1_812' title='bbox 3346 5618 3400 5670; x_wconf 78' lang='grc' dir='ltr'>δὲ</span> <span class='ocrx_word' id='word_1_813' title='bbox 3439 5618 3734 5686; x_wconf 68' lang='grc' dir='ltr'>λαμϐάνειν</span> 
     </span>
    </p>
   </div>
   <div class='ocr_carea' id='block_1_110' title="bbox 455 5823 517 5860">
    <p class='ocr_par' dir='ltr' id='par_1_110' title="bbox 455 5823 517 5860">
     <span class='ocr_line' id='line_1_110' title="bbox 455 5823 517 5860; baseline 0.016 -1"><span class='ocrx_word' id='word_1_814' title='bbox 455 5823 517 5860; x_wconf 75' lang='lat' dir='ltr'><strong>‘IC</strong></span> 
     </span>
    </p>
   </div>
   <div class='ocr_carea' id='block_1_111' title="bbox 519 5725 2032 5817">
    <p class='ocr_par' dir='ltr' id='par_1_111' title="bbox 519 5730 2032 5817">
     <span class='ocr_line' id='line_1_111' title="bbox 519 5730 2032 5817; baseline -0.007 -24"><span class='ocrx_word' id='word_1_815' title='bbox 519 5743 571 5817; x_wconf 36' lang='grc' dir='ltr'><strong><em>η’</em></strong></span> <span class='ocrx_word' id='word_1_816' title='bbox 605 5737 770 5792; x_wconf 79' lang='lat' dir='ltr'><strong>Hebr.</strong></span> <span class='ocrx_word' id='word_1_817' title='bbox 810 5748 886 5801; x_wconf 73' lang='lat' dir='ltr'><strong>XI,</strong></span> <span class='ocrx_word' id='word_1_818' title='bbox 927 5734 979 5790; x_wconf 81' lang='grc'><strong>6.</strong></span> <span class='ocrx_word' id='word_1_819' title='bbox 1082 5735 1100 5766; x_wconf 78' lang='grc'><em>³</em></span> <span class='ocrx_word' id='word_1_820' title='bbox 1135 5733 1288 5790; x_wconf 78' lang='lat' dir='ltr'><strong>Joan.</strong></span> <span class='ocrx_word' id='word_1_821' title='bbox 1321 5749 1428 5800; x_wconf 77' lang='lat' dir='ltr'><strong>xvt,</strong></span> <span class='ocrx_word' id='word_1_822' title='bbox 1455 5731 1541 5787; x_wconf 71' lang='lat'><strong>26.</strong></span> <span class='ocrx_word' id='word_1_823' title='bbox 1641 5733 1661 5763; x_wconf 78' lang='grc'><strong>³</strong></span> <span class='ocrx_word' id='word_1_824' title='bbox 1691 5730 1846 5787; x_wconf 80' lang='lat' dir='ltr'><strong>Joan.</strong></span> <span class='ocrx_word' id='word_1_825' title='bbox 1881 5747 1991 5797; x_wconf 76' lang='lat' dir='ltr'><strong>xvi,</strong></span> <span class='ocrx_word' id='word_1_826' title='bbox 2030 5742 2032 5755; x_wconf 83' lang='lat'>&#39;</span> 
     </span>
    </p>
   </div>
   <div class='ocr_carea' id='block_1_112' title="bbox 2137 5725 3736 5817">
    <p class='ocr_par' dir='ltr' id='par_1_112' title="bbox 2154 5725 3736 5801">
     <span class='ocr_line' id='line_1_112' title="bbox 2154 5725 3736 5801; baseline -0.008 -10"><span class='ocrx_word' id='word_1_827' title='bbox 2314 5732 2373 5786; x_wconf 70' lang='grc'><strong>⁸1</strong></span> <span class='ocrx_word' id='word_1_828' title='bbox 2416 5732 2541 5787; x_wconf 73' lang='lat' dir='ltr'><strong>(lor.</strong></span> <span class='ocrx_word' id='word_1_829' title='bbox 2569 5750 2639 5801; x_wconf 74' lang='grc' dir='ltr'><strong>ιγ,</strong></span> <span class='ocrx_word' id='word_1_830' title='bbox 2703 5735 2790 5788; x_wconf 67' lang='grc'><strong>20.</strong></span> <span class='ocrx_word' id='word_1_831' title='bbox 2865 5733 2883 5764; x_wconf 87' lang='grc'><strong><em>⁵</em></strong></span> <span class='ocrx_word' id='word_1_832' title='bbox 2927 5732 2981 5785; x_wconf 79' lang='lat' dir='ltr'><strong>F.</strong></span> <span class='ocrx_word' id='word_1_833' title='bbox 3016 5732 3344 5801; x_wconf 54' lang='grc' dir='ltr'>ἠκούσαμεν.</span> <span class='ocrx_word' id='word_1_834' title='bbox 3445 5731 3461 5760; x_wconf 64' lang='grc'>⁸</span> <span class='ocrx_word' id='word_1_835' title='bbox 3494 5729 3551 5783; x_wconf 64' lang='grc'><strong>1³.</strong></span> <span class='ocrx_word' id='word_1_836' title='bbox 3595 5725 3736 5798; x_wconf 59' lang='grc' dir='ltr'>πέρα</span> 
     </span>
    </p>
   </div>
  </div>
