4134 6392
387 324 494 383 597

989 333 1361 391 ΑυνἘΒΒυὸ
1398 337 1745 398 ΗᾹΞΒΕΞΕΒ
1777 341 1906 402 LIB.
1945 347 1970 401 Ι

2074 348 2241 407 TOM.
2280 350 2323 408 Ι.
2361 381 2432 392 --
2465 349 2738 407 ΗΕΒΕΞ.
2779 349 3008 407 LXXVI.

3541 348 3663 414 598"

615 445 649 515 ἢ
696 443 925 517 δεύτερα
962 449 1087 502 οὔτε
1119 448 1278 520 θέμις
1318 451 1516 521 λέγειν.
1561 456 1711 528 Ἅμα
1747 458 1857 529 γὰρ
1904 460 1966 515 ἑν

2071 465 2395 535 posteriora.
2443 466 2605 536 Atqui
2646 466 2827 537 priora
2878 466 2989 519 ulla
3033 465 3097 519 in-
3139 464 3272 531 Deo,
3317 466 3401 522 vel
3460 478 3645 537 poste-

386 535 506 606 Θεῷ
534 536 602 590 τὰ
638 538 817 592 πάντα
849 539 1143 611 πρόσεστι,
1188 542 1285 596 καὶ
1314 546 1632 619 προσθήκης
1675 549 1738 603 οὐ
1767 550 1965 606 δέεται.

387 627 479 681 Διὸ
511 628 605 681 καὶ
647 628 708 681 τὸ
741 630 992 702 γέννημα
1028 633 1130 687 οὐκ
1176 634 1285 688 ἀπὸ
1320 636 1512 706 χρόνου
1541 640 1779 695 νοεῖσθαι
1812 643 1969 696 εὐσε-

389 716 489 788 ϐὴς
539 723 708 791 χωρεῖ
762 721 938 790 λόγος.
991 724 1111 796 Θεῷ
1144 727 1267 798 ,γὰρ
1309 728 1482 799 llath
1502 768 1517 791 ,
1567 733 1662 784 καὶ
1693 732 1840 802 Υίῷ,
1874 734 1970 790 καὶ

390 808 533 880 ἁγίῳ
554 810 833 883 Πνεῦματι
853 854 870 876 ,
903 815 1150 870 τουτέστι
1178 820 1244 889 τῇ
1298 818 1486 888 Τριάδι
1511 822 1576 891 τῇ
1608 820 1744 895 οὔσῃ
1774 824 1911 895 ὅπερ
1940 827 1971 878 ὁ

389 900 466 955 ὢν
493 903 625 969 Θεὸς
642 944 657 967 ,
684 907 929 962 καλεῖται
962 910 1154 981 Πατὴρ
1182 912 1210 964 ό
1252 909 1327 964 ὢν
1347 951 1363 975 ,
1389 913 1483 966 καὶ
1514 915 1642 980 Υἱὸς
1668 918 1697 969 ὁ
1728 916 1806 970 ὢν
1834 917 1969 988 πρὸς

389 989 485 1050 τὸν
507 998 638 1052 ὄντα
670 998 748 1052 ὢν
765 1039 782 1064 ,
814 1003 1213 1073 γεγεννημένος
1249 1004 1501 1075 ἀνάρχως
1553 1008 1649 1062 καὶ
1677 1009 1923 1081 ἀχρόνως
1949 1027 1965 1043 ο

393 1086 473 1150 ὡς
499 1087 559 1141 τὸ
580 1129 597 1152 ,
631 1089 797 1158 Παρὰ
827 1092 927 1146 σοί
956 1093 1120 1162 ,πηγὴ
1149 1092 1299 1164 ζωῆς
1320 1111 1333 1124 ·
1361 1098 1457 1150 καὶ
1481 1097 1563 1162 τὸ,
1602 1099 1700 1152 Ἐν
1722 1098 1803 1166 τῷ
1822 1101 1972 1170 φωτί

389 1192 509 1232 σου
539 1180 804 1249 ὀψόμεθα
840 1181 969 1252 φῶς
991 1200 1003 1213 ·
1046 1185 1139 1238 καὶ
1170 1186 1250 1250 τὸ,
1290 1186 1343 1239 '0
1375 1187 1461 1243 ὢν
1490 1191 1580 1255 είς
1604 1191 1711 1244 τόν
1737 1193 1971 1247 κόλπον

390 1270 499 1325 τοῦ
533 1273 762 1340 Πατρός
784 1289 798 1302 ’
829 1277 923 1329 καί
951 1276 1031 1340 τὸ,
1073 1277 1167 1331 Ἑν
1193 1278 1353 1347 ἀρχῇ
1379 1276 1460 1350 ἦν
1503 1283 1536 1335 ό
1560 1283 1773 1352 Λόγος,
1802 1285 1903 1339 καί
1935 1287 1970 1340 d

392 1362 585 1431 Λότος
611 1359 691 1434 ἦν
719 1365 870 1434 πρὸς
910 1369 1013 1421 τὸν
1042 1369 1223 1433 Θεὸν,
1255 1372 1353 1427 καί
1382 1372 1528 1439 Θεὸς
1551 1370 1633 1444 ἦν
1663 1377 1697 1429 ό
1732 1376 1925 1445 Λόγος
1950 1394 1965 1409 ⁸

392 1450 488 1507 καὶ
518 1454 645 1524 περὶ
666 1453 759 1507 τοῦ
789 1455 941 1524 ἁγίου
969 1457 1282 1529 Πνεύματος
1308 1461 1567 1526 ὡσαύτως
1585 1480 1599 1493 ·
1638 1463 1708 1518 Τὸ
1729 1464 1972 1536 Πνεῦμά

385 1560 508 1612 μου
538 1545 874 1614 ἐφέστηκεν
903 1550 974 1602 ἐν
1009 1551 1179 1619 μέσῳ
1207 1553 1395 1623 ὑμῶν.
1436 1556 1547 1610 Καὶ
1583 1557 1748 1628 ὁρᾶς,
1776 1559 1858 1612 ὅτι
1887 1559 1972 1612 οὑ-

389 1635 478 1691 δὲν
501 1639 812 1709 πρόσφατον
836 1643 895 1695 ἐν
922 1645 989 1713 τῇ
1012 1644 1227 1716 Τριάδι;
1243 1646 1334 1700 Διὸ
1357 1646 1481 1701 οὔτε
1503 1647 1619 1713 ἕξις
1644 1650 1751 1721 πρὸ
1779 1648 1967 1717 ἕξεως,

391 1726 517 1781 οὔτε
540 1729 654 1793 ἕξις
686 1731 793 1801 πρὸ
822 1732 1027 1796 οὐσίας.
1050 1733 1202 1800 Ἕξιν
1229 1735 1288 1789 δὲ
1308 1737 1370 1790 οὐ
1404 1737 1544 1792 κατὰ
1565 1737 1666 1802 τὰς
1693 1739 1970 1812 σφαλερὰς

2068 559 2218 611 riora
2257 558 2593 612 constituere
2656 573 2726 611 ne
2770 573 3039 612 sermone
3066 557 3285 627 quidem
3351 558 3495 612 licet.
3549 558 3642 612 Et-

2069 648 2215 703 enim
2265 650 2429 705 simul
2481 650 2535 704 in
2586 648 2698 704 Deo
2744 650 2935 704 insunt
2984 650 3258 713 universa,
3299 665 3402 705 nec
3454 664 3644 705 acces-

2071 740 2283 795 sionem
2309 741 2548 811 aliquam
2595 739 2894 795 desiderat.
2942 739 3212 806 Quocirca
3251 741 3636 811 cum'genitam

2071 832 2315 887 sobolem
2345 833 2604 896 dicimus,
2636 832 2771 887 nihil
2793 834 3018 888 omnino
3047 834 3437 902 temporarium
3466 833 3639 902 pietas

2072 921 2332 977 admittit.
2389 921 2524 977 Nam
2565 924 2622 978 in
2672 924 3023 980 sanctissima
3070 922 3358 987 Trinitate,
3406 924 3510 979 hoc
3555 930 3641 981 est

2072 1011 2184 1069 Deo
2231 1012 2412 1080 Patre,
2457 1011 2597 1068 Filio
2621 1020 2679 1069 et
2733 1012 2938 1084 Spiritu
2981 1022 3193 1077 sancto,
3220 1014 3335 1085 qui
3373 1023 3461 1070 est
3495 1012 3640 1069 Deus

2068 1104 2343 1159 exsistens
2363 1143 2380 1168 ,
2432 1102 2598 1159 Pater
2618 1104 2896 1160 exsistens
2943 1112 3193 1168 vocatur,
3235 1118 3445 1159 necnon
3465 1111 3521 1159 et
3545 1118 3663 1157 ενι-ν

2070 1192 2276 1249 sistens
2317 1193 2491 1251 Filius
2537 1209 2665 1249 cum
2710 1196 3007 1252 exsistente
3050 1205 3423 1267 comparatus,
3456 1195 3524 1249 ab
3552 1208 3642 1249 eo-

2069 1299 2176 1354 que
2202 1285 2345 1341 citra
2377 1285 2593 1341 initium
2636 1287 2808 1342 ullum
2857 1294 3180 1358 tempusque
3218 1287 3456 1357 genitus,
3487 1295 3547 1341 ut
3570 1301 3638 1340 ex

2069 1376 2139 1431 iis
2186 1371 2482 1446 Scripturae
2527 1377 2664 1432 locis
2707 1377 3102 1448 intelligimus:
3134 1377 3289 1447 Apud
3321 1387 3371 1432 te
3405 1386 3485 1433 est
3519 1377 3665 1447 [σοι

2069 1467 2189 1523 vita
2208 1466 2249 1521 ‘.
2291 1468 2459 1523 Item:
2493 1466 2561 1523 In
2597 1469 2795 1523 lumine
2817 1477 2908 1523 tuo
2941 1468 3230 1524 uidebimus
3266 1467 3516 1536 lumen';
3546 1477 3636 1524 et:

2070 1557 2177 1625 Qui
2221 1569 2300 1614 est
2339 1560 2396 1612 in
2433 1560 2555 1613 sinu
2606 1557 2786 1613 Patris
2807 1560 2850 1613 ⁸.
2918 1558 3050 1615 Item
3083 1578 3094 1614 :
3128 1559 3195 1614 In
3226 1560 3481 1630 principio
3521 1567 3638 1613 erat

2079 1646 2326 1713 Verbum,
2379 1657 2429 1702 et
2470 1647 2693 1703 Verbum
2733 1657 2847 1703 erat
2883 1648 3025 1717 apud
3062 1648 3256 1715 Deum,
3288 1659 3339 1704 et
3360 1648 3499 1703 Deus
3524 1658 3638 1703 erat

2078 1735 2304 1792 Verbum
2327 1737 2370 1791 '.
2409 1737 2671 1794 Similiter
2694 1745 2750 1791 et
2784 1739 2852 1792 de
2882 1737 3090 1808 Spiritu
3130 1746 3324 1794 sancto
3357 1757 3370 1792 :
3398 1737 3638 1807 Spiritus

392 1817 688 1890 λεγομένας
738 1822 877 1889 ἔξεις
903 1862 919 1887 ,
955 1825 1162 1896 τροπὴν
1207 1826 1436 1897 ἐχούσας
1488 1829 1547 1883 ὲν
1599 1830 1814 1901 ἑκάστῳ
1854 1831 1964 1885 τῶν

2071 1846 2209 1885 meus
2249 1831 2490 1886 consistit
2538 1831 2592 1885 in
2639 1830 2811 1887 medio
2847 1832 3007 1887 uestri
3034 1832 3078 1886 ⁸.
3117 1829 3284 1886 Vides
3308 1843 3474 1901 quam
3500 1829 3638 1884 nihil

391 1909 490 1973 τὰς
523 1911 740 1976 θετικὰς
789 1913 930 1978 ἔξεις
962 1916 1195 1986 ἐχόντων
1231 1936 1247 1950 ·
1281 1921 1331 1971 εί
1382 1921 1478 1974 καὶ
1514 1919 1630 1986 ἕξιν
1675 1923 1803 1992 περὶ
1829 1921 1965 1976 Θεοῦ

392 1999 572 2069 λέγειν
600 2004 930 2072 ἀναγκάσεις
968 2008 1113 2078 ἡμᾶς
1135 2049 1152 2074 ,
1183 2002 1230 2062 ὦ
1256 2010 1412 2064 Αέτιε
1437 2052 1453 2077 ,
1512 2013 1608 2066 καὶ
1652 2010 1776 2066 οὔτε
1812 2029 1866 2067 τι
1907 2015 1967 2067 ὲν

391 2093 512 2163 Θεῷ
541 2096 929 2168 προτιμότερον
947 2137 964 2160 ,
997 2096 1121 2152 οὔτε
1179 2102 1635 2174 μεταγενέστερον
1662 2143 1680 2168 ,
1717 2103 1833 2158 ἀλλ’
1864 2104 1967 2160 ὅσα

391 2185 593 2255 πρέπει
632 2186 731 2257 τῷκ
757 2188 1030 2258 ἀξιώματι
1077 2192 1213 2264 πρὸς
1239 2192 1545 2261 δοξολογίαν
1568 2235 1584 2259 ,
1611 2197 1680 2266 τῇ
1722 2196 1821 2267 μὲν
1868 2198 1967 2267 μιᾷ

392 2276 606 2349 θεότητι
631 2280 725 2333 καὶ
746 2278 844 2349 μία
865 2281 1165 2352 δοξολογία,
1188 2283 1282 2337 καὶ
1313 2284 1410 2356 μία
1437 2285 1594 2357 τιμὴ,
1627 2289 1732 2343 ira
1755 2287 1967 2356 τιμῶσι

390 2371 511 2425 τόγ’
531 2371 696 2435 Υἱὸν,
725 2373 927 2441 ὥσπερ
958 2373 1170 2443 τιμῶσι
1196 2376 1306 2430 τὸν
1341 2376 1575 2443 Πατέρα
1593 2392 1608 2408 ’
1645 2378 1741 2431 καὶ
1770 2378 1858 2430 ἵνα
1889 2378 1964 2449 μὴ

392 2464 751 2537 βλασφημῶσι
780 2468 842 2521 τὸ
867 2467 1092 2539 Πνεῦμα
1131 2467 1221 2522 διὰ
1245 2467 1338 2521 τὸν
1371 2469 1472 2539 τῆς
1524 2468 1753 2538 ἀπειλῆς
1787 2468 1962 2536 λόγον,

388 2559 480 2612 τὸν
513 2561 588 2632 μὴ
616 2561 713 2632 τὴν
743 2563 1017 2633 ἁμαρτίαν
1040 2563 1224 2626 αὐτοῖς
1271 2561 1658 2634 συγχωροῦντα
1694 2555 1827 2627 ὧδε,
1870 2563 1966 2617 καὶ

389 2652 449 2707 ἰν
485 2653 563 2724 τῷ
614 2652 864 2724 μέλλοντι
891 2654 1083 2724 αίῶιρν
1109 2653 1187 2717 ὼς
1221 2654 1542 2724 πρεπόντως
1587 2651 1779 2725 [ἐστὶν]
1811 2653 1966 2707 οὐδὲν

389 2746 795 2818 διηλλαγμένως
818 2748 934 2801 ἐστὶ
959 2748 1086 2818 περὶ
1104 2749 1204 2819 τὴν
1227 2747 1432 2815 Τριὰδα
1452 2749 1615 2812 νοεῖν,
1636 2747 1670 2816 ἢ
1698 2746 1963 2812 εὐσεϐεῖν,

390 2838 712 2910 ἥδοξάζειν.
755 2841 843 2894 Ἐν
889 2841 1066 2911 Πατρὶ
1105 2839 1164 2892 δὲ
1192 2840 1253 2892 τὸ
1284 2838 1511 2909 Πατὴρ,
1554 2840 1614 2893 ὲν
1654 2838 1873 2909 rapat
1905 2840 1968 2894 τὸ

403 2930 561 2998 Υίὸς,
588 2935 647 2985 ὲν
671 2931 812 3005 ἁγίῳ
841 2932 1118 3003 Πνεύματι
1137 2931 1199 2985 τὸ
1232 2933 1248 2963 ¹
1281 2932 1453 2995 οὓτως
1489 2931 1668 2999 λέγειν
1687 2971 1703 2999 ,
1734 2933 1827 2985 καὶ
1871 2932 1966 2986 οὖ-

388 3039 496 3086 τως
526 3024 584 3076 ὲν
615 3023 843 3094 ἀληθεία
888 3022 1167 3090 δοξάζειν,
1216 3025 1353 3094 ὅπερ
1392 3022 1712 3095 πρεπόντως
1758 3025 1825 3095 τῇ
1868 3024 1968 3094 μιᾷ

389 3115 582 3187 Τριάδι
613 3116 1004 3188 προσκυνητῶς
1029 3116 1093 3169 τὸ
1119 3115 1282 3180 σέϐας
1310 3115 1526 3187 νέμειν,
1555 3117 1590 3186 ἠ
1615 3113 1844 3186 ἀληθινὴ
1875 3114 1964 3168 πί-

2067 1923 2124 1977 in
2151 1921 2424 1978 Trlnitate
2464 1922 2536 1978 sit
2576 1923 2811 1978 recens?
2850 1919 3008 1977 Unde
3035 1936 3138 1976 nec
3168 1920 3475 1976 substantia
3507 1917 3639 1975 alie-

2066 2011 2325 2076 ctionem,
2356 2026 2460 2066 nec
2496 2011 2862 2067 substantiam
2908 2009 3182 2065 antecedit
3231 2008 3468 2064 allectio.
3521 2007 3640 2063 Cae-

2066 2111 2243 2157 terum
2280 2101 2623 2157 aﬂectionem
2669 2117 2793 2156 cum
2843 2100 3100 2167 dicimus,
3147 2115 3257 2155 non
3287 2098 3461 2154 ﬂuxas
3490 2099 3634 2164 illas,

2065 2201 2122 2249 et
2152 2192 2389 2249 caducas
2410 2194 2805 2264 intelligimus,
2844 2207 2967 2264 quae
2996 2193 3055 2246 in
3084 2204 3413 2262 unaquaque
3444 2203 3633 2243 ear-um

2065 2300 2271 2347 rerum,
2321 2298 2445 2355 qua
2488 2285 2805 2340 atlventitiis
2858 2284 3022 2341 rebus
3083 2281 3431 2344 adiciuntur,
3488 2281 3634 2334 vires

2066 2389 2196 2430 snas
2251 2389 2317 2429 ac
2360 2376 2696 2431 mutationes
2728 2381 3052 2439 exerceant;
3081 2380 3360 2441 utcunque
3392 2384 3493 2424 nos
3523 2383 3554 2421 a
3584 2379 3637 2422 te
3666 2396 3669 2401 ›

2065 2464 2240 2518 coacti
2285 2463 2593 2520 aliectionis
2630 2464 2957 2520 vocabulum
3004 2463 3075 2519 ad
3109 2450 3299 2518 divina
3339 2459 3634 2516 transieri-

2066 2569 2209 2609 mus.
2243 2553 2389 2610 Nihil
2418 2567 2504 2612 est
2534 2557 2703 2628 igitur
2745 2557 2801 2610 in
2852 2554 2966 2610 Deo
3009 2555 3099 2609 vel
3139 2553 3491 2615 antecellens,
3553 2550 3637 2604 vel

2065 2656 2226 2704 astate
2278 2651 2595 2719 posterius;
2659 2649 2753 2710 sed
2811 2665 2875 2705 ea
2927 2649 3196 2704 duntaxat
3256 2649 3465 2711 insunt,
3517 2659 3638 2715 quae

2065 2745 2319 2815 dignitati
2362 2745 2512 2802 illius
2547 2746 2613 2801 ad
2662 2745 2876 2800 laudem
2924 2743 3470 2815 pmdicationemque
3500 2753 3634 2793 con-

2066 2846 2291 2907 gruunt.
2331 2834 2601 2891 Nimirum
2642 2836 2740 2891 uni
2780 2850 2845 2890 ac
2893 2833 3158 2905 singulari
3191 2831 3488 2895 divinitati,
3514 2838 3637 2885 una

2068 2920 2212 2993 laus,
2242 2935 2298 2982 et
2329 2927 2626 2997 singularis
2650 2925 2828 2981 honor
2859 2924 3243 2980 attribuendus
3273 2932 3386 2984 est,
3446 2920 3512 2974 Ut
3539 2922 3636 2975 lto-

2068 3029 2250 3072 norem
2285 3015 2508 3084 Filium,
2550 3018 2690 3070 sicut
2735 3014 3000 3071 honorant
3051 3012 3267 3069 Patrem
3289 3012 3346 3079 ';
3397 3018 3452 3066 et
3485 3020 3544 3065 ut
3568 3025 3640 3065 ne

2068 3108 2527 3163 contumeliosum
2604 3106 2865 3177 quiddam
2932 3108 2989 3162 in
3078 3104 3343 3174 Spiritum
3409 3101 3637 3172 iaciant;

391 3175 530 3275 στις,
567 3175 746 3262 καὶιτδ
768 3175 999 3280 ἀξίωμα
1021 3175 1332 3277 γινώσκειν.
1376 3175 1643 3263 ’Καὶ-οὒτε
1688 3175 1750 3262 τὸ
1800 3175 1963 3276 ἀγέν-

2071 3201 2233 3274 966
2274 3175 2772 3257 inter-minutionem
2796 3198 2943 3254 illam
2979 3198 3162 3263 veriti,
3190 3211 3299 3266 qua
3327 3193 3638 3249 istiusmodi

389 3315 549 3370 νητον
577 3299 672 3354 τοῦ
704 3299 965 3371 γεννητοῦ
1010 3300 1229 3364 δέεται,
1271 3302 1352 3362 είς
1402 3300 1465 3353 τὸ
1517 3298 1965 3370 συνεισφέρεσθαι

2071 3297 2267 3359 scelus,
2302 3298 2380 3348 uti
2408 3308 2506 3364 par
2531 3302 2636 3355 est,
2676 3306 2781 3347 nec
2805 3291 2860 3345 in
2885 3291 3142 3362 praesenti
3191 3287 3411 3349 saeculo,
3461 3286 3647 3342 necin‘

389 3392 568 3465 ἑαυτῷ
602 3396 669 3465 τῇ
715 3393 874 3466 οὐσίᾳ
900 3434 916 3458 ,
975 3395 1064 3448 ἵνα
1101 3394 1271 3447 αίτιον
1324 3392 1511 3457 οὐσίας
1553 3392 1704 3462 αὐτῷ
1741 3392 1964 3463 γένηται

2071 3388 2256 3443 l'uturo
2306 3384 2729 3443 condonandum
2764 3372 3003 3441 edicitur
3029 3383 3094 3437 ".
3151 3381 3333 3448 Quare
3392 3379 3528 3434 nihil
3585 3379 3638 3431 in

388 3485 685 3556 δηλωτικὸν
710 3485 773 3539 τὸ
800 3487 1051 3558 γέννημα
1069 3503 1082 3518 ο
1114 3484 1238 3540 οὔτε
1270 3483 1387 3551 ’ἐξις
1421 3485 1521 3556 τῆς
1547 3484 1839 3556 ἀγεννήτου
1868 3482 1970 3552 φύ-

2073 3479 2345 3535 Trinitate
2376 3478 2625 3548 cogitare
2662 3477 2975 3540 diversum,
3022 3490 3199 3543 neque
3248 3474 3397 3529 salva
3442 3467 3641 3542 pietate

392 3594 529 3641 σεως
555 3579 589 3649 ἡ
620 3577 777 3631 οὐσία
816 3578 912 3631 τοῦ
940 3577 1339 3648 γεγεννημένου
1363 3570 1533 3638 ἐστὶν,
1568 3575 1603 3646 ἢ
1633 3575 1871 3644 λέγεται.

2072 3574 2300 3638 sentire,
2339 3582 2434 3628 aut
2461 3572 2678 3643 Opinari
2708 3571 2858 3626 licet.
2896 3569 3097 3626 Verum
3133 3576 3187 3622 et
3230 3568 3286 3622 in
3325 3564 3487 3621 Patre
3532 3563 3674 3620 Pa-.

390 3678 550 3734 trem,
606 3676 670 3725 et
725 3674 779 3724 in
812 3668 949 3724 Filio
982 3668 1202 3734 Filium,
1274 3676 1330 3724 et
1378 3669 1429 3723 in
1493 3666 1699 3737 Spiritu
1738 3675 1929 3722 sancto
1979 3665 2243 3738 Spiritum
2293 3675 2544 3721 sanctum
2591 3678 2890 3734 agnoscere
2944 3678 3046 3718 nos
3096 3668 3331 3731 oportet.
3385 3657 3541 3713 Hunc
3584 3658 3640 3711 in

390 3764 614 3818 modum
669 3762 933 3832 proﬁteri,
967 3771 1022 3817 et
1056 3764 1129 3816 ita
1185 3779 1251 3818 ex
1303 3761 1380 3816 rei
1441 3759 1672 3815 veritate
1728 3759 1976 3829 judicare
2005 3773 2233 3817 necesse
2261 3768 2384 3822 est;
2418 3772 2518 3828 pro
2542 3771 2614 3811 eo
2653 3770 2719 3810 ac
2743 3763 3169 3810 consentaneum
3203 3761 3309 3817 est,
3337 3752 3429 3809 nni
3464 3749 3645 3805 Trini-

390 3856 489 3912 tati
518 3857 856 3912 adorationis
908 3856 1153 3925 praebere
1197 3862 1430 3919 cultum,
1498 3862 1555 3906 et
1593 3851 1740 3906 illius
1800 3849 2141 3919 maiestatem
2194 3863 2513 3920 agnoscere.
2565 3848 2751 3918 Itaque
2798 3860 2900 3901 nec
2945 3844 3244 3914 ingenitum
3299 3857 3440 3913 opus
3482 3841 3643 3897 habet

391 3951 596 4024 genito,
650 3957 710 4005 ut
761 3949 966 4019 aliquid
1010 3959 1217 4003 natura!
1263 3962 1379 4004 suae
1414 3946 1698 4011 conferat;
1737 3943 2137 4013 eiusque,dum
2165 3942 2341 4013 ipsam
2370 3939 2637 4006 declarat,
2658 3934 3068 4010 quodammodo
3097 3950 3264 3992 causa
3329 3942 3641 3999 censeatur;

391 4060 568 4116 neque
595 4048 761 4118 geniti
784 4048 1093 4103 substantia
1123 4046 1378 4117 ingenitae
1404 4052 1618 4099 natura:
1638 4050 1746 4107 est,
1773 4051 1868 4096 aut
1887 4041 2091 4097 dicitur
2118 4038 2357 4094 all‘ectio.

462 4139 538 4196 Bt.
561 4141 788 4204 Οὐδενὸς
816 4141 926 4213 γὰρ
965 4143 999 4211 ἡ
1039 4139 1210 4211 Τριὰς
1243 4138 1415 4191 δεῖται
1440 4176 1455 4201 ,
1488 4135 1613 4191 οὔτε
1650 4135 1970 4206 προσθήκην

389 4233 534 4298 τινὸς
567 4234 855 4305 λαμϐάνει.
905 4231 1044 4287 οὔτε
1091 4232 1199 4302 γὰρ
1230 4229 1416 4301 ἐπειδὴ
1445 4227 1583 4299 αὐτη
1630 4230 1666 4297 ἡ
1696 4227 1865 4298 Τριὰς
1899 4221 1969 4296 ἦν

391 4329 480 4382 ἀεὶ
506 4368 521 4392 ,
555 4329 649 4382 καὶ
693 4327 847 4381 οὐδὲν
889 4322 959 4398 ἦν
1006 4326 1115 4379 τῶν
1164 4323 1539 4393 κεκτισμένων
1564 4360 1579 4383 ,
1615 4319 1768 4391 παρὰ
1810 4318 1970 4372 τοῦτο

390 4420 829 4492 ἀποκληρώσεως
877 4420 1062 4473 ἕνεκεν
1084 4459 1100 4483 ,
1139 4416 1173 4488 ἢ
1213 4414 1625 4488 προσληπτικῆς
1662 4430 1807 4476 τινος
1853 4413 1970 4464 όνο-
2001 4438 2046 4495 ο

395 4513 630 4585 μασίας,
663 4513 697 4584 ἢ
726 4510 1044 4583 προσθήκης
1084 4508 1159 4579 τῷ
1191 4507 1463 4579 ἀξιώματι
1524 4504 1703 4576 ἑαυτῷ
1734 4505 1963 4573 ἐπενόη-

394 4621 486 4659 σεν
510 4606 540 4657 ὁ
569 4604 758 4676 Πατὴρ
785 4644 799 4668 ,
830 4603 896 4656 δι’
928 4595 989 4655 οῦ
1036 4604 1058 4632 ³
1095 4601 1194 4672 μὲν
1233 4601 1426 4664 κτίσας
1461 4598 1691 4671 οὐρανὸν
1715 4598 1810 4652 καὶ
1841 4597 1965 4667 γῆν,

393 4697 490 4751 καὶ
515 4697 693 4752 πάντα
720 4695 896 4767 ὁρατὰ
926 4710 986 4748 τε
1037 4696 1133 4748 καὶ
1168 4693 1408 4765 ἀόρατα,
1442 4693 1538 4745 καὶ
1581 4690 1662 4760 τῷ
1692 4688 1970 4758 Πνεῦματι

393 4786 558 4843 αὐτοῦ
593 4787 894 4858 ὲστερὲωσε
925 4787 1107 4841 πᾶσαν
1135 4784 1234 4856 τὴν
1264 4785 1493 4855 δύναμιν
1526 4782 1706 4836 αὐτῶν
1733 4781 1843 4836 τῶν
1877 4780 1969 4835 ὑπ’

392 4880 558 4935 αὐτοῦ
588 4879 982 4956 κεκτισμένων,
1013 4879 1103 4933 ἵνα
1131 4880 1196 4931 ὲκ
1239 4877 1335 4931 τοῦ
1362 4875 1648 4931 κεκτίσθαι
1692 4874 1763 4927 τὰ
1789 4889 1972 4927 κεκτι-

395 4970 568 5042 σμένα
596 5011 612 5035 ,
662 4968 760 5023 καὶ
811 4967 1281 5040 δημιουργηθῆναι
1333 4967 1404 5020 τὰ
1450 4966 1712 5035 γεγονότα
1745 4966 1971 5017 ἐπισυν-

392 5059 620 5131 εισφορὰ
667 5059 895 5129 γένηται
943 5058 1023 5129 τῷ
1065 5058 1257 5131 κτίστῃ
1285 5055 1567 5120 ἀκούοντι,
1596 5055 1692 5109 καὶ
1717 5055 1975 5125 δημιουρα

393 5151 477 5221 γῷ
504 5151 681 5223 Πατρὶ
708 5150 1128 5221 προσληπτικῶς
1176 5150 1197 5181 ³
1237 5148 1453 5219 νοηθείη
1485 5146 1565 5219 τῷ
1609 5146 1758 5217 Υίῷ,
1811 5145 1879 5199 δι’
1907 5135 1972 5197 οὗ

394 5243 490 5298 καὶ
521 5245 615 5312 ἀφ’
667 5238 728 5298 οῦ
785 5241 852 5295 τὰ
875 5241 1206 5311 κεκτισμὲνα
1244 5240 1577 5310 γεγένηται,
1631 5238 1665 5308 ἢ
1718 5236 1798 5307 τῷ
1830 5235 1972 5307 ἁγίῳ

394 5336 706 5407 Πνεύματι,
739 5336 796 5389 ὲν
840 5328 888 5403 ᾧ
937 5334 1008 5388 τὰ
1053 5333 1430 5404 ὲστερεωμὲνα
1477 5330 1826 5402 ὲστερέωται.
1861 5329 1973 5383 Καὶ

394 5426 505 5499 γὰρ
537 5428 600 5480 οὐ
618 5424 848 5494 τραπεὶς
873 5425 983 5478 ἀπὸ
1017 5424 1181 5491 ἕξεως
1205 5424 1286 5487 είς
1324 5423 1437 5490 ἕξιν
1463 5421 1616 5484 Θεὸς,
1647 5421 1741 5474 καὶ
1767 5420 1836 5490 τῇ
1871 5419 1974 5487 φύ-

397 5536 480 5574 σει
519 5519 614 5573 καὶ
642 5519 711 5588 τῇ
746 5516 904 5586 οὐσία
935 5515 1249 5580 ἀλλοιωθέις
1269 5556 1282 5578 ,
1335 5514 1410 5578 ὡς
1464 5514 1582 5567 κατ’
1624 5511 1831 5566 ἔννοιαν
1879 5510 1973 5563 καὶ

2145 4128 2211 4185 ll.
2251 4129 2464 4200 Quippe
2516 4127 2758 4182 Trinitas
2800 4124 2880 4179 rei
2929 4122 3134 4177 nullius
3163 4120 3390 4192 indiget,
3427 4134 3527 4175 nec
3557 4120 3644 4174 ul-

2071 4223 2180 4277 lius
2221 4220 2603 4277 accessionum
2652 4217 2912 4287 postulat.
2955 4215 3094 4270 Cum
3127 4213 3273 4268 enim
3303 4210 3546 4267 Trinitas
3575 4211 3645 4266 ab

2070 4324 2275 4369 aeterno
2322 4311 2510 4378 fuerit,
2547 4325 2672 4365 cum
2708 4309 2840 4363 nihil
2872 4305 3055 4362 adhuc
3094 4313 3409 4360 creatarum
3456 4317 3645 4359 rerum

2071 4409 2393 4470 exsisteret,
2442 4420 2551 4460 non
2597 4402 2804 4457 idcirco
2853 4409 3067 4463 tamen,
3117 4412 3225 4468 quo
3272 4396 3421 4453 velut
3451 4396 3646 4451 sortito

2074 4497 2178 4554 sibi
2210 4494 2415 4566 aliquid
2443 4493 2684 4555 cederet,
2732 4501 2828 4546 aut
2872 4505 3029 4545 novae
3060 4488 3296 4557 alicujus
3325 4485 3673 4556 appellatio-.

2075 4591 2184 4655 nis,
2231 4590 2318 4643 vel
2361 4587 2430 4642 ad
2476 4586 2796 4657 dignitatem
2847 4598 3004 4639 suam
3062 4580 3396 4636 accessionis
3423 4592 3647 4648 compos

2078 4684 2251 4748 ﬁeret,
2301 4696 2487 4737 rerum
2533 4679 2780 4736 omnium
2826 4675 3259 4748 procreationem
3301 4674 3357 4728 in
3402 4672 3643 4727 animum

2077 4776 2291 4831 induxit
2348 4773 2551 4828 Pater:
2583 4772 2721 4827 adeo
2764 4780 2826 4825 ut
2881 4768 3124 4830 caelum,
3175 4773 3526 4834 terramque,
3592 4771 3649 4818 et

2079 4864 2436 4937 aspectabilia
2469 4863 2674 4924 omnia.
2702 4875 2877 4929 eaque
2913 4872 3036 4928 qua:
3061 4858 3237 4913 visunt
3277 4854 3512 4926 fugiunt,
3552 4868 3649 4924 per

2077 4960 2276 5013 Filium
2326 4963 2558 5021 crearet,
2608 4955 2900 5021 omniaque
2926 4965 3049 5020 quae
3081 4946 3404 5003 condiderat
3431 4943 3643 5015 Spiritu

2079 5063 2181 5105 suo
2231 5047 2634 5109 corroboraret,
2686 5058 2796 5113 quo
2840 5057 2907 5096 ex
2951 5041 3043 5095 illa
3082 5037 3428 5093 conditarum
3462 5049 3648 5090 rerum

2077 5139 2376 5202 creatione,
2423 5149 2759 5207 operumque
2803 5131 3162 5187 fabricatione
3210 5126 3414 5197 aliquid
3450 5128 3503 5181 in
3547 5124 3651 5178 Pa-
3702 5189 3708 5197 ι

2075 5232 2181 5286 tris
2228 5230 2514 5285 utilitatem
2560 5226 2912 5284 redundaret,
2959 5221 3053 5291 qui
3098 5226 3317 5273 creator
3358 5226 3414 5272 et
3452 5216 3649 5270 artifex

2079 5322 2494 5384 nominaretur;
2547 5319 2630 5374 vel
2681 5315 2991 5372 accessisse
3037 5311 3443 5383 intelligeretur
3463 5309 3531 5362 ad
3557 5303 3649 5361 Fi-

2080 5417 2248 5481 lium;
2300 5430 2394 5484 per
2419 5427 2606 5482 quem,
2656 5418 2713 5464 et
2759 5423 2788 5461 a
2833 5420 2944 5476 quo
2984 5411 3187 5459 creatae
3236 5416 3327 5457 res
3373 5401 3652 5470 productae

2080 5517 2237 5573 sunt;
2270 5507 2351 5561 vel
2382 5505 2618 5574 denique
2645 5501 2714 5556 ad
2745 5500 3011 5570 Spiritum
3039 5502 3315 5559 sanctum,
3339 5492 3433 5565 qui
3456 5491 3648 5549 eadem

473 5689 488 5721 ‘
531 5688 686 5745 Deest
717 5689 939 5757 Πνεῦμα
959 5688 1158 5755 λέγειν.
1219 5690 1238 5717 ³
1262 5686 1318 5740 ιε.
1352 5684 1491 5757 υἱοῦ.
1546 5685 1571 5757 7³
1606 5682 1970 5757 Deestjorlcﬁ

2071 5681 2089 5713 "
2114 5680 2259 5739 Psal.
2292 5695 2453 5747 xxxv,
2486 5678 2573 5733 lO.
2650 5675 2669 5708 '
2704 5676 2834 5739 ibid.
2914 5675 2933 5707 ⁸
2960 5671 3116 5747 Joan.
3149 5687 3190 5737 ι,
3221 5669 3304 5726 18.
3381 5669 3401 5700 ⁷
3436 5666 3568 5723 ibid.
3597 5667 3646 5725 ί.

404 5758 428 5791 ⁸
462 5760 597 5837 Agg.
627 5776 684 5827 ιι,
723 5763 774 5815 ti.
852 5753 1054 5814 ‘Joait.
1085 5775 1136 5823 v,
1163 5759 1252 5813 :15.
1333 5757 1376 5788 1°
1407 5756 1598 5810 Matth.
1639 5769 1737 5820 xu,
1765 5753 1855 5809 52.
