4134 6392
491 343 595 397 5!")

1897 351 1954 408 S.
2001 352 2339 416 EPIPHANII

3635 359 3738 412 600

492 460 581 513 illa
635 460 994 516 continuavit.
1055 461 1170 540 Non
1221 465 1364 521 enim
1412 468 1482 523 ab
1529 469 1813 525 affectione
1870 473 2053 544 aliqua

2161 474 2454 544 μετάϐολον
2491 475 2511 505 ³
2541 475 2833 546 εἰργάσατο
2862 477 2928 527 τά
2967 476 3322 546 εἰργασμένα.
3374 471 3499 545 Εἶχε
3537 475 3643 546 γὰρ
3680 477 3738 527 ἐν

488 566 787 609 conversus
819 554 872 608 iu
907 557 1130 610 alteram
1177 557 1339 624 Deus,
1389 570 1444 616 et
1477 569 1691 627 natura,
1724 564 2059 620 substantia-

489 661 596 714 que
638 656 880 701 mutatus
928 649 1075 703 velut
1124 652 1564 720 cegitabundus,
1626 664 1720 710 aut
1767 656 1833 710 ad
1893 657 2057 711 aliam

492 739 816 793 sententiam
869 739 1175 804 traductus,
1234 759 1354 812 qua:
1401 748 1624 802 molitus
1687 757 1771 804 est
1829 749 2054 804 effecit:

490 831 692 899 quippe
737 831 830 899 qui
882 832 935 885 in
982 848 1104 888 sese
1155 834 1460 891 fabricandi
1496 840 1602 892 vim
1633 840 1885 896 habuerit
1917 858 2059 897 sem-

492 934 608 988 per,
635 934 859 990 eamque
890 923 1208 993 perfectam,
1250 942 1347 982 uec
1377 929 1502 983 ullis
1536 929 1721 999 gloriae
1753 932 2060 988 incremen-

493 1011 565 1066 tis
619 1012 944 1082 augendam.
1002 1017 1270 1083 Quocirca
1324 1020 1809 1088 quemadmodum,
1839 1037 1964 1078 cum
1993 1025 2061 1079 de

493 1107 692 1161 creatis
722 1107 883 1163 rebus
914 1111 1146 1180 agimus,
1182 1113 1291 1167 tale
1327 1114 1585 1184 quiddam
1627 1116 1694 1170 de
1739 1115 1848 1172 Deo
1878 1120 2059 1188 suspi-

490 1197 605 1249 cari
635 1197 812 1262 nefas,
862 1202 1022 1268 quasi
1061 1201 1260 1258 divina:
1311 1207 1564 1261 essentia:
1605 1208 1898 1277 gloriaeque
1946 1225 2061 1264 ma-

485 1287 660 1356 jestas
689 1291 809 1358 ejus
838 1291 1142 1350 affectionis
1174 1295 1568 1364 dignitatisque
1597 1299 1826 1366 sit,qua:
1858 1298 2061 1368 aliquid

490 1377 835 1436 extrinsecus
883 1381 1163 1437 vindicare
1207 1385 1309 1439 sibi
1363 1387 1570 1455 possit:
1609 1389 1682 1440 ita
1725 1397 1779 1442 et
1816 1389 2062 1444 refellen-

489 1467 594 1524 dus
620 1469 726 1524 erit
753 1472 964 1539 Aetius,
995 1475 1086 1544 qui
1116 1476 1624 1533 ratiocinationibus
1675 1482 1791 1534 suis
1824 1479 2060 1535 divinam

489 1564 744 1613 naturam
791 1562 1254 1632 comprehendere
1300 1565 1559 1635 cupiens,
1614 1569 1877 1638 iugeniti,
1921 1573 2064 1639 geni-

489 1647 640 1717 tique
669 1651 1095 1721 proprietatibus
1125 1655 1372 1709 abutitur
1399 1670 1460 1710 ea
1486 1655 1876 1727 disputatione,
1899 1676 2062 1730 quam

489 1737 559 1793 de
606 1739 930 1807 affectione,
976 1751 1031 1798 et
1075 1745 1380 1799 substantia
1424 1746 1580 1801 nobis
1629 1748 1871 1802 obtrudit
1899 1766 1911 1800 :
1939 1767 2062 1804 cum

2162 565 2338 634 ἐαυτῷ
2386 565 2446 616 τὸ
2484 567 2570 618 ἀεὶ
2600 566 2987 635 δημιουργικὸν
3023 570 3115 620 καὶ
3147 567 3348 620 τέλειον
3373 607 3387 630 ,
3435 567 3527 619 καὶ
3576 566 3721 636 μηδε-

2165 658 2292 726 μιᾶς
2319 657 2663 726 ὲπιδεόμενον
2693 657 3046 726 προσλήψεως
3073 659 3250 728 δόξης.
3298 661 3405 710 Καὶ
3434 658 3623 726 ὥσπερ
3645 657 3736 708 ἐπὶ

2161 746 2269 798 τῶν
2320 747 2634 816 κτισμάτων
2676 747 2737 798 οὐ
2763 747 2845 798 δεῖ
2869 747 3246 816 διανοούμενόν
3280 765 3399 800 τινα
3446 748 3570 816 περὶ
3601 743 3736 798 Θεοῦ

2163 834 2573 904 προσληπτικῆς
2626 834 2824 902 ἕξεως,
2882 836 2977 888 καὶ
3015 837 3172 902 ἀξίας
3221 833 3358 890 εἶναι
3411 837 3474 888 τὸ
3523 836 3736 904 ἀξίωμα

2160 927 2257 994 τῆς
2283 925 2468 989 οὐσίας
2491 965 2507 988 ,
2537 927 2629 979 καὶ
2659 926 2814 995 δόξης
2845 927 2978 980 Θεοῦ
2999 943 3014 957 ο
3040 927 3212 990 οὕτως
3238 925 3734 998 ἀνακρουσθήσεται

2174 1019 2374 1081 Ἀἐτιος
2405 1057 2420 1080 ,
2461 1017 2777 1088 βουλόμενος
2827 1018 2959 1070 Θεὸν
3020 1018 3424 1086 συλλογίζεσθαι
3473 1016 3612 1070 κατὰ
3673 1015 3734 1067 τὸ

2162 1111 2476 1179 ἀγέννητον,
2506 1111 2598 1162 καὶ
2624 1109 2901 1180 γεννητὸν,
2946 1109 3086 1162 κατά
3113 1111 3202 1162 τὸν
3233 1108 3396 1174 ἕξεως
3427 1109 3521 1162 καὶ
3547 1107 3732 1168 οὐσίας

2163 1203 2328 1256 αὐτοῦ
2385 1203 2774 1274 ἐπιφερόμενον
2830 1204 2962 1272 ἡμῖν
3003 1203 3179 1268 λόγον.
3261 1198 3734 1272 ὐμολογουμένων

2164 1295 2379 1348 πάντων
2431 1297 2537 1348 τῶν
2574 1293 2943 1362 κεκτισμένων
2992 1287 3129 1346 εἶναι
3177 1291 3390 1362 ἀληθῶς
3417 1307 3429 1321 ⁸
3493 1291 3588 1343 καὶ
3632 1289 3732 1358 οὐχ

2163 1389 2346 1440 ἕνεκεν
2387 1387 2739 1458 προσλήψεως
2772 1387 2928 1456 δόξης
2976 1385 3094 1455 Θεῷ
3127 1384 3204 1454 τῷ
3235 1383 3469 1437 ἀνενδεεί
3513 1385 3729 1451 ὲπινοη-

2165 1480 2363 1533 θέντων
2389 1497 2400 1508 ·
2437 1479 2623 1549 ὥσπερ
2667 1479 2758 1532 καὶ
2785 1479 2874 1530 ἐπὶ
2907 1476 2998 1530 τοῦ
3024 1475 3359 1544 Μονογενοῦς
3389 1476 3482 1528 καὶ
3511 1475 3603 1526 ἐπὶ
3638 1471 3732 1525 τοῦ

2165 1571 2319 1639 ἁγίου
2369 1571 2532 1624 αὐτοῦ
2567 1571 2879 1641 Πνεύματος
2916 1573 2977 1626 οὐ
3010 1572 3070 1624 τὸ
3103 1571 3214 1623 ἴσον
3247 1569 3361 1622 ἐστι
3410 1568 3583 1635 λέγειν
3625 1565 3732 1617 τῶν

2167 1663 2398 1715 κτιστῶν
2423 1680 2435 1692 ο
2465 1664 2777 1716 ἀνένδεκτον
2815 1665 2922 1734 γὰρ
2949 1662 3107 1715 τοῦτο
3137 1661 3335 1730 λέγειν.
3379 1659 3518 1711 Ἀλλ’
3546 1655 3732 1726 ἐπειδὴ

2168 1753 2554 1823 συλλογισμοὺς
2593 1756 2716 1823 ἣκει
2772 1755 2953 1824 φέρων
2998 1755 3128 1823 ἡμῖν
3197 1753 3396 1813 Ἀέτιος
3447 1764 3732 1819 μεταρσιο-

492 1831 624 1886 illud
667 1833 721 1887 in
766 1820 1024 1890 confesso
1063 1835 1157 1903 sit,
1188 1846 1402 1892 creatas
1440 1855 1526 1894 res
1565 1856 1757 1896 omnes
1810 1857 1934 1896 eSSe
1981 1858 2056 1898 re-

2165 1846 2367 1899 λεκτῶν
2392 1887 2406 1910 ,
2433 1847 2529 1898 καὶ
2558 1848 2690 1916 πρὸς
2729 1849 2797 1900 τὰ
2839 1847 2949 1900 ἀνω
2982 1845 3267 1916 τολμηρῶς
3298 1841 3732 1910 ἀποτεινόμενος,

490 1939 649 1990 vera;
694 1940 871 1996 neque
915 1937 1094 1983 tamen
1127 1930 1196 1983 ob
1227 1931 1394 1984 ullum
1445 1933 1790 1987 commodum
1839 1943 1933 1988 aut
1982 1937 2058 1988 iu-

489 2024 825 2070 crementum
851 2015 1013 2089 967
1043 2019 1229 2090 gloriae
1258 2035 1287 2073 a
1329 2019 1460 2087 Deo,
1511 2023 1604 2092 qui
1647 2025 1796 2078 nulla
1835 2041 1894 2080 re
1921 2040 2060 2095 opus

491 2107 673 2179 habet,
705 2111 1041 2179 excogitatas
1065 2111 1272 2179 fuisse;
1302 2129 1408 2167 non
1437 2129 1596 2170 secus
1628 2123 1790 2185 atque
1817 2117 1869 2170 in
1898 2119 2060 2173 unico

493 2193 588 2250 Dei
620 2196 778 2263 Filio,
821 2201 1050 2272 ejusque
1101 2212 1293 2257 sancto
1343 2203 1548 2274 Spiritu
1601 2206 1754 2262 nefas
1801 2217 1886 2263 est
1930 2224 2056 2263 cum

490 2298 798 2343 creatarum
859 2308 1041 2346 rerum
1091 2296 1402 2351 conditione
1431 2297 1555 2352 illos
1585 2298 1892 2370 adaequare.
1939 2301 2057 2356 Dici

488 2377 634 2430 enim
676 2378 821 2433 istud
864 2382 1016 2436 nullo
1050 2385 1209 2438 modo
1244 2394 1441 2455 potest.
1474 2387 1542 2439 At
1571 2404 1699 2444 vero
1730 2390 2056 2456 rationibus,

489 2467 930 2541 syliogismisque
961 2474 1076 2527 suis
1111 2488 1211 2528 nos
1252 2476 1566 2546 aggreditur
1599 2478 1810 2541 Aetius,
1847 2479 1916 2534 de
1943 2496 2058 2534 uno

489 2557 715 2614 lestibus
756 2562 918 2618 rebus
955 2565 1224 2634 garrieus,
1271 2577 1326 2620 et
1373 2568 1630 2624 audacter
1659 2570 1726 2622 ad
1773 2573 2056 2640 superiora

487 2649 849 2716 contendens,
883 2661 1046 2723 atque
1081 2655 1150 2710 ab
1183 2655 1534 2712 inferioribus
1569 2661 1836 2715 creaturis
1871 2662 2052 2732 petitis

489 2743 823 2809 argumentis
867 2760 969 2800 nos
1006 2761 1349 2817 oppugnans,
1398 2764 1523 2802 cum
1567 2760 1745 2804 tamen
1784 2752 1898 2806 suis
1947 2753 2054 2808 illis

485 2829 875 2902 disputationis
909 2837 1134 2908 argutiis
1163 2839 1294 2892 nihil
1319 2841 1542 2895 omnino
1571 2855 1900 2912 promoveat.
1954 2843 2056 2899 llo-

443 2925 695 3009 iminum
738 2929 938 2999 quippe
979 2931 1244 3002 sapientia
1309 2937 1546 3003 praeterit
1597 2957 1611 2992 :

2166 1939 2274 1991 ἀπὸ
2328 1938 2385 1990 δὲ
2437 1939 2544 1990 τῶν
2582 1940 2729 1991 κάτω
2787 1937 3352 2006 ἀντισυλλογιζόμενος
3403 1933 3732 2001 κτισμάτων»

2165 2029 2258 2082 καὶ
2291 2029 2450 2091 αὐτὸς
2482 2029 2646 2098 μηδὲν
2683 2028 3065 2099 εὑρισκόμενος
3105 2027 3245 2081 κατὰ
3277 2025 3368 2078 τὸν
3398 2022 3733 2090 συλλογιστι-

2164 2120 2258 2172 κὸν
2282 2119 2444 2173 αὐτοῦ
2473 2119 2649 2187 λόγον.
2682 2120 2751 2172 Ἤ
2779 2137 2838 2172 τε
2865 2119 2972 2189 γάρ
3003 2120 3162 2188 σοφία
3188 2115 3490 2187 ἀνθρώπων
3525 2113 3732 2182 παρέρ-

2162 2225 2346 2276 χεται,
2376 2210 2410 2279 ἦ
2450 2227 2507 2262 τε
2542 2209 2918 2280 συλλογιστικὴ
2949 2209 3089 2274 λέξις
3125 2207 3426 2278 ἀνθρώπων
3451 2205 3728 2258 θάπτεται.

2175 2302 2586 2366 Ἐξελεύσεται
2630 2304 2738 2374 γὰρ
2778 2302 2844 2355 τὸ
2886 2303 3127 2372 Πνεῦμα
3173 2300 3360 2354 αὑτοῦ
3387 2339 3402 2360 ,
3464 2298 3563 2351 καί
3617 2299 3736 2350 ἑπι-

2163 2393 2409 2461 στρέψει
2437 2396 2523 2461 εἰς
2553 2395 2659 2447 τὸν
2684 2393 2837 2463 χοῦν
2861 2393 3068 2448 αὐτοῦ.
3102 2394 3183 2447 Τὰ
3211 2393 3320 2461 γὰρ
3355 2389 3735 2457 συλλογιστικά

2166 2486 2340 2538 πάντα
2372 2485 2479 2537 τῶν
2518 2486 2816 2556 ἀνθρώπιον
2842 2486 3174 2556 παρέρχεται
3200 2523 3216 2547 ,
3254 2483 3348 2536 καὶ
3385 2484 3433 2534 oi
3462 2481 3734 2550 ἄνθρωποι

2166 2577 2304 2646 μετά
2346 2579 2438 2631 καὶ
2465 2578 2562 2648 τῆς
2611 2577 3031 2651 συλλογιστικῆς,
3061 2576 3264 2630 Ἀετίου
3289 2615 3304 2638 ,
3335 2575 3429 2629 καὶ
3462 2573 3602 2627 κατὰ
3642 2572 3732 2622 πί-

2163 2686 2330 2734 στεως
2358 2671 2611 2740 τεχνικῆς
2637 2670 3053 2738 ἐπιτηδεύσεως.
3081 2671 3249 2741 Μένει
3286 2669 3342 2722 δὲ
3376 2669 3409 2738 ἡ
3447 2668 3536 2719 ὑπ’
3571 2663 3732 2718 αὐτοῦ

2163 2759 2537 2832 συλλογιστικὴ
2562 2760 2582 2790 ⁸
2625 2761 2808 2824 πίστις
2833 2801 2848 2823 ,
2879 2759 2973 2814 καὶ
2997 2759 3174 2822 ἐλπὶς,
3216 2758 3312 2811 καὶ
3342 2755 3530 2826 ἀγάπη
3549 2793 3564 2817 ,
3597 2751 3735 2806 κατὰ

2163 2851 2224 2902 τὸ
2251 2851 2657 2922 γεγραμμένον.

1672 2938 1907 2994 humana
1965 2942 2328 3001 ratiocinandi
2384 2949 2466 3002 vis
2524 2963 2589 3003 ac
2639 2949 2915 3003 subtilitas
2959 2949 3278 3017 consepulta
3328 2946 3480 3016 jacet
3542 2961 3556 2996 :
3600 2939 3732 2992 Exi-

487 3014 583 3079 bit,
629 3015 826 3086 inquit,
862 3019 1077 3086 spiritus
1124 3020 1258 3090 ejus,
1299 3034 1346 3077 et
1407 3034 1688 3080 revertetur
1734 3030 1788 3082 in
1822 3031 2084 3097 pulverem
2143 3051 2296 3089 suum
2324 3039 2363 3091 ί.
2423 3038 2902 3110 Syllogismorum,
2966 3014 3212 3108 inquam,
3257 3014 3510 3092 acumina
3548 3031 3731 3087 omnia

484 3105 765 3163 hominum
828 3111 1056 3182 ingeniis
1111 3116 1414 3184 excogitata
1447 3125 1794 3186 prmtcreunt,
1831 3123 2187 3195 hominesque
2231 3105 2478 3198 pariter;
2514 3105 2636 3183 cuin
2672 3129 2761 3191 illa
2797 3129 2934 3183 Aetii
2971 3105 3407 3191 ratiocinatione,
3483 3131 3538 3180 et
3598 3121 3730 3175 aﬂ‘e-

484 3207 636 3252 ctato
687 3211 876 3256 contra
940 3203 1096 3260 fidem
1145 3206 1457 3262 calliditatis
1501 3208 1754 3264 artificio.
1826 3210 2004 3267 Manet
2070 3223 2249 3269 autem
2313 3232 2398 3281 ea,
2440 3234 2602 3287 quam
2674 3218 3004 3288 syllogismis
3048 3218 3165 3274 suis
3207 3215 3602 3272 circumvenire
3639 3225 3727 3266 co-

486 3303 666 3356 natur,
692 3293 845 3357 fides,
885 3310 1010 3365 spes
1045 3303 1097 3350 et
1125 3297 1386 3362 charitas,
1425 3299 1498 3354 uti
1532 3299 1794 3370 scriptum
1818 3305 1960 3358 est‘.

943 3409 1128 3466 AETII
1167 3411 1393 3468 CAPUT
1436 3413 1598 3470 XXII.

557 3499 615 3552 Si
663 3501 974 3555 substantia
1017 3501 1196 3556 omnis
1228 3503 1467 3573 ingenita
1506 3505 1598 3567 sit,
1631 3505 1941 3574 cujusmodi
1971 3513 2056 3560 est

482 3591 873 3660 omnipotentis
919 3592 1037 3656 Dei,
1089 3594 1219 3664 quid
1264 3596 1456 3650 attinet
1496 3595 1638 3650 hanc
1674 3597 1894 3666 quidem
1928 3611 2056 3667 pas-

485 3683 735 3737 sionibus
779 3683 1093 3749 obnoxiam,
1140 3686 1287 3739 illam
1347 3701 1474 3740 vero
1511 3695 1786 3758 expertem
1838 3703 2056 3744 asseve-

485 3775 650 3831 rare?
695 3774 851 3841 Quod
901 3777 947 3831 si
987 3777 1342 3832 attributioue
1386 3777 1621 3846 quadatn
1672 3781 1924 3852 ingenita:
1957 3794 2056 3833 na-

483 3876 661 3934 turae.
725 3869 896 3921 altera
946 3869 1280 3940 quantitate.
1333 3869 1636 3939 qualitate,
1698 3879 1862 3942 atque
1905 3873 2054 3926 omni

481 3977 712 4031 prorsus
741 3970 924 4017 manet
969 3962 1272 4017 mutatione
1306 3963 1585 4034 superior;
1616 3964 1786 4020 altera
1814 3963 2055 4018 aﬂ'ectio-

483 4053 646 4108 uibus
677 4053 938 4118 obnoxia,
1001 4068 1121 4123 qua:
1179 4061 1360 4108 tamen
1419 4055 1555 4124 ipsa,
1616 4063 1674 4109 ut
1732 4054 2055 4110 immutabili

479 4139 806 4195 substantiae
835 4141 1150 4196 conditione
1186 4141 1279 4206 sit,
1329 4142 1597 4198 beneficio
1639 4143 1874 4214 quodam
1923 4147 2056 4201 alte-

482 4231 598 4285 rius
655 4231 727 4285 sit
780 4231 993 4301 adepta.
1051 4229 1106 4286 Si
1140 4231 1275 4294 haec,
1323 4232 1567 4302 inquam.
1606 4237 1677 4288 ita
1710 4249 1768 4289 se
1798 4235 2053 4302 habeant,

482 4330 578 4375 aut
641 4336 815 4387 casu,
873 4338 936 4378 ac
989 4322 1215 4378 fortuito
1275 4324 1326 4378 id
1395 4325 1696 4396 contigisse
1762 4325 2053 4381 dicendum

484 4426 599 4484 est;
635 4426 730 4472 aut
769 4419 900 4473 illud
951 4434 1290 4491 consequens
1353 4428 1456 4482 est,
1503 4429 1561 4474 ut
1596 4431 1649 4475 et
1685 4437 1746 4474 ea
1786 4437 1905 4491 quae
1947 4425 2077 4493 agit,

479 4521 684 4567 scatur.

1006 4609 1309 4680 Coufutatio
1330 4608 1519 4664 XXII.

551 4702 590 4757 l.
646 4701 832 4774 Neque
887 4704 1250 4759 substantiam
1303 4721 1520 4758 onmem
1583 4707 1875 4776 ingenitam
1929 4720 2052 4761 esse

2521 3414 2912 3470 ΚΕΦΑΛΑΙΟΝ
2953 3415 3206 3470 ΑΕΤΙΟΥ
3248 3415 3377 3469 ΚΒ’.

2233 3508 2291 3560 Et
2324 3509 2473 3560 πᾶσα
2502 3507 2659 3561 οὐσία
2689 3509 2835 3560 ἐστὶν
2873 3507 3165 3578 ἀγέννητος
3187 3547 3202 3572 ,
3237 3504 3327 3560 οἷα
3369 3508 3402 3577 ἡ
3436 3505 3571 3560 Θεοῦ
3599 3522 3732 3559 παν-

2156 3599 2482 3670 τοκράτορος
2507 3639 2522 3660 ,
2566 3598 2682 3662 πῶς
2706 3597 2770 3652 ἂν
2804 3598 2900 3670 τὴν
2934 3600 3030 3669 μὲν
3061 3597 3312 3669 παθητὴν
3344 3599 3459 3668 ὲρεῖ
3485 3615 3569 3660 τις
3588 3637 3604 3660 ,
3633 3598 3733 3667 τὴν

2156 3690 2212 3742 δὲ
2241 3691 2464 3761 ἀπαθῆ;
2496 3692 2558 3744 Εἰ
2590 3691 2648 3744 δὲ
2681 3690 2894 3760 φύσεως
2926 3689 3310 3762 ἀποκληρώσει
3335 3691 3630 3759 ἀγεννήτου
3652 3728 3666 3751 ,
3699 3690 3731 3757 ἡ

2160 3785 2258 3854 μὲν
2283 3784 2526 3855 διαμένει
2558 3783 2855 3854 ποσότητος
2900 3784 2996 3836 καὶ
3032 3784 3346 3854 ποιότητος,
3386 3781 3516 3846 καὶ,
3549 3780 3732 3841 ἀπλιίς

2159 3877 2333 3929 εἰπεῖν
2363 3917 2377 3940 ,
2417 3876 2597 3946 πάσης
2649 3873 2952 3945 μεταϐολῆς
2999 3875 3278 3944 ἀμείνων,
3337 3874 3371 3943 ἡ
3430 3872 3487 3926 δὲ
3543 3870 3729 3924 παθῶν

2160 3967 2453 4029 ὑπεύθυνός
2486 3970 2620 4030 ἐστι,
2679 3965 3093 4036 συγχωρηθεῖσα
3124 3965 3213 4018 διά
3252 3965 3314 4018 τὸ
3346 3966 3366 3996 ⁸
3419 3962 3731 4032 ἀπαράλλα-

2156 4073 2282 4110 κτον
2332 4059 2411 4121 είς
2453 4057 2638 4109 οὐσίαν
2675 4055 2841 4127 ἐχειν,
2892 4055 2970 4126 τῷ
3003 4056 3295 4126 αὐτομάτῳ
3327 4054 3618 4125 ἐπιτρέψαι
3639 4052 3730 4104 τὸν

2159 4149 2414 4218 φιλοῦντα
2452 4148 2594 4201 κατά
2620 4147 2691 4202 τά
2724 4147 3127 4219 προειρημέναο
3157 4147 3275 4218 ἢτό
3306 4146 3356 4215 γ’
3391 4141 3484 4200 οὖν
3512 4143 3733 4199 ἀκόλου-

2158 4243 2274 4301 θον,
2298 4239 2395 4312 τὴν
2435 4240 2534 4310 μὲν
2575 4239 2834 4294 ποιοῦσαν
2887 4239 3178 4310 ἀγέννητον
3223 4239 3432 4303 εἰπεῖν,
3466 4236 3731 4308 γεννητὴν

2157 4327 2214 4381 δὲ
2247 4327 2344 4398 τὴν
2373 4327 2867 4400 μεταϐαλλομένην.

2119 4425 2381 4494 ingenita,
2450 4432 2504 4480 et
2539 4441 2660 4495 quze
2687 4425 3048 4480 mutationem
3099 4426 3327 4496 patitur,
3368 4424 3550 4494 genita
3601 4437 3732 4478 cen-

2703 4610 3022 4680 Ἇνατροπὴ
3059 4614 3189 4666 KB'.

2231 4708 2308 4756 A'.
2341 4704 2414 4757 Οὐ
2469 4705 2647 4757 πᾶσαν
2698 4703 2887 4757 οὐσίαν
2937 4699 3076 4756 εἶναι
3130 4703 3359 4774 λέγομεν
3414 4703 3730 4772 ἀγέννητον,

478 4796 753 4862 dicimus;
795 4811 894 4850 nec
923 4811 1139 4851 onmem
1168 4813 1196 4849 a
1230 4795 1337 4851 Deo
1365 4798 1602 4868 genitam
1631 4839 1644 4860 ,
1677 4800 1934 4868 quoniam
1957 4799 2050 4868 qui

2160 4795 2277 4848 οὐδὲ
2316 4797 2496 4849 πᾶσαν
2530 4797 2593 4848 ὲκ
2630 4795 2764 4848 Θεοῦ
2798 4795 3062 4865 γεννητὴν
3087 4810 3101 4825 °
3143 4795 3225 4848 ὅτι
3277 4797 3307 4848 ὁ
3347 4796 3613 4865 γεννήσας
3642 4796 3734 4850 τὸν

478 4887 674 4940 Filium
712 4902 870 4940 suum
917 4889 1124 4955 genuit,
1175 4897 1230 4941 et
1261 4904 1290 4942 a
1341 4905 1399 4944 se
1427 4890 1545 4959 ipso
1599 4889 1860 4959 Spiritum
1919 4907 2048 4945 sau-

476 4988 627 5033 ctum
671 4980 872 5044 emisit,
920 4979 1096 5041 illum,
1132 4980 1376 5050 inquam,
1406 4981 1694 5052 Spiritum,
1731 4985 1821 5053 qui
1858 4999 2047 5038 eorum

475 5087 598 5140 qum
653 5069 775 5125 Filii
824 5078 970 5135 sunt,
1030 5074 1302 5143 particeps
1349 5073 1470 5136 fuit,
1528 5091 1634 5129 non
1687 5091 1895 5137 omnes,
1953 5075 2047 5130 sed

477 5176 647 5214 unum
675 5160 942 5214 duntaxat
971 5163 1157 5231 genuit
1188 5183 1199 5215 :
1235 5162 1378 5218 unde
1415 5171 1468 5217 et
1509 5166 1820 5235 unigenitus
1845 5173 1959 5232 est;
1995 5175 2049 5221 et

476 5267 647 5306 unum
701 5253 937 5307 emisita
983 5269 1044 5309 se
1107 5255 1258 5322 ipso;
1322 5257 1464 5309 unde
1517 5255 1755 5325 Spiritus
1802 5267 2044 5312 sanctus.

475 5341 580 5398 Per
633 5359 798 5398 unum
826 5359 986 5413 porro
1038 5345 1262 5410 creavit,
1315 5355 1369 5400 et
1423 5346 1475 5400 in
1542 5363 1652 5401 uno
1709 5348 2052 5403 confirmavit

475 5450 686 5496 omnes,
739 5451 970 5505 quorum
1025 5436 1116 5488 alii
1149 5438 1440 5506 generandi
1471 5437 1577 5491 vim
1601 5437 1819 5501 habent,
1846 5450 1898 5493 et
1930 5449 2051 5508 post

475 5530 706 5598 primam
751 5528 1080 5581 creationem
1123 5528 1378 5597 deinceps
1421 5539 1780 5599 generantur;
1838 5530 1927 5584 alii
1973 5533 2052 5586 sic

476 5619 646 5673 creati
678 5628 838 5685 sunt,
887 5629 946 5674 ut
995 5635 1186 5701 neque
1223 5622 1464 5692 gignant,
1515 5640 1689 5692 neque
1739 5625 2052 5693 gignantur.

547 5733 564 5764 ⁸
589 5731 733 5789 Psal.
770 5749 926 5802 θην,
953 5734 1005 5791 4.
1082 5738 1101 5772 ³
1133 5735 1152 5790 l
1187 5737 1313 5793 Cor.
1349 5753 1466 5807 xui,
1505 5738 1587 5796 15.

1680 5741 1698 5770 ³
1738 5737 1797 5795 ε’.
1833 5742 2151 5813 μεταῆολήν.

2160 4886 2218 4950 ἐξ
2244 4885 2406 4939 αὐτοῦ
2435 4886 2844 4956 γεγεννημένον,
2883 4888 2976 4939 καὶ
3022 4885 3344 4948 ἀποστείλας
3391 4885 3448 4949 ἐξ
3475 4886 3639 4938 αὐτοῦ
3666 4886 3728 4938 τὸ

2159 4979 2311 5047 ἅγιον
2352 4977 2574 5049 Πνεῦμα
2614 4977 2800 5036 αὐτοῦ.
2835 4978 3057 5048 Πνεῦμα
3084 4976 3192 5028 τῶν
3223 4975 3351 5029 Υίοῦ
3387 4977 3632 5046 μετέχον,
3661 4980 3722 5030 οὐ

2158 5076 2362 5138 πάντας
2391 5074 2678 5144 ἐγέννησεν
2697 5114 2711 5137 ,
2742 5073 2853 5127 ἀλλ’
2885 5072 3010 5126 ἓνα³
3042 5073 3123 5126 διὸ
3152 5073 3460 5141 Μονογενής
3485 5083 3516 5104 θ’
3537 5073 3630 5124 καὶ
3666 5072 3724 5123 ἓν

2156 5166 2214 5233 ἐξ
2246 5166 2409 5220 αὐτοῦ
2438 5165 2756 5219 ἀπέστειλεν
2781 5181 2794 5195 ο
2817 5164 2898 5218 διὸ
2931 5165 3083 5232 ἅγιον
3122 5162 3364 5233 Πνεῦμα.
3409 5165 3629 5217 Ἐκτισε
3669 5164 3725 5216 δὲ.

2150 5260 2239 5312 διὰ
2270 5257 2363 5312 τοῦ
2397 5257 2513 5320 ένὸς
2534 5299 2549 5324 ,
2595 5259 2689 5310 καὶ
2731 5255 3058 5327 ἐστερέωσεν
3109 5258 3166 5309 ὲν
3198 5254 3274 5326 τῷ
3305 5255 3385 5308 ἑνὶ
3423 5255 3549 5317 τοὺς
3593 5255 3727 5307 πάν-

2152 5368 2280 5415 ταςο
2313 5352 2438 5413 τοὺς
2471 5350 2569 5419 μὲν
2590 5349 2892 5417 γεννῶντας
2916 5389 2929 5410 ,
2963 5349 3057 5402 καὶ
3092 5348 3232 5418 μετά
3259 5349 3437 5400 κτίσιν
3467 5365 3729 5416 γεγεννη-

2157 5443 2350 5513 μένους
2375 5482 2391 5503 ,
2421 5443 2546 5505 τούς
2579 5441 2634 5494 δὲ
2679 5441 2992 5503 κτισθέντας
3012 5480 3026 5502 ,
3063 5442 3199 5511 μήτε
3227 5439 3529 5508 γεννῶντας
3547 5481 3560 5504 ,
3595 5448 3730 5509 μήτε

2154 5536 2602 5605 γεγεννημένους.
2646 5535 2787 5586 Πολὺ
2835 5534 2892 5586 δὲ
2932 5533 3238 5602 ἀφέστηκεν
3276 5533 3309 5601 ἡ
3349 5531 3603 5594 ἄκτιστος
3631 5531 3731 5598 τῆς

2154 5627 2379 5697 Τριάδος
2410 5626 2565 5678 οὐσία
2585 5624 2692 5679 τῶν
2725 5625 2832 5677 ἀπὸ
2859 5625 2956 5695 τῆς
2986 5623 3210 5694 Τριάδος
3245 5624 3569 5678 κτισθέντων
3596 5661 3610 5686 ,
3635 5621 3728 5676 καὶ

2233 5743 2249 5774 ³
2287 5741 2344 5796 F.
2388 5739 2854 5812 συλλελογισμένη.
2933 5739 2952 5771 ⁸
2981 5737 3039 5795 F.
3070 5739 3149 5792 δεῖ
3169 5739 3244 5792 τό.
