4134 6392
415 350 514 408 601

1053 350 1422 408 ADVERSUS
1463 352 1804 410 ll/ERESES
1840 354 1949 409 LIB
1982 341 2277 412 lll.vTOM.
2321 355 2360 412 l.
2389 388 2458 397 ——
2496 356 2772 413 υΑΞιιΕδ.
2817 355 3047 410 LXXVI.

3578 327 3680 413 me

413 476 516 525 eux
541 466 652 524 ἀπὸ
679 468 780 539 τῆς
803 468 1034 540 Τριάδος
1069 469 1456 538 γεννηθέντων.
1498 472 1590 523 Διὸ
1622 471 1734 541 ἕχει
1765 475 1799 542 ή
1830 472 2000 544 Τριάς

2105 472 2305 529 Verum
2353 475 2597 530 increata
2644 473 2932 529 Trinitatis
2975 473 3142 544 968
3179 472 3483 530 substantia
3526 473 3682 540 longe

418 563 476 616 τὸ
519 559 731 622 ἀπαθὲς
769 561 865 613 καὶ
897 559 1342 630 ἀπαράλλακτον,
1377 562 1446 614 τά
1465 561 1522 614 δὲ
1554 561 1730 616 πάντα
1754 565 1822 618 τά
1858 566 1996 634 μετά

414 655 513 726 τὴν
541 652 746 725 Τριάδα
780 651 943 705 πάθει
979 652 1355 723 ὑποκείμεναό
1387 653 1434 704 εἰ
1468 654 1541 723 μή
1570 671 1622 708 τι
1666 653 1732 708 ἂν
1769 655 1997 727 δωροττο

416 751 442 801 ό
471 745 688 817 ἀπαθὴς
717 744 778 798 τὸ
815 743 1022 808 ἀπαθὲς
1049 744 1139 798 διά
1168 745 1268 815 τῆς
1301 745 1608 815 ἀφθαρσίας
1629 787 1643 811 ,
1694 740 1776 810 οἷς
1810 747 1996 817 βούλε-

415 855 501 892 ται
553 836 696 891 κατά
726 835 934 907 δωρεὰν
983 835 1310 905 χαρίσασθαι
1350 835 1619 905 ἀφθόνως.
1672 838 1786 891 Οὐκ
1817 837 1997 907 ἔχουσι

415 930 470 983 δὲ
493 928 553 982 τὸ
581 928 856 1000 ἄφθαρτον
882 927 942 992 ἐξ
965 927 1257 997 ἀσωμάτου
1293 927 1506 996 φύσεως
1532 969 1547 992 ,
1583 929 1696 981 ἀλλ’
1737 928 1797 994 ἐξ
1827 930 1996 998 ἀφθο-

415 1019 532 1083 νίας
558 1019 653 1072 τοῦ
686 1017 892 1086 ἀγαθοῦ
923 1019 1017 1072 καὶ
1046 1017 1290 1081 ἀπαθοῦς
1326 1018 1483 1070 Θεοῦ.
1512 1019 1622 1071 Καὶ
1652 1019 1761 1090 γάρ
1790 1019 1911 1074 οὔτε
1937 1019 1999 1073 τό

417 1114 608 1168 παθεῖν
636 1111 727 1166 τὸν
752 1110 1031 1180 Μονογενῆ
1068 1111 1126 1163 ὲν
1157 1110 1322 1180 σαρκὶ
1348 1108 1518 1172 πάθος
1545 1113 1906 1181 περιποιεῖται
1929 1114 1996 1182 τῇ

415 1207 582 1262 αὐτοῦ
617 1207 852 1278 θεότητι,
883 1204 1060 1258 καίτοι
1096 1220 1161 1272 γε
1203 1203 1263 1267 ἐξ
1291 1202 1552 1274 ἀληθινῆς
1580 1203 1868 1274 ὁμολογίας
1917 1221 2001 1256 πι-

417 1300 736 1369 στευόμενον
765 1297 874 1351 ἀπὸ
899 1297 998 1366 τῆς
1026 1295 1288 1366 ἀληθινῆς
1321 1294 1557 1357 πίστεως
1581 1335 1596 1358 ,
1623 1296 1706 1348 ὅτι
1732 1294 1999 1348 πέπονθεν

415 1391 444 1442 ὁ
480 1388 696 1458 ἀπαθὴς
721 1386 857 1448 Θεὸς
881 1385 956 1438 ὣν
1007 1385 1200 1452 Λόγος.
1236 1385 1460 1455 Ἔμεινε
1509 1384 1567 1436 δὲ
1612 1387 1670 1438 ὲν
1700 1384 1939 1456 ἀπαθείᾳ
1971 1386 2000 1437 6

417 1481 580 1543 αὐτὸς
636 1480 710 1551 μὴ
744 1477 972 1546 τραπεὶς
1025 1478 1126 1549 τὴν
1178 1477 1375 1546 φύσιν,
1422 1477 1558 1548 μήτε
1603 1476 1996 1548 ἠλλοιωμένος.

419 1571 508 1624 Διὸ
538 1570 698 1638 σοφία
733 1569 808 1622 ὢν
831 1609 846 1632 ,
881 1569 976 1620 καὶ
1021 1567 1152 1631 Θεὸς
1181 1567 1398 1639 ἀπαθὴς
1427 1566 1502 1620 ὣν
1522 1607 1537 1631 ,
1573 1570 1669 1621 καὶ
1699 1567 1854 1630 εἰδὼς
1875 1607 1888 1630 ,
1917 1567 1998 1620 ὅτι

417 1664 505 1717 διὰ
541 1662 748 1725 πάθους
790 1659 952 1725 σώζει
989 1659 1117 1722 τοὺς
1153 1659 1222 1713 τά
1253 1659 1399 1731 πάθη
1434 1659 1656 1730 ἔχοντας
1707 1659 1800 1712 τοῦ
1836 1658 1999 1712 θανά-

415 1774 530 1822 του,
565 1755 623 1808 οὺ
654 1753 895 1824 πρέσϐυν
916 1751 1254 1814 ἀπέστειλεν,
1287 1753 1387 1805 οὐκ
1420 1751 1670 1820 ἄγγελον,
1699 1749 1822 1804 οὔτε
1852 1750 2000 1804 ἐστιν

417 1850 492 1912 ὠς
527 1849 650 1911 τοὺς
701 1845 806 1917 πρὸ
855 1844 1019 1898 αὑτοῦ
1057 1845 1378 1914 προφήτας’
1439 1843 1553 1898 ἀλλ’
1602 1843 1763 1906 αὐτὸς
1795 1842 2000 1915 Κύριος

416 1937 571 2010 ἦλθε,
601 1939 696 1993 καὶ
732 1938 792 1991 τὸ
831 1935 1068 2008 παθητὸν
1096 1935 1277 1990 λαϐὼν
1305 1937 1364 1989 ἐν
1394 1932 1568 2004 ἑαυτῷ
1599 1932 1866 2004 ἀληθινῶς
1893 1932 1991 1984 πέ-

418 2031 582 2085 πονθε
608 2073 624 2097 ,
663 2031 761 2101 τῆς
815 2027 1068 2099 θεότητος
1117 2025 1284 2082 αὐτοῦ
1325 2025 1570 2089 ἀπαθοῦς
1611 2023 1895 2096 μενούσης.
1923 2024 1999 2077 Οὐ

419 2127 525 2196 γάρ
569 2125 602 2196 ή
635 2125 896 2196 ἔνσαρκος
929 2122 1202 2193 παρουσία
1235 2121 1478 2192 ἧμὸλυνε
1510 2121 1609 2192 τὴν
1640 2119 1870 2190 δύναμιν
1899 2118 2000 2188 τῆς

418 2215 584 2270 αὐτοῦ
633 2215 906 2286 θεότητος.
962 2213 1286 2284 Εὑρίσκεται
1319 2213 1428 2287 γὰρ
1480 2215 1537 2267 ὲν
1574 2215 1640 2284 τῇ
1680 2210 1846 2266 αὐτοῦ
1886 2210 2000 2263 θεό-

417 2324 541 2378 τητι
568 2308 636 2360 τά
659 2306 756 2360 τοῦ
782 2307 919 2360 Θεοῦ
955 2305 1216 2378 ἐνεργῶν,
1255 2305 1351 2359 καὶ
1401 2305 1475 2376 μὴ
1497 2305 1605 2359 ἀπὸ
1631 2303 1834 2377 σαρκὸς
1867 2304 2002 2356 ἀπο-

419 2399 728 2467 κλειόμενος
752 2437 766 2463 ,
797 2397 984 2469 ἀνέμῳ
1022 2398 1120 2468 μὲν
1151 2397 1440 2467 ἐπιτιμῶν,
1476 2397 1569 2450 καὶ
1597 2395 1827 2449 κλύδωνι
1856 2433 1870 2459 ,
1905 2395 2002 2448 καὶ

420 2487 660 2559 θαλάσσῃ
693 2527 708 2551 .
749 2487 998 2560 Λάζαρον
1052 2488 1110 2542 δὲ
1167 2488 1423 2560 αὑθεντίᾳ
1466 2489 1571 2561 ἰδίᾳ
1625 2490 1808 2543 καλῶν
1837 2530 1852 2554 ,
1905 2492 2001 2544 καὶ

419 2579 553 2634 ἄλλα
609 2578 818 2650 μυρία,
851 2581 948 2633 καὶ
999 2580 1255 2634 ἐπέκεινα
1289 2581 1493 2634 τούτων
1545 2582 1752 2634 ποιῶν·
1801 2582 1860 2647 ὃς
1907 2582 2001 2635 καὶ

419 2671 714 2743 συνεχώρει
751 2670 851 2741 μὲν
884 2670 954 2726 τά
986 2672 1127 2724 κατά
1152 2672 1213 2725 τὸ
1245 2671 1464 2741 εὔλογον
1482 2675 1548 2743 τῇ
1583 2673 1765 2744 σαρκὶ,
1802 2674 1878 2737 ὡς
1906 2674 2001 2726 καὶ

415 2761 649 2832 διαϐόλῳ
673 2761 955 2829 πειράζειν
983 2801 998 2828 ,
1030 2761 1126 2814 καὶ
1163 2760 1474 2833 ἀνθρώποις
1519 2763 1704 2816 παίειν
1725 2803 1738 2827 ,
1770 2764 1998 2828 καὶτοῖς

419 2852 854 2923 συλλαμϐάνουσι
904 2855 966 2908 τὸ
1010 2855 1292 2909 ἀλίσκειν⁹
1345 2857 1430 2909 ἵνα
1484 2857 1543 2910 ὲν
1588 2855 1668 2927 τῷ
1715 2857 1944 2928 παθητῷ
1972 2859 2002 2911 6

418 2945 638 3015 ἀπαθὴς
663 2944 810 3017 πάθῃ
828 2987 843 3010 ,
871 2945 1088 3018 ἀπαθὴς
1120 2947 1295 3017 μένων
1327 2949 1385 3000 ὲν
1413 2949 1478 3019 τῇ
1512 2948 1620 3020 ἰδίᾳ
1647 2950 1859 3021 θεότητι
1896 2948 1996 3014 ὢν,

417 3035 519 3088 οὐκ
545 3034 825 3108 ἀλλότριος
851 3036 947 3090 τοῦ
979 3038 1224 3102 ἀπαθοῦς
1254 3038 1388 3092 Θεοῦ
1415 3079 1430 3102 ,
1458 3040 1724 3105 ἑκουσίως
1746 3042 1803 3094 δὲ
1832 3041 2000 3096 ποιῶν

2102 565 2174 619 ab
2237 565 2324 622 his
2381 567 2638 622 omnibus
2693 567 2870 631 abest,
2931 582 3050 635 quae
3099 566 3169 619 ab
3233 565 3349 634 ipsa
3415 565 3682 618 Trinitate

2098 663 2280 710 creata
2314 667 2465 724 sunt,
2494 674 2604 712 non
2639 659 2840 729 genita.
2895 657 3022 711 ldeo
3064 655 3349 711 Trinitatis
3390 656 3520 710 illud
3552 673 3673 726 pro.

2099 748 2279 817 prium
2330 756 2437 811 est,
2487 758 2545 802 ut
2588 764 2765 818 neque
2809 747 2923 818 pati
2965 747 3288 817 quidquam,
3323 763 3500 816 neque
3531 763 3652 801 com

2099 839 2300 893 mutari
2337 841 2546 909 possit‘
2581 862 2591 895 :
2623 847 2821 894 caetera
2849 840 3052 902 omnia,
3087 837 3179 892 tibi
3219 853 3250 890 a
3277 831 3542 891 Trinitate
3575 837 3682 892 dis-

2099 933 2355 998 cesseris,
2412 933 2523 1003 pati
2571 932 2774 1002 aliquid
2825 940 3083 1001 possunt;
3153 931 3258 985 nisi
3300 931 3439 985 forte
3477 948 3676 1000 expers

2099 1024 2191 1079 ille
2225 1024 2529 1081 affectionis
2558 1025 2737 1080 omnis
2768 1025 3000 1079 similem
3033 1024 3321 1092 quemdam
3351 1031 3552 1078 statum
3583 1040 3677 1092 per

2101 1117 2590 1187 incorruptionem,
2638 1117 2840 1186 quibus
2899 1116 3150 1180 libuerit,
3217 1115 3482 1184 singulari
3541 1133 3678 1185 quo-

2099 1209 2223 1264 dam
2257 1209 2520 1264 beneﬁcio
2558 1211 2706 1279 large
2727 1210 3064 1278 benigneque
3100 1209 3460 1262 concesserit.
3500 1208 3672 1271 Quem

2101 1300 2321 1370 quidem
2372 1300 2804 1370 incorruptionis
2853 1309 3054 1354 statum
3107 1314 3215 1352 non
3260 1299 3325 1353 ex
3363 1299 3682 1366 incorporea

2101 1393 2283 1462 aliqua
2334 1402 2548 1455 natura,
2605 1393 2700 1446 sed
2752 1407 2818 1446 ex
2864 1391 3013 1456 boni,
3057 1401 3118 1446 'et
3156 1389 3458 1444 affectionis
3505 1389 3684 1442 omnis

2101 1483 2341 1554 expertis
2389 1483 2483 1538 Dei
2536 1484 2789 1554 largitate
2843 1492 3272 1552 consequuntur.
3311 1480 3468 1547 Quod
3503 1487 3682 1533 autem

2104 1577 2304 1632 unicus
2343 1575 2438 1631 Dei
2469 1574 2641 1630 Filius
2667 1576 2724 1629 in
2752 1590 2920 1630 carne
2952 1576 3025 1630 sit
3053 1589 3270 1645 passus,
3302 1573 3506 1626 nullam
3537 1571 3682 1626 istud

2101 1665 2156 1718 in
2197 1665 2369 1735 ipsius
2406 1665 2745 1720 divinitatem
2770 1667 3078 1736 passionem
3131 1663 3484 1718 transfundit.
3513 1663 3687 1726 Quan-

2102 1772 2266 1826 quam
2295 1757 2428 1810 illud
2463 1767 2610 1812 recta
2647 1757 2802 1822 ﬁdes,
2842 1772 2905 1810 ac
2942 1759 3156 1811 sincera
3191 1755 3459 1825 professio
3491 1754 3684 1819 docet,

2109 1847 2202 1902 Dei
2240 1846 2495 1911 Verbum,
2547 1849 2691 1918 quod
2735 1864 2831 1919 per
2875 1865 2998 1904 sese
3037 1849 3146 1918 pati
3183 1848 3319 1902 nihil
3360 1856 3558 1917 potest,
3599 1847 3684 1900 ni-

2109 1937 2406 1993 hilominus
2457 1937 2869 2008 esse‘passum.
2927 1937 3068 1991 Idem
3125 1952 3288 2006 porro
3332 1937 3520 1991 eadem
3570 1938 3686 2005 ipsa

2110 2028 2352 2099 patiendi
2382 2029 2516 2083 nihil
2551 2030 2606 2083 in
2650 2027 2965 2084 conditione
2994 2029 3317 2098 permansit,
3373 2043 3471 2082 nec
3499 2028 3551 2081 in
3586 2044 3686 2080 na-

2109 2127 2229 2174 tura
2257 2135 2356 2175 sua
2392 2119 2714 2176 mutationis
2743 2119 2948 2189 aliquid
2984 2126 3077 2173 aut
3107 2119 3444 2174 diversitatis
3485 2135 3684 2186 exper-

2111 2219 2200 2267 tus
2231 2219 2336 2267 est.
2384 2211 2750 2277 Quamobrem
2801 2211 2892 2266 ille
2936 2211 3030 2280 qui
3079 2212 3387 2282 sapientia,
3435 2227 3498 2265 ac
3546 2211 3688 2264 Deus

2105 2309 2225 2357 erat
2264 2301 2540 2372 passionis
2577 2301 2761 2356 omnis
2807 2317 3026 2371 expers,
3075 2318 3199 2357 cum
3241 2302 3496 2370 patiendo
3526 2302 3691 2356 sciret

2107 2409 2286 2449 seeos
2332 2393 2692 2448 liberaturum
2727 2409 2869 2460 esse,
2906 2394 2998 2464 qui
3045 2402 3274 2450 mortem
3322 2395 3686 2464 patiebantur,

2106 2501 2215 2539 non
2250 2486 2488 2556 legatum
2535 2485 2730 2549 ullum,
2783 2502 2895 2540 non
2935 2487 3184 2558 angelum
3218 2487 3390 2550 misit,
3423 2501 3530 2540 non
3561 2502 3690 2556 pro-

2105 2577 2298 2646 phetas
2346 2576 2605 2646 denique,
2649 2577 2959 2647 cujusmodi
3005 2577 3298 2632 adventum
3344 2591 3503 2632 suum
3533 2585 3688 2630 ante-

2105 2678 2409 2733 cesserant,
2443 2669 2538 2724 sed
2581 2670 2814 2740 ipsemet
2856 2668 3119 2725 Dominus
3152 2667 3321 2732 venit,
3367 2684 3432 2723 ac
3479 2684 3692 2739 perpes-

2107 2763 2318 2818 sionem
2351 2763 2427 2818 ita
2450 2763 2505 2816 in
2537 2779 2595 2818 se
2614 2765 2761 2833 ipso,
2793 2778 3032 2833 vereque
3076 2762 3362 2828 sustinuit,
3392 2771 3450 2816 ut
3477 2763 3690 2816 interim

2107 2872 2303 2926 expers
2351 2854 2925 2926 passionis-divinitas
2969 2856 3086 2925 ipsa
3118 2863 3486 2926 permaneret.
3523 2854 3694 2921 Cujus

2107 2948 2327 3018 quidem
2411 2948 2520 3002 vim
2573 2962 2636 3001 ac
2682 2947 2983 3016 potentiam
3034 2947 3169 3000 nihil
3223 2947 3526 3001 incarnatio
3577 2946 3692 3014 ipsa

2105 3041 2379 3099 diminuit.
2410 3039 2544 3105 Nam
2573 3039 2824 3094 eumdem
2866 3039 2921 3092 in
2963 3038 3248 3093 divinitate
3282 3053 3401 3101 sua,
3438 3054 3558 3106 qum
3603 3037 3692 3090 [lci

417 3125 488 3179 τά
515 3128 690 3190 πάντα
732 3127 875 3182 κατά
906 3129 968 3182 τὸ
1000 3128 1306 3200 ἔκπληκτον
1351 3130 1517 3184 αὐτοῦ
1554 3133 1852 3204 μυστήριον
1876 3150 1890 3164 ο
1925 3132 2000 3196 ὡς

2106 3135 2324 3207 propria
2351 3141 2501 3197 sunt,
2535 3139 2884 3204 praestantem
2929 3131 3049 3187 sine
3089 3131 3200 3186 ullo
3248 3132 3434 3186 carnis
3469 3130 3694 3198 impedi-

421 3218 515 3270 καὶ
543 3219 572 3270 6
611 3219 800 3291 Πατὴρ
831 3221 961 3284 Θεὸς
996 3222 1093 3274 σὺν
1138 3221 1287 3292 αὐτῷ
1333 3222 1412 3293 τῷ
1449 3225 1775 3292 Μονογενεί,
1804 3225 1898 3278 καὶ
1925 3224 2000 3296 τῷ

2105 3238 2287 3281 mento
2314 3224 2606 3280 'cernimus
2639 3242 2652 3277 :
2698 3223 2854 3277 velut
2886 3237 3012 3276 cum
3043 3229 3259 3283 ventos,
3293 3236 3465 3283 mare,
3511 3227 3566 3271 et
3596 3219 3694 3271 llu-

421 3309 702 3381 ΙΙνεύματι
728 3313 892 3367 αὐτοῦ
913 3312 992 3383 τῷ
1019 3313 1178 3384 ἁγίῳ,
1205 3315 1376 3386 Τριάς
1407 3311 1542 3369 οὖσα
1561 3317 1648 3369 ἀεὶ
1675 3317 1875 3379 τελεία,
1908 3319 2000 3371 καὶ

2107 3328 2226 3375 ctus
2274 3315 2608 3386 increpat”;
2647 3329 2772 3368 cum
2812 3312 3080 3367 Lazarum
3109 3311 3330 3382 propria
3367 3311 3695 3364 auctoritate

419 3401 668 3474 ἀπαθὴς,
702 3405 798 3476 μία
840 3404 1029 3475 θεότης
1085 3407 1329 3478 περιέχει
1363 3407 1432 3460 τὰ
1463 3408 1678 3476 πάντα,
1718 3403 1799 3472 εἷς
1846 3409 1999 3476 Θεὸς,

2105 3408 2369 3474 evocat';
2400 3414 2454 3461 et
2495 3405 2705 3460 inﬁnita
2765 3404 2870 3458 alia
2919 3403 3232 3474 prodigiosa
3296 3418 3360 3457 ac
3423 3403 3691 3472 stupenda

423 3494 522 3565 μία
552 3498 810 3570 κυριότης
833 3499 926 3553 τοῦ
952 3499 1118 3554 αὐτοῦ
1143 3499 1278 3553 Θεοῦ
1306 3501 1652 3573 περιέχοντος
1676 3501 1746 3555 τά
1782 3501 1900 3559 ὅλα.

2105 3501 2344 3556 molitur.
2379 3497 2705 3568 Quanquam
2739 3496 2956 3551 interim
3002 3495 3268 3566 quidquid
3303 3505 3420 3549 erat
3452 3511 3686 3549 consen-

419 3595 641 3642 taneum
687 3589 904 3659 corpori
953 3590 1246 3645 tribuebat.
1287 3587 1420 3644 Nam
1452 3599 1506 3646 et
1537 3591 1755 3647 diabolo
1785 3599 1995 3648 tentare
2034 3591 2343 3662 permisit‘,
2392 3599 2448 3645 et
2477 3587 2790 3643 hominibus
2852 3586 3084 3652 caedere,
3141 3595 3196 3642 et
3247 3588 3355 3653 his,
3401 3587 3494 3658 qui
3539 3603 3692 3641 com-

423 3681 836 3754 prehendebant
867 3698 1086 3753 capere,
1133 3689 1194 3737 ut
1233 3683 1288 3736 in
1317 3683 1526 3752 patibili
1563 3691 1756 3738 natura
1828 3683 2104 3755 passionis
2164 3697 2362 3750 expers
2421 3688 2720 3752 pateretur,
2775 3688 2828 3735 et
2877 3679 3094 3734 interim
3139 3679 3192 3732 in
3240 3671 3339 3734 sua
3407 3678 3692 3733 divinitate

421 3777 698 3848 passionis
721 3792 916 3847 expers
956 3784 1220 3842 maneret,
1257 3792 1364 3832 non
1405 3778 1618 3833 alienus
1680 3794 1711 3833 a
1778 3778 2052 3849 passionis
2089 3787 2313 3846 experte
2367 3775 2500 3843 Deo,
2535 3777 2632 3833 sed
2676 3776 2860 3830 omnia
2903 3773 3166 3845 singulari
3213 3773 3449 3843 quodam
3507 3782 3561 3828 et
3594 3773 3691 3826 ad-

419 3867 656 3922 mirabili
733 3867 994 3939 mysterio
1063 3875 1255 3938 suapte
1327 3867 1608 3925 voluntate
1664 3870 1992 3940 suscipiens.
2034 3868 2507 3936 Quemadmodum
2571 3875 2626 3922 et
2676 3864 2839 3921 Pater
2867 3864 3010 3920 Deus
3036 3878 3160 3919 cum
3196 3861 3488 3935 Unigenito
3550 3865 3691 3932 ipso,

423 3972 489 4012 ac
535 3955 743 4028 Spiritu
792 3967 986 4014 sancto

1046 3974 1064 4015 :
1121 3975 1243 4029 quae
1285 3960 1502 4030 quidem
1539 3959 1805 4030 perfecta,
1849 3971 1903 4016 et
1977 3961 2252 4030 passionis
2310 3973 2506 4030 expers
2551 3957 2816 4023 Trinitas,
2867 3970 3085 4026 unaque
3128 3953 3390 4007 divinitas
3440 3953 3692 4006 universa

422 4051 830 4121 complectitur,
869 4051 1012 4108 Deus
1040 4071 1206 4121 unus,
1255 4071 1320 4110 ac
1349 4055 1666 4114 dominatus
1700 4075 1843 4115 unus
1875 4057 2211 4114 continentis
2235 4057 2419 4111 omnia
2451 4054 2567 4110 Dei.

494 4145 570 4198 B'.
604 4145 715 4198 Καὶ
751 4146 812 4198 οῦ
842 4146 930 4200 διά
957 4147 1018 4200 τὸ
1053 4151 1327 4221 περιέχειν
1380 4152 1448 4205 τά
1477 4152 1653 4206 πάντα
1686 4153 1848 4208 πάθει
1871 4155 2006 4208 ὑπο-

370 4235 377 4242 ’
425 4233 650 4302 πίπτει,
678 4235 788 4289 τῶν
817 4238 1295 4311 ἐμπεριεχομένων
1329 4242 1433 4296 ὑπὸ
1471 4243 1642 4308 πάθος
1673 4245 1998 4300 πιπτόντων.

2183 4151 2245 4206 ΙΙ.
2285 4150 2475 4222 Neque
2520 4165 2651 4206 vero
2699 4147 2848 4220 quod
2904 4145 3188 4202 continere
3231 4143 3447 4198 dicatur
3488 4145 3691 4206 omnia,

2109 4244 2316 4298 idcirco
2343 4243 2584 4314 patiendi
2627 4240 2932 4296 conditioni
2971 4236 3284 4306 subjicitur,
3318 4235 3443 4288 licet
3472 4249 3592 4304 quae
3624 4234 3694 4287 ab

433 4326 614 4391 Ἐντὸς
642 4327 750 4399 γάρ
778 4329 993 4383 πάντων
1029 4332 1166 4397 ἐστὶ,
1200 4335 1296 4386 καὶ
1350 4334 1506 4398 ἐκτὸς
1537 4334 1644 4390 τῶν
1679 4336 1814 4390 ὅλων
1862 4337 1998 4391 πάν-

2109 4335 2230 4405 ipso
2258 4332 2798 4403 comprehenduntur
2827 4331 2877 4386 ei
2914 4329 3017 4399 legi
3060 4327 3403 4394 subjaceant.
3429 4323 3524 4379 Est
3545 4325 3690 4378 enim

418 4434 529 4470 των
567 4418 732 4483 Θεὸς,
765 4420 971 4490 ἀμιγὴς
1001 4422 1134 4494 πρὸς
1182 4422 1244 4476 τά
1273 4424 1450 4479 πάντα
1469 4443 1481 4456 ·
1511 4427 1632 4480 ὃθεν
1676 4428 1796 4482 οὐδὲ
1829 4428 1918 4482 διὰ
1945 4428 2004 4482 τὸ

421 4504 560 4562 εἶναι
589 4509 762 4580 πάντη
789 4550 804 4572 ,
839 4512 958 4564 οὐδὲ
993 4511 1081 4566 διά
1129 4513 1192 4566 τὸ
1235 4515 1393 4580 ἐκτὸς
1418 4511 1558 4570 εἶναι
1591 4518 1808 4572 πάντων
1834 4559 1847 4583 ,
1883 4519 2006 4574 οὐδὲ

419 4598 510 4652 διὰ
534 4599 595 4652 τὸ
616 4601 892 4674 περιέχειν
929 4601 998 4657 τὰ
1049 4603 1227 4660 πάντα
1252 4647 1268 4672 ,
1303 4607 1423 4660 οὐδὲ
1449 4607 1538 4662 διά
1569 4608 1631 4660 τὸ
1661 4611 1720 4662 ὲν
1752 4609 1900 4681 αὐτῷ
1937 4610 2004 4664 τά

422 4691 603 4743 πάντα
647 4691 950 4757 κινεῖσθαι,
981 4693 1155 4757 πάθος
1206 4696 1429 4749 είσοίσει
1461 4695 1540 4767 τῷ
1591 4696 1796 4750 ἀπαθεῖ
1842 4697 1961 4768 Θεῷ
1985 4715 2002 4732 ο

420 4781 610 4854 ὥσπερ
637 4783 758 4837 οὐδὲ
785 4783 874 4838 διά
900 4785 961 4838 τὸ
985 4787 1372 4858 γεγεννηκέναι
1413 4788 1506 4842 τὸν
1538 4790 1818 4862 Μονογενῆ
1843 4831 1856 4854 ,
1883 4791 2005 4844 οὐδὲ

421 4875 515 4926 τὸν
547 4875 825 4947 Μονογενῆ
855 4878 1236 4948 γεγεννῆσθαι,
1269 4881 1390 4934 οὐδὲ
1426 4880 1514 4934 διά
1546 4882 1608 4934 τὸ
1653 4882 1808 4951 ἆγιον
1841 4883 2006 4936 αὑτοῦ

421 4964 650 5033 Πνεῦμα
699 4966 759 5031 ἐξ
808 4967 973 5021 αὑτοῦ
1021 4969 1400 5037 ἀπεστάλθαι,
1457 4970 1625 5036 πάθος
1664 4971 1890 5026 εἰσοίσει
1937 4975 2003 5046 τῇ

423 5056 555 5125 ἁγίᾳ
583 5057 798 5128 Τριάδι.
845 5059 982 5113 Οὔτε
1012 5060 1122 5131 γάρ
1171 5061 1414 5133 παθητὸν
1459 5063 1521 5117 τὸ
1555 5063 1709 5132 ἀγιον
1755 5065 1998 5136 Πνεῦμα,

422 5149 480 5200 ὲν
510 5148 640 5201 εῖδει
666 5153 996 5221 περιστερᾶς
1020 5153 1205 5206 κατιὸν
1249 5155 1378 5225 περὶ
1407 5155 1496 5208 τὸν
1547 5157 1817 5226 Ἰορδάνην
1835 5175 1848 5190 ⁸
1876 5157 2000 5212 οὔτε

422 5241 452 5291 6
479 5241 790 5309 Μονογενὴς
823 5242 928 5294 ὑπὸ
974 5243 1219 5297 Ἰωάννου
1256 5243 1647 5315 βαπτιζόμενός
1686 5264 1743 5299 τε
1773 5247 1867 5300 καὶ
1897 5249 2004 5320 ψη.

422 5331 742 5401 λατρώμενος
764 5350 778 5364 ⁸
807 5332 930 5386 οὔτε
959 5337 988 5387 6
1017 5336 1206 5406 Πατὴρ
1247 5337 1452 5390 ἀνωθεν
1485 5337 1622 5408 βοῶν
1649 5343 1800 5411 φωνῇ
1833 5342 1998 5394 ἀκου-

423 5424 580 5491 στικῇ
633 5422 977 5494 ἀνθρώποις,
1035 5425 1118 5478 ὅτι
1160 5423 1348 5494 Οὗτός
1381 5428 1501 5497 μού
1545 5428 1716 5482 ἐστιν
1749 5433 1782 5483 ό
1848 5433 2000 5497 Υἱὸς,

422 5513 612 5567 αὐτοῦ
661 5515 930 5571 ἀκούετε.
979 5517 1420 5588 ’Λπαράλλακτος
1458 5521 1634 5573 τοίνυν
1663 5524 1692 5573 6
1714 5521 1840 5585 Υἱός
1865 5538 1878 5550 ·
1911 5524 2005 5575 καὶ

422 5606 453 5658 ὁ
480 5605 580 5678 μὲν
621 5607 809 5678 Πατὴρ
854 5609 1147 5681 ἀγέννητος
1170 5653 1185 5678 ,
1215 5611 1243 5662 6
1286 5611 1342 5663 δὲ
1377 5612 1503 5676 Υἱὸς
1529 5613 1785 5683 γεννητὸς
1811 5654 1824 5678 ,
1868 5615 2008 5666 ἀπα-

517 5760 536 5794 ί
572 5759 760 5818 Matth.
789 5780 888 5830 xu,
927 5764 1015 5820 32.

1125 5768 1141 5798 ²
1168 5763 1298 5821 Luc.
1343 5783 1460 5832 vm,
1499 5767 1590 5823 Ἡ.
1669 5771 1687 5801 ³
1714 5766 1872 5824 Joan.
1911 5785 1987 5837 XI,
2032 5771 2119 5826 43.

2107 4428 2251 4482 intra
2305 4425 2514 4489 omnia,
2561 4434 2616 4480 et
2652 4431 2808 4478 extra
2857 4420 3042 4476 omnia
3089 4418 3469 4472 universorum
3527 4413 3690 4475 Deus,

2106 4535 2284 4590 neque
2315 4525 2495 4573 tamen
2521 4532 2646 4572 cuin
2673 4517 2781 4570 ulla
2812 4530 2873 4569 re
2907 4520 3222 4574 concretus,
3258 4525 3322 4564 ac
3359 4508 3688 4579 pcrmistus:

2105 4626 2172 4665 ex
2219 4624 2327 4679 quo
2371 4609 2428 4662 fit
2465 4618 2546 4675 ut,
2580 4623 2756 4678 neque
2787 4605 2933 4676 quod
2973 4605 3173 4674 ubique
3201 4604 3293 4668 sit,
3326 4617 3501 4671 neque
3529 4600 3679 4671 quod

2108 4709 2262 4757 extra
2286 4701 2468 4755 omnia
2506 4701 2598 4762 sit,
2653 4715 2829 4770 neque
2860 4697 3004 4768 quod
3035 4694 3461 4765 comprehendat
3481 4695 3689 4756 omnia,

2117 4793 2284 4865 969
2319 4809 2492 4864 neque
2565 4792 2712 4862 quod
2764 4792 2819 4846 in
2870 4791 2990 4861 ipso
3042 4790 3298 4843 universa
3349 4771 3690 4848 moveantur,

2112 4889 2183 4943 ob
2213 4889 2266 4942 id
2299 4887 2409 4957 pati
2439 4885 2715 4956 quidpiam
2765 4882 3162 4940 existimandus
3208 4880 3313 4945 sit,
3339 4876 3596 4932 immunis
3625 4877 3694 4928 ab

2109 4978 2257 5035 omni
2294 4977 2535 5048 patiendi
2565 4973 2880 5029 conditione
2909 4972 3074 5028 Deus.
3117 4969 3271 5024 Sicut
3294 4983 3395 5023 nec
3430 4968 3693 5036 idipsuiu,

2108 5071 2253 5141 quod
2303 5070 2528 5124 unicum
2573 5066 2772 5122 Filium
2818 5066 3023 5138 genuit.
3079 5064 3335 5136 quodque
3382 5062 3578 5115 unicus
3609 5061 3696 5113 ille

2107 5162 2321 5234 genitus
2352 5169 2457 5226 est,
2495 5170 2590 5215 aut
2632 5159 2777 5230 quod
2834 5166 3059 5215 sanctus
3093 5157 3212 5226 ejus
3250 5155 3485 5224 Spiritus
3515 5155 3692 5207 emis-

2098 5272 2195 5310 sus
2223 5261 2307 5309 est
2340 5254 2409 5308 ab
2445 5253 2587 5323 ipso,
2644 5252 2810 5304 ullam
2859 5247 3220 5303 sanctissima:
3264 5243 3519 5297 Trinitati
3570 5242 3698 5293 all'e.

2108 5346 2345 5400 clioncm
2379 5345 2596 5399 inferet.
2642 5343 2853 5412 Quippe
2893 5355 2996 5394 nec
3040 5337 3278 5408 Spiritus
3314 5338 3430 5405 ipse
3469 5345 3694 5388 sant-tus

2112 5442 2218 5508 pati
2256 5439 2554 5507 quidquam
2591 5443 2790 5506 potest,
2823 5434 2915 5503 qui
2947 5431 3213 5486 columba:
3242 5429 3424 5498 specie
3463 5427 3528 5478 ad
3567 5425 3691 5479 Jur-

2113 5529 2306 5584 dancm
2339 5527 2621 5582 descendit
2645 5545 2658 5592 ;
2693 5543 2792 5580 nec
2819 5525 3140 5592 Unigenitus
3171 5537 3199 5574 a
3226 5518 3435 5574 Joanne
3457 5517 3704 5586 baptiza-

2117 5625 2205 5672 tus
2237 5625 2290 5673 ct
2319 5623 2737 5681 contrectatus;
2788 5615 2884 5670 sed
2928 5629 3101 5684 neque
3132 5610 3291 5665 Pater
3317 5607 3587 5681 ejusmodi
3628 5606 3695 5660 de

2220 5771 2237 5804 ³
2274 5769 2464 5827 Matth.
2509 5789 2580 5838 iv,
2619 5771 2636 5824 l
2669 5786 2790 5842 sqq.
