4134 6392
457 299 566 358 603

1889 298 1948 354 S.
1987 297 2322 354 EPI-PIIANII

3625 295 3730 350 605

459 433 602 476 coam
630 436 764 478 voce
799 434 1128 506 persultans,
1155 435 1320 490 quam
1361 421 1612 478 homines
1633 421 1896 477 exaudire
1929 439 2048 492 pos-

2160 423 2278 492 θὴς,
2305 423 2399 476 καὶ
2431 424 2490 475 τὺ
2517 421 2740 492 Πνεῦμα
2767 421 2992 484 ἀπαθῶς
3019 421 3300 491 προελθὸν.
3327 419 3448 472 Τῶν
3475 419 3532 472 δὲ
3557 419 3732 471 ἄλλων

461 525 628 572 sent:
673 513 773 568 Hic
815 523 894 568 est
941 513 1115 566 Mlius
1151 529 1316 578 naeus,
1365 515 1536 580 ipsum
1585 514 1826 570 audite'.
1867 515 2049 580 Quare

463 609 599 662 nihil
631 623 660 662 a
693 606 853 662 Patre
907 606 1160 662 diversus
1189 613 1275 660 est
1305 604 1498 660 Filius.
1535 605 1598 658 Et
1623 606 1840 675 quidem
1889 605 2048 662 Pater

463 697 740 768 ingenitus
767 708 872 760 est,
907 696 1082 753 Filius
1113 698 1352 766 genitus,
1381 714 1484 752 nec
1511 699 1622 752 ullo
1655 699 1817 753 modo
1851 699 2050 768 patibi-

461 790 568 856 Iis;
623 789 864 860 Spiritus
913 805 1046 846 vero
1099 797 1328 846 sanctus
1355 790 1494 844 citra
1528 791 1836 858 passionem
1883 791 2047 844 ullam

461 885 774 954 processit;
825 892 1024 938 caetera
1072 885 1257 938 omnia
1291 883 1570 940 creatione
1599 883 1868 953 producta
1897 891 2046 948 sunt,

403 991 406 994 ·
463 989 528 1028 ac
561 974 803 1043 perfecta
843 973 960 1043 ipsa
999 973 1240 1030 Trinitas
1285 975 1338 1028 in
1389 975 1692 1044 quantitate
1720 990 1842 1037 sua,
1873 982 1928 1029 et
1963 975 2048 1030 in-

464 1075 650 1120 creata
673 1067 1037 1136 appellatione
1071 1071 1320 1121 remanet
1345 1084 1360 1121 :
1393 1067 1478 1122 sic
1511 1075 1570 1122 ut
1601 1083 1778 1136 neque
1805 1083 2050 1122 commu-

465 1164 612 1210 tetur
660 1158 806 1227 quod
865 1157 1060 1212 melius
1093 1166 1200 1220 est,
1251 1173 1428 1226 neque
1475 1157 1624 1227 quod
1671 1157 1909 1229 gignitur
1941 1157 2049 1212 ulla

462 1250 704 1320 patiendi
751 1251 878 1320 lege
911 1260 1254 1304 coerceatur.
1289 1249 1390 1302 Cui
1424 1247 1642 1320 quidem
1689 1264 1866 1318 neque
1897 1250 2050 1320 geni--

463 1353 552 1400 tor
585 1344 858 1398 obnoxius
907 1341 1030 1396 fuit.
1077 1340 1196 1396 Non
1239 1342 1388 1396 enim
1433 1355 1758 1412 corporemn
1787 1349 1872 1396 est
1898 1341 2050 1412 geni-

465 1447 580 1490 tum
607 1435 758 1500 illud,
785 1435 877 1490 sed
915 1431 1155 1504 Spiritus
1183 1449 1212 1488 e
1243 1431 1472 1502 Spiritu,
1497 1443 1552 1488 et
1576 1449 1641 1488 ex
1667 1431 1826 1488 Patre
1855 1430 2046 1490 Filius.

465 1525 548 1580 lta
581 1525 744 1580 ctiam
780 1531 833 1578 et
867 1523 1105 1592 Spiritus
1157 1530 1385 1577 sanctus
1437 1521 1506 1575 ab
1550 1521 1669 1591 ipso
1721 1537 2049 1592 progressus

464 1627 570 1680 est,
601 1616 836 1685 Spiritus
861 1613 1066 1676 Patris,
1108 1613 1348 1684 Spiritus
1389 1613 1618 1676 Christi,
1653 1629 1762 1668 non
1805 1623 2048 1682 creatus,

465 1723 578 1762 non
622 1707 860 1778 genitus,
889 1721 998 1760 non
1035 1720 1330 1776 germanus
1363 1703 1551 1768 frater,
1599 1719 1706 1757 non
1739 1719 1894 1766 avus.
1937 1719 2044 1758 non

2153 516 2384 570 κτιστῶν
2413 517 2606 578 ὅντων,
2637 519 2734 586 τῆς
2763 515 2977 576 τελείας
3007 514 3235 584 Τριὰδος
3267 512 3632 582 διαμενούσης
3673 513 3731 562 ὲν

2149 612 2215 680 τῇ
2255 615 2514 678 ποσότητι
2555 609 2652 660 καὶ
2683 608 2924 677 ἀκτίστῳ
2977 607 3270 678 ὀνομασία,
3301 604 3424 658 οὔτε
3451 604 3544 656 τοῦ
3569 605 3730 672 ἀμεί-

2151 717 2300 764 νονος
2333 699 2804 769 μεταϐαλλομένου
2827 739 2841 762 ,
2885 697 3008 750 οὔτε
3039 698 3099 750 τὸ
3125 695 3384 766 γεννηθὲν
3421 695 3582 750 πάθει
3611 712 3728 748 συν-

2149 791 2406 860 εχόμενον
2445 793 2611 846 ἐστιν.
2665 787 2801 842 Οῦτε
2836 789 2946 858 γὰρ
2981 790 3010 840 6
3059 789 3328 858 γεννήσας
3389 787 3552 840 πάθει
3605 804 3728 838 συν-

2151 883 2368 953 εσχέθη.
2417 884 2492 935 Οὐ
2535 883 2644 952 γὰρ
2695 881 3004 950 σωματικὸν
3031 881 3092 934 τὸ
3115 880 3380 949 γέννημα,
3407 879 3542 932 ἀλλὰ
3573 877 3734 932 Πνεῦ-

2155 988 2232 1041 μα
2263 973 2328 1024 ἐκ
2359 972 2694 1042 Πνεῦματος.
2751 971 2844 1024 καὶ
2901 971 3027 1034 Tib;
3071 973 3136 1024 ἐκ
3183 971 3412 1040 Πατρός.
3461 969 3734 1031 Ὡσαύτως

2151 1061 2246 1114 καὶ
2305 1061 2366 1114 τὺ
2399 1062 2556 1129 ἅγιον
2611 1061 2834 1132 Πνεῦμα
2883 1061 2941 1128 ἐξ
2979 1061 3145 1114 αὑτοῦ
3173 1101 3188 1124 ,
3245 1061 3466 1131 Πνεῦμα
3498 1060 3730 1132 Πατρδς,

2151 1152 2376 1224 Πνεῦμα
2403 1153 2640 1224 Χριστοῦ
2665 1193 2680 1216 ,
2713 1151 2774 1204 οὐ
2829 1153 3046 1206 κτιστδν
3067 1193 3081 1214 ,
3113 1153 3174 1205 οὐ
3201 1153 3460 1222 γεννητὸν
3477 1192 3492 1212 ,
3525 1152 3586 1204 οὐ
3611 1168 3734 1204 σνν-

2151 1245 2400 1314 άδελφον,
2445 1247 2506 1300 οὐ
2535 1246 2878 1316 προπάτορον
2897 1285 2912 1309 ,
2943 1246 3044 1298 οὐκ
3075 1245 3314 1314 ἔγγονον,
3343 1247 3442 1314 τῆς
3467 1244 3734 1312 ἁσυγκρί-

2151 1355 2242 1392 του
2276 1337 2462 1400 οὐσίας
2497 1337 2729 1408 Πατρὸς,
2759 1337 2854 1390 καὶ
2879 1336 3032 1400 Υἱοῦ,
3067 1339 3162 1390 καὶ
3207 1336 3360 1404 ἁγίου
3393 1336 3732 1404 Πνεύματος,

2153 1428 2588 1500 ὑπερϐαινούσης
2639 1431 2820 1482 πᾶσαν
2857 1427 3066 1482 ἔννοιαν
3097 1430 3192 1481 καὶ
3245 1429 3423 1482 πάντα
3471 1427 3632 1490 νοῦν,
3655 1429 3730 1504 .ορ

2155 1521 2314 1591 μόνον
2359 1520 2572 1590 εῖποιμι
2627 1519 2929 1592 ἀνθρώπων
2955 1559 2970 1583 ,
3025 1519 3162 1572 ἀλλὰ
3199 1521 3292 1574 καὶ
3349 1519 3618 1588 ἀγγέλων.
3659 1521 3734 1572 Οὐ

2152 1610 2262 1680 γὰρ
2295 1609 2596 1681 μεταϐολὴν
2629 1610 2918 1677 ἐπεδέξατο
2961 1612 2992 1662 ὁ
3019 1612 3332 1681 Μονογενὴς
3355 1651 3371 1676 ,
3419 1610 3538 1664 οὐδὲ
3581 1613 3610 1664 6
3639 1612 3737 1664 αὑ-

2151 1703 2248 1756 τοῦ
2278 1703 2467 1774 Πατὴρ
2491 1743 2506 1767 ,
2549 1703 2669 1756 οὐδὲ
2699 1705 2762 1758 τὸ
2807 1705 2963 1768 ἆγιον
2996 1703 3162 1756 αὑτοῦ
3197 1703 3422 1775 Πνεῦμα
3445 1747 3458 1768 ,
3512 1703 3574 1756 τὸ
3605 1703 3696 1756 τὸν
3716 1704 3736 1734 ³

467 1775 688 1870 nepos;
752 1799 1506 1872 siquidemincoluparahilis
1550 1795 1758 1860 Patris,
1807 1795 1928 1850 Filii
1989 1813 2052 1852 ac

2160 1796 2434 1865 Μονογενῆ
2467 1795 2653 1866 ἀπαθῆ
2675 1795 2806 1848 ὄντα
2833 1797 2890 1846 ὲν
2921 1795 3084 1866 σαρκὶ
3113 1795 3306 1848 παθεῖν
3329 1813 3344 1826 ·
3375 1795 3468 1848 καὶ
3493 1794 3554 1848 τὺ
3573 1795 3737 1861 am»;

467 1893 708 1962 Spiritus
767 1892 945 1946 sancti
1009 1899 1208 1946 natura
1264 1890 1652 1959 cogitationem
1715 1903 1934 1944 omnem
1987 1905 2052 1944 ac

467 1995 702 2038 mentem
733 1993 994 2052 superat,
1055 1997 1163 2036 non
1220 1981 1502 2036 hominum
1560 1981 1738 2036 solum
1795 1981 2048 2046 dixerint,

467 2092 658 2130 verum
711 2077 874 2131 etiam
930 2077 1269 2146 angelorum.
1325 2073 1442 2128 Non
1492 2073 1638 2128 enim
1693 2075 2050 2129 mutationem

467 2167 634 2222 ullam
670 2169 866 2222 unicus
895 2167 988 2222 Dei
1031 2166 1204 2222 Filius
1233 2165 1477 2232 admisit,
1521 2181 1624 2220 nec
1661 2167 1832 2236 ipsius
1867 2163 2049 2231 Pater,

465 2275 644 2333 neque
691 2269 916 2316 sanctus
961 2259 1082 2328 ejus
1132 2257 1392 2326 Spiritus,
1435 2273 1502 2312 eo
1535 2257 1680 2325 quod
1731 2256 2062 2328 Unigenitus‘

467 2369 564 2423 per
618 2367 740 2406 sese
780 2351 1054 2420 passionis
1113 2365 1310 2418 expers
1371 2349 1424 2402 in
1480 2363 1646 2404 carne
1697 2350 1770 2404 sit
1821 2366 2048 2420 passus;

468 2443 706 2514 Spiritus
741 2457 869 2496 vero
899 2451 1126 2497 sanctus
1155 2440 1423 2495 columbae
1451 2455 1512 2494 se
1545 2441 1730 2510 specie
1755 2441 2047 2496 videndum

466 2531 766 2600 objecerit;
802 2545 867 2584 ac
913 2537 1190 2601 postremo
1241 2526 1399 2582 Pater
1449 2529 1566 2596 ipse
1613 2543 1746 2583 voce
1793 2529 1860 2584 de
1911 2531 2050 2584 cmlo

2157 1885 2324 1940 αὑτοῦ
2358 1886 2581 1956 Πνεῦμα
2621 1889 2679 1940 ὲν
2715 1886 2844 1940 εἴδει
2875 1888 3212 1958 περιστερᾶς
3237 1928 3251 1951 ,
3287 1885 3382 1938 καὶ
3425 1885 3484 1938 τ’)
3513 1885 3602 1938 τὸν
3630 1886 3740 1938 Πα-

2157 1979 2292 2050 τέρα
2331 1977 2577 2048 φθογγὴν
2616 1980 2698 2041 είς
2746 1979 2915 2049 ἀκοὴν
2943 1978 3244 2048 ἀνθρώπων
3269 1977 3578 2048 ἀπορρῆξαι
3601 1975 3742 2029 ἀνω-

2159 2071 2250 2124 θεν
2283 2070 2529 2134 ἀπαθῶς’
2563 2069 2754 2142 ὥσπερ
2779 2071 2840 2124 οὑ
2874 2071 3196 2142 μεταϐολὴν,
3233 2069 3329 2123 καὶ
3387 2069 3556 2130 πάθος
3589 2085 3741 2138 περι-

2159 2163 2486 2234 εποιήσαντο
2508 2165 2556 2216 οί
2581 2163 2892 2228 κτισθέντες
2921 2163 3162 2232 ἄγγελοι,
3191 2163 3284 2216 καὶ
3309 2163 3548 2233 οὐρανοὶ,
3583 2163 3675 2214 καὶ
3703 2165 3736 2232 ἡ

2157 2255 2262 2326 γῆ,
2298 2257 2391 2308 καὶ
2445 2256 2514 2308 τὰ
2557 2255 2738 2309 πάντα
2791 2255 2870 2325 τῷ
2903 2256 3040 2310 αὐτὰ
3093 2256 3434 2324 πεποιηκότι.
3495 2252 3654 2306 Ἀλλὰ
3681 2253 3741 2304 τὺ

2157 2349 2267 2400 πᾶν
2299 2348 2446 2400 ἐστιν
2474 2345 2780 2417 ἔκπληκτον
2813 2349 3133 2419 μυστήριον,
3171 2347 3314 2400 κατὰ
3341 2345 3401 2399 τὸ
3429 2345 3736 2416 εἰρημένον·

2153 2431 2222 2490 Ὦ
2262 2435 2458 2502 ,ϐάθος
2506 2437 2812 2502 πλούτου,
2871 2437 2968 2490 καὶ
3011 2438 3264 2505 σοφίας,
3319 2435 3418 2488 καὶ
3450 2433 3559 2502 τῆς
3592 2431 3740 2502 γνώ-

2155 2544 2309 2597 σεως
2341 2530 2490 2585 Θεοῦ
2521 2531 2541 2583 .'

465 2623 636 2678 missa
699 2623 836 2676 citra
904 2621 1214 2692 passionem
1265 2620 1432 2674 ullam
1488 2621 1771 2674 hominum
1827 2623 2052 2678 auribus
2093 2622 2416 2678 insonuerit.
2453 2623 2572 2678 Non
2607 2637 2768 2678 secus
2798 2630 2962 2691 atque
2985 2621 3186 2691 angeli,
3245 2620 3498 2674 caelestes
3559 2617 3740 2679 orbes,

467 2721 634 2778 terra,
669 2723 994 2784 caeteraque,
1043 2727 1164 2784 qum
1245 2711 1388 2768 Deus
1455 2711 1724 2773 condidit,
1771 2714 1956 2768 omnia
2021 2715 2226 2770 nullam
2275 2717 2488 2769 auctori
2555 2731 2656 2769 suo
2732 2715 3089 2769 mutationem
3135 2711 3586 2781 adfectionemque
3639 2711 3742 2762 tri-

465 2805 722 2860 buerunt.
785 2803 892 2860 Sed
957 2807 1069 2860 haec
1137 2803 1321 2858 omnia
1389 2804 1718 2873 stupendum
1811 2804 2086 2874 quoddam
2161 2815 2332 2870 sunt,
2397 2807 2844 2876 horrendumque
2909 2807 3269 2877 mysterium,
3313 2805 3410 2858 "uti
3479 2805 3742 2875 scriptum

465 2908 592 2956 est:
624 2899 670 2956 0
716 2899 946 2956 altitudo
995 2901 1336 2963 divitiarum,
1401 2899 1668 2968 rapientia:
1707 2909 1758 2954 et
1808 2903 2042 2956 scientia:
2079 2901 2176 2957 Dei
2201 2903 2254 2956 ἰ

925 3015 1108 3071 ΛΕἸἸΙ
1145 3015 1376 3072 CAPUT
1414 3015 1602 3070 XXIII.

539 3101 598 3156 Si
633 3103 830 3174 genita:
859 3104 1183 3158 substantiae
1215 3117 1386 3157 causa
1418 3102 1494 3156 sit
1533 3101 1776 3172 ingenita
1797 3141 1811 3164 ,
1845 3103 2050 3173 ingeni'

469 3209 585 3250 tum
634 3212 766 3250 vero
790 3236 805 3258 ,
853 3195 1002 3266 quod
1039 3195 1372 3266 principium
1404 3195 1630 3260 dicitur,
1667 3195 1800 3248 nihil
1833 3197 2057 3252 omnino

467 3287 562 3350 sit,
577 3284 850 3356 quomodo
880 3294 1055 3354 potest
1081 3283 1130 3337 id
1148 3283 1292 3352 quod
1311 3281 1564 3350 nihilest,
1587 3283 1724 3354 ejus,
1755 3285 1898 3355 quod
1925 3302 2053 3356 pro-

468 3375 694 3434 ductum
725 3385 832 3440 est,
867 3392 990 3430 esse
1015 3373 1382 3444 principium?

861 3489 1029 3559 970
1067 3487 1377 3556 Confutatio
1415 3485 1646 3541 XXIII.

541 3581 785 3652 Ingeuita
833 3581 1140 3635 substantia
1191 3595 1299 3634 non
1345 3578 1574 3641 eodem,
1611 3595 1721 3649 quo
1751 3581 1818 3635 ad
1855 3591 2060 3636 caetera

469 3675 656 3728 omnia
695 3681 1011 3741 comparata
1060 3671 1255 3734 modo,
1307 3671 1401 3726 sed
1451 3671 1560 3724 alio
1607 3673 1845 3740 quodam
1891 3689 2057 3728 sensu

471 3767 696 3829 dicitur,
745 3781 868 3818 cum
911 3765 976 3817 ad
1030 3765 1244 3816 unicam
1294 3763 1536 3818 sobolem
1581 3763 1838 3832 refertur,
1877 3766 1956 3820 vel
1991 3765 2058 3820 ad

475 3859 740 3928 Spiritum
773 3867 1048 3922 sanctum,
1083 3857 1177 3928 qui
1205 3856 1273 3910 ab
1305 3857 1421 3925 ipsa
1453 3858 1842 3926 progreditur;
1877 3875 2059 3930 neque

472 3967 604 4006 vero
633 3951 962 4022 principium
995 3961 1079 4008 cst
1107 3951 1402 4021 ejusmodi,
1435 3956 1595 4019 quale
1633 3963 1716 4008 est
1743 3955 1887 4024 quod
1913 3957 2060 4009 exsi-

473 4043 570 4098 stit
611 4058 735 4096 cum
794 4042 1040 4098 nondum
1076 4044 1378 4098 cxsistcntc
1408 4051 1812 4115 comparatum.
1849 4044 2060 4114 Quippe

473 4153 584 4191 non
616 4151 684 4191 ex
721 4135 894 4190 nihilo
925 4136 1140 4204 genitus
1171 4144 1254 4190 est
1299 4135 1472 4192 Filius
1494 4177 1508 4202 ,
1561 4151 1738 4204 neque
1772 4152 1879 4190 non
1909 4137 2057 4190 exsi-

474 4238 626 4284 stens
657 4235 761 4294 est,
799 4227 889 4297 qui
923 4227 1134 4298 genuit,
1171 4230 1254 4282 vel
1280 4229 1372 4298 qui
1402 4230 1470 4284 ab
1507 4231 1625 4299 ipso
1655 4229 1907 4298 procedit
1936 4227 2061 4296 Spi-

472 4321 615 4374 ritus
650 4333 907 4384 sanctus;
943 4328 1264 4374 cmterorum
1299 4335 1429 4375 vero
1462 4335 1632 4374 causa
1667 4329 1752 4374 cst
1787 4321 2059 4373 exsistens

473 4413 676 4483 ipsum.
737 4411 1080 4482 Quapropter
1138 4421 1328 4480 suapte
1390 4413 1562 4483 gloria
1630 4427 1694 4464 ac
1769 4411 2060 4481 splendore

472 4505 697 4575 praedita
744 4521 960 4574 semper
987 4513 1070 4559 est.
1109 4516 1463 4560 sacrosancta
1504 4505 1767 4566 Trinitas,
1825 4519 1948 4572 quae
1979 4505 2060 4558 di-

475 4599 700 4668 gnitatis
741 4613 854 4651 sum
889 4597 1242 4666 appellationi
1285 4601 1482 4666 cuique
1521 4604 1888 4652 consentanec
1918 4611 2062 4650 sem-

476 4707 574 4760 per
601 4691 840 4746 exsisnt.
873 4689 1004 4742 Nam
1035 4705 1128 4760 per
1161 4690 1360 4760 ipsam,
1393 4697 1577 4745 etnon
1608 4699 1785 4754 extra,
1821 4705 1946 4758 qum
1981 4689 2061 4740 fa-

473 4794 563 4839 cta
598 4793 746 4842 sunt.
777 4801 902 4838 cum
939 4799 1046 4837 non
1083 4792 1290 4846 essent,
1326 4785 1593 4854 producta
1623 4793 1770 4838 sunt.
1807 4782 1935 4837 Ideo
1963 4797 2060 4834 ne-

475 4889 583 4945 que
640 4875 790 4929 solus
832 4889 926 4944 per
971 4890 1094 4929 sese
1141 4873 1300 4932 Pater
1349 4889 1516 4928 causa
1571 4883 1654 4928 est
1711 4872 2058 4926 conditarum

475 4981 696 5032 rerum,
752 4965 847 5021 sed
884 4967 1065 5030 Pater,
1111 4974 1164 5018 et
1209 4965 1380 5021 Filius
1407 5005 1420 5028 ,
1458 4973 1512 5020 et
1565 4965 1805 5036 Spiritus
1835 4971 2062 5018 sanctus

477 5059 783 5128 procreavit
812 5057 1016 5112 omnia.
1049 5057 1205 5122 Quod
1237 5057 1284 5112 si
1324 5059 1537 5112 alienus
1563 5065 1711 5112 esset
1745 5055 1938 5118 Filius,
1978 5063 2060 5108 at-

477 5165 586 5219 que
633 5165 662 5201 a
712 5149 982 5219 principio
1017 5165 1117 5204 suo
1161 5147 1404 5204 nondum
1466 5150 1740 5204 cxsistens
1793 5147 2060 5216 originem

483 5243 798 5307 habuisset,
847 5257 971 5295 cum
1005 5243 1221 5296 caeteris
1269 5243 1527 5296 omnibus
1569 5243 1636 5295 ab
1665 5257 1729 5296 eo
1779 5239 2060 5310 profectus

479 5335 705 5403 {aqualis
747 5344 892 5390 esset
937 5335 1234 5390 omnibus:
1270 5335 1415 5390 unde
1460 5344 1514 5390 et
1557 5333 1701 5388 Deus
1747 5348 1854 5385 non
1901 5347 2066 5402 gcnc-

479 5427 675 5492 rando,
708 5426 803 5482 sed
836 5429 1174 5497 procreanda
1211 5427 1542 5498 principium
1581 5425 1894 5484 haberetur,
1921 5423 2068 5476 fieri-

480 5537 586 5590 quc
617 5537 722 5576 non
757 5530 943 5577 nosset
972 5522 1227 5592 amplius,
1261 5529 1320 5575 ut
1346 5535 1489 5576 unus
1514 5520 1752 5590 genitus,
1780 5535 1845 5572 ac
1873 5515 2062 5582 Filius,

477 5622 674 5668 thtera
701 5629 832 5668 vero
865 5625 1132 5670 creaturae
1156 5615 1498 5679 dicerentur;
1521 5613 1618 5668 sed
1649 5614 1730 5668 vcl
1759 5611 1944 5666 omnia
1969 5627 2064 5680 ge-

581 5729 594 5756 ¹
622 5725 812 5782 nam“
853 5745 980 5796 ΠΗ»
1016 5729 1066 5785 5-
1140 5731 1158 5760 ²
1196 5728 1354 5784 Rom.
1385 5744 1462 5795 ιι,
1497 5729 1587 5784 5'5.
1660 5727 1679 5758 ³
1734 5725 1792 5780 F.
1823 5723 2032 5796 τῴτὸν.

2529 3021 2927 3076 ΚΕΦᾹΛΑΙΟΝ
2959 3021 2998 3072 A
3010 3019 3214 3074 ΕΤΙΟΥ
3245 3019 3370 3074 ΚΡ.

2231 3115 2294 3170 Ei
2328 3115 2426 3185 τῆς
2457 3115 2754 3184 γενομένης
2783 3116 2814 3184 ἡ
2856 3115 3148 3185 ἀγέννητος
3182 3113 3342 3183 φύσις
3381 3115 3530 3168 ἐστὶν
3573 3116 3744 3178 αἰτία,

2157 3207 2220 3261 τὸ
2251 3207 2305 3260 δὲ
2337 3207 2630 3278 ἀγέννητον
2681 3207 2846 3278 μηδὲν
2895 3207 3001 3276 εἴη,
3043 3207 3158 3268 πῶς
3214 3205 3279 3259 ἂν
3328 3207 3412 3277 εἴη
3465 3208 3634 3260 αἴτιον
3684 3205 3745 3262 τδ

2163 3299 2328 3370 μηδὲν
2357 3299 2450 3352 τοῦ
2485 3298 2767 3368 γεγονότος
2782 3317 2796 3366 ;

2717 3505 2988 3568 Ανατροπ
3001 3501 3032 3569 ἡ
3064 3503 3198 3556 Kl".

2239 3594 2392 3644 Ἐστι
2429 3593 2526 3664 μὲν
2557 3589 2652 3648 οῦν
2681 3595 2802 3646 καθ’
2843 3595 3036 3666 ἑτέραν
3080 3595 3340 3658 διάνοιαν,
3374 3596 3489 3649 ἀλλ’
3515 3597 3576 3650 οῦ
3609 3598 3750 3650 κατὰ.

2161 3687 2261 3756 τὴν
2297 3687 2417 3758 ἴσην
2445 3689 2576 3758 πρὸς
2634 3689 2812 3742 πάντα
2951 3688 3244 3758 ἀγέννητος
3289 3687 3473 3758 φύσις,
3519 3690 3654 3760 πρὸς
3689 3689 3750 3741 τὸ

2165 3781 2451 3848 μονογενὲς
2501 3783 2774 3852 γέννημα,
2829 3781 2922 3834 καὶ
2969 3781 3104 3852 πρὸς
3147 3781 3208 3832 τὸ
3263 3779 3322 3845 ἐξ
3371 3781 3544 3850 αὐτῆς
3597 3781 3752 3849 ἅγιον

2163 3869 2418 3938 Π-νεῦμα·
2458 3872 2556 3924 οὐκ
2591 3871 2761 3923 αἴτιον
2793 3870 2872 3934 δὲ,
2908 3870 2984 3932 ὡς
3027 3871 3086 3923 τὺ
3133 3871 3378 3940 ὑπάρχον
3413 3872 3548 3942 πρὸς
3585 3871 3644 3924 τὸ
3677 3873 3750 3943 μὴ

2161 3959 2240 4012 ὅν.
2277 3961 2432 4012 Ἔστι
2461 3961 2569 4032 γὰρ
2613 3961 2712 4014 οὐκ
2753 3959 2810 4024 ἐξ
2851 3961 2951 4014 οὐκ
2991 3960 3159 4014 ὄντων
3209 3962 3238 4013 6
3279 3961 3582 4030 γεννηθεὶς,
3631 3962 3751 4015 οὐδὲ

2166 4051 2240 4122 μὴ
2275 4050 2349 4103 ὢν
2389 4053 2534 4104 ἐστιν
2588 4053 2616 4103 ὁ
2660 4053 2946 4122 γεννήσας,
2998 4053 3120 4106 οὐδὲ
3167 4053 3226 4106 τὸ
3275 4052 3334 4116 ἐξ
3385 4053 3549 4106 αὑτοῦ
3601 4054 3752 4122 ἅγιον

2163 4143 2416 4212 Πνεῦμα·
2457 4144 2566 4196 τῶν
2595 4143 2650 4196 δὲ
2689 4143 2864 4198 ἄλλων
2903 4143 3050 4196 ἐστὶν
3097 4146 3266 4197 αἴτιον
3297 4145 3358 4197 τὸ
3385 4144 3464 4197 6v.
3511 4146 3602 4197 Διὸ
3625 4145 3754 4198 σύν-

2163 4251 2278 4286 εστι
2331 4238 2397 4306 τῇ
2434 4235 2538 4305 ἰδίᾳ
2561 4235 2646 4288 ἀεὶ
2678 4235 2804 4306 δόξῃ
2841 4238 2872 4305 ὴ
2904 4237 3035 4304 ἁγία
3079 4235 3268 4308 Τριὰῇ
3309 4237 3396 4290 ἀεὶ
3447 4233 3580 4290 οὖσα
3624 4239 3754 4290 ἁνα-

2163 4327 2336 4395 λόγως
2367 4327 2583 4397 ἑκάστῳ
2615 4327 2838 4398 ὀνόματι
2867 4327 2958 4381 τοῦ
2987 4329 3156 4399 αὐτῆς
3183 4329 3511 4400 ἀξιώματος.
3537 4331 3615 4382 Δι’
3651 4330 3752 4381 αὺ-

2163 4417 2263 4486 τῆς
2285 4417 2416 4488 γὰρ,
2453 4419 2548 4470 καὶ
2592 4419 2692 4471 οὐκ
2733 4419 2909 4484 ἐκτὸς,
2939 4419 3009 4471 τὰ
3039 4421 3299 4488 γεγονότα
3333 4421 3618 4490 γεγόνασιν
3653 4421 3754 4474 οὐκ

2165 4509 2311 4562 ὄντα.
2343 4509 2541 4580 Διόπερ
2570 4509 2689 4564 οὐδὲ
2733 4511 2854 4563 καθ’
2893 4513 3084 4565 ἑαυτὸν
3128 4515 3155 4564 6
3207 4513 3396 4583 Πατὴρ
3428 4513 3596 4575 αἴτιος
3645 4513 3754 4564 τῶν

2167 4603 2466 4672 γεγονότων
2495 4603 2664 4670 ἐστὶν,
2713 4603 2847 4657 ἀλλὰ
2895 4605 3104 4676 Πατὴρ,
3136 4605 3230 4657 καὶ
3285 4605 3435 4669 Υἱὸς,
3471 4607 3565 4658 καὶ
3599 4605 3755 4673 ἅγιον

2169 4693 2401 4764 Ηνεῦμα
2447 4694 2670 4764 ἐποίησε
2725 4699 2794 4748 τὰ
2834 4695 3030 4750 πάντα.
3087 4698 3148 4748 Εἰ
3195 4695 3252 4748 δὲ
3299 4693 3368 4768 ἦν
3412 4695 3690 4767 ἀλλότριος
3727 4698 3758 4748 6

2171 4787 2421 4858 Tibg,_tb;
2449 4787 2556 4840 ἀπὸ
2578 4787 2746 4840 αἰτίου
2779 4788 2878 4842 οὐκ
2911 4787 3006 4852 ὢν,
3043 4788 3320 4858 προελθὼν
3350 4789 3416 4842 ἂν
3453 4791 3591 4860 μετὰ
3621 4791 3756 4844 πάν-

2168 4897 2298 4944 των,
2329 4881 2422 4934 καὶ
2451 4880 2612 4943 αὐτὸς
2650 4879 2762 4944 [σος
2799 4881 3035 4948 ἐγένετο.
3090 4881 3201 4934 Καὶ
3246 4881 3418 4945 αἴτιος
3450 4877 3518 4954 ἦν
3554 4885 3582 4934 6
3625 4882 3758 4944 Θεὸς

2167 4973 2351 5026 οὐκέτι
2393 4971 2728 5042 γεννητικῶς
2778 4971 3055 5042 ἀχθέντος,
3106 4973 3242 5026 ἀλλὰ
3295 4973 3622 5036 κτιστικῶς·
3665 4977 3760 5026 καὶ

2167 5063 2350 5117 οὐκέτι
2407 5063 2680 5133 ἐνεδέχετο
2731 5062 2822 5115 τὸν
2877 5063 2972 5115 ἕνα
3031 5063 3286 5132 λέγεσθαι
3351 5065 3596 5135 γέννημα
3623 5101 3639 5128 ,
3691 5066 3760 5116 τὰ

2170 5156 2212 5208 δ’
2242 5155 2378 5209 ἄλλα
2417 5157 2710 5226 κτίσματα,
2743 5155 2856 5209 ἀλλ’
2889 5157 2921 5226 ἧ
2951 5157 3019 5210 τὰ
3049 5157 3228 5210 πάντα
3260 5158 3354 5210 σὺν
3389 5157 3538 5226 αὐτῷ
3562 5159 3758 5228 γεννή-

2176 5264 2320 5316 ματα
2349 5247 2622 5314 λέγεσοαι,
2714 5245 2876 5299 αὑτὸν
2901 5249 2996 5300 σὺν
3024 5249 3158 5300 πᾶσι
3196 5249 3401 5319 κτίσμα
3429 5249 3631 5318 ὁμοίως
3665 5267 3764 5300 κατ

2173 5337 2410 5392 λεῖσθαι’
2455 5341 2548 5393 καὶ
2591 5339 2742 5392 οὐδὲν
2787 5335 2855 5410 ἦν
2911 5339 3208 5411 ἐξαίρετον,
3265 5339 3617 5410 ἐξισουμένου
3665 5341 3764 5394 τοῦ

2173 5431 2291 5494 ἐνὸς
2317 5432 2428 5494 τοῖς
2469 5434 2604 5484 πᾶσι
2650 5431 2791 5484 κατὰ
2820 5432 2879 5484 τὺ
2917 5433 3080 5504 μέρος
3125 5433 3186 5485 τὸ
3230 5433 3288 5496 ἐξ
3329 5433 3428 5485 οῦκ
3459 5432 3658 5486 ὄντων·
3701 5435 3762 5486 οὐ

2177 5521 2336 5592 μόνον
2357 5523 2565 5594 εἴποιμι
2590 5524 2875 5592 ἀγγέλους,
2913 5523 2988 5592 τῷ
3017 5523 3194 5577 αὐτῶν
3220 5523 3274 5575 δὲ
3301 5526 3496 5594 ποιητῇ
3525 5525 3618 5576 καὶ
3647 5524 3764 5576 κτί-

2179 5629 2277 5683 στῃ
2311 5617 2607 5684 μονογενεῖ,
2641 5615 2774 5669 ἀλλὰ
2811 5618 2904 5669 καὶ
2936 5614 3278 5686 ἀνθρώπους,
3310 5617 3404 5669 καὶ
3449 5618 3640 5689 κτήνη,
3668 5615 3762 5669 καὶ
