4134 6392
850 128 1353 166 Ἃ

397 349 505 409 605
1001 352 1750 429 ADVERSUSHERESES
1786 352 1916 413 LIB.
1959 355 2047 412 Ill.
2087 357 2254 417 TOM.
2295 359 2719 419 L—HIERES.
2760 346 2994 416 LXXVI.
3562 350 3668 410 606

396 472 498 526 ὅσα
528 471 975 544 ἀπειρομεγέθως
1025 473 1244 527 ἀποδὲει
1271 474 1372 545 τῆς
1399 473 1610 527 ἐκείνου
1640 472 1855 543 φύσεως
1890 474 1970 528 καί

2090 477 2192 532 ιιίιί
2231 479 2454 535 nomine
2493 467 2931 541 continer‘entur,
2973 475 3061 531 vel
3094 472 3266 529 Filius
3299 473 3417 541 ipse
3442 469 3670 540 perinde

394 563 726 634 ἀξιώματος.
758 565 946 619 Ἔστιν
971 567 1000 619 ὁ
1030 564 1108 618 ὢν
1134 566 1231 619 σὺν
1264 565 1345 636 τῷ
1369 565 1486 620 ὄντι
1525 565 1587 631 ἐξ
1623 566 1789 621 αὐτοῦ
1817 566 1970 638 ἀχρό-

2086 582 2151 624 ac
2183 576 2379 624 caetera
2413 576 2663 624 creatura
2703 568 2983 623 diceretur
3012 581 3025 617 :
3062 579 3242 635 neque
3274 562 3572 633 quidquam
3611 562 3669 614 in

392 672 499 721 νως
522 655 693 721 ὅντως
715 659 1132 729 γεγεννημένος,
1164 659 1266 712 οὐκ
1309 659 1368 724 ἐξ
1410 660 1509 712 οὐκ
1539 658 1738 722 ὄντων,
1772 659 1888 713 ἀλλ’
1925 658 1970 722 ἐξ

2075 670 2151 717 'co
2167 648 2317 717 esset
2334 661 2617 726 eximium,
2639 675 2766 714 cum
2802 659 2907 713 hac
2946 672 3012 712 ex
3042 664 3220 728 parte,
3238 655 3383 724 quod
3406 668 3472 708 ex
3495 651 3672 706 nihilo

393 747 561 803 αὑτοῦ
582 766 597 779 ·
626 749 720 803 καὶ
745 749 947 804 ἔστιτὸ
971 750 1126 819 ἀγιον
1156 750 1324 805 αὐτοῦ
1350 750 1599 822 Πνεῦμα,
1629 751 1690 804 τὸ
1709 751 1810 804 οὐκ
1834 752 1970 806 ἀλλό

2085 754 2389 824 productus
2426 750 2566 806 foret
2591 791 2608 816 ,
2642 767 2787 805 unus
2824 750 2916 804 ille
2944 763 3070 805 cum
3101 747 3316 803 caeteris
3347 744 3671 814 adaequare-

390 856 544 911 τριον
573 840 675 911 τῆς
699 841 864 896 αὑτοῦ
906 842 1115 907 οὐσίας,
1158 841 1281 895 οὐδὲ
1313 842 1390 905 ὠς
1422 843 1517 896 ἐπὶ
1560 840 1804 914 βοηθείᾳ,
1844 842 1970 896 κατά

2087 850 2176 895 tur
2202 838 2460 893 omnibus
2488 854 2503 890 :
2537 838 2674 893 adeo
2703 845 2763 892 ut
2798 853 2908 891 non
2933 837 3099 892 modo
3124 836 3449 905 angelicum
3477 832 3669 887 condi-

389 932 482 986 τὸν
520 933 725 987 ’Δετίου
750 933 928 1003 λόγον,
951 933 1072 1005 Θεῷ
1104 933 1675 1007 προσπεπορισμὲνον.

2088 939 2206 986 tore
2245 943 2311 982 ac
2347 936 2600 983 creatore
2636 942 2741 982 suo
2774 927 2939 982 unico
2965 925 3060 981 Dei
3096 923 3258 990 Filio,
3284 927 3378 981 sed
3405 933 3461 981 et
3494 924 3670 978 bomio

392 1044 492 1085 nes
520 1038 577 1085 et
606 1030 844 1099 pecudes
890 1029 1271 1100 adatquentur,
1302 1045 1369 1084 ac
1400 1037 1600 1085 caetera
1623 1069 1641 1095 ,
1674 1045 1797 1100 quas
1861 1030 1949 1083 ab
1996 1026 2146 1081 illius
2174 1031 2386 1083 natura
2430 1038 2495 1077 ac
2522 1022 2789 1092 dignitate
2835 1020 3050 1077 inﬁnito
3088 1020 3375 1075 intervallo
3439 1017 3668 1073 distant.

392 1116 561 1190 Igitur
581 1118 756 1175 Filius
777 1118 1053 1177 exsistens
1085 1134 1211 1176 cum
1274 1121 1577 1177 exsistente
1632 1119 1793 1177 Patre
1814 1128 2057 1176 aeternus
2095 1124 2183 1173 est
2205 1157 2223 1185 ,
2262 1116 2330 1171 ab
2356 1130 2532 1186 eoque
2564 1115 2686 1169 sine
2722 1120 3004 1183 tempore,
3034 1127 3145 1167 non
3175 1127 3207 1168 e
3232 1111 3432 1176 nihilo,
3478 1106 3573 1165 sed
3599 1122 3669 1161 ex

393 1214 515 1284 ipso
559 1228 748 1270 revera
782 1215 1018 1285 genitus,
1069 1222 1262 1287 estque
1300 1215 1540 1286 Spiritus
1587 1216 1708 1286 ejus
1748 1224 1974 1273 sanctus
2049 1214 2120 1271 ab
2168 1213 2316 1268 illius
2368 1219 2568 1267 natura
2617 1224 2724 1265 non
2771 1209 3019 1275 alienus;
3070 1223 3250 1279 neque
3295 1207 3446 1263 velut
3506 1204 3668 1275 adju-

391 1307 563 1364 menti
614 1308 812 1379 gratia,
869 1316 933 1364 ut
978 1309 1172 1367 Aetius
1224 1310 1541 1376 existimat,
1587 1327 1619 1367 a
1665 1310 1778 1367 Deo
1837 1316 2213 1381 comparatus.

752 1425 1154 1481 ΚΕΦΑΛΑΙΟΝ
1197 1427 1455 1482 ΑΕΤῙΟΥ
1488 1428 1616 1482 KA'.

462 1513 528 1568 El
567 1514 629 1567 τὸ
677 1515 972 1587 ἀγέννητον
1010 1518 1286 1590 στέρησις,
1333 1521 1367 1591 ἡ
1415 1519 1472 1574 δὲ
1514 1520 1770 1593 στέρησις
1817 1520 1985 1588 ἕξεως

390 1604 632 1679 ἀποϐολή
666 1609 834 1671 ἐστιν,
862 1610 895 1680 ἠ
928 1609 985 1663 δὲ
1013 1610 1252 1682 ἀποϐολὴ
1286 1611 1566 1678 παντελῶς
1603 1613 1918 1679 ἀπόλλυται,
1943 1613 1979 1686 ἢ

393 1694 714 1765 μεθίσταται
762 1698 848 1770 ἐφ’
895 1698 1115 1771 ἕτερον’
1156 1699 1274 1766 πῶς
1320 1696 1432 1755 οἷόν
1472 1720 1531 1755 τε
1570 1702 1680 1768 ἕξει
1720 1704 1980 1775 μεθιστα-

2538 1414 2721 1470 ΑΕΤΙΙ
2758 1412 2992 1471 CAPUT
3028 1411 3221 1469 XXIV.

2100 1528 2105 1533 ’
2158 1507 2215 1565 Si
2263 1509 2563 1580 ingenitum
2600 1507 2835 1580 privatio
2871 1507 3126 1577 quaedam
3166 1514 3252 1563 est
3297 1521 3312 1558 :
3364 1513 3446 1562 est
3486 1512 3668 1558 autem

2082 1601 2319 1672 privatio
2359 1601 2667 1656 all'ectionis
2699 1602 2965 1665 amissio;
3003 1600 3232 1657 amissio
3258 1613 3423 1671 porro
3452 1597 3671 1669 penitus

2082 1709 2114 1749 e
2150 1692 2331 1748 medio
2363 1694 2593 1757 tollitur,
2625 1705 2720 1746 aut
2751 1695 2806 1749 in
2843 1694 3075 1749 alterum
3108 1700 3502 1756 commutatur,
3532 1704 3672 1760 quo-

394 1787 551 1861 μένῃ.
577 1788 611 1861 ἢ
638 1789 1006 1864 ἀπολλυμένῃ,
1041 1792 1509 1864 κατονομάζεσθαι
1539 1794 1637 1867 τὴν
1669 1796 1857 1850 οὐσίαν
1885 1795 1970 1851 τοῦ

2084 1801 2209 1840 nam
2259 1794 2420 1858 pacto
2451 1786 2739 1844 all'ectione
2776 1789 2868 1842 illa
2909 1797 3228 1844 transeunte
3260 1795 3354 1840 aut
3384 1790 3666 1854 pereunte,

389 1879 524 1934 Θεοῦ
547 1883 829 1956 ἀγεννήτῳ
852 1887 1231 1958 προσηγορίᾷῖ

944 2084 1273 2156 Ἆνατροπὴ
1300 2089 1428 2141 KA'.

458 2170 523 2225 El
567 2171 676 2227 ἀπὸ
727 2174 822 2228 σοῦ
868 2174 963 2228 καὶ
1013 2175 1194 2248 δεῦρο,
1228 2179 1488 2252 Ἀέτιε,ή
1534 2180 1662 2251 περὶ
1688 2180 1824 2234 Θεοῦ
1851 2180 1979 2246 δόξα

384 2264 495 2318 ἀπὸ
520 2265 628 2321 τῶν
660 2265 767 2319 σῶν
797 2267 1173 2340 συλλογισμῶν
1198 2271 1274 2334 είς
1302 2270 1458 2336 δόξαν
1483 2272 1602 2343 Θεῷ
1628 2273 1975 2344 πεπόρισται,

384 2358 530 2412 κατὰ
553 2356 680 2423 τοὺς
704 2359 965 2415 ἀνωτάτω
999 2362 1105 2414 ὑπὸ
1158 2362 1252 2416 σοῦ
1294 2362 1589 2433 λεχθέντας
1635 2364 1848 2433 λόγους,
1882 2366 1979 2420 καὶ

384 2450 547 2516 αὐτὸς
596 2450 733 2523 πρὸς
789 2451 851 2505 at
915 2453 1368 2525 ἀποτεινόμενος,
1424 2456 1834 2529 συγχωροῦντος
1880 2458 1976 2512 τοῦ

382 2541 542 2608 Θεοῦ,
572 2542 642 2596 τά
672 2542 762 2596 ἴσα
794 2561 876 2597 σοι
906 2544 1002 2598 καὶ
1044 2546 1207 2610 αὐτὸς
1248 2547 1724 2620 προσφθέγξομαι·
1760 2550 1842 2602 ὄτι
1873 2568 1978 2623 μη-

379 2635 529 2701 δενὸς
553 2634 663 2689 τῶν
691 2636 934 2691 παλαιῶν
962 2636 1020 2691 ἐν
1056 2656 1117 2694 τι
1156 2641 1224 2711 τῇ
1270 2639 1486 2713 Παλαιᾷ
1524 2642 1771 2715 suam
1797 2644 1892 2698 καὶ
1917 2645 1975 2698 ὲν

381 2731 450 2800 τῇ
488 2730 663 2802 Καινῇ
712 2730 883 2800 ἁγίων
917 2731 1232 2786 ἀποστόλων
1281 2733 1314 2806 ἢ
1347 2735 1645 2807 προφητῶν
1675 2736 1835 2792 τοῦτο
1874 2755 1975 2791 πε-

383 2821 752 2893 φρονηκότων.
784 2821 1049 2893 ἀμείνονά
1079 2839 1138 2876 σε
1188 2823 1351 2877 αὐτὸν
1389 2825 1653 2897 καθιστᾷς
1687 2828 1781 2879 καὶ¹
1808 2826 1976 2882 αὑτοῦ

379 2911 475 2965 τοῦ
509 2910 645 2966 Θεοῦ
676 2913 772 2967 καὶ
793 2912 1033 2985 ἀσφαλῆ.
1064 2913 1201 2967 ’Λπὸ
1230 2913 1339 2986 γὰρ
1365 2915 1459 2969 σοῦ
1501 2918 1597 2970 καὶ
1621 2917 1780 2991 δεῦρο
1804 2936 1976 2989 προσ-

2084 1878 2187 1933 hoc
2214 1887 2300 1935 est
2335 1879 2561 1950 ingeniti
2596 1880 2982 1952 appellatione,
3011 1879 3106 1936 Dei
3132 1879 3444 1936 substantia
3474 1891 3672 1948 cogno-

2082 1969 2422 2024 minabitur?

2482 2084 2644 2155 971
2687 2084 3001 2151 Confulatio
3040 2083 3179 2139 XXI
3197 2083 3257 2139 V.

2154 2172 2213 2228 Si
2249 2191 2395 2230 nunc
2430 2178 2664 2246 primum
2693 2194 2723 2233 a
2755 2186 2808 2234 te
2837 2188 2893 2234 et
2920 2194 2950 2232 a
2983 2177 3117 2237 tuis.
3152 2177 3296 2243 Acti,
3330 2176 3669 2247 temporibus

2081 2275 2226 2321 certa
2279 2267 2347 2322 de
2393 2266 2506 2325 Deo
2559 2269 2748 2340 opinio
2810 2271 2921 2326 tuis
2959 2286 3027 2325 ex
3081 2269 3418 2341 syllogismis
3465 2276 3551 2323 est
3600 2268 3669 2323 ad

2080 2358 2324 2429 ejusdem
2364 2359 2593 2430 gloriam
2626 2360 3003 2444 honoremque
3032 2361 3376 2431 deprompta,
3405 2359 3670 2431 quemad-

2080 2451 2303 2507 modum
2332 2461 2491 2510 antea
2522 2453 2810 2524 professus
2841 2470 2926 2520 es,
2957 2470 3059 2527 ego
3089 2470 3243 2521 vero,
3267 2453 3359 2525 qui
3403 2453 3669 2509 adversus

2080 2553 2156 2610 te,
2202 2545 2314 2601 Deo
2343 2546 2668 2616 opitulante,
2714 2546 2961 2617 disputo,
2997 2547 3210 2615 eadem,
3245 2561 3367 2618 quae
3414 2558 3470 2601 tu
3505 2545 3666 2609 dicis,

2078 2653 2351 2710 usurpare
2391 2647 2629 2710 potero:
2678 2656 2805 2696 cum
2854 2641 3211 2712 antiquorum
3256 2655 3418 2697 nemo
3451 2648 3563 2693 tam
3611 2639 3670 2694 in

2082 2731 2299 2800 Vetere,
2324 2747 2489 2802 quam
2514 2733 2571 2789 in
2600 2732 2754 2790 NoVo
2790 2733 3165 2800 Testamento,
3204 2732 3321 2791 sive
3351 2748 3418 2789 ex
3445 2740 3677 2806 apostos

2078 2821 2169 2901 lis,
2198 2821 2315 2878 sive
2341 2838 2407 2877 ex
2431 2825 2716 2895 prophetis
2743 2826 2819 2881 ita
2854 2827 3113 2893 senserit,
3138 2834 3234 2880 tuo
3265 2833 3319 2881 te
3343 2824 3557 2894 judicio
3585 2825 3668 2879 vel

2079 2913 2199 2985 ipso
2245 2913 2356 2971 Deo
2399 2919 2837 2988 praestantiorem
2879 2933 3032 2983 esse,
3077 2926 3134 2975 et
3180 2918 3251 2974 ab
3295 2933 3484 2974 errore
3516 2917 3667 2973 omni

377 3004 542 3059 έλαϐε
568 3004 631 3059 τὸ
651 3003 826 3070 Θεῖον,
851 3005 927 3069 ὡς
954 3005 1095 3060 κατά
1117 3005 1209 3059 τὸν
1249 3007 1341 3060 σὸν
1377 3007 1555 3077 λόγον,
1583 3010 1662 3073 είς
1683 3009 1782 3081 τὴν
1811 3011 1970 3065 αὐτοῦ

2080 3015 2373 3062 remotum.
2425 3007 2640 3064 Etenim
2670 3010 2769 3066 abs
2800 3019 2853 3066 te
2891 3012 3160 3082 primum,
3209 3020 3263 3066 et
3292 3028 3356 3067 ex
3402 3010 3506 3066 hoc
3538 3018 3671 3064 tem-

378 3096 563 3152 πίστιν
605 3096 705 3171 τὴν
755 3097 1166 3170 συλλογιστικὴν
1223 3098 1427 3170 ταύτην
1477 3117 1570 3153 σου
1597 3101 1694 3173 τὴν
1731 3102 1970 3173 τεχνολο-

2080 3113 2213 3169 pore
2237 3096 2480 3165 Deus,ut
2507 3115 2759 3156 asserere
2773 3101 2999 3168 videris,
3022 3108 3176 3156 tuum
3207 3100 3340 3157 illud
3368 3101 3670 3157 dialecticae

377 3187 526 3258 γίαν,
570 3187 633 3242 τὸ
679 3188 810 3259 περὶ
850 3187 1150 3260 ἀγεννήτου
1183 3187 1362 3257 λέγειν
1407 3191 1736 3261 στερήσεως,
1769 3194 1864 3246 καὶ
1911 3193 1970 3246 τὸ

2077 3190 2400 3267 subtilitatis
2431 3192 2746 3260 artilicium,
2779 3193 2930 3249 velut
2955 3193 3248 3264 quamdam
3282 3193 3404 3249 ﬁdei
3436 3208 3549 3271 sua:
3580 3208 3667 3248 ac-

376 3280 663 3355 ·ίεννητοῦ,
697 3283 793 3336 καὶ
834 3281 1115 3346 παντελῶς
1152 3281 1425 3354 ἀποϐολῆς
1453 3283 1620 3350 ἕξεως
1664 3286 1760 3338 καὶ
1807 3303 1975 3357 μετα-

376 3374 560 3448 ϐολῆς,
594 3375 687 3430 καὶ
729 3377 859 3447 περὶ
902 3374 1033 3429 Θεὸν
1077 3376 1480 3447 κατονομασίας
1517 3377 1576 3429 ὲν
1601 3380 1668 3450 τῇ
1704 3379 1848 3432 κατὰ
1880 3380 1972 3434 τὸν

375 3468 510 3523 Θεὸν
540 3467 729 3532 οὐσίας
767 3466 1132 3541 προσηγορίᾳ.
1160 3465 1297 3521 Οὔτε
1329 3468 1439 3541 γὰρ
1468 3468 1556 3523 διὰ
1600 3470 1660 3524 τὸ
1703 3471 1793 3524 τὸν
1839 3471 1971 3527 Θεὸν

374 3556 763 3617 εἶναιπάντων
791 3561 1016 3632 κτίστην
1062 3561 1174 3615 τῶν
1225 3562 1364 3633 μετά
1410 3562 1500 3616 τὸν
1542 3564 1822 3637 Μονογενῆ
1875 3567 1973 3620 αῦ-

375 3652 470 3707 τοῦ
486 3653 582 3707 καί
603 3651 666 3705 τὸ
688 3651 844 3722 ἅγιον
858 3652 1021 3706 αὐτοῦ
1053 3651 1301 3724 Πνεῦμα,
1323 3652 1411 3708 διὰ
1435 3654 1534 3724 τῆς
1555 3653 1662 3708 τῶν
1689 3657 1975 3728 κεκτισμέ-

376 3761 483 3798 νων
504 3744 818 3808 συστάσεως
843 3743 905 3797 τὸ
933 3743 1256 3816 στερητικὸν
1277 3744 1551 3817 ὲφευρέθη
1578 3745 1687 3800 τῶν
1709 3748 1770 3800 οὐ
1803 3763 1972 3819 προσ-

373 3835 542 3890 όντων
569 3835 710 3907 Θεῷ,
735 3837 770 3908 ἢ
799 3835 862 3890 τὸ
882 3836 1273 3909 ὁμολογητικὸν
1299 3836 1407 3892 τῶν
1435 3836 1605 3892 ὄντων
1630 3839 1779 3911 αὐτῷ
1808 3857 1974 3913 προσ-

374 3927 647 4000 είληπται,
693 3927 782 3981 ἵνα
827 3927 890 3981 τὸ
937 3927 1232 3999 μετέπειτα
1262 3928 1482 3983 κτισθὲν
1511 3928 1572 3984 τὸ
1599 3929 1823 4002 ἄμεινον
1852 3932 1971 4005 Θεῷ

374 4019 686 4092 προσφέρῃ,
739 4019 833 4075 καὶ
863 4020 1186 4091 ἀκραιφνὲς,
1213 4020 1303 4075 διὰ
1337 4021 1433 4075 τοῦ
1465 4022 1560 4076 ἀπ’
1586 4023 1798 4077 ἐκείνου
1833 4024 1972 4095 πρὸς

373 4112 549 4167 ταῦτα
575 4111 898 4186 στερητικοῦ
933 4114 1028 4167 καὶ
1055 4113 1434 4186 ἀμεταϐλήτου
1457 4116 1727 4171 ἐπινοοῖτο
1757 4118 1797 4171 ¹.
1828 4116 1968 4171 Ἀλλ’

375 4202 458 4257 ὅτι
488 4202 637 4255 ἐστὶν
679 4203 767 4256 ἀεὶ
805 4202 938 4256 αὐτὸ
980 4201 1042 4257 ὃν
1083 4203 1204 4257 ὅλον
1249 4203 1396 4271 δόξα,
1428 4207 1524 4259 καὶ
1555 4205 1675 4259 ὅλον
1705 4207 1970 4280 ἀπερίλη-

377 4308 511 4345 πτον
542 4290 648 4345 ὑπὸ
679 4292 894 4346 πάντων
914 4291 1025 4345 τῶν
1075 4293 1168 4347 ὑπ’
1196 4294 1363 4347 αὐτοῦ
1398 4296 1790 4367 κεκτισμένων,
1828 4298 1970 4354 κατὰ

371 4382 434 4436 τὸ
468 4385 667 4456 μέτρον
694 4382 806 4437 τῶν
834 4384 971 4458 πρὸς
999 4384 1099 4456 τὴν
1136 4384 1446 4455 δοξολογίαν
1479 4388 1966 4460 ὲπεκτεινομένων,

370 4473 816 4548 δοξολογούμενον
840 4476 973 4547 παρ’
997 4476 1250 4545 ἀγγέλοις
1279 4478 1379 4549 μὲν
1408 4478 1551 4533 κατὰ
1581 4479 1679 4551 τὴν
1715 4481 1967 4550 ἀγγέλων

370 4567 640 4635 γλῶσσαν,
670 4568 768 4641 τὴν
814 4568 967 4641 παρά
1008 4568 1088 4640 τῷ
1130 4568 1436 4642 Ἀποστόλῳ
1482 4573 1814 4645 προκριτέαν
1855 4573 1968 4625 τῶν

368 4660 673 4732 ἀνθρώπων
700 4660 1267 4732 καταγγελλομένην²,
1294 4661 1432 4716 κατὰ
1474 4662 1572 4735 τὴν
1614 4663 1725 4717 τῶν
1757 4662 1966 4737 ἀνθρώ-

368 4768 487 4806 πων
533 4750 785 4821 γλῶσσαν
813 4752 914 4825 τὴν
968 4751 1373 4823 ὑποϐεϐηκυῖαν
1395 4752 1472 4825 τῷ
1504 4753 1689 4825 μέτρῳ
1708 4754 1802 4807 καὶ
1827 4754 1968 4808 κατὰ

366 4844 467 4916 τὴν
488 4844 598 4899 τῶν
627 4845 707 4899 ἔτι
746 4843 1170 4916 ὑποϐεβηκότων
1214 4844 1462 4917 δύναμιν.
1520 4846 1632 4900 Καὶ
1658 4845 1719 4899 οὐ
1747 4846 1966 4909 πάντως

365 4937 426 4991 ὲν
453 4937 667 5009 ἑκάστῳ
691 4938 951 5008 κτίσματι
992 4938 1272 5006 ἀναλόγως
1311 4937 1656 5010 ὑποϐέϐηκεν
1686 4940 1719 5009 ἡ
1749 4936 1964 5003 δοξολο-

364 5028 482 5100 γία,
514 5030 549 5102 ἢ
582 5030 982 5102 μεταϐέϐληται
1002 5049 1017 5062 ο
1045 5030 1164 5084 ἀλλ’
1187 5029 1303 5084 ἔστι
1340 5030 1442 5102 μὲν
1474 5032 1532 5083 ὲν
1557 5032 1725 5103 ἑαυτῇ
1758 5031 1966 5102 ἀμετά-

364 5123 582 5195 ϐλητος,
616 5123 1011 5195 στερισκομένη
1034 5123 1056 5156 ³
1083 5125 1264 5195 πάσης
1296 5123 1526 5187 κτίσεως
1555 5123 1692 5195 πρὸς
1723 5123 1783 5176 τὸ
1809 5123 1966 5177 ἀπειο

1998 4521 2046 4579 D

2075 3282 2381 3339 cessionem
2417 3278 2639 3355 adjecit,
2692 3291 2884 3355 utputa
2923 3293 3095 3340 totam
3148 3285 3298 3339 illam
3331 3285 3679 3359 disputatio—_

2074 3387 2198 3427 nem
2227 3372 2294 3427 de
2318 3372 2544 3444 ingeniti
2576 3372 2904 3445 privatione,
2932 3375 3111 3446 deque
3139 3376 3345 3447 genito,
3403 3391 3468 3429 ac
3491 3375 3560 3430 de
3589 3374 3675 3455 af-_

2074 3464 2330 3522 lectionis
2357 3467 2654 3523 amissione
2681 3467 2944 3539 perfecta,
2978 3470 3094 3523 sive
3115 3457 3551 3547 commutatione
3597 3482 3664 3521 ac

2073 3556 2142 3612 de
2172 3558 2537 3629 appellatione
2568 3557 2685 3626 Dei,
2718 3574 2840 3629 qua:
2868 3561 3190 3615 substantia:
3238 3560 3413 3631 ipsius
3446 3561 3666 3639 tribui-

2074 3658 2184 3704 tur.
2217 3648 2426 3706 Etenim
2456 3668 2568 3707 non
2599 3652 2826 3719 idcirco,
2857 3654 3006 3723 quod
3056 3652 3202 3709 Deus
3230 3655 3479 3710 omnium
3543 3663 3668 3723 post

2075 3741 2298 3796 unicum
2348 3739 2548 3796 Filium
2614 3757 2680 3798 ac
2730 3741 2994 3813 Spiritum
3067 3755 3317 3800 sanctum
3351 3753 3669 3815 procreatur

2073 3830 2168 3897 sit,
2204 3846 2269 3887 ex
2305 3832 2657 3887 conditarum
2683 3848 2869 3888 rerum
2894 3834 3314 3902 constitutione,
3350 3843 3445 3889 aut
3471 3850 3664 3890 eorum

2074 3937 2195 3992 qua:
2219 3923 2422 3979 absunt
2451 3939 2483 3978 a
2507 3923 2637 3989 Deo,
2673 3925 2930 3994 privatio,
2960 3934 3057 3979 aut
3084 3938 3302 3992 eorum,
3324 3941 3447 3997 quze
3477 3927 3668 3981 insunt

2073 4016 2364 4073 aﬁirmatio
2414 4017 2517 4074 fuit
2549 4018 2834 4089 adjuncta,
2863 4019 3024 4089 quasi
3059 4018 3207 4088 quod
3244 4027 3436 4090 postea
3475 4019 3667 4075 condi-

2073 4117 2188 4163 tum
2231 4118 2318 4165 est
2366 4111 2718 4180 prazstantius
2764 4109 2877 4166 Deo
2921 4110 3226 4182 quidquam
3273 4109 3566 4173 conciliet,
3611 4118 3668 4164 et

2073 4213 2270 4270 purum
2320 4199 2598 4269 quidpiam
2663 4213 2728 4253 ac
2791 4198 3070 4254 sincerum
3109 4212 3175 4252 ex
3206 4211 3397 4252 earum
3438 4210 3665 4259 rerum,

2073 4291 2403 4361 quibuscum
2459 4289 2765 4356 confertur,
2834 4290 3166 4362 privatione,
3215 4300 3270 4345 et
3335 4288 3667 4344 immutabili

2072 4394 2218 4443 statu
2264 4385 2633 4456 excogitatum
2684 4383 2868 4440 fuerit.
2910 4381 3021 4439 Sed
3065 4383 3326 4438 nimirum
3371 4381 3428 4437 id
3472 4397 3537 4437 ex
3597 4396 3667 4436 co

2074 4477 2345 4545 manavit,
2400 4476 2548 4547 quod
2576 4476 2855 4533 exsistens
2894 4476 3013 4547 ipse
3045 4482 3194 4530 totus
3224 4474 3398 4545 gloria
3444 4481 3551 4536 est,
3599 4476 3664 4526 a'c

2071 4577 2221 4626 totus
2246 4567 2543 4640 ejusmodi,
2572 4576 2633 4622 ut
2660 4569 2730 4623 ab
2773 4569 2977 4623 creatis
3009 4567 3178 4622 rebus
3216 4565 3479 4621 omnibus
3518 4579 3666 4617 com-

2071 4662 2335 4734 prehendi
2370 4669 2644 4731 nequeat,
2678 4675 2800 4730 quae
2828 4674 2929 4729 pro
2962 4658 3187 4713 modulo
3216 4672 3321 4714 suo
3347 4654 3416 4709 ad
3447 4654 3568 4725 ejus
3602 4670 3664 4709 se

2072 4757 2515 4828 praedicationem
2537 4752 2851 4808 intendunt.
2874 4749 2980 4817 Qui
3004 4749 3223 4821 quidem
3257 4760 3317 4802 ut
3346 4747 3415 4802 ab
3443 4747 3653 4818 angelis

2072 4849 2294 4919 propria
2326 4847 2571 4916 ipsorum
2621 4843 2831 4914 lingua,
2859 4856 3025 4912 quam
3056 4840 3356 4911 Apostolus
3378 4838 3662 4893 hominum

2072 4939 2274 5010 linguis
2301 4934 2642 5007 anteponit‘,
2669 4934 2983 4989 celebratur
3026 4948 3091 4988 ac
3115 4932 3372 4987 laudibus
3391 4930 3619 4986 eﬂ'ertur
3645 4946 3660 5017 ξ

2072 5032 2145 5085 ita
2176 5036 2231 5085 et
2267 5030 2504 5083 humana
2550 5028 2735 5095 lingua
2763 5026 2983 5091 colitur,
3012 5040 3135 5096 quae
3161 5022 3442 5079 inferioris
3480 5023 3663 5092 digni-

2074 5125 2205 5184 tatis
2251 5129 2358 5185 est,
2406 5136 2471 5175 ac
2503 5120 2743 5190 denique
2792 5120 2957 5174 etiam
2995 5118 3064 5171 ab
3104 5116 3308 5171 inﬁmis
3354 5114 3663 5186 quibusque

367 5231 459 5283 ρον
489 5212 901 5269 ἐπεκτείνεσθαι
944 5217 1002 5270 ἐν
1049 5215 1347 5287 δοξολογίᾳ,
1393 5213 1831 5287 ὑπερϐαινούσης
1864 5216 1953 5270 ἀεὶ

2075 5216 2230 5271 rebus
2265 5230 2365 5285 pro
2391 5213 2602 5267 viribus
2623 5212 2893 5281 cujusque
2922 5209 3275 5278 prxdicatur.
3317 5205 3502 5276 Neque
3530 5221 3662 5261 vero

362 5305 542 5359 πάντα
570 5304 696 5359 νοῦν
720 5305 821 5376 τῆς
849 5307 1112 5361 ἀνωτάτω
1143 5307 1350 5371 οὐσίας,
1384 5309 1443 5361 οὐ
1473 5306 1561 5361 διὰ
1588 5306 1699 5360 τῶν
1726 5306 1958 5378 λεγομέ-

362 5415 471 5453 νων
494 5398 601 5452 ὑπὸ
636 5398 855 5453 πάντων
893 5398 1092 5466 ἐξεῖναι
1135 5400 1295 5472 αὐτῇ,
1324 5399 1357 5472 ἢ
1398 5398 1689 5471 τροπὴν,ἢ
1729 5399 1960 5470 μεταϐο-

362 5490 482 5563 λὴν,
514 5489 547 5560 ἢ
583 5489 865 5560 προκοπὴν
900 5491 1377 5562 περιποιουμένης.
1424 5491 1489 5544 Ἡ
1518 5490 1627 5561 γὰρ
1665 5490 1803 5561 αὐτὴ
1842 5489 1958 5542 θεό-

359 5600 460 5650 της
518 5582 755 5650 ἀμείνων
810 5583 967 5645 ἐστὶ,
1024 5584 1117 5635 καὶ
1171 5584 1540 5653 ἀσύγκριτος,
1599 5585 1694 5636 καὶ
1743 5580 1958 5647 δεδοξα-

362 5676 558 5746 σμένη.

2070 5310 2129 5363 in
2186 5305 2420 5378 singulis
2473 5304 2747 5360 creaturis
2807 5302 3161 5373 proportione
3223 5300 3459 5369 quadam
3513 5298 3661 5354 illius

2074 5398 2247 5470 gloria
2316 5394 2745 5468 prmdicatioque
2789 5394 3076 5455 minuitur,
3131 5399 3225 5444 aut
3299 5390 3657 5444 mutationem

2068 5490 2294 5559 patitur,
2336 5487 2433 5544 sed
2485 5486 2843 5541 immutabilis
2874 5492 2960 5540 est
2985 5485 3040 5538 in
3082 5498 3225 5547 sese,
3259 5482 3425 5551 idque
3453 5483 3656 5536 creatis

2066 5591 2150 5638 est
2186 5572 2349 5636 rebus
2369 5581 2626 5635 omnibus
2657 5579 3010 5649 denegatum.
3049 5586 3107 5630 ut
3141 5577 3206 5629 ad
3236 5575 3386 5630 illius
3419 5573 3657 5628 inﬁnita-

2067 5683 2173 5728 tcm
2203 5674 2551 5745 prmdicando
2578 5672 2794 5742 possint
2835 5669 3081 5735 extendi,
3120 5683 3245 5723 cum
3276 5683 3531 5739 suprema
3567 5668 3659 5721 illa

432 5831 449 5865 ¹
483 5827 547 5889 Ῑ⁴ὀ
583 5831 988 5904 ἑπινοουμένου.
1063 5834 1083 5863 ²
1113 5829 1273 5888 Deest
1314 5829 1457 5902 παρὰ
1479 5830 1535 5884 δὲ.
1565 5829 1668 5886 τῶν
1695 5828 1966 5903 ἀνθρώπω

2097 5830 2114 5862 ³
2152 5810 2270 5886 Vct.
2300 5828 2735 5902 περ.;σκωμένη.
2818 5829 2878 5884 δι
2907 5829 3035 5885 Cor.
3065 5845 3181 5897 xm,
3210 5829 3257 5884 l.
