4134 6392
477 355 583 410 607

1917 374 1972 428 S.
2024 373 2362 432 EPIPIIANII

3642 375 3758 430 608-

481 473 786 530 substantia
861 491 1094 538 mentem
1152 486 1944 560 onmem"intelligentiamque
2011 505 2250 564 superet.
2297 497 2427 562 Quae
2459 498 2530 552 oh
2559 513 2620 552 ea
2663 515 2784 567 quae
2829 499 2900 552 ab
2927 499 3186 555 omnibus
3223 500 3272 554 ei
3311 501 3648 562 tribuuntur.
3691 515 3744 559 et

482 566 662 622 inesse
700 571 980 639 dicuntur,
1033 577 1238 631 nullam
1275 589 1562 648 propterea
1611 586 2048 650 conversionem,
2095 589 2452 644 mutationem
2503 601 2596 644 aut
2627 592 3026 645 incrementum
3069 593 3368 662 experitur.
3443 594 3536 650 Est
3597 597 3742 650 enim

479 665 738 722 divinitas
765 669 879 738 ipsa
911 671 1070 740 longe.
1091 675 1348 730 omnibus
1367 678 1736 744 praestantior,
1765 689 1821 733 et
1851 681 2318 752 incomparabilis,
2350 689 2646 758 gloriaeque
2679 687 3016 756 plenissima.

841 783 1006 856 972
1047 786 1226 841 AETII
1269 789 1498 844 CAPUT
1540 791 1706 846 XXV.

549 873 605 926 Si
647 874 944 939 ingenitum
993 877 1374 944 privationem,
1415 897 1538 951 qua:
1587 881 1696 936 Deo
1743 900 1848 937 non
1899 886 2061 951 inest,

477 962 781 1032 signiﬁcat,
823 979 924 1019 cur
970 966 1270 1036 ingenitum
1297 985 1423 1024 esse
1447 1009 1463 1034 ,
1507 971 1750 1042 genitum
1783 987 1916 1028 vero
1955 991 2064 1031 non

475 1069 598 1111 esse
630 1055 906 1110 dicimus?

1007 1149 1322 1218 Confutatio
1360 1153 1458 1206 XX
1481 1153 1541 1210 V.

547 1236 876 1307 lngenitum,
911 1241 1016 1294 etsi
1071 1240 1181 1296 Deo
1215 1259 1404 1298 revera
1437 1249 1752 1315 conveniat,
1789 1265 2062 1320 nusquam

477 1335 662 1383 tamen
698 1345 1020 1400 expressqu
1073 1341 1194 1401 est;
1251 1353 1352 1390 nec
1403 1353 1432 1390 a
1476 1342 1738 1410 propheta
1784 1345 1934 1407 ullo,
1977 1346 2062 1400 vel

475 1419 746 1488 apostolo,
783 1421 868 1476 vel
909 1425 1246 1494 evangelista
1307 1443 1823 1486 commemoratum.
1877 1433 2065 1503 Neque

475 1527 606 1570 vero
635 1515 836 1568 mirum
863 1530 988 1570 esse
1022 1518 1286 1584 deberet,
1325 1521 1369 1574 si
1401 1521 1470 1576 de
1503 1521 1614 1578 Deo
1646 1525 1972 1580 alﬁrmatum
2007 1527 2064 1580 il-

475 1605 566 1658 lud
595 1615 762 1660 esset.
795 1606 1078 1677 Siquidem
1121 1611 1245 1679 pius
1271 1612 1342 1666 de
1379 1611 1491 1668 Deo
1519 1631 1720 1671 sensus
1745 1619 1875 1672 olim
1903 1619 2050 1674 istud

474 1697 654 1766 ipsum
691 1713 722 1752 e
759 1699 998 1754 naturali
1035 1703 1272 1770 quadam
1321 1705 1440 1774 lege
1477 1707 1754 1762 hauserat.
1785 1709 1867 1764 Tu
1907 1727 2058 1773 vero,

473 1787 592 1840 Aeti
618 1827 634 1850 ,
663 1788 990 1844 vocabuium
1036 1791 1183 1846 istud
1233 1795 1416 1848 studio
1449 1797 1710 1852 novitatis
1751 1799 2057 1866 inculcatis,

474 1880 619 1933 velut
647 1879 938 1935 miriﬁcutn
955 1883 1244 1951 quiddam,
1273 1895 1327 1940 et
1357 1887 1684 1942 inusitatum
1707 1893 2064 1960 proposuisse

473 1981 526 2024 te
555 1979 734 2028 outas.
761 1972 904 2038 Quin
931 1974 1098 2028 etiam
1129 1977 1600 2046 religiosissimam
1625 1991 1838 2037 natura:
1865 1985 2058 2054 legem,

473 2078 684 2116 necnon
725 2071 782 2118 et
825 2065 986 2130 ﬁdei,
1031 2081 1195 2135 quam
1241 2069 1310 2122 ad
1347 2071 1606 2128 meliores
1653 2073 1901 2130 [nomines
1941 2075 2061 2130 red-

2091 803 2140 859 Α

2521 803 2920 856 ΚΕΦΑΛΛΙΟΝ
2973 803 3228 857 ΑΕΤΙΟΥ
3273 803 3400 860 KE'.

2241 894 2302 946 Et
2329 893 2701 964 τὸάγέννητον
2724 893 2873 963 δηλοῖ
2896 893 3149 963 στέρησιν
3175 893 3250 964 μὴ
3273 895 3578 967 προσοῦσαν
3608 897 3747 968 Θεῷ,

2169 983 2286 1048 πῶς
2315 984 2608 1054 ἀγέννητον
2636 979 2774 1038 εἶναι
2815 981 3061 1052 λέγομεν,
3088 985 3344 1053 γεννητὸν
3377 985 3432 1038 δὲ
3467 987 3541 1056 μή
3571 983 3709 1040 εἶναι
3733 1003 3748 1052 ;

2713 1159 3040 1229 Ἀνατροπὴ
3075 1159 3186 1214 KE'
3195 1201 3207 1214 .

2238 1255 2556 1326 Ἀγέννητόν
2574 1256 2687 1307 ἐστι
2709 1254 2806 1324 μὲν
2828 1249 2941 1316 οὖν,
2965 1253 3163 1324 spes-5011
3179 1254 3236 1305 δὲ
3253 1253 3509 1323 οὐδαμοῦ,
3523 1256 3620 1306 οὑκ
3643 1254 3752 1308 ἀπὸ

2165 1345 2258 1398 τοῦ
2292 1346 2589 1415 προφήτου,
2617 1345 2716 1396 οὑκ
2761 1343 2868 1396 ἀπὸ
2905 1343 3222 1406 ἀποστόλου,
3267 1343 3366 1396 οὑκ
3383 1344 3488 1397 ἀπὸ
3517 1347 3748 1412 εὐαγγε-

2165 1437 2369 1490 λιστοῦ.
2419 1435 2610 1506 Θαῦμα
2644 1434 2752 1504 γάρ
2779 1433 2902 1486 οὐδὲ
2932 1433 2989 1485 ἓν
3017 1433 3180 1486 τοῦτο
3218 1429 3286 1503 ἦν
3325 1434 3452 1503 περὶ
3495 1433 3748 1488 Θεοῦλέ-

2165 1547 2303 1598 γειν.
2351 1529 2568 1600 Προσῆν
2626 1527 2735 1598 γάρ
2785 1525 2861 1596 τῷ
2907 1526 3121 1578 εὑσεόεῖ
3165 1525 3409 1596 λογισμῷ
3456 1527 3546 1578 ὑπ’
3585 1526 3750 1610 αὑτοῦ

2163 1621 2256 1672 τοῦ
2299 1621 2437 1674 κατά
2475 1621 2575 1690 τὴν
2603 1618 2764 1686 φύσιν
2791 1619 2978 1688 νόμου.
3011 1617 3080 1670 Σὺ
3115 1618 3194 1677 δὲ,
3214 1617 3409 1680 Ἀέτιε,
3434 1618 3592 1670 τοῦτο
3621 1619 3752 1688 ἡμῖν

2165 1712 2583 1782 καινοτομήσας,
2612 1709 2811 1777 λέγειν,
2861 1709 2936 1772 ὡς
2989 1709 3172 1780 θαῦμα
3211 1711 3628 1782 προσεισφέρειν
3657 1727 3742 1762 σε·

2163 1803 2311 1872 αυτῷ
2340 1803 2598 1872 νομίζεις.
2641 1801 2952 1872 Συνέφυρας
2979 1801 3036 1854 δὲ
3091 1802 3185 1853 καὶ
3230 1799 3518 1870 συνέμιξας
3551 1801 3628 1870 τῷ
3653 1801 3745 1852 εὑ-

2165 1895 2311 1945 σεὸεῖ
2331 1893 2428 1962 τῆς
2451 1893 2663 1960 φύσεως
2700 1892 2867 1960 νόμῳ,
2909 1891 3002 1944 καὶ
3033 1891 3112 1960 τῷ
3135 1893 3232 1962 τῆς
3273 1893 3506 1954 πίστεως
3537 1889 3746 1960 θεσμῷ,

2161 1982 2238 2052 τῷ
2265 1983 2356 2034 ἐπὶ
2389 1979 2674 2051 προσθήκῃ
2707 1979 3039 2049 βελτιώσεως
3069 1979 3134 2030 ἐκ
3165 1978 3302 2030 Θεοῦ
3346 1978 3748 2048 κεχαρισμένῳ,

2163 2075 2224 2126 τὸ
2263 2074 2340 2142 τῷ
2395 2073 2674 2142 ἀγεννήτῳ
2725 2069 2980 2140 γεννητὸν
3035 2070 3314 2139 ἐπινοῆσαι
3361 2069 3700 2136 ὲξισοὺμενος
3729 2067 3752 2098 ⁸

472 2153 682 2210 dendos
709 2155 894 2210 divina
921 2159 1142 2214 bonitas
1171 2159 1424 2226 indulsit,
1453 2163 1788 2233 permiscere
1830 2183 1894 2220 ac
1925 2183 2060 2222 eon-

2163 2165 2239 2236 τῴ
2266 2164 2557 2234 ἀξιώματι,
2616 2163 2702 2216 ἵνα
2743 2163 2772 2214 ὁ
2825 2161 2975 2231 παρ-ἀ
3021 2161 3103 2214 σοὶ
3147 2161 3616 2232 προσκυνούμενος
3657 2162 3752 2216 ἀν-

473 2244 700 2302 l'undere
732 2257 966 2304 conatus
1011 2267 1107 2317 es,
1145 2249 1276 2306 dum
1320 2253 1566 2323 ingenito
1609 2257 1852 2326 genitum
1893 2260 2062 2328 maje-

473 2345 613 2392 state
659 2339 1036 2410 dignitateque
1069 2357 1164 2410 par
1197 2355 1548 2400 commentus
1579 2363 1660 2409 es,
1705 2357 1764 2401 ut
1795 2349 1885 2404 ille
1923 2351 2058 2420 ipse,

471 2444 635 2498 quem
685 2431 1013 2488 dissimilem
1071 2433 1295 2498 adoras,
1343 2436 1627 2508 inaequalis
1678 2439 1730 2494 ei
1785 2439 2058 2506 videatur,

469 2535 635 2590 quem
667 2519 1008 2580 dissimiliter
1041 2526 1329 2594 praedicas.
1367 2525 1487 2581 .lam
1515 2545 1646 2584 vero
1667 2570 1680 2592 ,
1733 2531 1778 2586 si
1827 2534 2062 2603 appella-

472 2611 622 2666 tione
657 2611 774 2666 sola
807 2611 1020 2668 Patrem
1080 2616 1314 2681 adoras,
1361 2619 1582 2674 nonnisi
1625 2637 1722 2690 per
1755 2623 2062 2678 simulatio-

471 2711 692 2764 nem,et
715 2702 1026 2758 illusionem
1057 2705 1320 2762 honorem
1354 2707 1498 2764 hunc
1532 2709 1611 2764 illi
1645 2710 1865 2767 defers:
1907 2713 2057 2780 item,

473 2794 518 2848 si
555 2791 789 2861 Filium,
839 2811 1003 2864 quem
1037 2795 1188 2851 Patri
1235 2800 1560 2855 dissimilem
1610 2805 1887 2872 agnoscis,
1924 2806 2058 2859 ado-

471 2883 706 2938 randqu
743 2901 1004 2951 censeas,
1035 2905 1308 2944 summam
1339 2891 1665 2948 adoratione
1693 2895 1782 2948 illa
1815 2904 1908 2950 tua
1940 2913 2060 2966 per-

473 2976 840 3032 turbationem
885 2979 1126 3042 inducis,
1171 2995 1298 3035 cum
1350 2983 1672 3039 dissimilem
1703 2987 1896 3042 eodem
1933 3003 2058 3042 cum

470 3081 560 3130 co,
611 3067 772 3136 cujus
815 3077 900 3124 est
955 3069 1268 3136 dissimilis,
1321 3073 1533 3130 honore
1589 3077 1778 3133 allieis.
1829 3077 2056 3144 Quodsi,

471 3173 595 3227 qua!
627 3159 704 3213 tui
735 3161 1008 3230 dogmatis
1042 3163 1270 3233 perlidia
1305 3173 1390 3220 est
1413 3205 1428 3228 ,
1481 3165 1676 3222 Filium
1730 3169 1965 3226 adorare
2007 3179 2062 3226 te

473 3265 662 3322 neges,
699 3253 884 3306 statim
919 3263 972 3308 te
1005 3269 1196 3311 omnes
1231 3257 1580 3328 redarguerit,
1638 3267 1696 3313 ut
1733 3261 1826 3331 qui
1861 3278 2061 3332 nequa-

471 3357 636 3412 quam
690 3342 841 3396 illum
889 3359 1182 3414 agnoscas,
1231 3364 1396 3416 quem
1459 3351 1692 3406 adorare
1759 3369 1953 3409 onnnes
2005 3363 2060 3408 et

471 3435 735 3504 aequalem
781 3435 1028 3491 conﬁteri
1079 3438 1303 3496 debent.
1357 3441 1683 3497 Adorabunt
1740 3445 1886 3498 enim
1932 3461 2055 3501 eum

471 3540 667 3580 omnes
699 3527 878 3596 angeli
927 3527 1077 3584 Dei‘.
1111 3529 1374 3584 Eumdem
1425 3531 1618 3598 Maria,
1651 3549 1776 3587 cum
1807 3537 1860 3588 in
1895 3553 2060 3592 carne

475 3616 920 3686 splendidissime
949 3621 1412 3689 resurrexisset’,
1459 3639 1524 3677 ac
1576 3635 1853 3692 postremo
1891 3627 2060 3682 disci-

475 3709 588 3780 puli
615 3723 806 3764 omnes
838 3709 1158 3764 adorarunt.
1193 3711 1336 3768 lluic
1365 3714 1512 3768 enim
1544 3715 1670 3768 facti
1705 3719 1944 3774 creative
1971 3735 2062 3788 ap-

478 3802 826 3872 pellationem
863 3805 1087 3858 minime
1122 3807 1438 3870 convenire,
1475 3818 1661 3878 utpote
1709 3827 1734 3866 a
1777 3809 1938 3866 Patre
1970 3829 2062 3882 ge-

479 3893 628 3959 nito,
681 3909 788 3950 non
841 3894 1118 3966 ignorant.
1173 3893 1360 3966 Itaque
1396 3899 1750 3956 exsistenteut
1801 3901 1870 3954 ab
1916 3903 2063 3959 exsi-

2162 2256 2344 2324 όμοιος
2375 2254 2486 2316 ἴσος
2511 2251 2758 2322 εὑρεθείη
2801 2249 2879 2320 τῷ
2926 2250 3066 2302 κατὰ
3111 2248 3170 2301 σὲ
3193 2249 3459 2318 ἀνομοίως
3489 2261 3754 2314 κηρυττο-

2166 2346 2329 2416 μένῳ.
2374 2347 2434 2398 Εἰ
2482 2345 2578 2415 μὲν
2622 2339 2714 2395 οὖν
2757 2340 3194 2412 προσκυνήσειας
3243 2338 3333 2390 τὸν
3377 2335 3594 2407 Πατέρα
3621 2334 3751 2404 ψιλῇ

2162 2437 2443 2506 ὀνομασίᾳ,
2473 2434 2724 2504 εἰρωνείᾳ
2775 2432 2874 2500 τὴν
2906 2430 3072 2501 τιμὴν
3102 2431 3482 2499 προσήνεγκας
3507 2441 3518 2454 ’
3570 2425 3682 2478 καὶ.
3705 2424 3756 2477 εί

2161 2529 2253 2581 τὸν
2301 2528 2425 2580 Υἱὸν
2469 2527 2924 2596 προσκυνήσειας,
2977 2521 3229 2591 ἀνόμοιον
3283 2519 3457 2587 Πατρὶ
3503 2515 3756 2584 ἐπιγινώ-

2163 2639 2330 2684 σκων,
2375 2619 2638 2689 σύγχυσιν
2708 2618 2948 2688 εἰργάσω
2995 2617 3052 2668 ἐν
3113 2615 3178 2684 τῇ
3231 2612 3618 2683 προσκυνήσει,
3665 2611 3754 2662 ἀνι

2163 2715 2348 2784 όμοιον
2399 2709 2652 2781 ἀνομοίου
2689 2710 2817 2772 ἴσως
2863 2709 3126 2777 τιμήσας·
3181 2707 3229 2758 εἰ
3275 2705 3331 2758 δὲ
3377 2703 3465 2756 διὰ
3511 2699 3754 2802 τὴνμσοῦ

2161 2803 2428 2875 πρόληψιν
2485 2803 2584 2872 τῆς
2637 2800 2892 2862 ἀπιστίας
2951 2799 3176 2870 ἀρνήσει
3233 2797 3558 2866 προσκυνεῖν
3613 2793 3749 2860 Tit},

2159 2897 2462 2966 ὲλεγχθήσῃ
2492 2897 2596 2948 ὑπὸ
2631 2894 2870 2956 πάντων,
2913 2892 3014 2943 οὐκ
3057 2891 3311 2958 ἐπιγνοὺς
3349 2889 3439 2938 τὸν
3472 2884 3756 2954 ὀφειλομέ-

2158 3005 2265 3049 νως
2305 2986 2412 3039 ὑπὸ
2455 2985 2671 3037 πάντων
2713 2980 3178 3052 προσκυνούμενον
3209 2978 3303 3029 καὶ
3337 2975 3472 3026 ἴσονο
3515 2989 3758 3042 προσκυη

2159 3081 2383 3150 νήσουσι
2411 3077 2520 3148 γάρ
2565 3074 2713 3145 αὑτῷ
2756 3075 2956 3135 πάντες
2989 3072 3209 3140 ἄγγελοι
3237 3068 3393 3122 Θεοῦ.
3439 3067 3552 3121 Καὶ
3595 3081 3758 3136 προσ-

2159 3173 2420 3240 εκύνησεν
2462 3167 2610 3238 αὑτῷ
2649 3167 2834 3237 Μαρία
2876 3163 3101 3228 ἐνδόξως
3135 3159 3426 3214 ἀναστάντι
3467 3157 3526 3209 ὲν
3569 3155 3755 3225 σαρκὶ,

2159 3264 2254 3318 καὶ
2273 3263 2472 3325 πάντες
2498 3263 2546 3313 οἱ
2585 3259 2750 3313 αὑτοῦ
2789 3255 3046 3329 μαθηταί.
3097 3255 3170 3308 Οὑ
3215 3253 3324 3322 γὰρ
3355 3250 3468 3320 ἔχει
3503 3250 3524 3280 ⁶
3559 3263 3758 3316 γεννη-

2157 3354 2252 3408 τοῦ
2285 3351 2611 3422 ὀνομασίαν,
2651 3349 2774 3404 οὔτε
2814 3347 3054 3408 κτιστοῦ,
3088 3347 3152 3397 ὲκ
3191 3341 3404 3413 Πατρὸς
3433 3337 3760 3408 γεγεννημὲ-

2159 3462 2270 3504 νον,
2297 3443 2466 3506 ἴσασι,
2489 3443 2583 3495 καὶ
2605 3439 3002 3510 προσκυνοῦσιν
3029 3437 3156 3490 ὄντα
3197 3433 3254 3499 ἐξ
3283 3432 3456 3492 ὄντος,
3494 3430 3588 3482 καὶ
3615 3427 3675 3479 τὸ
3701 3427 3760 3490 ἐξ

2166 3535 2330 3590 αὑτοῦ
2378 3536 2535 3602 ἅγιον
2585 3532 2830 3604 Πνεῦμα.
2879 3531 3064 3584 Οῐδασι
3110 3525 3218 3598 γάρ
3267 3523 3432 3578 αὑτὸν
3477 3521 3762 3590 ἀλλότριον

2165 3631 2233 3700 τῇ
2268 3627 2425 3698 οὐσία
2455 3625 2562 3680 ἀπὸ
2603 3625 2712 3676 τῶν
2743 3622 3064 3692 γεγονότων.
3097 3618 3172 3672 Οὑ
3203 3617 3310 3687 γάρ
3345 3617 3460 3666 ἐστι
3503 3609 3762 3680 γεννητὸς

2171 3720 2202 3790 ἢ
2236 3719 2470 3782 κτιστὸς,
2496 3716 2632 3770 ἀλλά
2653 3714 2909 3784 γεννητὸς
2934 3715 3000 3766 ὲκ
3033 3709 3263 3780 Πατρός.
3299 3707 3389 3760 Διὸ
3419 3704 3548 3776 περὶ
3579 3703 3758 3755 πάντα

2171 3810 2388 3881 καμὼν,
2422 3808 2516 3862 καὶ
2549 3807 2778 3868 πολλοὺς
2809 3805 3033 3876 χρόνους
3085 3798 3402 3900 ἀναλώσας,
3427 3794 3645 3900 Ἀέτιεζ
3667 3791 3762 3892 καὶ

2169 3901 2361 3970 λόγους
2416 3900 2598 3966 ξένους
2649 3896 3080 3968 παρεισενέγκας
3133 3889 3533 3962 προσκυνήσεις
3585 3889 3756 3952 αὐτῷ.

479 3993 658 4041 stente
688 3993 910 4052 natum,
968 4003 1184 4044 necnon
1229 3997 1282 4044 et
1330 3989 1596 4059 Spiritum
1633 4004 1884 4046 sanctum
1963 3995 2060 4048 ad-

2169 3995 2262 4045 Δεῖ
2291 3993 2400 4063 γάρ
2434 3993 2643 4053 πάντας
2681 3989 2869 4057 στῆναι
2899 3985 3130 4040 ἐνώπιον
3168 3982 3262 4035 τοῦ
3301 3981 3544 4049 βήματος
3571 3976 3758 4073 αὐτου,

483 4081 668 4131 orant.
698 4072 912 4130 Norunt
941 4078 1084 4130 enim
1111 4078 1261 4132 illum
1286 4079 1353 4132 ab
1371 4078 1716 4134 conditarum
1752 4096 1934 4136 rerum
1969 4101 2060 4136 na-

2171 4085 2264 4138 καὶ
2291 4085 2439 4137 πᾶσα
2463 4083 2686 4151 γλῶσσα
2714 4079 3188 4149 ἐξομολογήσεται,
3219 4075 3302 4127 ὃτι
3326 4071 3532 4143 Κύριος
3557 4069 3763 4172 Ἰησρῦς

479 4171 604 4217 tura
634 4160 967 4232 discrepare.
1001 4163 1213 4234 Quippe
1262 4181 1370 4219 non
1421 4166 1600 4222 factus
1648 4179 1752 4234 est,
1787 4179 1882 4224 aut
1915 4189 2060 4227 crea-

2172 4175 2427 4246 Χριστὸς,
2459 4173 2486 4224 ὁ
2519 4174 2619 4225 οὑκ
2658 4171 2936 4239 ἀλλότριος
2983 4165 3118 4218 Θεοῦ
3149 4164 3246 4228 ὢν,
3295 4161 3432 4216 ἀλλά
3482 4161 3562 4220 εἰς
3605 4157 3766 4220 δόξαν

482 4262 592 4315 tus,
633 4251 727 4308 sed
757 4269 787 4307 a
817 4251 977 4310 Patre
1033 4257 1264 4325 genitus.
1323 4257 1690 4323 Quamobrem
1733 4275 1858 4314 cum
1906 4264 2060 4332 pluri-

2175 4263 2309 4319 Θεοῦ
2335 4263 2569 4334 Πατρὸς,
2613 4260 2754 4314 κατά
2795 4259 2856 4311 τὸ
2898 4253 3285 4326 γεγραμμένον
3331 4249 3426 4303 καὶ
3469 4261 3762 4298 πεπιστευ-

481 4355 631 4394 mum
661 4343 1000 4409 aestuaveris,
1049 4359 1114 4398 ac
1149 4345 1378 4399 multum
1415 4348 1680 4416 temporis
1709 4363 2071 4420 consumpse-
2182 4356 2364 4426 μένον.
3347 4435 3366 4439 _
3691 4431 3701 4439 ι

483 4435 582 4500 ris,
617 4435 766 4499 Aeti,
793 4451 858 4490 ac
889 4439 1225 4509 peregrinas,
1257 4447 1312 4494 et
1345 4439 1618 4497 inauditas
1647 4459 1812 4499 voces
1839 4445 2138 4516 invexeris,
2165 4452 2318 4504 illum
2346 4457 2530 4504 tamen
2591 4445 2676 4502 vel
2710 4445 2917 4500 invitus
2984 4441 3264 4497 adorabis.
3335 4435 3560 4531 Oportet
3613 4445 3764 4531 enim

482 4541 675 4582 omnes
711 4541 895 4582 coram
925 4529 1072 4585 illius
1099 4531 1359 4586 tribunali
1394 4533 1517 4586 sisti
1535 4534 1576 4588 '.
1621 4535 1698 4588 Ac
1730 4545 1844 4589 tum
1875 4542 2057 4596 omnis
2097 4543 2282 4614 lingua
2315 4540 2690 4605 coulitebitur,
2759 4535 3020 4608 quoniam
3076 4533 3340 4587 Dominus
3381 4527 3544 4582 Jesus
3605 4525 3764 4579 Chn-

437 4667 442 4674 .
486 4627 606 4673 stus
635 4635 744 4674 non
771 4621 984 4678 alienus
1015 4630 1098 4678 est
1140 4639 1168 4678 a
1203 4623 1334 4690 Deo,
1388 4625 1482 4682 sed
1517 4627 1572 4680 in
1612 4629 1784 4696 gloria‘
1846 4632 1940 4688 Dei
1978 4631 2158 4692 Patris
2178 4639 2220 4704 δ,
2290 4633 2750 4708 quemadmodum
2815 4639 2926 4685 tam
2978 4627 3288 4698 Scriptura,
3346 4638 3510 4694 quam
3573 4617 3766 4674 catho-

486 4711 592 4766 lica
625 4709 760 4767 ﬁdes
795 4711 979 4768 habet.

835 4823 999 4896 973
1039 4825 1220 4880 AETll
1257 4825 1488 4882 CAPUT
1525 4825 1716 4884 XXVI.

2531 4823 2936 4882 KEMAAION
2973 4820 3226 4875 As'rtor
3259 4822 3404 4887 κεῖν.

558 4915 618 4970 Si
669 4917 972 4988 ingenitum
1019 4919 1164 4972 nuda
1215 4919 1268 4973 in
1308 4919 1419 4975 Deo
1455 4929 1539 4976 est
1586 4921 1904 4992 appellatio,
1943 4923 2060 4978 adet

2254 4923 2315 4975 Εἰ
2343 4919 2497 4990 ψιλὸν
2521 4919 2695 4989 ὄνομά.
2734 4919 2882 4969 ἐστιν
2907 4914 3000 4966 ἐπὶ
3032 4913 3166 4965 Θεοῦ
3205 4912 3265 4963 τὸ
3297 4910 3609 4980 ἀγέννητον,
3643 4912 3674 4979 ἡ
3712 4909 3768 5016 5‘s

487 5019 549 5066 ut
577 5025 743 5080 supra
764 5017 1072 5064 creatarum
1096 5027 1276 5066 rerum
1301 5013 1545 5066 omnium
1567 5015 1941 5070 conditionem
1965 5017 2060 5071 sol:

2184 5014 2315 5084 ψιλὴ
2349 5011 2602 5082 προφορά
2637 5011 2734 5080 τὴν
2763 5009 3060 5060 ὑπόστασιν
3088 5004 3182 5056 τοῦ
3211 5003 3346 5056 Θεοῦ
3377 5003 3594 5072 ἐπαίρει
3625 4999 3770 5053 κατά

489 5099 866 5171 pronuntiatio
915 5099 1154 5154 divinam
1191 5102 1554 5156 substantiam
1589 5103 1836 5168 extollat,
1891 5119 2056 5160 conse

2189 5108 2408 5162 πάντων
2439 5102 2744 5172 γεννητῶν
2777 5097 3077 5168 τιμιωτέρα
3103 5095 3210 5167 ἀρα
3239 5095 3385 5148 ἐστὶν
3409 5097 3440 5164 ή
3464 5092 3772 5162 ἀνθρώπων

488 5209 663 5263 quens
695 5203 780 5247 est
816 5193 1098 5246 hominum
1138 5195 1636 5262 pronuntiationem
1687 5196 2060 5265 omnipotenti:

2183 5196 2435 5268 προφορά
2457 5193 2549 5248 τοῦ
2581 5191 3040 5260 παντοκράτορος,
3071 5185 3421 5245 ὑποστάσεως
3446 5184 3770 5251 ἀσυγκρίτῳ

493 5283 584 5338 Dei
619 5283 926 5338 substantia
977 5285 1408 5353 praestantiorem
1456 5285 1654 5352 videri;
1691 5303 1813 5356 qua:
1857 5287 2060 5356 quideu‘

2189 5288 2428 5356 ὑπεροχῇ
2457 5282 2846 5337 καλλωπίσασα
2869 5279 3000 5332 Θεὸν
3029 5277 3122 5330 τὸν
3159 5277 3592 5344 παντοκράτορα.

493 5379 665 5450 ipsum
689 5379 1130 5448 iucomparahilis
1171 5379 1492 5434 excellentia
1517 5379 1798 5452 dignitatis
1821 5391 2076 5436 exornet.

1004 5491 1314 5560 Confutatio
1351 5490 1454 5544 XX
1473 5490 1568 5548 VI.

567 5582 752 5653 Neque
787 5583 994 5640 nudum
1035 5583 1092 5637 in
1131 5582 1240 5640 Deo
1278 5599 1474 5640 nomen
1510 5591 1592 5639 est
1625 5584 1950 5656 ingenitum,
1993 5599 2086 5638 ne-

2727 5471 3050 5549 Ἀγᾱτροπὴ
3094 5479 3234 5543 ΚΕΤ.

2255 5579 2391 5632 Οὑτε
2420 5577 2570 5648 ψιλὸν
2591 5577 2762 5644 ὄνομα
2785 5574 2877 5625 ὲπὶ
2901 5569 3035 5623 Θεοῦ
3063 5570 3178 5622 ἐστι
3209 5567 3270 5621 τὸ
3299 5565 3618 5632 ἀγέννητον,
3641 5557 3770 5612 οὔτε

3325 5723 3345 5754 ³
3373 5719 3414 5774 ll
3435 5717 3563 5774 Cor.
3602 5731 3658 5784 ν,
3681 5701 3768 5769 l0.

569 5739 582 5768 ¹
619 5737 774 5792 Deut.
822 5755 994 5802 χχχιι,
1043 5737 1278 5801 l5juxt.
1337 5735 1508 5802 LXX;
1553 5735 1692 5794 Psal.
1743 5754 1887 5800 xevn,
1935 5737 2006 5801 7;
2057 5735 2219 5790 llebr.
2259 5753 2297 5800 ι,
2331 5737 2384 5790 6.
2501 5735 2520 5766 ¹
2551 5729 2742 5785 Matth.
2777 5727 3025 5797 xxvm,l
3082 5741 3201 5796 sqq.

499 5805 520 5836 ³
542 5804 775 5878 Philipp.
819 5823 878 5876 ll,
923 5808 1008 5865 ll.
1092 5809 1112 5840 ⁵
1143 5807 1203 5863 F.
1235 5807 1602 5879 ἐξισούμενον.
1679 5811 1698 5842 ⁸
1725 5807 1786 5863 F.
1821 5809 1963 5880 ἔχειν
1993 5807 2261 5878 γεννητοῦ.
