4134 6392
372 388 479 447 ωε

1023 383 1394 442 ADVERSUS
1432 383 1777 441 HAERESES
1816 383 1943 438 LIB.

2070 426 2074 437 .
2116 381 2282 438 ΤΟΜ.
2327 384 2365 438 Ι.
2409 415 2477 425 -—
2515 382 2792 442 ΗᾹΞΒΕΒ.
2823 386 3059 444 LXXVI.

3551 360 3659 449 diu

374 509 482 570 τοῖς
535 506 775 567 κτιστοῖς
828 503 972 558 κατὰ
1015 503 1114 575 τὴν
1158 503 1352 557 οὐσίαν
1400 502 1810 558 ἐπικοινωνοῦν.
1867 501 1958 554 Διὸ

2070 517 2162 570 pie
2189 516 2314 556 cum
2334 502 2535 558 creatis
2556 503 2722 559 rebus
2748 514 2963 560 natura
2992 494 3436 561 communionem
3470 490 3659 566 habet.

371 597 493 651 οὔτε
526 598 594 650 τὰ
620 596 895 666 κτίσματα
919 595 1079 666 ψιλῆς
1112 595 1408 666 ὀνομασίας
1457 595 1587 648 ἐστὶ¹
1624 594 1955 666 σημαντικά.

370 691 552 745 Μέσον
578 689 635 742 δὲ
655 689 957 758 ἀγεννήτου
989 689 1083 741 καὶ
1114 688 1334 741 κτιστοῦ
1362 688 1525 741 ἄλλου
1550 687 1813 759 ὀνόματος
1840 691 1959 741 ἐπι-

370 782 725 856 ζητουμένου,
751 784 890 853 ὅπερ
916 782 1064 835 ἐστὶν
1098 781 1246 846 Υίὸς,
1277 782 1373 835 καὶ
1403 782 1464 835 οὐ
1491 781 1728 845 κτιττὸς,
1761 780 1869 834 τίνι
1894 780 1961 834 ἀν

369 877 433 928 τὸ
458 873 734 945 ἐξαίρετον
761 873 1051 926 ἀποδοτέον
1073 890 1088 938 ;
1109 874 1221 927 Καὶ
1249 874 1298 926 εί
1329 874 1426 944 μὲν
1442 876 1556 936 τοῖς
1583 873 1962 942 κεκτισμένοις

370 963 431 1016 τὸ
454 960 844 1017 ἐπικοινωνοῦν
878 960 1079 1033 δῶμεν,
1123 961 1479 1033 οὐδοποτέρου
1514 960 1624 1014 τῶν
1654 961 1962 1032 λεγομένων

371 1054 533 1126 ψιλῆς
556 1054 853 1125 ὀνομασίας
883 1053 1309 1124 ὀνομαζομένου,
1327 1053 1402 1117 ὡς
1422 1054 1515 1106 ἐπὶ
1542 1052 1639 1107 τοῦ
1665 1054 1960 1124 ἀγεννήτου

374 1148 471 1202 καὶ
499 1146 800 1213 κτίζοντος,
834 1147 929 1199 καὶ
978 1145 1215 1200 κτιστῶν
1259 1146 1587 1216 γεγονότων,
1640 1154 1717 1210 ὡς
1764 1146 1828 1199 οὐ
1871 1145 1964 1214 ψι-

374 1240 473 1312 λῆς
529 1239 892 1310 ἐνδεχομένης
943 1238 1244 1309 ὀνομασίας
1282 1256 1298 1269 ·
1346 1237 1523 1302 οὕτως
1579 1238 1673 1292 ἐπὶ
1714 1236 1806 1292 τοῦ
1841 1253 1965 1305 γεν-

375 1330 540 1402 νητοῦ
575 1331 670 1397 καὶ
706 1329 857 1394 Υἱοῦ,
899 1330 975 1401 μὴ
1019 1329 1181 1401 ψιλῆς
1233 1330 1592 1402 ἐνδεχομένης
1644 1329 1960 1401 ὀνομασίας,

374 1423 436 1475 τὸ
465 1422 646 1493 μάτην
695 1419 1201 1491 συκοφαντούμενον
1249 1422 1513 1491 σύγχυσιν
1553 1420 1786 1493 δηλώσει
1815 1420 1965 1491 παρά

375 1513 454 1585 τῷ
498 1514 687 1586 Ἀετίῳ
711 1513 1182 1584 συλλογιζόμενον,
1216 1513 1306 1568 διὰ
1331 1514 1392 1567 τὸ
1418 1514 1493 1585 μὴ
1555 1513 1964 1579 συνεξισοῦσθαι

374 1606 455 1680 τῷ
488 1605 614 1660 Υίοῦ
644 1605 894 1677 ὀνόματι,
918 1605 1020 1676 τῆς
1045 1605 1272 1676 κτιστῆς
1295 1607 1354 1659 ἐν
1379 1604 1613 1677 ἀληθείᾳ
1636 1606 1848 1671 οὐσίας,
1872 1605 1964 1660 καὶ

375 1705 439 1757 οὐ
480 1701 644 1773 ψιλῆς
682 1701 998 1774 ὀνομασίας
1038 1701 1339 1773 ἐπειδήπερ
1364 1702 1428 1755 οὐ
1458 1701 1620 1773 ψιλὴν
1652 1702 1962 1773 ἐπιδέχεται

378 1797 474 1851 καὶ
509 1793 674 1856 αὐτὸς
699 1795 728 1846 ὀ
761 1793 889 1856 Υἱὸς
916 1792 1015 1864 τὴν
1049 1793 1179 1863 περὶ
1212 1791 1343 1849 Υίοῦ
1379 1791 1698 1863 ὀνομασίαν.
1724 1793 1838 1845 Οὐκ
1877 1791 1966 1846 δν-

2036 616 2039 621 ·
2068 590 2252 658 Qnare
2285 607 2463 661 neque
2494 602 2704 647 naturae
2752 594 2956 648 nudam
2997 582 3417 666 appellationem
3452 596 3662 670 signiﬁ-

2068 680 2396 736 εσηι.ι.1ειιιι
2453 697 2585 736 vero
2656 697 2779 736 cum
2841 684 2984 738 inter
3033 685 3334 755 ingenitum
3390 701 3455 742 ac
3503 704 3662 743 crea~

2069 782 2185 828 tum
2224 775 2465 829 medium
2501 775 2722 845 aliquod
2756 776 3082 831 vocabulum
3112 787 3411 848 quaeratur,
3444 778 3549 834 hoc
3575 790 3663 836 est

2068 864 2262 930 Filius,
2310 867 2643 936 minimeque
2679 873 2920 929 creatus,
2956 868 3175 922 cuinam
3214 869 3484 924 eximium
3527 870 3663 925 illud

2068 958 2417 1030 potissimum
2450 958 2802 1014 tribuendum
2832 959 2958 1015 est?
3008 960 3086 1015 Ac
3117 960 3164 1016 si
3193 960 3414 1031 quidem
3443 970 3664 1017 creatu-

2068 1052 2148 1107 ris
2194 1065 2488 1107 commune
2542 1066 2666 1105 cum
2715 1050 2857 1106 Filio
2899 1052 3034 1107 illud
3080 1053 3463 1121 ascribamus,
3538 1066 3662 1109 cum

2070 1150 2325 1197 neutrum
2378 1143 2714 1197 vocabulum
2787 1143 2903 1199 sola
2975 1158 3039 1199 ac
3092 1145 3238 1200 nuda
3300 1145 3666 1217 appellatione

2064 1242 2327 1302 constet;
2374 1242 2430 1291 et
2461 1234 2925 1305 quemadmodum
2974 1235 3272 1307 ingenitus,
3329 1246 3384 1293 et
3420 1248 3661 1299 creator,
3748 1302 3759 1317 .

2068 1338 2126 1386 et
2151 1339 2422 1384 creaturae
2470 1344 2581 1384 non
2632 1344 2796 1385 voces
2844 1344 3008 1385 merae
3053 1339 3204 1395 sunt,
3238 1331 3315 1384 ita
3343 1332 3579 1402 genitus,
3609 1336 3669 1385 οι

2070 1419 2243 1475 Filius
2270 1421 2476 1492 aliquid
2508 1429 2707 1490 praeter
2734 1436 2932 1476 nomen
2960 1422 3183 1485 habeat,
3222 1423 3483 1477 nimirum
3518 1421 3669 1495 quod

2071 1526 2168 1582 per
2184 1526 2454 1568 summam
2471 1511 2803 1565 calumniam
2822 1511 3206 1567 ratiocinando
3226 1512 3436 1584 colligit
3449 1514 3663 1581 Aetius,

2071 1603 2364 1658 miriﬁcam
2414 1602 2881 1673 perturbationem
2935 1610 2990 1659 et
3035 1602 3416 1661 confusionem
3463 1609 3664 1677 pariet,

2071 1694 2513 1765 quandoquidem
2545 1710 2671 1751 cum
2704 1694 2827 1751 Filii
2861 1695 3085 1752 nomine
3119 1705 3406 1763 creatura',
3430 1714 3553 1770 quae
3577 1715 3667 1757 re-

2073 1802 2223 1855 vera,
2269 1803 2378 1843 non
2418 1788 2788 1859 appellatione
2828 1797 2988 1846 tenus
3027 1788 3293 1861 ejusmodi
3322 1805 3446 1848 esse
3473 1794 3666 1849 dicun-

377 1907 469 1953 τος
502 1889 560 1943 δὲ
581 1888 956 1959 ἀνυπάρκτου,
973 1900 975 1902 ·
993 1884 1116 1939 οὔτε
1138 1884 1279 1938 κατὰ
1301 1883 1463 1955 ψιλὴν
1486 1884 1787 1955 ὀνομασίαν
1810 1883 1966 1952 λεγο-

2070 1884 2181 1943 tur,
2206 1869 2495 1948 adaequari‘
2513 1879 2740 1933 minime
2771 1887 3003 1949 possunt
3032 1898 3047 1946 ;
3083 1888 3208 1936 nam
3238 1889 3294 1938 et
3322 1880 3498 1940 Filius
3525 1886 3663 1956 ipse,

381 1980 544 2051 μένου
568 1978 664 2032 τοῦ
692 1976 824 2031 Υίοῦ
858 1975 1202 2049 μονογενοῦς,
1247 1976 1345 2029 καὶ
1369 1976 1465 2028 τοῦ
1503 1977 1660 2045 ἁγίου
1714 1977 1968 2048 Πνεύμα-

376 2089 490 2135 τος,
513 2074 581 2142 τῇ
603 2070 699 2123 τοῦ
720 2069 935 2140 Πατρὸς
964 2069 1232 2138 συνῆπται
1250 2065 1400 2137 δόξῃ,
1426 2066 1519 2118 καὶ
1544 2067 1608 2118 οὐ
1639 2065 1968 2136 συγκέχυται

377 2167 446 2233 τῇ
490 2164 600 2216 τῶν
648 2162 964 2233 κτισμάτων
1004 2158 1291 2230 ὀνομασίᾳ.
1340 2155 1480 2210 Οὔτε
1527 2158 1639 2229 γὰρ
1680 2158 1968 2230 ὲπάρσεως

377 2253 549 2307 δεῖται
587 2255 620 2323 ὴ
670 2251 863 2322 θεότης
901 2251 978 2314 ὡς
1015 2248 1091 2320 μὴ
1130 2245 1294 2312 οὖσα,
1328 2246 1455 2300 οὔτε
1488 2246 1657 2318 ὕψους
1692 2249 1841 2302 ἐστὶν
1881 2251 1969 2302 ἐν·

380 2344 632 2415 δεομένη.
658 2342 762 2397 κάν
790 2360 853 2397 τε
878 2342 1031 2413 παρά
1061 2358 1225 2394 τινων
1251 2339 1362 2393 τῶν
1385 2340 1444 2392 ἐν
1471 2338 1663 2410 ἀγνοίᾳ
1688 2338 1857 2392 ὅντων
1893 2337 1969 2410 μὴ

382 2436 588 2506 ὑψοῖτο,
617 2435 743 2488 οὗτε
782 2434 872 2488 διὰ
895 2434 997 2504 τῆς
1026 2450 1190 2486 τινων
1213 2432 1498 2503 προφορᾶς
1525 2433 1559 2500 ή
1592 2430 1846 2501 θεότητος
1872 2430 1968 2482 οὐ·

384 2527 475 2579 σία
496 2526 837 2579 συνίσταται.
870 2523 1010 2576 Οὔτε
1030 2523 1153 2593 γὰρ
1175 2522 1515 2593 καυχήσεται
1542 2523 1575 2592 ἡ
1609 2521 1720 2575 τῶν
1751 2519 1965 2593 ἀνθρώ-

381 2635 500 2671 πων
531 2616 566 2685 ἢ
598 2615 773 2671 ἄλλων
815 2616 1090 2686 προφορὰ,
1125 2614 1202 2676 ὡς
1242 2612 1362 2682 Θεῷ
1395 2611 1566 2665 ἐνδεεῖ
1608 2611 1767 2678 δόξαν
1807 2629 1970 2683 περι-

381 2694 739 2778 ποιουμένην
775 2707 810 2779 ἢ
868 2704 1290 2769 καλλωπίζουσα
1334 2704 1469 2758 Θεὸν
1519 2704 1962 2775 παντοκράτορα,

381 2800 514 2854 Θεὸν
552 2798 947 2872 προσκυνητὸν,
996 2797 1133 2851 Θεὸν
1178 2796 1468 2850 ἐπίσταται
1506 2797 1549 2862 ί,
1585 2797 1681 2851 καὶ
1720 2795 1968 2867 κτίστην,

383 2892 477 2945 καὶ
505 2890 838 2963 δημιουργὸν
861 2890 1013 2944 ἷδιον.
1038 2889 1178 2943 Οὔτε
1209 2887 1319 2960 γὰρ
1360 2887 1561 2959 ἑαυτὴν
1614 2886 1968 2958 ὑπερένδοξον

383 2985 620 3054 ἡγεῖται,
640 2984 736 3037 καὶ
757 2983 1105 3053 κοσμήτριαν
1134 2979 1231 3034 τοῦ
1263 2972 1394 3033 ἰδίου
1418 2979 1588 3050 αὐτῆς
1611 2978 1969 3050 δημιουργοῦ*

383 3076 505 3128 ἐπεὶ
534 3075 601 3129 ἂν
633 3073 831 3146 ἑαυτὴν
850 3074 1235 3146 προσκυνητὴν
1260 3074 1546 3144 ἡγήσαιτο,
1578 3071 1639 3124 οὐ
1673 3070 1780 3143 μὴν
1804 3086 1974 3142 προσ-

383 3167 622 3223 κυνοῦσα
645 3167 739 3221 τὸν
788 3166 1284 3239 προσκυνούμενον.
1319 3166 1431 3220 Καὶ
1459 3164 1638 3236 μάτην
1668 3163 1810 3219 κατὰ
1839 3165 1970 3218 πάν·-

383 3274 491 3310 των
523 3257 678 3327 λόγον
706 3258 900 3311 κινεῖό
931 3256 1023 3320 σὸς
1059 3255 1241 3325 λόγος,
1279 3254 1474 3310 ’Δέτιε.

2070 1983 2195 2023 cum
2229 1968 2404 2026 Filius
2429 1970 2652 2034 dicitur,
2686 1986 2797 2025 non
2821 1986 3029 2026 meram
3062 1972 3138 2037 id,
3171 1987 3235 2029 ac
3263 1974 3440 2030 solam
3470 1977 3662 2048 appel-

2068 2059 2331 2117 lationem
2364 2077 2478 2133 prae
2509 2077 2568 2118 se
2599 2061 2744 2119 ferre
2765 2062 3071 2133 putandum
3103 2072 3208 2121 est.
3239 2063 3510 2133 Quocirca
3538 2084 3665 2124 cum

2067 2153 2270 2208 unicus
2323 2151 2418 2209 Dei
2464 2152 2658 2221 Filius,
2708 2156 2768 2211 ut
2811 2163 2866 2212 et
2917 2155 3155 2226 Spiritus
3200 2167 3450 2222 sanctus,
3484 2175 3666 2234 neque

2052 2261 2263 2317 reapse
2294 2261 2405 2302 non
2434 2249 2688 2311 exsistat,
2722 2264 2901 2319 neque
2932 2248 3078 2303 nuda
3108 2250 3468 2321 appellatione
3499 2250 3652 2307 dica'.

2068 2345 2184 2400 tur,
2218 2352 2346 2393 cum
2375 2338 2556 2395 Patris
2596 2341 2768 2411 gloria
2811 2340 3145 2409 coniunctus
3194 2349 3302 2407 est,
3336 2358 3513 2415 neque
3538 2360 3665 2400 cum

2071 2440 2383 2485 creatarnm
2416 2446 2601 2486 rerum
2637 2434 3007 2503 appellatione
3036 2435 3321 2493 confusus.
3358 2434 3495 2489 Nam
3528 2435 3666 2490 divi-

2071 2520 2218 2573 nitas
2250 2536 2428 2590 neque
2457 2521 2639 2576 ell‘erri
2670 2538 2792 2579 sese
2819 2526 3078 2595 postulat,
3110 2526 3270 2596 quasi
3306 2541 3416 2581 non
3442 2525 3535 2588 sit,
3568 2542 3664 2582 ne-

2070 2627 2178 2682 que
2208 2613 2598 2669 sublimitatem
2639 2617 2891 2686 requirit,
2927 2617 3053 2673 licet
3084 2619 3154 2673 ab
3186 2618 3395 2689 ignaris
3427 2619 3659 2689 quibus-

2071 2702 2195 2757 dam
2222 2705 2571 2774 pracdicando
2597 2720 2708 2762 non
2741 2708 3058 2770 attollatur;
3089 2724 3267 2779 neque
3293 2709 3457 2764 ullius
3485 2709 3663 2763 bomia

2072 2794 2162 2850 nis
2216 2796 2660 2865 pronuntiatione
2707 2798 3013 2855 divinitatis
3065 2800 3373 2856 substantia
3417 2808 3655 2856 constat.

2072 2884 2193 2940 Non
2227 2886 2377 2941 enim
2418 2887 2699 2944 hominum
2738 2900 3133 2946 caeterorumve
3179 2891 3412 2961 prolatio
3435 2890 3663 2960 gloriari

2071 2979 2272 3047 poterit
2306 2977 2417 3034 Deo
2467 2995 2549 3044 se,
2597 2981 2745 3036 velut
2785 2982 3072 3053 indigenti,
3122 2983 3349 3054 gloriam
3389 2980 3668 3051 decusque

2074 3070 2359 3128 tribuisse.
2394 3080 2489 3125 aut
2521 3073 2697 3128 eidem
2732 3075 3115 3145 omnipotenti,
3145 3074 3534 3145 adorandoque
3561 3074 3669 3129 Deo

2078 3172 2386 3219 ornamenti
2426 3164 2633 3235 aliquid
2668 3167 2954 3222 attulisse:
3017 3181 3179 3237 quem
3219 3166 3439 3237 quidem
3471 3166 3666 3231 Deum,

2002 3246 2048 3307 C
2079 3262 2136 3310 et
2183 3267 2484 3311 creatorem
2530 3256 2983 3329 conditoremque
3031 3273 3191 3313 suum
3225 3257 3494 3329 agnoscit.
3546 3256 3668 3312 Non

382 3354 550 3419 enim,
583 3354 801 3423 opinor,
826 3359 938 3407 tam
975 3352 1253 3423 exquisito
1282 3366 1342 3408 se
1371 3350 1664 3422 splendore
1688 3349 1970 3420 praeditam
2009 3351 2312 3415 existimat,
2350 3360 2407 3405 ut
2430 3352 2594 3407 etiam
2650 3353 2991 3408 conditorem
3043 3367 3205 3408 suum
3246 3366 3515 3407 exornare
3545 3365 3671 3422 pos-

385 3447 471 3501 sit.
524 3447 742 3517 Alioqui
775 3447 1126 3516 semetipsam
1158 3444 1494 3499 adorandam
1535 3459 1660 3499 esse
1689 3442 1961 3507 crederet,
2003 3459 2111 3499 non
2161 3461 2308 3511 eum,
2376 3463 2538 3517 quem
2608 3446 2815 3515 adorat,
2852 3461 3226 3508 veneraretur.
3258 3453 3439 3521 Quare
3468 3454 3671 3509 frustra

380 3537 650 3597 adversus
677 3555 871 3596 omnes
895 3549 1013 3604 tua,
1043 3555 1078 3595 ο
1108 3539 1252 3603 Acti,
1285 3538 1571 3595 contendit
1596 3538 1794 3594 oratio.

748 3648 1152 3705 ΚΕΦΑΛΑΙΟΝ
1179 3649 1440 3703 ΑΕΤΙΟΥ
1472 3648 1602 3704 KZ'.

455 3743 519 3796 Εί
563 3743 729 3796 παντὶ
757 3740 1001 3813 γεννητῷ
1028 3741 1183 3794 αίτία
1218 3741 1686 3812 συγκεκλήρωται,
1730 3741 1972 3804 ἀναίτιος

384 3835 444 3890 δὲ
474 3837 510 3907 ή
540 3833 838 3905 άγέννητος
851 3833 1037 3904 φύσις*
1054 3834 1156 3888 οὐκ
1182 3833 1365 3888 αἰτίαν
1386 3832 1537 3904 δηλοῖ
1554 3832 1615 3888 τὸ
1641 3834 1960 3905 ἀγέννητον,

386 3926 524 3983 ἀλλά
548 3926 850 3981 ὑπόστασιν
888 3926 1168 3998 σημαίνει.

945 4123 1278 4193 Ἀνατροπή
1316 4125 1444 4181 KZ'.

458 4218 570 4273 Kal.
603 4219 767 4272 παντὶ
802 4217 1048 4289 γεννητῷ
1073 4216 1224 4269 αἰτία
1246 4213 1723 4287 ’συγκεκλήρωται,
1748 4213 1842 4269 καὶ⁸
1871 4214 1971 4286 οὐχ

386 4309 758 4382 ὁμολογοῦμεν
783 4309 966 4374 τοῦτο,
996 4308 1073 4373 ὡς
1102 4307 1210 4363 ἀπὸ
1232 4306 1328 4361 σοῦ
1359 4306 1761 4379 μεμαθηκότες.
1822 4306 1971 4378 Προο

387 4402 493 4475 ορᾷ
514 4402 625 4473 γὰρ
653 4402 688 4472 ἡ
720 4401 905 4465 πίστις
935 4400 1036 4471 τῆς
1061 4398 1321 4471 ἀληθείας
1342 4398 1521 4462 τοῦτο,
1556 4400 1651 4454 καὶ
1673 4399 1971 4472 προομολο-

388 4495 495 4564 γεῖ,
536 4496 633 4546 καὶ
660 4492 925 4559 διδάσκει,
957 4492 1039 4545 ὅτι
1082 4489 1214 4554 Θεός
1257 4491 1407 4544 ἐστιν
1442 4491 1472 4543 ὀ
1510 4491 1750 4554 ἀναίτιος
1790 4492 1973 4562 πάσης

389 4582 587 4647 αἰτίας,
606 4583 700 4637 καί
720 4584 949 4654 ἀμιγὴς,
968 4583 1063 4636 καὶ
1087 4580 1454 4644 ἀνυπεύθυνος
1481 4580 1663 4651 πάσης
1705 4582 1972 4652 ἰσότητος.

389 4677 488 4730 Διά
504 4675 665 4729 τοῦτο
684 4673 793 4747 γὰρ
817 4675 911 4728 καὶ
939 4674 1094 4727 αὐτοὶ
1118 4674 1178 4727 οὐ
1207 4672 1619 4744 προσκυνοῦμεν
1641 4674 1750 4727 πᾶν
1766 4672 1829 4727 τὸ
1851 4673 1979 4726 ὑπο.

390 4766 624 4836 ϐεϐηκὸς
640 4767 739 4838 τὴν
759 4766 924 4820 αὑτοῦ
949 4765 1044 4819 τοῦ
1073 4764 1207 4819 Θεοῦ
1231 4765 1442 4831 οὐσίαν,
1462 4765 1551 4819 διά
1580 4765 1643 4818 τὸ
1676 4765 1821 4836 μόνῳ
1849 4767 1978 4838 πρέ-

392 4876 514 4913 πειν
528 4857 606 4928 τῷ
639 4856 993 4927 ἀνυπευθύνῳ
1012 4856 1072 4910 τὸ
1094 4857 1261 4920 σέὸας
1285 4857 1492 4926 νέμειν,
1518 4856 1696 4928 Πατρὶ
1723 4856 1802 4927 τῷ
1822 4857 1978 4924 ἀγεν-

383 4952 558 5021 νήτῳ,
575 4948 785 5019 καὶΥἱῷ
804 4948 881 5020 τῷ
900 4946 1167 5013 ἐξάὐτοῠ,
1188 4947 1282 5001 καὶ
1298 4947 1440 5019 ἁγίῳ
1463 4947 1856 5019 Πνεύματι,τῴ
1878 4948 1975 5000 ἀπ’

397 5040 556 5094 αὑτοῦ
591 5041 685 5094 καί¹
714 5040 802 5093 διὰ
834 5039 929 5093 τοῦ
969 5038 1331 5108 Μονογενοῦς.
1388 5038 1605 5109 Ἐπειδὴ
1642 5038 1795 5093 οὐδὲν
1827 5040 1885 5092 ἐν
1907 5041 1973 5110 τῇ

395 5129 580 5199 Τριάδι
601 5130 838 5192 κτιστὸν,
854 5130 945 5183 καὶ
973 5129 1078 5183 ὑπὸ
1097 5130 1278 5182 αἰτίαν
1296 5129 1568 5199 ἐμπίπτον
1590 5129 1756 5183 ἐστίν.
1771 5129 1846 5182 Οὐ
1866 5129 1975 5201 γὰρ

379 5226 438 5289 ἐξ
473 5223 574 5274 οὐκ
608 5222 778 5274 ὅντων
806 5221 857 5274 τί
895 5223 1043 5274 ἐστιν
1085 5223 1142 5274 ἐν
1178 5223 1243 5292 τῇ
1274 5219 1486 5293 Τριάδι,
1519 5219 1594 5283 ὡς
1620 5220 1714 5273 καὶ
1736 5220 1804 5274 τά
1837 5220 1973 5274 ἄλλα

380 5306 451 5361 τὰ
481 5314 587 5368 ὑπὸ
613 5315 792 5369 αἰτίαν
828 5313 1176 5379 πεπτωκότα,
1215 5313 1313 5368 καὶ
1343 5314 1524 5367 αἰτίαν
1554 5298 1968 5384 κεκληρωμένα.

388 5405 481 5460 Διὸ
508 5406 728 5460 ἀναιτία
754 5400 891 5459 οὖσα
918 5406 1018 5476 τῆς
1048 5403 1307 5477 τοιαύτης
1348 5404 1527 5468 αἰτίας
1556 5406 1590 5475 ἠ
1629 5403 1822 5475 Τριάς,
1874 5405 1970 5475 μό-

381 5518 486 5570 νην
512 5500 713 5572 ὲαυτὴν
745 5499 1000 5563 ἀπλανῶς
1046 5498 1253 5564 ἐδίδαξε
1296 5497 1752 5569 προσκυνεῖσθαιο
1783 5496 1968 5565 ἐπειδὴ

393 5595 529 5665 μόνη
572 5593 714 5664 αὕτη
757 5593 997 5656 ἀναίτιός
1040 5594 1190 5645 ἐστι·
1239 5590 1308 5645 τὰ
1343 5590 1400 5644 δὲ
1440 5591 1618 5646 πάντα
1657 5588 1762 5643 ὑπὸ
1792 5590 1970 5643 αἰτίαν

390 5686 797 5758 περιπέπτωκε.
841 5685 919 5737 Τὰ
952 5685 1050 5756 μὲν
1080 5684 1184 5755 γάρ
1211 5685 1326 5736 ἐστι
1363 5683 1623 5752 γεγονότα
1664 5681 1757 5737 καὶ
1788 5699 1970 5735 κεκτι-

467 5842 482 5874 ¹
515 5841 575 5898 F.
602 5843 901 5915 ἐπιστάτην

2439 3645 2608 3720 θῚῇ,
2633 3646 2817 3702 AETll
2841 3642 3072 3707 CKPUT
3096 3650 3312 3708 XXVII.

2153 3732 2209 3788 Si
2245 3748 2373 3790 cum
2411 3751 2478 3792 eo
2507 3738 2656 3793 omni
2700 3740 2847 3809 quod
2867 3743 3124 3812 genitum
3159 3755 3263 3807 est,
3296 3745 3575 3815 implicata
3602 3764 3671 3805 ex

2075 3823 2366 3894 conjuncta
2389 3840 2569 3881 causa
2586 3828 2738 3883 notio
2758 3836 2862 3894 est,
2887 3831 3128 3901 ingenita
3147 3848 3276 3888 vero
3295 3842 3491 3889 natura
3503 3851 3671 3893 causa

2075 3920 2247 3983 caret,
2261 3930 2385 3970 cum
2408 3917 2712 3987 ingenitum
2735 3919 2997 3987 dicimus,
3018 3937 3128 3978 non
3154 3938 3380 3979 causam
3407 3927 3668 3997 aliquam,

2077 4005 2174 4062 sed
2204 4008 2567 4065 substantiam
2594 4011 2972 4081 exprimimus.

2572 4118 2884 4190 Confutatio
2910 4122 3017 4177 XX
3034 4122 3162 4179 γη.

2147 4212 2305 4279 Quod
2351 4228 2476 4268 cum
2520 4219 2669 4271 omni
2717 4218 2902 4287 genito
2950 4218 3284 4288 implicatam
3320 4234 3446 4275 esse
3487 4236 3670 4279 causa

2077 4306 2355 4362 notionem
2398 4309 2625 4371 asseris,
2660 4311 3009 4365 verissimum
3038 4312 3257 4382 quidem
3285 4323 3392 4379 est,
3428 4315 3523 4370 sed
3556 4330 3668 4370 non

2076 4396 2243 4462 istud,
2301 4401 2460 4469 quasi
2518 4416 2551 4455 a
2602 4409 2657 4457 te
2708 4401 3086 4468 didicerimus,
3136 4406 3479 4475 proﬁtemur.
3553 4405 3670 4463 Hoc

2077 4490 2224 4543 enim
2271 4505 2397 4545 vera
2453 4492 2571 4561 ipsa
2620 4492 2755 4549 ﬁdes
2797 4492 3123 4564 jamdudum
3179 4505 3568 4566 praesenserat,
3615 4510 3670 4554 et

2081 4578 2328 4649 professa
2388 4579 2599 4646 fuerat,
2668 4599 2733 4639 ac
2780 4585 3042 4643 docuerat
3091 4584 3261 4641 Deum
3313 4602 3494 4644 causa:
3543 4603 3669 4645 esse

2080 4671 2259 4724 omnis
2282 4682 2581 4740 expertem,
2612 4688 2713 4727 nec
2746 4673 2856 4727 ulla
2895 4690 2952 4729 re
2984 4676 3323 4744 permistum,
3355 4692 3456 4733 nec
3484 4677 3553 4733 ad
3584 4680 3670 4733 ul-

2079 4762 2187 4817 lius
2217 4761 2295 4817 rei
2328 4763 2695 4833 aaqualitatem
2727 4781 2890 4837 posse
2918 4765 3151 4821 demitti.
3206 4766 3343 4822 Nam
3378 4778 3668 4840 propterea

2080 4855 2213 4908 nihil
2237 4856 2577 4911 adorandum
2610 4868 2886 4927 putamus,
2914 4859 3061 4930 quod
3095 4861 3282 4916 divina
3316 4862 3435 4931 ipsa
3468 4873 3668 4921 natura

2078 4947 2150 5001 sit
2180 4946 2445 5004 inferius:
2480 4951 2684 5021 quippe
2707 4965 2831 5005 cum
2862 4952 2909 5005 ei
2941 4952 3064 5016 soli,
3090 4953 3183 5024 qui
3211 4954 3344 5010 nulli
3379 4956 3668 5026 subjectus

2075 5048 2181 5104 est,
2217 5039 2288 5094 sit
2319 5040 2621 5096 illecultus
2650 5041 3013 5106 adhibendus.
3044 5042 3193 5098 Patri
3229 5045 3484 5101 videlicet
3516 5049 3669 5120 inge«

2078 5131 2215 5198 nito,
2252 5139 2306 5186 et
2336 5130 2496 5195 Filio,
2539 5135 2630 5204 qui
2672 5133 2743 5189 ab
2788 5135 2906 5203 ipso
2936 5137 3152 5205 genitus
3191 5146 3298 5203 est,
3346 5147 3400 5195 et
3437 5138 3666 5210 Spiritui

2079 5231 2290 5288 sancto,
2339 5227 2431 5293 qui
2478 5226 2548 5280 ab
2595 5226 2786 5281 eodem
2829 5242 2927 5296 per
2970 5225 3320 5299 Unigenitum
3364 5234 3667 5302 productus

2076 5324 2182 5370 est.
2207 5315 2658 5387 Quandoquidem
2685 5319 2821 5377 nihil
2850 5321 2905 5374 in
2934 5318 3203 5378 Trinitate
3232 5335 3502 5389 creatum,
3529 5326 3666 5382 nihil

2075 5421 2254 5461 causa:
2285 5407 2378 5460 ulli
2407 5417 2493 5464 est
2540 5410 2873 5478 obnoxium;
2920 5427 3028 5467 non
3058 5413 3203 5467 enim
3243 5415 3451 5486 aliquid
3485 5417 3541 5470 in
3571 5418 3662 5472 illa

2075 5509 2156 5554 est
2189 5515 2221 5554 ε
2252 5500 2426 5555 nihilo
2461 5503 2808 5569 productum,
2842 5506 2990 5560 velut
3035 5515 3251 5569 caetera,
3292 5523 3412 5577 quae
3440 5524 3663 5564 causam

2076 5591 2316 5662 aliquam
2354 5596 2565 5661 sortita,
2600 5606 2890 5667 causaque
2924 5598 3167 5667 subjecta
3201 5611 3348 5655 sunt.
3393 5604 3663 5667 Quocirca

2076 5699 2200 5738 cum
2235 5684 2507 5755 ejusmodi
2543 5703 2766 5745 causam
2799 5691 3007 5747 nullam
3046 5691 3285 5749 Trinitas
3319 5694 3535 5764 habeat,
3572 5710 3661 5752 sc-
