4134 6392
515 341 615 398 Gil

1866 343 1923 399 S.
1968 342 2308 398 EPIPHANII

3681 341 3789 399 MS!

515 463 803 531 metipsam
836 463 1005 517 solam
1031 463 1148 518 sine
1174 464 1285 518 ullo
1314 481 1504 523 errore
1524 467 1860 525 adorandam
1888 468 2096 531 docuit,

2205 469 2400 540 σμένα,
2440 468 2629 539 Πατὴρ
2655 467 2712 522 δὲ
2749 468 3007 532 άκτιστος
3031 508 3046 533 ,
3082 466 3214 520 Υἱὺν
3239 465 3378 536 ἔχων
3407 465 3468 531 ἐξ
3506 465 3671 521 αὐτοῦ
3699 483 3790 535 γε·

515 557 773 625 qnoniam
807 555 920 609 sola
954 570 1136 611 causa:
1164 560 1344 614 omnis
1373 569 1458 613 est
1483 577 1702 632 expers,
1735 561 1943 631 reliqua
1971 576 2101 615 vero

516 648 700 703 omnia
725 663 755 701 a
777 657 922 703 certa
946 665 1112 704 causa
1144 651 1604 720 proﬁciscuntur;
1637 655 1752 709 haec
1779 654 1923 707 enim
1955 653 2102 707 facta

518 751 911 812 procreataque
945 753 1094 806 sunt,
1128 741 1288 798 Pater
1325 746 1621 810 iucrcatus,
1659 746 1856 801 Filium
1892 746 2102 802 habens

519 851 548 887 a
579 850 638 888 se
666 835 927 903 genitum,
968 851 1078 888 non
1113 846 1380 901 creatum,
1410 846 1466 892 et
1492 848 1741 893 sanctum
1772 838 2036 909 Spiritum
2071 853 2100 891 a

518 942 578 979 se
611 927 1015 996 procedentem,
1042 943 1151 981 non
1175 927 1401 982 factum.
1442 929 1574 996 Quae
1597 945 1720 984 cum
1747 932 1821 983 ita
1854 945 1976 986 sese
2006 930 2103 984 ha-

518 1017 704 1078 beant,
728 1034 902 1088 neque
930 1018 1142 1073 all‘ectio
1169 1020 1276 1073 ulla
1309 1020 1362 1074 in
1394 1020 1733 1076 adorandum
1768 1019 1988 1083 Filium,
2018 1021 2102 1076 vel

521 1107 787 1178 Spiritum
825 1119 1076 1164 sanctum
1114 1111 1382 1167 redundet
1413 1127 1444 1166 a
1477 1128 1667 1180 causa,
1706 1115 1921 1169 etiamsi
1953 1114 2103 1185 geni-

519 1207 690 1252 torem
733 1199 904 1256 Filius
951 1202 1146 1256 habeat
1181 1201 1421 1268 Patrem,
1453 1220 1631 1275 neque
1661 1215 1860 1261 creata:
1893 1214 2103 1262 caetera:

516 1309 605 1348 res
647 1295 950 1350 alTectionis
981 1303 1235 1366 expertes
1271 1306 1420 1362 sunt,
1465 1315 1588 1368 qua:
1633 1315 1697 1354 ex
1728 1315 1909 1356 causa:
1938 1301 2100 1355 sorti-

517 1387 663 1441 tione
685 1388 880 1451 oritur,
899 1403 1023 1442 cum
1049 1389 1159 1445 sint
1180 1405 1209 1443 a
1232 1388 1415 1455 Patre,
1435 1389 1573 1446 Filio
1605 1401 1656 1445 et
1681 1390 1883 1461 Spiritu
1911 1399 2101 1447 sancto

517 1486 834 1544 procreatae.
880 1477 952 1532 At
977 1477 1302 1548 Unigenitus
1335 1479 1555 1535 nihilex
1591 1481 1900 1536 istiusmodi
1921 1496 2103 1536 causa:

519 1569 875 1624 attributionc
902 1571 1128 1640 patitur,
1161 1587 1339 1642 neque
1367 1571 1606 1643 Spiritus
1633 1583 1878 1635 sant-tus,
1911 1589 2102 1643 quem-

2203 559 2556 630 7swnpévov,
2602 560 2718 614 ἀλλ’
2755 559 2816 614 οὐ
2858 558 3097 624 κτιστὸν,
3142 559 3236 614 καὶ
3278 559 3432 626 ἀγιον
3473 557 3698 626 Πνεῦμα
3732 558 3792 624 ἐξ

2205 651 2370 704 αὐτοῦ
2426 651 2861 722 ἐκπορευόμενον
2887 690 2902 713 ,
2950 650 3048 704 καὶ
3103 649 3166 704 οῦ
3231 649 3786 720 δεδημιουργημένον.

2203 742 2422 795 Τούτων
2467 742 2525 796 δὲ
2570 742 2745 806 οῦτως
2789 743 3044 812 ἐχόντων,
3081 741 3208 797 οὔτε
3237 743 3410 806 πάθος
3442 741 3790 814 κεκλήρωται

2205 836 2378 888 αἰτίου
2411 837 2440 888 6
2464 835 2947 907 προσκυνούμενος
2973 837 3122 901 Υἱὸς.
3154 835 3333 890 καὶτὸ
3357 835 3512 904 ἀγιον
3542 834 3787 904 Πνεῦμα,

2205 927 2307 982 κᾶν
2341 928 2563 997 Πατέρα
2591 929 2703 999 ἔχοι
2739 930 2831 982 τὸν
2857 930 3179 1001 γεννήτορά,
3211 927 3336 981 οὔτε
3367 928 3436 981 τὰ
3474 926 3640 980 λοιπά
3673 928 3790 979 κτί-

2205 1039 2387 1092 σματα
2411 1021 2539 1075 ἄνευ
2567 1022 2774 1086 πάθους
2803 1023 2888 1093 εἴη
2930 1021 3258 1093 κληρώσεως
3286 1022 3436 1075 αἰτία
3462 1022 3501 1086 ¹,
3535 1019 3644 1073 ἀπὸ
3672 1019 3784 1072 Πα-

2201 1116 2351 1187 τρὸς,
2399 1115 2494 1169 καὶ
2533 1115 2698 1179 Υίοῦ,
2751 1116 2845 1169 καὶ
2881 1115 3040 1183 ἁγίου
3080 1113 3393 1184 Πνεῦματος
3433 1111 3781 1182 κεκτισμένα.

2203 1207 2398 1275 Σαφῶς
2435 1205 2491 1258 δὲ
2524 1206 2653 1260 ἄνευ
2683 1204 2886 1268 πάθους
2922 1206 3008 1275 εἴη
3041 1207 3070 1259 6
3102 1204 3412 1274 Μονογενὴς
3455 1201 3784 1274 κληρώσεως

2194 1299 2402 1363 αἰτίας,
2429 1298 2523 1352 καὶ
2550 1297 2612 1351 τὸ
2641 1298 2794 1364 ἆγιον
2822 1297 2989 1351 αὑτοῦ
3011 1296 3257 1367 Πνεῦμα,
3286 1295 3362 1358 ὼς
3392 1295 3487 1348 καὶ
3509 1295 3539 1348 6
3569 1293 3782 1364 Πατὴρ,

2201 1389 2283 1443 ὅτι
2312 1389 2438 1451 Υἱός
2461 1390 2578 1442 ἐστι
2601 1389 2874 1458 γέννημα,
2899 1388 2992 1441 καὶ
3017 1387 3079 1440 οὐ
3120 1387 3346 1457 κτίσμα.
3393 1385 3502 1440 Καὶ
3535 1383 3637 1437 οῦκ
3675 1383 3785 1436 ἀπὸ

2201 1480 2296 1535 τοῦ
2353 1481 2710 1551 γεγεννῆσθαι
2765 1481 2914 1534 αἰτία
2963 1482 2984 1511 ⁸
3026 1479 3232 1542 πάθους
3289 1476 3706 1549 κληρωθήσεται
3755 1479 3786 1529 ὁ

2205 1573 2333 1652 Υίός
2353 1591 2365 1604 ⁸
2395 1573 2517 1626 οὐδὲ
2548 1572 2610 1626 τὸ
2631 1573 2878 1643 Πνεῦμα,
2922 1571 3110 1643 ἐπειδὴ
3139 1573 3204 1624 ἐκ
3235 1570 3449 1641 Πατρδς
3486 1568 3785 1640 ἐκπορεύε-

516 1661 812 1715 admodum
844 1678 1021 1731 neque
1049 1661 1211 1717 Pater
1240 1664 1390 1734 ipse;
1428 1674 1718 1736 propterea
1753 1662 1901 1732 quod
1930 1662 2100 1718 Filius

2202 1685 2315 1729 ται,
2362 1665 2485 1718 οὔτε
2530 1665 2640 1735 γὰρ
2675 1666 2702 1717 ὁ
2750 1664 2964 1736 Πατὴρ,
3008 1663 3196 1734 ἐπειδὴ
3241 1663 3520 1732 ἐγέννησε,
3576 1660 3670 1714 καὶ
3725 1658 3785 1725 ἐξ

515 1752 696 1821 genita
733 1753 952 1807 soboles
989 1760 1095 1817 est,
1130 1767 1236 1806 non
1272 1761 1545 1807 creatura.
1581 1750 1762 1817 Quare
1799 1749 2002 1804 nullam
2033 1765 2099 1802 ex

2205 1758 2398 1812 ἐαυτοῦ
2429 1757 2688 1830 ἐξήγαγε,
2716 1758 2786 1812 τά
2825 1758 2870 1810 δ’
2892 1757 3027 1812 ἄλλα
3065 1755 3205 1826 μετὰ
3232 1755 3358 1808 Υἱὸν
3403 1753 3499 1807 καὶ
3557 1751 3785 1820 Πνεῦμα

513 1859 580 1898 eo
635 1846 778 1914 quod
840 1847 1058 1916 genitus
1106 1856 1212 1912 est,
1264 1845 1610 1901 all‘ectioncm
1644 1858 1827 1898 causa!
1872 1842 2100 1898 sortitur

2204 1850 2438 1914 ἔκτισεν,
2462 1849 2568 1902 ὑπὸ
2599 1849 2768 1912 πάθος
2793 1849 2974 1911 αἰτίας
2999 1847 3336 1917 εὑρίσκεται,
3372 1843 3550 1898 καίτοι
3581 1859 3646 1910 γε
3676 1841 3785 1896 τῶν

512 1932 724 2000 Filius;
774 1953 876 1992 nec
918 1937 1154 2010 Spiritus
1199 1947 1445 2003 sanctus,
1484 1954 1608 1992 cum
1651 1952 1681 1991 a
1711 1935 1872 1992 Patre
1907 1951 2098 2006 proce-

2204 1939 2378 1992 ἄλλων
2402 1939 2620 1992 πάντων
2647 1941 2704 1992 ἐν
2727 1938 2803 2009 τῷ
2832 1935 3035 2002 κτίζειν
3071 1936 3105 2008 ἢ
3133 1936 3330 2006 γεννᾷν
3367 1933 3530 1987 πάθει
3567 1948 3786 2002 συνεχο-

513 2027 624 2082 dat.
657 2028 866 2084 Etenim
897 2029 1057 2086 Pater
1088 2047 1154 2085 ex
1187 2047 1273 2096 eo,
1299 2031 1447 2101 quod
1477 2029 1686 2100 genuit,
1728 2037 1822 2082 aut
1851 2028 2036 2083 emisit
2066 2043 2097 2082 e

2207 2029 2402 2100 μένων.
2435 2029 2696 2090 Ἀναίτιος
2735 2025 2866 2095 γοῦν
2897 2027 2927 2078 6
2964 2023 3177 2095 Πατὴρ,
3235 2023 3330 2076 καί
3358 2024 3388 2076 6
3419 2021 3570 2084 Υἱὸς,
3603 2017 3698 2072 καὶ
3725 2015 3788 2070 τὸ

513 2135 573 2174 se
605 2121 744 2190 ipso,
779 2133 973 2177 caetera
1015 2138 1144 2176 vero
1179 2130 1301 2193 post
1325 2121 1524 2176 Filium
1565 2136 1630 2176 ac
1667 2119 1932 2190 Spiritum
1969 2134 2098 2174 san-

2207 2118 2362 2188 ἆγιον
2411 2119 2671 2187 Πνεῦμα·
2715 2116 2860 2170 αἰτία
2893 2116 2951 2169 δέ
2987 2117 3136 2169 ἐστιν
3174 2116 3206 2186 ἡ
3249 2114 3419 2183 Τριάς
3456 2113 3565 2167 τῶν
3608 2109 3787 2166 άπάν-

513 2222 658 2267 etum
692 2215 917 2279 creavit,
959 2215 1232 2270 aﬂ‘ectioni
1279 2215 1374 2269 ulli
1407 2229 1590 2270 causa:
1627 2212 1909 2282 subjectus
1933 2210 2098 2282 975

2205 2229 2333 2274 των,
2381 2211 2766 2279 συγκτίζουσα,
2811 2211 2907 2265 καὶ
2951 2209 3477 2281 συνδημιουργοῦσα,
3515 2207 3680 2278 μηδὲν
3719 2207 3779 2260 ἐν

512 2309 618 2364 est,
669 2320 979 2375 quanquam
1015 2306 1121 2359 alia
1151 2305 1335 2360 omnia
1367 2306 1420 2359 in
1451 2305 1691 2360 creando
1722 2302 2100 2375 generandove

2208 2304 2344 2374 αὐτῇ
2368 2303 2582 2357 κτιστὸν
2604 2304 2637 2374 ἦ
2671 2301 3202 2374 δεδημιουργημένον
3224 2300 3588 2371 γινώσκουσα.

515 2401 794 2468 patiantur
823 2398 1049 2471 aliquid.
1085 2399 1428 2470 Quapropter
1462 2397 1641 2460 Pater,
1673 2395 1844 2452 Filius
1878 2404 1933 2450 et
1981 2393 2219 2465 Spiritus
2252 2404 2476 2450 sanctus
2506 2410 2729 2450 causam
2791 2395 2992 2450 habent
3053 2394 3282 2447 nullam.
3345 2391 3601 2448 Omnium
3658 2403 3790 2444 vero

516 2505 680 2545 causa
709 2493 926 2561 estipsa
956 2489 1217 2556 Trinitas,
1239 2509 1360 2564 quae
1382 2493 1567 2548 omnia
1597 2492 1703 2549 ista
1731 2490 1892 2548 simul
1923 2497 2094 2556 creat,
2139 2506 2203 2545 ac
2232 2493 2477 2556 molitur,
2513 2491 2757 2561 nihilque
2809 2489 2865 2545 in
2923 2504 3046 2545 sese
3113 2496 3355 2543 creatum
3424 2495 3519 2540 aut
3555 2485 3790 2540 fabrica-

515 2593 630 2638 tum
659 2585 931 2653 agnoscit.

939 2697 1125 2753 AETll
1153 2697 1384 2754 CAPUT
1416 2698 1659 2754 XXVI“.

586 2789 647 2846 Si
679 2788 946 2860 quidquid
981 2791 1306 2862 productum
1337 2801 1440 2854 est,
1464 2792 1534 2846 ab
1566 2792 1739 2846 altero
1770 2790 2096 2861 productum

514 2889 621 2944 est,
652 2882 890 2952 ingenita
925 2898 1055 2938 vero
1089 2883 1401 2954 hypostasis
1431 2899 1532 2938 nec
1564 2898 1595 2936 a
1623 2899 1682 2938 se
1721 2884 1859 2953 ipsa,
1897 2897 1996 2936 nec
2028 2882 2096 2935 ab

516 2973 622 3026 alia
661 2973 921 3044 producta
945 2983 1050 3036 est,
1085 2975 1311 3046 ingeniti
1342 2977 1612 3031 vocabulo
1641 2975 1948 3032 substantia
1979 2975 2097 3045 ipsa

514 3069 852 3140 signiﬁcetur
883 3077 1119 3140 oportet.

1002 3182 1313 3251 Confutatio
1345 3179 1454 3234 ΧΧ
1468 3177 1631 3234 VIII.

582 3274 824 3331 Rursum
857 3275 1018 3331 nobis
1048 3274 1192 3330 istud
1225 3275 1438 3337 Aetius,
1472 3281 1735 3343 tanquam
1771 3287 1973 3326 novum
1996 3270 2098 3324 ali-

513 3369 643 3437 quid
677 3378 730 3422 et
761 3369 1090 3432 inauditum,
1122 3367 1332 3436 objicit,
1361 3377 1422 3422 ut
1446 3367 1746 3421 dialectica:
1773 3365 1934 3420 istius
1965 3364 2098 3419 suh-

512 3463 722 3517 tilitatis
757 3469 947 3518 auctor
979 3477 1102 3517 esse
1151 3460 1420 3515 videatur.
1478 3458 1659 3525 Quare
1693 3471 2100 3530 supervacanee

512 3553 645 3605 illud
671 3567 838 3605 unum
871 3551 1128 3618 inculcat,
1157 3549 1304 3620 quod
1329 3551 1383 3604 in
1409 3549 1841 3604 controversiam
1878 3547 2100 3602 minime

512 3655 839 3709 revocatur;
876 3658 1052 3713 neque
1075 3642 1288 3698 veritati
1313 3649 1604 3712 repugnat,
1626 3652 1681 3696 et
1709 3649 1966 3710 perpetua
1996 3639 2100 3692 Ec-

510 3738 695 3792 clesiae
715 3737 1001 3791 catholicae
1030 3734 1373 3806 professione
1398 3742 1635 3790 tenetur.
1666 3733 1942 3804 Quidquid
1968 3748 2098 3802 ergo

507 3826 715 3879 factum
743 3837 848 3888 est,
895 3825 964 3878 ab
995 3827 1169 3880 altero
1200 3824 1404 3878 factum
1439 3825 1512 3879 sit
1546 3831 1796 3894 oportet;
1851 3831 1907 3876 at
1943 3824 2097 3892 inge-

516 3919 624 3972 nita
679 3917 992 3989 hypostasis
1037 3931 1213 3986 neque
1251 3931 1282 3969 a
1334 3916 1515 3986 seipsa
1543 3954 1560 3980 ,
1639 3931 1816 3986 neque
1853 3916 1923 3969 ab
1967 3917 2096 3979 alia,

511 4013 761 4081 quamvis
823 4009 1049 4079 ingeniti
1102 4009 1324 4062 nomine
1379 4008 1743 4063 substantiam
1797 4007 2096 4078 signiﬁCari

515 4117 741 4156 necesse
773 4101 861 4155 sit.
898 4099 1041 4165 Quid
1074 4099 1219 4153 enim
1255 4099 1427 4167 magis
1453 4099 1545 4152 illo
1575 4099 1946 4154 necessarium
1973 4112 2100 4153 esse

514 4195 724 4265 potest?
752 4193 886 4246 Nam
919 4192 1022 4248 hoc
1051 4191 1374 4246 substantia:
1403 4191 1750 4255 vocabulum,
1777 4191 1922 4260 quod
1949 4191 2099 4244 Ano-

513 4287 641 4341 mmi
669 4297 722 4342 et
764 4286 955 4338 Ariani
983 4285 1037 4338 in
1069 4299 1165 4338 ore
1193 4297 1407 4353 semper
1435 4284 1656 4348 habent,
1685 4283 1882 4338 callide
1911 4298 1976 4338 ac
2003 4300 2097 4338 \e-

515 4379 773 4433 teratorie
809 4377 1094 4447 usurpavit
1123 4377 1338 4439 Aetius,
1368 4385 1424 4430 et
1452 4375 1524 4428 ab
1557 4375 1674 4444 ipsa
1701 4382 1926 4430 coactus
1956 4376 2097 4430 veri-

2567 2689 2820 2745 ΑΕΤΙΟΥ
2858 2689 3255 2742 ΚΕΦΑΛΛΙΟΝ
3291 2689 3423 2743 KH’.

2277 2785 2341 2838 Εί
2379 2785 2489 2836 πᾶν
2521 2783 2581 2836 τὸ
2606 2783 2828 2851 γεγονὸς
2855 2783 2944 2850 ὑφ’
2981 2781 3171 2852 ἐτέρου
3206 2781 3452 2858 γέγονεν,
3483 2783 3518 2852 ἡ
3545 2781 3602 2835 δὲ
3627 2782 3790 2850 ἀγέν-

2203 2893 2362 2949 νητος
2400 2876 2700 2938 ὑπόστασις
2737 2875 2859 2928 οὔτε
2909 2875 2998 2943 ὑφ’
3045 2875 3264 2946 ἑαυτῆς,
3299 2874 3421 2928 οὔτε
3467 2875 3556 2944 ὑφ’
3594 2875 3788 2946 ἐτέρας

2205 2971 2426 3039 γέγονεν
2445 2987 2458 3000 ·
2489 2971 2703 3042 ἀνάγκη
2725 2971 2913 3026 οὐσίαν
2942 2970 3136 3042 δηλοῦν
3163 2971 3224 3024 τὸ
3245 2970 3556 3040 ἀγέννητον.

2747 3176 3073 3246 Ἀνατροπὴ
3120 3179 3253 3231 [(11⁷.

2273 3267 2384 3320 Καὶ
2430 3267 2588 3321 τοῦτο
2633 3268 2795 3321 πάλιν
2846 3269 3049 3332 Ἀέτιος
3096 3270 3220 3338 ἥκει
3266 3268 3446 3338 φέρων
3491 3271 3656 3340 ἡμῖν,
3711 3269 3787 3333 ὡς

2201 3359 2386 3413 καινόν
2417 3378 2468 3413 τι
2493 3362 2584 3413 καὶ
2611 3362 2923 3432 πρόσφατον
2953 3360 3348 3432 ὑφηγούμενος,
3385 3362 3473 3415 ἴνα
3507 3365 3646 3433 φανῇ
3672 3363 3786 3414 δια-

2200 3452 2455 3525 λεκτικῆς
2484 3456 2782 3526 ὲφευρετὴς
2826 3451 2965 3508 εἶναι
2999 3455 3373 3524 συλλογιστίας
3405 3458 3468 3508 ἐκ
3504 3456 3783 3528 περισσοῦ,

2205 3547 2315 3619 [οῦ]
2353 3547 2514 3617 μόνον
2536 3547 2556 3577 ³
2593 3547 2724 3600 αὐτὸ
2754 3547 2910 3600 τοῦτο
2947 3546 3142 3618 δηλῶν,
3193 3548 3330 3618 ὅπερ
3357 3547 3474 3599 οῦδέ
3512 3547 3785 3618 ἀμφιθάλ-

2199 3639 2376 3702 λεται,
2410 3637 2535 3691 οὔτε
2571 3639 2710 3691 κατὰ
2731 3639 2830 3709 τῆς
2860 3639 3138 3710 ἀληθείας,
3172 3640 3233 3692 τὸ
3261 3640 3348 3692 ἀεὶ
3377 3641 3434 3691 ἐν
3464 3639 3613 3710 αὐτῴ
3639 3641 3694 3692 ἐν
3716 3643 3783 3710 τῇ

2201 3731 2461 3802 καθολικῇ
2504 3731 2796 3802 Ἐκκλησία
2826 3730 3260 3801 ὁμολογούμενον
3291 3731 3605 3802 ἐνυπάρχει.
3670 3733 3786 3785 Πᾶν

2200 3823 2309 3894 γὰρ
2337 3823 2398 3876 τὸ
2420 3823 2642 3892 γεγονὸς
2683 3824 2772 3891 ὑφ’
2820 3824 3008 3894 ἐτέρου
3041 3823 3270 3892 γίνεται.
3315 3824 3378 3876 Ἤ
3405 3823 3460 3876 δὲ
3492 3825 3784 3892 ἀγέννητος

2202 3914 2494 3977 ὑπόστασις
2547 3913 2670 3966 οὔτε
2699 3915 2788 3982 ὑφ’
2815 3914 3030 3983 ἑαυτῆς,
3055 3913 3180 3967 οῦτε
3204 3915 3294 3982 ὑφ’
3317 3915 3508 3985 ἐτέρας
3528 3914 3780 3983 γέγονεν’

2200 4009 2248 4060 εί
2292 4006 2388 4060 καὶ
2427 4007 2641 4076 ἀνάγκη
2678 4006 2867 4061 οὐσίαν
2899 4007 3092 4077 δηλοῦν
3131 4007 3191 4058 τὸ
3238 4007 3550 4078 ἀγέννητον.
3598 4008 3704 4060 Καὶ
3731 4006 3784 4060 τί

2199 4098 2389 4152 τούτου
2423 4099 2876 4170 άναγκαιότερονς
2926 4100 3104 4172 Ὅπερ
3147 4100 3256 4171 γὰρ
3300 4101 3385 4152 ἀεὶ
3441 4100 3570 4170 παρ’
3601 4100 3784 4163 αὐτοῖς

2199 4192 2310 4253 τοίς
2331 4207 2390 4242 τε
2434 4191 2748 4261 Ἀνομοίοις,
2782 4191 2875 4244 καὶ
2913 4191 3207 4262 ’Δρειανοῖς
3240 4191 3300 4243 τδ
3330 4193 3428 4262 τῆς
3450 4191 3637 4254 οὐσίας
3662 4191 3784 4243 ὅνο-

2203 4299 2281 4353 μα
2309 4282 2656 4354 παλιμϐόλως
2686 4282 2973 4348 ἐξελάὸετο
3009 4285 3235 4348 Ἀἑτιος,
3269 4284 3457 4352 σαφῶς
3482 4283 3785 4352 ἀναγκαζό-

2203 4392 2362 4445 μενος
2395 4376 2500 4429 ὑπὸ
2535 4377 2634 4448 τῆς
2667 4377 2926 4446 ἀληθείας
2955 4377 3326 4448 ὡμολόγησεν.
3376 4379 3575 4441 Οὐσίας
3601 4379 3785 4430 τοίνυν

513 4478 624 4524 tate
657 4470 948 4526 confessus
989 4477 1094 4524 est.
1151 4467 1339 4538 Itaque
1379 4483 1504 4521 cum
1545 4466 1770 4537 ingeniti
1812 4467 1951 4520 ratio
1980 4466 2096 4536 ipsa

2201 4469 2367 4540 οὔσης
2395 4471 2496 4540 τῆς
2537 4470 2884 4541 ἀγεννησίας.
2923 4468 2981 4534 ἐξ
3023 4471 3189 4541 αὐτῆς
3217 4471 3296 4535 δὲ,
3337 4472 3432 4524 καὶ⁸
3458 4471 3557 4523 οὐκ
3600 4469 3657 4534 ἐξ
3685 4471 3786 4523 οὐκ

513 4561 820 4614 substantia
851 4561 943 4623 sit,
963 4559 1264 4628 eademque
1291 4574 1322 4613 e
1348 4559 1549 4627 seipsa,
1570 4574 1677 4613 non
1700 4573 1731 4613 e
1758 4557 1952 4620 nihilo,
1980 4558 2100 4611 sine

514 4653 622 4704 ulla
653 4651 1030 4721 inquinatione
1060 4665 1123 4705 ac
1151 4649 1408 4720 passione
1444 4647 1793 4718 Unigenitum
1827 4648 2099 4718 genuerit,

512 4743 664 4796 nullo
712 4759 886 4812 neque
931 4751 1196 4813 tempore,
1253 4757 1354 4798 nec
1417 4743 1594 4805 initio,
1652 4741 1918 4812 Spiritum
1969 4757 2102 4797 vero

510 4825 764 4891 sanctum
790 4835 1038 4890 emiserit
1060 4850 1091 4890 c
1121 4835 1325 4904 seipsa,
1351 4849 1460 4889 non
1490 4850 1522 4888 e
1548 4833 1722 4888 nihilo
1745 4833 2089 4903 produxerit:

512 4928 862 4983 rmnil‘esnnn
892 4936 978 4983 est
1007 4928 1060 4981 in
1089 4935 1280 4981 sancta
1307 4942 1372 4981 ac
1398 4926 1669 4982 catholica
1699 4924 1944 4982 Ecclesia
1969 4942 2095 4980 con-

510 5019 929 5075 uuhstantialem
963 5016 1287 5071 Trinitatem
1322 5016 1424 5071 rite
1452 5015 1760 5087 praedicari.
1815 5015 1936 5081 Quo
1969 5018 2092 5087 qui-

510 5113 634 5167 dein
681 5112 904 5166 nomine
945 5121 1130 5166 creata
1166 5111 1314 5165 nulla
1350 5126 1438 5165 res
1477 5110 1862 5180 comprehendi
1894 5117 2095 5180 potest,

509 5219 575 5256 eo
605 5202 752 5272 quod
783 5218 958 5272 neque
990 5209 1210 5265 natura,
1238 5217 1416 5272 neque
1445 5202 1617 5263 cultu,
1656 5215 1719 5254 ac
1747 5200 2098 5254 veneratione

512 5304 692 5367 potest
735 5296 940 5366 aliquid
990 5295 1304 5366 Unigenito,
1348 5306 1442 5352 aut
1482 5294 1712 5365 Spiritui
1751 5303 1946 5350 sancto
1974 5309 2097 5349 esse

511 5390 709 5444 simie.
741 5390 950 5444 Caetera
977 5391 1122 5444 enim
1152 5406 1182 5444 e
1215 5390 1386 5444 nihilo
1409 5399 1615 5450 creata,
1650 5405 1748 5442 nec
1772 5389 2096 5443 adoratione

511 5484 892 5553 prosequenda
928 5491 1095 5548 sunt;
1138 5482 1384 5538 Trinitas
1419 5497 1548 5536 vero
1583 5483 1936 5551 sempiterna.
1988 5479 2092 5533 Pa-

512 5584 597 5626 ter
632 5574 928 5642 perfectus.
974 5573 1136 5627 Pater
1169 5584 1287 5638 est;
1324 5571 1494 5626 Filius
1527 5572 1828 5642 perfectus.
1863 5571 2033 5626 Filius
2061 5589 2090 5625 ει

515 5664 670 5720 l‘utre
701 5669 950 5736 genitus;
990 5665 1230 5736 Spiritus
1265 5675 1520 5728 sanctus,
1551 5663 1787 5734 Spiritus
1817 5663 2088 5732 perfeculs

2197 4561 2366 4614 ὄντων
2399 4561 2685 4633 ἀχράντως
2723 4562 2818 4615 καὶ
2851 4562 3080 4625 ἀπαθῶς
3124 4564 3464 4632 γεννησάσης
3493 4562 3582 4612 τὸν
3613 4563 3789 4615 Μονο-

2199 4655 2332 4725 γενῆ
2373 4655 2618 4724 ἀχρόνως
2653 4654 2746 4706 καὶ
2785 4655 3054 4725 άνάρχως,
3085 4656 3178 4708 καὶ
3205 4655 3264 4721 ἐξ
3290 4656 3458 4725 αὐτῆς
3482 4653 3786 4722 ἐξαγαγούο

2201 4763 2303 4816 σης
2330 4747 2391 4798 τὸ
2422 4747 2576 4815 ἅγιον
2613 4745 2858 4816 Πνεῦμα,
2891 4749 2984 4800 καὶ
3029 4749 3129 4800 οὐκ
3167 4747 3226 4813 ἐξ
3255 4751 3354 4802 οὐκ
3383 4750 3569 4812 ὅντων,
3600 4749 3787 4818 σαφῶς

2201 4841 2258 4892 ἐν
2291 4841 2356 4910 τῇ
2388 4840 2519 4910 ἁγίᾳ
2548 4839 2808 4910 καθολικῇ
2861 4839 3154 4912 Ἐκκλησία
3180 4841 3474 4914 ὀρθοδόξως
3501 4843 3786 4912 όμοούσιος

2200 4932 2233 5000 ἡ
2259 4929 2426 5001 Τριάς
2443 4930 2791 5001 κηρύττεται,
2815 4932 3041 5002 μηδενὸς
3074 4933 3180 4986 τῶν
3215 4935 3586 5003 κεκτισμένων
3623 4934 3785 4987 δυνα-

2206 5021 2368 5091 μένου
2391 5021 2468 5092 τῷ
2492 5023 2716 5093 ὀνόματι
2739 5024 2911 5096 τούτῳ
2932 5025 3237 5088 καλεῖσθαι,
3271 5026 3357 5078 διὰ
3389 5027 3449 5078 τὸ
3481 5025 3615 5096 μηδὲ
3645 5027 3785 5078 κατὰ

2203 5120 2366 5188 φύσιν
2415 5118 2553 5174 εἷναί
2597 5138 2652 5173 τι
2697 5122 2881 5192 ὅμοιον
2925 5122 3003 5193 τῷ
3039 5123 3337 5190 Μονογενεῖ
3383 5123 3478 5175 καὶ
3520 5121 3599 5192 τῷ
3644 5121 3786 5191 ἁγίῳ

2203 5211 2502 5282 Πνεῦματι,
2551 5213 2686 5285 μήτε
2738 5212 2875 5266 κατὰ
2913 5213 2975 5266 τὸ
3015 5213 3196 5278 σέσας.
3239 5213 3319 5266 Τὰ
3370 5214 3466 5284 μὲν
3498 5215 3607 5284 γάρ
3635 5215 3786 5265 ἐστιν

2202 5302 2262 5370 ἐξ
2293 5305 2394 5356 οὐκ
2433 5303 2602 5358 ὄντων
2643 5307 2994 5376 κεκτισμένα,
3032 5305 3125 5359 καὶ
3149 5308 3207 5359 οὗ
3243 5306 3594 5377 προσκυνητά
3617 5320 3631 5335 ⁸
3659 5307 3692 5372 ὴ
3727 5303 3784 5359 δὲ

2202 5395 2372 5465 Τριάς
2405 5397 2492 5448 ἀεὶ
2519 5397 2665 5450 ἔστιν
2684 5414 2697 5427 ’
2729 5399 2756 5450 6
2790 5399 2978 5470 Πατὴρ
3006 5398 3194 5472 Πατὴρ
3223 5399 3446 5464 τέλειος,
3485 5398 3579 5450 καὶ
3601 5399 3629 5450 ὁ
3657 5396 3786 5458 Υἱὸς

2202 5486 2330 5550 Υἱὸς
2349 5487 2557 5552 τέλειος
2591 5490 2655 5543 ἐκ
2685 5491 2899 5562 Πατρὸς
2927 5491 3226 5562 γεννηθεὶς,
3256 5492 3351 5546 καὶ
3373 5491 3433 5543 τὸ
3471 5489 3693 5561 Πνεῦμα
3723 5488 3784 5540 τὸ

2199 5577 2353 5647 ἅγιον
2374 5581 2598 5652 Πνεῦμα
2623 5583 2828 5636 τέλειον
2857 5585 2926 5637 ἐκ
2947 5585 3174 5652 Πατρός
3211 5584 3507 5652 προελθὸν
3543 5586 3640 5636 καὶ
3674 5580 3780 5635 τοῦ

2199 5668 2332 5722 Υιοῦ
2382 5672 2708 5740 λαμϐάνον.
2767 5673 2876 5727 Καὶ
2907 5676 3084 5729 πάντα
3127 5678 3257 5746 ἡμῖν
3299 5674 3537 5744 φωτεινὰ
3573 5674 3640 5728 τά
3680 5675 3782 5743 τῆς

587 5784 602 5814 ί
636 5781 693 5835 F.
725 5785 920 5846 αἰτίας.
989 5784 1008 5814 ¹
1046 5782 1103 5836 F.
1141 5783 1337 5836 αἰτίαν.
1415 5784 1434 5813 ³
1457 5781 1600 5852 Lego
1629 5783 1691 5832 ἐκ
1721 5779 1981 5846 περισσοῦ
2011 5781 2191 5850 μόνον.
