4134 6392
346 357 453 413 613

986 354 1356 411 ADVERSUS
1394 350 1742 408 IIASRESES
1782 348 1911 404 LIB.
1961 346 1978 400 1

2092 344 2263 400 ΤΟΜ.
2303 345 2429 399 1.-
2470 340 2746 397 ΙῐᾸΞΙὶΕΒ.
2787 339 3023 396 LXXVI.

3523 338 3629 398 CM

352 475 501 538 θείας
541 474 785 543 Γραφῆς,
835 474 927 527 καὶ
951 472 1020 526 τά
1050 472 1149 543 τῆς
1183 471 1343 539 ἁγίας
1365 469 1600 532 πίστεως
1621 509 1634 532 ,
1664 469 1759 521 καὶ
1788 467 1939 520 οὐδὲν
1969 483 1982 522 t

2113 460 2273 515 Patre
2301 436 2586 528 procedens
2607 459 2648 523 ³,
2684 467 2731 510 et
2766 473 2798 510 a
2832 455 2979 511 Filio
3006 458 3269 528 accipiens
3293 456 3334 509 ⁸.
3373 455 3449 509 lta
3482 453 3632 510 Scri-

356 570 580 631 σκολιὸν,
609 568 642 637 ἢ
675 567 937 629 ἐναντίον,
970 565 1003 637 ἢ
1040 564 1498 637 στραγγαλιῶὸες.

714 847 971 901 ΑΕἸῚΟΥ
1001 844 1397 901 ΚΕΦΑΛΛΙΟΝ
1429 843 1561 900 KO'.

424 944 487 997 Εί
516 942 584 1013 τῇ
610 939 707 992 τοῦ
732 938 1074 1008 γεννήματος
1102 937 1262 1009 οὐσίᾳ
1306 934 1731 1006 συνεμφαίνεται
1758 933 1834 995 ὡς
1856 934 1945 986 αί-

356 1038 442 1090 τία
476 1038 510 1107 ή
547 1034 841 1103 ἀγέννητος
877 1030 1197 1093 ὑπόστασις,
1244 1029 1387 1083 κατά
1428 1029 1609 1100 πάσης
1646 1027 1832 1089 αἰτίας
1883 1025 1965 1077 το

358 1127 774 1199 ἀπαράλλακτον
813 1126 1033 1198 ἔχουσα,
1069 1123 1358 1177 αύτοουσία
1396 1121 1547 1175 ἐστὶν
1584 1118 1940 1190 ἀσύγκριτος,

357 1220 457 1272 οὐκ
484 1218 684 1285 ἔξωθεν
715 1216 1115 1287 συνυφαίνουσα
1151 1213 1212 1267 τὸ
1249 1212 1545 1284 ἀπρόσιτον
1568 1227 1581 1240 ο
1613 1210 1747 1263 αὐτὸ
1769 1209 1826 1262 δὲ
1849 1211 1944 1261 ὐπ-

360 1313 602 1382 άρχουσα
661 1309 1024 1381 ἀσύγκριτος,
1067 1306 1161 1361 καὶ
1213 1306 1510 1375 ἀπρόσιτος
1529 1342 1545 1367 ,
1600 1300 1791 1372 ἐπειδὴ
1850 1301 1947 1354 καὶ

361 1401 651 1471 ἀγέννητος
662 1441 674 1454 .

920 1685 1241 1754 Ἆνατροπὴ
1268 1688 1399 1740 KO'.

439 1779 706 1843 Πολλάκις
734 1778 875 1833 κατά
905 1779 1015 1831 τῶν
1043 1779 1224 1831 αὐτῶν
1257 1777 1461 1841 Ἀέτιος
1489 1776 1735 1847 φέρεται,
1759 1773 1949 1845 ὥσπερ

2044 564 2204 623 ptttra
2254 553 2433 606 omnis
2482 566 2676 615 sacra,
2727 557 2782 603 et
2827 548 3097 603 catholica
3150 549 3282 603 ﬁdes
3325 547 3631 601 clarissima

2045 646 2204 698 nobis
2247 654 2366 708 est;
2422 658 2601 713 neque
2640 639 2939 710 quidquam
2993 641 3134 697 inest
3182 640 3487 710 obliquum,
3540 648 3635 694 aut

2046 737 2409 801 contrarium,
2444 743 2537 789 aut
2568 733 2804 803 denique
2836 742 3167 790 tortuosum.

2375 847 2543 918 976
2583 845 2768 902 AETll
2802 845 3031 902 CAPUT
3063 845 3255 900 XXIX.

2119 938 2176 994 Si
2208 940 2435 1010 ingcniti
2493 938 2825 1005 substantia,
2859 947 3123 1009 tanquam
3171 952 3362 1002 causa,
3394 934 3635 1007 ingenita

2047 1032 2364 1104 bypostasis
2395 1032 2730 1097 declaratur,
2760 1047 2880 1102 qua?
2912 1047 3023 1102 prae
3049 1031 3198 1085 omni
3228 1046 3523 1085 causarum
3543 1045 3639 1099 ge-

2047 1140 2177 1179 nere
2224 1122 2671 1177 immutabilitate
2720 1123 2792 1179 sit
2845 1122 3092 1191 praedita,
3134 1121 3325 1176 eadem
3371 1135 3470 1190 per
3516 1134 3640 1175 sese

2049 1214 2361 1269 substantia
2386 1213 2834 1283 incomparaliilis
2857 1220 2963 1277 est,
2993 1227 3100 1267 non
3124 1212 3272 1267 velut
3294 1213 3640 1289 extrinsecus

2049 1307 2278 1362 ascitam
2322 1305 2644 1376 qualitatem
2673 1305 2820 1358 illam
2851 1320 2963 1378 pra:
2994 1321 3052 1360 se
3080 1302 3284 1366 ferens,
3322 1303 3451 1358 nihil
3483 1311 3542 1358 ut
3573 1304 3641 1359 ad

2050 1402 2224 1471 ipsam
2254 1399 2432 1470 possit
2462 1398 2762 1466 accedere;
2809 1398 2907 1453 sed
2950 1396 3003 1452 id
3037 1415 3103 1453 ex
3151 1413 3273 1454 sese
3301 1399 3529 1461 habens,
3563 1399 3642 1452 uti

2051 1492 2186 1546 nihil
2216 1506 2339 1546 cum
2375 1493 2493 1561 ipsa
2531 1488 2793 1555 conferri;
2831 1499 2924 1544 aut
2967 1490 3034 1545 ad
3070 1499 3188 1543 eam
3220 1489 3486 1546 accedere
3512 1506 3642 1562 pos-

2053 1590 2145 1644 sit.
2192 1586 2345 1642 Unde
2373 1594 2427 1641 et
2456 1600 2553 1656 per
2582 1593 2757 1640 semet
2784 1592 2867 1639 est
2902 1585 3165 1655 ingenita.

2569 1698 2883 1769 Confutatio
2915 1696 3132 1752 XXIX.

2128 1796 2273 1851 Idem
2303 1810 2497 1850 saxum
2532 1804 2794 1865 perpetuo
2822 1794 2997 1850 volvit
3023 1794 3236 1857 Aetius,
3266 1803 3327 1849 ut
3358 1808 3389 1847 a
3426 1809 3514 1848 me
3543 1807 3647 1848 sae—

366 1872 461 1926 καὶ
494 1870 655 1933 αὐτὸς
684 1838 950 1930 Quonam;
989 1866 1148 1937 ἔφην,
1183 1868 1265 1929 είς
1308 1838 1575 1936 κάματον·
1597 1838 1759 1934 μόνον
1800 1838 1950 1932 ἡμᾶς

2132 1838 2273 1851 ων...
2303 1838 2497 1850 .,.........
2533 1838 2792 1865 ...μγνην
3023 1838 3236 1857 .--.....,,
3269 1838 3327 1849 ..-
3358 1838 3389 1847 ..
3428 1838 3514 1848 ...ν
3543 1838 3616 1848 υ..

2079 1886 2177 1939 tius
2204 1892 2289 1939 est
2313 1883 2544 1951 dictum,
2573 1899 2749 1954 neque
2770 1883 3070 1954 quidquam
3099 1884 3245 1938 aliud
3267 1884 3373 1940 nisi
3405 1883 3645 1939 laborem

367 1963 572 2035 φέρων,
617 1962 713 2015 καὶ
741 1959 895 2013 οὐδὲν
923 1958 1328 2031 περισσότερον.
1365 1958 1457 2010 Διὸ
1486 1956 1579 2011 καὶ
1613 1958 1671 2009 ὲν
1695 1954 1776 2025 τῷ
1807 1970 1952 2023 παρ-

368 2055 480 2109 όντι
527 2054 774 2123 ἀνάγκην
821 2051 1054 2123 ἔσχομεν
1097 2049 1177 2122 τῷ
1226 2048 1460 2120 καμάτῳ
1492 2047 1830 2119 προσθεῖναι,
1859 2046 1955 2099 καὶ

370 2147 438 2202 τὰ
470 2148 614 2204 αὐτὰ
652 2149 765 2211 τοῖς
807 2146 993 2209 αὐτοῖς
1030 2143 1433 2216 δευτερολογεϊν
1452 2159 1466 2173 ο
1516 2140 1815 2213 ἐπειδήπερ
1861 2141 1959 2193 καὶ

372 2241 523 2312 αὐτῷ
552 2240 726 2303 οὕτως
755 2237 952 2304 ἔδοξεν.
986 2236 1049 2291 Ei
1082 2236 1192 2308 γὰρ
1215 2238 1311 2291 καὶ
1337 2239 1404 2308 τῇ
1432 2236 1773 2308 γεννήματος
1800 2232 1959 2304 οὐσία

376 2334 796 2406 συνεμφαίνεται
824 2334 859 2403 ἡ
892 2329 1189 2401 ἀγέννητος
1220 2333 1555 2401 γεννήσασα,
1589 2329 1744 2382 οὐδὲν
1768 2326 1961 2381 διοίσει

381 2426 472 2481 τοῦ
510 2424 819 2497 ἀξιώματος
845 2424 941 2478 τοῦ
983 2425 1177 2495 γεννᾷν
1197 2425 1213 2455 ¹
1249 2424 1278 2475 ὁ
1304 2422 1584 2493 γεννήτωρ
1617 2420 1680 2474 τὸ
1702 2436 1964 2491 γεγεννη-

382 2518 564 2591 μένον.
613 2517 704 2583 Ἐξ
751 2516 916 2573 αὐτοῦ
956 2518 1066 2589 γὰρ
1111 2515 1402 2587 ἐγέννησεν
1432 2512 1704 2576 ούσιωδῶς
1738 2509 1966 2582 Πνεῦμα

381 2611 447 2663 ὲκ
478 2607 817 2681 Πνεύματος,
857 2607 952 2661 καὶ
981 2608 1044 2661 οὐ
1080 2606 1240 2679 σῶμα
1267 2608 1333 2659 ὲκ
1362 2603 1633 2677 σώματος.
1687 2601 1781 2656 Διδ
1804 2603 1971 2670 ἀσυγ-

383 2700 584 2771 κρίτως
616 2699 1041 2771 συνεμφαίνεται
1059 2695 1399 2768 συμπρεπων
1419 2697 1448 2749 ὁ
1468 2694 1748 2765 γεννήτωρ
1771 2691 1852 2762 τῷ
1872 2706 1969 2760 γε·

384 2791 723 2864 γεννημένῳ,
741 2792 834 2845 καὶ
860 2793 889 2844 ὁ
906 2791 1304 2860 γεγεννημένος
1326 2785 1405 2859 τῷ
1423 2785 1797 2857 γεγεννηκότι.
1832 2782 1972 2837 Οὔτε

388 2886 499 2958 γὰρ
516 2883 837 2956 προσθήκης
866 2881 1036 2935 δεῖται
1069 2883 1130 2935 τδ
1156 2880 1332 2943 Θεῖον,
1363 2878 1449 2932 ἵνα
1472 2878 1604 2931 ποτὲ
1624 2876 1815 2948 Πατὴρ
1843 2875 1974 2945 κλη-

392 2980 534 3050 θείη,
585 2981 717 3031 τυοτὲ
752 2976 809 3029 δὲ
848 2973 940 3029 οῦο
1007 2972 1132 3026 οὔτε
1179 2975 1208 3027 ὁ
1237 2972 1365 3036 Υἱὸς
1389 2970 1746 3043 εὑρεθήσεται
1778 2971 1844 3022 ἐκ
1883 2967 1977 3021 τοῦ

394 3070 602 3125 ἄνωθεν
622 3069 943 3138 συνδέσμου,
968 3066 1098 3119 ποτὲ
1122 3064 1197 3137 μὴ
1220 3063 1321 3125 ὢν,
1344 3065 1469 3137 ἄρτι
1494 3062 1550 3116 δὲ
1575 3061 1670 3117 ὢν.
1705 3060 1799 3114 Διὸ
1829 3061 1984 3114 αύτο-

2055 1975 2219 2030 nobis
2268 1974 2425 2029 atl'ert
2473 1990 2538 2029 ac
2585 1975 2830 2030 taedium.
2911 1974 3276 2041 Quamobrem
3335 1976 3497 2030 etiam
3544 1976 3651 2030 hoc

2059 2064 2181 2119 loco
2227 2078 2432 2119 novum
2465 2064 2759 2134 quemdam
2798 2064 3041 2119 laborem
3095 2064 3334 2137 adjicere
3379 2065 3649 2136 c0gimur,

2058 2157 2360 2228 eademque
2387 2164 2669 2227 repetere:
2711 2156 3160 2228 quandoquidem
3196 2160 3270 2212 ita
3307 2157 3382 2212 illi
3413 2156 3650 2213 videtur.

2059 2245 2229 2318 Igitur
2275 2247 2400 2302 licet
2429 2246 2654 2318 ingeniti
2704 2246 3016 2303 substantia
3047 2246 3313 2317 ingenita,
3350 2244 3496 2300 unde
3523 2259 3652 2317 pro-

2063 2338 2228 2393 ducta
2269 2345 2374 2399 est,
2422 2343 2619 2391 natura
2657 2336 3022 2406 signiﬁcetur,
3058 2335 3196 2390 nihil
3232 2341 3415 2390 tamen
3448 2333 3656 2390 idcirco

2064 2429 2349 2501 dignitatis
2373 2428 2799 2499 intererit,quod
2822 2429 3037 2499 genitor
3059 2427 3304 2497 genitum
3327 2416 3657 2499 produxisse

2067 2522 2304 2578 dicatur.
2361 2519 2577 2592 Quippe
2622 2536 2654 2576 e
2697 2535 2757 2576 se
2792 2521 2912 2591 ipso
2954 2516 3256 2576 Secundum
3289 2521 3658 2577 substantiam

2070 2613 2333 2684 Spiritum
2384 2628 2416 2669 e
2459 2612 2669 2683 Spiritu
2714 2612 2921 2684 genuit,
2973 2628 3083 2666 non
3114 2626 3318 2682 corpus
3344 2626 3376 2667 e
3404 2627 3657 2684 corpore.

2070 2704 2227 2761 Unde
2259 2705 2378 2761 sine
2429 2706 2540 2759 ulla
2569 2705 2980 2775 comparatione
3023 2705 3236 2775 genitor
3273 2705 3326 2759 in
3362 2704 3529 2775 geniti
3564 2720 3664 2759 no-

2072 2799 2243 2863 tione,
2296 2806 2351 2853 et
2390 2798 2605 2869 genitus
2638 2797 2693 2852 in
2725 2784 3020 2869 generante
3057 2804 3425 2870 congruenter
3456 2797 3664 2852 intelli—

2076 2891 2240 2961 gitur.
2271 2887 2456 2960 Neque
2484 2889 2630 2944 enim
2680 2889 2999 2944 accessione
3036 2890 3146 2943 ulla
3185 2888 3430 2943 divinum
3459 2905 3662 2944 numen

2076 2996 2216 3053 Opus
2259 2982 2446 3047 habet,
2493 2989 2554 3035 ut
2596 2979 2759 3035 Pater
2802 2981 2940 3035 alias
2970 2987 3220 3046 vocetur,
3273 2979 3410 3036 alias
3440 2980 3667 3035 minime

2071 3064 2333 3140 'vocetur;
2378 3087 2556 3141 neque
2598 3067 2772 3126 Filius
2804 3086 2870 3126 ex
2904 3072 3238 3142 sempiterna
3272 3071 3669 3141 conjunctione

398 3163 554 3216 ουσία
597 3162 745 3214 ἐστὶν
789 3162 818 3213 ὁ
855 3159 987 3223 Θεὸς
1024 3158 1238 3229 Πατὴρ,
1283 3157 1374 3210 καὶ
1409 3158 1438 3211 ὁ
1483 3156 1630 3219 Υἱὸς,
1681 3155 1777 3209 καὶ
1826 3154 1980 3221 ἆγιον

2084 3162 2413 3234 quandoque
2447 3177 2593 3224 esse,
2641 3160 2971 3232 quandoque
3014 3177 3123 3215 non
3170 3175 3296 3216 esse
3341 3162 3667 3231 reperietur.

404 3254 644 3326 Πνεῦμα,
662 3254 757 3307 καὶ
786 3254 885 3325 οὐχ
918 3253 1248 3325 ἐτεροουσία.
1279 3251 1418 3305 Οὔτε
1447 3250 1556 3321 γάρ
1583 3252 1700 3302 ἐστι
1728 3246 1980 3300 συνάδελ-

406 3364 525 3416 φος,
550 3345 674 3398 οὔτε
693 3345 840 3398 ἐστὶν
866 3345 1237 3414 ὲπιγεννητὺς,
1258 3343 1392 3397 ἀλλὰ
1412 3340 1822 3411 ἀνεκδιηγήτως
1848 3355 1985 3408 συμ-

407 3439 708 3509 πρέποντος
755 3434 851 3489 τοῦ
898 3435 1086 3507 Πατήρ
1131 3434 1392 3506 ὀνόματος
1437 3431 1709 3504 ὁμοουσίῳ
1750 3430 1863 3483 δντι
1908 3426 1986 3498 τῷ

410 3532 544 3603 Υἰῷ,
577 3529 669 3583 καὶ
716 3528 1169 3600 συμπρέποντος³
1213 3527 1290 3600 τῷ
1317 3526 1496 3598 Πατρὶ
1549 3524 1645 3579 καὶ⁵
1675 3522 1810 3592 Υίῷ,
1834 3520 1897 3574 τὸ
1930 3520 1987 3585 ἐξ

410 3623 607 3687 αὐτοῦ,
645 3626 713 3680 δι’
759 3624 956 3686 αὑτοῦ,
999 3623 1093 3675 καὶ
1138 3620 1248 3674 τῶν
1292 3618 1490 3683 αὐτοῦ,
1525 3617 1588 3670 τὺ
1625 3614 1780 3682 άγιον
1822 3611 1988 3666 αὐτοῦ

413 3719 656 3790 Πνεῦμα.
689 3717 780 3771 Διὸ
805 3716 865 3770 τὸ
895 3715 1186 3787 ἀπρόσιτόν
1212 3715 1357 3766 ἐστιν
1386 3714 1444 3765 ὲν
1487 3710 1686 3782 Πατρί.
1727 3708 1822 3763 καὶ
1851 3706 1986 3778 Υἱῷ,

412 3814 506 3867 καὶ
542 3812 680 3884 ἁγίῳ
705 3809 1004 3880 Πνεύματι,
1036 3807 1174 3879 πρὸς
1209 3806 1446 3864 ἅπαντα,
1480 3804 1580 3856 ὅσα
1614 3802 1764 3855 ἐστὶν
1795 3800 1992 3854 ὑποδε-

411 3902 621 3974 εηκότα
655 3902 802 3961 ὄντα,
843 3902 936 3955 καὶ
978 3898 1037 3963 ἐξ
1072 3897 1241 3969 αὐτῆς
1281 3896 1382 3966 τῆς
1416 3893 1643 3967 Τριάδος
1682 3892 1987 3949 κτισθέντα.

425 3993 492 4046 Ἦ
531 3993 588 4046 δὲ
612 3992 782 4062 Τριὰς
819 3990 955 4063 πρὸς
985 3987 1183 4058 ἑαυτὴν
1227 3987 1328 4041 οὐκ
1355 3984 1668 4057 ἀπρόσιτος.
1701 3985 1859 4037 Ἔστι
1883 3982 1992 4055 γὰρ

414 4085 689 4150 ἆκτιστος,
717 4084 813 4137 καὶ
836 4083 1148 4153 ἀγέννητος.
1182 4080 1273 4134 καὶ
1305 4078 1657 4149 ἀσύγκριτος.
1695 4077 1787 4131 Διὸ
1812 4077 1874 4130 οὐ
1901 4075 1994 4129 δύ-

414 4193 573 4248 ναται
608 4175 760 4229 οὐδὲν
786 4173 1096 4242 ἐξισοῦσθαι
1136 4171 1311 4243 Πατρί
1337 4188 1351 4202 ·
1393 4172 1454 4225 ού
1492 4172 1993 4242 συμπροσκυνεῖται

414 4268 567 4339 αὐτῷ
587 4285 639 4321 τι
662 4267 769 4321 τῶν
795 4266 856 4331 ἐξ
882 4267 980 4320 οὐκ
1007 4265 1175 4320 ὄντων
1200 4265 1522 4334 γεγονότων,
1546 4265 1640 4319 καὶ
1663 4262 1782 4333 ούχὶ
1804 4278 1995 4332 γεγεν-

414 4360 684 4432 νημένων.
712 4360 896 4413 Οὐδενὶ
923 4359 1030 4430 γὰρ
1051 4358 1160 4411 τῶν
1184 4356 1486 4427 γεγονότων
1505 4353 1628 4411 εἶπέ
1652 4372 1810 4410 ποτεο
1842 4354 1998 4410 Κάθ-

416 4471 488 4506 ου
517 4452 586 4506 ἐκ
613 4450 829 4516 δεξιῶν
854 4469 993 4520 μου.
1057 4450 1192 4505 Οὐδὲ
1228 4450 1328 4520 μὲν
1355 4452 1384 4504 ὁ
1409 4450 1722 4520 Μονογενὴς
1750 4448 1880 4520 περί
1910 4466 1996 4502 τι-

2085 3253 2269 3320 Quare
2298 3253 2487 3309 eadem
2522 3269 2619 3324 per
2651 3270 2711 3310 se
2753 3254 3060 3309 substantia
3103 3252 3245 3310 Deus
3270 3262 3355 3310 est
3408 3253 3585 3320 Pater,
3616 3266 3673 3313 et

2083 3336 2599 3418 Filius,ctb'piritus
2616 3356 2862 3411 sanctus,
2882 3363 2989 3401 nou
3008 3347 3247 3402 diversa.
3267 3345 3385 3401 Non
3401 3349 3546 3403 enim
3561 3349 3671 3405 vel-

2086 3447 2147 3493 ut
2174 3439 2342 3495 frater
2359 3438 2582 3510 quidam
2604 3448 2689 3494 est
2703 3439 2881 3495 Patris
2900 3437 3094 3503 Filius,
3112 3449 3205 3494 aut
3226 3442 3529 3510 posteriore
3550 3441 3673 3497 loco

2088 3532 2345 3601 genitus;
2382 3533 2476 3586 sed
2505 3532 2873 3603 inexplicabili
2900 3533 3137 3604 quadam
3170 3534 3386 3588 ratione
3412 3532 3491 3599 iit,
3525 3542 3585 3588 ut
3619 3546 3676 3589 et

2087 3621 2271 3677 Patris
2326 3623 2620 3693 appellatio
2678 3637 2802 3678 cum
2843 3621 2986 3678 Filio
3038 3625 3499 3681 consubstantiali
3544 3642 3678 3681 cou-

2090 3720 2289 3784 gruat;
2330 3720 2385 3768 et
2417 3726 2541 3767 cum
2573 3712 2756 3779 Patre,
2806 3722 2861 3768 et
2885 3713 3048 3779 Filio,
3085 3716 3179 3786 qui
3223 3732 3291 3771 ex
3325 3716 3467 3786 ipso,
3498 3726 3552 3771 ct
3580 3732 3679 3789 per

2092 3805 2293 3874 ipsum,
2330 3811 2386 3859 et
2399 3819 2467 3858 ex
2495 3804 2669 3874 ipsius
2697 3806 2936 3876 propriis
2963 3804 3163 3875 oritur,
3185 3805 3426 3878 Spiritus
3453 3818 3677 3863 sanctus

2092 3896 2404 3952 conveniat.
2447 3896 2581 3951 Inde
2608 3896 2669 3951 ﬁt
2691 3908 2749 3952 ut
2772 3896 2955 3962 Pater,
2985 3897 3159 3955 Filius
3205 3907 3259 3955 et
3286 3899 3523 3972 Spiritus
3550 3918 3679 3957 san-

2093 3997 2216 4044 ctus
2251 3987 2569 4044 inaccessus
2606 3988 2843 4055 dicatur,
2880 3989 2984 4044 hoc
3016 3997 3103 4046 est
3150 3991 3286 4045 nihil
3332 4006 3523 4047 eorum
3557 4008 3680 4064 quae

2093 4079 2376 4136 inferioris
2409 4080 2616 4151 gradus
2650 4091 2800 4146 sunt,
2835 4090 2889 4137 et
2921 4082 2990 4140 ab
3021 4083 3140 4153 ipsa
3174 4081 3446 4137 Trinitate
3472 4096 3678 4149 creata,

2095 4173 2162 4228 ad
2181 4187 2300 4228 eain
2324 4172 2498 4244 possit
2514 4173 2842 4244 pertingere.
2867 4171 3109 4232 Trinitas
3131 4190 3296 4246 porro
3314 4175 3430 4246 ipsa
3453 4177 3556 4231 sibi
3576 4178 3679 4247 ipsi

2094 4280 2444 4335 nequaquam
2478 4273 2564 4320 est
2595 4266 2900 4323 inaccessa.
2956 4266 3053 4323 Est
3095 4269 3240 4323 enim
3272 4268 3537 4334 increata,
3571 4286 3679 4326 non

2097 4356 2266 4423 facta,
2297 4363 2353 4413 et
2383 4358 2852 4430 incontparabilis.
2905 4357 3051 4432 Ergo
3075 4361 3213 4415 nihil
3244 4360 3520 4433 adaequari
3555 4377 3681 4417 cum

2099 4450 2260 4505 Patre
2301 4456 2518 4519 potest;
2580 4465 2759 4521 neque
2806 4466 2930 4505 cum
2976 4453 3096 4523 ipso
3141 4453 3442 4524 quidquam
3494 4469 3681 4509 earum

416 4559 507 4605 νος
533 4543 775 4614 εἴρηκεν,
814 4543 897 4595 ὅτι
954 4541 1008 4594 '0
1049 4540 1322 4609 ἑωρακὼς
1350 4539 1456 4610 ἐμὲ
1486 4538 1709 4607 ἑώρακε
1740 4539 1849 4593 τὸν
1876 4542 1982 4593 Πα-

2102 4553 2285 4593 rerum
2319 4538 2687 4594 communiter
2713 4540 2997 4607 adorator,
3025 4556 3146 4610 qua:
3185 4556 3251 4597 ex
3300 4543 3472 4598 nihilo
3502 4541 3681 4607 factas,

418 4635 558 4703 τέρα
583 4652 596 4665 -
623 4634 737 4700 καὶ,
772 4634 915 4705 Ἐγὼ
933 4635 1002 4687 ἐν
1024 4630 1318 4701 edituri-pi,
1348 4631 1450 4685 καὶ
1473 4635 1505 4686 ό
1527 4631 1728 4701 Πατὴρ
1743 4632 1814 4684 ἐν
1836 4631 1995 4702 ἐμοί·

420 4729 536 4791 καὶ,
586 4725 797 4795 Οὐδείς
833 4724 958 4781 οἶδε
998 4726 1107 4779 τὸν
1137 4724 1400 4794 Πατέρα,
1446 4728 1497 4779 εί
1521 4726 1607 4795 μὴ
1646 4726 1864 4792 όΥἱύς,
1903 4724 2003 4779 καὶ

419 4823 528 4875 τὸν
562 4821 712 4882 Υἱὸν,
734 4823 787 4875 εί
802 4819 887 4890 μὴ
929 4823 963 4874 ὀ
1011 4819 1233 4887 Πατὴρ,
1265 4818 1365 4873 καί
1391 4811 1441 4885 ᾧ
1475 4818 1585 4873 ἐὰν
1609 4819 1999 4888 ἀποκαλύψῃ.

432 4907 831 4963 Ἀποκαλύπτει
853 4909 910 4963 δὲ
939 4907 1027 4962 διὰ
1042 4908 1360 4979 Πνεύματος
1390 4907 1568 4977 ἁγίου,
1599 4907 1694 4962 τοῦ
1711 4906 2006 4978 γινώσκον-

421 5014 533 5062 τος,
574 5000 669 5053 καὶ
713 4997 1073 5065 διδάσκοντος,
1116 4999 1210 5053 καὶ
1243 4998 1678 5068 ἀπαγγέλλοντος
1718 5001 1779 5052 ὲν
1813 4998 2005 5069 κόσμῳ

420 5091 490 5144 τά
518 5090 671 5156 Υίοῦ,
701 5090 1029 5164 ὲρευνῶντός
1070 5107 1131 5145 τε
1176 5091 1270 5145 καὶ
1307 5090 1379 5145 τὰ
1410 5091 1548 5162 βάθη
1577 5091 1671 5145 τοῦ
1690 5090 1846 5145 Θεοῦ.
1903 5091 2005 5145 Διὰ

419 5182 579 5236 τοῦτο
619 5182 727 5255 γάρ
768 5198 935 5252 φησιν
960 5198 975 5214 ο
1020 5183 1073 5235 Ὁ
1107 5181 1195 5252 μὴ
1237 5182 1425 5254 τιμῶν
1449 5183 1557 5237 τὸν
1609 5183 1767 5249 Υἱὸν,
1810 5183 2006 5251 καθὼς

421 5273 559 5344 τιμᾷ
588 5274 697 5327 τὸν
717 5275 950 5344 Πατέρα
967 5314 983 5339 ,
1021 5277 1061 5345 ἡ
1095 5275 1240 5345 ὀργὴ
1274 5277 1383 5331 τοῦ
1407 5277 1554 5331 Θεοῦ
1579 5275 1747 5346 μένει
1772 5276 1867 5329 ἐπ’
1893 5277 2004 5330 αὐ-

421 5370 550 5420 τόν.
593 5367 703 5421 Καὶ
715 5368 816 5421 οὐκ
834 5363 988 5421 εἶπεν
1006 5383 1021 5399 ⁸
1062 5369 1124 5421 '0
1158 5369 1232 5441 μὴ
1260 5369 1437 5439 τιμῶν
1466 5368 1842 5439 ἀγγέλους,ὼς
1867 5369 2004 5439 τιμᾷ

420 5457 512 5510 τὸν
537 5459 756 5531 Πατέρα
783 5477 796 5490 ·
838 5460 958 5513 οὐδὲ
991 5460 1153 5515 πάλιν
1176 5458 1326 5515 εἶπεν
1353 5478 1367 5493 ο
1408 5458 1466 5514 ’0
1497 5462 1573 5533 μὴ
1615 5461 1708 5514 καὶ
1749 5460 1840 5514 τὸν
1875 5460 2005 5514 Υίὸν

422 5551 624 5620 τιμῶν
654 5552 791 5606 ἀλλά
820 5551 948 5606 Υἰὺν
974 5552 1050 5617 ὡς
1072 5552 1165 5607 τὸν
1190 5553 1412 5624 Πατέρα
1430 5571 1443 5584 ·
1479 5553 1764 5619 ὡσαύτως,
1790 5554 1873 5607 ὅτι
1903 5552 2004 5606 ούκ

486 5722 504 5754 ¹
534 5722 662 5795 ch.
692 5723 771 5796 τῷ
807 5725 1020 5828 γεννξῖν.
1125 5725 1147 5756 ¹
1169 5723 1301 5793 Reg.
1331 5727 1765 5797 συμπρεπόντως
1797 5725 1967 5789 ὄντος.

488 5793 613 5828 Ῑησιη
675 5812 762 5828 νιυ
810 5801 842 5828 u
981 5796 1090 5828 ;ι.;.1
1186 5796 1208 5825 Β
1245 5796 1408 5828 Μσιηιι
1468 5808 1515 5828 ιο.
1575 5798 1642 5828 0'7
1768 5798 1789 5828 9
1821 5798 1834 5828 Ι
1871 5800 1967 5828 l‘n.

426 5796 449 5828 °
477 5793 637 5850 Joan.
675 5793 784 5860 xw,
810 5793 860 5851 9.
934 5793 957 5828 ⁷
981 5796 1113 5850 ibid.
1186 5796 1208 5825 ⁸
1243 5793 1431 5852 Matth.
1468 5793 1541 5856 x‘t.
1575 5798 1666 5851 27.

2066 5725 2088 5758 ³
2108 5723 2270 5781 Joan.
2297 5742 2390 5792 xv,
2422 5726 2512 5781 23.

1768 5798 1789 5829 ’
1820 5798 1837 5850 l
1870 5800 1996 5853 Cor.
2034 5812 2095 5864 tt,
2125 5797 2215 5851 10.

2105 4632 2331 4687 minime
2356 4646 2489 4687 vero
2520 4633 2718 4702 genitae
2743 4641 2893 4689 sunt.
2942 4631 3086 4687 Nulli
3130 4636 3334 4705 quippe
3373 4643 3682 4690 crcatarum

2102 4738 2286 4777 rerum
2321 4723 2462 4778 dixit
2493 4740 2768 4795 unquam:
2817 4724 2981 4796 977
3009 4724 3143 4780 Sede
3177 4743 3209 4779 a
3239 4726 3467 4781 dexteris
3488 4728 3614 4782 meis
3636 4725 3684 4779 ⁸.

2110 4817 2217 4871 Sed
2251 4831 2353 4871 nec
2382 4817 2581 4873 unicus
2610 4816 2704 4872 Dei
2737 4815 2908 4873 Filius
2936 4819 3005 4872 de
3034 4828 3310 4890 qucquam
3343 4821 3489 4874 istud
3524 4837 3686 4875 usur-

2105 4908 2252 4979 pavit
2282 4907 2610 4976 aliquando:
2635 4906 2742 4974 Qui
2764 4907 2899 4961 videt
2928 4923 3030 4969 me,
3054 4908 3190 4962 videt
3219 4919 3269 4963 et
3296 4908 3508 4962 Patrem
3527 4911 3569 4975 ’ς
3597 4919 3684 4965 et:

2106 4998 2221 5069 Ego
2252 4999 2308 5052 in
2329 4997 2518 5063 'Patre,
2545 5011 2593 5053 et
2632 4999 2791 5054 Pater
2815 5001 2868 5054 in
2894 5017 2975 5056 me
2995 5011 3074 5056 est
3093 5002 3144 5067 ’ς
3187 5002 3314 5056 item
3338 5020 3351 5057 :
3384 5000 3558 5057 Nemo
3586 5021 3685 5057 no-

2104 5090 2175 5142 vit
2204 5086 2444 5154 Patrem,
2471 5090 2576 5143 nisi
2607 5088 2883 5157 Filius;et
2901 5090 2948 5145 F
2949 5091 3128 5162 ilium,
3158 5092 3267 5146 nisi
3302 5090 3484 5156 Pater,
3520 5103 3571 5147 et
3604 5097 3688 5147 cm'

2105 5181 2471 5237 πνείουσι-ὅτ’.
2523 5181 2630 5237 Per
2676 5184 2940 5253 Spiritum
2986 5199 3118 5239 vero
3158 5195 3409 5239 sanctum
3464 5185 3685 5243 revelat.

2105 5274 2353 5346 quiquae
2384 5275 2451 5328 ad
2497 5272 2697 5328 Filium
2745 5275 3022 5344 pertinent
3063 5276 3369 5345 cognoscit,
3398 5275 3593 5331 edocet
3635 5287 3687 5330 et

2106 5368 2159 5421 in
2196 5366 2459 5421 mundum
2484 5366 2777 5436 praedicat;
2800 5366 2914 5420 imo
2931 5381 3061 5421 vero
3079 5365 3170 5421 Dei
3194 5368 3326 5433 alta,
3343 5382 3405 5422 ac
3423 5367 3688 5439 profundi

2104 5467 2377 5514 scrutatur
2404 5458 2446 5511 ⁸.
2475 5454 2774 5525 Propterea
2800 5470 3018 5525 quoque
3045 5455 3184 5511 dixit
3208 5476 3221 5511 :
3262 5458 3370 5524 Qui
3395 5474 3498 5526 gron
3527 5459 3686 5513 Itona-

2105 5561 2193 5605 rat
2228 5549 2276 5604 F
2279 5551 2452 5618 ilium,
2487 5550 2623 5605 sicut
2654 5555 2879 5603 honorat
2914 5549 3152 5616 Patrem,
3193 5550 3278 5604 ira
3309 5550 3407 5605 Dei
3436 5563 3609 5606 manet
3635 5554 3687 5605 εει

2589 5725 2611 5758 δ
2638 5723 2798 5782 Joan.
2825 5743 2938 5791 κνι,
2971 5726 3058 5795 Li,
3089 5728 3177 5782 15.
3254 5729 3275 5761 ⁵
3304 5726 3454 5786 Psal.
3490 5744 3602 5796 (ιιι,
3633 5739 3688 5788 t.
