4134 6392
515 319 620 372 lilii

1945 321 2002 375 S.
2045 321 2389 377 EPIPIIANII

3675 325 3786 386 616

512 439 624 498 ipso
649 437 686 488 '.
743 434 857 490 Non
891 435 1064 490 dixit:
1117 435 1219 503 Qui
1255 451 1362 490 non
1407 438 1641 492 honorat
1675 440 1921 510 angelos,
1955 443 2088 496 sicut

2201 443 2533 514 ἀφεθήσεται
2567 441 2644 513 τῷ
2685 445 2764 506 εἰς
2817 445 2877 496 τὸ
2911 443 3134 515 Πνεῦμα
3181 443 3623 516 βλασφημοῦντι,
3661 445 3786 502 οὔτε

513 530 744 582 honorat
771 529 1019 596 Patrem;
1075 546 1172 584 nec
1203 531 1276 582 ita
1305 532 1557 586 concedit
1611 550 1624 586 :
1658 531 1760 598 Qui
1793 548 1896 586 non
1917 534 2090 588 etiam

509 619 708 674 Filium
745 622 1018 686 honorat;
1071 622 1166 675 sed
1193 621 1390 676 Filium
1428 624 1588 684 dixit,
1635 625 1862 695 perinde
1889 641 1952 680 ac
1991 625 2095 680 Pa-

509 723 664 766 trem.
718 711 978 767 Similiter
1023 713 1094 776 ei,
1143 713 1237 782 qui
1294 713 1350 766 in
1384 712 1648 783 Spiritum
1699 715 2093 786 blasphemiam

2200 529 2322 600 ὧδε,
2361 535 2484 588 οὔτε
2517 537 2575 588 ὲν
2619 535 2691 606 τῷ
2734 537 2980 607 μέλλοντι
3017 537 3208 590 αἱῶνι’
3261 538 3350 590 ἵνα
3405 539 3646 612 σημαίνῃ
3689 540 3786 608 τῆς

2201 627 2432 698 Τριάδος
2477 628 2540 680 τὸ
2573 627 2866 699 ἀπρόσιτον
2895 627 2990 681 καὶ
3023 629 3354 700 ἀσύγκριτον
3386 631 3442 682 ἐν
3473 631 3670 704 Πατρὶ,
3692 621 3787 686 δᾶὶ

2201 719 2336 790 Υῑῷ,
2373 721 2468 773 καὶ
2491 721 2638 792 ἁγίῳ
2666 721 2964 791 Πνεύματι.

506 803 730 866 dixerit,
763 819 872 856 non
909 803 1199 858 remissum
1253 803 1320 858 iri
1353 805 1534 868 docet,
1571 823 1752 876 neque
1779 807 1890 870 hic,
1923 823 2100 878 neque
2139 809 2194 864 in
2229 811 2414 868 l'uturo
2439 813 2701 867 saeculo'.
2735 811 2805 868 Ut
2831 813 3084 868 videlicet
3111 812 3436 868 Trinitatem
3493 813 3548 868 in
3605 801 3782 884 Patre,

508 893 646 950 Filio
705 904 760 950 et
801 893 1012 966 Spiritu
1042 905 1238 951 sancto
1255 912 1378 952 esse
1409 899 1602 954 doceat
1631 899 1967 970 hujusmodi,
2003 907 2061 956 ut
2091 902 2158 956 ad
2194 906 2340 960 illam
2369 906 2503 961 nihil
2537 907 2818 972 accedere,
2848 909 3228 978 comparative
3257 908 3454 978 possit.

965 1009 1148 1066 AETII
1187 1011 1416 1067 CAPUT
1457 1013 1628 1068 XXX.

579 1101 639 1156 Si
688 1103 1036 1172 omnipotens
1087 1101 1234 1158 Deus
1283 1113 1538 1158 naturam
1585 1120 1802 1160 omnem
1845 1107 2089 1170 excellit,

509 1210 574 1250 eo
605 1197 726 1266 ipso
753 1195 897 1264 quod
937 1191 1216 1266 ingenitus
1245 1203 1330 1250 est
1363 1195 1605 1250 excellit.
1625 1195 1758 1262 Qua:
1787 1198 2096 1268 proprietas

509 1303 678 1342 causa
724 1295 808 1341 est
855 1287 1056 1356 genitis
1105 1285 1364 1341 omnibus
1420 1285 1776 1340 stabilitatem
1831 1293 2095 1340 constan-

509 1379 751 1448 tiamque
775 1377 1050 1432 tribuens.
1073 1375 1168 1430 Sin
1197 1385 1378 1432 autem
1403 1377 1702 1448 ingenitum
1732 1378 2095 1434 substantiam

509 1485 618 1522 non
653 1469 932 1540 exprimit,
965 1483 996 1522 a
1037 1483 1146 1539 quo
1179 1469 1396 1526 tandem
1429 1471 1736 1540 genitarum
1781 1487 1962 1526 rerum
1995 1487 2096 1525 na-

512 1574 630 1616 tura
669 1562 910 1628 seipsam
950 1569 1009 1615 ut
1047 1570 1341 1616 conservet
1370 1562 1604 1632 accipit?

1031 1671 1343 1744 Confutatio
1385 1673 1568 1728 XXX.

579 1764 714 1819 Illud
749 1765 976 1820 omnino
1021 1765 1311 1822 dicendum
1345 1782 1410 1822 ac
1441 1765 1722 1823 fatendum
1770 1777 1876 1835 est,
1910 1769 2093 1840 itaque

509 1855 850 1912 tenendum:
904 1857 1335 1927 omnipotentem
1379 1857 1546 1913 Deum
1588 1868 1840 1913 naturam
1875 1875 2092 1918 omnem

508 1951 811 2013 excellere,
867 1965 897 2004 a
953 1965 1064 2021 quo
1117 1951 1437 2022 unigenitus
1472 1951 1650 2018 Deus,
1702 1967 1766 2006 ac
1817 1951 2090 2020 Verbum,

506 2044 737 2113 ejusque
773 2041 1012 2114 Spiritus
1041 2054 1266 2098 sanctus
1319 2042 1578 2098 ineﬂ'abili
1607 2044 1842 2114 quadam
1883 2047 2094 2100 ratione

511 2134 797 2203 processit.
831 2135 1004 2198 Quam
1039 2134 1109 2186 ob
1143 2147 1365 2188 causam
1405 2141 1565 2188 caute
1599 2149 1664 2188 ac
1694 2136 2096 2206 circumspecte

506 2236 771 2282 creaturae
841 2217 1084 2280 divinum
1133 2225 1395 2280 honorem
1443 2241 1550 2281 non
1605 2228 1967 2291 ascribimus,
2025 2243 2095 2282 ne

509 2318 819 2372 stultissimi
851 2317 1167 2382 reddamur,
1203 2316 1297 2372 sed
1321 2316 1645 2373 Trinitatem
1689 2335 1809 2390 quae
1839 2330 2092 2373 naturam

507 2425 722 2462 omnem
767 2420 1025 2478 superat,
1061 2409 1446 2476 praedicamus,
1501 2409 1702 2464 Filium
1739 2426 1866 2465 cum
1909 2409 2090 2478 Patre,

507 2511 562 2555 et
595 2501 770 2572 ipsius
808 2509 1060 2557 sanctum
1093 2499 1382 2570 Spiritum,
1405 2517 1470 2557 eo
1501 2503 1645 2572 quod
1676 2518 1704 2556 a
1735 2503 1886 2556 nullo
1916 2503 2093 2562 factus

509 2600 604 2644 aut
642 2599 860 2644 creatus
885 2589 979 2644 sit.
1009 2587 1220 2642 Etenim
1245 2604 1589 2658 nequaquam
1622 2591 1850 2645 diversae
1881 2597 2092 2646 natura:

511 2682 832 2754 Unigeuitus
874 2689 978 2740 est,
1019 2689 1114 2734 aut
1151 2687 1376 2734 sanctus
1413 2679 1672 2750 Spiritus,
1719 2682 1812 2735 sed
1847 2680 1990 2736 Deus
2024 2695 2092 2734 ex

511 2775 641 2838 Deo,
678 2775 858 2828 lumen
885 2773 952 2828 de
984 2773 1210 2828 lumine.
1234 2771 1546 2839 Quinetiam
1579 2788 1704 2827 cum
1729 2773 2088 2842 omnipotenti

509 2867 669 2920 Patre
719 2865 1036 2936 unigenitus
1091 2865 1208 2934 ipse
1251 2865 1568 2918 nominatur
1607 2865 1989 2935 omnipotens,
2029 2873 2090 2922 ut

507 2956 712 3010 diserte
758 2953 1042 3025 Scriptura
1091 2969 1247 3010 sacra
1283 2953 1544 3008 declarat.
1585 2953 1912 3024 Unigenitus
1943 2955 2088 3010 enim

509 3049 646 3102 nihil
673 3063 704 3103 a
731 3047 912 3103 Patris
939 3048 1228 3118 majestate
1251 3045 1552 3116 discrepat,
1579 3047 1674 3101 sed
1702 3047 1928 3101 omnino
1957 3062 2088 3102 con-

508 3141 674 3212 gruit.
710 3139 865 3206 Quod
891 3139 1168 3209 expressis
1195 3137 1376 3192 verbis
1401 3143 1634 3192 testatur
1651 3137 1969 3207 Apostolus,
1997 3139 2092 3208 qui

510 3233 715 3304 Spiritu
737 3239 930 3286 sancto
949 3230 1160 3284 aﬂlalus
1179 3229 1246 3284 de.
1263 3229 1528 3285 lsraelitis
1551 3229 1623 3282 ita
1647 3230 1920 3298 loquitur:
1950 3231 2094 3295 Quo-

507 3343 646 3390 rum,
681 3323 878 3394 inquit,
910 3321 1079 3392 978
1109 3321 1304 3383 cultus,
1333 3331 1382 3374 et
1416 3329 1750 3384 testamenta,
1796 3329 1842 3374 et
1873 3331 2049 3390 putres
2073 3339 2091 3374 :

503 3432 568 3469 ra:
597 3415 786 3485 quibus
821 3413 1066 3467 Christus
1095 3411 1378 3466 secundum
1418 3427 1654 3474 carnem,
1685 3413 1774 3480 qui
1813 3421 1892 3464 est
1938 3427 2093 3480 super

507 3509 686 3560 omnia
713 3505 852 3560 Deus
888 3503 1186 3558 benedictus
1223 3505 1276 3555 in
1310 3503 1528 3556 su’cuta.
1567 3502 1736 3554 Amen
1762 3501 1804 3556 ³.
1831 3501 1912 3556 0b
1947 3503 2000 3556 id
2039 3511 2092 3557 et

507 3599 822 3654 adorandus
853 3598 1050 3650 unicus
1077 3595 1172 3649 Dei
1227 3595 1400 3648 Filius
1430 3605 1534 3657 est,
1574 3602 1628 3647 et
1663 3595 1804 3648 idem
1839 3593 2003 3658 Deus,
2039 3605 2093 3649 et

505 3689 724 3742 divinus
783 3685 1022 3756 Spiritus
1069 3693 1188 3746 est,
1257 3693 1486 3738 sanctus
1547 3681 1819 3751 Spiritus,
1865 3691 1920 3737 et
1968 3691 2091 3753 post

507 3789 921 3832 sacrosanctam
966 3775 1292 3829 Trinitatem
1347 3776 1530 3829 nullus
1593 3775 1733 3830 alius
1799 3773 1942 3830 Deus
1985 3785 2086 3829 est.

509 3869 676 3938 Igitur
707 3865 1056 3935 oumipotens
1115 3863 1316 3928 Pater,
1353 3873 1408 3919 et
1453 3867 1652 3918 unicus
1699 3865 1871 3934 ipsius
1921 3863 2089 3920 Filius

505 3965 748 4026 paternae
777 3953 1032 4023 dignitati
1069 3967 1406 4023 congruens,
1435 3953 1530 4024 qui
1564 3951 1732 4006 futuri
1765 3953 1951 4006 saeculi
1985 3951 2088 4006 Pa-

507 4057 590 4100 ter
623 4047 928 4116 appellatur
956 4045 997 4108 ‘,
1028 4045 1232 4115 quique
1272 4061 1396 4099 cum
1430 4053 1621 4099 sancto
1671 4044 1878 4114 Spiritu
1923 4047 2076 4098 nulla

507 4139 908 4192 interveniente
941 4137 1225 4192 creatione
1255 4137 1536 4200 convenit,
1561 4135 1804 4192 Trinitas
1829 4145 1911 4190 est
1941 4147 2091 4206 pate-

507 4229 646 4283 l‘acta
673 4229 952 4294 omnibus,
979 4236 1034 4282 et
1063 4229 1304 4298 cognita,
1333 4245 1362 4281 a
1392 4243 1501 4298 qua
1529 4236 1728 4281 creata:
1755 4243 1842 4282 res
1873 4243 2084 4290 omnes,

505 4331 762 4390 tanquam
796 4337 826 4374 a
875 4334 1076 4384 causa,
1127 4320 1384 4390 profecta;
1427 4329 1596 4386 sunt,
1630 4323 1702 4374 ita
1749 4321 1992 4390 quidem,
2026 4330 2086 4375 ut

2588 1023 2986 1076 ΚΕΦΑΛΑΙΟΝ
3015 1023 3280 1077 ,ΑΕΤῘΟΥ
3318 1025 3398 1078 A'.

2269 1111 2332 1164 Ei
2367 1111 2633 1184 ὑπεράγει
2673 1113 2856 1183 πάσης
2896 1113 3112 1180 φύσεως
3145 1114 3174 1166 6
3219 1112 3646 1186 παντοκράτωρ,
3693 1113 3782 1170 διὰ

2201 1203 2262 1257 τὸ
2287 1203 2578 1274 ἀγέννητον
2605 1205 2893 1276 ὑπεράγει,
2918 1205 3054 1275 ὅπερ
3079 1204 3227 1257 ἐστὶν
3253 1204 3426 1258 αῐτιον
3453 1207 3568 1269 τοῖς
3591 1223 3781 1276 γεννη-

2201 1295 2312 1358 τοῖς
2347 1294 2626 1366 διαμονῆς.
2677 1297 2738 1348 El
2762 1295 2820 1347 δὲ
2857 1295 2931 1365 μή
2973 1295 3120 1349 ἐστιν
3155 1295 3344 1358 οὐσίας
3389 1295 3684 1366 δηλωτικὸν
3719 1297 3781 1352 τὸ

2201 1385 2514 1456 ἀγέννητον,
2547 1385 2710 1439 πόθεν
2741 1385 2807 1440 ἂν
2843 1387 2875 1456 ἡ
2911 1386 3021 1440 τῶν
3053 1387 3326 1457 γεννητῶν
3369 1389 3529 1457 φύσις
3576 1389 3688 1455 EE“
3717 1391 3780 1444 τὸ

2201 1473 2558 1540 διασώζεσθαι
2577 1493 2590 1540 ;

2765 1670 3088 1739 Ἀνατροπὴ
3134 1677 3214 1728 Λ⁹.

2123 1741 2166 1797 Β
2265 1759 2470 1832 Πρέπει
2512 1759 2692 1828 λέγειν
2727 1762 2822 1815 καὶ
2850 1763 3150 1832 ὁμολογεῖν,
3185 1763 3281 1816 καὶ
3304 1762 3478 1828 οὕτως
3503 1763 3774 1834 κατέχειν,

2191 1849 2274 1904 ὅτι
2305 1852 2484 1921 πάσης
2505 1851 2718 1920 φύσεως
2745 1853 2998 1924 ὑπερέχει
3025 1855 3055 1906 6
3077 1855 3500 1926 Παντοκράτωρ,
3527 1855 3586 1922 ἐξ
3607 1851 3778 1928 οὗπερ

2193 1945 2324 2014 ἡμῖν
2345 1945 2374 1996 ὁ
2395 1945 2708 2016 Μονογενὴς
2737 1946 3145 2017 ἀνεκδιηγήτως
3173 1947 3440 2018 προῆλθεν
3469 1950 3497 2001 ὁ
3523 1948 3654 2010 Θεὸς
3677 1949 3776 2002 Λό-

2191 2054 2306 2106 γος,
2339 2037 2430 2090 καὶ
2461 2037 2518 2090 τὸ
2541 2038 2693 2106 ἇγιον
2723 2037 2887 2091 αὑτοῦ
2911 2039 3149 2109 Πνεῦμα.
3177 2040 3288 2092 Καὶ
3317 2039 3404 2092 διὰ
3425 2039 3580 2092 τοῦτο
3603 2041 3778 2108 ἀσφα-

2192 2128 2299 2193 λῶς
2340 2130 2399 2182 οὐ
2446 2129 2620 2182 κτίσιν
2668 2128 3061 2200 θεολογοῦμεν,
3107 2131 3194 2184 ἴνα
3242 2131 3317 2202 μὴ
3366 2130 3770 2202 μωρανθῶμεν·

2191 2223 2290 2290 τὴν
2327 2221 2383 2274 δὲ
2415 2221 2852 2292 ὑπερϐαίνουσαν
2885 2223 3066 2275 πᾶσαν
3105 2221 3266 2290 φύσιν
3310 2223 3520 2294 Τριάδα
3565 2223 3774 2288 δοξολο-

2191 2312 2417 2384 γοῦμεν,
2436 2314 2562 2366 Υἱὸν
2589 2313 2684 2366 σὺν
2713 2314 2905 2384 Πατρὶ,
2926 2313 3019 2368 καὶ
3045 2315 3106 2366 τὸ
3133 2314 3286 2381 ἅγιον
3313 2314 3478 2366 αὐτοῦ
3514 2313 3736 2384 Πνεῦμα
3757 2331 3770 2342 ·

2189 2405 2324 2458 διότι
2351 2406 2642 2475 ἀγέννητον
2677 2406 2772 2458 καὶ
2803 2405 3078 2459 ἆκτιστον.
3125 2403 3347 2476 Ἐπειδὴ
3372 2405 3481 2476 γὰρ
3513 2404 3636 2458 οὒτε
3677 2407 3774 2460 ἄλ-

2190 2497 2289 2568 λης
2317 2497 2532 2566 φύσεως
2554 2499 2580 2550 ὁ
2613 2497 2944 2568 Μονογενὴς,
2980 2497 3073 2550 καὶ
3100 2495 3161 2549 τὸ
3191 2497 3344 2566 ἅγιον
3371 2497 3614 2568 Πνεῦμα,
3637 2497 3772 2550 ἀλλά

2190 2589 2322 2654 Θεὸς
2351 2592 2414 2643 ἐκ
2441 2589 2599 2657 Θεοῦ,
2633 2592 2726 2644 καὶ
2763 2589 2878 2660 φῶς
2907 2592 2972 2644 ὲκ
2999 2589 3197 2658 φωτὸς,
3227 2590 3324 2642 σὺν
3355 2588 3434 2659 τῷ
3464 2591 3772 2660 παντοκρά-

2189 2695 2307 2750 τορι
2363 2681 2474 2732 Πατ
2487 2681 2540 2751 ρὶ
2587 2681 2682 2733 καὶ
2725 2679 2886 2742 αὐτὸς
2933 2681 2962 2732 6
3015 2680 3324 2751 Μονογενὴς
3379 2679 3773 2751 παντοκράτωρ

2189 2771 2426 2836 ἀκούσας
2451 2812 2464 2835 ,
2495 2773 2569 2837 ὡς
2601 2773 2694 2827 καὶ
2726 2773 2913 2842 σαφῶς
2937 2771 3050 2844 ἔχει
3079 2773 3113 2842 ἡ
3142 2773 3260 2826 θεία
3303 2773 3517 2844 Γραφή.
3547 2775 3624 2826 οὐ
3663 2774 3772 2844 γὰρ

2189 2863 2399 2928 ἀλλοῖός
2433 2867 2548 2918 ἐστι
2579 2864 2730 2936 παρά
2762 2865 2822 2918 τὸ
2849 2863 2944 2918 τοῦ
2975 2865 3188 2936 Πατρὸς
3229 2863 3446 2934 ἀξίωμα
3472 2866 3500 2916 6
3533 2865 3772 2932 Μονογε-

2189 2954 2307 3024 νὴς,
2355 2955 2694 3025 συμπρέπων
2737 2955 2794 3008 δὲ
2849 2955 2926 3026 τῷ
2966 2953 3059 3008 τοῦ
3111 2955 3322 3026 Πατρὸς
3353 2955 3653 3026 ἀξίωματι·
3695 2955 3774 3016 ὡς

2119 3090 2161 3149 c
2192 3046 2487 3118 διαρρήδην
2519 3049 2781 3118 μαρτυρεῖ
2807 3065 2899 3117 μοι
2927 3049 2956 3100 6
2985 3047 3140 3115 ἅγιος
3175 3047 3496 3109 ’Λπόστολος
3519 3049 3576 3100 ὲν
3601 3047 3772 3098 Πνεύ-

2197 3155 2326 3208 ματι
2353 3137 2492 3209 ἁγίῳ
2522 3139 2700 3208 φήσας
2735 3139 2862 3208 περὶ
2890 3138 2998 3192 τῶν
3039 3137 3172 3190 υἱῶν
3211 3139 3454 3209 Ἰσραήλ·
3489 3131 3622 3200 τΩεν,
3665 3155 3772 3207 φη-

2196 3231 2278 3282 σὶν
2297 3271 2310 3292 ,
2337 3230 2376 3297 ἡ
2405 3231 2671 3298 λατρεία,
2707 3229 2806 3282 καὶ
2843 3232 2902 3281 al
2937 3227 3216 3296 διαθῆκαι
3235 3270 3249 3292 ,
3276 3229 3374 3282 καὶ
3398 3223 3485 3282 ὧν
3511 3229 3566 3282 οἱ
3591 3228 3772 3282 πατέο-

2185 3341 2292 3392 ρες
2316 3341 2328 3353 ·
2365 3322 2434 3386 ἐξ
2468 3316 2557 3376 ὧν
2599 3325 2632 3376 ό
2666 3321 2922 3389 Χριστὸς
2949 3319 3017 3374 τὸ
3059 3320 3209 3374 κατὰ
3238 3321 3458 3388 σάρκα,
3493 3325 3526 3375 ὁ
3554 3321 3640 3374 ὢν
3671 3321 3772 3374 ἐπὶ

2193 3417 2434 3469 πάντων
2465 3414 2610 3481 Θεὸς
2637 3414 2966 3484 εὐλογητὸς
3003 3417 3090 3480 εὶς
3123 3415 3264 3480 τοὺς
3287 3414 3526 3480 αἰῶνας.
3571 3415 3766 3484 Ἀμήν.

2191 3508 2290 3560 Διά
2328 3506 2484 3560 τοῦτο
2518 3507 2625 3578 γὰρ
2675 3507 2768 3559 καὶ
2803 3507 3176 3577 προσκυνητὸς
3220 3509 3248 3558 6
3311 3507 3606 3576 μονογενὴς
3629 3545 3644 3568 ,
3675 3508 3770 3559 καὶ

2189 3595 2322 3658 Θεὸς
2381 3598 2410 3647 ὁ
2460 3595 2804 3666 Μονογενὴς,
2857 3595 2950 3648 καὶ
3011 3595 3155 3648 θεῖον
3207 3595 3466 3664 Πνεῦμα,
3515 3596 3574 3647 τὸ
3615 3595 3770 3662 ἅγιον

2193 3685 2446 3756 Πνεῦμα’
2489 3687 2583 3738 καὶ
2615 3687 2752 3756 μετὰ
2785 3687 2882 3756 τὴν
2919 3685 3078 3752 ἁγίαν
3107 3685 3312 3756 Τριάδα
3344 3687 3442 3738 οὐκ
3477 3685 3621 3738 ἐστιν
3653 3686 3770 3737 ἓτε-

2193 3794 2286 3847 ρος
2317 3778 2468 3840 Θεός.
2512 3779 2571 3830 '0
2607 3777 2661 3829 δὲ
2691 3777 2882 3847 Πατὴρ
2911 3777 3326 3847 παντοκράτωρ,
3356 3777 3448 3828 καὶ
3473 3779 3502 3828 ὁ
3534 3777 3771 3844 Μονογε-

2189 3869 2286 3939 νὴς
2319 3867 2483 3920 αὑτοῦ
2520 3871 2646 3930 παῖς
2689 3865 2896 3938 Ἰησοῦς
2932 3867 3166 3935 Χριστὸς
3199 3867 3534 3936 συμπρέπων
3565 3865 3642 3934 τῷ
3673 3863 3768 3918 τοῦ

2191 3959 2404 4030 Πατρὸς
2443 3957 2753 4028 ἀξιώματι,
2791 3959 2883 4010 καὶ
2925 3955 3114 4027 Πατὴρ
3146 3955 3476 4026 καλούμενος
3509 3955 3603 4008 τοῦ
3641 3957 3768 4026 μέλ-

2187 4050 2368 4112 λοντος
2409 4049 2602 4112 αἰῶνος
2624 4091 2638 4113 ,
2697 4048 3038 4120 συμπρέπων
3071 4065 3130 4100 τε
3177 4050 3271 4102 καὶ
3315 4049 3393 4119 τῷ
3425 4049 3566 4118 ἁγίῳ
3601 4047 3766 4100 αὑτοῦ

2189 4143 2466 4214 Πνεῦματι
2499 4143 2788 4204 ἀκτξστως,
2825 4141 2912 4194 ἀεὶ
2957 4144 2990 4212 ἡ
3023 4143 3193 4212 Τριάς
3231 4142 3629 4213 φανερουμὲνη,
3673 4143 3766 4194 καὶ

2187 4235 2582 4306 γινωσκομένη,
2631 4233 2691 4298 ἐξ
2733 4229 2799 4304 ἧς
2847 4234 3075 4303 Τριάδος
3121 4237 3232 4297 τοῖς
3262 4235 3396 4286 πᾶσι
3429 4233 3674 4302 γεγονόσι
3705 4231 3767 4284 τὸ

2188 4327 2358 4380 αἴτιον
2387 4327 2617 4388 ἔνεστιν,
2651 4327 2846 4398 εἴπερ⁸
2893 4329 3041 4380 ἐστὶν
3071 4328 3256 4389 οὐσίας
3301 4325 3634 4397 ἀκραιφνοῦς
3671 4326 3766 4377 καὶ

505 4415 798 4484 appellatio
821 4415 939 4484 ipsa
971 4429 1154 4468 causa:
1183 4415 1455 4468 sinceram
1507 4421 1560 4468 et
1593 4414 2078 4483 incomparabilem

2187 4418 2514 4490 ἀσυγκρίτου
2557 4417 2874 4486 δηλωτικὸν.
2927 4417 3116 4488 Πατὴρ
3151 4419 3208 4470 ἐν
3247 4417 3372 4486 ι’ἱῷ,
3407 4417 3532 4480 Υἱὸς
3564 4419 3620 4469 ἐν
3663 4417 3744 4468 lla

503 4507 864 4558 substantiam
929 4505 1234 4575 signiticet;
1292 4504 1602 4573 cujusmodi
1665 4513 1750 4559 est
1810 4505 1973 4559 Pater
2025 4505 2082 4558 in

506 4594 665 4660 Filio,
705 4593 878 4649 Filius
931 4597 986 4648 in
1051 4594 1236 4662 Patre,
1271 4611 1396 4649 cum
1431 4596 1638 4665 Spiritu
1696 4605 1922 4660 sancto,
1957 4612 2080 4666 per-

427 4737 434 4746 ,
503 4688 715 4740 mansio
764 4688 882 4757 ipsa
923 4687 978 4741 in
1025 4703 1146 4742 sese
1193 4688 1550 4743 aeternitatem
1589 4689 1877 4742 includat:
1920 4689 2079 4758 cujus

505 4776 792 4834 Trinitatis
823 4780 1092 4836 beneﬁcio
1121 4781 1344 4834 condita
1371 4781 1556 4834 omnia
1591 4789 1900 4834 servantur.

947 4893 1130 4949 AETII
1171 4891 1400 4948 CAPUT
1444 4893 1636 4947 XXXI.

575 4985 630 5039 Si
665 4985 801 5038 nihil
835 5001 1024 5040 eormn
1059 5003 1182 5056 quae
1229 4987 1408 5040 visum
1459 4987 1745 5056 eﬂ'ugiunt,
1787 4987 2082 5056 semetipso

504 5081 550 5130 vi
584 5077 818 5147 quadam
857 5079 1031 5132 sativa
1067 5077 1219 5147 prius
1251 5087 1357 5140 est,
1389 5087 1556 5148 atque
1589 5079 1811 5132 delinita
1843 5077 2078 5148 quadam

503 5179 710 5224 naturae
743 5177 892 5226 sorte
926 5173 1265 5234 continetur,
1301 5171 1392 5240 qui
1441 5172 1556 5225 lieri
1589 5179 1788 5240 potest,
1822 5179 1882 5224 ut
1927 5171 2077 5240 inge-

501 5265 648 5316 nitus
705 5261 848 5316 Deus
904 5263 973 5317 ab
1011 5265 1163 5318 omni
1209 5265 1498 5320 sortitione
1531 5263 1859 5330 libersuam
1901 5263 2076 5332 ipsius

500 5355 864 5410 substantiam
895 5356 1058 5410 modo
1083 5356 1322 5426 ingenita
1352 5357 1540 5410 sobole
1574 5353 1854 5408 inferioris
1883 5355 2074 5422 cujus-

499 5447 624 5500 dam
677 5463 741 5502 ac
793 5450 1050 5504 secunda:
1103 5449 1470 5513 conditionis,
1521 5446 1684 5500 modo
1732 5447 1784 5499 in
1836 5445 2074 5515 ingenito

503 5537 765 5604 primario
791 5555 914 5594 esse
948 5540 1148 5606 videat,
1185 5541 1257 5594 ita
1291 5547 1350 5595 ut
1387 5540 1586 5609 prioris
1617 5539 1767 5602 insit,
1807 5553 1868 5591 ac
1891 5547 2074 5606 postc-

497 5625 661 5681 πῖθι-ιδ
689 5629 826 5682 ordo
842 5631 864 5679 ’ἐ

570 5741 584 5771 ¹
617 5741 772 5797 Joan.
807 5759 858 5806 v,
887 5743 990 5810 ‘25;
1021 5759 1104 5810 ιιι,
1131 5743 1216 5799 '66.
1287 5744 1306 5774 ³
1339 5741 1532 5802 Matth.
1565 5757 1660 5808 xu,
1691 5741 1782 5796 5'2.
1857 5742 1874 5773 ³
1906 5738 2063 5794 Rom.
2099 5753 2173 5805 lx,
2210 5737 2261 5804 ι,
2299 5739 2350 5793 5.
2408 5737 2446 5826 _‘
2476 5736 2578 5792 lsa.
2612 5755 2686 5809 ix,
2721 5738 2774 5792 6.

2185 4511 2295 4580 τρὶ,
2333 4511 2428 4562 σὺν
2459 4509 2598 4577 ἁγίῳ
2635 4509 2936 4580 Πνεῦματι,
2966 4511 3053 4562 ἀεὶ
3085 4511 3182 4579 τῆς
3216 4509 3474 4578 διαμονῆς
3501 4509 3560 4560 τὸ
3593 4507 3764 4559 ἀΐδιον

2187 4600 2244 4650 ὲν
2283 4601 2446 4670 ἑαυτῇ
2477 4599 2738 4670 ἐχούσης·
2785 4600 2844 4664 ἐξ
2886 4597 2952 4671 ἧς
2982 4599 3209 4670 Τριάδος
3252 4603 3360 4663 τοῖς
3406 4599 3655 4668 γεγονόσι
3699 4597 3764 4650 τὸ

2186 4691 2542 4755 διασώζεσθαι
2585 4694 2890 4763 πρόσεστιν.
3171 4686 3180 4700 ’

2541 4885 2936 4942 ΚΕΦΑΛΑΙΟΝ
2975 4887 3231 4941 ΑΕἹΊΟΥ
3273 4888 3394 4940 AA'.

2255 4981 2316 5032 Ei
2350 4979 2498 5031 οὐδὲν
2529 4980 2634 5032 τῶν
2675 4980 2922 5050 ἀοράτων
2965 4981 3096 5032 αὐτὸ
3141 4979 3336 5033 ἑαυτοῦ
3367 4981 3762 5051 σπερματικῶς

2185 5071 2547 5142 προῦπάρχει,
2575 5071 2819 5140 διαμένει
2850 5072 2907 5123 δὲ
2947 5073 3005 5124 ὲν
3037 5071 3194 5140 φύσει
3220 5073 3725 5142 ἀποκεκληρωμὲνῃ
3747 5091 3758 5100 ·

2187 5159 2303 5222 πῶς
2334 5165 2360 5212 ὁ
2393 5162 2682 5230 ἁγὲννητος
2709 5161 2861 5224 Θεὸς,
2883 5161 3162 5230 ἐλεύθερος
3193 5161 3628 5233 ἁποκληρώσεως
3659 5163 3762 5212 ὑπο

2185 5253 2386 5322 ἅρχων,
2427 5251 2520 5304 νῦν
2557 5253 2654 5324 μὲν
2691 5253 2787 5322 τὴν
2823 5254 3016 5306 ἑαυτοῦ
3049 5255 3237 5306 οὐσίαν
3270 5254 3530 5325 δευτέραν
3554 5255 3611 5306 ὲν
3634 5270 3762 5320 γεν-

2180 5353 2381 5414 νήματι
2426 5345 2561 5414 ὁρᾷ,
2607 5345 2701 5397 νῦν
2751 5345 2808 5396 δὲ
2861 5345 3134 5415 προτέραν
3183 5349 3238 5398 ἐν
3291 5348 3570 5416 ἁγεννὴτῳ
3615 5345 3760 5400 κατὰ

2179 5437 2276 5505 τὴν
2315 5435 2406 5488 τοῦ
2441 5435 2654 5506 πρώτου
2683 5435 2776 5490 καὶ
2801 5436 3051 5506 δευτέρου
3079 5437 3257 5502 τάξιν;

2857 5737 2962 5812 θῈ.
3000 5739 3165 5809 ῆπερ.
