4134 6392
358 354 465 410 Il?

905 469 1231 540 Ἆνᾱτροπὴ
1271 473 1408 525 AA'.

428 563 508 617 A'.
554 561 700 616 Ἔδει
736 560 827 616 τὸν
868 559 1072 622 Ἀέτιον
1099 563 1231 633 ἡμῖν
1261 561 1677 632 προσημαίνειν,
1707 560 1802 614 καὶ
1845 577 1941 616 σα·

359 657 481 722 φεῖς
510 654 612 716 τὰς
645 651 810 708 αὑτοῦ
842 653 1066 715 πεύσεις
1092 652 1435 724 προϐάλλειν,
1468 652 1703 723 μάλιστα
1737 651 1941 722 ταῦτην

357 746 537 816 ἥνπερ
556 745 702 809 λέξιν
721 746 737 776 ί
761 743 1112 816 ἐπιλήψιμον,
1131 746 1226 799 καὶ
1253 745 1373 816 μηδ’
1398 745 1534 808 ὅλως
1558 744 1786 814 ἔχουσαν
1814 761 1944 812 συγ-

357 836 576 905 γένειαν
605 835 716 890 τῶν
748 836 1140 908 όμοιωμάτων,
1175 837 1296 890 οὐδὲ
1325 836 1552 907 θάτερον
1577 835 1686 889 τῶν
1714 837 1811 889 ὑπ’
1846 837 1944 890 αὑ-

357 927 453 982 τοῦ
491 928 898 1000 ὠνομασμένων
932 928 1146 1000 θατέρῳ
1176 927 1580 993 συνεξισοῦσθαι
1622 928 1939 999 δυνάμενον.

359 1021 580 1074 Πολλῶν
627 1020 736 1093 γὰρ
773 1022 1020 1092 ἀοράτων
1054 1022 1178 1092 ἥκει
1222 1022 1404 1091 φέρων
1437 1024 1568 1094 ἡμῖν
1605 1021 1704 1086 τὰς
1744 1023 1942 1092 ὀνομα-

361 1113 504 1177 σίας.
535 1113 693 1168 Ἐστι
740 1113 850 1186 γὰρ
890 1115 986 1168 καὶ
1029 1115 1237 1186 ἀόρατοι
1279 1113 1393 1180 ζῶα
1445 1115 1515 1168 τὰ
1559 1113 1941 1186 πνευματικά,

360 1207 507 1276 φημὶ
537 1205 593 1258 δὲ
623 1207 869 1278 σεραφὶμ
907 1205 1003 1258 καὶ
1043 1206 1341 1278 χερουϐὶμ,
1377 1206 1516 1260 ἀλλὰ
1562 1208 1656 1260 καὶ
1698 1207 1940 1276 ἄγγελοι,

359 1295 652 1365 πνεύματά
676 1311 738 1349 τε
766 1297 861 1349 καὶ
898 1295 1033 1350 ἄλλα
1058 1296 1214 1349 τινὰ’
1248 1297 1306 1350 ὲν
1346 1293 1428 1361 οἷς
1456 1295 1672 1368 άληθῶς
1704 1297 1945 1368 πληροῦ-

359 1407 450 1443 ται
491 1390 554 1442 τὸ
594 1389 730 1460 μήτε
781 1388 1027 1460 ὑπάρχον
1073 1390 1130 1442 ἐν
1179 1388 1393 1452 ἑαυτοῖς
1439 1390 1828 1460 σπερματικῶς
1867 1407 1940 1444 τι.

362 1478 502 1534 Οὔτε
529 1480 638 1551 γὰρ
674 1480 903 1550 σώματα
937 1479 1071 1551 φαίη
1107 1479 1172 1534 ἄν
1203 1498 1289 1546 τις
1315 1480 1384 1533 τὰ
1417 1479 1663 1551 ἀόρατα·
1709 1482 1803 1534 καὶ
1835 1480 1945 1553 γὰρ

359 1573 484 1626 οὔτε
517 1572 804 1642 γεννῶσιν,
841 1572 966 1626 οὔτε
1001 1572 1332 1642 γεννῶνταιο
1365 1572 1696 1642 ἐκτίσθησαν
1721 1572 1776 1625 δὲ
1804 1573 1945 1626 κατὰ

358 1664 610 1736 βούλημα
649 1664 750 1735 τῆς
775 1661 945 1736 οὔσης
973 1666 1060 1719 del.
1086 1664 1341 1738 θεότητος
1369 1665 1585 1734 σαφῶς,
1624 1664 1719 1718 καὶ
1755 1665 1945 1734 λέλογο

956 349 1324 407 ADV’ERSUS
1364 348 1708 404 ﬂA-ZRESISS
1745 347 1874 402 LIB.
1915 346 2005 401 ill.
2046 345 2210 400 TOM.
2253 345 2295 416 1τ
2333 376 2400 387 -
2432 341 2705 400 ΗΕΒΕΒ.
2749 344 2981 401 LXXVI.

3510 342 3624 405 62‘3i

2553 461 2860 530 Confutatio
2895 461 3108 516 XXXI.

2113 560 2156 616 l.
2197 559 2406 616 Vellem
2435 559 2712 631 equidem,
2743 559 2888 628 quod
2919 567 2973 613 et
3015 556 3216 612 lactant
3256 556 3521 623 oportuit,
3562 567 3627 610 rt2

2047 650 2240 706 Aetius
2268 655 2504 706 mentem
2548 662 2703 704 suam
2737 646 2896 702 nobis
2933 646 3256 715 aperuisset.
3297 652 3353 698 et
3383 645 3628 698 interro-t

2047 742 2298 812 gationes
2338 755 2470 797 suas
2501 740 2784 810 aliquanto
2826 739 3032 793 clarius
3071 738 3472 807 preposuisset,
3515 749 3620 806 po-

2045 837 2158 890 tius
2184 849 2348 904 quam
2401 847 2466 890 ea
2496 832 2738 888 dictione
2782 837 2931 887 esset
2979 845 3134 892 usus,
3164 843 3286 899 quae
3327 829 3382 882 in
3428 841 3622 896 repre-

2044 929 2366 985 hensionem
2398 928 2666 993 incurrit;
2703 942 2808 982 nec
2829 927 2996 981 ullam
3033 925 3086 978 in
3110 925 3194 980 his
3221 925 3389 978 rebus
3421 923 3622 993 quibus

2048 1027 2222 1081 utitur
2263 1023 2680 1083 similitudinem
2709 1025 2894 1088 habet,
2947 1038 3072 1078 cum
3131 1030 3386 1076 neutrum
3430 1035 3619 1076 eorum

2045 1133 2168 1189 qua:
2197 1117 2265 1171 ab
2313 1131 2380 1172 eo
2414 1126 2841 1176 commemorata
2888 1122 3048 1178 sunt,
3089 1129 3215 1168 cum
3268 1112 3440 1166 altero
3470 1126 3623 1165 com-

2045 1209 2228 1279 parari
2263 1217 2314 1264 et
2355 1207 2630 1279 exmquarl
2677 1208 2897 1278 possit:
2938 1205 3212 1275 siquidem
3257 1204 3622 1273 plurimorum

2045 1315 2166 1370 quae
2193 1300 2372 1354 visum
2404 1297 2672 1370 emugiunt
2709 1297 3106 1368 appellationes
3155 1294 3381 1350 adducit
3421 1298 3476 1348 in
3507 1308 3633 1356 mea

2045 1389 2219 1445 dium.
2241 1386 2374 1442 Nam
2397 1396 2452 1442 et
2478 1389 2654 1444 visum
2679 1386 2896 1457 fugiunt
2927 1384 3185 1440 animalia
3214 1383 3308 1437 illa
3333 1381 3623 1452 spiritalia,

2045 1483 2152 1538 hoc
2177 1491 2263 1538 est
2301 1481 2602 1553 seraphim,
2635 1480 2943 1546 cherubim,
2979 1478 3180 1550 angeli,
3209 1477 3437 1547 spiritus
3467 1475 3624 1530 deni-

2046 1592 2201 1648 que:
2235 1577 2291 1630 in
2334 1575 2538 1646 quibus
2588 1589 2778 1630 verum
2830 1572 2965 1627 illud
2999 1587 3125 1627 esse
3167 1569 3432 1632 cernitur,
3477 1565 3628 1638 quod

2046 1667 2242 1724 Aetius
2273 1675 2484 1730 narrat,
2522 1664 2658 1720 nihil
2691 1673 2751 1720 ut
2779 1665 2835 1719 in
2868 1664 3066 1734 seipsis
3099 1663 3152 1718 vi
3183 1661 3417 1732 quadam
3453 1659 3628 1715 sativa

359 1775 454 1829 χεν
482 1756 712 1810 ἕκαστον
737 1756 847 1810 τῶν
873 1757 1263 1829 κεκτισμένων,
1286 1757 1424 1828 ὅπερ
1442 1759 1470 1810 ό
1487 1757 1564 1811 ὢν
1583 1755 1733 1827 αὐτῷ
1753 1756 1946 1810 διένει-

2059 1759 2392 1816 contineant.
2417 1757 2605 1828 Neque
2633 1757 2779 1812 enim
2805 1769 3046 1824 corpora
3071 1769 3135 1810 ea
3166 1768 3287 1825 quae
3317 1767 3428 1808 non
3458 1764 3627 1820 aspe-

357 1821 463 1922 ᾖεν
495 1850 695 1923 ἀρετῆς
729 1850 785 1903 ἒν
825 1851 889 1921 τῇ
923 1821 1197 1921 ὑπερθολῇ
1227 1821 1328 1920 τῆς
1356 1821 1520 1902 αῦτοῦ
1551 1821 1786 1918 ἀφθόνου
1821 1847 1943 1916 φιλ-

2059 1852 2274 1907 ctabilia
2319 1858 2449 1908 sunt
2494 1821 2695 1906 dixerit
2727 1821 2952 1919 aliquis,
2997 1863 3125 1903 cum
3169 1821 3344 1916 neque
3377 1847 3636 1915 gignant,_

361 1939 825 2011 ανθρωπίας.Κα“ι
854 1937 1224 2011 άπεκληρώθη
1255 1938 1487 1992 ἕκαστον
1511 1939 1649 2009 ὅπερ
1672 1936 1944 2009 κεκλήρω-

359 2050 471 2097 ται,
500 2033 596 2087 καὶ
627 2031 895 2104 ἐντούτῳ
929 2032 1109 2104 μένειο
1142 2030 1236 2086 καὶ
1265 2030 1548 2104 ἐλεύθερός
1587 2031 1735 2084 ἐστιν
1756 2031 1785 2082 ὁ
1811 2029 1944 2093 Θεὸς

362 2127 545 2199 πάσης
574 2125 774 2190 αἰτίας,
807 2125 864 2178 ἐν
890 2124 1070 2195 ἑαυτῷ
1097 2124 1234 2194 ἔχων
1265 2122 1326 2178 τὸ
1351 2124 1482 2188 πᾶν,
1515 2122 1577 2177 οὐ
1606 2121 1946 2195 μελλητικῶς

361 2216 482 2270 οὐδὲ
511 2217 975 2289 μεταμελημένως
1007 2217 1098 2270 τὸν
1129 2217 1256 2271 Υἰδν
1285 2217 1424 2287 μετὰ
1458 2216 1683 2289 χρόνους
1720 2215 1882 2286 ἔχων,
1908 2214 1942 2287 ἢ

361 2308 423 2363 τὸ
451 2307 604 2378 ἆγιον
631 2307 857 2380 Πνεῦμα
882 2307 1048 2364 αὐτοῦ
1066 2350 1078 2374 ,
1103 2309 1240 2362 ἀλλὰ
1273 2308 1706 2382 συμπρεπόντως
1733 2309 1794 2363 τὸ
1819 2308 1907 2364 ἀεὶ
1925 2312 1946 2342 ²

363 2399 510 2472 ἔχειν
541 2401 670 2454 Υἱὸν
698 2401 1097 2473 γεγεννημένον
1133 2401 1290 2455 Υίόν·
1327 2400 1467 2472 ἔχων
1509 2402 1604 2456 καὶ
1632 2401 1820 2479 τοῦτον
1856 2419 1953 2474 μο-

363 2490 600 2562 νογενῆ,
644 2491 735 2545 ἀεὶ
779 2491 922 2562 ἔχων
968 2493 1187 2562 Πατέρα
1227 2493 1286 2546 ὲν
1325 2492 1540 2561 ἐαυτῷ,
1591 2492 1706 2564 ἔχει
1757 2494 1852 2548 καὶ
1892 2493 1954 2547 τὸ

365 2581 520 2652 ῑγιον
554 2583 780 2656 Πνεῦμα
807 2586 874 2639 ὲκ
904 2585 1116 2657 Πατρδς
1143 2584 1203 2637 ὃν
1222 2623 1237 2649 ,
1270 2587 1364 2638 καὶ
1394 2585 1488 2639 τοῦ
1517 2584 1650 2638 Υἱοῦ
1679 2585 1952 2657 λαμϐάνον

363 2674 452 2728 ἀεὶ
491 2675 632 2748 ἔχον.

2051 1960 2233 2016 neque
2267 1945 2584 2018 gignantur,
2619 1943 2714 1999 sed
2743 1941 2816 1998 de
2837 1943 3181 2012 sempiternae
3207 1935 3511 1994 divinitatis
3541 1950 3632 1990 vo-

2053 2033 2264 2090 luntate
2301 2036 2463 2105 plane
2483 2031 2703 2090 condita
2743 2032 2873 2095 sint,
2911 2046 2970 2086 ac
3001 2029 3336 2085 tantumdem
3371 2042 3630 2096 unaquze-

2050 2143 2158 2199 que
2191 2135 2499 2182 creatarum
2523 2143 2704 2183 rerum
2723 2125 2943 2181 virtutis
2957 2121 3124 2194 979
3162 2121 3342 2182 habet,
3367 2128 3630 2189 quantum

2048 2237 2154 2295 pro
2189 2219 2400 2275 inﬁnita
2430 2235 2529 2278 sua
2561 2220 2900 2289 benignitate
2950 2223 3004 2272 et
3033 2215 3372 2269 humanitate
3400 2211 3630 2281 largitus

2056 2322 2144 2369 est
2172 2313 2342 2369 Deus.
2370 2311 2561 2383 Itaque
2589 2310 2847 2382 quaelibet
2877 2308 3026 2379 quod
3049 2306 3159 2362 sibi
3195 2306 3514 2361 attributum
3547 2309 3633 2357 est

2050 2405 2314 2471 obtinuit,
2363 2405 2419 2460 in
2453 2421 2631 2476 eoque
2665 2409 2948 2475 permanet
2985 2421 2999 2458 :
3039 2398 3183 2455 Deus
3211 2412 3342 2454 vero
3381 2398 3450 2453 ab
3483 2395 3634 2450 omni

2051 2511 2222 2552 causa
2271 2496 2564 2553 absolutus
2604 2503 2718 2560 est,
2754 2495 3043 2550 continens
3094 2491 3151 2546 in
3211 2497 3384 2546 semet
3427 2489 3632 2544 omnia.

2058 2587 2208 2646 idem
2253 2591 2375 2646 sine
2422 2591 2530 2645 ulla
2573 2575 2927 2644 cunctatione
2979 2584 3347 2640 mutationeve
3389 2580 3637 2658 consilii,

2052 2697 2235 2753 neque
2296 2679 2497 2738 Filium
2541 2682 2706 2752 longo
2758 2679 3078 2741 intervallo,
3136 2692 3314 2747 neque
3368 2673 3635 2745 Spiritum

359 2780 620 2830 sanctum
662 2789 822 2828 suum
870 2772 1073 2828 habere
1106 2772 1294 2843 erepit.
1347 2771 1455 2828 Sed
1485 2788 1586 2843 pro
1622 2787 1690 2828 eo
1731 2788 1796 2828 ac
1826 2777 2164 2834 conveniens
2202 2787 2306 2843 est,
2334 2775 2536 2832 Filium
2561 2777 2724 2833 habet
2762 2776 2831 2830 ab
2884 2783 3112 2838 aeterno,
3184 2787 3349 2844 quem
3410 2769 3638 2825 unicum

366 2864 557 2932 genuit
588 2882 600 2920 :
642 2861 817 2919 Filius
855 2879 988 2919 vero
1038 2862 1256 2919 Patrem
1288 2864 1498 2921 habens
1543 2866 1599 2920 in
1629 2866 1814 2938 seipse
1848 2880 2138 2939 perpetuo,
2171 2884 2279 2924 una
2324 2878 2379 2925 et
2409 2868 2675 2940 Spiritum
2701 2875 2950 2925 sanetum
2986 2867 3189 2923 habet:
3250 2864 3345 2937 qui
3378 2878 3409 2919 a
3477 2861 3640 2916 Patre

366 2959 670 3031 procedens
687 2959 730 3023 ³,
762 2974 792 3013 a
827 2959 967 3015 Filio
993 2973 1210 3031 semper
1239 2960 1486 3031 accipit‘.

440 3051 516 3104 B'.
559 3051 670 3103 Kal.
704 3050 814 3122 γάρ
839 3048 965 3104 οὒτε
1011 3050 1104 3104 ἐπὶ
1143 3050 1351 3123 ἀδοξίᾳ,
1383 3049 1507 3105 οὔτε
1542 3053 1636 3105 ἐπὶ
1664 3052 1952 3126 προσθήκῃ

2128 3052 2196 3108 Il.
2241 3052 2454 3107 Etenim
2497 3068 2676 3123 neque
2739 3053 2792 3107 in
2828 3053 3192 3115 obscuritate,
3248 3069 3348 3107 nec
3404 3055 3458 3106 in
3507 3054 3642 3108 ube-

365 3142 526 3215 δόξης
555 3143 589 3211 ἡ
630 3141 919 3213 περιουσία
949 3141 1052 3212 τῆς
1077 3143 1330 3212 θεότητος
1356 3144 1444 3198 ἀεὶ
1479 3143 1646 3214 οῦσης
1665 3161 1678 3175 ·
1725 3145 1952 3216 μηδενὸς

2059 3145 2193 3200 riori
2249 3145 2545 3216 splendore
2593 3161 2658 3201 ac
2710 3146 2886 3217 gloria
2932 3148 3279 3217 Sempiternze
3327 3147 3638 3202 divinitatis

368 3234 426 3287 δὲ
457 3234 546 3287 ἀεὶ
579 3233 733 3296 δντος
766 3232 878 3287 τῶν
911 3234 1306 3305 κεκτισμένων,
1348 3234 1480 3288 πότε
1511 3233 1656 3308 ἐώρα
1688 3237 1887 3308 ἑαυτὴν
1920 3239 1955 3308 ἠ

370 3325 542 3396 Τριὰς
570 3327 628 3379 ὲν
647 3325 836 3396 ἤσσονι
866 3327 1188 3398 περιουσίᾳ;
1211 3329 1323 3382 Καὶ
1352 3329 1446 3382 νῦν
1477 3331 1574 3400 μὲν
1601 3328 1760 3383 τοῦτο
1783 3331 1954 3402 ἐώρα,

370 3419 466 3473 νῦν
496 3420 554 3474 δὲ
579 3422 638 3472 ἐν
669 3421 960 3490 προσθέσει
989 3423 1197 3487 οὐσίας,
1219 3423 1295 3487 ὡς
1321 3422 1505 3494 ἐνδεὴς
1531 3423 1672 3494 μετὰ
1696 3425 1760 3478 τὸ
1779 3442 1958 3478 κεκτι-

373 3511 527 3566 κέναι
551 3511 620 3566 τὰ
643 3513 999 3582 κεκτισμένα,
1030 3515 1088 3566 ὲν
1113 3514 1477 3586 περισσοτέρᾳ
1498 3514 1782 3586 προσθήκῃ
1800 3514 1959 3586 δόξης

371 3604 406 3674 ἢ
444 3605 763 3675 περιουσίας
795 3604 890 3660 νῦν
907 3606 1116 3677 ἑαυτὴν
1139 3605 1355 3678 optima;
1393 3604 1499 3660 Kal
1533 3609 1598 3659 ἐκ
1622 3605 1959 3678 πανταχόθεν

373 3695 529 3748 οὐδὲν
562 3696 826 3767 ὲνσκήψει
862 3697 970 3750 τῶν
1005 3697 1345 3768 βουλομένων
1389 3697 1533 3753 κατὰ
1567 3697 1668 3768 τῆς
1701 3697 1960 3769 ἀληθείας

375 3786 473 3851 τὰς
496 3788 913 3858 συλλογιστικὰς
944 3789 1291 3862 ἀνθρωπίνας
1316 3790 1571 3853 ὑπονοίας
1593 3791 1959 3862 παραφέρειν,

374 3879 473 3932 καὶ
505 3880 583 3944 είς
629 3879 795 3951 μέσον
823 3882 1010 3953 φέρειν
1031 3923 1044 3948 ,
1085 3880 1521 3952 ὑπερὸαινούσης
1555 3881 1654 3952 τῆς
1697 3879 1793 3934 τοῦ
1823 3879 1961 3934 Θεοῦ

377 3967 569 4037 ἀξίας,
616 3972 860 4045 Πατρδς,
906 3973 1002 4027 καὶ
1049 3973 1220 4037 Υίοῦ,
1262 3973 1357 4026 καὶ
1397 3973 1552 4042 ἁγίου
1608 3972 1961 4044 Πνεύματος,

379 4060 558 4118 πάντα
591 4063 716 4116 νοῦν
739 4063 1007 4133 ἀγγέλων,
1035 4065 1132 4118 καὶ
1156 4065 1412 4120 ἐπέκεινα
1433 4080 1449 4096 ·
1483 4063 1634 4134 πόσῳ
1662 4080 1726 4133 γε
1763 4063 1964 4133 μᾶλλον

380 4151 729 4226 ἀνθρωπίνης
759 4155 1010 4224 φύσεως;
1055 4155 1273 4227 Ἐπειδὴ
1321 4156 1430 4227 γὰρ
1462 4154 1713 4227 λογισμοὶ
1748 4154 1964 4228 ἀνθρώ-

382 4262 499 4299 πων
523 4244 721 4311 δειλοὶ,
753 4245 992 4317 φθαρταὶ
1028 4245 1087 4299 δὲ
1125 4246 1181 4302 αἶ
1208 4245 1415 4300 τούτοιν
1445 4246 1697 4312 διάνοιαι,
1723 4249 1806 4311 είς
1833 4247 1964 4301 συλ-

381 4336 676 4408 λογισμοὺς
701 4338 797 4391 καὶ
821 4339 1145 4408 συζητῆσεις
1168 4339 1365 4402 ἑαυτὰς
1396 4340 1816 4412 περιπείρουσαι
1835 4356 1849 4371 ⁸
1888 4340 1964 4406 ὼς

381 4428 531 4483 ille:
569 4429 663 4496 ἀφ’
693 4428 906 4482 ἑαυτῶν
943 4429 1316 4502 συλλογισμῶν
1360 4431 1780 4503 ἀνακρινόμενοι
1823 4430 1967 4484 κατὰ

2060 3237 2384 3292 excellentia
2417 3248 2692 3293 versatur.
2727 3238 2864 3293 Cum
2896 3249 3076 3294 autem
3113 3250 3421 3294 creatarum
3453 3255 3642 3294 rerum

2060 3328 2214 3382 nulla
2253 3328 2433 3383 adhuc
2455 3335 2623 3394 esset,
2657 3337 2970 3382 utrumnam
3005 3330 3226 3387 tandem
3251 3328 3510 3384 divinitas
3539 3333 3644 3383 mi-

2061 3434 2197 3474 nore
2231 3420 2466 3490 seipsam
2496 3418 2778 3491 0pulentia
2801 3419 3084 3489 praeditam
3129 3419 3266 3475 vidit
3307 3419 3646 3490 aliquando?

2058 3519 2161 3567 aut
2193 3519 2309 3566 tum
2339 3513 2565 3582 quidem
2598 3512 2872 3582 ejusmodi
2915 3528 3038 3568 sese
3070 3512 3226 3576 vidit,
3258 3527 3405 3566 nunc
3437 3519 3642 3579 autem,

2064 3604 2209 3659 facta
2237 3604 2305 3659 ad
2345 3605 2716 3662 substantiam
2762 3604 3101 3668 accessione,
3146 3605 3306 3675 quasi
3335 3603 3644 3674 cuiuspiam

2062 3697 2141 3753 rei
2168 3698 2423 3768 indigens
2455 3713 2578 3753 esse
2602 3705 2810 3767 posset,
2856 3706 3212 3767 posteaquam
3245 3706 3431 3752 creata
3457 3697 3642 3751 omnia

2071 3790 2353 3862 produxit,
2388 3791 2658 3860 ampliore
2689 3789 2926 3860 quadam
2957 3789 3128 3858 gloria
3160 3789 3470 3859 opibusque
3519 3803 3646 3844 sese

2065 3881 2348 3952 praeditam
2373 3879 2800 3935 animadvertit?
2823 3879 3016 3933 Nullus
3041 3879 3224 3949 itaque
3249 3880 3646 3950 tergiversandi

2064 3971 2222 4026 locus
2242 3970 2310 4026 iis
2330 3971 2560 4026 relictus
2589 3978 2695 4035 est,
2731 3971 2826 4041 qui
2863 3971 3129 4026 adversus
3161 3970 3444 4024 veritatem
3478 3971 3649 4042 syllo-

2063 4061 2366 4130 gismorum
2404 4061 2651 4132 argutias
2694 4059 2981 4115 hominum
3028 4060 3364 4129 excogitatas
3413 4060 3647 4130 ingeniis

2065 4167 2342 4223 opponere
2379 4153 2632 4208 nituntur
2669 4159 2723 4208 et
2749 4153 2805 4207 in
2839 4152 3077 4206 medium
3095 4152 3290 4207 all‘erre
3325 4172 3338 4205 :
3375 4152 3644 4222 siquidem

2065 4246 2251 4302 divina
2279 4244 2565 4314 maiestas,
2603 4245 2806 4311 Patris,
2847 4246 3096 4315 inquam,
3141 4253 3196 4300 et
3245 4244 3396 4310 Filii,
3432 4259 3496 4300 ac
3523 4244 3647 4315 Spia

2065 4338 2208 4398 ritus
2234 4339 2440 4403 sancti,
2477 4339 2794 4409 angelorum
2822 4346 3034 4394 mentes
3069 4353 3259 4394 omnes
3292 4337 3452 4409 longo
3481 4338 3650 4391 inter-

2066 4431 2212 4484 vallo
2241 4438 2486 4495 superat,
2537 4430 2737 4485 nedum
2788 4431 3106 4495 hominum;
3159 4445 3392 4502 quorum
3443 4430 3650 4484 timida:

385 4520 704 4590 σοφιστικήν
753 4537 874 4574 τινα
918 4521 1204 4588 ὑπόνοιαν,
1251 4523 1301 4575 οἱ
1338 4524 1436 4593 μὲν
1478 4523 1604 4595 περὶ
1644 4522 1738 4576 τοῦ
1792 4521 1955 4576 κακοί

2071 4522 2436 4590 cogitationes
2459 4524 2504 4587 ⁸,
2541 4523 2708 4576 animi
2754 4538 2953 4578 sensus
3004 4523 3275 4578 intereunt
3312 4523 3366 4577 in
3413 4523 3648 4576 nihilum

384 4610 466 4663 ὅτι
495 4610 659 4664 πόθεν
680 4612 904 4683 ἤρξατο,
931 4613 1078 4667 ἄλλοι
1105 4614 1162 4667 δὲ
1192 4617 1274 4668 ὅτι
1301 4615 1464 4668 πόθεν
1486 4617 1513 4669 ὁ
1537 4615 1852 4687 διάϐολος,ἥ
1876 4615 1967 4669 διὰ

383 4701 438 4754 τί
469 4702 690 4770 γέγονεν
710 4721 724 4734 ·
756 4703 934 4774 ἕτεροι
974 4704 1030 4758 δὲ
1062 4705 1155 4759 τὸν
1199 4705 1459 4776 μέλλοντα
1500 4706 1840 4776 ἁμαρτάνειν
1870 4705 1968 4759 ἄν·-

385 4791 625 4863 θρωπον,
653 4795 735 4847 ὅτι
767 4794 856 4848 διὰ
886 4795 939 4847 τί
965 4797 994 4848 ὁ
1017 4794 1149 4858 Θεὸς
1170 4795 1345 4860 οὕτως
1377 4795 1542 4848 αὐτὸν
1561 4795 1783 4848 ἔκτισεν
1805 4811 1818 4824 ·
1847 4792 1966 4858 ὁδὲ,

385 4885 625 4938 τοιοῦτον
647 4886 809 4939 αὐτὸν
829 4887 1204 4959 ἐργασάμενος
1233 4888 1324 4942 διὰ
1358 4889 1411 4940 τί
1438 4887 1664 4960 ὕστερον
1697 4886 1859 4942 αὑτὸν
1882 4886 1968 4940 αἱ·

388 4974 568 5028 τιᾶται
590 4992 604 5004 ·
642 4975 731 5040 ἵν’,
768 4977 898 5030 ὅταν
924 4978 1146 5042 πάντες,
1185 4979 1647 5051 περικρούσαντες
1678 4980 1810 5041 τοὺς
1840 4978 1969 5030 ἐαυ-

385 5065 496 5118 τῶν
549 5065 882 5140 λογισμοὺς,
935 5071 1325 5142 καταμάθωσιν
1371 5073 1598 5136 ἑαυτοὺς
1661 5069 1970 5142 φθαρτοὺς,

385 5157 708 5213 ἀποδώσωσι
741 5160 818 5231 τῷ
849 5163 1046 5232 Πατρὶ,
1074 5164 1167 5216 καὶ
1194 5161 1328 5232 Υἱῴ,
1361 5161 1456 5216 καὶ
1493 5162 1636 5232 ἁγίῳ
1666 5161 1968 5232 Πνεύματι,

385 5250 632 5303 τουτέστι
666 5254 730 5326 τῇ
768 5254 867 5324 μιᾷ
896 5253 1083 5325 Τριάδι
1107 5295 1122 5318 ,
1170 5255 1232 5307 τὸ
1267 5254 1430 5318 σέϐας
1467 5255 1563 5309 καὶ
1595 5253 1694 5325 τὴν
1723 5252 1924 5322 γνῶσιν
1949 5270 1964 5285 ο

387 5339 519 5410 παρ’
553 5341 716 5394 αὑτοῦ
749 5343 805 5396 δὲ
838 5344 1146 5414 αἰτούμενοι
1183 5344 1282 5416 τῆς
1311 5344 1570 5416 ἀληθινῆς
1604 5345 1844 5408 πίστεως
1870 5344 1969 5414 τὴν

387 5433 610 5501 γνῶσιν,
653 5435 749 5488 καὶ
789 5437 1178 5509 πορισάμενοι,
1210 5439 1299 5492 ἵνα
1334 5439 1408 5511 μὴ
1455 5439 1804 5511 ὑπερϐαίνειν
1850 5455 1971 5492 πει-

391 5522 596 5594 ρῶνται
635 5526 698 5579 τὺ
754 5527 883 5582 ῑδιον
933 5529 1162 5600 μέτρον,
1206 5529 1343 5583 ἀλλὰ
1394 5529 1637 5600 μάθωσιν
1674 5529 1971 5601 ἡσυχάζειν

389 5616 501 5669 ἀπὸ
539 5617 958 5689 τετυφλωμένης
1000 5621 1242 5686 ἐννοίας,
1289 5625 1384 5677 καί
1426 5622 1502 5695 μὴ
1536 5621 1851 5691 σοφίζεσθαι
1879 5620 1969 5674 διὰ

2070 4616 2299 4681 redacti,
2333 4631 2397 4671 ac
2439 4631 2562 4672 sese
2607 4617 2790 4672 varias
2831 4618 2887 4671 in
2929 4617 3383 4672 ratiocinationes
3421 4625 3472 4671 et
3501 4631 3649 4685 quae-

2070 4709 2281 4764 stioncs
2313 4707 2570 4762 induunt.
2603 4706 3076 4774 Quemadmodum
3117 4709 3172 4761 in
3208 4706 3484 4776 plerisque
3515 4721 3646 4759 usu-

2072 4801 2263 4856 venire
2312 4801 2617 4864 cernimus,
2663 4800 2758 4870 qui
2809 4800 3113 4870 scphistica
3152 4799 3388 4868 quadam
3435 4797 3650 4852 ratione

2075 4891 2315 4947 inventis
2349 4907 2380 4946 a
2410 4908 2470 4948 se
2496 4892 2831 4964 syllogismis
2862 4892 3206 4946 diversarum
3235 4904 3416 4944 rerum
3453 4903 3650 4943 causas

2076 4984 2357 5055 inquirere
2383 4992 2437 5039 et
2464 4984 2799 5054 inveStigare
2839 4982 3082 5039 student.
3138 4980 3313 5038 Veluti
3345 4981 3473 5034 mali
3501 4980 3648 5051 quod

2076 5075 2408 5146 principium
2441 5073 2628 5130 fuerit.
2667 5075 2774 5129 Alii
2804 5075 3097 5138 undenam,
3137 5081 3189 5128 et
3231 5074 3391 5140 cujus
3423 5072 3500 5126 rei
3531 5088 3653 5142 gra-

2076 5168 2153 5221 tia
2184 5165 2438 5222 diabolus
2469 5168 2759 5223 exstiterit.
2801 5166 3036 5235 Quidam
3075 5167 3143 5222 de
3192 5165 3413 5220 homine
3459 5181 3653 5236 pecca-

2076 5265 2199 5312 turo
2228 5267 2502 5328 quaerunt,
2529 5273 2631 5312 cur
2675 5258 2825 5312 hunc
2865 5258 3009 5313 Deus
3054 5273 3119 5312 ea
3166 5255 3482 5312 conditione
3520 5270 3651 5324 pro-

2079 5349 2370 5413 creaverit,
2415 5356 2510 5403 aut
2547 5349 2640 5420 qui
2685 5351 2853 5405 talem
2900 5350 3215 5412 fabricarat,
3260 5362 3360 5401 cur
3387 5346 3655 5400 incusarit

2081 5450 2273 5510 postea
2304 5459 2318 5494 :
2353 5449 2413 5495 ut
2453 5457 2578 5496 cum
2623 5443 2806 5497 varias
2839 5443 2892 5496 in
2933 5449 3116 5512 partes
3159 5440 3372 5495 animos
3414 5454 3544 5492 suos
3589 5451 3653 5490 ac

2079 5532 2439 5603 cogitationes
2481 5533 2852 5600 intenderint,
2891 5549 2954 5588 ac
3003 5532 3343 5604 corruptioni
3388 5545 3446 5586 se
3475 5529 3653 5584 obno-

2080 5622 2198 5678 xios
2220 5623 2608 5691 intellexerint,
2627 5623 2798 5692 Patri,
2829 5639 2891 5678 ac
2920 5622 3078 5689 Filio,
3103 5634 3156 5679 et
3178 5622 3404 5693 Spiritui
3438 5627 3651 5684 sancto,

467 5731 657 5814 ’,ἢπερ
681 5733 838 5798 λέξιν·
934 5732 954 5761 ¹
977 5732 1038 5787 F-
1092 5733 1170 5805 τῷ
1198 5734 1434 5800 ἁεί,εε(ὶ
1456 5737 1686 5795 mutilus
1717 5737 1804 5793 hic
1836 5737 1955 5792 locu

2059 5744 2114 5791 st.
2195 5737 2405 5797 ’Joan.
2448 5757 2536 5805 xv,
2569 5741 2660 5814 26.
2742 5741 2762 5772 ⁸
2816 5738 2976 5796 Joan.
3016 5757 3128 5806 xiv,
3191 5738 3391 5810 15,16.
3467 5734 3647 5804 “.Sap.

395 5813 458 5869 ﬂ,
495 5803 578 5858 η.
721 5895 996 5959 Ρηιιοι.
1045 5897 1164 5962 Gtt.
1209 5899 1406 5963 XLII.

3252 5898 3327 5956 20
