4134 6392
503 357 608 416 019

1901 361 1958 414 S.
2016 357 2360 414 EPIPIIANH

3666 362 3772 418 6'20

503 475 608 530 hoc
633 479 717 528 est
764 471 854 526 uni
908 485 971 526 ac
1012 472 1273 543 singulari
1319 471 1616 537 Triuitati,
1663 472 2075 527 venerationem

2196 471 2566 542 ὶναπτομένης
2597 471 2851 542 γλώσσης
2881 471 2976 524 καὶ
3012 471 3288 541 λογισμῶν
3319 469 3617 534 ἀσυνέτων,
3669 489 3772 525 σω-

502 581 568 622 ac
611 565 897 622 scientiam
929 565 1198 632 deferant,
1233 565 1302 620 ab
1341 580 1518 635 eoque
1555 580 1696 620 vera:
1725 563 1848 619 fidei
1898 565 2084 635 cogni-

502 658 705 713 tionem
733 657 1007 728 postulent
1037 665 1206 728 atque
1233 659 1541 729 impetrent,
1589 667 1648 712 ut
1675 673 1742 712 ne
1769 673 2082 713 mensuram

503 750 777 821 propriam
807 749 1093 812 excedant,
1119 750 1213 804 sed
1242 750 1312 805 ab
1338 751 1628 806 obcazcataz
1655 751 1854 805 mentis
1879 751 2082 820 impetu

503 840 935 910 conquiescant;
975 856 1110 896 neve
1155 856 1390 897 accensa
1426 842 1762 912 incitataque
1804 842 1987 912 lingua
2031 851 2086 896 et

506 928 952 999 imprudentibus
1034 931 1463 1002 cogitationibus
1541 931 1790 1002 argutari
1858 934 2090 996 malint,

2194 565 2542 637 φρονίζεσθαι
2592 565 2648 618 δὲ
2707 564 2906 634 μᾶλλον
2938 564 3028 617 διὰ
3070 563 3164 617 τοῦ
3212 565 3432 616 συνετοῦ
3479 564 3644 634 ῥητοῦ
3676 565 3776 635 τῆς

2194 658 2354 725 ἁγίας
2398 657 2492 710 καὶ
2526 655 2675 718 θείας
2722 656 2944 726 Γραφῆς
2983 655 3083 725 τῆς
3126 654 3425 724 λεγούσης·
3468 654 3567 721 Μὴ
3601 656 3778 721 ὑπερ-

2193 750 2440 820 φρονεῖν
2475 750 2608 818 παρ’
2641 749 2672 802 ὃ
2704 749 2796 802 δεῖ
2831 749 3098 818 φρονεῖν,
3134 749 3295 803 ἀλλὰ
3323 746 3568 817 φρονεῖν
3599 749 3686 813 εις
3714 748 3778 801 τό

2193 842 2552 912 σωφρονεῖν.

2167 949 2334 1004 quam
2390 931 2798 1004 sapientissima
2850 932 2942 986 illa
2987 932 3287 1003 Scriptura:
3339 931 3611 986 sententia
3685 943 3779 982 ca-

506 1019 695 1090 stigari
720 1035 732 1070 :
763 1019 932 1092 980
957 1019 1081 1076 Non
1104 1039 1284 1092 sapere
1305 1025 1424 1092 plus
1455 1042 1612 1096 quam
1639 1033 1842 1093 oportet
1870 1042 2075 1095 sapere,
2115 1026 2206 1081 sed
2235 1041 2417 1095 sapere
2441 1026 2510 1080 ad
2535 1025 2870 1080 sobrietatem
2889 1028 2929 1079 ¹.

927 1136 1109 1190 AETII
1157 1135 1386 1192 CAPUT
1429 1137 1643 1192 XXXII.

575 1241 636 1301 Si
665 1246 722 1301 in
752 1247 992 1319 ingenita
1025 1260 1221 1305 natura
1251 1262 1564 1322 perseverat
1593 1254 1758 1316 Deus,
1793 1252 2072 1308 detrahen-

505 1337 634 1394 dum
671 1338 773 1394 hoc
814 1340 863 1395 ei
909 1350 1009 1405 est,
1055 1352 1120 1396 ‘ut
1157 1344 1405 1413 generari
1453 1359 1512 1398 se
1567 1351 1729 1414 atque
1781 1345 2084 1416 ingenitum

507 1446 630 1484 esse
656 1442 972 1502 cognoscat.
995 1433 1162 1500 Quod
1195 1436 1241 1491 si
1279 1435 1332 1490 id
1375 1437 1449 1492 iili
1483 1437 1666 1500 detur,
1701 1445 1759 1492 ut
1774 1453 1890 1508 ~per
1917 1438 2085 1507 geniti

506 1524 850 1594 ingenitique
889 1528 1262 1583 conditionem
1306 1528 1454 1584 illius
1500 1540 1693 1584 natura
1739 1529 2084 1593 traducatur,

507 1619 873 1674 substantiam
906 1621 1024 1689 ipse
1074 1637 1228 1676 suam
1278 1622 1512 1692 ignorat,
1539 1637 1668 1677 eum
1724 1623 1794 1676 ab
1829 1630 2084 1692 utraque,

508 1709 682 1780 geniti
711 1709 926 1766 scilicet
959 1719 1124 1784 atque
1148 1713 1398 1783 ingeniti,
1431 1713 1696 1784 qualitate
1721 1713 2084 1768 distrahatur.

512 1800 570 1856 Si
608 1819 741 1859 vero
770 1805 1017 1875 genitum
1044 1806 1379 1860 conditionis
1409 1806 1638 1876 ingeniti
1669 1807 1943 1878 particeps
1975 1815 2081 1866 est.

511 1905 564 1950 et
595 1897 820 1967 ingeniti
855 1905 1053 1952 natura
1097 1907 1360 1969 perpetuo
1391 1908 1593 1968 manet,
1627 1914 1851 1955 necesse
1906 1908 1990 1955 est
2022 1909 2082 1953 ut

510 2002 569 2042 se
619 1987 936 2058 imperfecta
979 1990 1033 2043 in
1078 1998 1273 2044 natura
1308 1992 1672 2046 constitutum
1702 1998 1998 2061 agnoscat,
2031 1998 2090 2046 et

511 2079 660 2134 illam
701 2079 926 2150 ingeniti
957 2082 1401 2138 communionem
1433 2083 1646 2154 ignoret
1674 2101 1688 2139 :
1734 2098 1911 2154 neque
1938 2083 2087 2138 enim

511 2171 653 2226 idem
698 2172 764 2228 de
801 2175 984 2244 seipso
1041 2185 1094 2230 et
1129 2176 1383 2246 ingenita:
1445 2177 1766 2231 substantia:
1803 2184 1857 2230 et
1894 2176 2091 2246 genitae.

512 2265 764 2320 notitiam
813 2265 1110 2322 informare
1163 2275 1361 2338 potest.
1412 2266 1530 2322 Jam
1576 2283 1708 2323 vero
1756 2268 1803 2323 si
1863 2268 2089 2338 ingeniti

510 2357 820 2426 proprietas
873 2357 1006 2414 levis
1041 2368 1126 2413 est
1169 2374 1233 2414 ac
1281 2359 1494 2414 minimi
1541 2359 1810 2423 facienda,
1838 2360 1986 2430 quod
2034 2361 2090 2414 in

512 2450 868 2505 mutationem
915 2451 1176 2522 proclivis
1231 2455 1330 2516 sit,
1375 2452 1730 2507 immutabilis
1779 2451 2090 2507 substantia

2559 1140 2960 1194 ΚΕΦΑΛΑῙΟΝ
2998 1139 3254 1193 ΑΕτίοΥ
3289 1139 3413 1194 AB’.

2263 1253 2327 1306 Εἰ
2358 1251 2604 1324 διαμένει
2640 1255 2696 1306 ὲν
2723 1252 2884 1323 φύσει
2935 1253 3231 1324 ἀγεννήτου
3259 1254 3287 1305 6
3320 1251 3473 1316 Θεὸς,
3501 1250 3562 1302 τὸ
3598 1251 3653 1301 ἐν
3683 1265 3778 1316 γε-

2192 1345 2335 1397 νέσει
2375 1345 2469 1397 καὶ
2499 1346 2800 1417 ἀγεννησίᾳ
2825 1347 3017 1399 ἑαυτὸν
3049 1346 3248 1398 εἰδέναι
3286 1342 3610 1415 ἀφῃρήσθω.
3631 1342 3780 1408 Συγ-

2190 1436 2544 1506 χωρουμένου
2567 1436 2625 1489 δὲ
2662 1438 2720 1490 ἐν
2745 1438 3028 1509 ἀγεννήτῳ
3052 1437 3148 1490 καὶ
3176 1435 3424 1507 γεννητῷ
3451 1435 3550 1504 τὴν
3586 1429 3780 1484 ἑαυτοῦ

2188 1529 2376 1582 οὐσίαν
2411 1527 2781 1599 παρατείνειν,
2814 1529 2975 1593 αὐτὸς
3009 1527 3205 1582 ἑαυτοῦ
3236 1527 3423 1596 ἀγνοεί
3448 1525 3547 1595 τὴν
3569 1523 3778 1585 οὐσίαν,

2190 1621 2586 1694 περιαγόμενος
2642 1622 2748 1675 ὑπὸ
2787 1622 3054 1691 γενέσεως
3101 1622 3196 1675 καὶ
3228 1619 3578 1689 ἀγεννησίας.
3629 1617 3690 1668 Ei
3723 1615 3781 1668 δὲ

2190 1715 2283 1767 καὶ
2315 1714 2374 1767 τὸ
2399 1713 2654 1784 γεννητὸν
2715 1714 3008 1784 μετείληφε
3050 1713 3340 1784 μετουσίας
3371 1710 3691 1780 ἀγεννήτου,
3722 1707 3782 1759 ὲν

2188 1805 2246 1858 δὲ
2274 1803 2535 1873 γεννητοῦ
2564 1803 2723 1872 φύσει
2750 1805 3125 1876 ἀτελευτήτως
3149 1803 3418 1874 διαμένει,
3449 1802 3498 1854 εἰ
3529 1798 3634 1869 μὲν
3664 1797 3780 1850 δια-

2194 1896 2362 1950 τελῶν
2396 1895 2555 1963 φύσει
2591 1895 2850 1964 γινώσκει
2893 1897 3078 1957 αὐτὸν,
3126 1895 3336 1964 ἀγνοῶν
3367 1892 3526 1963 δῆλον
3569 1890 3650 1942 ὅτι
3685 1885 3782 1956 τὴν

2197 1987 2492 2056 ἀγέννητον
2517 1989 2807 2059 μετουσίαν
2829 2004 2842 2017 ο
2875 1990 2936 2040 ού
2962 1987 3070 2058 γὰρ
3097 1982 3208 2039 οἶόν
3232 2003 3291 2038 τε
3326 1983 3488 2038 αὑτὸν
3519 1982 3647 2052 περὶ
3681 1978 3782 2030 αῦ-

2195 2079 2288 2133 τοῦ
2320 2084 2412 2136 καὶ
2436 2083 2733 2151 ἀγεννήτου
2760 2079 2948 2143 οὐσίας
2969 2078 3170 2148 γνῶσιν
3201 2078 3345 2148 ἔχειν
3370 2077 3464 2128 καὶ
3489 2077 3780 2144 γεννητῆς·

2197 2175 2246 2226 εἰ
2287 2173 2344 2226 δὲ
2385 2173 2862 2245 εὐκαταφρόνητόν
2907 2174 3023 2224 ἐστι
3063 2172 3124 2224 τὸ
3153 2171 3449 2239 ἀγέννητον
3493 2167 3582 2220 διὰ
3618 2183 3785 2237 μετα-

2199 2262 2361 2334 ϐολῆς
2413 2263 2858 2335 ἐπιτηδειότητα,
2903 2263 3119 2334 ἀξίωμα
3164 2261 3380 2331 φύσεώς
3411 2262 3560 2313 ἐστιν
3597 2257 3779 2316 οὐσία,

2198 2352 2576 2424 ἀμετάὄλητος
2627 2353 2730 2424 τῆς
2777 2354 3074 2424 ἀγεννήτου
3119 2352 3344 2417 οὐσίας,
3394 2352 3575 2418 πάσης
3604 2346 3784 2408 αἰτίας

2198 2454 2505 2524 κρείττονος
2534 2453 2991 2524 όμολογουμένης.

512 2553 724 2601 natura:
771 2547 1019 2603 autetiam
1058 2547 1299 2619 dignitas
1349 2555 1465 2611 cst,
1517 2563 1640 2603 cum
1726 2548 1966 2620 ingenita
2035 2547 2342 2604 substantia
2385 2549 2630 2604 omnium
2701 2548 3051 2604 confessione
3087 2548 3276 2603 causis
3334 2548 3594 2605 erunibus
3629 2557 3784 2602 ante-

513 2637 692 2693 cellat.

1008 2750 1314 2818 Confutatio
1344 2748 1596 2805 XXXII.

590 2863 632 2917 ι.
667 2861 879 2918 Nemini
921 2861 1148 2918 dubium
1183 2869 1290 2928 est,
1340 2863 1471 2933 quin
1516 2860 1757 2933 ingenita
1793 2861 1847 2916 in
1893 2868 2092 2914 natura

518 2961 662 3017 Deus
702 2967 1040 3032 perseveret,
1089 2960 1287 3026 Pater;
1317 2961 1410 3032 qui
1447 2960 1514 3016 de
1559 2960 1730 3014 nihilo
1769 2958 1976 3014 creavit
2027 2973 2093 3013 ac

515 3053 803 3109 fabricavit
844 3053 1060 3118 omnia,
1090 3051 1288 3107 Filium
1335 3066 1465 3108 vero
1497 3050 2025 3107 consubstantialem
2061 3065 2092 3104 e

2742 2744 3066 2813 Ἇνατροπὴ
3106 2749 3236 2801 AB‘.

2269 2859 2344 2908 A'.
2402 2856 2488 2908 Ἐν
2527 2855 2808 2926 ἀγεννήτῳ
2859 2855 3019 2924 φύσει
3058 2856 3303 2926 διαμένει
3339 2860 3728 2930 ἀναμφιϐόλως
3753 2864 3787 2918 6'

2195 2948 2348 3013 Θεὸς,
2378 2948 2406 2999 ό
2439 2947 2507 3000 τὰ
2538 2948 2715 3002 πάντα
2750 2948 2941 3011 κτίσας
2974 2947 3034 3012 ἐξ
3058 2949 3159 3001 οὐκ
3182 2949 3374 3015 ὄντων,
3404 2953 3498 3005 καὶ
3529 2953 3785 3026 δημιουρ-

2196 3042 2374 3112 γήσας
2395 3042 2423 3093 ό
2452 3039 2663 3112 Πατὴρ,
2689 3041 2957 3110 γεννήσας
2983 3041 3040 3105 ἐξ
3062 3040 3256 3095 ἑαυτοῦ
3285 3043 3571 3113 όμοούσιον
3602 3046 3782 3116 ἑαυτῴ

516 3147 698 3218 seipso
754 3153 916 3216 atque
958 3145 1245 3200 aeternitati
1292 3160 1405 3200 sua:
1451 3150 1840 3214 congruentem
1876 3141 2091 3209 genuit;

2199 3133 2328 3186 Υίὸν
2348 3172 2362 3195 ,
2395 3131 2490 3185 καὶ
2529 3131 2923 3202 συμπρέποντα
2957 3134 3022 3202 τῇ
3065 3133 3230 3185 αὐτοῦ
3258 3134 3519 3205 ἀῖδιότητι
3543 3176 3558 3200 ,
3599 3138 3694 3190 καὶ
3722 3139 3784 3191 τὸ

514 3253 731 3294 necnon
763 3247 816 3292 et
859 3235 1120 3308 Spiritum
1153 3244 1401 3291 sanctum
1434 3252 1465 3290 e
1496 3235 1678 3305 seipso
1699 3235 2090 3305 procedentem

514 3341 570 3386 ει
608 3329 853 3400 ejusdem
889 3329 1210 3386 substantias
1239 3329 1614 3383 Communioni
1669 3341 1922 3398 peraeque
1953 3341 2092 3380 con-

514 3425 822 3479 venientem
874 3422 1152 3492 produxit.
1193 3421 1349 3487 Quod
1396 3429 1580 3476 autem
1611 3419 1800 3474 eadem
1845 3419 1936 3472 illa
1971 3416 2092 3470 Tri-

515 3517 661 3571 nitas
719 3529 1060 3584 qutecunque
1105 3522 1234 3566 sunt
1283 3528 1314 3568 e
1373 3512 1545 3567 nihilo
1599 3510 1938 3581 procreavit,
1983 3519 2093 3563 tarn

517 3607 895 3677 aspectabilia,
921 3620 1088 3676 quam
1122 3619 1245 3674 quae
1274 3612 1558 3673 aspectum
1592 3601 1830 3672 fugiunt,
1869 3616 1980 3654 non
2012 3599 2095 3654 id-

513 3700 669 3754 circo
727 3697 781 3752 id
821 3698 1035 3767 ipsum,
1090 3695 1237 3767 quod
1280 3694 1478 3750 divinae
1531 3693 1799 3763 majestati
1860 3707 2095 3746 consen-

522 3797 744 3844 taneum
774 3795 880 3851 est,
934 3787 1038 3842 hoc
1072 3795 1158 3843 est
1187 3786 1504 3843 exsistentis
1543 3783 1844 3846 aeternitas,
1887 3782 2093 3837 recenti

520 3883 613 3936 illa
641 3888 950 3935 creatarum
983 3891 1168 3932 rerum
1190 3872 1552 3943 appellatione
1574 3873 1933 3929 subtrahitur.
1959 3872 2096 3928 Nam

523 3969 593 4025 ab
627 3969 856 4023 istarum
897 3967 1213 4022 conditione
1263 3980 1477 4020 summa
1523 3964 1613 4018 illa
1658 3963 1963 4017 substantia
2031 3977 2095 4016 ac

522 4060 841 4132 praecellens
881 4058 1173 4122 eximitur,
1211 4055 1539 4127 quibuscum
1579 4053 1803 4108 minime
1853 4054 2095 4109 consub-

518 4151 792 4210 stantialis
841 4159 950 4214 est,
979 4149 1073 4205 sed
1112 4164 1207 4205 eas
1258 4165 1290 4204 e
1340 4147 1512 4202 nihilo
1559 4146 1763 4216 aliquid
1808 4153 1868 4199 ut
1911 4156 2098 4201 essent

518 4241 796 4300 excitavit.
851 4240 1031 4306 Quare
1088 4238 1260 4294 Filius
1312 4253 1343 4292 a
1393 4237 1553 4292 Patre
1608 4235 1867 4306 genitus,
1915 4251 2023 4289 non
2067 4250 2097 4290 ε

519 4334 711 4399 nihilo,
741 4331 838 4386 sed
881 4349 946 4384 ex
979 4346 1043 4385 eo
1085 4331 1311 4400 quiest,
1359 4329 1749 4383 convenienter
1800 4327 2097 4396 productus

520 4423 880 4494 intelligitur:
920 4421 1054 4476 adeo
1104 4431 1162 4474 ut
1205 4435 1382 4489 neque
1431 4419 1707 4482 collatata.
1749 4433 1923 4487 neque
1967 4433 2098 4470 con-

2197 3224 2257 3288 ἐξ
2286 3221 2451 3276 αὑτοῦ
2474 3222 2629 3291 ἅγιον
2659 3222 2883 3294 Πνεῦμα
2916 3222 3156 3288 ἐξελθὸν,
3182 3227 3500 3296 πρεπόντως
3534 3229 3780 3301 ὑπάρχον

2194 3319 2261 3387 τῇ
2287 3312 2453 3369 αὑτοῦ
2485 3314 2886 3384 όμοουσιότητι.
2917 3315 3028 3368 Καὶ
3049 3314 3194 3383 οὔτε,
3224 3318 3522 3389 ἐπειδήπερ
3547 3323 3580 3392 ή
3613 3323 3783 3393 Τριάς

2197 3405 2409 3458 ἔκτισεν
2443 3403 2503 3468 ἐξ
2530 3405 2629 3458 οὐκ
2654 3404 2822 3459 όντων
2847 3405 2916 3458 τὰ
2945 3405 3097 3469 ὄντα,
3126 3409 3300 3478 ὀρατά
3335 3427 3394 3462 τε
3426 3412 3520 3464 καὶ
3553 3413 3782 3484 ἀόρατα,

2196 3494 2348 3566 παρά
2393 3493 2552 3547 τοῦτο
2601 3496 2903 3567 ἀναιρεῖται
2947 3497 3006 3548 τὸ
3041 3497 3342 3567 ἀναλογοῦν
3383 3500 3462 3572 τῷ
3501 3503 3597 3556 τοῦ
3647 3504 3783 3558 Θεοῦ

2195 3583 2466 3655 ἀξιώματι
2491 3583 2578 3637 διὰ
2613 3584 2705 3637 τοῦ
2741 3586 3055 3656 προσφάτου
3102 3587 3210 3641 τῶν
3246 3593 3562 3662 κτισμάτων
3592 3594 3787 3664 όνόμα-

2135 3693 2145 3705 ‘
2195 3694 2320 3742 τος,
2354 3679 2386 3748 ή
2419 3676 2512 3729 τοῦ
2550 3677 2700 3740 ὄντος
2726 3677 2988 3749 ἀῖδιότης-.
3044 3681 3384 3755 Ἀφαιρεῖται
3430 3685 3487 3738 δὲ
3529 3687 3637 3740 ἀπὸ
3674 3687 3786 3739 τῶν

2201 3768 2573 3838 κεκτισμένων
2603 3769 2636 3839 ή
2667 3768 2873 3822 ἀνωθεν
2901 3771 3308 3842 ὑπερϐαίνουσα
3331 3776 3510 3842 οὐσία,
3531 3778 3630 3831 οὐκ
3651 3774 3786 3832 οὖσα

2195 3857 2405 3922 τούτοις
2430 3859 2738 3930 όμοούσιος,
2769 3861 2828 3927 ἐξ
2856 3863 2959 3914 οὐκ
3004 3862 3173 3916 όντων
3199 3865 3257 3919 δὲ
3283 3866 3562 3922 καλέσασα
3588 3869 3684 3922 τοῦ
3716 3867 3788 3923 εἷ-

2197 3969 2304 4005 ναι.
2356 3951 2448 4004 Διὸ
2485 3953 2514 4004 6
2556 3953 2956 4026 γεγεννημένος
3005 3955 3130 4018 Υἱὸς
3175 3958 3276 4011 οὐκ
3327 3960 3386 4026 ἐξ
3439 3961 3540 4015 οὐκ
3592 3962 3784 4030 ὄντων,

2197 4042 2333 4098 ἀλλὰ
2373 4045 2438 4099 ἐκ
2482 4044 2575 4098 τοῦ
2620 4045 2775 4110 ὄντος
2823 4049 3259 4119 συμπρεπόντως
3315 4051 3432 4122 ἅμα
3475 4047 3784 4126 θεωρεῖται,

2197 4133 2321 4187 οὔτε
2354 4136 2823 4207 παρατεινομένης
2859 4139 2959 4207 τῆς
2993 4140 3214 4206 οὐσίας,
3259 4141 3382 4196 οῦτε
3425 4146 3787 4218 συστελλομέ-

2198 4243 2325 4297 νης’
2359 4225 2496 4280 ἀλλά
2519 4227 2734 4298 πνεῦμα
2759 4227 2834 4281 ὢν
2863 4232 2892 4283 ὁ
2914 4231 3124 4304 Πατὴρ,
3152 4231 3370 4304 πνεῦμα
3400 4234 3672 4304 ἀληθινῶς
3695 4239 3788 4290 τὸν

2199 4320 2327 4372 Υίὸν
2361 4319 2639 4390 ἐγέννησε,
2673 4321 2764 4374 καὶ
2801 4322 2860 4386 ἐξ
2884 4323 3078 4376 ἑαυτοῦ
3103 4324 3364 4395 ἐξήνεγκε
3388 4327 3446 4379 τὸ
3476 4329 3700 4399 Πνεῦμα
3727 4330 3787 4382 τὸ

2201 4413 2377 4482 ἀγιον.
2415 4415 2525 4467 Καὶ
2559 4415 2656 4485 οὐχ
2687 4417 2879 4468 ἑαυτὸν
2913 4418 3128 4485 ἀγνοεῖ,
3173 4418 3297 4472 οὔτε
3335 4420 3434 4490 τὴν
3472 4423 3668 4476 ἑαυτοῦ
3696 4425 3788 4476 οὐ·

520 4525 692 4572 tracta
737 4516 807 4570 sit
848 4515 1174 4569 substantia.
1203 4513 1401 4567 Verum
1438 4511 1530 4581 qui
1564 4511 1791 4580 spiritus
1826 4517 1910 4564 est
1939 4507 2096 4563 Pater

2207 4507 2328 4560 σίαν
2359 4507 2784 4580 συστελλομένην
2825 4511 2858 4582 ἢ
2901 4511 3313 4583 πλατυνομένην
3341 4510 3482 4567 οἶδεν
3503 4555 3516 4579 ,
3546 4516 3579 4586 ἢ
3614 4517 3790 4587 τομὴν

520 4607 772 4676 spiritum
837 4605 1061 4674 perinde
1101 4603 1298 4658 Filium
1345 4603 1567 4673 genuit,
1619 4609 1782 4672 atque
1828 4618 1858 4655 e
1917 4600 2099 4668 seipso

522 4708 772 4755 sanctum
827 4695 1089 4767 Spiritum
1129 4695 1332 4750 emisit.
1382 4694 1566 4764 Neque
1594 4709 1722 4748 vero
1770 4703 1862 4747 aut
1895 4701 2098 4747 semet-

523 4793 703 4860 ipsum
741 4791 986 4860 iguorat,
1023 4795 1118 4842 aut
1155 4794 1492 4841 contractam
1530 4786 1911 4839 collatatamve
1939 4798 2096 4838 suam

523 4883 675 4934 novit
708 4879 1096 4943 substantiam,
1133 4877 1250 4932 sive
1295 4877 1477 4946 aliqua
1512 4875 1756 4931 sectione
1791 4873 2092 4930 concisam.

524 4971 648 5026 limo
678 4971 824 5026 enim
864 4975 1047 5025 omnia
1077 4968 1145 5023 de
1188 4966 1296 5023 Deo
1352 4967 1513 5038 981
1546 4967 1789 5036 cogitare
1818 4966 1981 5020 nimis
2014 4976 2101 5019 est

526 5063 826 5120 absurdum
851 5105 866 5125 ,
903 5070 963 5116 ut
988 5062 1119 5131 quid
1163 5061 1234 5115 sit
1278 5056 1516 5128 Spiritus
1545 5066 1769 5112 sanctus
1802 5055 1948 5111 Deus
1984 5055 2100 5125 ipse

529 5157 758 5211 nesciat.
809 5154 888 5208 Ac
934 5168 1114 5222 neque
1157 5151 1429 5222 ingenitus
1479 5165 1602 5204 cum
1665 5149 1904 5217 ingenito
1960 5146 2101 5201 Filio

527 5246 1016 5306 consubstantialis
1038 5260 1146 5300 non
1171 5250 1292 5308 est;
1330 5258 1506 5313 neque
1537 5242 1754 5313 genitus
1788 5241 1906 5311 ipse
1942 5256 2099 5295 com-

523 5354 744 5395 munem
774 5354 919 5405 cum,
951 5329 1112 5394 Patre
1151 5337 1507 5392 aeternitatem
1553 5350 1660 5388 non
1704 5333 1970 5388 continet.
2005 5331 2099 5386 Et-

525 5432 672 5488 enim
697 5429 861 5487 Pater
905 5429 1127 5495 Filium,
1161 5427 1332 5483 Filius
1369 5424 1586 5480 Patrem
1620 5425 1927 5495 cognoscit.
1967 5421 2099 5476 Tri-

525 5527 670 5581 nitas
718 5537 887 5594 porro
941 5523 1060 5593 ipsa
1120 5521 1240 5578 sine
1291 5519 1404 5572 ullo
1453 5517 1559 5572 fine
1597 5525 1780 5571 manet
1832 5517 2097 5578 increata,

524 5616 835 5688 occiditque
879 5631 1183 5686 nunquam.
1218 5613 1389 5670 Filius
1445 5627 1577 5668 vero
1633 5626 1664 5665 a
1696 5609 1863 5664 Patre
1902 5622 2098 5664 revera

2208 4597 2598 4667 ὑφισταιμένην.
2641 4598 2827 4652 Ταῦτα
2864 4605 2972 4672 γὰρ
3014 4601 3190 4655 πάντα
3235 4603 3366 4672 περὶ
3411 4603 3542 4656 Θεὸν
3591 4605 3790 4658 ειδέναι

2205 4688 2547 4757 ἀλογώτατον
2575 4705 2588 4720 ·
2619 4690 2760 4744 ὥστε
2789 4692 2880 4744 καὶ
2912 4694 3127 4760 ἀγνοεῖν
3168 4694 3303 4747 αὐτὸ
3343 4695 3406 4748 τὸ
3443 4695 3618 4758 Θείον,
3652 4696 3790 4766 ὅπερ

2205 4782 2322 4834 ἐστὶ
2375 4781 2469 4834 τὸι
2505 4781 2659 4849 ἆγιον
2697 4783 2939 4853 Πνεῦμα.
2991 4785 3102 4838 Καὶ
3148 4785 3272 4838 οὔτε
3313 4787 3342 4840 6
3389 4786 3684 4856 ἀγέννητος
3728 4787 3790 4838 οὑ

2205 4873 2539 4944 συμμετέχει
2571 4873 2650 4944 τῷ
2696 4877 2996 4947 γεννήματι
3025 4876 3088 4930 τὸ
3122 4877 3429 4947 όμοούσιον,
3461 4877 3585 4931 οὔτε
3618 4881 3646 4931 ὁ
3674 4895 3792 4946 γεν-

2209 4966 2368 5038 νητὸς
2392 4967 2454 5020 οὐ
2484 4967 2840 5039 συμπεριέχει
2871 4968 2950 5039 τῷ
2981 4969 3158 5040 Πατρὶ
3191 4970 3252 5022 τὸ
3297 4971 3484 5024 ἀΐδιον.
3521 4966 3642 5024 Οἵδε
3682 4971 3790 5040 γὰρ

2207 5056 2236 5108 6
2274 5056 2461 5128 Πατὴρ
2489 5057 2579 5110 τὸν
2605 5057 2752 5121 Υἱὸν,
2787 5059 2882 5110 καὶ
2913 5059 2941 5110 6
2974 5057 3099 5121 Υἱὸς
3127 5054 3233 5111 οἶδε
3255 5062 3348 5113 τὸν
3375 5059 3595 5130 Πατέρα
3613 5076 3626 5090 °
3667 5059 3793 5112 ἀτε-

2207 5149 2482 5222 λευτήτως
2528 5150 2616 5203 ἀεὶ
2647 5149 2745 5220 τῆς
2791 5150 3020 5222 Τριάδος
3059 5150 3314 5204 ἀκτίστου
3353 5151 3657 5221 μενούσης,
3695 5149 3793 5203 καὶ

2207 5242 2576 5312 ἀτελευτήτως
2602 5242 2956 5313 ὑπαρχούσης
2974 5258 2989 5272 ο
3019 5242 3113 5294 τοῦ
3141 5241 3482 5311 Μονογενοῦς
3526 5257 3790 5310 γεγεννη-

2211 5335 2372 5407 μένου
2397 5336 2462 5388 ὲκ
2499 5333 2592 5388 τοῦ
2620 5335 2706 5388 ἀεὶ
2735 5337 2909 5400 ὄντος,
2942 5334 3110 5399 ὄντως
3144 5335 3317 5398 ὄντος,
3348 5337 3442 5390 καὶ
3481 5338 3537 5388 ἐν
3569 5334 3678 5404 ἰδίᾳ.
3703 5349 3792 5385 τε-

2206 5426 2326 5499 λείᾳ
2356 5425 2535 5496 φύσει.
2591 5427 2683 5480 Διὸ
2727 5427 2987 5497 γινώσκει
3032 5429 3258 5482 ὲαυτόνο
3302 5428 3397 5481 καὶ
3437 5427 3536 5480 οὐκ
3609 5430 3794 5498 ἀγνοεῖ

2205 5517 2329 5571 οὔτε
2366 5522 2394 5572 6
2437 5518 2566 5582 Υἱὸς
2611 5519 2710 5590 τὴν
2756 5518 3048 5590 ἀγέννητον
3094 5510 3307 5590 Πατρὸς
3347 5519 3552 5582 οὐσίαν,
3595 5517 3718 5569 οὔτε
3765 5518 3794 5570 6

2207 5609 2502 5682 ἀγέννητος
2532 5609 2630 5681 τὴν
2655 5609 2749 5665 τοῦ
2778 5609 2910 5662 Υἱοῦ
2949 5609 3010 5676 ἐξ
3043 5609 3209 5664 αὑτοῦ
3234 5609 3446 5677 οὐσίαν,
3474 5607 3791 5674 ἀξιοπῦστου

596 5772 618 5808 ⁸
644 5773 806 5829 Rom.
840 5788 938 5839 xu,
977 5772 1030 5827 5.
1105 5773 1126 5804 ’
1154 5770 1218 5827 F.
1245 5769 1398 5829 deest
1420 5769 1628 5842 Πατὴρ,
1664 5768 1759 5825 καὶ
1792 5767 1942 5838 Υἱὸς,
1967 5769 2060 5822 καὶ
2089 5767 2172 5834 τὸ,
2196 5775 2298 5824 etc.
