4134 6392
373 356 477 439 eat

989 355 1357 413 ADVERSUS
1397 355 1738 410 II/ERESES
1777 356 1903 412 LIB.
1935 357 1952 411 Ι

2065 355 2228 411 ΤΟΜ.
2275 355 2314 410 1.
2357 385 2419 394 -
2467 354 2738 410 ΗίΕιὶΕδ.
2784 354 3018 410 LXXVi.

3517 357 3625 414 6‘29.

370 476 523 538 δντος
548 471 642 528 τοῦ
673 473 992 546 μονογενοῦς
1023 474 1157 528 Θεοῦ
1184 477 1358 544 Λόγου
1387 478 1659 548 φήσαντος
1683 493 1696 506 ·
1737 477 1946 544 Οὐδεὶς

2054 493 2111 530 ac
2139 491 2349 545 semper
2383 476 2679 532 exsistente
2712 476 2768 530 in
2811 477 3029 548 propria
3060 473 3406 547 perfectaque
3433 490 3624 534 natura

371 561 496 622 οἵδε
523 566 630 621 τὸν
660 568 891 636 Πατέρα
913 570 965 621 εἰ
988 565 1076 637 μὴ
1102 571 1134 621 ό
1166 571 1318 634 Υἱὸς,
1345 569 1444 622 καὶ
1481 570 1589 623 τὸν
1621 567 1757 623 Υἱὸν
1783 571 1835 622 εἰ
1856 567 1942 638 μὴ

369 662 402 712 ό
435 657 656 726 Πατήρ.

2057 569 2271 637 genitus
2304 576 2406 622 est.
2460 567 2543 622 Ob
2589 568 2642 621 id
2693 569 3046 639 semetipsum
3087 570 3270 638 novit;
3308 550 3484 639 neque
3534 580 3629 625 aut

2058 659 2228 713 Filius
2263 659 2559 729 ingenitam
2595 659 2775 716 Patris
2800 662 3190 722 substantiam,
3227 669 3320 716 aut
3352 663 3628 732 ingenitus

368 746 514 811 Filii,
545 763 707 817 quem
747 748 1022 817 produxit,
1061 749 1316 817 ignorare
1353 758 1552 820 potest.
1609 756 1814 821 Dignus
1858 758 1941 804 est
1978 750 2125 804 enim
2155 749 2326 805 Filius
2357 749 2492 820 ipse,
2538 751 2625 804 cui
2659 751 2739 804 sic
2769 752 3013 820 loquenti
3067 751 3202 806 ﬁdes
3269 751 3626 814 adhibeatur;

367 837 539 891 Nemo
571 839 709 891 novit
749 838 962 892 Patrem
1001 840 1103 891 nisi
1133 838 1331 902 Filius,
1371 851 1418 894 et
1459 839 1663 893 Filium
1703 842 1807 894 nisi
1841 839 2001 893 Pater
2029 840 2066 892 ί.

438 929 512 985 B'.
539 931 629 983 Διὸ
675 930 978 1001 ἀφῃρήσθω
1017 931 1076 983 τὸ
1118 931 1306 984 τούτου
1346 931 1440 985 τοῦ
1473 933 1704 997 γεννάδα
1743 933 1944 986 ’Λετίου

365 1021 733 1088 ἀποφαντικὸν
768 1020 1065 1090 κέλευσμα,
1107 1022 1168 1073 τὸ
1197 1024 1406 1092 φῆσαν·
1443 1041 1460 1071 ι
1498 1023 1572 1075 Οὑ
1609 1023 1716 1095 γὰρ
1751 1018 1860 1076 οἷόν
1891 1039 1949 1075 τε

367 1113 532 1166 αὑτὸν
577 1113 707 1183 περὶ
762 1111 958 1166 ἑαυτοῦ
1022 1114 1115 1166 καὶ
1177 1115 1470 1184 ἁγεννήτου
1514 1116 1699 1178 οὐσίας
1751 1117 1950 1183 γνῶσιν

365 1204 529 1272 ἔχειν,
551 1204 644 1256 καὶ
692 1205 1036 1275 ἀγεννησίας.
1080 1224 1096 1255 ι
1118 1204 1398 1275 Προῦλαϐε
1441 1206 1548 1275 γὰρ
1582 1208 1609 1258 ὁ
1645 1207 1956 1276 Μονογενὴς

366 1295 730 1365 παραγράψαι
775 1295 872 1365 τὴν
917 1295 1232 1366 δικαστικὴν
1280 1297 1446 1350 αὑτοῦ
1501 1298 1704 1368 ταύτην
1752 1297 1954 1368 φωνὴν,

366 1386 548 1454 φήσας
578 1387 770 1439 ἑαυτὸν
798 1386 995 1439 εἰδέναι
1027 1386 1117 1438 τὸν
1149 1388 1390 1458 Πατέρα,
1428 1390 1522 1442 καὶ
1549 1389 1704 1442 ἄλλον
1731 1389 1919 1442 οὐδένα
1937 1407 1951 1420 ο

367 1476 792 1546 συμπεριλαϐὼν
849 1478 965 1548 ἅμα
1027 1479 1120 1532 καὶ
1164 1478 1258 1531 τοῦ
1303 1479 1618 1550 Πνεύματος
1664 1481 1826 1533 αὐτοῦ
1860 1480 1951 1533 τοῦ

365 1568 524 1635 ἁγίου
564 1567 626 1620 τὸ
668 1569 1008 1641 ὲνύπαρκτον
1033 1586 1047 1601 ·
1079 1570 1154 1634 ὡς
1194 1571 1288 1622 καὶ
1333 1572 1390 1622 ὲν
1437 1571 1582 1642 ἄλλῳ
1620 1572 1840 1640 φάσκει,
1870 1572 1951 1624 ὅτι

373 1661 444 1713 Τὸ
470 1661 716 1730 Πνεῦμα
771 1661 879 1714 τοῦ
923 1661 1154 1730 Πατρός
1195 1661 1420 1725 διδάξει
1449 1662 1626 1732 ὑμᾶς.
1670 1659 1727 1716 Εἰ
1763 1663 1817 1715 δὲ
1857 1663 1950 1716 τοῦ

367 1751 581 1822 Πατρός
632 1754 748 1804 ἐστι
788 1754 849 1805 τὸ
896 1752 1142 1823 Πνεῦμα,
1198 1753 1299 1806 οὐκ
1327 1753 1511 1820 ἀγνοεῖ
1547 1754 1641 1807 καὶ
1691 1754 1821 1808 αὐτὸ
1860 1755 1949 1808 τὸν

366 1841 605 1913 Πατέρα.
651 1844 738 1896 Ἐν
767 1843 822 1896 δὲ
849 1843 928 1914 τῷ
966 1845 1245 1915 εἰρηκέναι
1271 1862 1285 1876 ο
1333 1844 1678 1912 Οὐδεὶς-οἶδε
1703 1850 1810 1899 τέν
1836 1851 1951 1900 Πα-

359 1931 529 1999 τέρα,
557 1935 610 1986 εὶ
630 1931 715 2001 μὴ
745 1936 777 1986 ό
816 1933 967 1997 Υἱὸς,
989 1934 1079 1987 ἵνα
1107 1934 1318 1999 ἑαυτὸν,
1351 1934 1447 1988 καὶ
1471 1934 1562 1986 τὸν
1585 1934 1825 2004 Πατέρα,
1857 1935 1952 1988 καὶ

366 2023 429 2076 τὸ
451 2023 674 2093 Πνεῦμα
705 2025 766 2076 τὸ
797 2024 948 2093 ἆγιον
977 2025 1353 2096 ὑπερϐεϐηκὸς
1393 2025 1609 2096 σημάνῃ
1631 2024 1740 2078 τῶν
1778 2024 1951 2079 ἄλλων

365 2114 478 2168 τῶν
521 2116 595 2187 μὴ
642 2116 836 2185 ἀϊδίωςῖΔ
879 2116 1258 2188 ὑπαρξάντων,
1304 2117 1613 2186 γενομένων
1677 2116 1754 2170 δέ.
1799 2117 1859 2169 Εἰ
1895 2117 1952 2167 δὲ

369 2205 677 2276 προῦλαϐεν
735 2207 822 2260 ἀεὶ
884 2207 1082 2260 εἰδέναι
1143 2207 1235 2260 τὸν
1288 2208 1530 2279 Πατέρα,
1589 2207 1764 2278 μάτην
1820 2209 1952 2277 ἡμῖν

381 2297 584 2359 Ἀέτιος
629 2297 956 2351 κενολεκτῶν
993 2298 1322 2363 ὑπεισδύνει,
1354 2299 1541 2367 σαφῶς
1575 2301 1741 2352 πᾶσιν
1768 2300 1841 2353 ὢν
1862 2299 1954 2369 δῆ-

368 2389 480 2455 λος,
508 2391 589 2443 ὅτι
613 2390 688 2453 ὡς
713 2389 995 2461 ἄνθρωπος
1033 2390 1326 2458 λογίζεται,
1362 2390 1638 2461 σαρκικῶς
1664 2391 1950 2462 ἀνακρινό·

373 2500 554 2553 μενος,
591 2483 682 2535 καὶ
715 2482 943 2553 ψυχικὸς
980 2484 1240 2554 ὑπάρχων
1265 2483 1351 2536 διὰ
1395 2483 1486 2536 τὸν
1518 2483 1708 2537 ἑαυτὸν
1745 2483 1954 2550 καὶτὸν

370 2573 594 2643 Πατέρα
637 2573 992 2642 γινώσκοντα,
1048 2575 1142 2627 καὶ
1185 2575 1246 2628 τὸ
1287 2575 1441 2643 ἅγιον
1492 2573 1656 2628 αὐτοῦ
1706 2572 1948 2644 Πνεῦμα.

385 2662 676 2735 Ἐξῄρηται
702 2660 793 2718 οὖν
837 2665 1016 2734 πάσης
1052 2667 1231 2729 αἰτίας
1289 2667 1317 2718 ὁ
1362 2665 1515 2728 Θεὸς,
1556 2667 1617 2719 οὐ
1647 2667 1806 2736 μόνον
1842 2667 1954 2718 Πα-

372 2753 499 2826 τὴρ,
537 2755 669 2808 ἀλλά
695 2757 786 2808 καὶ
814 2756 961 2820 Υἱὸς,
991 2757 1086 2809 καὶ
1105 2759 1258 2825 ἆγιον
1283 2758 1508 2828 Πνεῦμα
1529 2775 1543 2787 ·
1575 2759 1673 2828 τῆς
1705 2759 1955 2828 Θεότητος

375 2839 610 2913 Ιίατρὸς,
643 2843 735 2894 καὶ
759 2843 910 2908 Υἱοῦ,
943 2845 1036 2898 καὶ
1065 2845 1220 2914 ἁγίου
1246 2844 1558 2916 Πνεύματος
1592 2847 1956 2918 ὁμολογουμέ-

374 2946 474 3002 νης
502 2933 809 3002 κρείττονος
841 2935 1021 3006 πάσης
1050 2936 1247 3001 αἰτίας.

747 3239 1144 3293 ΚΕΦΑΛΑῘΟΝ
1175 3241 1429 3294 ΑΕΤῙΟΥ
1463 3243 1585 3296 AI".

449 3351 512 3405 Εἰ
553 3351 617 3405 τὸ
663 3352 956 3424 ἀγέννητον
1007 3354 1187 3424 πάσης
1231 3355 1410 3418 αἰτίας
1442 3355 1718 3428 ἐξῄρηται,
1770 3357 1854 3426 εἴη
1900 3355 1957 3408 δὲ

377 3440 549 3495 πολλά
593 3441 895 3513 ἀγέννητα⁸
927 3443 1345 3513 ἀπαράλλακτον
1387 3445 1567 3510 ἕξουσι
1618 3446 1717 3518 τὴν
1767 3446 1952 3516 φύσιν.

375 3531 453 3584 οὐ
485 3531 595 3602 γὰρ
622 3531 708 3596 ἂν,
744 3533 817 3604 μὴ
845 3531 1223 3603 ἀποκληρώσει
1249 3533 1463 3603 φύσεώς
1496 3553 1636 3598 τινος
1663 3536 1842 3590 κοινοῦ
1865 3537 1956 3590 καὶ

379 3622 512 3676 ἰδίου
543 3624 922 3696 μετειληφυῖα,
944 3626 980 3695 ἡ
1017 3624 1116 3697 μὲν
1153 3626 1348 3695 ἐποίει,
1383 3627 1497 3698 ἡδὲ
1522 3629 1749 3697 ἐγίνετο.

922 3824 1256 3894 Ἀνατροπὴ
1292 3829 1390 3880 ΛΓ

454 3942 642 4010 Πάσης
669 3941 846 4003 αἰτίας
865 3938 1126 4012 ἐξῄρηται
1160 3941 1605 4012 ὁμολογουμένως
1635 3942 1696 3994 τὸ
1727 3942 1923 4010 ἀγέννη

377 4053 491 4098 τον,
557 4035 689 4088 διότι
717 4033 776 4087 ἓν
826 4035 944 4086 ἐστι
984 4033 1044 4086 τὸ
1081 4033 1376 4105 ἀγέννητον
1430 4025 1522 4082 καὶ
1557 4025 1946 4095 προσκυνητὸν,

375 4125 753 4196 διαιρουμένου
808 4125 901 4178 τοῦ
951 4123 1327 4197 προσκυνητοῦ
1387 4125 1494 4177 ἀπὸ
1556 4123 1665 4176 τῶν
1713 4141 1954 4194 προσκυ-

375 4219 630 4272 νούντων.
656 4216 1012 4289 Προσκυνητὴ
1049 4217 1106 4270 δέ
1143 4219 1291 4270 ἐστιν
1323 4220 1356 4288 ἡ
1387 4214 1576 4288 Τριάς,
1610 4213 1774 4286 μονὰς
1801 4213 1951 4279 οὖσα,

377 4311 473 4364 καὶ
518 4312 578 4363 ὲν
622 4309 702 4363 ἑνὶ
747 4309 970 4380 ὀνόματι
1003 4308 1382 4380 ἀριθμουμένη
1413 4309 1604 4378 Τριάς,
1644 4309 1828 4379 Πατὴρ
1861 4308 1954 4360 καὶ

379 4403 530 4466 Υἱὸς,
565 4403 659 4455 καὶ
687 4401 841 4470 ἅγιον
881 4401 1103 4472 Πνεῦμα
1125 4415 1138 4428 ³
1175 4401 1275 4454 οὐκ
1319 4400 1599 4471 ἀλλότριον
1635 4399 1696 4452 τὸ
1756 4400 1954 4468 ἑαυτῆς

2120 929 2183 985 ll.
2217 928 2580 996 Quamobrem
2613 931 3102 986 circumscribatur
3146 946 3175 984 a
3219 929 3507 985 temerario
3536 930 3630 985 illo

2051 1022 2208 1076 Aetio
2230 1061 2246 1085 ,
2299 1031 2559 1090 tanquam
2595 1038 2624 1075 a
2656 1023 2844 1091 judice
2867 1062 2882 1086 ,
2924 1023 3275 1092 pronuntiata
3315 1022 3624 1077 sententia:

2058 1117 2203 1172 «Non
2218 1113 2467 1169 eumdem
2483 1115 2548 1169 de
2576 1117 2760 1184 seipse
2804 1129 2968 1184 posse
2999 1114 3194 1183 genitae
3225 1121 3431 1167 naturae
3466 1113 3630 1167 simul

2055 1213 2110 1259 et
2140 1203 2396 1273 ingenitae
2439 1203 2736 1257 informare
2765 1202 3327 1257 scientiamnEteniin
3354 1204 3500 1257 illius
3531 1201 3630 1256 de-

2059 1305 2210 1350 creto
2260 1296 2586 1366 jampridem
2656 1296 2801 1349 unici
2855 1295 2949 1351 Dei
2981 1295 3104 1350 Filii
3160 1301 3457 1352 auctoritas
3497 1314 3634 1367 prae-

2059 1387 2302 1456 scripsit,
2332 1401 2456 1440 cum
2485 1402 2544 1441 se
2571 1385 2787 1440 Patrem
2815 1402 2998 1450 nosse,
3029 1403 3129 1442 nec
3153 1389 3318 1442 alium
3351 1397 3630 1457 prieterea,

2057 1477 2302 1533 deﬁniit:
2333 1478 2533 1547 quibus
2556 1477 2738 1531 verbis
2764 1478 2928 1531 etiam
2967 1476 3230 1548 Spiritum
3265 1487 3517 1533 sanctum
3554 1479 3632 1532 si-

2055 1569 2168 1622 mul
2223 1569 2573 1623 exsistant-em
2631 1568 2951 1636 complexus
3005 1577 3131 1631 est,
3173 1569 3630 1639 quemadmodum

2054 1660 2162 1713 alio
2210 1659 2268 1714 in
2310 1661 2430 1712 loco
2467 1658 2638 1713 dixit:
2689 1660 2920 1726 Spiritus
2979 1657 3159 1712 Patris
3208 1661 3412 1713 docebit
3465 1677 3552 1714 vos
3587 1662 3630 1715 ¹.

2054 1751 2208 1817 Quod
2249 1751 2296 1806 si
2327 1749 2511 1804 Patris
2544 1751 2634 1805 ille
2665 1750 2904 1821 Spiritus
2929 1761 3047 1816 est,
3087 1767 3155 1806 ne
3199 1753 3375 1822 ipsum
3413 1753 3634 1822 quidem

2053 1841 2267 1896 Patrem
2325 1841 2557 1910 ignorat.
2599 1841 2738 1895 Cum
2791 1850 2975 1897 autem
3039 1843 3213 1896 dixit:
3263 1841 3429 1896 Nemo
3491 1845 3635 1898 novit

2053 1933 2268 1988 Patrem
2299 1934 2403 1988 nisi
2431 1933 2629 1995 Filius,
2668 1936 3024 2005 semetipsum
3058 1935 3280 2004 pariter,
3315 1943 3369 1990 ct
3391 1935 3630 2000 Patrem,

2052 2042 2116 2081 ac
2150 2026 2416 2096 Spiritum
2447 2035 2698 2082 sanctum
2724 2065 2739 2090 ,
2779 2036 3098 2080 cancrorum
3149 2042 3269 2096 qua:
3327 2028 3395 2081 ab
3427 2037 3632 2083 aeterno

2053 2134 2162 2173 non
2193 2127 2356 2181 sunt,
2395 2119 2488 2173 sed
2534 2127 2815 2187 procreata
2839 2125 3009 2181 sunt,
3043 2117 3409 2172 conditionem
3443 2134 3628 2191 excese

2054 2210 2194 2265 sisse
2220 2209 2512 2279 signiﬁcat.
2547 2207 2910 2274 Quamobrem
2942 2224 3066 2261 cum
3088 2209 3156 2262 ab
3189 2217 3391 2262 aeterno
3415 2208 3629 2264 Patrem

2055 2300 2225 2357 Filius
2256 2301 2609 2370 cognoverit,
2663 2298 2866 2354 frustra
2907 2298 3064 2354 nobis
3110 2301 3299 2355 Aetius
3332 2302 3630 2371 nugacibus

2055 2393 2171 2446 suis
2202 2391 2380 2447 verbis
2404 2391 2667 2461 obrepere
2695 2399 2944 2455 conatur,
2973 2407 3096 2446 cum
3124 2391 3627 2446 manifestissimum

2055 2483 2124 2537 sit
2153 2483 2332 2553 ipsum
2363 2482 2603 2538 hominis
2633 2497 2784 2536 more
2813 2483 3052 2553 cogitare
3095 2496 3160 2535 ac
3212 2483 3508 2537 carnaliter
3549 2484 3633 2536 in-

2055 2574 2303 2644 quirere,
2335 2582 2389 2629 et
2429 2574 2716 2628 animalem
2749 2589 2900 2628 esse:
2939 2581 3159 2644 propter
3189 2589 3314 2628 eum
3339 2617 3354 2640 ,
3388 2575 3482 2645 qui
3524 2585 3629 2628 tam

2055 2679 2113 2719 se
2135 2702 2150 2728 ,
2175 2679 2337 2734 quam
2365 2663 2580 2719 Patrem
2620 2666 2903 2734 cognoscit
2926 2704 2940 2728 ,
2975 2669 3079 2719 u'na
3121 2681 3242 2720 cum
3277 2667 3483 2738 Spiritu
3514 2683 3634 2724 san-

2056 2762 2166 2812 cto.
2197 2755 2538 2826 Quapropter
2568 2755 2710 2810 Deus
2763 2756 2833 2812 ab
2872 2758 3019 2812 oximi
3065 2773 3230 2814 causa
3275 2759 3634 2814 vindicandus

2055 2857 2177 2912 est,
2217 2863 2329 2902 non
2374 2849 2538 2904 modo
2579 2849 2772 2913 Pater,
2822 2853 2918 2906 sed
2972 2860 3026 2906 et
3075 2851 3244 2907 Filius
3296 2867 3360 2906 ac
3399 2851 3632 2922 Spiritus

2057 2945 2318 2993 sanctus:
2360 2939 2630 3010 siquidem
2669 2940 2847 2995 Patris
2877 2981 2892 3006 ,
2923 2941 3047 2996 Filii
3097 2957 3161 2996 ac
3196 2942 3433 3012 Spiritus
3459 2944 3630 2997 sancti

2057 3028 2352 3093 divinitas,
2403 3031 2548 3100 quod
2596 3046 2756 3086 nemo
2789 3047 2900 3086 non
2948 3031 3276 3097 conﬁtetur,
3333 3047 3499 3088 causa
3547 3045 3634 3086 est

1981 3121 2024 3182 C
2058 3121 2204 3174 omni
2241 3123 2603 3190 praestantior.

2471 3233 2658 3288 AETII
2701 3233 2933 3291 CAPUT
2978 3233 3214 3289 XXXIII.

2129 3343 2186 3401 Si
2216 3346 2512 3419 ingenitum
2539 3362 2760 3404 causam
2791 3348 2994 3402 nullam
3025 3349 3244 3419 penitus
3273 3347 3468 3413 habet,
3498 3350 3606 3405 silit

2055 3455 2162 3510 que
2191 3440 2431 3511 ingenita
2483 3442 2765 3511 complura
2789 3479 2805 3505 ,
2851 3441 3174 3496 immutabili
3221 3457 3386 3498 causa
3416 3451 3635 3500 consta-

2054 3535 2212 3590 bunt.
2241 3532 2428 3604 Neque
2474 3534 2618 3588 enim
2649 3533 2794 3588 velut
2831 3533 3092 3587 attributa
3121 3535 3427 3588 communis
3449 3537 3633 3604 cujus-

2055 3625 2200 3691 dam,
2234 3641 2297 3680 ac
2326 3625 2617 3696 peculiaris
2647 3635 2857 3679 naturae
2887 3625 3221 3689 conditione,
3251 3626 3632 3697 particepsque

2055 3717 2199 3774 facta
2231 3719 2401 3774 altera
2429 3718 2617 3772 molita
2643 3725 2747 3781 est,
2777 3717 2944 3771 altera
2968 3717 3256 3787 producta.

2424 3825 2590 3896 932
2637 3823 2946 3893 Confutatio
2974 3822 3257 3877 XXXIII.

2126 3938 2281 4006 Quod
2313 3939 2611 4007 ingenitum
2656 3938 2890 4001 dicitur,
2925 3937 2978 3990 in
3008 3935 3260 3992 confesso
3285 3943 3369 3990 est
3393 3939 3478 3991 sui
3511 3940 3635 3993 nul-

2054 4030 2160 4085 lam
2193 4030 2396 4086 habere
2429 4044 2674 4092 causam,
2704 4028 3140 4098 quandoquidem
3173 4042 3341 4082 unum
3384 4028 3633 4100 idemque

2055 4134 2139 4182 est
2195 4125 2494 4196 ingenitum
2549 4133 2602 4178 et
2649 4122 3025 4187 adorandum,
3073 4121 3153 4175 sic
3186 4129 3245 4174 ut
3291 4121 3630 4174 adorandum

2056 4219 2126 4273 ab
2155 4218 2512 4273 adorantibus
2562 4226 2896 4272 secernatur.
2927 4214 3215 4268 Adoranda
3252 4227 3414 4282 porro
3450 4213 3630 4266 'l‘rini-

2057 4318 2141 4364 tas
2174 4318 2259 4365 est
2280 4349 2295 4373 ,
2325 4325 2446 4380 quae
2493 4309 2682 4366 eadem
2731 4317 2786 4365 et
2815 4308 2998 4362 unitas
3033 4312 3149 4368 est,
3180 4311 3234 4358 et
3263 4321 3373 4358 uno
3410 4306 3629 4359 nomine

2055 4403 2449 4472 comprehensa
2475 4400 2719 4455 Trinitas
2753 4399 3056 4470 appellatur
3085 4437 3100 4461 ,
3136 4394 3335 4457 Pater,
3372 4395 3539 4449 Filius
3573 4405 3629 4449 et

376 4495 435 4548 ὲν
487 4494 652 4564 ἑαυτῇ
706 4493 1042 4563 κεκτημένη,
1088 4490 1226 4544 ἀλλά
1278 4490 1711 4561 συμπρεπόντως
1763 4491 1951 4562 Πατὴρ

2057 4493 2294 4564 Spiritus
2326 4500 2588 4548 sanctus:
2633 4506 2753 4562 quae
2790 4490 3006 4560 quidem
3031 4488 3174 4558 quod
3205 4502 3363 4541 suum
3403 4495 3484 4543 est
3517 4504 3626 4542 non

374 4585 642 4656 γεννήσας
672 4583 821 4646 Υἰδν,
851 4584 943 4637 καὶ
967 4583 1027 4634 οὐ
1075 4582 1287 4644 κτίσας.
1321 4581 1395 4634 Τὸ
1436 4582 1534 4652 μὲν
1569 4583 1676 4653 γάρ
1711 4582 1855 4635 ἐστιν
1895 4582 1953 4646 ἐξ

375 4673 539 4726 αὑτοῦ
572 4675 660 4726 ἀεὶ
723 4671 816 4724 τοῦ
847 4671 1168 4741 γεννήτορος
1197 4686 1209 4699 ·
1252 4669 1332 4722 διὸ
1359 4671 1422 4723 τὸ
1469 4671 1714 4740 γέννημα
1747 4672 1810 4722 ὲκ
1856 4671 1950 4724 τοῦ

376 4765 525 4827 ὄντος
572 4764 706 4825 ἐστὶ,
736 4762 829 4816 καὶ
876 4762 937 4814 τὸ
966 4760 1024 4825 ἐξ
1052 4762 1216 4814 αὑτοῦ
1264 4760 1480 4827 ἐξελθὸν
1518 4760 1668 4829 ἅγιον
1708 4759 1948 4831 Πνεῦμα,

376 4855 542 4926 οῦσης
577 4855 677 4924 τῆς
727 4852 953 4922 Τριάδος
982 4854 1037 4904 ὲν
1072 4854 1171 4923 μιᾷ
1204 4852 1418 4922 ἐνότητι
1459 4852 1699 4922 ἁκτίστῳ
1720 4870 1732 4880 ·
1766 4852 1874 4905 τῶν
1896 4851 1950 4904 δὲ

377 4949 594 5002 πάντων
612 4945 670 5010 ἐξ
689 4945 856 5013 αὐτῆς
876 4944 974 5013 τῆς
996 4942 1223 5014 Τριάδος
1247 4941 1306 5007 ἐξ
1332 4944 1432 4996 οὐκ
1459 4943 1626 4996 ὄντων
1658 4944 1947 5013 κεκτισμέ-

372 5057 498 5093 νων.
521 5037 684 5091 Ὅθεν
718 5037 752 5107 ἡ
804 5035 902 5106 μία
949 5034 1118 5106 Τριάς
1151 5029 1230 5098 εἷς
1268 5036 1384 5087 ἐστι
1431 5034 1582 5098 Θεὸς,
1617 5034 1824 5105 Πατὴρ,
1853 5036 1948 5087 καὶ

373 5131 520 5194 Υιδς,
556 5131 648 5182 καὶ
675 5129 828 5198 ἆγιον
858 5126 1103 5196 Πνεῦμα,
1131 5127 1232 5179 οὐκ
1253 5127 1534 5198 ἀλλότριον
1576 5126 1636 5180 τὸ
1663 5128 1862 5197 ἑαυτῆς
1890 5129 1946 5180 ἐν

370 5221 538 5290 ἑαυτῇ
571 5218 906 5289 κεκτημένη,
929 5217 1198 5279 ἀκτιστος,
1227 5217 1540 5288 ἀγέννητος,
1571 5218 1940 5291 ἀδημιούργη-

365 5328 489 5374 τος·
514 5310 684 5380 Τριάς
708 5309 832 5362 οὔτε
881 5309 1243 5379 πεποιημένη,
1282 5309 1418 5362 ἀλλὰ
1457 5311 1706 5374 ποιοῦσα,
1736 5313 1798 5364 οὐ
1829 5313 1939 5365 κτί-

367 5420 572 5474 σματος
592 5403 762 5474 ὄνομα
791 5402 985 5472 ἔχουσα
1029 5404 1086 5454 ὲν
1113 5403 1306 5473 ἑαυτῇ,
1366 5403 1501 5457 ἀλλά
1539 5403 1816 5470 κτίζουσα,
1849 5403 1943 5474 μία

365 5490 518 5558 οὖσα,
546 5493 641 5546 καὶ
670 5493 729 5544 οὐ
756 5492 966 5545 πολλαί.
1001 5493 1080 5546 Τά
1115 5493 1172 5546 δὲ
1212 5494 1390 5546 πάντα
1453 5494 1512 5561 ἐξ
1565 5495 1734 5567 αὐτῆς
1771 5495 1942 5549 πολλά

366 5585 466 5656 μὲν
506 5585 656 5650 ὄντα,
683 5584 797 5639 ἀλλ’
824 5586 885 5639 οὐ
935 5586 1032 5639 σὺν
1063 5585 1201 5656 αὐτῇ
1258 5584 1656 5657 ἀριθμούμενα.
1691 5586 1782 5641 Διὸ
1815 5585 1937 5642 οὔτε

447 5763 466 5793 ³
485 5757 674 5814 Matth.
700 5773 780 5824 ιι,
807 5755 897 5813 27.
973 5760 992 5790 ⁸
1021 5755 1178 5814 Joan.
1207 5771 1317 5824 nt,
1362 5756 1447 5812 l3.

2056 4594 2315 4653 tanquam
2346 4584 2580 4638 alienum
2616 4583 2668 4636 in
2697 4583 2875 4650 seipsa
2910 4581 3170 4642 continet,
3199 4579 3294 4633 sed
3315 4595 3623 4649 congruen-

2056 4685 2138 4732 ter
2163 4675 2322 4731 Pater
2369 4675 2566 4730 Filium
2599 4689 2709 4728 non
2737 4674 2961 4732 creavit,
2997 4673 3090 4727 sed
3111 4671 3316 4742 genuit.
3352 4670 3450 4725 llic
3477 4673 3622 4725 enim

2054 4767 2123 4820 ab
2171 4767 2291 4836 ipso
2337 4751 2553 4835 semper
2583 4765 2826 4836 genitore
2873 4763 3149 4833 procedit:
3184 4761 3328 4816 unde
3355 4759 3522 4816 Filius
3555 4762 3624 4814 ab

2053 4858 2350 4913 exsistente
2386 4864 2540 4911 ortus
2563 4863 2682 4912 est:
2717 4863 2777 4908 ut
2803 4862 2857 4909 et
2883 4853 3119 4924 Spiritus
3149 4861 3404 4919 sanctus,
3435 4851 3526 4922 qui
3556 4852 3626 4907 ab

2051 4948 2170 5018 ipso
2199 4947 2488 5016 processit,
2519 4962 2644 5002 cum
2667 4947 2721 5000 in
2751 4960 2858 5000 una
2885 4954 2941 4998 et
2973 4946 3213 4999 increata
3250 4943 3627 5013 singularitate

2049 5038 2292 5093 Trinitas
2321 5039 2438 5107 ipsa
2467 5038 2764 5103 consistat;
2800 5045 2995 5091 caetera
3034 5050 3164 5090 vero
3211 5034 3392 5088 omnia
3433 5033 3502 5086 ab
3531 5047 3623 5086 ea-

2049 5131 2172 5188 dem
2204 5131 2292 5185 illa
2327 5129 2594 5185 Trinitate
2625 5145 2655 5184 e
2695 5129 2866 5184 nihilo
2903 5133 3186 5199 procreata
3233 5126 3360 5181 sint.
3401 5123 3478 5178 Ex
3516 5141 3625 5194 quo

2051 5224 2128 5286 ﬁt,
2159 5231 2218 5277 ut
2248 5223 2542 5294 singularis
2567 5223 2659 5277 illa
2685 5221 2928 5277 Trinitas
2961 5235 3103 5275 unus
3133 5220 3203 5274 sit
3235 5217 3399 5281 Deus,
3441 5216 3618 5282 Pater,

2049 5323 2103 5369 et
2125 5313 2316 5380 Filius,
2345 5321 2400 5370 et
2447 5314 2682 5385 Spiritus
2716 5322 2979 5369 sanctus:
3014 5326 3134 5382 quae
3164 5325 3275 5364 non
3317 5309 3465 5364 velut
3492 5309 3624 5362 alie-

2050 5421 2180 5460 num
2206 5407 2352 5476 quod
2377 5422 2536 5462 suum
2569 5415 2652 5464 est
2681 5407 2736 5461 in
2762 5406 3050 5475 semetipsa
3079 5403 3309 5468 obtinet,
3354 5401 3618 5462 increata,

2047 5495 2289 5568 ingenita
2317 5537 2332 5562 ,
2383 5514 2492 5553 non
2539 5498 2836 5554 fabricata:
2889 5497 3148 5560 Trinitas,
3202 5496 3463 5564 inquam,
3510 5507 3621 5548 non

2045 5587 2187 5646 facta
2212 5629 2227 5658 ,
2262 5589 2360 5648 sed
2397 5589 2600 5649 faciens
2628 5631 2645 5660 ,
2699 5607 2808 5648 non
2845 5597 3108 5648 creaturae
3157 5603 3356 5644 nomen
3397 5585 3454 5643 in
3502 5599 3624 5641 sese
