4134 6392
505 326 611 379 625

1882 329 1941 385 S.
1977 328 2321 384 EPIPHANII

3663 322 3768 378 εει

503 440 901 511 complectens,
941 442 1034 496 sed
1077 457 1412 511 procreans;
1462 458 1604 507 una,
1652 458 1758 498 non
1803 446 2006 515 plures.
2040 448 2079 499 Α

2188 444 2641 516 ἀποκεκλήρωται
2690 444 2852 513 ἑτέρᾳ
2893 440 3051 510 φύσει
3094 440 3401 509 κοινότητυς
3441 437 3539 507 τῆς
3582 436 3771 499 οὐσίας

503 548 611 603 qua
644 533 883 602 profecta
916 541 1047 588 sunt
1074 536 1255 588 omnia
1285 575 1300 599 ,
1340 550 1460 606 qua:
1488 544 1541 590 et
1575 537 1893 607 multiplicia
1927 547 2077 605 sunt,

504 643 681 697 neque
729 642 853 681 eum
883 642 945 680 ea
978 637 1356 681 numerantur.
1396 628 1577 695 Quare
1627 644 1803 699 neque
1830 645 2079 691 commu-

503 738 625 777 nem
658 720 945 792 quamdam
986 729 1237 774 naturam
1266 736 1389 775 cum
1432 723 1844 793 incomparabili
1893 738 2081 780 essen-

502 812 573 865 tia
608 811 931 881 participare
959 808 1249 875 dicuntur;
1275 825 1453 881 neque
1476 820 1657 865 creata
1683 812 1948 882 quaepiam
1984 828 2080 867 na-

498 913 618 956 tura
646 902 699 955 in
726 901 908 955 divina
933 900 1022 953 illa
1047 901 1545 971 comprehenditur.
1566 899 1671 956 Sed
1700 902 1812 957 haec
1832 902 2077 956 omnium

497 996 679 1065 opifex
736 1005 859 1057 est,
902 1009 1025 1065 quae
1058 1010 1182 1049 cum
1230 996 1645 1066 incomparabili
1708 1010 1772 1049 ac
1816 995 2080 1066 singulari

496 1086 676 1143 Patris
706 1128 719 1151 ,
758 1085 879 1141 Filii
939 1087 1289 1160 Spiritusque
1319 1089 1492 1145 sancti
1522 1097 1717 1142 natura
1748 1088 1802 1142 in
1834 1088 2079 1157 ejusdem

498 1180 817 1235 substantiae
846 1182 1286 1236 communionem
1330 1180 1515 1235 venire
1546 1189 1842 1249 nequeunt.
1878 1178 2080 1246 Quem-

2186 538 2285 607 τῆς
2331 534 2686 606 ἀσυγκρίτου.
2723 535 2821 587 Διά
2867 532 3025 585 τοῦτο
3066 530 3176 601 γάρ
3214 530 3274 583 οὐ
3304 530 3494 599 κτιστή
3516 545 3599 591 τις
3635 522 3769 581 οὖσα

2186 628 2244 679 ὲν
2272 631 2339 698 τῇ
2379 627 2473 679 τοῦ
2506 625 2642 678 Θεοῦ
2673 625 2828 696 οὐσίᾳ
2857 624 3017 693 φύσις
3038 665 3050 687 ,
3086 622 3221 675 ἀλλά
3264 619 3633 691 δημιουργικὴ
3662 618 3770 669 τῶν

2189 719 2404 771 πάντων
2460 716 2569 770 τῶν
2618 717 2678 769 οὐ
2718 716 3031 786 δυναμένων
3059 717 3126 785 τῇ
3170 712 3488 783 ἀσυγκρίτῳ
3521 713 3617 764 καὶ
3672 711 3773 781 μιᾷ

2187 808 2342 879 οὐσίᾳ
2363 808 2594 878 Πατρὺς,
2614 808 2708 861 καὶ
2736 807 2889 871 Υἱοῦ,
2920 807 3016 860 καὶ
3051 804 3208 874 ἁγίου
3238 803 3379 857 Πνεύ
3388 820 3555 874 ματος
3579 804 3771 872 ὁμοου⁸

2189 906 2396 976 σιότητι
2414 904 2837 975 ὲπικοινωνῆσαι
2857 920 2869 932 ·
2903 902 2979 965 ὼς
3007 902 3184 971 σαφής
3214 902 3333 954 ὲστι
3355 897 3432 969 τῷ
3450 897 3549 969 τὴν
3570 895 3771 965 γνῶσιν

2185 999 2281 1068 τῆς
2333 998 2592 1068 ἀληθείας
2657 997 2905 1069 εἰληφότι
2964 994 3447 1056 ἀποκαλύπτουσα,
3513 992 3594 1045 ὅτι
3632 989 3773 1059 αὐτη

2189 1093 2323 1163 μόνη
2362 1095 2767 1164 προσκυνεῖται,
2807 1092 2898 1145 καὶ
2938 1092 2999 1145 οὐ
3032 1090 3101 1144 τά
3129 1089 3344 1144 πάνταο
3379 1088 3455 1151 ὡς
3498 1086 3593 1139 καὶ
3635 1082 3772 1153 αὐτὴ

2189 1184 2326 1255 μόνη
2364 1187 2443 1249 είς
2466 1186 2638 1256 ὄνομα
2670 1186 2866 1257 ἑαυτῆς
2891 1183 3166 1255 βαπτίζει,
3196 1185 3292 1236 καὶ
3309 1182 3370 1235 οὐ
3401 1180 3470 1235 τά
3496 1179 3613 1233 ὅλα.

496 1274 788 1329 admodum
815 1274 865 1329 ei
902 1274 1147 1345 quidem,
1178 1276 1266 1330 cui
1298 1274 1369 1329 sit
1398 1274 1645 1329 veritatis
1703 1276 1885 1331 oblata
1921 1277 2182 1348 cognitio,
2240 1284 2523 1351 perspicue
2578 1283 2696 1352 ipsa
2734 1282 3009 1336 declarat:
3053 1280 3312 1333 nimirum
3352 1277 3524 1333 solam
3592 1274 3769 1345 ipsam

496 1366 829 1422 adorandam
860 1382 1011 1433 esse,
1068 1383 1176 1422 non
1203 1378 1523 1423 ceterarum
1553 1384 1735 1424 rerum
1772 1369 2076 1441 quidpiam,
2108 1388 2233 1427 cum
2259 1383 2315 1430 et
2336 1376 2455 1447 ipsa
2479 1376 2595 1431 sola
2627 1391 2730 1431 suo
2753 1374 2809 1430 in
2868 1390 3092 1430 nomine
3128 1373 3389 1445 baptizct,
3444 1377 3769 1425 οὲῐθΐοτιιω

497 1469 677 1515 autem
709 1461 758 1515 id
796 1462 1006 1516 nullum
1031 1460 1215 1516 l‘aciat.

920 1596 1101 1652 AETll
1142 1596 1373 1654 CAPUT
1403 1597 1645 1653 XXXIV.

566 1712 624 1766 Si
666 1711 967 1767 substantia
991 1713 1170 1768 omnis
1199 1713 1437 1784 ingenita
1461 1725 1575 1778 est,
1620 1714 1756 1769 nihil
1784 1730 1814 1768 a
1844 1731 1903 1771 se
1940 1715 2079 1770 invi-

2553 1592 2951 1649 ΚΕΦΔΛΑΙΟΝ
2989 1589 3247 1645 ΑΕΤῙΟΥ
3267 1590 3384 1643 ΛΔ’.

2256 1706 2321 1761 Εἰ
2344 1708 2494 1761 πᾶσα
2530 1705 2685 1759 οὐσία
2711 1706 2860 1758 ἐστὶν
2883 1703 3198 1773 ἀγέννητος,
3227 1697 3558 1771 οὐδοποτέρα
3579 1698 3768 1753 διοίσει

493 1818 613 1859 cem
654 1803 757 1859 hac
782 1820 848 1857 ex
900 1814 1051 1873 parte
1080 1804 1371 1866 diﬂ‘ercnt,
1409 1805 1552 1875 quod
1608 1815 1797 1861 neutra
1837 1806 2079 1862 domina-

2183 1800 2283 1870 τῆς
2334 1800 2499 1871 ἄλλης
2527 1798 2671 1852 κατὰ
2709 1798 2772 1851 τὸ
2796 1796 3113 1851 ἀδέσποτον.
3144 1793 3269 1857 Πῶς
3296 1787 3390 1846 οῦν
3422 1792 3486 1844 ἄν
3520 1809 3605 1857 τις
3632 1790 3768 1861 φαίη

493 1896 630 1952 tio-:i
673 1896 915 1965 subjecta
946 1897 1017 1951 sit
1062 1896 1311 1951 alterius.
1350 1896 1532 1962 Quare
1555 1899 1778 1968 quinam
1828 1897 2084 1953 aﬂirmari

493 1995 705 2058 potest,
762 1992 961 2043 mutari
1014 2004 1180 2044 unam
1206 2030 1220 2055 ,
1254 1989 1479 2044 alteram
1534 1998 1773 2055 mutare,
1814 2005 1940 2045 cum
1972 1989 2084 2046 Deo

495 2081 721 2134 minime
770 2080 1107 2151 permittant,
1148 2088 1207 2133 ut
1239 2094 1305 2135 ex
1346 2080 1497 2133 nulla
1531 2080 1778 2149 subjecta
1826 2080 2085 2136 substan-

493 2172 569 2226 tia
594 2173 972 2242 producatur?

981 2282 1294 2352 Confutatio
1326 2281 1519 2337 XXXI
1536 2282 1597 2338 γ.

564 2393 833 2467 Quisquis
862 2397 1146 2452 veritatem
1186 2398 1521 2469 oppugnavit
1551 2396 1845 2467 aliquando
1866 2438 1881 2464 ,
1916 2410 2084 2453 vocu-
2121 2464 2126 2470 I

488 2488 562 2542 iis
590 2489 917 2557 quibusdam
957 2487 1025 2543 ad
1083 2488 1432 2559 injiciendam
1494 2487 1908 2544 admirationem
1970 2490 2084 2545 col-

494 2578 680 2641 lectis,
712 2580 777 2633 ad
829 2579 1121 2635 evertenda
1177 2594 1333 2634 saera
1360 2580 1612 2650 dogmata
1662 2580 2080 2650 impressionem

492 2669 676 2726 facere
714 2672 865 2726 visus
907 2680 1024 2734 est,
1051 2671 1223 2743 983
1254 2679 1417 2742 atque
1447 2687 1476 2725 a
1507 2673 1634 2728 vitae
1664 2672 1883 2727 tramite
1909 2671 2083 2727 dedu-

488 2779 635 2825 cere,
674 2778 737 2817 ac
766 2764 1061 2835 perniciem
1092 2762 1304 2819 afferre.
1329 2762 1486 2830 Quod
1522 2765 1709 2820 Aetius
1738 2763 1901 2819 modo
1928 2763 2078 2829 facit,

490 2854 584 2924 qui
614 2869 737 2908 cum
770 2854 872 2909 hoc
905 2854 959 2909 in
984 2856 1165 2924 capite
1195 2854 1328 2908 nihil
1364 2855 1590 2909 omnino
1619 2854 1768 2908 dicat
1796 2895 1811 2921 ,
1842 2853 2081 2908 rudiori-

488 2947 593 3002 bus
616 2956 794 3001 tamen
844 2944 1025 3000 fucum
1055 2945 1235 3000 facere
1289 2961 1352 2999 ac
1382 2955 1590 3002 terrere
1617 2945 1853 3010 videtur,
1889 2944 2079 3001 eadem

491 3036 559 3092 ad
585 3037 862 3092 fastidium
898 3051 1069 3107 usque
1110 3045 1395 3108 repetens,
1436 3052 1501 3092 ac
1549 3038 1877 3093 vocabulum
1920 3036 2074 3101 illud,

2183 1893 2283 1965 τὴν
2319 1893 2418 1964 μὲν
2463 1891 2915 1963 μεταϐάλλεσθαι,
2974 1888 3074 1959 τὴν
3127 1888 3183 1942 δὲ
3244 1885 3619 1958 μεταϐάλλειν,
3667 1886 3766 1939 οὐκ

2184 1985 2587 2056 ἐπιτρεπόντων
2614 1984 2691 2055 τῷ
2717 1982 2838 2053 Θεῷ
2870 1981 3159 2051 ὐφιστάναι
3192 1981 3257 2033 ὲκ
3292 1979 3363 2033 wh
3399 1977 3767 2049 ὑποκειμένης

2180 2078 2370 2141 οὐσίας
2390 2097 2404 2145 ;

2720 2285 3054 2356 Ἀνατροπὴ
3101 2289 3227 2342 ΛΔ’.

2246 2403 2365 2467 Πᾶς
2401 2420 2485 2467 τις
2507 2402 2616 2455 τῶν
2656 2400 3164 2456 ἀντικαταστάντων
3201 2402 3268 2472 τῇ
3298 2398 3549 2470 ἀληθείᾳ,
3590 2417 3760 2453 κατα-

2176 2495 2495 2567 πληκτικῶς
2543 2495 2874 2560 ὲπισυνάξας
2932 2491 3110 2564 ἑαυτῷ
3150 2492 3383 2561 λογίδια,
3436 2490 3580 2558 ἔδοξέ
3616 2508 3761 2544 τισιν

2174 2587 2587 2661 ἀνατρεπικῶς
2636 2590 3016 2660 ἐπισκήπτειν,
3074 2586 3169 2641 καὶ
3225 2585 3332 2640 ἀπὸ
3383 2588 3485 2655 τῆς
3524 2583 3762 2654 ζωτικῆς

2174 2682 2296 2735 ὁδοῦ
2329 2680 2659 2753 μεταφέρειν
2704 2680 2801 2734 καὶ
2824 2679 3211 2751 λυμαίνεσθαιο
3236 2678 3312 2740 ὡς
3326 2670 3481 2739 οὗτος
3500 2678 3528 2729 ὁ
3558 2675 3760 2737 ’Δέτιος

2176 2774 2270 2828 νῦν
2298 2775 2394 2845 μὲν
2418 2774 2574 2843 φύσει
2615 2774 2672 2825 ὲν
2700 2773 2777 2844 τῷ
2816 2772 2965 2844 ῥητῷ
3002 2771 3175 2841 τούτῳ
3201 2770 3365 2842 μηδὲν
3391 2768 3563 2837 λέγων
3591 2784 3761 2820 καταο

2175 2866 2432 2936 πλήττειν
2478 2867 2626 2919 δοκεῖ
2660 2866 2785 2928 τοὺς
2816 2863 3130 2935 ἀκεραίους,
3175 2864 3239 2915 ὲκ
3269 2860 3526 2932 περιττοῦ
3566 2859 3636 2911 τά
3668 2858 3760 2909 ὐπ’

2173 2957 2339 3011 αὐτοῦ
2359 2958 2625 3029 λεγόμενα
2658 2957 2852 3023 λέγων,
2882 2955 3126 3026 ὀνόματι,
3157 2954 3232 3018 ὡς
3259 2951 3448 3005 εἴωθεν
3479 2953 3544 3003 ὲκ
3575 2965 3759 3020 περιτ-

2173 3056 2268 3110 τοῦ
2312 3054 2628 3126 προφέρειν,
2671 3054 2765 3106 καὶ
2799 3053 2858 3104 ὲν
2903 3051 2981 3122 τῷ
3013 3050 3242 3120 παρόντι
3270 3046 3447 3118 καιρῷ
3485 3043 3761 3117 κεχρημέ-

488 3129 635 3199 quod
669 3127 960 3184 identidem
995 3143 1428 3185 commemorare
1462 3130 1638 3193 solet,
1668 3131 1773 3185 hoc
1794 3130 1916 3185 loco
1950 3143 2079 3201 per—

2177 3166 2281 3211 νος.
2314 3148 2387 3199 Οὐ
2424 3146 2533 3216 γὰρ
2568 3134 2718 3197 πᾶσα
2757 3144 2915 3196 οὐσία
2949 3141 3245 3211 ἀγέννητος
3274 3140 3404 3209 παρ’
3435 3138 3620 3199 αὐτοῖς
3647 3139 3760 3199 τοῖς

492 3234 675 3291 peram
709 3236 1003 3290 usurpans.
1056 3218 1224 3290 Igitur
1261 3236 1369 3276 non
1415 3221 1721 3276 substantia
1755 3222 1935 3276 omnis
1988 3236 2073 3275 sa-

492 3313 739 3381 pientum
794 3312 1004 3381 judicio
1040 3319 1299 3368 censetur
1354 3313 1633 3383 ingenita,
1688 3312 1893 3383 alioqui
1926 3312 2077 3367 nulla

489 3420 599 3460 non
623 3404 806 3459 divina
840 3412 1193 3461 statueretur.
1221 3404 1359 3460 Cum
1400 3421 1529 3477 ergo
1561 3421 1667 3460 non
1700 3405 1956 3461 omnibus
1988 3404 2077 3460 di-

488 3498 690 3552 vinitas
724 3496 1019 3559 tribuatur,
1057 3496 1152 3551 sed
1182 3496 1276 3550 uni
1304 3512 1414 3564 pra;
1442 3497 1676 3559 czeteris,
1701 3511 1822 3565 quae
1852 3503 1936 3551 est
1966 3510 2075 3550 una

490 3588 545 3643 in
582 3587 850 3642 Trinitate
887 3587 1325 3657 divinitas:quid
1361 3588 1580 3643 tandem
1610 3588 1829 3658 egregio
1871 3586 1947 3640 illi
1984 3602 2074 3641 re,

489 3680 768 3749 linquetur
790 3719 804 3742 ,
862 3694 970 3749 quo
1001 3678 1244 3733 veritatis
1298 3678 1427 3733 tiliis
1462 3686 1724 3734 terrorem
1754 3678 2075 3733 admiratio-

489 3785 721 3838 nemque
774 3770 944 3839 possit
993 3770 1281 3825 incutere?
1330 3768 1434 3825 Sed
1477 3778 1530 3825 et
1564 3771 1732 3825 altera
1781 3771 1850 3825 ab
1904 3771 2075 3826 altera

474 3859 861 3927 discrepabit,
919 3874 985 3914 eo
1028 3860 1173 3929 quod
1216 3858 1461 3915 Trinitas
1492 3866 1673 3924 creat,
1716 3869 1910 3915 caztera
1948 3875 2075 3917 vero

489 3948 558 4001 ab
614 3949 729 4017 ipsa
792 3957 1052 4004 creantur
1095 3950 1298 4004 omnia.
1359 3949 1453 4003 Illa
1512 3950 1714 4005 nullius
1770 3948 2073 4006 dominatui

489 4041 736 4111 subjecta
771 4050 874 4107 est;
919 4042 1033 4096 haec
1061 4041 1208 4096 illius
1239 4040 1493 4111 potestati
1533 4048 1663 4096 sunt
1714 4041 1958 4095 subdita.
1994 4040 2076 4096 Ad

488 4136 603 4189 hasc
656 4135 758 4189 ista
808 4133 1203 4189 mutationibus
1236 4134 1475 4188 obnoxia
1524 4140 1691 4198 sunt,
1750 4134 1839 4188 illa
1882 4143 2075 4206 suapte

488 4238 682 4282 natura
746 4225 1098 4280 immutabilis
1132 4233 1250 4289 est,
1301 4232 1356 4278 et
1402 4224 1661 4280 inferiora
1699 4226 1882 4279 omnia
1925 4241 2074 4281 com-

490 4324 685 4377 mutat,
719 4331 949 4386 quorum
970 4323 1204 4370 naturas
1230 4326 1283 4369 et
1315 4316 1653 4371 substantias
1682 4333 1713 4372 e
1745 4317 1918 4371 nihilo
1947 4331 2075 4387 pro-

488 4413 687 4461 ducere
719 4414 915 4476 potest.
948 4404 1062 4459 iloc
1088 4408 1233 4460 enim
1272 4405 1383 4463 Deo
1417 4409 1691 4478 congruit,
1742 4415 1801 4461 ut
1831 4424 1894 4463 ex
1925 4408 2071 4462 nulla

489 4494 763 4549 substrata
793 4499 1014 4549 materia
1042 4537 1057 4560 ,
1108 4502 1161 4550 et
1196 4510 1260 4550 ex
1297 4497 1467 4551 nihilo
1512 4498 1901 4567 productarum
1954 4514 1984 4553 a
2017 4513 2075 4554 se
2106 4502 2153 4561 D

488 4602 673 4641 rerum
710 4602 773 4641 ac
822 4586 1238 4642 subsistentium
1262 4589 1513 4643 ordinem
1545 4588 2068 4661 dispositionemque

487 4694 587 4750 pro
624 4696 723 4734 sua
758 4681 1036 4736 voluntate
1061 4688 1259 4736 mutet.

808 4865 812 4870 .
912 4816 1096 4871 AETH
1148 4815 1377 4872 CAPUT
1419 4816 1641 4874 XXXV.

566 4928 625 4983 Si
646 4930 955 4985 subStantia
986 4930 1165 4984 omnis
1187 4930 1428 5000 ingenita
1454 4938 1539 4985 est
1563 4968 1578 4993 ,
1605 4927 1828 4999 perinde
1849 4935 1904 4984 et
1927 4928 2076 4983 nulla

489 5020 770 5076 variabilis
816 5028 921 5077 est.
966 5019 1125 5086 Quod
1159 5022 1205 5076 si
1253 5021 1454 5075 variari
1494 5020 1799 5076 substantia
1833 5034 1942 5075 non
1970 5035 2072 5091 po-

484 5116 615 5173 test,
652 5122 814 5179 agere
851 5120 905 5165 et
956 5111 1065 5180 pati
1117 5111 1183 5165 ad
1212 5108 1497 5165 fortuitum
1528 5108 1816 5181 quemdam
1874 5123 2066 5165 casum

491 5203 777 5260 referenda
824 5213 969 5259 sunt.
1029 5202 1184 5269 Quod
1229 5204 1276 5260 si
1332 5202 1502 5258 multa
1547 5210 1678 5259 sunt
1729 5201 1969 5271 ingenita
2018 5207 2073 5255 et

491 5296 831 5352 invariabilia
859 5337 874 5361 ,
911 5297 1061 5351 nullo
1094 5306 1245 5351 certo
1272 5311 1301 5349 a
1335 5311 1395 5351 se
1428 5295 1658 5349 invicem
1682 5309 1914 5348 numero
1944 5292 2074 5347 dis—

490 5388 809 5455 crepabunt.
853 5383 1040 5455 Neque
1070 5385 1215 5439 enim
1271 5380 1662 5451 comprehendi
1692 5393 1923 5434 numero
1977 5392 2072 5446 po-

493 5486 695 5539 terunt,
727 5493 846 5546 qua:
876 5477 960 5532 vel
1004 5476 1290 5541 absolute,
1330 5474 1416 5528 vel
1448 5473 1630 5541 aliqua
1668 5486 1737 5527 ex
1777 5479 1932 5540 parte
1969 5467 2070 5523 dif-

496 5570 708 5633 terunt,
756 5586 879 5625 cum
931 5568 1240 5625 dill‘erentia
1266 5566 1445 5621 omnis
1483 5564 1859 5621 determinata:
1891 5573 2073 5615 causa:

492 5661 549 5715 in
602 5662 837 5733 ingenita
895 5670 1091 5719 natura
1147 5660 1294 5718 velut
1348 5659 1665 5714 attributam
1724 5663 1926 5713 sortem
1992 5652 2072 5706 si-

495 5752 730 5821 qmticet.

2175 3239 2414 3301 συνετοῖς
2462 3236 2802 3307 ὁμολογεῖται
2830 3251 2843 3264 '
2894 3235 3017 3287 ἐπεὶ
3067 3235 3216 3285 πᾶσα
3282 3230 3348 3285 ἂν
3401 3228 3754 3296 ὲθεολογεῖτο.

2171 3330 2246 3383 Οὐ
2270 3327 2459 3381 πασῶν
2489 3328 2547 3381 δὲ
2581 3326 3012 3397 θεολογουμένων
3065 3323 3171 3376 τῶν
3202 3321 3418 3385 οὐσιῶν,
3446 3318 3582 3372 ἀλλά
3630 3319 3759 3389 μιᾶς

2172 3420 2324 3492 παρά
2373 3421 2572 3484 πάσας,
2635 3420 2755 3490 ἥτις
2786 3418 2903 3471 ἐστὶ
2932 3416 3120 3487 θεότης
3171 3415 3268 3486 μία
3305 3416 3363 3467 ὲν
3391 3412 3604 3484 Τριάδι,
3642 3411 3759 3473 πῶς

2171 3518 2253 3570 ἑτι
2309 3514 2767 3585 ὑπολειφθήσεται
2810 3510 2888 3582 τῷ
2926 3509 3155 3579 γεννάδα
3182 3507 3356 3577 τούτῳ
3381 3507 3441 3560 τὸ
3476 3506 3759 3575 καταπλη-

2172 3609 2358 3662 κτικὸν
2411 3606 2574 3662 αὐτοῦ
2608 3607 2806 3679 χωρεῖν
2843 3604 2936 3655 ἐπὶ
2964 3603 3089 3665 τοὺς
3140 3601 3287 3663 υίούς
3329 3599 3429 3669 τῆς
3467 3597 3754 3669 ἀληθείας;

2172 3702 2370 3755 Διοίσει
2398 3700 2453 3754 δὲ
2486 3700 2580 3753 καὶ
2607 3696 2843 3769 ὁποτέρα
2857 3695 2954 3765 τῆς
2970 3694 3235 3764 ὁποτέρας
3255 3708 3267 3721 ’
3299 3693 3380 3745 ὅτι
3412 3693 3445 3761 ὴ
3476 3690 3574 3761 μὲν
3589 3688 3758 3759 Τριάς

2171 3793 2367 3857 κτίζει,
2407 3792 2474 3845 τά
2504 3790 2561 3844 δὲ
2592 3789 2771 3843 πάντα
2799 3789 2892 3842 ἀπ’
2930 3786 3099 3855 αὐτῆς
3129 3784 3436 3837 κέκτισται.
3457 3782 3567 3836 Καὶ
3591 3784 3623 3850 ἡ
3661 3780 3760 3850 μὲν

2174 3884 2325 3938 ἔστιν
2371 3882 2679 3946 ἀδέσποτος,
2722 3880 2790 3934 τά
2836 3879 2893 3932 δὲ
2928 3878 3017 3931 ὐπ’
3055 3876 3225 3946 αὐτῆς
3266 3875 3532 3944 γενόμενα
3567 3872 3760 3926 δεσπό-

2173 3980 2342 4043 ζεται.
2380 3977 2488 4032 Καὶ
2532 3979 2565 4048 ὴ
2628 3975 2728 4047 μὲν
2776 3969 3191 4044 μεταϐάλλεται,
3233 3968 3266 4038 ἡ
3302 3967 3360 4020 δὲ
3406 3964 3759 4036 ἀπαράϐατον

2171 4068 2283 4140 ἔχει
2311 4067 2408 4139 τὴν
2428 4067 2608 4136 φύσιν,
2643 4057 3053 4135 μεταϐάλλουσα
3072 4060 3158 4113 ἀεὶ
3184 4059 3252 4113 τά
3284 4059 3374 4112 ὑπ’
3402 4057 3571 4127 αὐτῆς
3594 4072 3753 4125 μετα-

2172 4159 2492 4229 ϐαλλόμενα,
2516 4158 2608 4210 καὶ
2636 4155 2807 4221 ἐξούκ
2834 4152 3001 4206 ὄντων
3028 4150 3126 4214 τάς
3156 4150 3343 4213 οὐσίας
3368 4150 3464 4202 καὶ
3490 4148 3589 4211 τὰς
3621 4148 3757 4200 ὐπο-

2173 4255 2390 4315 στάσεις
2429 4251 2657 4321 ὐφιστᾷν
2690 4247 2987 4317 δυναμένη.
3027 4243 3199 4297 Τοῦτο
3232 4243 3341 4313 γάρ
3368 4244 3484 4295 ἐστι
3512 4241 3759 4313 συμπρέ-

2173 4363 2272 4398 πον
2317 4343 2456 4415 Θεῷ,
2501 4345 2564 4396 ὲκ
2602 4342 2677 4413 μὴ
2721 4339 3099 4410 ὑποκειμένων
3125 4337 3219 4391 καὶ
3248 4337 3307 4403 ἐξ
3337 4337 3436 4388 οὐκ
3467 4335 3634 4387 ὄντων
3665 4334 3757 4386 ὑπ’

2177 4438 2341 4494 αὐτοῦ
2372 4436 2783 4507 γεγεννημένων
2829 4437 2922 4489 καὶ
2960 4432 3309 4487 ὑποστάντων
3343 4430 3485 4485 κατά
3509 4428 3606 4500 τὴν
3639 4429 3756 4482 δια-

2177 4531 2444 4601 κόσμησιν
2477 4525 2902 4599 μετασκευάζειν
2941 4526 3017 4588 ὡς
3061 4523 3328 4595 βούλεται.

2545 4795 2942 4850 ΚΕΦΑΛΑΙΟΝ
2970 4791 3224 4847 ΑΕΤῙΟΥ
3257 4795 3381 4848 AE'.

2251 4911 2314 4964 Ei
2341 4911 2487 4965 πᾶσα
2508 4910 2665 4965 οὐσία
2709 4909 2857 4963 ἐστὶν
2891 4906 3201 4974 ἀγέννητος.
3253 4904 3405 4963 πᾶσά
3420 4908 3758 4980 ἑστινάπαρ-

2187 5007 2470 5069 άλλακτος.
2538 5002 2649 5071 Τῆς
2683 5000 2871 5062 οὐσίας
2918 4999 2981 5051 τὸ
3031 4997 3448 5068 ἀπαράλλακτον
3501 4995 3756 5067 ἐχούσης,

2174 5093 2235 5149 τδ
2257 5096 2428 5148 ποιεῖν
2452 5111 2512 5146 τε
2543 5094 2636 5145 καὶ
2663 5092 2722 5146 τὸ
2749 5092 2979 5162 πάσχειν
3013 5088 3407 5160 αὐτοματισμῷ
3446 5087 3755 5141 ἀναθετέον.

2176 5185 2391 5239 Πολλῶν
2445 5184 2501 5237 δὲ
2542 5184 2709 5236 ὄντων
2773 5183 3085 5253 ἀγεννήτων
3139 5180 3234 5233 καὶ
3278 5179 3758 5249 ἀπαραλλάκτων,

2175 5277 2559 5347 ἀναριθμήτως
2612 5274 2898 5325 διοίσουσιν
2943 5271 3207 5342 ἀλλήλων.
3257 5271 3331 5323 Οὐ
3396 5270 3505 5340 γάρ
3565 5269 3632 5323 ἂν
3672 5269 3761 5341 εἴη

2175 5368 2454 5440 ἀριθμητά
2493 5366 2562 5421 τὰ
2611 5364 2895 5427 διεστῶτα,
2945 5364 2978 5434 ἢ
3007 5362 3259 5427 καθόλου,
3290 5362 3324 5433 ἦ
3355 5361 3498 5415 κατά
3528 5379 3612 5413 τι·
3657 5359 3763 5414 πά·

2179 5478 2277 5533 σης
2301 5460 2631 5521 διαστάσεως
2650 5455 3031 5527 ἀποκλήρωσίν
3050 5472 3172 5507 τινα
3194 5454 3459 5526 ἐμφαινού
3470 5471 3567 5525 σης
3586 5452 3763 5507 αἰτίου

2178 5550 2623 5623 ἀποτεταγμένης
2648 5550 2946 5619 ἀγεννήτου
2977 5546 3213 5616 φύσεως.
