4134 6392
371 425 478 481 625

914 563 970 615 Ἀ
978 564 1242 632 νατροτὶὴ
1299 565 1416 619 AE'.

445 651 520 703 Οὐ
568 651 716 703 πᾶσα
754 651 912 705 obuia
953 656 1247 726 ἀγέννητος
1273 673 1284 684 ·
1337 658 1542 728 ἠλίθιον
1593 675 1700 728 γειρ
1738 662 1828 711 καὶ
1888 660 1946 710 τὸ

375 736 716 805 διανοεῖσθαι,
759 743 852 795 καὶ
887 744 1204 816 Ἑλληνικῆς
1250 747 1522 816 ἀγνωσίας
1568 745 1718 812 οὗτος
1749 752 1776 802 ὁ
1800 750 1944 817 λογι-

381 832 536 901 σμὸς,
568 834 660 884 καὶ
694 834 752 886 τὸ
787 835 1137 904 ἀπόφθεγμα,
1174 838 1274 890 κάν
1311 855 1369 891 τε
1412 839 1812 907 ἀποφαντικῶς,
1849 839 1948 892 κᾶν

378 939 436 973 τε
467 924 808 994 ὲρωτητικῶς
835 926 912 996 τῷ
945 928 1132 998 Ἀετίῳ
1157 930 1391 1002 εἴρηται.
1419 931 1584 1002 Δῆλον
1605 931 1662 983 δὲ
1706 934 1785 984 ὅτι
1813 933 1950 1002 ἐρω-

380 1014 636 1083 τητικῶς.
683 1016 948 1087 Ἑλλήνων
990 1020 1169 1073 τοίνυν
1214 1022 1410 1086 παῖδας
1459 1022 1616 1075 τοῦτο
1657 1023 1944 1092 ἐρωτάτω·

382 1109 620 1161 κάκεῖνοι
639 1106 692 1162 δὲ
724 1110 872 1180 αὐτῷ
891 1110 1319 1166 συντιθέσθωσαν
1344 1113 1501 1168 τοῦτο
1518 1115 1659 1184 ἔχειν
1680 1118 1742 1168 ἐκ
1772 1114 1950 1166 συλλο⁹

309 1194 315 1198 ’
383 1200 594 1271 γισμῶν
642 1200 702 1253 τὸ
752 1201 1032 1273 ἐρώτημα,
1085 1202 1218 1276 ὓλην
1258 1205 1381 1258 τινά
1408 1206 1700 1277 σύγχρονον
1728 1206 1806 1276 τῷ
1832 1203 1951 1276 Θεῷ

380 1289 802 1360 ἐπιφημίζοντες
827 1308 841 1323 ο
893 1292 1194 1346 ἁλισκέσθω
1228 1295 1285 1347 δὲ
1330 1293 1447 1365 ἅμα
1473 1296 1719 1360 ἐκείνοις,
1750 1300 1798 1350 εί
1826 1313 1950 1350 συν-

381 1382 600 1443 τιθοῖτο,
638 1382 865 1453 ἐχούσης
892 1383 992 1453 τῆς
1022 1384 1281 1456 ἀληθείας
1317 1386 1375 1438 ἓν
1406 1383 1543 1441 εἶναι
1574 1387 1634 1440 τὸ
1659 1387 1863 1454 ποιοῦν,
1895 1392 1953 1442 ὲν

388 1473 486 1543 μιᾷ
530 1473 688 1543 οὐσία
718 1473 944 1544 Τριάδος
971 1475 1206 1542 τελείας,
1231 1479 1327 1531 καὶ
1358 1479 1420 1530 οὐ
1462 1477 1604 1531 κατά
1630 1479 1954 1550 συναλοιφὴν

382 1560 805 1632 ἀριθμουμένης.
843 1563 923 1616 Τά
962 1563 1007 1615 δ’
1047 1563 1182 1616 ἄλλα
1215 1565 1392 1619 πάντα
1416 1567 1668 1636 γεννητά,
1714 1569 1808 1620 καὶ
1835 1585 1954 1620 xz:-

386 1652 506 1716 στά,
543 1653 639 1706 καὶ
683 1655 782 1706 οὐκ
825 1655 1113 1726 ἀγέννητα.
1142 1655 1253 1726 Τῆς
1307 1656 1363 1709 δὲ
1403 1657 1656 1727 θεότητος
1699 1658 1954 1710 ἀκτίστου

383 1743 570 1814 οὔσης,
629 1745 842 1816 Πατρὸς
895 1745 993 1816 μὲν
1041 1746 1356 1815 γεννῶντος,
1413 1749 1542 1802 Υἰοῦ
1585 1750 1640 1803 δὲ
1673 1750 1952 1820 γεννητοῦ,

385 1835 698 1906 Πνεύματος
725 1836 780 1889 δὲ
807 1838 961 1905 ἀγίου
984 1837 1042 1902 ἐξ
1086 1837 1249 1890 αὑτοῦ
1281 1838 1692 1910 ἀπεσταλμένον
1713 1839 1806 1891 τοῦ
1843 1840 1955 1892 Πα-

385 1905 541 1998 τρὸς,
558 1929 649 1981 καὶ
666 1928 771 1982 τῶν
782 1928 874 1982 τοῦ
895 1927 1023 1982 Υίοῦ
1041 1928 1427 1999 λαμϐάνοντος,
1455 1905 1670 1983 πάντων
1698 1929 1754 1982 δὲ
1789 1929 1956 1982 ὄντων
1986 1905 2030 1961 Β

387 2019 778 2090 κεκτισμένων,
809 2019 900 2073 τοῦ
941 2022 997 2075 δὲ
1030 2021 1448 2093 ἀπαραλλάκτου
1505 2024 1571 2092 τῇ
1600 2021 1827 2092 δυνάμει
1863 2021 1958 2091 μέ-

385 2127 588 2176 νοντος,
620 2113 1030 2183 συμπρέποντος
1063 2118 1120 2168 ὲν
1150 2118 1217 2185 τῇ
1254 2113 1463 2186 Τριάδι,
1500 2113 1678 2182 πάσης
1709 2112 1959 2183 θεότητος

387 2203 480 2257 ἐπὶ
503 2204 592 2256 τὸν
644 2205 863 2275 Πατέρα
917 2206 1347 2276 ἀναφερομένης,
1377 2205 1465 2259 se:
1507 2205 1571 2258 τὸ
1605 2203 1822 2272 εὔλογον
1867 2204 1960 2257 καὶ

386 2293 632 2348 ἄπτωτον
663 2295 763 2364 τῆς
807 2296 1050 2366 μονάδος,
1091 2299 1184 2350 καὶ
1210 2297 1270 2350 τὸ
1294 2297 1637 2367 ἀναιρετικὸν
1668 2297 1766 2364 τῆς
1796 2295 1959 2348 πολυ-

387 2385 557 2449 θεῒας,
601 2387 660 2438 τὸ
703 2388 799 2456 μὲν
829 2388 1243 2458 ἀπαράλλακτον
1287 2388 1434 2459 μένει
1459 2391 1523 2459 τῇ
1551 2388 1800 2460 δυνάμει,
1822 2387 1884 2440 τὸ
1902 2387 1960 2439 δὲ

387 2479 608 2547 εῦλογον
644 2482 1072 2550 συμπρεπόντως
1114 2481 1454 2549 ἀναλογεῖται
1490 2480 1618 2534 Υίοῦ
1663 2479 1800 2551 πρὸς
1834 2481 1961 2532 Πα-

387 2578 540 2639 τέρα,
592 2569 684 2622 καὶ
730 2571 885 2637 ἀγίου
943 2571 1279 2641 Πνεύματος.
1324 2572 1515 2625 Τοίνυν
1558 2572 1762 2626 τούτων
1788 2569 1960 2633 οὕτως

389 2661 639 2731 ἑχόντων,
686 2659 755 2725 ’ἐξ
797 2660 1046 2730 ὑπαρχῆς
1105 2663 1346 2713 πεσεῖται
1387 2660 1492 2729 τῆς
1526 2658 1822 2729 ἐπιϐουλῆς
1863 2657 1958 2712 τοῦ

390 2755 742 2824 ἐρωτήματος
794 2753 827 2822 ή
877 2751 1107 2806 ἐπίνοια.
1149 2754 1223 2806 Οὐ
1271 2753 1378 2824 γὰρ
1423 2751 1591 2806 πολλὰ
1623 2751 1690 2804 τὰ
1715 2750 1962 2820 ἀπαράλ-

390 2842 582 2900 λακτα.
620 2843 756 2896 ἀλλά
789 2845 821 2914 ἡ
864 2844 962 2913 μία
994 2843 1165 2914 Τριάς
1195 2844 1253 2896 ὲν
1285 2844 1492 2914 μονάδι,
1518 2847 1612 2897 καὶ
1645 2845 1739 2913 μία
1773 2843 1962 2914 θεότης

390 2936 448 2990 ὲν
472 2935 682 3006 Τριάδι.
702 2934 782 2988 Τὰ
814 2935 856 2986 δ’
884 2934 1021 2988 ἄλλα
1075 2935 1251 2988 πάντα
1285 2933 1613 3007 ἀφέστηκεν,
1646 2934 1770 2988 οὕτε
1801 2935 1960 2988 αὑτο-

395 3034 648 3097 ματισμῷ
673 3026 860 3096 ἔχοντα
880 3025 941 3078 τὸ
971 3029 1220 3095 πάσχειν,
1249 3027 1280 3098 ἢ
1305 3030 1498 3087 ποιεῖν,
1523 3026 1648 3080 οὔτε
1679 3027 1778 3098 τῆς
1803 3026 1962 3096 ἁγίας

391 3119 640 3188 Τριάδος,
671 3122 728 3172 ὲν
760 3119 837 3190 τῷ
887 3137 940 3172 τι
992 3123 1182 3183 ποιεῖν,
1214 3118 1518 3190 δυναμένης
1574 3119 1824 3189 πάσχειν,
1862 3118 1962 3188 τῆς

391 3210 518 3280 ὅλης
550 3210 790 3274 ἀπαθοῦς
817 3210 982 3281 οὔσης
1008 3212 1100 3264 καὶ
1138 3211 1521 3282 προσκυνητῆς
1540 3226 1554 3240 θ
1583 3211 1727 3281 φημὶ
1751 3210 1814 3281 δὴ
1847 3212 1960 3263 Πα-

390 3299 538 3370 τρὸς,
570 3304 663 3354 καί
692 3300 844 3363 Υίοῦ,
881 3303 974 3354 καὶ
1020 3301 1174 3368 ἁγίου
1210 3299 1546 3369 Πνεῦματος.
1583 3299 1833 3369 Ἐποίησε
1859 3299 1968 3371 γὰρ

395 3391 573 3444 πάντα
621 3395 650 3445 ὁ
690 3391 821 3455 Θεὸς
866 3392 932 3444 δι’
974 3391 1128 3455 Υἱοῦ,
1170 3391 1285 3445 ἀλλ’
1323 3392 1443 3463 οὐχὶ
1471 3391 1561 3444 τὸν
1584 3391 1710 3443 Υίόν
1735 3407 1747 3420 °
1775 3391 1835 3444 οὐ
1860 3392 1969 3462 γάρ

395 3485 511 3536 ἐστι
571 3483 670 3535 σὺν
719 3484 888 3534 πᾶσι·
958 3484 1320 3552 συνυπουργεῖ
1368 3480 1478 3552 γάρ
1520 3480 1599 3550 τῷ
1655 3483 1846 3554 Πατρὶ,
1878 3483 1971 3535 καὶ

397 3575 926 3644 συμπροσκυνείται·
988 3569 1112 3624 οὔτε
1161 3571 1224 3624 τὸ
1266 3571 1418 3639 ἅγιον
1463 3570 1716 3641 Πνεῦμα·
1747 3572 1806 3624 οὐ
1861 3572 1971 3643 γὰρ

395 3662 704 3734 ἀριθμεῖται
737 3662 843 3715 ἀπὸ
875 3663 1109 3726 πάντων,
1157 3665 1367 3733 στερεοῖ
1393 3661 1450 3714 δὲ
1484 3661 1581 3732 τὴν
1614 3662 1839 3733 δύναμιν
1864 3663 1970 3716 τῶν

397 3757 651 3809 ἁπάντων
684 3755 778 3807 καὶ
827 3757 1348 3824 συμπροσκυνεῖται.
1385 3753 1506 3807 Τῶν
1530 3754 1586 3807 δὲ
1622 3755 1838 3809 πάντων
1869 3754 1973 3808 ὑπὸ

395 3848 494 3916 τὴν
551 3845 646 3898 τοῦ
703 3844 820 3908 ἐνὸς
870 3843 1194 3915 προνοησίαν
1238 3845 1715 3914 ἐπιτεταγμένων,
1767 3846 1971 3899 ἕκαστα

397 3937 620 4007 φέρεταί
657 3953 737 3995 τε,
779 3937 870 3991 καὶ
908 3935 1156 4006 πράττει,
1189 3935 1386 4007 πάσχει
1431 3937 1489 3989 δὲ
1527 3937 1620 3990 καὶ
1657 3937 1757 3991 ὅσα
1786 3937 1969 4007 ἕτερα.

398 4026 490 4079 Διὺ
522 4028 555 4096 ἡ
592 4026 690 4095 μία
735 4026 903 4094 Τριάς
949 4026 1085 4097 πρὸς
1114 4025 1308 4097 ἑαυτὴν
1347 4026 1784 4096 ἀπαράλλακτος,
1825 4029 1894 4081 τά
1917 4029 1974 4081 δὲ

398 4116 534 4173 ἄλλα
564 4116 623 4182 ἐξ
671 4117 842 4186 αὐτῆς
892 4117 1348 4190 παρηλλαγμένα·
1397 4117 1520 4170 οὔτε
1545 4117 1653 4188 γάρ
1688 4119 1804 4171 ἐστι
1845 4119 1978 4188 σύγ·

401 4227 589 4281 χρονα,
615 4209 737 4262 οὗτε
787 4210 1051 4262 συναῒδια.
1081 4211 1234 4280 Μόνη
1268 4208 1325 4262 δὲ
1347 4205 1539 4273 ἀίδιος,
1576 4210 1670 4263 καὶ
1702 4209 1972 4274 ἀκτιστος,

401 4306 496 4359 καὶ
539 4303 850 4373 ἀγέννητος,
887 4302 1018 4356 Υίοῦ
1051 4302 1149 4372 μὲν
1178 4303 1576 4374 γεγεννημένου
1600 4304 1846 4375 ἀχρόνως
1882 4307 1977 4359 καὶ

399 4395 671 4466 ἀνάρχως,
714 4396 801 4448 ἀεὶ
847 4394 904 4447 δὲ
947 4394 1118 4458 ὄντος,
1147 4396 1241 4448 καὶ
1300 4393 1568 4464 μηδέποτε
1607 4394 1976 4460 διαλείποντος

399 4487 493 4541 τοῦ
537 4483 693 4541 εἶναι.
729 4485 894 4539 ’Ὅθεν
919 4483 1336 4554 ἠσφαλισμένως
1364 4484 1640 4552 κεφαλὴν
1673 4489 1714 4548 ²,
1750 4485 1844 4539 καὶ
1874 4487 1974 4539 οὐκ

1011 448 1375 506 ADVERSUS
1409 448 1748 505 ILERESES
1785 448 1912 503 LIB.
1955 447 2046 504 Ill.
2086 448 2251 506 TOM.
2294 452 2406 507 1.-
2449 451 2720 509 ΗΕΒΕΒ.
2761 451 2992 510 LXXVI.

3504 450 3611 506 626

2541 569 2846 640 Confulutio
2885 570 3046 625 XXX
3061 571 3120 626 γ.

2120 658 2236 714 Νοη
2263 660 2440 714 omnis
2463 661 2768 716 substantia
2799 661 3037 731 ingenita
3091 661 3196 716 dici
3229 669 3430 731 potest,
3471 665 3616 732 quod

2049 753 2130 807 vel
2159 753 2339 806 animo
2368 753 2654 825 concipere
2704 754 2958 808 stolidum
2996 761 3108 817 est,
3138 763 3300 824 atque
3344 756 3410 808 ab
3442 755 3615 825 genti-

2049 847 2179 900 lium
2215 848 2518 918 ignorantia
2546 864 2608 903 ea
2640 849 2723 902 vel
2757 850 3016 919 cogitatio
3067 851 3149 904 vel
3194 853 3458 906 sententia
3492 868 3620 923 pro-

2050 938 2331 1001 ficiscitur,
2359 940 2475 995 sive
2499 938 2840 1003 afﬁrmando,
2871 940 2987 996 sive
3027 941 3410 1012 interrogando
3439 944 3614 999 solum

2049 1031 2237 1085 Aetius
2300 1031 2404 1085 ista
2477 1031 2782 1100 protulerit.
2851 1031 3174 1102 Quanquam
3233 1034 3617 1105 interrogando

2053 1123 2196 1177 istud
2237 1123 2453 1192 quidem
2486 1139 2782 1194 usurpasse
2827 1125 3057 1180 videtur.
3089 1125 3266 1191 Quare
3295 1125 3361 1180 de
3401 1127 3616 1196 gentili-

2052 1214 2154 1268 bus
2187 1214 2287 1269 ista
2325 1215 2652 1280 sciscitetur,
2685 1224 2846 1284 atque
2889 1216 2958 1271 ab
2995 1217 3103 1272 illis
3129 1217 3231 1272 hoc
3263 1218 3408 1288 quod
3455 1219 3508 1272 in
3537 1219 3615 1271 ina

2053 1305 2414 1374 ter-rogatione
2454 1317 2552 1358 sua
2592 1319 2656 1358 ex
2707 1305 3215 1361 ratiocinationibus
3255 1307 3480 1361 collecta
3523 1322 3618 1376 po-

2054 1395 2181 1458 suit,
2211 1393 2542 1449 concedatur
2571 1395 2745 1449 ultro:
2781 1396 3061 1449 materiam
3091 1411 3212 1452 esse
3234 1395 3402 1468 985
3423 1412 3614 1467 quam‘

2053 1485 2178 1540 dam
2204 1525 2218 1550 ,
2252 1502 2374 1556 quae
2426 1493 2666 1555 tempore
2717 1501 2842 1540 cum
2874 1485 2981 1541 Deo
3018 1487 3090 1541 sit
3141 1489 3366 1557 aequalis
3391 1529 3404 1552 ,
3443 1470 3537 1544 sed
3567 1496 3623 1543 et

2054 1591 2160 1629 una
2185 1591 2309 1630 cum
2336 1576 2463 1640 illis,
2492 1576 2680 1633 eadem
2705 1578 2750 1632 si
2781 1577 3000 1643 sentiat,
3033 1579 3389 1633 convincatur
3414 1577 3619 1634 Aetius.

2057 1666 2188 1719 Nam
2225 1666 2424 1722 veritas
2453 1668 2672 1736 quidem
2707 1669 2823 1738 ipsa
2853 1682 3016 1721 unam
3043 1683 3166 1723 esse
3186 1676 3372 1723 censet
3397 1667 3605 1723 efﬁcien

2057 1766 2164 1812 tem
2195 1772 2436 1820 causam,
2465 1758 2609 1828 quod
2657 1759 2709 1812 in
2742 1774 2850 1814 una
2881 1768 2934 1814 et
2956 1759 3144 1814 eadem
3169 1759 3474 1815 substantia
3506 1775 3625 1829 per-

2061 1847 2198 1902 fecta
2243 1846 2526 1910 Trinitas,
2579 1847 2697 1902 sine
2747 1848 2857 1902 ulla
2917 1847 3241 1903 confusione
3289 1857 3621 1903 numeretur.

2060 1936 2284 2008 Reliqua
2323 1952 2453 1992 vero
2503 1939 2684 1993 omnia
2717 1940 2859 1993 facta
2901 1954 2964 1993 ac
2996 1947 3278 2009 procreata
3320 1949 3444 1995 sunt
3472 1980 3486 2003 ,
3517 1956 3626 1994 non

2060 2028 2316 2099 ingenita.
2352 2027 2616 2085 Divinitas
2653 2045 2780 2083 vero
2811 2045 2841 2083 a
2872 2031 3022 2084 nullo
3055 2039 3272 2085 creatur
3297 2070 3312 2094 ,
3339 2030 3433 2084 sed
3468 2029 3628 2085 Pater

2059 2121 2248 2192 gignit,
2285 2118 2454 2174 Filius
2481 2121 2696 2188 genitus
2721 2129 2838 2186 est;
2873 2119 3109 2195 Spiritus
3145 2131 3370 2177 sanctus
3408 2135 3438 2175 a
3468 2121 3630 2178 Patre

2060 2212 2262 2266 missus
2295 2218 2399 2274 est,
2438 2220 2490 2266 et
2517 2226 2546 2265 a
2584 2209 2721 2267 Filio
2751 2212 2985 2281 accipit;
3030 2221 3226 2268 caetera
3274 2227 3403 2268 vero
3427 2211 3630 2268 'ereata

2060 2309 2208 2367 sunt,
2240 2309 2402 2372 atque
2440 2303 2556 2373 ipse
2602 2301 2744 2358 Deus
2799 2304 3154 2358 immutabilis
3177 2306 3377 2358 virtute
3411 2319 3625 2374 perma-

2060 2407 2198 2446 nens
2243 2400 2607 2462 congruenter
2654 2392 2706 2446 in
2742 2391 3013 2448 Trinitate
3063 2393 3335 2447 consistit.
3364 2393 3630 2448 Caeterum

2060 2480 2318 2536 divinitas
2351 2481 2528 2536 omnis
2561 2481 2629 2535 ad
2657 2480 2872 2536 Patrem
2919 2480 3157 2536 refertur
3180 2521 3194 2540 .
3225 2481 3370 2550 quod
3400 2481 3474 2534 ita
3500 2495 3626 2534 con-

2061 2581 2381 2626 sentaneum
2411 2571 2502 2634 sit,
2537 2571 2700 2640 idque
2741 2579 2793 2626 et
2843 2571 2912 2625 ad
2953 2573 3218 2627 unitatem
3267 2572 3632 2635 retinendam,

2061 2671 2115 2719 et
2141 2663 2519 2733 multiplicium
2555 2664 2778 2718 deorum
2812 2664 3101 2719 vanitatem
3133 2665 3486 2720 refellendam
3512 2680 3634 2734 per»

2063 2757 2251 2811 tineat.
2280 2755 2371 2810 Sic
2393 2757 2538 2811 enim
2563 2755 2920 2811 immutabilis
2943 2763 3028 2810 est
3065 2763 3276 2810 naturae
3303 2755 3499 2810 divinae
3521 2758 3634 2809 vir-

2062 2853 2188 2909 tus,
2242 2855 2300 2900 ut
2345 2853 2711 2915 congruenter
2745 2841 2867 2898 Filii
2903 2843 2970 2897 ad
3003 2842 3214 2898 Patrem
3239 2883 3255 2908 ,
3291 2842 3640 2915 Spiritusquo

2065 2938 2238 2993 sancti
2269 2943 2636 2992 consentanea
2696 2935 2836 2990 ratio
2882 2937 3326 3004 comparatioque
3368 2944 3632 2991 servetur.

2066 3029 2196 3095 Qua:
2241 3043 2364 3083 cum
2395 3027 2466 3080 ita
2496 3041 2618 3081 sese
2645 3025 2898 3088 habeant,
2923 3024 3180 3093 captiosa:
3221 3025 3368 3079 illius
3405 3026 3637 3079 interro-

2065 3120 2299 3190 gationis
2357 3125 2724 3173 commentum
2792 3118 3010 3186 penitus
3065 3116 3362 3171 intercidit.
3425 3115 3661 3174 Etenim.

1993 3239 2037 3298 α
2071 3227 2177 3264 ιιοη
2209 3206 2378 3264 multa
2427 3218 2556 3264 sunt
2585 3207 2968 3272 invariabilia;
3014 3207 3108 3263 sed
3145 3222 3253 3262 una
3284 3207 3552 3261 duntaxat
3582 3207 3642 3263 in

2075 3301 2454 3370 singularitate
2475 3298 2734 3357 Trinitas.
2760 3306 2816 3354 et
2849 3315 2955 3353 una
2989 3299 3041 3352 in
3068 3297 3333 3354 Trinitate
3361 3298 3638 3363 divinitas,

2073 3413 2103 3451 a
2135 3411 2241 3464 qua
2275 3395 2484 3465 reliqua
2511 3394 2692 3449 omnia
2720 3395 2909 3463 procul
2935 3394 3162 3450 distant.
3189 3392 3376 3464 Neque
3425 3408 3555 3448 vero
3581 3400 3643 3447 ut

2072 3490 2384 3560 patiantur,
2422 3493 2518 3540 aut
2572 3494 2770 3556 agant,
2802 3484 3028 3540 fortuito
3077 3486 3311 3555 quodam
3341 3500 3475 3540 casu
3511 3500 3644 3540 con-

2072 3586 2258 3633 secuta
2292 3584 2441 3641 sunt;
2469 3591 2644 3644 neque
2673 3585 3024 3630 sacrosancta
3050 3575 3316 3641 Trinitas,
3346 3577 3474 3630 dum
3510 3575 3648 3644 agit,

2073 3669 2183 3739 pati
2214 3653 2489 3738 quidpiam
2522 3674 2722 3737 potest,
2753 3681 2877 3721 cum
2923 3675 3032 3720 tota
3077 3665 3314 3735 patiendi
3365 3680 3560 3735 expers
3590 3671 3647 3718 et

2073 3760 2350 3814 adoranda
2382 3760 2483 3813 sit:
2525 3759 2628 3813 hoc
2653 3768 2759 3822 est,
2801 3758 2978 3820 Pater,
3014 3767 3067 3812 et
3099 3755 3290 3822 Filius,
3324 3767 3378 3811 et
3409 3755 3649 3827 Spiritus

2074 3859 2319 3906 sanctus.
2350 3848 2728 3919 Quippe.Deus
2751 3865 2845 3920 per
2865 3847 3062 3902 Filium
3089 3848 3344 3903 universa
3377 3846 3644 3908 condidit,

2075 3939 2270 3996 Filium
2300 3956 2428 3996 vero
2466 3955 2576 3995 non
2605 3939 2752 4004 fecit,
2785 3948 2842 3994 ut
2866 3940 3106 4010 quicum
3137 3938 3390 3993 omnibus
3422 3938 3646 3993 minime

2077 4041 2427 4088 numeretur:
2461 4031 2728 4102 siquidem
2766 4033 2818 4086 in
2850 4032 3030 4102 operis
3056 4030 3492 4085 communionem
3519 4045 3645 4084 cum

2075 4121 2235 4177 Patre
2266 4123 2450 4185 venit,
2480 4132 2532 4177 et
2555 4135 2679 4175 cum
2710 4119 2897 4174 eodem
2931 4118 3214 4184 adoretur;
3241 4131 3416 4186 neque
3444 4124 3650 4185 postre-

2077 4229 2168 4269 mo
2211 4213 2470 4283 Spiritum
2517 4219 2765 4268 sanctum
2803 4210 3028 4273 creavit,
3063 4210 3154 4280 qui
3185 4225 3253 4263 ne
3286 4210 3401 4277 ipse
3426 4207 3647 4278 quidem

2079 4303 2220 4358 inter
2275 4301 2454 4356 omnia
2492 4309 2826 4355 numeratur.
2863 4298 3036 4369 Hujus
3083 4298 3226 4354 enim
3261 4298 3536 4368 proprium
3564 4308 3650 4352 est

2077 4394 2459 4449 universorum
2490 4392 2848 4448 eorroborarc
2878 4393 3162 4447 virtutem:
3219 4391 3362 4445 unde
3397 4399 3451 4445 et
3497 4404 3648 4444 com-

2078 4486 2312 4541 numiter
2386 4484 2662 4540 adoratur.
2716 4484 2886 4540 Porro
2940 4499 3064 4538 cum
3105 4482 3287 4539 omnia
3345 4483 3447 4536 sub
3485 4481 3648 4536 unius

401 4578 600 4647 ἀρχὴν
630 4579 721 4632 τὸν
756 4579 974 4650 Πατέρα
1003 4578 1096 4632 τοῦ
1131 4577 1263 4632 Υίοῦ
1299 4577 1537 4643 ἐδίδαξεν
1569 4582 1597 4633 ὀ
1623 4579 1762 4644 θεῖος
1790 4580 1963 4648 λόγος¹

2082 4577 2472 4649 providentiam
2522 4575 3160 4646 administrationemque
3205 4573 3448 4641 subjecta
3513 4575 3645 4634 sint,

401 4670 489 4724 διὰ
520 4672 581 4723 τὺ
631 4670 932 4741 ὁμοούσιον,
977 4669 1072 4723 καὶ
1124 4669 1309 4733 ἀῖδίως
1352 4669 1504 4733 ὄντος
1527 4670 1620 4724 τοῦ
1653 4671 1971 4742 Πνεύματος

401 4765 493 4818 τοῦ
522 4765 700 4832 ἀγίου,
731 4763 824 4816 καὶ
852 4765 918 4816 ὲκ
960 4762 1170 4832 Πατρδς
1200 4760 1632 4831 ἀπεσταλμένον,
1667 4763 1754 4815 ἀεὶ
1786 4763 1844 4816 δὲ
1876 4764 1973 4816 σὺν

404 4855 580 4926 Πατρὶ
607 4855 961 4925 ὑπάρχοντος,
987 4853 1078 4906 καὶ
1101 4851 1176 4922 μὴ
1207 4851 1314 4904 ἀπὸ
1329 4852 1522 4922 χρόνου
1552 4850 1888 4922 ἀρξαμένου.

2081 4672 2329 4726 feruntur
2355 4706 2373 4732 ,
2412 4675 2688 4738 aguntque
2745 4668 2959 4738 singula
2985 4706 3001 4730 ,
3038 4677 3091 4722 et
3139 4681 3259 4737 quae
3299 4683 3328 4719 a
3378 4665 3653 4721 Deo-sunt

2081 4763 2257 4817 aliena
2296 4759 2594 4830 patiuntur.
2645 4759 2913 4825 Quocirca
2967 4775 3074 4814 una
3130 4775 3160 4812 a
3205 4760 3380 4828 seipsa
3410 4757 3650 4813 Trinitas

2083 4851 2421 4908 invariab‘ilis
2446 4857 2555 4914 est,
2597 4851 2827 4920 reliqua,
2860 4863 2982 4919 quae
3010 4849 3079 4904 ab
3104 4849 3217 4919 ipsa
3250 4845 3644 4917 producuntur,

405 4945 589 4999 omnia
613 4944 930 5010 variantur;
971 4959 1093 5013 qua:
1128 4958 1230 4996 nec
1257 4949 1518 5012 tempore,
1552 4957 1651 4996 nec
1670 4946 1993 4999 aeternitate
2010 4961 2136 5000 cum
2173 4943 2264 4997 illa
2307 4940 2470 4997 simul
2523 4941 2814 4995 exsistunt.
2876 4938 3002 4994 Sola
3052 4939 3234 5007 itaque
3295 4937 3643 5006 sempiterna,

407 5041 646 5097 increata
677 5050 730 5094 et
786 5039 1022 5110 ingenita
1048 5045 1152 5093 est.
1178 5039 1256 5091 Ac
1273 5035 1447 5092 Filius
1471 5037 1687 5107 quidem
1719 5039 1840 5095 sine
1863 5040 1974 5095 ullo
2015 5047 2259 5109 tempore
2319 5036 2550 5092 initiove
2600 5035 2815 5105 genitus
2864 5033 3004 5089 idem
3034 5032 3104 5086 ab
3153 5040 3353 5085 aeterno
3381 5037 3496 5093 est;
3549 5043 3648 5080 nec

405 5151 644 5205 unquam
673 5150 796 5190 esse
823 5134 1044 5188 desinit.
1078 5133 1440 5199 Quamobrem
1471 5141 1630 5189 caute
1672 5133 1964 5190 admodum
2005 5141 2192 5204 caput,
2226 5149 2337 5187 non
2370 5131 2586 5185 initium
2621 5128 2742 5183 Filii
2773 5127 2986 5182 Patrem
3012 5141 3134 5182 esse
3191 5137 3368 5178 sermo
3429 5122 3647 5176 divinus

404 5231 624 5286 edocuit
657 5233 715 5283 ἐ
775 5229 939 5299 idque
994 5235 1214 5298 propter
1251 5228 1494 5283 eamdem
1547 5231 1832 5299 utriusque
1895 5231 2277 5287 substantiam.
2336 5227 2574 5298 Spiritus
2641 5224 2806 5296 985
2857 5239 2987 5279 vero
3019 5228 3242 5278 sanctus
3289 5218 3651 5287 sempiternus

404 5335 512 5387 est,
561 5332 615 5378 ct
653 5339 682 5376 a
710 5322 872 5378 Patre
911 5323 1143 5386 missus,
1186 5338 1310 5376 eum
1342 5336 1451 5391 quo
1483 5338 1697 5392 semper
1742 5325 1976 5390 exsistit,
2018 5341 2119 5380 nec
2149 5324 2218 5378 ab
2240 5324 2422 5391 aliquo
2455 5330 2697 5389 tempore
2726 5334 2847 5374 esse
2875 5317 3059 5385 coepit.

758 5437 1152 5490 ΚΕΦΑΛΑΙΟΝ
1197 5437 1448 5489 ΑΕΤΙΟΥ
1483 5439 1622 5502 ΛΤ.

479 5531 611 5585 Είτὺ
637 5524 932 5594 ἀγέννητος
954 5524 1046 5578 καὶ
1076 5527 1140 5580 τὸ
1165 5522 1298 5588 Θεὸς
1329 5534 1393 5583 ὲκ
1410 5532 1750 5603 παραλλήλου
1767 5532 1830 5584 re
1849 5532 1978 5585 αὐτδ

407 5619 621 5690 δηλοῖ,ό
649 5618 940 5686 ἀγέννητος
973 5617 1266 5686 ἀγέννητον
1292 5620 1597 5691 ἐγέννησεν.
1619 5621 1681 5672 Εἰ
1707 5620 1763 5673 δὲ
1794 5620 1977 5688 ἕτερόν

408 5709 621 5780 τιδηλοῐ
646 5717 705 5760 τὸ
714 5707 1032 5776 ἀγέννητον,
1047 5708 1132 5761 ἓτε
1140 5727 1230 5780 ρον
1247 5709 1382 5762 δὲτὸ
1398 5711 1562 5776 Θεὸς,
1577 5711 1675 5765 οὐκ
1701 5711 1896 5765 ἄτοπον
1920 5710 1976 5764 δὲ

489 5866 510 5899 ⁸
531 5882 622 5938 γρ.
660 5865 969 5934 κεφάλαιον.
1049 5868 1068 5897 ¹
1103 5863 1274 5918 lCor.
1305 5879 1381 5931 XI,
1411 5865 1463 5917 ὃ.

2505 5431 2688 5489 ᾹΕἸΊΙ
2725 5429 2953 5487 CAPUT
2992 5425 3227 5484 XXXVI.

2158 5527 2213 5582 Si
2246 5527 2520 5598 ingenitus
2549 5532 2602 5579 et
2635 5523 2777 5578 Deus
2828 5538 2927 5594 pro
2955 5537 3063 5574 uno
3093 5518 3385 5584 eodemque
3431 5525 3646 5570 suman-

2086 5627 2195 5683 tur,
2219 5619 2493 5688 ingcnitus
2521 5615 2821 5686 ingenitum
2841 5613 3044 5684 genuit.
3075 5609 3169 5665 Sin
3193 5607 3463 5662 diversum
3480 5601 3641 5671 quid.

2085 5711 2208 5764 dam
2256 5709 2483 5779 ingen'ti
2540 5723 2602 5762 ac
2650 5707 2743 5762 Dei
2810 5701 3072 5760 vocabula
3107 5700 3403 5764 declarant,
3442 5711 3641 5767 nequa-
