4134 6392
543 399 644 460 527

1919 409 1976 466 8.
2021 409 2220 465 EPlPll
2241 409 2366 465 ιΜι

3685 417 3793 476 628

541 533 704 590 quam
757 519 1054 576 absurdum
1103 529 1188 577 est
1245 520 1411 577 Deum
1455 537 1484 576 a
1541 522 1650 579 Deo
1691 527 1930 596 genitum
1977 543 2098 582 esse

2223 531 2300 600 τῷ
2343 529 2462 601 Θεῷ
2512 531 2644 586 Θεὸν
2673 534 3078 606 γεγεννηκέναι,
3115 535 3378 608 ἑκατέρου
3423 535 3521 608 τὴν
3557 535 3792 608 ὓπαρξιν

543 628 667 666 cum
695 623 920 683 uterque
945 613 1014 666 ah
1045 613 1284 684 ingenita
1309 615 1618 670 substantia
1649 617 1912 686 originem
1939 625 2119 672 traxe-

545 704 634 756 rit.
671 701 824 768 Quod
861 703 904 759 si
941 714 1065 757 ante
1113 701 1281 758 Deum
1319 703 1457 758 nihil
1509 706 1732 759 omnino
1773 705 1894 771 fuit,
1929 715 1986 759 ut
2028 721 2116 762 re-

539 809 668 846 vera
699 793 832 846 nihil
869 795 1100 858 exstitit,
1157 793 1299 850 Deus
1333 803 1388 850 ct
1433 795 1734 866 ingenitum
1786 797 1924 852 idem
1959 799 2118 868 plane

539 885 874 954 signiﬁcant,
913 900 1035 938 cum
1073 887 1254 956 genita
1289 887 1508 942 soboles
1537 888 1836 958 ingenitum
1869 904 1978 942 non
2022 889 2118 944 ad-

537 979 734 1031 mittat.
771 975 924 1033 Unde
965 994 1090 1032 cum
1140 979 1250 1034 Deo
1283 995 1348 1034 ac
1383 977 1545 1036 Patre
1597 995 1699 1036 suo
1737 981 1900 1036 simul
1931 983 2114 1053 appel-

537 1069 634 1120 lari
671 1083 794 1123 sese
825 1085 933 1124 non
967 1071 1194 1140 patitur.

1013 1183 1322 1254 Confutatio
1357 1183 1516 1238 XXX
1535 1181 1628 1238 VI.

605 1273 644 1326 I.
691 1271 846 1328 Unde
901 1275 1120 1330 tandem
1175 1293 1274 1331 nos
1319 1279 1506 1333 Aetius
1546 1279 1704 1346 jubet
1743 1295 1932 1334 earum
1973 1295 2112 1350 quas

533 1367 787 1436 proponit
823 1367 1312 1438 interrogationum
1349 1385 1414 1423 ac
1467 1369 1950 1426 ratiocinationum
1985 1387 2110 1428 scn-

533 1473 652 1510 sum
709 1471 773 1510 ac
811 1461 1138 1512 sententiam
1179 1461 1438 1530 assequi?
1467 1457 1526 1514 Si
1575 1477 1642 1516 ex
1673 1463 2009 1532 argumentis
2057 1470 2108 1518 et

532 1549 862 1619 syllogismis
893 1562 1080 1606 censet
1103 1553 1248 1606 istud
1281 1567 1404 1608 esse
1426 1553 1802 1624 quaerendum,
1842 1555 2108 1626 quidquid

533 1640 826 1709 cogitando
863 1643 1152 1710 quaesitum
1215 1643 1642 1716 indagatumque
1691 1643 1877 1710 fuerit,
1925 1647 1982 1700 in
2025 1646 2109 1700 ni-

533 1729 703 1784 hilum
735 1747 842 1785 una
881 1747 1005 1786 cum
1039 1735 1156 1804 ipso
1185 1735 1472 1806 redigitur.
1518 1734 1688 1792 Deum
1726 1737 1873 1790 enim
1923 1737 2108 1793 nullus

531 1837 769 1892 unquam
803 1825 1236 1894 argumentando
1266 1825 1710 1896 comprehendet,
1749 1843 1924 1896 neque
1953 1829 2102 1898 opill-

529 1913 674 1966 cium
703 1913 885 1982 epitlci
912 1929 1014 1968 suo
1035 1915 1180 1969 dicet
1212 1933 1225 1968 :
1257 1915 1398 1982 Quid
1429 1935 1510 1972 me
1537 1918 1614 1970 ita
1639 1919 1854 1986 fecisti?
1879 1927 1936 1972 ut
1979 1921 2110 1974 scri-

529 2011 680 2074 ptum
707 2003 852 2058 est‘.
888 2003 1253 2069 Quamobrem
1291 2007 1374 2076 pia
1425 2017 1604 2061 mente
1634 2013 1688 2062 et
1719 2008 1996 2062 innocenti
2023 2025 2109 2064 se-

529 2095 764 2150 curitate
787 2095 854 2151 ad
887 2097 1060 2151 sancti
1095 2097 1358 2167 Spiritus,
1387 2115 1507 2168 qua:
1536 2115 1631 2168 per
1655 2115 1842 2155 sacras
1871 2097 2107 2158 Litteras

531 2185 798 2256 patefacta
833 2188 994 2244 nobis
1018 2197 1126 2252 est,
1162 2189 1470 2244 doctrinam
1505 2191 1846 2248 revocandus
1873 2201 1957 2248 est
1987 2193 2106 2246 ani—

527 2297 673 2334 mus.
713 2279 814 2336 Ubi
845 2297 970 2334 cum
1004 2282 1200 2346 solida,
1230 2281 1667 2354 immntahilique
1694 2285 1989 2348 sententia,
2015 2285 2104 2353 qui

527 2381 836 2426 creaturam
880 2373 1088 2438 colunt,
1137 2388 1233 2428 eos
1269 2373 1450 2429 fatuos
1489 2375 1732 2430 redditos
1759 2391 1882 2432 esse
1911 2375 2108 2431 docea—

529 2479 652 2516 mur
676 2467 718 2527 ',
775 2479 954 2518 nonne
1001 2465 1056 2518 in
1117 2465 1263 2521 istud
1315 2467 1496 2538 ipsum
1555 2467 1840 2524 incurrere
1893 2469 2108 2524 videtur

525 2553 716 2610 Aetius
765 2569 828 2608 ac
875 2565 1140 2610 creaturae
1172 2557 1512 2612 divinitatem
1555 2559 1825 2628 tribucre,
1875 2575 2107 2631 eamque

525 2645 846 2702 adoratione
895 2661 959 2701 ac
1001 2651 1349 2706 veneratione
1389 2651 1666 2721 prosequi,
1717 2667 1840 2707 cum
1890 2654 2104 2710 sincera

523 2737 662 2798 lides
699 2737 1038 2792 adorandum
1079 2755 1110 2792 a
1151 2749 1360 2806 creato,
1409 2753 1654 2796 creatum
1702 2745 1770 2800 ab
1823 2745 2105 2802 adorando

525 2831 813 2901 sejungat?
841 2830 976 2884 Nam
1012 2833 1056 2886 si
1095 2835 1228 2886 nihil
1261 2835 1403 2890 inter
1427 2835 1538 2890 haec
1589 2837 1809 2892 intersit
1851 2841 2096 2907 omnino,

522 2922 836 2977 Christiana
864 2924 1054 2994 religio
1083 2927 1220 2979 nihil
1254 2943 1420 2994 supra
1451 2937 1718 2984 creaturae
1747 2943 2100 2986 veneratores

519 3015 784 3068 eximium
825 3023 919 3068 aut
961 3017 1234 3072 excellens
1305 3019 1558 3074 habitura
1609 3029 1714 3084 est,
1766 3031 1928 3092 atque
1957 3023 2104 3093 ejus-

521 3106 668 3160 modi
698 3106 831 3162 fides
857 3108 1168 3162 idololatria
1199 3110 1404 3180 potius,
1445 3127 1606 3181 quam
1637 3112 1732 3168 Dei
1771 3115 1951 3170 cultus
1979 3131 2102 3170 esse

2221 621 2478 687 λαϐόντος
2505 624 2562 691 ἐξ
2593 625 2889 697 ἀγεννήτου
2915 627 3120 692 οὐσίας.
3153 627 3215 680 Et
3247 627 3304 680 δὲ
3333 625 3427 680 τοῦ
3455 625 3592 680 Θεοῦ
3628 629 3792 698 μηδὲν

2223 719 2332 786 εἴη,
2361 717 2546 788 ὥσπερ
2572 717 2672 770 οὐκ
2693 717 2859 782 ἔστιν,
2881 719 2908 770 ὁ
2927 719 3060 782 Θεὸς
3087 719 3181 772 καὶ
3201 719 3262 772 τὸ
3287 719 3578 788 ἀγέννητον
3597 719 3794 774 ταυτδν

2219 807 2390 880 δηλοῖ,
2428 811 2490 862 οὐ
2519 811 2878 881 προσιεμένου
2910 811 3003 864 τοῦ
3034 813 3372 881 γεννήματος
3391 813 3452 864 τὸ
3477 812 3789 882 ἀγέννητον.

2217 899 2308 952 Διὸ
2357 899 2482 952 οὗτε
2523 901 2988 970 συνεκφωνείσθαι
3014 901 3090 972 τῷ
3129 901 3248 973 Θεῷ
3280 902 3373 955 καὶ
3417 902 3592 973 Πατρὶ
3627 903 3789 956 αὑτοῦ

2215 989 2486 1058 ἀνέχεται.

2761 1189 3084 1258 Ὰνατροπὴ
3117 1189 3258 1256 ΑΕΓ.

2285 1285 2364 1337 A'.
2405 1281 2574 1336 Πόθεν
2611 1281 2858 1352 βούλεται
2883 1283 3034 1351 ἡμᾶς
3075 1279 3280 1344 Ἀέτιος
3319 1279 3790 1352 προσπορίσασθαι

2213 1371 2271 1422 ὲν
2309 1371 2522 1432 ἑαυτοῖς
2553 1370 2646 1422 τὸν
2687 1369 2812 1422 νοῦν
2861 1369 2972 1422 τῶν
3015 1369 3106 1422 ὑπ’
3146 1369 3310 1423 αὐτοῦ
3355 1369 3788 1442 προτεινομένων

2215 1461 2460 1514 πεύσεων
2489 1461 2599 1514 τῶν
2628 1459 2794 1513 αὑτοῦ
2824 1459 3134 1530 λογισμῶν;
3165 1459 3268 1514 Καὶ
3295 1461 3343 1513 εί
3377 1461 3473 1530 μὲν
3503 1459 3702 1528 φάσκει
3723 1460 3790 1513 ὲκ

2213 1553 2488 1622 λογισμῶν
2533 1551 2628 1605 καὶ
2689 1551 3101 1622 συλλογισμῶν,
3135 1553 3383 1604 πεσεῖται
3431 1551 3527 1604 καὶ
3561 1549 3722 1621 ἡμῶν
3753 1549 3786 1602 ὁ

2213 1645 2479 1715 πορισμὸς
2511 1644 2614 1714 τῆς
2647 1642 2902 1705 ὑπονοίας
2933 1641 3050 1712 ἅμα
3091 1641 3268 1712 αὐτῷ·
3301 1643 3433 1696 Θεὸν
3471 1642 3582 1713 γὰρ
3609 1641 3786 1706 οὐδεὶς

2213 1736 2580 1806 συλλογίσοιτο
2609 1735 2850 1798 πώποτε,
2883 1733 3006 1789 οὕτε
3039 1735 3154 1805 ὲρεϊ
3179 1733 3242 1787 τὺ
3279 1733 3504 1804 πλάσμα
3547 1732 3624 1804 τῷ
3649 1733 3786 1787 πλά-

2212 1845 2363 1882 σαντι
2383 1844 2396 1857 ο
2423 1827 2482 1880 Τί
2495 1843 2572 1897 με
2583 1825 3074 1894 οὕτωςὲποίησας
3087 1843 3106 1890 ;
3121 1825 3262 1878 κατὰ
3277 1825 3340 1878 τὸ
3364 1824 3747 1896 γεγραμμένον
3763 1839 3782 1855 ·

2209 1919 2268 1986 ἐξ
2289 1917 2544 1982 εὐσεϐοῦς
2561 1919 2617 1972 δὲ
2629 1917 3012 1987 λογισμοῦ,καὶ
3034 1917 3248 1980 δικαίας
3269 1916 3566 1985 ἀσφαλείας
3583 1916 3786 1987 ὲπὶτὴν

2207 2011 2301 2065 τοῦ
2319 2011 2475 2079 ἁγίου
2497 2010 2637 2064 Πνεύ
2646 2027 2812 2080 ματος
2839 2007 2927 2062 διὰ
2959 2009 3066 2062 τῶν
3083 2008 3252 2078 ἁγίων
3269 2007 3498 2078 Γραφῶν
3529 2006 3784 2060 διδασκα-

2207 2101 2325 2154 λίαν
2339 2099 2963 2172 ἀνακαμπτέον.Λέξεως
2981 2098 3038 2152 δὲ
3055 2097 3413 2168 ἁπαραὸάτου
3429 2097 3786 2167 διδασκούσης

2209 2193 2356 2264 ἡμᾶς
2375 2193 2504 2262 περὶ
2518 2191 2626 2244 τῶν
2647 2193 2712 2262 τῇ
2729 2189 3348 2262 κτίσειλατρευσάντων,
3375 2189 3450 2252 ὼς
3473 2187 3794 2260 ἐμωράνθη-

2209 2301 2328 2346 σαν,
2353 2283 2468 2347 πῶς
2485 2283 2659 2336 οὐκᾶν
2672 2281 2918 2354 εὑρεθείη
2935 2283 3026 2336 ἐπὶ
3043 2281 3297 2352 κτίσματι
3319 2281 3449 2334 Θεὸν
3463 2280 3784 2352 λαμϐάνειν,

2207 2379 2301 2430 καὶ
2346 2376 2533 2428 τοῦτον
2569 2378 2896 2447 προσκυνεῖν
2937 2391 3026 2438 τε,
3071 2373 3163 2427 καὶ
3207 2373 3522 2445 γεραίρειν;
3555 2374 3653 2444 τῆς
3691 2373 3786 2425 πί-

2209 2485 2378 2530 στεως
2421 2466 2582 2535 φύσει
2623 2463 3109 2536 παρεκϐαλλούσης
3147 2465 3207 2518 τὸ
3255 2465 3628 2536 προσκυνητὺν
3677 2463 3788 2518 ἀπὸ

2205 2558 2299 2612 τοῦ
2335 2557 2576 2622 κτιστοῦ,
2612 2557 2706 2611 καὶ
2733 2557 2795 2610 τὸ
2846 2557 3066 2610 κτιστὸν
3103 2557 3213 2610 ἀπὸ
3240 2556 3333 2610 τοῦ
3379 2555 3760 2628 προσκυνητοῦ

2207 2651 2314 2702 Καὶ
2345 2649 2474 2724 γὰρ,
2511 2649 2558 2701 εί
2587 2649 2724 2710 ὅλως
2759 2647 2916 2700 τοῦτο
2963 2646 3116 2700 οὐδὲν
3145 2645 3354 2710 διοίσει,
3380 2643 3516 2717 πρὸς
3555 2647 3681 2708 τοὺς
3715 2647 3782 2716 τῇ

2207 2743 2381 2795 κτίσει
2402 2742 2462 2793 τὸ
2511 2739 2674 2803 σέόας
2708 2737 2974 2810 νέμοντας
3015 2737 3169 2790 οὐδὲν
3205 2739 3503 2809 πρόκριτον
3543 2737 3696 2789 ἔσται
3725 2737 3785 2788 ὲν

2205 2831 2635 2905 Χριστιανισμῷ.
2666 2830 2858 2884 Ἔσται
2892 2831 2949 2883 δὲ
2978 2832 3010 2900 ἡ
3034 2827 3258 2900 τοιαύτη
3291 2829 3473 2892 πίστις
3499 2827 3782 2881 εἰδωλολα-

2203 2927 2361 2998 τρεία
2392 2923 2646 2996 μᾶλλονῆ
2678 2922 2980 2976 θεοσέϐεια.
3005 2921 3376 2992 Προσκυνοῦσι
3409 2921 3520 2991 γὰρ
3541 2921 3784 2974 κάκεῖνοι

2203 3018 2372 3090 ἣλιον,
2408 3017 2502 3069 καὶ
2547 3015 2808 3086 σελήνην,
2849 3013 2944 3067 καὶ
2977 3013 3270 3084 ὣνάμεις,
3307 3013 3535 3084 οὐρανόν
3581 3029 3642 3064 τε
3689 3011 3786 3064 καὶ

2203 3112 2329 3180 γῆν,
2361 3107 2546 3163 καὶτὰ
2579 3108 2714 3162 ἄλλα
2751 3107 3044 3178 κτίσματα.
3075 3107 3184 3158 Καὶ
3214 3107 3274 3157 οὺ
3307 3105 3366 3158 τὸ
3398 3105 3650 3174 διάφορον
3675 3103 3782 3155 τῶν

519 3197 853 3252 censebitur.
888 3197 1020 3251 Nam
1043 3206 1098 3254 et
1129 3199 1208 3252 illi
1243 3201 1436 3270 solem,
1476 3203 1682 3266 lunam,
1713 3203 1960 3268 virtutes,
1989 3221 2102 3260 cm-

2207 3202 2520 3273 κτισμὰτων
2555 3203 2787 3252 ποιεῖται
2816 3199 2876 3251 τὸ
2921 3197 3132 3268 θαῦμαο
3164 3197 3283 3250 οὐδὲ
3312 3196 3500 3250 διοίσει
3537 3196 3599 3249 τὸ
3639 3195 3760 3262 ὲξαι

519 3290 632 3342 lum
672 3299 727 3345 et
757 3297 980 3356 terram,
1017 3305 1082 3344 ac
1129 3301 1354 3346 czeteras
1385 3301 1670 3347 creaturas
1708 3293 1972 3360 adorant;
2007 3313 2102 3351 ne-

517 3395 626 3449 que
655 3395 788 3434 vero
829 3389 1136 3434 creatarum
1177 3397 1356 3436 rerum
1405 3384 1744 3440 admirabilis
1779 3387 2101 3442 excellentia

518 3471 894 3526 diversitatem
922 3471 1078 3526 aﬂ‘ert
1108 3474 1273 3527 ullam
1297 3491 1312 3538 ;
1341 3489 1518 3543 neque
1544 3477 1688 3544 quod
1722 3479 1934 3532 eximiae
1955 3495 2102 3549 quae-

517 3561 642 3614 dam
675 3563 805 3626 sint,
855 3563 1020 3616 ullam
1069 3564 1124 3618 in
1171 3565 1398 3620 honoris
1437 3567 1748 3636 aequalitate
1783 3571 2102 3626 varietatem

519 3651 802 3716 inducent,
849 3669 974 3706 cum
1024 3655 1214 3709 eodem
1285 3657 1506 3712 nomine
1557 3661 1962 3726 contineantur,
2021 3671 2104 3714 ta-

521 3743 676 3798 metsi
739 3759 846 3796 una
884 3745 1036 3798 alteri
1071 3745 1259 3800 multis
1305 3747 1554 3816 partibus
1602 3752 1911 3804 antecellat.
1949 3749 2100 3807 Unus

516 3837 663 3889 enim
683 3845 788 3900 est,
813 3837 904 3906 qui
929 3845 1159 3908 utraque
1183 3839 1405 3894 molitus
1422 3851 1524 3902 εει,
1549 3848 1602 3894 et
1625 3841 1916 3912 unicuique
1933 3843 2102 3916 986

517 3947 628 3985 non
673 3932 932 3996 neminis,
968 3935 1062 3987 sed
1112 3935 1436 3989 substantiae
1474 3935 1774 3992 discrimen
1827 3939 2096 3994 attribuit.

520 4021 798 4090 Siquidem
829 4025 1028 4078 creatis
1069 4025 1325 4080 omnibus
1371 4027 1537 4082 rebus
1565 4043 1676 4082 non
1703 4029 1955 4096 liberum,
2001 4030 2098 4086 sed

515 4113 715 4167 servile
737 4123 1008 4168 creaturae
1045 4128 1240 4169 nomen
1285 4117 1562 4172 convenit.
1595 4117 1672 4172 Ac
1703 4120 1748 4174 si
1784 4121 1840 4174 in
1875 4135 1984 4174 uno
2010 4135 2100 4191 ge-

515 4219 644 4258 nere
675 4203 822 4274 quod
864 4205 1082 4259 servilis
1130 4206 1466 4262 conditionis
1513 4216 1598 4262 est
1641 4211 1918 4276 adoretur,
1961 4212 2100 4266 nihil

512 4297 758 4350 obstabit
799 4297 1096 4365 quominus
1136 4305 1192 4352 et
1240 4298 1393 4353 alteri
1431 4301 1640 4370 generi,
1695 4307 1914 4358 tametsi
1961 4305 2100 4360 infe-

513 4389 628 4441 rius
684 4389 776 4452 sit,
830 4388 1080 4444 adoratio
1127 4391 1421 4446 tribuatur.
1484 4393 1718 4464 x‘Equale
1769 4395 1970 4466 quippe
2013 4405 2098 4452 est

509 4479 658 4549 quod
689 4495 813 4532 cum
849 4481 1150 4550 superioris
1179 4483 1389 4538 ordinis
1419 4493 1676 4540 creatura
1711 4487 2096 4556 cognationem

2207 3311 2362 3367 ρετον
2395 3290 2572 3361 ἑαυτῷ
2597 3291 2656 3343 τὸ
2687 3291 2784 3360 τῆς
2812 3289 3099 3360 ὀμοτιμίας
3137 3289 3226 3342 διὰ
3251 3289 3312 3340 τὸ
3339 3286 3648 3358 ὁμώνυμον,
3681 3287 3784 3340 κᾶν

2201 3403 2260 3438 τε
2301 3382 2850 3456 ὑπερτεταλάντισται
2883 3380 2944 3432 τὺ
3007 3379 3104 3450 μὲν
3147 3379 3257 3433 ἀπὸ
3307 3379 3401 3432 τοῦ
3451 3379 3660 3450 ἑτέρου.
3687 3372 3781 3442 Εἷς

2203 3477 2310 3546 γάρ
2341 3477 2490 3528 ἐστιν
2519 3477 2547 3527 ὁ
2579 3474 2646 3526 τὰ
2669 3471 2954 3544 ἀμφότερα
2980 3473 3232 3542 ποιήσας,
3264 3471 3358 3524 καὶ
3381 3469 3782 3541 ἀποκληρώσας

2204 3569 2416 3636 ἑκάστῳ
2453 3567 2554 3620 οὐκ
2591 3567 2856 3636 ὀνόματος
2896 3563 3274 3636 παραλλαγὴν,
3305 3563 3420 3616 ἀλλ’
3449 3561 3656 3625 οὐσίας.
3693 3563 3782 3615 Ἐν

2209 3661 2380 3715 ἆπασι
2403 3659 2511 3732 γὰρ
2534 3663 2648 3723 τοῖς
2683 3659 3058 3728 κεκτισμένοις
3089 3657 3150 3709 τὸ
3172 3656 3356 3709 δοῦλόν
3394 3659 3512 3709 ὲστι
3531 3653 3626 3708 τοῦ
3667 3657 3756 3708 xtl

2205 3768 2410 3822 σματος
2461 3751 2520 3804 τὸ
2551 3751 2742 3821 ὄνομα,
2795 3749 2912 3804 ἀλλ’
2941 3747 3002 3802 οὐ
3040 3748 3100 3801 τὸ
3139 3747 3442 3818 ἐλεύθερον.
3487 3747 3600 3800 Καὶ·
3639 3747 3686 3800 εἰ
3725 3746 3784 3798 ἐν

2202 3843 2282 3894 ἐνὶ
2311 3842 2466 3913 μέρει
2491 3841 2554 3895 τὺ
2581 3839 2768 3894 δοῦλον
2801 3841 3212 3910 προσκυνεῖται,
3245 3838 3398 3890 οὐδὲν
3427 3837 3616 3890 διοίσει
3647 3835 3784 3908 πρὸς

2199 3935 2261 3987 τὸ
2295 3933 2424 3988 ἄλλο
2465 3933 2628 4004 μέρος
2659 3935 2693 4003 ἡ
2729 3930 3128 4002 προσκύνησις,
3159 3929 3262 3984 κᾶν
3305 3946 3366 3982 τε
3415 3927 3780 3998 ὑποϐέϐηκεν.

2205 4027 2349 4079 Ἴσον
2393 4025 2502 4096 γάρ
2540 4026 2656 4077 ἐστι
2697 4024 2774 4094 τῷ
2823 4023 3085 4093 ἁνωτάτῳ
3127 4019 3508 4090 συγγενειὰζον
3553 4019 3632 4090 τῷ
3663 4019 3782 4071 κτί-

2204 4135 2390 4188 σματι,
2427 4119 2486 4183 ἐξ
2518 4117 2619 4170 οὐκ
2645 4115 2814 4168 ὅντων
2841 4115 2993 4187 παρὰ
3019 4113 3113 4166 τοῦ
3151 4113 3302 4176 ὄντος
3337 4111 3778 4183 κεκληρωμένον.

2214 4213 2494 4267 Ἐντεῦθεν
2523 4211 2581 4264 τὸ
2609 4212 2902 4281 ἀγέννητον
2929 4209 3243 4280 συμπρέπει
3267 4205 3406 4276 Θεῷ,
3435 4205 3530 4258 καὶ
3555 4205 3614 4258 τὸ
3649 4201 3780 4263 Θεὸς

2203 4307 2278 4378 τῷ
2313 4307 2612 4375 ἁγεννήτῳ.
2645 4304 2734 4356 Διὸ
2765 4304 2826 4356 τὺ
2847 4303 3094 4373 γέννημα
3125 4302 3224 4354 οὐκ
3249 4300 3406 4372 ἔργον
3431 4299 3629 4369 φαμὲν,
3660 4295 3782 4348 οὐδὲ

2204 4401 2434 4468 ποίημα,
2459 4397 2592 4450 ἀλλὰ
2618 4395 2864 4464 γέννημα
2901 4393 3175 4456 οὐσιωδῶς
3207 4393 3315 4446 ἀπὸ
3345 4390 3557 4462 [ἰατρὸς
3581 4387 3781 4458 ἀκράν-

2203 4505 2310 4550 τως
2337 4505 2562 4556 γεγεννη
2573 4489 2750 4556 μένον.
2771 4485 3054 4554 ὁμοούσιον
3085 4481 3160 4552 τῷ
3185 4481 3360 4552 Πατρὶ
3383 4481 3476 4534 καὶ
3498 4492 3782 4548 συμπροσ-

512 4569 696 4634 hahet,
731 4579 916 4638 utpote
943 4569 1010 4624 de
1039 4571 1210 4624 nihilo
1231 4573 1299 4626 ab
1331 4588 1416 4634 eo,
1443 4575 1658 4642 quiest,
1687 4585 1943 4630 naturam
1971 4591 2093 4632 sor-

2206 4578 2432 4647 κυνητὸν
2457 4619 2470 4642 ,
2505 4579 2600 4630 καὶ
2630 4577 2692 4630 τὸ
2729 4577 2885 4644 διγιον
2927 4573 3152 4644 Πνεῦμα
3205 4573 3265 4636 ἐξ
3313 4569 3502 4634 αὐτοῦ,
3538 4569 3630 4622 καὶ
3679 4566 3780 4618 οὐκ

509 4659 694 4712 titum.
731 4657 870 4712 llinc
919 4669 972 4714 et
1017 4661 1319 4730 ingenitum
1374 4661 1504 4727 Deo,
1551 4673 1606 4717 et
1653 4663 1798 4720 Dens
1849 4666 2092 4736 ingenito

509 4750 784 4820 congruit.
819 4749 1002 4816 Quare
1025 4753 1260 4822 genitam
1293 4753 1536 4808 sobolem
1569 4770 1680 4808 non
1699 4771 1838 4825 opus
1873 4758 2094 4828 aliquod

509 4843 766 4907 dicimus,
807 4852 899 4896 aut
928 4843 1182 4898 etl‘eetum
1213 4845 1529 4915 quidpiam;
1575 4847 1668 4900 sed
1703 4848 1968 4912 sobolem,
2003 4865 2096 4904 na-

507 4935 760 4989 turaliter
802 4951 830 4987 a
871 4933 1030 4991 Patre
1075 4938 1194 4992 sine
1249 4937 1368 4992 labe
1415 4939 1791 5009 progenitam,
1844 4941 2096 5010 ejusdem»

509 5043 635 5079 cum
667 5025 828 5081 Patre
867 5029 1211 5090 substantiae,
1262 5043 1326 5082 ac
1359 5029 1522 5083 simul
1555 5029 1921 5098 adorandum;
1967 5031 2090 5103 Spi-

2199 4671 2476 4741 ὰλλότριον
2497 4711 2510 4736 ,
2537 4669 2616 4722 διὸ
2659 4671 2753 4722 καὶ
2789 4665 3295 4738 συμπροσκυνητὸν.
3335 4663 3536 4732 Ἐτέρῳ
3584 4660 3640 4714 δὲ
3669 4657 3778 4710 τῶν

2199 4763 2570 4833 κεκτισμένων
2594 4762 2650 4814 τὺ
2675 4759 2808 4822 Θεὸς
2848 4761 3018 4830 ὄνομα
3042 4759 3102 4810 οὐ
3125 4759 3572 4825 συνεκφωνείται,
3597 4751 3686 4805 διὰ
3717 4750 3778 4803 τὸ

2201 4853 2570 4926 μετηλλὰχθαι
2613 4852 2715 4921 τῆς
2757 4849 3104 4920 ἀγεννησίας,
3135 4849 3218 4901 ὅτι
3249 4847 3310 4910 ἐξ
3337 4847 3438 4898 οὐκ
3485 4845 3653 4897 ὅντων
3681 4859 3773 4894 κε-

2195 4947 2473 5017 κλήρωται
2498 4945 2558 4997 τὸ
2581 4939 2741 4995 εἶναι.
2777 4943 2839 4994 'H
2863 4941 2918 4994 δὲ
2945 4942 3115 5012 Τριὰς
3141 4939 3255 5008 ἔχει
3281 4937 3343 4990 τὸ
3376 4937 3463 4991 ἀεὶ
3495 4932 3650 4998 εἶναι,
3683 4933 3778 4987 καὶ-

2193 5041 2292 5108 οὐχ
2325 5037 2507 5108 ἕτερόν
2531 5053 2584 5088 τι
2621 5035 2773 5100 Θεὸς,
2805 5033 2898 5087 καὶ
2926 5035 3111 5104 ἕτερον
3149 5033 3208 5084 τὸ
3239 5030 3550 5098 ἀγέννητον.

509 5119 675 5172 ritum
730 5135 858 5173 vero
904 5129 1156 5174 sanctum
1209 5121 1276 5174 ab
1345 5122 1439 5176 illo
1495 5125 1902 5193 procedentem,
1945 5143 2047 5184 nec
2103 5135 2361 5196 alienum,
2412 5131 2482 5186 ob
2527 5131 2692 5199 idque
2739 5129 2902 5182 simul
2940 5127 3303 5182 adorandum.
3352 5124 3622 5179 Caeterum
3677 5119 3774 5178 Dei

509 5229 708 5268 nomen
746 5223 1056 5268 creatarum
1084 5231 1270 5269 rerum
1307 5217 1440 5270 nulli
1472 5218 1814 5284 conceditur,
1851 5235 1917 5276 eo
1945 5226 2091 5293 quod
2128 5229 2196 5282 ah
2232 5225 2458 5296 ingeniti
2507 5224 2836 5294 preprietate
2865 5221 3159 5290 discrepet,
3202 5217 3458 5288 quoniam
3524 5231 3552 5270 e
3607 5215 3778 5268 nihilo

509 5321 568 5366 ut
595 5319 744 5368 esset
783 5311 1037 5368 obtinuit.
1088 5312 1158 5364 At
1185 5311 1426 5368 Trinitas
1475 5315 1808 5383 sempiterna
1841 5325 1945 5382 est,
1985 5335 2088 5376 nec
2123 5323 2270 5378 aliud
2295 5321 2554 5392 quiddam
2583 5319 2726 5374 Deus
2747 5327 2852 5378 est,
2885 5316 3038 5370 aliud.
3067 5315 3387 5385 ingenitum.

581 5399 644 5454 ll.
685 5399 767 5454 Τιι
795 5417 930 5454 vero
952 5399 1173 5464 Filium,
1206 5401 1351 5467 Aeti,
1379 5401 1662 5458 irridendo
1701 5405 1934 5470 scilicet,
1975 5423 2084 5462 non

507 5493 649 5547 bona
682 5491 806 5558 ﬁde,
832 5507 862 5546 a
897 5491 1056 5547 Patre
1073 5493 1315 5562 genitum
1350 5493 1605 5549 afﬁrmas.
1639 5495 1912 5567 Quidquid
1939 5499 2084 5556 enim

509 5582 751 5651 genitum
779 5591 882 5646 est,
913 5590 1155 5638 creatum
1187 5597 1298 5636 non
1322 5591 1430 5648 est,
1455 5593 1509 5640 et
1537 5585 1802 5656 quidquid
1838 5597 2084 5646 creatum

509 5683 613 5738 est,
661 5689 770 5728 non
813 5683 896 5730 cst
941 5675 1205 5744 genitum.
1255 5675 1412 5742 Quod
1449 5677 1497 5732 si
1539 5677 1594 5732 id
1647 5681 1790 5750 quod
1821 5681 2082 5756 genitum,

585 5831 602 5862 ⁸
633 5827 792 5884 Rom.
823 5847 898 5897 Ix,
929 5831 1018 5887 20.
1095 5837 1114 5866 ¹
1148 5831 1306 5890 Rom.
1335 5851 1370 5900 ι,
1401 5835 1491 5890 22.

2267 5411 2342 5464 Β’.
2379 5407 2768 5480 Συνομολογείς
2809 5406 2889 5474 δὲ,
2943 5405 3138 5470 Ἀέτιε,
3163 5405 3254 5458 τὸν
3293 5403 3419 5456 ὶτὶὸν
3450 5403 3515 5456 ἐκ
3554 5401 3774 5474 Πατρδς

2195 5501 2573 5572 γεγεννῆσθαι,
2609 5499 2880 5572 εἰρωνείᾳ,
2906 5499 3000 5551 καὶ
3029 5499 3130 5551 οὐκ
3161 5495 3390 5568 ἀληθείᾳ
3435 5497 3548 5550 Πᾶν
3579 5494 3688 5567 γὰρ
3711 5495 3774 5547 τὸ

2195 5591 2451 5664 γεννητὸν
2479 5593 2542 5645 οὐ
2572 5591 2808 5658 κτιστὸν,
2841 5593 2934 5645 καὶ
2963 5591 3026 5646 τὸ
3055 5591 3270 5646 κτιστὺν
3301 5591 3362 5644 οὐ
3391 5589 3670 5662 γεννητόν.
3705 5589 3770 5640 Et

2193 5683 2254 5738 δὲ
2301 5683 2362 5736 τὸ
2417 5681 2672 5755 γεννητὸν
2721 5684 2968 5753 κτιστὸν,
3005 5685 3126 5739 κατ’
3175 5682 3336 5739 ἄλλον
3383 5683 3584 5753 τρόπον
3619 5679 3773 5736 ἐστὶν
