4134 6392
409 343 514 401 629

1002 341 1371 399 ADVERSUS
1408 343 1750 400 HJERESES
1789 343 1917 401 LIB.
1960 345 2048 402 Ill.
2083 344 2247 401 TOM.
2286 345 2326 401 1.
2359 370 2432 388 -
2475 343 2750 400 lleRES.
2783 342 3022 402 LXXVI.

3565 350 3674 408 650
3699 362 3702 368 '

410 459 642 514 κτιστύν.
675 458 763 519 Ὠς
789 454 899 513 οἷόν
928 461 1074 515 ἐστιν
1099 463 1296 525 εἰπεῖν,
1313 461 1590 533 ἄνθρωποι
1616 464 1875 532 γεννῶσιν
1897 465 1988 518 άν-

2103 474 2336 519 creatum
2393 464 2557 519 etiam
2597 472 2718 527 est,
2767 472 3012 518 creatum
3072 463 3179 518 alio
3231 465 3392 519 modo
3445 465 3668 523 dicitur.

407 551 681 623 θρώπους,
704 550 817 604 ἀλλ’
837 551 899 604 οὑ
936 551 1236 614 κτίζουσιν·
1268 547 1414 606 οὗτοι
1446 554 1503 608 δὲ
1526 554 1733 608 ἄνωθεν
1761 557 1826 608 ἐκ
1852 555 1986 608 Θεοῦ

407 645 512 696 είσι
527 643 894 715 κεκτισμένοι·
914 643 995 696 διὸ
1013 646 1192 707 αὑτοῖς
1206 645 1273 698 τὰ
1291 646 1388 716 μὲν
1410 646 1725 718 γεννώμενα
1739 648 1992 719 γεγέννη-

335 785 338 788 .
406 749 494 788 ται
517 751 532 765 ·
565 735 714 806 παρά
737 734 871 788 Θεοῦ
892 735 947 788 δὲ
976 736 1046 789 τά
1074 737 1249 790 πάντα
1279 738 1582 794 κέκτισται.
1601 739 1822 794 Θεοῦδὲ
1839 741 1988 804 ὄντος

407 826 530 879 iuri
537 843 681 891 στου,
699 827 1057 896 γεννήσαντος
1077 827 1132 880 δὲ
1144 828 1320 899 ἑαυτῷ
1333 829 1482 894 Υίὸν,
1497 830 1590 884 καὶ
1603 831 1662 884 οὑ
1682 831 1986 895 κτίσαντος,

407 917 502 986 οὑχ
519 917 604 969 ’έτε
612 934 704 987 ρον
723 919 885 988 γεννᾷ
901 917 1052 988 παρά
1067 918 1163 988 τὴν
1180 919 1343 972 αὑτοῦ
1361 920 1568 976 οὐσίαν.
1589 921 1713 986 Πῶς
1728 919 1819 976 οὖν
1836 922 1988 976 έσται

407 1008 467 1060 τὸ
508 1008 567 1072 ἐξ
613 1008 776 1062 αὑτοῦ
810 1009 1058 1080 γέννημα
1097 1010 1334 1074 κτιστὸν,
1372 1011 1464 1065 τοῦ
1501 1013 1713 1085 Πατρὸς
1733 1015 1987 1067 ἀκτίστου

409 1099 744 1168 ὑπάρχοντος
761 1117 774 1164 ;
794 1097 854 1151 Ei
873 1099 934 1151 δὲ’
961 1098 1179 1151 κτιστὸν
1205 1116 1315 1172 παρ
1341 1103 1489 1175 αὑτῷ
1505 1103 1564 1157 τὸ
1587 1104 1997 1176 γέννημα,οὑκ-

410 1195 491 1248 ἐτι
564 1191 802 1262 γέννημα
833 1189 1092 1244 καλεῖται.
1115 1192 1224 1244 Καὶ
1255 1191 1422 1264 πολλή
1454 1196 1569 1247 ἐστι
1599 1195 1734 1266 πρὸς
1757 1195 1854 1266 τὴν
1875 1214 1988 1249 τοι·

409 1282 578 1352 αὐτην
603 1284 701 1354 τῆς
745 1284 974 1348 ἀτοπίας
1011 1285 1266 1338 ὑπόνοιαν
1294 1285 1592 1354 ἀντιλογία.
1631 1287 1898 1357 Ἀπρεπὲς
1932 1287 1990 1341 δὲ

411 1374 506 1426 καὶ
525 1373 646 1444 Θεῷ
670 1375 730 1427 τὸ
758 1370 897 1428 εἶναί
924 1392 1053 1428 ποτε
1075 1375 1202 1429 ἄνευ
1220 1376 1371 1442 Υίοῦ,
1390 1375 1616 1449 ὕστερον
1634 1377 1689 1430 δὲ
1709 1378 1990 1432 καλεῖσθαι

411 1467 631 1539 Πατέρα
675 1469 814 1539 μετά
856 1469 1005 1523 Υῑόν.
1063 1469 1173 1522 Καὶ
1208 1469 1455 1539 ἀπρεπὲς
1485 1469 1564 1541 τῷ
1594 1470 1709 1541 Υἱῷ
1745 1470 1807 1523 τὸ
1851 1467 1990 1524 εἶναι

411 1561 520 1631 πρὸ
563 1559 735 1614 αὑτοῦ
761 1561 979 1634 χρόνον·
1011 1559 1163 1615 ἔσται
1203 1561 1319 1632 γάρ
1352 1563 1380 1614 ὁ
1423 1561 1615 1632 χρόνος
1650 1560 1849 1632 μείζων
1891 1561 1991 1631 τῆς

410 1651 576 1708 αὑτοῦ
634 1652 1086 1724 μεγαλειότητος’
1146 1635 1579 1725 συμπρεπόντως
1613 1652 1670 1706 δὲ
1710 1651 1884 1724 Πατρὶ
1931 1654 1993 1704 τὸ

411 1745 500 1800 ἀεὶ
533 1744 678 1816 ἔχειν
712 1747 772 1798 ὲν
817 1745 1109 1816 ταυτότητι
1149 1745 1256 1798 τῶν
1288 1745 1614 1816 ἀξιωμάτων
1646 1743 1708 1796 τὸ
1754 1742 1993 1797 ἀνέκλειο

2093 555 2229 608 Nam
2253 556 2486 626 exempli
2513 556 2704 626 gratia,
2721 555 2968 610 homines
2999 555 3228 625 gignunt
3256 555 3526 622 homines,
3559 573 3670 612 non

2095 656 2320 712 creant;
2371 647 2467 703 sed
2525 647 2655 702 olim
2702 661 2731 699 a
2766 645 2875 701 Deo
2921 647 3092 700 creati
3134 655 3282 700 sunt.
3322 645 3505 713 Q‘uarc
3551 662 3672 718 quae

2093 743 2410 813 gignuntur,
2444 741 2514 795 ab
2553 740 2662 795 illis
2691 739 3012 810 gignuntur,
3049 753 3078 792 a
3106 737 3220 793 Deo
3248 753 3378 794 vero
3411 740 3671 796 universa

2095 841 2280 889 creata
2315 841 2462 889 sunt.
2510 831 2613 888 Sed
2662 845 2784 886 cum
2830 829 2975 885 Deus
3003 829 3280 887 increatus
3327 831 3420 896 sit,
3467 846 3531 886 ae
3569 832 3673 887 sibi

2096 925 2296 980 Filium
2343 933 2587 996 generet.
2623 939 2733 978 non
2758 929 3033 994 procreet,
3079 937 3188 977 non
3233 938 3357 978 eum
3395 923 3570 994 gignit
3607 923 3675 978 ab

2097 1018 2409 1074 substantia
2453 1032 2553 1072 sua
2595 1015 2895 1070 diversum.
2936 1013 3210 1079 Quocirca
3252 1012 3445 1068 ﬁerine
3473 1021 3669 1084 potest,

2095 1119 2158 1164 ut
2193 1111 2336 1180 quod
2373 1109 2442 1164 ab
2467 1109 2589 1180 ipso
2631 1107 3143 1178 gignitur,.creatum
3175 1104 3268 1169 sit,
3304 1120 3428 1160 cum
3459 1105 3675 1159 increa-

2095 1209 2188 1256 tus
2218 1200 2289 1256 sit
2326 1197 2679 1254 Pater?Nam
2727 1199 2772 1253 si
2807 1205 3025 1253 creatus
3056 1207 3141 1251 est
3177 1196 3271 1266 qui
3320 1195 3462 1266 apud
3495 1197 3674 1266 ipsum

2095 1298 2182 1347 est
2218 1292 2460 1361 genitus,
2491 1305 2599 1344 non
2635 1299 2717 1344 est
2750 1287 2896 1358 quod
2932 1286 3170 1356 amplius
3197 1287 3413 1357 genitus
3439 1286 3672 1342 dicatur.

2098 1383 2265 1438 Multa
2297 1390 2572 1452 suntquae
2597 1379 2862 1436 adversus
2895 1387 3006 1433 tam
3040 1379 3334 1434 absurdam
3365 1379 3676 1449 Opinionem

2098 1474 2363 1544 disputari
2391 1480 2641 1543 possunt.
2678 1471 2782 1526 Sed
2813 1471 2870 1525 in
2892 1471 3085 1541 primis
3115 1469 3400 1540 indignum
3432 1468 3544 1524 Deo
3568 1479 3675 1533 est,

2099 1575 2160 1619 nt
2191 1565 2310 1621 sine
2339 1563 2479 1620 Filio
2511 1563 2785 1620 exstiterit
2815 1562 3134 1632 aliquando,
3167 1569 3284 1615 tum
3331 1569 3522 1632 postea
3556 1571 3679 1632 post

2098 1655 2220 1711 Filii
2256 1665 2506 1712 exortum
2543 1647 2707 1711 Pater
2732 1654 3000 1725 appellari
3043 1653 3293 1725 cmperit.
3328 1651 3593 1708 Similiter
3626 1665 3680 1708 et

2099 1746 2382 1816 indignum
2412 1745 2552 1800 Filio
2585 1754 2688 1813 est,
2716 1746 2795 1800 uti
2822 1756 3036 1816 tempus
3071 1746 3246 1818 ipsius
3280 1746 3548 1816 originem
3578 1760 3679 1799 an-

412 1854 547 1889 πτον
581 1837 676 1889 καὶ
702 1836 901 1893 ἀΐδιον,
935 1836 1044 1890 Καὶ
1093 1836 1174 1890 ὅτι
1206 1835 1320 1907 πρὸ»
1365 1834 1500 1889 Θεοῦ
1533 1835 1684 1888 οὐδὲν
1710 1829 1799 1904 ἦν,
1837 1832 1995 1902 δῆλον

2103 1839 2421 1906 teccsserit;
2463 1854 2808 1910 consequens
2843 1837 2989 1893 enim
3016 1845 3101 1894 est
3144 1847 3360 1908 tempus
3393 1837 3678 1908 majestate

415 1926 594 1983 τοῦτο.
628 1929 700 1982 Τὸ
727 1928 861 1992 Θεὸς
895 1927 1094 1992 τοίνυν,
1123 1928 1198 1990 ὡς
1229 1927 1332 1999 ἔφη
1371 1927 1595 1992 Ἀέτιος,
1624 1927 1718 1979 καὶ
1742 1926 1802 1978 τὸ
1833 1925 1992 1994 ἀγέν-

416 2036 577 2089 νητον
606 2019 800 2072 ταυτόν
848 2021 963 2072 ἐστι
1009 2018 1222 2089 δηλοῦν.
1267 2017 1376 2071 Καί
1421 2036 1537 2081 πως
1591 2017 1784 2072 ἑαυτοῦ
1818 2035 1990 2071 κατα-

415 2113 633 2165 πλέκων
670 2115 980 2182 κατηγορεῖ,
1021 2111 1218 2182 μᾶλλον
1248 2109 1348 2182 [δὲ]
1381 2111 1524 2181 ἤπερ
1561 2110 1893 2166 συνίσταται.
1929 2110 1995 2162 Ei

414 2203 524 2273 γὶιρ
546 2203 640 2255 σὺν
655 2199 774 2272 Θεῷ
811 2202 868 2254 τὸ
887 2201 1019 2266 Θεὸς
1047 2243 1060 2262 ,
1091 2200 1166 2263 ὡς
1195 2201 1290 2253 καὶ
1327 2199 1463 2264 ἔστι,
1490 2199 1585 2253 καὶ
1622 2199 1682 2252 τὸ
1701 2199 1995 2269 ἀγέννητον

415 2292 700 2363 προσίεται
746 2297 838 2346 τὸν
885 2290 1143 2362 γεννητὸν
1172 2291 1335 2343 Υἱόνο
1387 2289 1497 2360 ἔχει
1530 2289 1638 2360 γὰρ
1678 2307 1995 2362 συμπεριει-

417 2379 709 2450 λημμένως
741 2381 799 2433 τὸ
817 2377 952 2444 Θεός
981 2397 992 2409 ·
1031 2383 1455 2448 συνεκφωνεῖται
1487 2382 1543 2434 δὲ
1583 2381 1660 2452 τῷ
1687 2381 1860 2452 Πατρὶ
1892 2381 1999 2434 ἀπὸ

414 2470 506 2521 τοῦ
531 2470 662 2534 Θεὸς
695 2512 709 2532 ,
741 2471 834 2522 καὶ
863 2469 1143 2534 ἄκτιστος,
1175 2471 1270 2524 καὶ
1318 2472 1414 2523 σὺν
1463 2471 1639 2541 Ila-cpt
1691 2469 1999 2542 τιμώμενος

413 2560 544 2624 Θεὸς
587 2562 780 2628 Λόγος,
812 2561 912 2614 κάν
936 2577 994 2611 τε
1029 2559 1106 2630 τῷ
1141 2561 1331 2632 Ἀετίῳ
1361 2560 1519 2614 τοῦτο
1543 2560 1617 2632 μὴ
1645 2561 1997 2632 παρίσταται,

414 2649 522 2703 τῶν
572 2653 790 2704 πάντων
843 2652 1158 2722 κτισμάτων
1199 2651 1315 2722 Υἱῷ
1370 2653 1848 2724 προσκυνούντων,
1901 2655 2001 2708 καὶ

415 2742 618 2810 πάσης
659 2745 944 2812 γλώσσης
987 2743 1576 2813 ἐξομολογουμένης,
1623 2745 1713 2798 ὅτι
1764 2747 2000 2813 Ἰησοῦς

411 2836 674 2902 ,Χριστὸς
696 2839 784 2902 εἱς
821 2835 1011 2898 δόξαν
1043 2836 1189 2890 Θεοῦ
1218 2836 1470 2905 Πατρὸς,
1503 2831 1546 2906 ᾧ
1593 2838 1626 2908 ἡ
1666 2836 1791 2902 δόξα
1823 2840 1998 2910 Πατρὶ

418 2931 475 2980 ὲν
521 2927 653 2997 Υἱῴ,
705 2931 800 2982 σὺν
823 2929 964 3000 ἁγίῳ
1008 2928 1309 3000 Πνεῦματι,
1349 2930 1430 2992 είς
1471 2930 1597 2993 τοὺς
1644 2931 1845 2994 αἰῶνας
1888 2929 1996 2984 τῶν

416 3019 648 3073 αἰώνων.
691 3022 882 3093 Ἀμήν.

2093 1931 2248 1987 illius
2278 1947 2401 1987 esse
2433 1931 2648 2001 majus;
2697 1939 2749 1985 et
2795 1943 2924 1984 vero
2959 1927 3104 1983 Patri
3141 1943 3449 1998 congruens
3478 1936 3584 1992 est,
3619 1937 3680 1980 ut

2097 2021 2153 2075 in
2184 2020 2430 2089 ejusdem
2465 2019 2853 2074 communione
2889 2018 3174 2090 dignitatis
3197 2017 3518 2088 participem
3553 2032 3681 2072 eum

2099 2127 2316 2182 semper
2378 2111 2652 2175 habuerit,
2697 2111 2788 2181 qui
2839 2110 3089 2165 desinere
3142 2123 3422 2179 nunquam
3478 2118 3680 2180 potest,

2100 2211 2295 2272 estque
2337 2203 2724 2272 sempiternus.
2778 2200 2937 2267 Quod
2978 2215 3111 2255 vero
3178 2199 3288 2256 Deo
3335 2200 3470 2254 nihil
3525 2202 3682 2270 prius

2095 2293 2373 2348 exstiterit
2404 2292 2916 2348 manifestissimum
2950 2299 3055 2346 est.
3085 2290 3327 2354 Atenim,
3362 2292 3437 2345 ait
3463 2291 3681 2356 Aetius,

2097 2382 2242 2440 Dens
2295 2391 2348 2438 et
2399 2383 2698 2454 ingenitum
2740 2383 2884 2438 idem
2919 2383 3146 2437 omnino
3195 2381 3534 2451 signiﬁcant.
3571 2379 3682 2436 Ve-

2100 2492 2220 2530 rum
2263 2492 2428 2546 quam
2478 2483 2666 2545 aperte
2714 2475 3068 2546 semetipsum
3113 2475 3400 2544 implicans
3459 2480 3685 2528 accusat

2099 2568 2299 2638 potius,
2335 2567 2500 2636 987
2529 2581 2693 2636 quam
2747 2565 2942 2637 dogma
2986 2582 3145 2620 suum
3189 2567 3497 2620 conﬁrmet.
3545 2563 3682 2618 Nam

2100 2660 2146 2714 si
2181 2658 2452 2732 cumDeo
2497 2657 2640 2712 Deus
2670 2665 2774 2724 est,
2816 2665 2875 2711 ut
2904 2666 2989 2713 est
3016 2673 3230 2722 revera,
3269 2657 3432 2712 etiam
3473 2656 3685 2727 ingeni-

2105 2757 2221 2803 tum
2267 2749 2504 2819 genitum
2536 2747 2734 2802 Filium
2784 2749 3044 2813 admittit,
3075 2749 3166 2819 qui
3221 2748 3313 2804 Dei
3352 2748 3683 2819 vocabulum

2107 2855 2214 2894 una
2251 2841 2652 2911 complectitur,
2683 2855 2808 2894 cum
2855 2837 3019 2895 Patre
3065 2855 3195 2895 vero
3241 2841 3406 2896 simul
3443 2839 3685 2910 appella-

2105 2944 2213 2996 tur,
2245 2941 2298 2987 et
2324 2933 2698 3003 conjungitur,
2731 2939 2955 2987 exortus
2985 2947 3016 2985 a
3049 2931 3178 2995 Deo,
3208 2943 3260 2988 et
3296 2933 3595 2997 increatus,
3629 2940 3691 2987 et

2103 3026 2408 3080 honoratus
2441 3039 2565 3079 cum
2607 3023 2769 3078 Patre
2800 3022 2963 3087 Deus,
2997 3021 3251 3094 idemque
3277 3023 3550 3087 Verbum;
3579 3022 3685 3076 etsi

417 3113 574 3164 aliter
606 3112 764 3166 Aetio
803 3113 1070 3178 videatur,
1098 3129 1220 3168 cum
1248 3121 1444 3168 creatae
1492 3128 1580 3168 res
1620 3129 1813 3170 omnes
1841 3115 2035 3169 Filium
2079 3117 2330 3180 adorent,
2357 3126 2404 3171 et
2431 3116 2599 3170 omnis
2637 3116 2818 3185 lingua
2855 3116 3189 3185 conﬁteatur,
3232 3116 3483 3186 quoniam
3525 3113 3696 3169 J’esus-

418 3203 659 3257 C/tristus
687 3205 739 3258 iu
767 3205 939 3275 gloria
956 3215 1032 3260 est
1057 3205 1150 3260 Dei
1180 3205 1363 3260 Patris
1389 3207 1408 3236 ³
1443 3224 1455 3259 :
1489 3206 1574 3260 cui
1609 3207 1780 3278 gloria
1807 3207 1947 3262 Patri
1986 3208 2040 3263 in
2094 3209 2254 3274 Filio,
2283 3225 2407 3264 cum
2448 3208 2656 3279 Spiritu
2707 3214 2919 3274 sancto,
2970 3209 3026 3261 in
3080 3209 3279 3264 saecula
3335 3209 3686 3264 smculorum.

417 3300 607 3354 Amen.

526 3411 636 3465 Τοῦ
682 3411 900 3464 Ἀετίου
937 3411 1200 3464 ἐνταῦθα
1218 3411 1382 3464 τελεῖ
1409 3411 1425 3442 ί
1458 3411 1525 3465 τὸ
1563 3411 1873 3481 ὲρῤῶσθαι.

503 3502 879 3574 Ἐρρωμένους
919 3504 1013 3556 καὶ
1049 3504 1368 3574 ἐρρωμένας
1399 3505 1543 3574 ὑμᾶς
1573 3507 1602 3556 ὁ
1634 3504 1710 3558 ῶν
1743 3504 2000 3574 αὐτογέν-

419 3613 576 3665 νητος
621 3596 774 3658 Θεὸς,
827 3597 856 3648 ὁ
896 3597 991 3649 καὶ
1049 3596 1209 3666 μόνος
1253 3595 1342 3648 διὰ
1386 3597 1544 3650 τοῦτο
1592 3597 1844 3668 ἀληθινὸς
1873 3598 2004 3662 Θεὸς

420 3685 886 3758 προσαγορευθεὶς
932 3687 1038 3740 ὑπὸ
1074 3687 1170 3741 τοῦ
1215 3689 1612 3752 ἀποσταλέντος
1655 3689 1829 3762 Ἰησοῦ
1866 3692 2002 3762 Χρι-

422 3777 573 3837 στοῦ,
603 3779 936 3841 ὑποστάντος
973 3795 1032 3831 τε
1059 3778 1277 3849 ἀληθῶς
1311 3781 1418 3850 πρὸ
1457 3780 1688 3844 αἰώνων,
1719 3781 1812 3834 καὶ
1855 3781 2004 3846 ὄντος

421 3871 692 3942 γεννητῆς
721 3871 1093 3935 ὑποστάσεως,
1120 3871 1442 3944 διατηρήσει
1486 3873 1595 3925 ἀπὸ
1619 3872 1716 3942 τῆς
1751 3872 2004 3936 ἀσεϐείας

422 3962 480 4013 ἐν
526 3959 748 4031 Χριστῷ
802 3961 976 4031 Ἰησοῦ
1023 3961 1103 4033 τῷ
1155 3963 1370 4034 Σωτῆρι
1425 3963 1610 4035 ἡμῶνο
1661 3962 1725 4016 δι’
1760 3954 1822 4016 οῦ
1855 3964 2004 4017 πᾶσα

419 4052 547 4117 δόξα
567 4052 643 4124 τῷ
661 4052 782 4124 Θεῷ
801 4053 894 4108 καὶ
914 4055 1110 4126 [Ia-cpt,
1127 4055 1220 4108 καὶ
1242 4056 1357 4121 νῦν,
1379 4055 1494 4129 [καὶ
1512 4055 1646 4129 ach]
1668 4057 1763 4111 καὶ
1781 4059 1861 4121 εἰς
1879 4058 2005 4120 τοὺς

421 4144 622 4208 αἰῶνας
653 4143 760 4197 τῶν
789 4143 1020 4200 αἰώνων.
1061 4145 1252 4218 Ἀμήν.

1050 4352 1189 4408 Ἀνα
1196 4367 1340 4420 τροπ
1349 4358 1380 4423 ἡ
1390 4390 1402 4403 .

497 4444 606 4495 Καὶ
636 4442 730 4496 ἐπὶ
775 4441 854 4513 τῷ
883 4442 1026 4496 τέλει
1071 4444 1100 4495 ὁ
1149 4443 1373 4506 Ἀέτιος,
1404 4444 1631 4512 γράφων
1684 4444 1762 4517 τῷ
1809 4446 2004 4501 ἑαυτοῦ

427 4536 620 4607 θιάσῳ,
652 4533 732 4601 οἷς
758 4537 860 4608 ἔφη
887 4537 1146 4608 ἀθληταῖς
1173 4554 1232 4589 τε
1267 4537 1361 4589 καὶ⁸
1386 4537 1724 4609 ἀθλητρίαις,
1772 4539 1872 4592 οὑκ
1903 4541 2009 4593 ἀπ-

429 4628 645 4680 ελίπετο
693 4629 792 4698 τῆς
832 4627 1087 4699 τοιαύτης
1119 4628 1228 4680 τῶν
1269 4627 1442 4696 λόγων
1497 4629 1830 4700 μοχθηρίας,
1872 4628 2007 4682 ἀλλά

428 4721 521 4773 καὶ
549 4721 606 4772 ὲν
633 4720 709 4790 τῷ
743 4719 1016 4791 ὲρῤῶσθαι
1041 4718 1320 4783 ἀπέδειξεν
1343 4718 1504 4772 αὑτοῦ
1538 4719 1638 4789 τῆς
1662 4719 2008 4782 διδασκαλίας

427 4811 490 4863 τὸ
539 4788 838 4881 ἀλλότριον.
888 4811 1091 4863 Φάσκει
1139 4810 1278 4881 γάρ’
1338 4788 1741 4878 Ἐῥρωμέκους
1783 4808 1938 4878 ὑμᾶς
1971 4813 2004 4862 ό
2039 4788 2083 4842 θ

426 4901 512 4954 ὢν
559 4900 996 4971 αὐτογέννητος
1053 4901 1217 4965 Θεός.
1255 4900 1328 4952 Οὑ
1383 4899 1631 4965 συνιδὼν,
1689 4901 1772 4952 ὅτι
1820 4901 1878 4951 ὲν
1924 4900 2006 4952 ἐν).

429 4992 574 5063 λόγῳ
601 4993 756 5045 ἔλυσε
794 4993 856 5044 τὸ
891 4994 998 5046 πᾶν
1037 4993 1134 5061 τῆς
1167 4991 1331 5045 αὑτοῦ
1362 4993 1680 5062 ὑποσπορᾶς
1710 4989 1803 5043 τοῦ
1841 4991 2007 5062 ζητή-

433 5102 620 5154 ματος.
651 5086 836 5156 Φήσας
873 5084 981 5155 γάρ
1010 5085 1068 5136 ἐν
1095 5087 1209 5147 τοῖς
1247 5084 1506 5137 ἀνωτάτω
1535 5082 1847 5150 κεφαλαίοις
1879 5081 2006 5152 περὶ

429 5177 724 5246 ἁγεννήτου
750 5175 909 5235 Θεοῦ,
985 5176 1044 5228 οὑ
1075 5175 1309 5246 πρόοιδε,
1381 5176 1474 5228 καὶ
1493 5176 1574 5228 ὅτι
1602 5193 1619 5225 ι
1649 5173 1786 5227 Οὑτε
1816 5173 2007 5226 ἑαυτὸν

429 5268 625 5326 ἐποίει,
642 5286 658 5316 ι
675 5265 908 5319 ἐνταῦθα
931 5266 1323 5333 αὑτογένυητον
1337 5265 1471 5333 ἡμῖν
1495 5262 1834 5333 παρεισάγει.
1852 5261 2010 5314 Πᾶσα

429 5357 485 5409 δὲ
520 5357 728 5410 διάνοια
761 5357 817 5409 έν
848 5355 989 5428 λήθῃ
1019 5355 1217 5424 ἑαυτῆς
1250 5353 1478 5422 γίνεται,
1515 5353 1663 5416 ὃπως
1707 5350 2004 5422 φωραθείη.

431 5444 569 5502 Εἶτά
597 5465 730 5520 φησι
754 5464 768 5477 ο
797 5465 816 5498 ι
858 5448 915 5501 Ὀ
945 5447 1038 5500 καὶ
1075 5447 1234 5518 μόνος
1273 5446 1362 5499 διὰ
1407 5444 1564 5498 τοῦτο
1599 5443 1849 5516 ἀληθινὸς
1880 5443 2012 5506 Θεὸς

436 5539 915 5613 προσαγορευθείς.
945 5559 963 5591 ι
1001 5541 1160 5594 Κατά
1183 5539 1239 5593 δὲ
1266 5538 1358 5591 τὸν
1387 5536 1552 5590 αὐτοῦ
1583 5537 1739 5604 λόγον
1771 5535 1865 5588 καὶ
1892 5533 2010 5587 διά-

434 5649 604 5697 νοιαν,
626 5631 660 5702 ἦ
692 5633 907 5702 ἀναιρεῖ
928 5631 989 5684 τὸ
1010 5628 1146 5684 εἶναι
1171 5629 1258 5684 τὸν
1282 5628 1407 5684 Υῑὸν
1428 5628 1580 5691 Θεὸν,
1602 5629 1694 5682 καὶ
1729 5627 1906 5698 μάτην
1923 5643 2012 5678 συ⁸

513 5789 534 5819 ι
561 5786 695 5858 neg.
729 5789 786 5841 ὲν
811 5784 888 5857 τῷ
915 5785 1076 5841 τέλει.
1163 5786 1184 5817 ³
1217 5782 1448 5854 Philipp.
1478 5796 1542 5847 ﬂ,
1574 5782 1656 5836 il.

2456 3419 2596 3473 Aetii
2637 3417 2894 3474 salutatio
2925 3417 2977 3469 in
3005 3416 3109 3485 ﬁne
3137 3415 3329 3484 posita.

2175 3505 2304 3562 Post
2334 3507 2450 3563 haec
2483 3509 2870 3564 salutationem
2905 3504 3150 3560 subtexit
3181 3503 3267 3558 his
3296 3503 3478 3556 verbis
3506 3500 3686 3557 :Deus

2106 3599 2218 3660 ille.
2250 3603 2344 3669 qui
2377 3615 2407 3654 a
2438 3597 2588 3652 nullo
2633 3601 2740 3654 alio
2778 3598 2994 3668 genitus
3025 3605 3131 3659 est,
3181 3596 3383 3665 quique
3414 3596 3564 3650 solus
3591 3611 3688 3649 ve-

2107 3708 2201 3748 rus
2249 3691 2392 3747 Deus
2434 3693 2505 3747 ab
2527 3690 2657 3748 Jesu
2691 3690 2936 3750 Christo,
2986 3703 3148 3758 quem
3180 3687 3272 3742 ille
3301 3685 3548 3750 miserat,
3589 3701 3688 3756 ap-

2108 3783 2341 3852 pellatus
2387 3791 2473 3837 est
2495 3782 2537 3847 ³,
2584 3781 2830 3843 Christo,
2871 3779 3119 3848 inquatn,
3175 3777 3270 3846 qui
3323 3791 3516 3831 revera
3559 3784 3688 3831 ante

2107 3876 2308 3930 saecula
2356 3873 2540 3928 omnia
2589 3872 2822 3937 exstitit,
2875 3877 3068 3939 estque
3118 3868 3238 3924 sine
3286 3867 3455 3922 dubio
3503 3866 3686 3936 genita

2106 3964 2441 4027 substantia,
2492 3977 2658 4018 sanos
2707 3977 2825 4025 vos,
2861 3967 2915 4012 et
2959 3973 3148 4018 sanas,
3173 3966 3226 4012 et
3268 3956 3576 4011 incolumes
3615 3956 3688 4010 ab

2106 4056 2390 4127 impietate
2423 4052 2723 4116 custodiat,
2754 4051 2810 4105 in
2839 4048 3056 4104 Christo
3069 4043 3358 4100 Servatore
3372 4052 3578 4110 nostro,
3591 4059 3691 4114 per.

2107 4161 2270 4216 quem
2305 4145 2486 4199 omnis
2513 4142 2688 4214 gloria
2715 4140 2888 4204 Patri,
2921 4148 2976 4194 et
3003 4151 3148 4192 nunc
3176 4142 3232 4190 et
3262 4149 3499 4204 semper,
3543 4143 3598 4190 et
3629 4134 3687 4189 in

2108 4236 2308 4292 saecula
2338 4233 2685 4291 saeculorum.
2717 4231 2913 4285 Amen.

2735 4341 3066 4410 Confutatio.

2182 4437 2298 4493 Sub
2325 4435 2576 4507 opusculi
2617 4433 2778 4488 ﬁnem
2809 4433 2877 4487 ad
2905 4431 3122 4488 sodales
3147 4443 3279 4485 suos
3303 4425 3552 4484 scribens
3575 4425 3684 4481 A‘e-

2106 4532 2239 4594 tius,
2279 4544 2419 4599 quos
2465 4527 2720 4587 athletas.
2759 4532 2814 4581 et
2849 4523 3133 4578 athletrias
3165 4520 3432 4583 nominat,
3467 4533 3536 4572 ne
3568 4524 3683 4570 tum

2110 4621 2331 4693 quidem
2361 4619 2430 4674 ab
2463 4619 2646 4688 impiis
2677 4616 2908 4672 vocibus
2944 4613 3230 4678 abstinuit,
3269 4611 3364 4667 sed
3405 4611 3458 4665 in
3492 4609 3688 4665 valedi-

2110 4711 2286 4767 cendo
2321 4722 2538 4780 quoque
2586 4707 2882 4762 abhorrere
2934 4717 2995 4758 se
3048 4704 3117 4758 ab
3161 4703 3376 4757 sincera
3435 4699 3684 4754 doctrina

2112 4801 2458 4858 monstravit.
2490 4800 2581 4854 Sic
2613 4801 2759 4854 enim
2785 4797 3026 4866 loquitur
3054 4814 3066 4850 :
3095 4792 3266 4849 Sanos
3300 4809 3388 4848 nos
3421 4802 3470 4846 et
3503 4791 3686 4846 valen—

2110 4906 2184 4948 tes
2210 4894 2302 4962 qui
2338 4902 2415 4948 est
2470 4909 2503 4946 a
2533 4907 2588 4946 se
2623 4890 2826 4961 genitus
2870 4888 3007 4942 Deus
3061 4888 3345 4940 custodiat.
3393 4883 3504 4939 Nec
3551 4882 3684 4936 illud

2111 4985 2520 5049 animadvertit,
2563 4991 2734 5037 totam
2773 4982 2921 5035 illam
2969 4994 3216 5050 sparsam
3263 4993 3294 5030 a
3332 4993 3392 5032 se
3429 4975 3688 5046 quaestio-

2111 5092 2234 5132 nem
2268 5091 2376 5131 una
2406 5091 2541 5130 voce
2577 5073 2823 5135 dissolvi,
2860 5088 2986 5127 cum
3034 5071 3089 5125 in
3120 5069 3498 5140 superioribus
3539 5065 3690 5136 capi—

2113 5167 2262 5223 tibus
2299 5166 2368 5221 de
2394 5165 2636 5237 ingenito
2666 5163 2778 5218 Deo
2805 5165 3036 5233 loquens
3065 5174 3405 5231 nequaquam
3443 5174 3472 5211 a
3505 5159 3688 5228 seipso

2115 5259 2233 5312 ﬁeri
2275 5257 2550 5320 statuerit,
2589 5255 2691 5310 hoc
2720 5269 2852 5310 vero
2873 5254 2992 5308 loco
3033 5267 3062 5306 a
3109 5253 3292 5322 seipso
3326 5249 3567 5320 genitum
3602 5253 3689 5301 af-

2117 5352 2314 5404 lirmet.
2342 5347 2608 5415 Quaelibet
2637 5346 2782 5402 enim
2807 5344 3046 5400 hominis
3070 5358 3222 5398 mens
3239 5341 3323 5396 sui
3353 5339 3528 5410 ipsius
3557 5337 3690 5391 obli-

2114 5441 2370 5505 viscilur,
2429 5453 2488 5495 ut
2541 5441 2594 5493 in
2646 5453 2836 5492 errore
2882 5433 3214 5506 deprehendi
3277 5431 3470 5504 possit.
3524 5429 3687 5483 Addit

2118 5541 2380 5604 praeterea
2408 5551 2422 5584 :
2461 5529 2596 5596 «Qui
2611 5538 2665 5585 et
2698 5529 2852 5584 solus
2889 5537 3177 5598 propterea
3209 5537 3374 5580 verus
3405 5519 3544 5578 Deus
3598 5533 3688 5589 ap-

2120 5624 2791 5696 pellatur.¢Quamobrem
2837 5633 2897 5677 ut
2944 5621 3092 5676 illius
3135 5618 3348 5672 animus
3396 5611 3690 5685 Opinioqua

1737 5781 1758 5814 ³
1779 5779 1935 5836 Idan.
1971 5795 2103 5848 xvn,
2133 5780 2182 5834 '5.
