4134 6392
496 331 592 386 65!

1915 340 1972 398 S.
2017 340 2365 400 EPIPHANII‘

3643 331 3754 388 652

496 451 622 512 fert,
657 458 750 503 aut
785 447 984 506 Filium
1015 450 1186 509 Deum
1223 467 1348 510 esse
1390 461 1576 528 negat,
1616 461 1672 512 et
1718 456 1928 512 nomini
1973 459 2077 530 ipsi

2181 463 2441 532 κοφαντεῖ
2463 461 2523 514 τὸ
2545 455 2817 530 δνομα,τῷ
2835 453 3154 526 Χριστιανὸς
3169 451 3410 522 τὸδνομα
3437 447 3710 504 καλεῖσθαι
3726 463 3746 481 ο

491 539 824 596 calumniam
867 541 1015 608 facit,
1046 543 1176 598 dum
1218 544 1570 601 Christianus
1611 547 1872 618 appellari
1901 551 2070 620 cupit.

490 631 598 687 Aut
631 632 799 689 Deum
825 651 947 690 esse
983 635 1201 706 quidem
1255 633 1454 693 Filium
1493 647 1666 710 putat,
1707 641 1804 696 sed
1851 643 2077 698 minime

490 740 704 790 verum,
739 733 796 779 ut
822 743 884 781 ex
919 729 1039 798 ejus
1072 731 1368 798 sententia,
1415 730 1562 788 Deus
1605 733 1748 788 alius
1790 735 1864 791 sit
1887 750 2075 802 verus,

491 815 631 868 alius
683 831 790 870 non
847 834 1028 872 verus.
1073 817 1421 890 Quapropter
1465 837 1590 876 cum
1631 823 1862 880 alterum
1917 825 2075 882 alteri

492 908 769 974 subjiciat,
832 919 886 963 et
941 909 1208 980 Spiritum
1261 923 1514 968 sanctum
1564 914 1620 968 in
1665 915 1868 970 minori
1912 927 2076 988 atque

489 997 931 1070 988inleriori
979 1001 1108 1058 sede
1161 1004 1412 1072 collocet,
1459 1022 1684 1064 necesse
1724 1016 1830 1072 est,
1887 1019 1947 1064 ut
1981 1017 2076 1063 aut

491 1092 760 1145 minorem
811 1093 976 1147 alium
1018 1092 1189 1149 Deum
1226 1107 1544 1167 cognoscat,
1590 1107 1706 1164 aut,
1739 1100 1784 1154 si
1816 1097 2074 1154 Trinitati

491 1198 833 1252 nequaquam
884 1189 1354 1242 annumerandum
1397 1190 1692 1254 existimet,
1737 1205 1965 1260 prorsus
2008 1191 2077 1248 ab

489 1275 927 1332 Christianorum
961 1295 1191 1334 numero
1228 1281 1602 1352 segregandus
1635 1283 1708 1338 sit
1754 1281 1944 1340 infelix
1978 1283 2078 1339 ho-

489 1371 734 1436 niuncio,
771 1381 934 1440 atque
980 1373 1048 1426 ad
1077 1373 1362 1445 gentilium
1393 1374 1688 1430 factionem
1721 1374 1808 1430 vel
1858 1374 2075 1430 Saddu-

490 1477 728 1516 eteorum
767 1479 996 1532 prorsus
1043 1465 1400 1536 ablegandus.
1453 1465 1550 1522 Est
1591 1466 1738 1522 enim
1783 1482 1813 1520 a
1865 1465 2074 1538 Spiritu

492 1563 683 1610 sancto
706 1557 900 1610 horum
924 1557 1094 1614 instar
1122 1559 1358 1615 alienus.
1381 1559 1466 1614 Ab
1489 1559 1776 1632 gentilium
1799 1575 1930 1616 vero
1957 1577 2076 1630 par-

490 1647 636 1701 tibus
673 1657 902 1704 eatenus
949 1657 1079 1716 stat,
1125 1650 1256 1704 dum
1297 1665 1468 1706 unum
1520 1666 1643 1706 esse
1686 1661 1876 1706 censet
1925 1666 2077 1705 sum-

489 1752 638 1790 mum
675 1735 865 1804 Deum,
906 1739 1134 1793 alterum
1177 1739 1480 1806 minorem;
1527 1755 1717 1796 verum
1760 1755 1952 1806 unum,
1995 1741 2074 1794 al-

489 1837 668 1884 terum
705 1845 814 1884 non
857 1846 1045 1885 verum
1073 1849 1086 1886 :
1114 1829 1166 1886 id
1201 1831 1348 1902 quod
1379 1831 1554 1888 Graeci
1595 1833 1944 1900 conﬁtentur,
1980 1833 2072 1904 qui
2109 1819 2150 1874 Β

491 1937 661 1976 unum
704 1921 968 1992 majorem
1009 1921 1202 1988 Deum,
1240 1925 1516 1979 minorum
1558 1926 1799 1996 gentium
1851 1935 2078 1982 caeteros

492 2018 798 2088 appellant;
833 2019 928 2076 sed
959 2021 1218 2075 nimirum
1257 2021 1546 2092 perspicue
1591 2021 1743 2076 illum
1792 2035 2075 2076 sacrarum

490 2108 822 2168 Litterarum
857 2115 1137 2168 convincit
1165 2116 1487 2180 auctoritas,
1519 2131 1640 2186 qua:
1671 2130 1798 2170 cum
1824 2115 1892 2170 de
1917 2113 2076 2170 Patre

491 2201 814 2272 loquuntur,
851 2203 1012 2272 Deus,
1044 2205 1320 2276 inquiunt,
1347 2223 1498 2260 verus
1523 2219 1600 2261 est
1627 2207 1646 2239 ¹
1677 2227 1692 2262 -.
1721 2205 1918 2260 Filium
1941 2223 2078 2268 quo-

485 2307 589 2362 que
621 2291 805 2346 itidem
831 2307 953 2348 esse
979 2295 1144 2348 Deum
1169 2309 1451 2362 asserunt;
1487 2313 1609 2368 quae
1627 2297 1848 2368 quidem
1872 2294 1940 2350 de
1962 2293 2070 2348 Pa-

481 2391 602 2438 tre:
634 2382 752 2437 Lux
783 2395 858 2438 est
894 2385 1066 2452 Deus;
1095 2386 1161 2440 de
1181 2387 1320 2442 Filio
1343 2399 1520 2444 autem
1553 2410 1565 2444 :
1607 2388 1725 2444 Lua:
1759 2398 1874 2443 erat
1901 2403 2060 2452 vera;

485 2471 746 2542 Spiritum
774 2475 1006 2545 denique
1037 2485 1284 2534 sanctum
1313 2481 1562 2549 spiritum
1601 2481 1840 2536 ueritatis
1869 2477 2059 2548 appel-

2175 553 2208 626 ἢ
2251 555 2332 606 ὅτι
2387 551 2518 606 Θεὸν
2555 550 2652 624 μὲν
2693 549 2808 620 ἔχει
2839 549 2928 602 τὸν
2968 547 3132 610 Υίὸν,
3167 543 3282 599 ἀλλ’
3319 543 3417 596 οὑκ
3461 539 3748 610 ἀληθινόνο

2179 647 2271 700 καὶ
2303 645 2460 700 ἔσται
2487 643 2635 714 αὑτῷ
2663 637 2742 706 εἷς
2775 639 2908 704 Θεὸς
2944 637 3214 710 ἀληθινὸς,
3247 637 3344 690 καὶ
3373 627 3452 698 εἷς
3489 633 3590 684 οὑκ
3617 631 3750 702 ἀλη-

2177 737 2342 802 θινός.
2379 737 2538 792 Κατὰ.
2563 735 2618 789 δὲ
2645 733 2912 788 ὑπόῆασιν
2939 733 3036 786 ἕνα
3070 730 3158 800 ὑφ’
3193 727 3309 791 ἑνὸς
3347 725 3636 796 εὑρίσκων,
3669 721 3750 778 ἔτι

2177 831 2272 884 καὶ
2305 830 2365 884 τὸ
2403 831 2558 898 ἀγιον
2593 825 2820 898 Πνεῦμα
2859 825 2916 878 ὲν
2965 819 3268 896 μικροτέρα
3316 819 3410 874 καὶ
3449 814 3756 886 ἀποδεούσῃ

2175 923 2330 989 τάξει
2369 923 2611 988 τάττων,
2647 918 2682 990 ἢ
2715 919 2797 972 ὅτι
2829 915 3150 988 μικρότερον
3197 909 3355 966 πάλιν
3393 907 3526 962 Θεὸν
3557 905 3688 970 ἔξει,
3717 905 3752 976 ἦ

2175 1020 2241 1088 τῇ
2280 1015 2472 1090 Τριάδι
2507 1013 2584 1086 μὴ
2612 1009 2959 1083 συναριθμῶν
2979 1049 2992 1072 ,
3026 1005 3186 1060 τοῦτο
3213 1004 3366 1058 ἔσται
3413 1001 3756 1090 παντάπασιν

2177 1089 2459 1178 ἀλλότριον
2485 1101 2828 1176 Χριστιανῶν
2859 1100 2921 1152 τὸ
2963 1094 3193 1150 ἐλεεινὸν
3227 1091 3627 1164 ἀνθρωπάριον,
3661 1089 3756 1142 καὶ

2176 1197 2360 1252 λοιπὸν
2378 1196 2578 1268 Ἕλλην
2601 1197 2780 1266 ἀποκη
2790 1191 3014 1264 ρυχθείη
3037 1188 3392 1250 τελειότατος,
3415 1186 3508 1238 καὶ
3529 1181 3756 1236 Σαδδου-

2177 1293 2328 1355 καῖος
2359 1289 2438 1360 τῷ
2465 1287 2704 1362 ἀριθμῷ,
2744 1286 3023 1358 ἀλλότριος
3057 1283 3154 1354 μὲν
3188 1281 3282 1336 τοῦ
3315 1281 3628 1352 Πνεύματος
3660 1277 3756 1332 τοῦ

2178 1382 2354 1452 ἁγίου,
2387 1382 2462 1446 ὡς
2495 1382 2592 1434 καὶ
2637 1379 2808 1444 ἔστιν,
2855 1376 3086 1448 Ἕλλησι
3118 1375 3175 1429 δὲ
3218 1372 3640 1444 συγκρινόμενος
3687 1372 3758 1440 τῇ

2181 1473 2382 1546 μερίδι,
2412 1473 2505 1526 ἕνα
2541 1472 2638 1544 μὲν
2659 1471 2789 1524 Θεὸν
2816 1469 3040 1540 φάσκων
3071 1467 3260 1538 μέγαν,
3299 1465 3392 1518 καὶ¹
3416 1463 3510 1518 ἕνα
3543 1461 3758 1534 μικρὸν,

2177 1566 2280 1618 ἕνα
2323 1564 2594 1634 ἀληθινὸν,
2626 1564 2719 1616 καὶ
2763 1562 2859 1615 ἕνα
2907 1560 3008 1614 οὑκ
3051 1557 3334 1630 ἀληθινὸν,
3387 1557 3462 1622 ὡς
3497 1556 3758 1624 Ἕλληνες

2178 1655 2553 1728 ὁμολογοῦσιν,
2575 1655 2672 1708 ’ἐνα
2697 1653 2871 1726 μέγαν
2897 1651 3048 1716 Θεὸν,
3074 1652 3200 1716 τοὺς
3229 1650 3286 1702 δὲ
3307 1649 3496 1712 ἄλλους
3531 1645 3758 1720 μικρούς

2177 1749 2532 1820 ὀνομάζοντες
2556 1765 2568 1777 ’
2613 1747 2712 1816 τῆς
2757 1745 2907 1809 θείας
2939 1745 3162 1816 Γραφῆς
3201 1741 3361 1796 αὑτὸν
3394 1741 3578 1809 σαφῶς
3609 1741 3762 1808 ἐλεγ-

2182 1839 2402 1912 χούσης,
2437 1839 2531 1892 καὶ
2563 1838 2690 1909 περὶ
2722 1837 2934 1906 [ἰατρὸς
2969 1835 3066 1905 μὲν
3085 1831 3346 1902 λεγούσης
3369 1872 3384 1896 ,
3415 1831 3491 1892 ὡς
3525 1830 3584 1882 Ὀ
3617 1829 3762 1894 Θεὸς

2181 1933 2488 1998 ἀληθινός
2520 1931 2614 1982 καὶ
2641 1928 2767 2000 περὶ
2793 1925 2924 1980 Υίοῦ
2949 1926 3010 1980 τὸ
3037 1925 3182 1992 Θεὸς
3204 1923 3492 1986 ὡσαύτως*
3516 1921 3610 1975 καὶ
3634 1937 3700 1974 πε
3711 1921 3764 1990 p‘.

2181 2024 2413 2096 [ἰατρὸς.
2447 2023 2514 2078 Τὸ
2539 2021 2664 2092 ,ςςῶς
2691 2025 2722 2076 ό
2759 2021 2922 2088 Θεός’
2962 2020 3090 2091 περὶ
3117 2019 3172 2072 δὲ
3203 2017 3354 2081 Υίοῦ,
3381 2011 3503 2070 Ἦν
3527 2015 3592 2069 τὸ
3637 2013 3764 2084 φῶς

2177 2119 2244 2173 τὸ
2287 2117 2605 2185 ἀληθινόν
2655 2115 2750 2168 καὶ
2795 2111 2926 2186 περὶ
2965 2110 3120 2180 ἁγίου
3168 2107 3518 2178 Πνεύματος,
3563 2107 3648 2158 ὅτι
3691 2105 3762 2158 Τὸ

2177 2209 2420 2278 Πνεῦμα
2455 2205 2565 2276 τῆς
2615 2205 2924 2274 ἀληθείας.
2978 2201 3270 2274 Ἀληθινῶς
3319 2201 3500 2254 τοίνυν
3551 2199 3681 2270 ἡμῖν
3727 2198 3768 2267 ἠ

2179 2295 2349 2368 rota;
2399 2291 2828 2362 καταγγέλλεται
2867 2294 2924 2347 ὲν
2970 2291 3134 2363 σοφίᾳ
3175 2291 3268 2346 καὶ
3317 2289 3472 2362 βάθει
3509 2287 3760 2344 πλούτου.

483 2569 597 2621 lant.
620 2572 660 2623 '.
686 2569 870 2640 itaque
895 2571 1133 2626 Trinitas
1161 2587 1282 2628 vere
1309 2575 1465 2629 nobis
1498 2574 1552 2630 in
1579 2573 1845 2644 sapientia
1879 2579 1931 2626 et
1953 2565 2274 2644 dimiamm
2317 2562 2604 2644 altitudine
2637 2563 2918 2644 nuntiatur
2937 2568 2980 2617 ³.

563 2653 628 2710 ll.
666 2654 848 2728 Pergit
876 2657 1065 2713 Aetius
1097 2678 1110 2712 :
1149 2655 1216 2712 Et
1251 2675 1285 2712 α
1317 2655 1452 2732 Iesu
1487 2656 1720 2723 Christo,
1759 2661 1960 2730 inquit,
1991 2659 2080 2730 qui

492 2750 685 2804 missus
708 2760 808 2806 est.
847 2749 954 2806 Nec
981 2751 1178 2821 puduit
1218 2752 1399 2822 ipsum
1439 2750 1730 2822 Unigenito
1756 2751 1848 2808 Dei
1877 2768 2076 2808 nomen

489 2843 800 2907 detrahere,
831 2858 992 2912 quem
1019 2844 1168 2897 nudo
1225 2859 1289 2896 ac
1322 2845 1560 2914 simplici
1590 2844 1856 2899 vocabulo
1895 2845 2079 2900 deela—

490 2931 670 2982 ravit:
707 2929 758 2982 id
791 2931 938 3000 quod
967 2932 1022 2985 in
1063 2931 1443 3001 superioribus
1487 2934 1762 3004 capitibus
1795 2934 2080 3004 professus

489 3029 594 3088 est,
651 3037 774 3076 cum
821 3023 967 3078 illius
1016 3023 1188 3079 decus
1217 3037 1282 3079 ac
1309 3023 1630 3095 dignitatem
1665 3024 1906 3080 nominis
1938 3023 2079 3080 Filio

2250 2643 2322 2698 B'.
2349 2639 2482 2698 Εἶτα
2507 2643 2666 2698 πάλιν
2698 2641 3007 2707 ἀκολούθως
3032 2641 3184 2714 φησί·
3205 2641 3316 2696 Καὶ
3341 2641 3460 2697 ὑπὸ
3485 2641 3590 2697 τοῦ
3615 2641 3768 2696 ἀπο.

2179 2736 2514 2804 σταλέντος
2547 2735 2752 2804 Ἰησοῦ
2794 2735 3073 2804 Χριστοῦ.
3141 2735 3251 2788 Καὶ
3283 2735 3384 2790 οὑκ
3419 2733 3620 2807 ᾐδέσθη
3657 2735 3768 2788 ἀπ-

2181 2827 2416 2894 αξιώσας
2460 2829 2552 2882 τὸν
2601 2829 2881 2898 Μονογενῆ
2905 2827 3041 2882 Θεοῦ
3083 2827 3365 2898 ὀνόματος,
3405 2825 3540 2880 ἀλλά
3585 2827 3768 2898 μόνως

2178 2919 2309 2990 ψιλῇ
2353 2922 2418 2992 τῇ
2443 2915 2588 2983 λέξει
2620 2919 2907 2990 κέχρηται,
2943 2919 3019 2982 ὼς
3045 2919 3102 2970 ὲν
3133 2920 3244 2981 rei;
3275 2917 3534 2970 ἀνωτάτω
3558 2915 3764 2988 ὡμολό-

2180 3029 2318 3083 γησε
2367 3001 2723 3080 κεφαλαίοις,
2775 3011 2881 3074 ἕως
2925 3009 3087 3082 ψιλῆς
3119 3009 3415 3081 ὀνομασίας
3457 3011 3640 3082 νέμων
3685 3011 3764 3080 τῷ

488 3114 857 3183 appellatione
904 3115 1020 3172 sola
1065 3115 1365 3171 concessit.
1412 3113 1678 3171 Eumdem
1725 3126 1906 3172 tamen
1951 3126 2076 3172 ante

2182 3105 2297 3176 Υἱῷ
2327 3105 2388 3157 τὸ
2432 3105 2600 3175 γέρας
2631 3103 2728 3157 τοῦ
2771 3103 3054 3174 ὀνόματος.
3108 3103 3274 3172 Λέγει
3319 3103 3376 3156 δὲ
3416 3103 3521 3173 πρὸ
3551 3099 3764 3156 αἰώνων

489 3209 688 3262 satcula
727 3209 1116 3264 subsistentem
1148 3207 1323 3265 fuisse
1379 3223 1445 3264 ac
1486 3209 1684 3280 genitae
1721 3225 1909 3264 revera
1943 3211 2076 3266 sub-

489 3297 704 3350 stantiae
732 3300 1014 3354 exstitisse
1044 3307 1252 3353 narrat.
1281 3297 1446 3354 Addit
1471 3299 1670 3356 deinde
1695 3320 1707 3353 :
1735 3301 2078 3356 Conservabit

488 3405 578 3443 eos
610 3389 674 3442 ab
704 3391 992 3460 impietate.
1030 3389 1182 3447 Solet
1214 3391 1358 3448 enim
1396 3391 1667 3463 ﬂagitiosa
1697 3409 1927 3464 quaeque
1967 3411 2082 3448 mu-

490 3487 589 3542 lier
612 3487 922 3542 convicium
955 3495 1306 3542 antevertens
1341 3501 1524 3541 mores
1564 3502 1694 3542 suos
1728 3487 1850 3543 aliis
1883 3503 2080 3559 expro—

489 3579 670 3634 brare.
705 3578 797 3633 Sic
823 3580 1014 3644 Aetius
1049 3579 1344 3648 impietatis
1377 3594 1490 3633 sua:
1514 3580 1942 3650 magnitudinem
1968 3597 2080 3636 non

493 3673 758 3737 sentiens,
799 3671 948 3740 pium
997 3687 1119 3726 esse
1163 3687 1222 3725 se
1256 3687 1318 3724 ac
1361 3671 1678 3742 religiosum
1731 3671 2076 3728 arbitratur:

492 3773 550 3816 ut
594 3761 688 3832 qui
720 3762 890 3815 animi
924 3763 1119 3824 delirio
1153 3763 1408 3817 laborant
1440 3762 1549 3828 sui,
1579 3779 1637 3818 se
1690 3771 1976 3835 compotes
2015 3780 2078 3820 ac

493 3857 813 3926 prudentes.
850 3861 1080 3909 caeteros
1125 3863 1309 3908 mente
1337 3865 1530 3924 captos
1558 3855 1896 3910 existimant.
1931 3853 2077 3911 Idem

495 3957 660 4012 porro
691 3957 837 4006 cum,
871 3939 935 3994 In
970 3939 1180 3994 Christo
1209 3939 1362 4004 Jesu,
1397 3941 1650 4008 dixisset,
1669 3941 1956 3997 Dominum
1985 3961 2080 3998 no-

490 4042 663 4085 strum
699 4031 940 4102 adjicere
965 4049 1074 4086 non
1121 4041 1205 4087 est
1238 4049 1431 4100 ausus,
1465 4033 1560 4089 sed
1593 4035 1919 4102 cavillando,
1963 4035 2080 4092 Sat-

493 4135 670 4176 vatore
704 4133 886 4176 nostro
908 4122 1069 4194 dixit,
1105 4121 1209 4177 Per
1240 4141 1392 4194 quem
1416 4125 1591 4195 gloria
1621 4127 1791 4181 omnis
1829 4125 2004 4192 Patri,
2027 4137 2078 4182 et

491 4232 650 4280 nunc,
680 4225 730 4268 et
766 4231 989 4284 κοψεν,
1035 4217 1089 4268 in
1130 4217 1331 4270 sarcula
1361 4216 1708 4272 swculorum.
1745 4217 1932 4274 Amen.
1974 4217 2078 4275 Ubi

491 4315 660 4377 quod,
697 4311 868 4361 omnis
898 4309 1091 4378 gloria,
1124 4307 1372 4378 scripsit,
1401 4307 1455 4362 id
1483 4323 1549 4363 eo
1577 4309 1814 4364 consilio
1841 4311 1988 4376 fecit,
2020 4321 2078 4366 ut

493 4401 562 4454 ab
599 4415 663 4453 eo
705 4399 910 4454 lmnore
959 4415 1023 4452 ac
1075 4402 1247 4470 gloria
1292 4399 1487 4454 Filium
1541 4401 1875 4457 excluderet.
1918 4402 2077 4468 Quod

2183 3199 2492 3252 ὑποστάντα
2530 3197 2768 3270 ἀληθῶς,
2801 3199 2894 3252 καὶ
2927 3197 3056 3250 ὄντα
3088 3197 3304 3270 ἀληθῶς
3332 3201 3597 3270 γεννητῆς
3628 3199 3764 3251 ὑπο-

2182 3293 2440 3354 στάσεως.
2467 3291 2818 3359 Διατηρήσει
2845 3290 2922 3354 δὲ,
2958 3291 3143 3360 φησιν,
3183 3290 3302 3344 ἀπὸ
3331 3289 3442 3360 τῆς
3462 3291 3762 3357 ἀσεϐείας.

2180 3382 2353 3436 Εἴωθε
2405 3381 2463 3434 δὲ
2511 3383 2660 3434 πᾶσα
2703 3379 2877 3450 φαύλη
2925 3379 3064 3451 γυνὴ
3107 3379 3236 3442 τοὺς
3289 3378 3454 3432 αὑτοῦ
3533 3379 3768 3448 τρόπους

2181 3475 2362 3538 ἄλλοις
2405 3473 2811 3545 προλαμϐάνειν
2843 3489 2900 3526 τε
2941 3471 3036 3526 καὶ
3063 3471 3439 3541 ἐπιφημίζειν.
3475 3473 3586 3540 (tax
3620 3470 3764 3540 ὁρῶν

2179 3569 2288 3639 γὰρ
2323 3569 2400 3631 είς
2440 3569 2540 3620 ὅσα
2582 3565 2887 3636 ἡσέὕησεν,
2921 3565 3112 3618 ἑαυτὸν
3153 3563 3352 3634 εὐσεϐῆ
3399 3564 3644 3632 νομίζει·
3689 3563 3765 3624 ὡς

2179 3661 2225 3714 οἱ
2261 3661 2359 3730 τὴν
2405 3659 2790 3731 παραπληξίαν
2822 3659 3150 3731 κεκτημένοι
3189 3657 3468 3730 νομίζουσι
3510 3657 3608 3728 μὲν
3636 3657 3764 3708 ἑαυ-

2177 3753 2304 3815 τοὺς
2354 3755 2411 3806 ἐν
2451 3754 2708 3824 φρονήσει
2755 3749 2915 3817 εἶναι,
2950 3753 3074 3815 τοὺς
3115 3751 3170 3804 δὲ
3203 3751 3396 3813 ἄλλους
3428 3748 3763 3821 φρενητιῶν-

2179 3861 2300 3907 τας.
2344 3843 2604 3898 Ἐνταῦθα
2637 3844 2692 3897 δὲ
2721 3843 3040 3914 ἑνλΧριστῷ
3071 3843 3290 3912 Ἰησοῦ,
3320 3842 3439 3896 οὐδὲ
3466 3841 3545 3908 τῷ
3570 3841 3765 3911 Κυρίῳ

2181 3935 2351 4006 ἡμῶν
2401 3937 2698 4009 ἐτόλμησεν
2757 3937 3081 3992 ἀποδοῦναι·
3133 3937 3250 3990 ἀλλ’
3309 3934 3641 4008 εἰρωνικῶς,
3683 3929 3766 4000 τῷ

2181 4028 2404 4098 Σωτῆρι
2459 4029 2664 4099 ἡμῶν,
2715 4029 2934 4102 ἔφησεν.
2981 4029 3094 4084 Καί
3147 4047 3313 4101 φησι·
3349 4029 3428 4084 Δι’
3477 4023 3550 4084 οὗ
3597 4025 3768 4082 πᾶσα

2179 4121 2328 4185 δόξα
2360 4119 2440 4187 τῷ
2468 4121 2672 4190 Πατρὶ,
2707 4123 2805 4174 καὶ
2831 4121 2968 4186 νῦν,
3006 4121 3104 4176 καί
3141 4121 3234 4176 ἀεὶ
3266 4123 3352 4187 είς
3377 4121 3520 4188 τοὺς
3541 4119 3761 4182 αἰῶνας

2179 4215 2300 4268 τῶν
2337 4213 2586 4269 αἰώνων.
2623 4214 2829 4285 Ἀμήν.
2874 4215 2986 4268 Καὶ⁵
3016 4213 3147 4267 αὑτό
3173 4215 3230 4268 δὲ
3268 4214 3328 4267 τὸ
3370 4215 3564 4278 εἰπεῖν,
3595 4211 3711 4266 auio
3727 4229 3767 4265 α

2179 4307 2348 4372 δόξα,
2379 4309 2527 4373 ὅπως
2561 4307 2814 4380 περιάροι
2845 4307 2936 4362 τὸν
2969 4307 3097 4360 Υἱὸν
3127 4307 3236 4360 άπὸ
3263 4307 3362 4378 τῆς
3389 4305 3557 4376 τιμῆς
3581 4322 3638 4359 τε
3669 4303 3768 4359 καὶ

2181 4399 2372 4470 δόξης·
2409 4394 2469 4452 οὑ
2507 4397 2682 4462 οὐδεὶς
2715 4397 2956 4463 ἀνέξοιτὸ
2988 4413 3120 4450 ποτε
3155 4396 3261 4450 τῶν
3297 4395 3538 4450 εὐσεϐῶν
3569 4396 3662 4449 καὶ
3699 4397 3764 4447 ἐκ

491 4492 718 4560 quidem
748 4509 909 4545 nemo
945 4493 1065 4562 pius
1097 4511 1160 4548 ac
1193 4509 1377 4548 veram
1427 4494 1588 4549 ﬁdem
1625 4497 1802 4549 sancti
1835 4494 2075 4566 Spiritus

2183 4491 2503 4563 Πνεύματος
2535 4491 2690 4560 ἁγίου
2729 4492 2828 4563 τὴν
2865 4490 3072 4562 δωρεὰν
3103 4489 3204 4560 τῆς
3242 4487 3501 4561 ἀληθινῆς
3528 4489 3766 4552 πίστεως

491 4585 758 4640 beneiicio
783 4595 1116 4641 consecutus
1145 4585 1418 4646 admittet.

563 4673 654 4730 lll.
698 4675 824 4730 Haec
851 4677 1117 4733 adversus
1150 4678 1292 4731 Aetii
1329 4679 1583 4748 dogmata
1614 4677 1943 4748 disputanda
1974 4695 2074 4750 pu-

490 4769 729 4821 tavimus
761 4783 919 4838 :quze
950 4769 1041 4824 ille
1069 4769 1356 4824 dialectica
1386 4769 1667 4834 facultate,
1697 4779 1752 4825 et
1784 4785 2074 4841 argumen-

492 4861 641 4914 tandi
666 4861 984 4927 subtilitate,
1015 4861 1381 4932 humanisque
1410 4861 1705 4931 praestigiis
1743 4861 1940 4928 fretus,
1977 4877 2072 4916 ca-

490 4954 701 5025 pitibus
734 4963 939 5022 septem
981 4970 1044 5008 ac
1083 4955 1304 5025 triginta
1358 4953 1640 5011 disseruit.
1675 4953 1751 5008 Ea
1785 4969 1917 5009 vero
1949 4969 2076 5008 cum

493 5043 783 5113 prudentia
813 5051 872 5097 ut
904 5043 1096 5113 legatis
1123 5045 1361 5114 postulo.
1393 5041 1472 5098 lta
1503 5047 1670 5109 enim,
1695 5060 1728 5099 ο
1753 5045 2076 5113 Christiani,

494 5149 558 5188 ac
585 5133 790 5188 Christi
819 5135 986 5200 servi,
1017 5135 1379 5204 veritatisque
1414 5135 1531 5200 filii,
1561 5143 1860 5202 terrenam,
1897 5149 1962 5189 ac
1987 5149 2076 5189 va-

493 5231 778 5285 nissimam
829 5229 976 5283 illius
1002 5227 1172 5299 989
1195 5229 1526 5292 doctrinam,
1576 5239 1740 5300 atque
1784 5244 1814 5282 a
1867 5227 2072 5299 Spiritu

494 5329 686 5374 sancto
723 5333 951 5388 prorsus
979 5319 1365 5373 abhorrentem
1406 5333 1530 5375 esse
1565 5321 1928 5390 cognoscetis.
1970 5319 2072 5388 Qui

492 5413 662 5467 divini
695 5413 846 5466 verbi
877 5429 944 5467 ne
969 5429 1078 5467 una
1113 5413 1334 5484 quidem
1369 5414 1548 5468 littera
1586 5414 1919 5486 mentionem
1947 5417 2079 5469 atti-

493 5506 589 5575 git,
627 5518 727 5558 nec
769 5503 936 5556 ullum
969 5501 1186 5559 Veteris
1214 5513 1310 5558 aut
1359 5501 1496 5558 Novi
1525 5501 1861 5559 Testamenti
1895 5505 2074 5560 locum

494 5594 740 5664 protulit,
791 5593 924 5647 nihil
968 5609 1030 5648 ex
1063 5595 1199 5664 lege,
1241 5594 1439 5650 nihile
1481 5595 1786 5666 prophetis,
1827 5595 1962 5650 nihil
2005 5612 2072 5651 ex

569 5750 584 5778 ³
627 5748 644 5801 ι
681 5747 836 5802 Joan.
871 5766 922 5812 ν,
947 5749 1036 5803 20.
1115 5749 1135 5780 ⁸
1161 5747 1316 5803 Juau.
1359 5765 1470 5815 xvr,
1511 5749 1593 5803 15.
1675 5750 1692 5780 ³
1730 5747 1886 5803 Rom.
1925 5767 1999 5814 xi,
2033 5750 2120 5807 55.

2182 4585 2499 4657 εἰληφότων.

2254 4679 2292 4732 Γ
2293 4685 2325 4731 ’.
2377 4677 2563 4732 Ταῦτα
2601 4677 2659 4730 δὲ
2707 4677 2882 4732 πάντα
2931 4675 3275 4739 διαλαϐόντες
3313 4674 3380 4728 τά
3425 4673 3530 4727 ὑπὸ
3571 4671 3763 4728 τούτου

2179 4767 2276 4822 τοῦ
2313 4769 2521 4822 Ἀετίου
2570 4768 2840 4840 εἰρημένα
2881 4769 2938 4820 ὲν
2977 4767 3287 4838 διαλεκτικῇ
3327 4785 3432 4820 τινι
3477 4767 3639 4838 τέχνῃ
3667 4771 3763 4818 καὶ

2185 4861 2566 4932 συλλογιστικῇ
2611 4859 2836 4932 ὑπονοίᾳ
2887 4857 3232 4931 ἀνθρωπίνης
3275 4857 3645 4928 μαγγανείας,
3705 4859 3768 4909 ἑν

2185 4953 2496 5024 κεφαλαίοις
2523 4953 2598 5018 λζ’
2616 4971 2628 4983 ·
2653 4948 2734 5018 οἷς
2772 4953 3038 5026 νουνεχῶς
3065 4951 3210 5022 ὑμᾶς
3242 4953 3482 5022 ἐντυχεῖν
3513 4965 3764 5020 παρακα-

2181 5045 2403 5116 λοῦμεν,
2430 5045 2524 5099 καὶ
2549 5043 2710 5109 εὐθὺς
2740 5045 2838 5116 μὲν
2861 5043 3090 5110 εἴσεσθε,
3109 5037 3154 5096 ὦ
3183 5041 3525 5113 Χριστιανῶν
3553 5041 3760 5104 παῖδες,

2181 5138 2276 5190 καὶ⁵
2305 5137 2480 5190 δοῦλοι
2511 5135 2768 5208 Χριστοῦ,
2795 5137 2887 5189 καὶ
2925 5135 3029 5188 υἱοὶ
3057 5136 3154 5204 τῆς
3199 5133 3477 5206 ἀληθείας,
3514 5133 3609 5205 τὴν
3656 5135 3760 5184 πᾶ-

2187 5245 2287 5282 σαν
2319 5229 2483 5283 αὑτοῦ
2522 5229 2715 5300 γτιῖνην
2759 5227 3108 5297 κενοφωνίαν,
3147 5227 3242 5280 καὶ
3273 5226 3559 5298 ἀλλοτρίαν
3587 5223 3762 5277 Πνεύ-

2187 5337 2354 5391 ματος
2413 5323 2567 5392 άγίου
2629 5321 2996 5376 διδασκαλίαν.
3045 5323 3141 5384 Ὃς
3185 5321 3283 5373 οὑκ
3332 5319 3596 5390 ἐτόλμησε
3657 5317 3762 5370 κᾶν

2186 5413 2243 5464 ὲν
2277 5414 2375 5484 μιᾷ
2407 5411 2550 5480 λέξει
2588 5412 2892 5483 μνησθῆναι
2933 5410 3076 5464 θείου
3121 5411 3300 5480 λόγου,
3337 5409 3370 5482 ἦ
3421 5399 3585 5482 ῥητοῦ
3617 5426 3762 5472 τινος

2187 5503 2470 5570 Παλαιᾶς,
2535 5505 2567 5575 ἢ
2625 5505 2834 5576 Καινῆς
2900 5503 3352 5575 Διαθήκηςμούκ
3404 5503 3512 5556 ἀπὸ
3563 5501 3756 5572 νόμου.

2183 5597 2284 5650 οὑκ
2313 5597 2420 5651 ἀπὸ
2443 5597 2763 5669 προφητῶν,
2817 5597 2916 5651 οὑκ
2956 5595 3062 5650 ἀπὸ
3098 5596 3462 5667 Εὑαγγελίων,
3502 5595 3601 5648 οὐκ
3654 5591 3764 5648 ἀπὸ
