4134 6392
388 333 498 390 633

1086 343 1457 404 ADVERSUS
1489 349 1836 409 H/ERESES
1874 354 2004 410 LIB.
2040 356 2128 412 Ill.
2171 356 2337 413 ΤΟΜ.
2379 359 2420 412 1.
2463 356 2738 414 IIZERES.
2783 339 3020 416 LXXVI.

3567 358 3674 412 ῦὖῦ

387 453 734 522 ἀποστόλων,
794 452 856 509 οὗ
883 475 1025 524 τινος
1091 461 1199 517 τῶν
1251 468 1607 540 πατριαρχῶν
1671 473 1978 545 μαρτυρίαν

2085 473 2416 546 Evangeliis,
2463 477 2603 532 nihil
2646 493 2712 533 ex
2763 478 3051 549 apostolis,
3094 479 3232 534 nihil
3271 495 3301 535 e
3340 479 3674 550 patriarcha-

389 545 726 619 παρενέγκαι
749 588 762 611 ,
798 549 944 638 οὔτ’⁸
967 554 1130 608 αὑτοῦ
1168 557 1263 610 τοῦ
1322 559 1620 631 Σωτῆρος,
1657 565 1721 617 οὐ
1763 566 1980 638 Πατρὸς

390 637 644 706 πώποτε,
685 640 784 712 ούχ
843 621 1000 712 ἁγίου
1062 646 1378 718 Πνεύματος
1437 653 1588 724 ῥῆμα
1635 655 1702 709 δι’
1751 657 1980 710 ἀποστό-

388 732 495 784 λων
551 733 876 804 εἰρημένον,
939 737 970 806 ἦ
1025 737 1112 792 διὰ
1164 743 1494 814 προφητῶνο
1559 747 1646 800 ἵνα
1702 748 1982 812 παντελῶς

390 821 776 894 αὐτοφὼρατος
806 825 1033 898 γένηται
1074 833 1188 894 τοῖς
1231 833 1405 902 φίλοις
1448 837 1546 908 τῆς
1590 837 1865 908 ἀληθείας,
1900 839 1981 892 ὅτι

393 913 738 966 παντάπασιν
764 915 1041 988 ἀλλότριος
1084 919 1341 992 τυγχάνει
1389 924 1524 978 Θεοῦ
1552 927 1645 980 καὶ
1675 928 1774 998 τῆς
1817 927 1984 982 αὑτοῦ

392 1003 648 1068 πίστεως.
697 1006 921 1077 Νομίζω
965 1009 1021 1062 δὲ
1082 1014 1176 1065 καὶ
1237 1016 1434 1080 ἱκανῶς
1485 1020 1634 1089 ἡμᾶς
1684 1019 1821 1091 πρὸς
1883 1021 1984 1085 τὰς

392 1093 556 1148 αὐτοῦ
605 1098 898 1168 προτάσεις
949 1102 1092 1155 κατά
1129 1103 1191 1156 τὸ
1245 1103 1464 1160 δυνατὸν
1513 1109 1765 1181 ἰδιωτικῷ
1816 1110 1980 1183 λόγῳ,

395 1186 652 1239 συστάσει
685 1187 742 1240 δὲ
785 1189 894 1243 τῶν
924 1191 1031 1244 ἀπὸ
1057 1192 1165 1246 τῶν
1210 1194 1370 1251 θείων
1398 1199 1653 1270 Γραφῶν,
1681 1203 1776 1254 καὶ⁹
1820 1202 1982 1256 αὐτοῦ

388 1277 483 1330 τοῦ
509 1277 764 1343 εὐσεϐοῦς
791 1280 1054 1354 λογισμοῦ
1096 1287 1233 1357 πρὸς
1257 1291 1419 1346 αὑτὸν
1445 1294 1842 1364 ἀπηντηκέναι.
1875 1295 1985 1348 Καὶ

389 1372 579 1443 ἐπειδὴ
613 1373 811 1439 ἱκανῶς
848 1378 908 1429 ὲν
939 1381 1060 1443 ταῖς
1095 1382 1232 1452 πρὸς
1268 1384 1430 1438 αὑτὸν
1469 1387 1806 1458 ἀνατροπαῖς
1856 1390 1984 1461 περὶ

391 1461 627 1528 πίστεως
651 1466 837 1536 σαφῶς
863 1469 1236 1544 διελέχθημεν,
1262 1477 1512 1549 ἀρκετῶς
1544 1481 1826 1553 ἡγούμεθα
1846 1501 1860 1516 ο
1897 1485 1985 1538 ἵνα

395 1557 470 1628 μὴ
517 1558 850 1629 προσθέντες
878 1563 1200 1635 δυσχέρειάν
1233 1585 1356 1623 τινα
1385 1573 1515 1645 περὶ
1545 1573 1646 1644 τὴν
1674 1575 1984 1644 ἀνάγνωσιν

391 1655 793 1727 περισσοτέραν
848 1659 1234 1733 ἐργασώμεθα.
1289 1665 1476 1736 Ὀλίγα
1503 1667 1560 1722 δὲ
1599 1670 1760 1723 πάλιν
1809 1671 1866 1738 ἐξ
1907 1668 1983 1726 ὧν

389 1743 553 1808 αὐτὸς
579 1745 766 1818 ἀρθεὶς
797 1751 898 1822 τὴν
924 1751 1160 1809 διάνοιαν
1190 1741 1328 1827 μετά
1358 1759 1459 1832 τὴν
1491 1760 1782 1816 ἀλλόκοτον
1813 1763 1979 1816 αὑτοῦ

391 1837 605 1902 πίστιν,
660 1842 755 1894 καὶ
806 1846 888 1907 εἰς
939 1845 1212 1916 Χριστὸν,
1267 1852 1364 1905 καὶ
1393 1854 1472 1916 είς
1529 1853 1590 1908 τὸ
1633 1855 1786 1922 ἆγιον
1818 1854 1982 1908 αὐτοῦ

389 1924 616 1998 Πνεῦμα
649 1929 966 2001 ἀπέχθειαν,
1000 1935 1101 1988 ὅσα
1149 1938 1418 2009 ἐτόλμησε
1454 1941 1515 1995 τὸ
1573 1943 1738 1997 αὐτοῦ
1779 1945 1983 2015 στόμα,

391 2019 486 2070 καὶ
528 2019 638 2074 τῶν
673 2021 764 2074 ὑπ’
795 2024 960 2078 αὐτοῦ
995 2027 1532 2102 μεμαθητευμένων,
1567 2036 1662 2088 καὶ
1699 2037 1758 2088 ὲν
1796 2036 1985 2108 θράσει

390 2110 468 2172 είς
518 2109 650 2180 ὕψος
685 2108 817 2186 ἆραι
860 2115 960 2186 τὴν
987 2115 1249 2184 διάνοιαν,
1286 2122 1379 2175 καὶ
1422 2123 1710 2198 ὑπέρογκα
1743 2125 1986 2197 βλασφη-

391 2201 581 2272 μῆσαι,
619 2200 777 2269 αὖθις
807 2207 1200 2280 ἐπιλαϐόμενος
1230 2213 1510 2285 συντόμως
1538 2216 1692 2285 λέξω.

2084 582 2206 620 rum
2260 568 2594 624 testimoniis
2633 569 2687 622 in
2738 569 2978 625 medium
3038 570 3299 637 adduxit;
3344 586 3456 626 non
3498 571 3674 642 ipsius

2089 656 2389 714 Salvatoris
2432 660 2761 714 sententiam
2799 661 2987 725 ullam,
3020 677 3134 716 non
3166 659 3368 726 Patris,
3403 661 3673 732 Spiritus-

2083 762 2189 816 que
2226 749 2405 802 sancti
2443 747 2654 803 dictum
2707 747 2932 820 aliquod
2970 749 3038 804 ab
3087 751 3374 821 apostolis,
3417 751 3505 806 vel
3541 767 3673 821 pro-

2083 838 2266 908 phetis
2308 847 2798 917 commemoratum
2840 842 3134 911 proposuit
3165 861 3178 895 :
3204 857 3314 912 quo
3348 841 3486 896 illud
3527 844 3675 898 veri-

2086 931 2213 986 tatis
2261 938 2510 987 amantes
2551 932 2882 1004 intelligant,
2917 934 3079 1004 plane
3113 934 3264 989 illum
3313 950 3343 988 a
3397 934 3509 990 Deo
3549 952 3675 992 esse

2084 1035 2138 1080 et
2175 1039 2207 1079 a
2242 1024 2346 1081 ﬁde
2377 1025 2552 1095 ipsius
2585 1027 2849 1080 alienum.
2880 1025 3088 1082 Contra
3120 1027 3236 1082 haec
3278 1028 3426 1084 illius
3453 1028 3674 1083 decreta

2085 1118 2304 1173 abunde
2350 1133 2380 1171 a
2416 1118 2580 1174 nobis
2621 1118 2892 1174 hactenus
2933 1134 3036 1188 pro
3083 1119 3293 1174 viribus
3334 1120 3674 1189 disputatum

2086 1211 2343 1272 arbitror,
2369 1225 2432 1264 ac
2455 1209 2578 1264 rudi
2623 1209 2844 1280 quidem
2869 1217 2924 1264 et
2948 1208 3187 1280 simplici
3214 1211 3486 1266 orationis
3509 1210 3673 1281 stylo,

2087 1304 2181 1358 sed
2213 1303 2397 1358 allatis
2439 1318 2726 1368 sacrarum
2762 1302 3096 1359 Litterarum
3138 1305 3581 1367 auctoritatibus,
3611 1318 3676 1358 ac

2087 1391 2425 1465 depromptis
2465 1408 2532 1447 ex
2566 1392 2820 1462 religioso
2847 1393 3019 1447 animi
3065 1407 3230 1448 sensu
3270 1394 3580 1448 rationibus
3617 1393 3676 1447 il-

2087 1483 2194 1539 lius
2238 1484 2474 1553 impetus
2507 1499 2631 1541 esse
2664 1484 2972 1540 discussos.
3019 1486 3210 1556 Itaque
3249 1502 3373 1542 cum
3423 1488 3479 1542 in
3525 1485 3676 1542 illius

2086 1573 2556 1630 eonfutationibus
2585 1575 2652 1630 de
2683 1575 2786 1630 lide
2820 1577 2956 1632 satis
2995 1585 3184 1648 aperte
3221 1577 3671 1644 disseruerimus,

2086 1665 2335 1721 suliicere
2361 1665 2506 1720 istud
2526 1668 2885 1731 arbitramur,
2912 1683 2981 1723 ne
3014 1669 3062 1723 si
3089 1670 3327 1740 amplius
3351 1670 3559 1742 aliquid
3581 1670 3674 1725 ad-

2087 1759 2306 1824 damus,
2339 1759 2708 1814 molestiorem
2729 1761 2916 1831 operio
2953 1761 3118 1831 hujus
3153 1762 3443 1818 lectionem
3488 1779 3680 1834 super-

2087 1867 2325 1906 vacanea
2371 1851 2716 1922 longitudine
2751 1852 3038 1908 faciamus.
3086 1853 3192 1910 Sed
3223 1871 3394 1926 pauca
3423 1856 3674 1926 quaedam

2085 1943 2448 1999 nihilominus
2503 1943 2850 1998 retractanda
2921 1959 2987 2000 ac
3065 1945 3306 2000 breviter
3352 1948 3676 2016 exponenda

2085 2043 2214 2091 sunt
2259 2050 2327 2091 ex
2370 2034 2440 2090 iis
2485 2051 2627 2104 qua,
2684 2044 2807 2106 post
2847 2038 3160 2107 importuna
3211 2039 3298 2092 illa
3329 2039 3678 2110 absurdaqle

2084 2123 2339 2196 dogmata
2386 2125 2720 2180 insolentius
2760 2127 2940 2182 elatus
2991 2127 3046 2181 in
3111 2127 3396 2184 Christum
3441 2133 3675 2201 ejusque

2087 2216 2350 2287 Spiritum
2382 2229 2661 2281 sanctum,
2695 2233 2807 2288 prae
2837 2219 3127 2290 utriusque
3157 2222 3283 2276 odio
3312 2224 3518 2280 nefarie
3543 2239 3677 2279 con-

389 2295 546 2362 tulit;
575 2310 804 2368 quaaque
840 2299 909 2354 ab
949 2300 1251 2372 impudenti
1285 2305 1432 2362 illius
1486 2322 1551 2362 ac
1582 2308 1980 2382 discipulorum
2022 2312 2200 2382 ipsius
2225 2325 2323 2366 ore
2349 2309 2592 2382 profecta
2623 2319 2676 2366 et
2700 2311 2949 2366 inaudito
2997 2315 3237 2385 quodam
3298 2317 3467 2371 animi
3531 2317 3675 2377 t‘astu

387 2391 814 2460 arrogantiaque
879 2394 935 2448 in
990 2395 1163 2451 Deum
1221 2403 1784 2460 contumeliosissime
1851 2416 1983 2462 sunt
2016 2407 2288 2477 conjecta.

459 2483 533 2536 A'.
587 2477 757 2548 Οὗτος
789 2485 898 2562 γὰρ
937 2490 1272 2564 ὲφαντάσθη,
1305 2496 1400 2548 καὶ
1422 2497 1470 2548 οἱ
1494 2497 1590 2550 ἀπ’
1618 2499 1806 2565 αὑτοῦ,
1839 2501 1979 2574 ὑπὲρ

387 2574 565 2629 πάντα
593 2575 901 2648 ἄνθρωπον,
943 2581 1042 2635 οὐκ
1079 2583 1173 2636 ἐπὶ
1204 2584 1282 2655 τῷ
1314 2587 1512 2642 εἰδέναι
1541 2589 1631 2642 τὸν
1665 2592 1798 2645 Θεὸν
1840 2595 1981 2647 κατά

389 2667 590 2734 πίστιν,
619 2668 755 2722 ἀλλά
793 2673 953 2741 φύσει
1004 2675 1146 2728 κατά
1187 2677 1412 2748 εἴδησιν.
1481 2681 1568 2746 Ὠς
1602 2684 1698 2737 καὶ
1737 2684 1852 2739 ἀνω
1879 2704 1980 2738 που

389 2759 678 2833 ὑπέμνησα
723 2765 1045 2833 φασκόντων
1075 2754 1255 2824 αὐτῶν
1297 2773 1397 2844 οὐχ
1427 2773 1614 2838 ἁπλῶς
1658 2777 1854 2831 εἰδέναι
1889 2779 1984 2831 τὸν

387 2850 520 2906 Θεὸν
566 2855 624 2907 ἐν
661 2855 860 2924 γνώσει
908 2859 1166 2928 πίστεως,
1215 2862 1330 2916 ἀλλ’
1381 2865 1456 2930 ὡς
1495 2866 1590 2919 ἐὰν
1623 2867 1869 2942 γινώσκῃ
1898 2887 1982 2934 τις

391 2944 500 2997 πᾶν
529 2947 745 3016 ὁρατὸν,
793 2951 886 3003 καὶ
919 2954 1109 3025 χερσὶν
1140 2954 1306 3010 αὐτοῦ
1341 2955 1743 3029 ψηλαφώμενον
1770 2978 1784 2991 ο
1825 2962 1902 3026 ὡς
1931 2962 1986 3014 εἴ

388 3051 474 3098 τις
501 3035 653 3092 λάϐοι
693 3041 830 3111 μετὰ
874 3047 1065 3114 χεῖρας
1098 3045 1268 3114 λίθον,
1304 3049 1336 3118 ἢ
1372 3049 1550 3115 ξύλον,
1582 3052 1805 3124 ἢάλλης
1835 3054 1980 3115 τινὸς

389 3130 522 3204 ὕλης
546 3135 826 3206 ἐργαλεῖον
851 3154 866 3169 ·
895 3139 1067 3204 οὕτως
1093 3140 1192 3215 ἔφη
1261 3144 1354 3198 καὶ
1377 3136 1532 3210 οὗτος
1555 3149 1582 3200 ὁ
1601 3148 1882 3215 γεννάδας,
1901 3151 1983 3202 ὅτι
2011 3127 2053 3183 C

389 3225 579 3292 Οὕτως
601 3223 717 3282 οἶδα
737 3230 829 3282 τὸν
855 3230 1007 3298 Θεὸν,
1025 3232 1215 3306 ὥσπερ
1238 3237 1496 3307 ἐμαυτὸν,
1527 3238 1623 3292 καὶ
1645 3239 1705 3292 οὐ
1730 3238 1986 3294 τοσοῦτον

392 3315 509 3372 οῖδα
531 3319 787 3388 ἐμαυτὸν,
798 3321 874 3385 ὡς
885 3322 976 3375 τὸν
990 3325 1142 3379 Θεόν.
1159 3327 1358 3381 Λοιπὸν
1369 3329 1505 3382 δὲτά
1524 3330 1684 3403 μωρά
1699 3331 1876 3401 λέγειν
1892 3335 1987 3386 καὶ

393 3409 614 3464 ὀκούειν
631 3411 842 3475 πολλοῖς
868 3413 968 3484 μὲν
995 3415 1144 3470 ἐστιν
1165 3421 1244 3482 εἰς
1264 3421 1503 3491 ἀπάτην,
1525 3426 1637 3486 τοῖς
1657 3423 1714 3476 δὲ
1745 3428 1984 3489 συνετοῖς

391 3507 472 3568 εἰς
487 3503 704 3576 χλεύην.
731 3506 828 3571 Τίς
847 3507 954 3578 γὰρ
974 3509 1079 3563 τῶν
1096 3513 1518 3582 φρενοϐλάϐειαν
1543 3516 1755 3591 ἑαυτοῖς
1781 3535 1986 3589 κεκτη-

393 3596 571 3666 μένων
599 3599 692 3652 καὶ
723 3602 1048 3679 μεμηνότων
1081 3606 1143 3657 οὐ
1177 3605 1399 3661 δύναται
1429 3609 1524 3663 καὶ
1557 3609 1754 3674 ἄλλους
1783 3611 1984 3683 ὲκμαίο

391 3704 525 3752 νειν,
556 3691 652 3744 καὶ
693 3692 928 3762 μάλιστα
956 3696 1084 3760 τοὺς
1113 3699 1517 3771 συνεπομένους
1561 3703 1656 3756 καὶ
1683 3702 1985 3757 ὑπακούον-

388 3798 522 3849 τας;
545 3784 608 3837 El
635 3787 744 3856 γάρ
772 3803 856 3850 τις
883 3787 1170 3860 ἠρώτησεν
1194 3792 1356 3845 αὐτὸν
1383 3794 1479 3846 καὶ
1504 3795 1634 3858 τοὺς
1660 3796 1755 3849 ἀπ’
1781 3795 1948 3850 αὑτοῦ
1965 3813 1980 3828 ·

391 3873 480 3946 Μή
525 3893 615 3947 μοι
655 3877 916 3950 διήγησαι
961 3880 1096 3935 Θεὸν
1139 3883 1340 3938 εἰδέναι
1381 3885 1474 3938 τὸν
1521 3887 1852 3960 ἀσύγκριτον
1889 3890 1985 3942 καὶ

391 3967 798 4040 ἀκατάληπτον,
829 3971 922 4024 τὸν
953 3972 1097 4026 κατά
1123 3975 1185 4027 τὸ
1222 3970 1362 4039 εἶδος
1389 3976 1490 4048 μὲν
1524 3979 1599 4051 μὴ
1623 3981 1984 4052 καταλαμϐα-

392 4059 636 4130 νόμενον,
659 4061 841 4116 πίστει
875 4063 933 4116 δὲ
962 4065 1365 4138 γινωσκόμενον
1397 4071 1512 4133 τοῖς
1544 4071 1715 4125 αὑτοῦ
1739 4071 1945 4138 δούλοις
1964 4089 1979 4104 ·

391 4148 528 4203 ἀλλὰ
565 4149 824 4222 διήγησαι
877 4169 968 4223 μοι
1009 4153 1139 4218 τοὺς
1179 4156 1462 4227 πυθμένας
1499 4159 1601 4230 τῆς
1643 4161 1766 4232 γῆς,
1790 4161 1858 4219 τὰ
1886 4178 1984 4215 τα-

395 4244 546 4312 μιεῖα
571 4245 672 4315 τῆς
708 4244 970 4313 ἀϐύσσου,
1006 4247 1106 4310 τὰς
1147 4248 1356 4318 φλέϐας
1381 4254 1482 4324 τῆς
1517 4254 1817 4328 θαλάσσης,
1849 4255 1980 4328 ᾅδου

391 4335 482 4386 τὸν
515 4335 702 4399 τόπον,
735 4337 897 4409 ἀέρος
928 4338 996 4392 τὰ
1029 4343 1231 4412 μέτρα,
1251 4344 1498 4414 ούρανῶν
1526 4345 1592 4398 τὸ
1616 4341 1757 4411 εἶδος
1785 4348 1879 4400 καὶ
1913 4346 1982 4401 τὰ

392 4423 563 4496 πάχη,
610 4424 664 4478 τί
686 4426 748 4480 τὸ
778 4428 946 4499 ἄκρον
975 4430 1086 4484 τῶν
1117 4431 1250 4488 ἄνω.
1283 4433 1335 4485 τί
1370 4433 1429 4486 τὸ
1456 4435 1640 4507 τέρμα
1665 4437 1773 4491 τῶν
1805 4437 1976 4504 κάτω,

390 4516 444 4569 τί
478 4519 534 4570 ὲν
565 4517 734 4589 δεξιᾷ,
755 4518 809 4572 τί
834 4522 892 4574 ὲν
921 4520 1254 4593 εὐωνύμοις·
1274 4524 1374 4594 τῆς
1407 4524 1979 4597 κτίσεως,τῆςὲαυτοῦ

393 4608 645 4674 πλάσεως
673 4611 734 4664 τὸ
757 4612 1024 4685 διήγημα,
1053 4614 1163 4669 τῶν
1185 4617 1276 4670 ἐπὶ
1309 4617 1408 4689 τῆς
1434 4619 1537 4690 γῆς
1565 4618 1863 4691 ἀμυθήτων
1888 4621 1983 4676 τὸν

389 4703 622 4775 ἀριθμὸν
657 4706 751 4758 καὶ
781 4707 850 4760 τὰ
885 4707 1059 4779 μέτρα
1083 4726 1096 4739 ·
1135 4707 1322 4763 λοιπὸν
1355 4711 1530 4766 ταῦτα
1556 4711 1796 4782 ἥκουσαν
1821 4714 1860 4781 ¹,
1907 4715 1984 4779 ὡς

390 4793 706 4865 ⁴ἠκούσαμεν
737 4796 880 4868 παρά
903 4797 1012 4850 τῶν
1042 4798 1133 4851 ὑπ’
1166 4799 1333 4853 αὐτοῦ
1356 4802 1543 4872 ἡπατη
1554 4802 1754 4872 μένων,
1787 4807 1867 4868 εἰς
1896 4823 1984 4858 σο-

390 4885 646 4952 φιστικάς
661 4887 966 4958 προφάσεις
987 4889 1455 4960 παρεκκλίναντες
1484 4894 1761 4965 εἰρωνείᾳ,
1794 4895 1982 4952 λοιπὸν

388 4976 640 5047 λέγουσιν
670 4980 763 5032 ἀπ’
787 4980 1000 5035 ἐκείνου
1043 4983 1442 5054 μεμαθηκότες,
1464 4986 1546 5039 ὅτι
1588 4988 1773 5042 Πάντα
1807 4989 1981 5044 ταῦτα

387 5070 457 5124 τὰ
481 5072 769 5141 σωματικά
789 5073 928 5137 ἐστι,
957 5075 1053 5127 καὶ
1079 5075 1140 5127 οὐ
1161 5075 1437 5146 δυνάμεθα
1465 5077 1684 5132 εἰδέναι.
1715 5081 1822 5133 Τὸν
1845 5081 1980 5136 Θεὸν

387 5161 446 5214 δὲ
503 5161 596 5214 τὸν
644 5163 783 5215 αύτά
826 5165 1165 5234 πεποιηκότα
1223 5167 1446 5238 οἴδαμεν
1499 5169 1688 5238 σαφῶς
1734 5174 1979 5238 ποταπύς

387 5252 542 5318 ἐστι,
577 5255 672 5307 καὶ
721 5253 838 5318 πῶς
886 5257 1033 5318 ἐστι,
1076 5257 1172 5311 καὶ
1202 5252 1314 5322 οἷός
1348 5261 1493 5325 ἐστι,
1543 5263 1639 5315 καὶ
1685 5263 1771 5327 τίς
1841 5268 1973 5319 ἐστι.

388 5346 487 5411 Τίς
513 5345 572 5398 δὲ
610 5346 851 5409 ἀκούσας
876 5345 1051 5402 ταῦτα
1080 5350 1181 5403 ούκ
1225 5350 1292 5404 ἂν
1329 5353 1754 5421 καταγελάσειεν
1782 5356 1972 5422 εὐθύς;

388 5436 596 5507 Εὖηθες
627 5438 737 5509 γάρ
764 5440 882 5491 ἐστι
909 5440 973 5493 τὸ
1001 5439 1142 5503 ὅλον,
1165 5441 1248 5494 ὅτι
1274 5442 1364 5496 τὸν
1397 5446 1667 5517 τεχνίτην,
1695 5447 1786 5500 καὶ
1813 5449 1977 5516 ἀσύγ-

387 5545 594 5600 κριτον,
633 5531 729 5584 καὶ
761 5531 1154 5603 ἀνεκδιήγητον
1185 5532 1334 5600 λέγει
1361 5534 1576 5600 ειδέναι,
1607 5538 1702 5592 καὶ
1733 5539 1976 5611 ἠκριϐω-

388 5621 562 5678 κέναιο
587 5625 715 5693 (καὶ
761 5623 873 5677 εἴθε
897 5623 1050 5693 ἔλεγε
1075 5627 1141 5697 τῇ
1171 5625 1352 5680 πίστει
1380 5627 1576 5681 είδέναι
1605 5630 1698 5683 καὶ
1728 5632 1972 5704 ἠκριϐω-

485 5779 499 5810 ¹
530 5777 663 5852 Reg.
689 5779 944 5852 ηκουσας.
977 5780 1139 5839 Forte
1174 5783 1430 5847 ὼςταῢτα
1464 5787 1720 5859 ﬁmum.

2157 2499 2245 2555 ιγ.
2287 2497 2387 2554 Hic
2426 2499 2574 2554 enim
2629 2497 2747 2569 ipse
2796 2513 2920 2554 cum
2977 2501 3094 2558 suis
3143 2501 3200 2558 in
3241 2516 3362 2558 eam
3403 2503 3659 2559 vanitatis

2085 2589 2381 2644 amentiam
2436 2588 2650 2654 incidit,
2687 2597 2748 2643 ut
2784 2605 2952 2661 supra
2996 2593 3258 2648 mortales
3285 2607 3478 2648 omnes
3507 2591 3676 2648 Deum

2086 2695 2146 2735 se
2177 2694 2286 2735 non
2319 2679 2424 2734 ﬁde
2452 2679 2593 2744 sola,
2623 2679 2720 2736 sed
2751 2681 2974 2752 propria
2990 2684 3227 2752 quadam
3255 2684 3488 2738 scientia
3521 2699 3676 2738 com-

2088 2773 2431 2845 prehendere
2473 2773 2732 2845 jactaret.
2802 2776 3278 2842 Quemadmodum
3332 2780 3496 2850 paulo
3549 2789 3679 2837 ante

2089 2866 2312 2920 memini
2366 2866 2470 2922 hoc
2522 2865 2593 2921 ab
2646 2867 2758 2923 illis
2799 2870 3058 2940 usurpari
3111 2872 3332 2927 solitum
3369 2871 3580 2928 :Deum
3617 2890 3678 2930 se

2087 2972 2198 3012 non
2241 2957 2366 3012 ﬁdei
2424 2957 2590 3014 modo
2640 2959 3039 3031 intelligentia,
3093 2961 3188 3018 sed
3237 2963 3463 3033 perinde
3494 2965 3678 3019 animo

2086 3050 2374 3120 concipere
2419 3066 2484 3106 ac
2534 3049 2764 3122 quilibet
2849 3054 3204 3122 aspectabilia
3260 3055 3365 3110 ista
3445 3072 3508 3112 ac
3558 3067 3676 3111 tra-

2088 3143 2310 3198 ctabilia
2357 3147 2645 3216 cognoscit
2681 3168 2693 3202 :
2729 3156 2922 3220 utputa
2989 3150 3035 3205 si
3093 3152 3217 3221 quis
3275 3151 3530 3222 lapidem,
3582 3160 3677 3209 aut

2087 3235 2330 3306 lignum,
2390 3237 2475 3292 vel
2545 3239 2774 3294 alterius
2818 3243 3061 3296 materiae
3097 3242 3524 3297 instrumentum
3583 3261 3676 3301 ca-

2087 3331 2197 3397 piat
2237 3329 2352 3383 :ita
2418 3331 2639 3399 quidem
2698 3333 2877 3387 audax
2929 3335 3020 3390 ille
3082 3350 3146 3389 ac
3213 3337 3539 3394 temerarius
3594 3341 3677 3394 lo-

2085 3419 2319 3489 quitur:
2351 3419 2486 3475 Tam
2544 3421 2714 3478 Deum
2783 3426 3066 3496 intelligo,
3132 3443 3295 3497 quam
3343 3445 3430 3485 me
3462 3431 3673 3502 ipsum;

2085 3510 2216 3575 imo,
2253 3517 2363 3564 tam
2394 3525 2481 3566 me
2510 3513 2689 3582 ipsum
2739 3529 2850 3568 non
2894 3517 3063 3582 novi,
3112 3533 3278 3587 quam
3332 3517 3522 3574 Deum.
3574 3522 3677 3578 Ve-

2085 3615 2208 3654 rum
2271 3616 2449 3672 nugas
2497 3602 2637 3658 istas
2712 3605 2856 3661 ultra
2929 3607 3197 3664 discendo
3257 3613 3551 3681 persequi,
3588 3612 3676 3669 vel

2086 3691 2295 3759 audire,
2349 3694 2428 3748 uti
2495 3695 2751 3765 pluribus
2821 3696 3066 3754 fraudem
3112 3716 3177 3755 ac
3218 3702 3539 3771 perniciem,
3598 3702 3677 3760 ita

2086 3787 2426 3856 sapientibus
2454 3786 2628 3842 risum
2669 3804 2734 3843 ac
2767 3790 3063 3846 ludibrium
3115 3795 3442 3850 consciseet.
3474 3797 3676 3867 Ecquis

2083 3879 2230 3932 enim
2266 3882 2467 3936 mentis
2520 3883 2771 3937 vecordia
2845 3899 2911 3938 ac
2958 3885 3142 3941 furore
3176 3889 3420 3956 percitus
3448 3889 3585 3945 alios
3618 3892 3674 3945 in

2085 3970 2334 4026 eamdem
2371 3971 2642 4027 insaniam
2685 3975 2925 4039 trahere,
2966 3978 3271 4045 praesertim
3305 3980 3676 4050 obsequentes

2085 4063 2188 4116 sibi
2217 4078 2281 4118 ac
2317 4064 2467 4119 dicto
2516 4065 2833 4129 audientes,
2870 4083 2978 4122 non
3017 4068 3232 4137 possit?
3272 4069 3427 4136 Quod
3462 4073 3510 4127 si
3548 4074 3674 4143 quis

2085 4155 2262 4220 illum,
2309 4156 2393 4210 vel
2431 4156 2600 4228 990
2646 4157 2949 4228 discipulos
3003 4169 3261 4230 rogaret:
3300 4160 3379 4218 Ne
3422 4171 3480 4218 tu
3539 4165 3674 4219 milii

2085 4246 2532 4317 incomparabilis
2552 4257 2606 4303 et
2629 4249 3206 4322 incomprehensibilis
3259 4251 3352 4308 Dei
3385 4255 3674 4310 scientiam

2079 4338 2322 4408 jactites,
2365 4340 2528 4409 cujus
2596 4339 2830 4396 formam
2879 4343 3100 4413 quidem
3136 4359 3200 4398 ac
3232 4357 3484 4400 naturam
3523 4362 3674 4402 asse-

2084 4432 2176 4500 qui
2208 4445 2368 4486 nemo
2399 4439 2600 4502 potest,
2636 4433 2742 4488 lide
2773 4450 2904 4490 vero
2929 4436 2998 4490 ab
3042 4436 3220 4506 ipsius
3259 4438 3435 4492 servis
3483 4446 3676 4493 utcun-

2084 4525 2462 4595 quecognosci
2495 4534 2677 4596 potest
2697 4543 2711 4593 ;
2731 4527 2826 4581 sed
2852 4528 2956 4582 hoc
2981 4530 3144 4584 velim
3171 4531 3329 4586 nobis
3361 4533 3668 4588 edisseras:

2080 4613 2436 4672 fundamenta
2468 4626 2632 4673 terrae
2670 4635 2792 4689 quae
2844 4621 2978 4685 sint,
3028 4637 3260 4692 quaeque
3294 4625 3474 4696 abyssi
3515 4625 3672 4695 peni-

2080 4709 2222 4764 tiora
2261 4713 2637 4780 receptacula;
2678 4715 2845 4769 maris
2870 4729 3068 4782 venas,
3103 4717 3408 4772 inferorum
3437 4718 3670 4772 domici-

2079 4801 2212 4855 lium
2242 4840 2258 4866 ,
2305 4801 2450 4856 aeris
2485 4811 2799 4870 mensuras,
2841 4807 3150 4862 caelestium
3183 4808 3398 4863 orbium
3438 4808 3669 4864 formam

2079 4907 2144 4948 ac
2173 4895 2599 4950 crassitudinem
2627 4915 2642 4964 ;
2675 4898 2955 4968 quodnam
3004 4916 3278 4957 summum
3312 4918 3478 4973 supra
3520 4904 3667 4974 quod

2082 4985 2227 5042 infra
2258 4989 2331 5046 sit
2398 4991 2668 5056 inﬁmum,
2702 4991 2835 5062 quid
2868 4993 2938 5048 ad
2961 4992 3241 5050 dexteram
3288 4996 3377 5057 sit.
3413 4995 3546 5067 quid
3598 4995 3668 5050 ad

2081 5079 2385 5137 sinistram.
2417 5082 2501 5138 Ad
2550 5083 2666 5138 haec
2689 5092 3000 5141 creatarum
3035 5101 3218 5141 rerum
3253 5095 3528 5153 naturam,
3559 5090 3668 5141 tui-

2081 5187 2189 5242 que
2226 5174 2364 5229 adeo
2394 5175 2734 5232 molitionem
2761 5178 3029 5247 explices,
3066 5186 3182 5233 tum
3203 5195 3395 5234 eorum
3417 5182 3662 5235 omnium

2082 5279 2370 5319 numerum
2406 5266 2726 5338 modosque,
2768 5284 2890 5339 quae
2937 5270 3102 5326 terris
3133 5269 3344 5325 inﬁnita
3375 5273 3663 5326 contineri»

2079 5364 2186 5410 tur.
2228 5355 2355 5412 Haec
2393 5372 2518 5413 cum
2564 5359 2673 5414 illis
2707 5359 3067 5430 objiciuntur.
3102 5370 3163 5416 ut
3192 5363 3260 5417 ab
3286 5363 3434 5417 illius
3489 5371 3664 5418 secta-

2079 5449 2289 5506 toribus
2311 5450 2513 5505 audire‘
2531 5451 2776 5515 memini,
2811 5451 2879 5507 ad
2903 5453 3204 5524 sophistica
3235 5456 3482 5524 quaedam
3518 5471 3662 5509 com-

2077 5550 2259 5598 menta
2310 5542 2798 5613 cavillationesque
2854 5559 2977 5600 sese
3047 5553 3420 5611 convertunt,
3488 5554 3541 5600 et
3594 5563 3660 5600 ex

2077 5634 2223 5690 illius
2254 5634 2574 5706 praescripto
2615 5634 2691 5690 ita
2734 5637 3066 5706 respondent
3101 5656 3113 5693 :
3148 5635 3272 5693 Haec
3305 5639 3487 5692 omnia
3529 5652 3658 5692 cor-
