4134 6392
462 419 570 478 635

1854 427 1908 478 S.
1955 421 2292 478 EPiPllANll

3619 419 3738 478 ετσ

469 551 630 605 poi-ua
683 545 829 600 sunt,
864 553 962 592 nec
1009 553 1038 592 a
1093 539 1250 594 nobis
1306 539 1508 608 percipi
1561 546 1811 607 possunt.
1845 537 2033 614 ‘Deum

2170 536 2292 588 :évai
2313 551 2325 564 ⁸
2352 534 2488 588 ἀλλὰ
2507 535 2579 605 μὴ
2603 535 2740 588 κατὰ
2765 535 2966 604 εἴδησίν
2987 552 3108 588 τινα
3125 533 3488 604 mmmam;
3503 533 3720 604 ἐτόλμα,

470 647 619 695 vero,
649 633 741 701 qui
793 633 904 687 haec
951 633 1066 702 ipsa
1108 633 1371 696 condidit,
1407 633 1692 686 manil'este
1725 628 2036 699 hujusmodi

469 721 563 784 sit,
597 737 771 788 quove
803 721 982 784 modo,
1009 739 1070 776 ac
1100 723 1300 792 qualis,
1338 723 1528 792 quisve
1569 723 1640 776 sit
1668 721 2042 790 intelligimus.

471 812 606 876 Quis
637 812 747 864 haec
784 815 901 866 sine
957 815 1071 866 risu
1110 815 1283 884 possit
1307 813 1530 867 audire?
1569 811 1659 866 Est
1707 811 1850 864 enim
1887 812 2046 878 longe

473 903 602 955 illud
647 917 776 956 sane
834 904 1222 960 stultissimum
1265 905 1592 958 :Summum
1647 905 1799 957 illum
1863 913 1916 958 et
1959 905 2038 957 in-

461 983 890 1062 comparabilem
941 997 1213 1066 Opiﬁcem,
1260 1000 1350 1067 qui
1395 999 1544 1052 nullo
1581 1013 1831 1052 sermone
1860 997 2042 1052 decla-

477 1085 582 1134 rari
639 1093 834 1152 potest,
901 1087 1043 1140 scire
1099 1103 1178 1148 se,
1245 1095 1406 1156 atque
1440 1095 1692 1140 accurate
1737 1087 2046 1156 percepisse

475 1173 736 1236 proﬁteri.
790 1175 988 1243 (Atque
1045 1177 1252 1230 utinam
1303 1177 1406 1230 tlde
1445 1177 1636 1231 saltem
1683 1177 1832 1230 illum
1865 1177 2044 1246 ipsum

475 1257 616 1310 scire
650 1275 730 1324 se,
769 1277 874 1314 non
913 1263 1062 1316 velut
1113 1272 1455 1319 contrectare
1511 1265 1762 1320 manibus
1805 1265 2046 1320 incredi-

477 1349 568 1402 bili
599 1351 827 1405 audacia
861 1355 1283 1427 praedicarent!)
1331 1355 1548 1410 interim
1569 1371 1706 1410 vero
1735 1365 1949 1411 creatas
1979 1356 2046 1410 ab

2147 625 2240 676 καὶ
2277 624 2516 692 τολμῶσι
2549 621 2842 690 λέγεινῐ)τὰ
2867 624 2922 676 δὲ
2959 623 3050 676 ὑπ’
3097 621 3260 674 αὑτοῦ
3329 621 3592 692 γενόμενα
3631 622 3722 674 τοῦ

2152 715 2504 786 ἀσυγκρίτου,
2557 715 2646 767 διὰ
2686 715 2747 766 τὺ
2789 714 2930 766 κατὰ
2981 713 3041 766 τδ
3080 710 3218 774 εἶδος
3259 711 3534 782 δυνάμενα
3577 719 3728 784 παρά

2151 810 2257 861 τῶν
2299 807 2544 878 ὁρώντων
2595 805 3138 878 ὑπερθαυμάζεσθαι,
3195 805 3425 874 φάσκειν
3467 805 3632 858 αὐτόν
3667 821 3726 856 τε

2151 902 2244 954 καὶ
2292 901 2418 963 τοὺς
2469 899 2636 952 αὑτοῦ
2684 898 2758 968 μὴ
2807 899 3043 951 εἰδέναι·
3104 898 3336 968 μάλιστα
3395 896 3570 968 πάντη
3621 896 3728 948 τῶν

2151 993 2309 1045 θείων
2355 991 2588 1061 Γραφῶν
2633 990 2820 1059 σαφῶς
2881 989 3009 1060 περὶ
3051 988 3186 1042 Θεοῦ
3241 988 3622 1061 κηρυττουσῶν
3669 987 3728 1039 τὺ

2151 1085 2380 1154 ἀόρατον
2414 1083 2572 1135 αὐτὸν
2623 1077 2795 1147 εἶναι,
2839 1081 2931 1134 καὶ
2961 1081 3370 1149 ἀκατάληπτον,
3413 1079 3508 1133 καὶ
3532 1081 3726 1148 ἀπερισ-

2152 1175 2372 1244 νόητον,
2432 1173 2590 1243 μόνον
2637 1171 2694 1225 δὲ
2735 1173 2914 1224 πίστει
2958 1173 3016 1224 ἐν
3045 1172 3272 1244 ἀληθείᾳ
3305 1171 3726 1241 γινωσκόμενον,

2149 1267 2230 1319 ὅτι
2275 1265 2418 1332 ἐστι,
2475 1264 2569 1317 καὶ
2614 1266 2724 1326 τοῖς
2771 1262 3060 1332 ἀγαπῶσιν
3113 1264 3276 1316 αὑτὸν
3329 1260 3734 1334 μισθαποδότης.

2151 1358 2376 1426 γίνεται.

478 1444 891 1514 incomparabili
947 1449 1041 1502 illo
1091 1463 1178 1504 res
1207 1463 1419 1511 omnes,
1461 1465 1583 1520 (tua).
1617 1451 1670 1503 in
1707 1463 1806 1505 sua
1837 1463 2052 1518 quaque
2091 1451 2272 1518 specie
2318 1447 2678 1504 considerata:
2723 1457 3058 1517 spectatores
3101 1447 3250 1515 ipsos
3289 1446 3374 1500 sui
3435 1446 3488 1500 in
3541 1443 3712 1497 admi-

479 1535 746 1590 ratiOnem
787 1537 1003 1593 trahere
1064 1549 1313 1609 possunt,
1351 1555 1548 1611 negare
1579 1542 1732 1594 illum
1771 1555 1895 1595 cum
1937 1541 2055 1596 suis
2089 1555 2118 1594 a
2157 1557 2216 1594 se
2245 1539 2524 1609 cognosci.
2547 1538 2853 1594 Praesertim
2883 1552 3006 1592 cum
3031 1536 3232 1604 ubique
3277 1550 3449 1590 sacra:
3503 1532 3730 1587 Littera:-

479 1627 546 1680 de
577 1623 683 1680 Deo
715 1633 1006 1691 testentur,
1077 1645 1255 1700 neque
1299 1633 1474 1686 oculis
1511 1632 1686 1700 ipsum
1737 1631 1969 1700 percipi,
2023 1645 2198 1698 neque
2255 1627 2664 1698 comprehendi,
2715 1643 2818 1680 nec
2864 1626 3046 1678 animo
3079 1623 3308 1693 cogitari
3355 1637 3557 1692 posse;
3619 1621 3716 1677 scd

478 1719 533 1774 id
567 1735 734 1773 unum
761 1719 826 1774 de
859 1721 950 1774 illo
978 1737 1043 1774 ex
1075 1723 1154 1776 rei
1199 1725 1422 1778 veritate
1477 1723 1680 1793 percipi
1721 1741 1735 1777 :
1773 1723 1926 1788 Quod
1963 1723 2056 1783 sit,
2098 1721 2356 1792 quodque
2385 1721 2676 1790 diligentes
2704 1734 2762 1774 se
2793 1723 3174 1772 remuneretur
3198 1717 3238 1768 ¹.

549 1807 614 1861 ν.
643 1807 760 1862 Jam
797 1823 926 1864 vero
983 1811 1197 1880 quoties
1247 1826 1435 1866 eorum
1477 1811 1696 1882 aliquis,
1729 1812 1824 1882 qui
1857 1811 1924 1865 de
1953 1809 2046 1865 Dei

2227 1810 2300 1863 E'.
2342 1812 2508 1864 Ὅταν
2537 1809 2592 1862 δέ
2615 1827 2699 1873 τις
2730 1809 2912 1870 αὐτοῖς
2955 1807 3083 1876 εἴπῃ
3111 1805 3216 1859 τῶν
3247 1803 3422 1876 ὀρθῶς
3447 1805 3573 1875 περὶ
3594 1805 3728 1858 Θεοῦ

481 1898 676 1967 gloria,
713 1897 838 1960 ﬁde,
869 1899 1136 1952 charitate
1171 1907 1226 1954 et
1271 1901 1808 1970 incomprehensibili
1853 1908 2048 1954 natura

2170 1898 2328 1968 ἱόξης,
2359 1897 2593 1961 πίστεώς
2619 1915 2700 1960 τε,
2731 1898 2824 1951 καὶ
2853 1896 3092 1965 ἀγάπης,
3117 1895 3209 1948 καὶ
3235 1893 3612 1962 ἀκαταληψίας
3640 1895 3729 1948 δο-

483 1995 631 2042 recte
659 1991 923 2054 sentiunt,
953 1991 1054 2043 hoc
1077 1990 1183 2044 illis
1203 1991 1399 2060 objicit
1424 2009 1436 2044 :
1468 1991 1732 2047 Novimus
1751 1993 2052 2060 incompre-

482 2080 800 2135 hensibitem
841 2080 1029 2146 Deum,
1068 2083 1160 2150 qui
1195 2098 1292 2138 nec
1326 2083 1502 2138 oculis
1533 2083 1724 2148 videri,
1755 2100 1856 2138 nec
1881 2083 2052 2152 expli-

482 2170 593 2222 cari
653 2185 904 2224 sermone
969 2179 1180 2239 potest;
1227 2189 1349 2226 eum
1411 2188 1532 2234 nos,
1573 2175 1819 2244 inquam,
1861 2187 2052 2228 revera

483 2265 887 2332 cognoscimus,
944 2265 1039 2319 sed
1091 2283 1190 2321 nec
1231 2269 1616 2336 aspectabilem
1652 2277 1704 2323 et
1737 2270 2048 2338 incompre-

485 2352 805 2408 hensibilem
848 2372 969 2410 esse
1019 2359 1245 2412 scimus.
1291 2359 1366 2411 Ad
1405 2360 1514 2412 hrec
1552 2377 1702 2414 nova:
1742 2363 1844 2414 iste
1883 2361 2051 2414 diale-

483 2447 638 2497 ctica:
676 2446 1005 2500 architectus
1029 2449 1324 2512 illudendo,
1356 2465 1418 2502 ac
1447 2451 1744 2504 deridendo
1786 2451 1930 2504 velut
1973 2449 2052 2503 fa-

487 2533 666 2586 bulam
698 2536 990 2602 quamtlaiu
1052 2541 1348 2592 contexuit.
1389 2539 1615 2592 Cuinam
1659 2555 1789 2608 ergo
1826 2555 1922 2593 vos
1956 2555 2050 2593 ve-

486 2630 764 2692 stramque
809 2623 964 2678 tidem
1027 2627 1280 2690 similem,
1347 2629 1544 2697 inquit,
1593 2645 1714 2683 esse
1770 2629 2054 2682 dixerim?

487 2711 753 2765 Nimirum
779 2715 996 2779 vitiataa,
1033 2731 1096 2769 ac
1127 2733 1302 2780 caieic,
1322 2719 1499 2772 surdas
1531 2728 1798 2787 inutieque
1823 2719 2012 2788 virgini
2036 2734 2048 2768 :

487 2802 574 2854 cui
607 2803 822 2870 quidem
875 2803 1032 2873 991
1079 2807 1318 2859 oblatum
1347 2822 1467 2862 esse
1501 2815 1746 2876 stuprum
1793 2809 1886 2876 qui
1932 2825 2052 2862 eam

489 2900 692 2944 norunt
741 2907 930 2946 omnes
969 2895 1298 2964 intelligunt.
1341 2899 1408 2948 At
1463 2897 1508 2948 si
1545 2897 1670 2964 quis
1717 2897 1805 2950 ille
1839 2899 2056 2950 vitiator

489 2981 652 3035 fuerit
705 2981 1027 3051 interroges,
1083 2999 1424 3053 nequaquam
1465 2985 1679 3047 audiat;
1739 3000 1916 3054 neque
1962 2993 2056 3038 aut

491 3073 639 3124 illum
675 3081 892 3142 propter
917 3076 1214 3131 camitatem
1249 3077 1427 3130 videre
1450 3077 1643 3144 potuit,
1668 3088 1761 3128 aut
1793 3077 2054 3142 indicare,

493 3163 636 3230 quod
668 3174 814 3217 muta
838 3167 928 3226 sit,
953 3173 1151 3235 potest.
1177 3165 1364 3220 Merito
1392 3167 1556 3236 igitur
1587 3167 1638 3218 in
1663 3168 1838 3236 ipsum
1865 3168 2060 3236 ipsius-

492 3271 598 3323 que
650 3269 953 3310 sermouem
990 3257 1120 3310 illud
1155 3273 1184 3312 e
1217 3257 1500 3327 Scriptura
1545 3267 1861 3327 retorquere
1905 3259 2058 3313 licet:
2091 3239 2132 3296 ο

493 3344 840 3400 Conrcrtatur
875 3347 1024 3399 labor
1047 3347 1160 3416 ejus
1205 3348 1254 3400 in
1302 3357 1458 3416 caput
1497 3350 1684 3416 ipsius,
1709 3359 1758 3402 et
1791 3348 1978 3401 incidet
2011 3352 2064 3403 in

494 3435 696 3502 [oveam
725 3452 884 3498 quam
923 3436 1042 3504 fecit
1067 3438 1108 3500 ⁸,
1163 3455 1224 3492 ac
1259 3446 1454 3492 ρατιοιό
1485 3438 1538 3490 id
1569 3453 1760 3507 genus.
1787 3438 1884 3492 llic
1917 3440 2064 3492 enim

495 3526 626 3578 czeci
673 3527 866 3580 similis
892 3539 994 3588 est,
1040 3527 1132 3595 qui
1167 3542 1290 3580 cum
1343 3545 1406 3581 ea
1441 3529 1749 3582 calamitate
1792 3539 1953 3582 natus
1990 3530 2068 3584 lo-

495 3628 696 3689 quatur
721 3620 1014 3688 audiatque
1050 3637 1212 3689 quam
1266 3622 1519 3690 plurima,
1566 3637 1630 3676 ac
1673 3623 1796 3676 licet
1831 3625 1962 3687 albi,
2003 3639 2069 3678 ac

497 3712 661 3781 nigri,
714 3713 955 3775 caerulei,
1005 3713 1233 3780 prasini,
1303 3713 1426 3776 rufi,
1477 3730 1540 3768 ac
1593 3725 1912 3768 cancrorum
1950 3731 1980 3768 a
2011 3732 2070 3772 se

499 3799 930 3867 discrepantium
976 3801 1246 3864 colorum,
1281 3814 1491 3853 necnon
1522 3807 1574 3854 et
1621 3801 1757 3859 lueis
1815 3815 1878 3854 ac
1917 3811 2068 3854 tene-

499 3891 726 3944 brarum
755 3889 1018 3944 voeabula
1053 3897 1388 3958 pronuntiet,
1420 3906 1540 3960 qua:
1562 3891 1839 3946 auditione
1867 3893 2073 3946 didice-

499 3983 614 4045 rit,
662 3983 855 4036 hormn
917 3990 1098 4036 tamen
1147 3981 1374 4053 ﬁguram
1433 3997 1497 4036 ac
1543 3985 1778 4053 speciem
1851 3985 2074 4040 minime

503 4073 806 4144 cognoscit,
845 4088 944 4128 nec
974 4074 1280 4143 cujusmodi
1308 4075 1380 4127 sit
1401 4075 1672 4141 explicare
1705 4083 1902 4144 potest,
1930 4075 2076 4144 quod

505 4165 575 4219 ab
609 4174 762 4219 utero
797 4165 988 4220 matris
1030 4181 1207 4219 CEECtIS
1249 4165 1533 4235 prodierit,
1579 4179 1642 4218 ac
1682 4166 1910 4234 proinde
1963 4167 2072 4221 siu-

505 4255 762 4326 giﬂorum
795 4257 1132 4325 qualitatem.
1179 4256 1500 4311 discrimina
1559 4257 1828 4326 tigurasve
1866 4257 2076 4311 discer-

509 4363 637 4401 nere
666 4355 926 4416 nequeat.
987 4347 1284 4412 Quodlibet
1335 4349 1478 4403 enim
1520 4349 1752 4404 istorum
1795 4352 2078 4406 nominum

510 4455 772 4495 sensuum
843 4441 1174 4509 perceptioni
1251 4442 1706 4511 experientiteque
1789 4452 2082 4498 consenta-

511 4549 667 4586 neam
693 4535 941 4602 speciem
977 4534 1251 4602 exprimit,
1285 4535 1378 4588 sed
1424 4551 1486 4587 ea
1517 4551 1770 4590 sermone
1811 4536 2079 4591 declarari
2115 4575 2158 4629 Β

511 4626 557 4676 ei
596 4625 686 4692 qui
714 4641 819 4678 non
855 4625 1000 4678 illam
1033 4626 1209 4679 oculis
1235 4628 1535 4694 usurparit,
1572 4643 1746 4697 neque
1775 4637 1920 4683 tactu
1953 4645 2080 4698 pro-

515 4717 628 4769 bari
686 4716 1044 4782 dijudirarive
1106 4726 1302 4786 potest.
1337 4721 1514 4782 Quare
1549 4737 1674 4773 cum
1727 4723 1855 4776 (κοοί
1913 4722 1988 4775 illi
2015 4721 2082 4778 de

513 4809 646 4864 iisce
683 4810 960 4863 coloribus
1011 4811 1367 4874 disserentes,
1411 4813 1502 4881 qui
1550 4828 1674 4866 cum
1709 4816 1864 4883 nigro
1887 4815 2080 4870 candi-

514 4903 663 4964 dum,
689 4905 918 4960 viridem
934 4921 1057 4962 cum
1077 4905 1328 4970 caeruleo,
1367 4911 1479 4956 tum
1525 4919 1880 4974 purpureum,
1903 4907 2082 4960 cocci-

519 5009 702 5057 neum,
729 5007 791 5047 ac
827 5003 1052 5046 caeteros
1109 4995 1249 5045 inter
1296 5009 1354 5048 se
1407 4995 1579 5064 perite
1626 5005 1966 5065 comparant,
2015 4997 2083 5051 de

517 5084 783 5152 cujusque
807 5084 1018 5154 generis
1047 5099 1110 5137 ac
1137 5085 1338 5138 coloris
1365 5087 1626 5154 qualitate
1663 5103 1690 5139 a
1725 5089 1882 5143 nobis
1917 5089 2086 5142 inter-

519 5185 798 5245 rogantur,
851 5190 951 5230 nec
1014 5175 1158 5228 istud
1209 5177 1410 5246 eloqui,
1461 5193 1561 5232 nec
1591 5193 1620 5228 a
1660 5177 1818 5235 nobis
1871 5179 2087 5234 edoceri

519 5276 768 5338 possunt,
817 5269 910 5322 sed
963 5283 1094 5323 voce
1141 5275 1300 5325 tenus
1353 5270 1598 5338 sibiipsis
1637 5270 2003 5339 persuadent;
2031 5279 2086 5325 et

523 5359 867 5414 auditoribus
895 5359 1200 5428 imponunt,
1227 5367 1284 5414 ut
1327 5359 1542 5414 illorum
1581 5361 1878 5415 discrimen
1913 5361 2089 5431 perfe-

522 5451 768 5506 ctissime
829 5450 1028 5506 callere
1071 5450 1382 5515 videantur,
1442 5453 1662 5507 tametsi
1713 5452 1848 5505 nihil
1895 5461 2090 5522 printer

520 5544 664 5599 nuda
691 5543 856 5598 verba
901 5550 1120 5598 teneant
1168 5558 1357 5598 earum
1409 5557 1614 5606 rerum,
1646 5559 1902 5614 quarum,
1941 5546 2086 5614 quod

519 5649 615 5692 ea:
667 5635 892 5690 minime
945 5636 1405 5708 comprehendere
1465 5636 1699 5707 possint,
1761 5651 1973 5692 summa
2033 5637 2086 5690 in

2157 1989 2456 2056 ξαζόντων,
2528 1989 2608 2041 ὅτι
2644 1989 2830 2057 Ὶῐμεῖς
2877 1987 3100 2056 οἴδαμεν
3143 1985 3276 2039 Θεὸν
3327 1985 3730 2056 ἀκατάληπτον,

2155 2081 2288 2134 Θεὸν
2309 2080 2558 2149 ἀόρατον,
2581 2079 2969 2149 ἁνεκδιήγητον
2988 2095 3002 2108 ·
3027 2077 3252 2148 οἴδαμεν
3271 2077 3328 2130 δὲ
3349 2078 3509 2130 αὐτὸν
3537 2077 3728 2142 ὅντως,

2155 2171 2282 2225 ὄντα
2311 2171 2364 2224 δὲ
2394 2173 2625 2242 ἀόρατον
2653 2170 2748 2223 καὶ
2774 2170 3161 2240 ἀκατάληπτον
3183 2187 3194 2198 ·
3227 2169 3730 2240 ὲπισκωμματικῶς

2157 2263 2250 2316 καὶ
2273 2263 2513 2325 κωτίλως
2541 2262 2724 2316 λοιπὸν
2752 2263 2826 2325 ὡς
2861 2262 3026 2331 μῦθόν
3059 2279 3180 2315 τινα
3203 2262 3560 2332 διηγούμενος
3589 2261 3732 2314 ἐτόλ-

2161 2371 2330 2423 μησεν
2371 2349 2522 2415 οὗτος
2555 2355 2582 2404 ὁ
2611 2353 2708 2424 τὴν
2753 2353 2944 2423 καινὴν
2977 2351 3318 2422 διαλεκτικὴν
3353 2353 3484 2422 ἡμῖν
3511 2351 3689 2421 φέρων
3711 2367 3726 2380 ·

2157 2445 2274 2496 Τίνι
2323 2441 2415 2497 οὖν
2467 2445 2700 2508 ἐοίκατε,
2761 2444 2856 2496 καὶ
2905 2445 2937 2514 ἡ
2995 2443 3148 2514 ὑμῶν
3206 2443 3421 2507 πίστιςς
3477 2441 3730 2512 παρθένῳ

2159 2536 2455 2608 φθαρείσῃ,
2498 2535 2632 2608 οὔσῃ
2677 2535 2731 2588 δὲ
2775 2535 2966 2606 τυφλῇ,
3008 2535 3102 2587 καὶ
3133 2536 3326 2604 κωφῇ,
3375 2533 3466 2587 καὶ
3507 2531 3726 2601 ἁλάλῳ·

2157 2629 2312 2698 ἥτις,
2357 2628 2434 2680 ὅτι
2491 2627 2588 2696 μὲν
2629 2626 2929 2696 ἔφθαρται,
2979 2628 3110 2678 πᾶσι
3146 2626 3354 2696 πέφηνε
3400 2629 3510 2688 τοῖς
3560 2623 3730 2694 αὐτὴν

2159 2717 2551 2786 γινώσκουσιν·
2613 2717 2940 2788 ἐρωτωμένη
2992 2716 3046 2770 δὲ
3107 2716 3190 2780 τίς
3237 2719 3265 2770 ὁ
3311 2715 3577 2786 φθορεὺς,
3631 2717 3732 2767 οὐκ

2161 2809 2373 2872 ἀκούει,
2412 2810 2497 2862 ἵνα
2536 2808 2713 2878 μάθη’
2763 2810 2856 2861 καὶ
2894 2807 3016 2860 οὗτε
3055 2807 3266 2877 ἑώρακε
3290 2807 3380 2860 τὸν
3425 2807 3730 2877 φθείροντα,

2161 2903 2248 2956 διὰ
2293 2901 2353 2954 τὸ
2375 2900 2772 2968 τετυφλῶσθαι,
2813 2900 2934 2954 οὔτε
2959 2901 3289 2970 ἀπαγγεῖλαι
3317 2899 3647 2969 δύναται,διά
3675 2899 3738 2952 τὸ

2162 2993 2373 3046 ἄλαλον.
2431 2993 2516 3054 Ὠς
2569 2987 2708 3044 εἶναι
2756 2991 3126 3062 ἀντιστρόφως
3169 2993 3305 3061 πρὸς
3335 2993 3498 3045 αὑτὸν
3531 2992 3736 3044 καὶτὸν

2171 3084 2330 3137 αὑτοῦ
2365 3084 2554 3154 μῦθον,
2590 3083 2731 3137 κατά
2763 3084 2822 3135 τὸ
2844 3085 3224 3156 γεγραμμένον
3247 3101 3262 3115 ·
3293 3083 3680 3151 Ἐπιστρέψαι
3707 3087 3742 3136 ὁ

2166 3179 2351 3240 πόνος
2374 3175 2560 3228 αὑτοῦ
2593 3177 2679 3240 εὶς
2709 3175 2988 3243 κεφαλὴν
3019 3174 3226 3228 αὑτοῦ.
3265 3176 3376 3228 Καὶ
3399 3173 3742 3244 ἐμπεσεῖται

2165 3270 2251 3332 είς
2276 3267 2504 3334 βόθρον
2541 3265 2615 3318 ὃν
2659 3267 2975 3335 εἰργάσατο
2998 3283 3014 3298 ο
3066 3267 3160 3320 καὶ
3198 3267 3268 3320 τά
3311 3268 3519 3330 τούτοις
3561 3269 3740 3336 ὅμοια.

2165 3359 2342 3423 Αὐτὸς
2391 3359 2500 3430 γὰρ
2550 3359 2694 3411 ἔοικε
2722 3358 2905 3428 τυφλῷ
2948 3360 3008 3411 ὲκ
3061 3360 3284 3430 γενετῆς
3315 3359 3458 3412 οὕτω
3488 3376 3746 3429 γεγεννη-

2171 3453 2338 3523 μένῳ,
2369 3450 2620 3504 λαλοῦντι
2647 3450 2724 3514 δὲ,
2755 3451 2847 3503 καὶ
2879 3450 3048 3504 πολλά
3072 3451 3320 3504 λαλοῦντι
3351 3453 3444 3504 καὶΙ
3473 3451 3744 3516 ἀκούοντι,

2170 3543 2264 3597 καὶ
2289 3542 2452 3596 εἰδότι
2479 3542 2576 3611 μὲν
2607 3540 2799 3594 λευκοῦ
2827 3541 2888 3593 τὸ
2913 3541 3102 3612 ὗνομα,
3139 3543 3234 3596 καὶ
3267 3543 3516 3612 μέλανος,
3547 3541 3750 3596 κυανοῦ

2171 3650 2248 3696 τε,
2309 3633 2402 3686 καὶ
2436 3633 2696 3703 πρασίνου
2717 3672 2732 3695 ,
2769 3633 2862 3686 καὶ
2901 3633 3130 3703 πυρῤοὖ,
3170 3635 3264 3686 καὶ
3291 3634 3399 3686 τῶν
3430 3634 3604 3687 ἄλλων
3633 3635 3748 3688 δια-

2174 3723 2351 3792 φόρων
2385 3723 2684 3792 ὀνομάτων,
2732 3721 2910 3790 φωτός
2939 3739 3000 3773 τε
3034 3724 3129 3774 καὶ
3169 3723 3412 3786 σκότους,
3445 3716 3518 3775 ὧν
3553 3723 3648 3794 μὲν
3681 3723 3750 3774 τά

2172 3815 2410 3883 ὀνόματα
2440 3815 2734 3882 ἐνηχεῖται,
2781 3814 2842 3865 οὐ
2877 3814 2982 3884 μὴν
3018 3814 3074 3866 δὲ
3105 3812 3364 3882 γινώσκει
3403 3814 3456 3866 τί
3483 3815 3545 3867 τὺ
3575 3812 3714 3876 εἶδος
3733 3831 3750 3845 ⁸

2173 3905 2281 3959 οὐδ’
2303 3905 2438 3968 ὅλως
2465 3905 2684 3958 δύναται
2725 3904 2854 3958 αὐτὸ
2885 3905 3240 3976 ἑρμηνεῦσαι,
3279 3906 3368 3958 διὰ
3398 3905 3460 3958 τὸ
3497 3905 3755 3977 ἀπαρχῆς

2175 3997 2337 4050 αὐτὸν
2377 3996 2573 4064 τυφλὸν
2619 3997 2965 4068 γεννηθῆναι,
3003 3997 3098 4050 καὶ
3143 3997 3244 4067 τὴν
3287 3995 3586 4068 ἐναλλαγὴν
3625 3996 3754 4050 ἑκά-

2179 4107 2306 4159 στης
2345 4091 2629 4160 ποιότητος
2675 4091 2982 4161 χρωμάτων
3034 4092 3280 4157 ἀγνοεῖν,
3335 4091 3430 4142 καὶ
3487 4091 3548 4142 τὸ
3595 4085 3754 4151 εἶδος.

2182 4181 2448 4234 Ἕκαστον
2487 4182 2594 4250 γὰρ
2637 4181 2816 4234 αὐτῶν
2856 4181 2964 4234 τῶν
2998 4182 3276 4252 ὀνομάτων
3325 4183 3384 4234 τὸ
3425 4180 3766 4251 κατάλληλον

2179 4272 2278 4340 τῆς
2305 4272 2625 4342 διακρίσεως
2655 4271 2976 4342 διορατικῶν
2999 4273 3019 4302 ³
3047 4273 3352 4342 αἰσθήσεων
3379 4273 3490 4343 ἔχει
3516 4271 3613 4343 τὴν
3642 4273 3757 4324 πεῖ-

2185 4381 2302 4434 ραν.
2321 4365 2378 4415 οὗ
2407 4366 2511 4434 μὴν
2529 4363 2584 4416 δὲ
2599 4363 2683 4417 διὰ
2707 4365 2959 4433 φράσεως
2976 4363 3051 4435 τῷ
3073 4364 3147 4435 μὴ
3167 4364 3485 4432 γινώσκοντι
3501 4365 3756 4434 ἀπαρχῆς

2183 4455 2242 4507 τὸ
2273 4452 2432 4518 εἶδος,
2459 4455 2580 4508 οὔτε
2629 4455 2716 4509 διὰ
2751 4455 3113 4526 ψηλαφήσεως
3169 4457 3264 4509 καὶ
3291 4457 3433 4526 ἁφῆς
3465 4457 3760 4526 δυνάμενον

2183 4547 2593 4616 δοκιμασθῆναι.
2621 4547 2788 4600 Ὅταν
2817 4547 2945 4616 γοῦν
2973 4548 3022 4599 οἱ
3043 4548 3150 4600 ἀπὸ
3175 4547 3400 4615 γενετῆς
3421 4547 3610 4616 τυφλοὶ
3633 4547 3761 4616 περὶ

2185 4636 2386 4688 τούτων
2405 4635 2792 4704 διαλεγόμενοι,
2813 4636 2904 4688 καὶ
2925 4636 3123 4698 εἰδότες
3141 4633 3761 4705 ἀντιπαρακατατιθέναι

2182 4728 2242 4780 τὸ
2267 4727 2430 4796 μέλαν
2459 4728 2594 4797 πρὸς
2623 4728 2683 4779 τὸ
2712 4727 2924 4790 λευκὸν,
2954 4727 3048 4780 καὶ
3077 4727 3136 4778 τὸ
3159 4726 3363 4797 χλωρὸν
3387 4727 3521 4796 πρὸς
3544 4726 3602 4778 τὸ
3631 4726 3762 4778 κυά-

2185 4835 2324 4882 νεον,
2360 4818 2456 4870 καὶ
2494 4817 2796 4887 πορφύρεόν
2833 4815 2961 4886 [re],
2991 4815 3261 4886 κοκκηρόν
3298 4833 3378 4880 τε,
3408 4817 3502 4869 καί
3525 4815 3593 4868 τὰ
3627 4815 3762 4868 ἄλλα

2185 4909 2470 4978 χρώματα,
2497 4909 2812 4980 ὲρωτηθῶσι
2851 4909 2908 4960 δὲ
2952 4909 3043 4976 ἀφ’
3071 4906 3227 4978 ἡμῶν
3255 4909 3350 4978 τὴν
3381 4909 3640 4976 ποιότητα
3668 4907 3763 4961 τοῦ

2187 5003 2378 5064 εἴδους,
2404 5001 2496 5052 καὶ
2527 5001 2586 5052 τὸ
2614 5001 2808 5071 χρῶμα
2835 5001 3069 5068 ἑκάστης
3097 4999 3397 5068 ποιότητος,
3428 5000 3550 5052 οὔτε
3577 4999 3766 5054 δύναν-

2187 5110 2278 5144 ται
2311 5093 2503 5154 εἰπεῖν,
2551 5091 2673 5144 οὔτε
2709 5093 2800 5159 ἀφ’
2835 5092 2991 5160 ἡμῶν
3028 5092 3360 5162 διδαχθῆναι,
3395 5093 3555 5161 μόνον
3591 5092 3646 5144 δὲ
3678 5092 3766 5146 διά

2189 5182 2346 5250 λόγου
2387 5183 2644 5236 πείθωσιν
2677 5181 2696 5212 ⁸
2730 5181 2936 5234 ἑαυτῶν
2977 5183 3073 5253 τὴν
3111 5183 3368 5246 διάνοιαν,
3413 5182 3662 5235 ἀπατῶσι
3707 5182 3766 5234 δὲ

2189 5275 2313 5336 τοὺς
2353 5273 2649 5336 ἀκούοντας
2667 5313 2681 5337 _,
2726 5272 2800 5334 ὡς
2829 5273 3030 5335 εἰδότες
3054 5272 3254 5324 τέλειον
3281 5272 3410 5342 περὶ
3439 5273 3537 5342 τῆς
3557 5273 3772 5341 διακρί-

2194 5381 2348 5426 σεως,
2379 5363 2480 5416 κᾶν
2509 5381 2568 5415 τε
2599 5363 2675 5434 τῷ
2712 5363 2853 5433 λόγῳ
2879 5362 3096 5430 λέγωσι,
3125 5363 3224 5432 τὴν
3255 5361 3529 5430 ἀγνωσίαν
3558 5361 3644 5414 διὰ
3667 5353 3770 5430 τῆς

2195 5453 2573 5524 ἀκαταληψίας
2601 5455 2926 5524 κεκτημένοι
2951 5473 2964 5485 ·
3002 5453 3142 5506 οὕτω
3176 5455 3270 5508 καὶ
3297 5447 3450 5516 οὗτος
3473 5454 3598 5524 ἥκει
3635 5455 3778 5525 ἡμῖν

2195 5545 2365 5612 λέγων
2389 5547 2516 5616 περὶ
2538 5546 2671 5598 Θεοῦ
2687 5562 2702 5577 ·
2733 5547 2825 5599 καὶ
2845 5545 3164 5618 ἐπιφημίζει
3187 5547 3285 5616 μὲν
3311 5545 3643 5618 σκωπτηλῶς
3667 5544 3768 5612 τῆς

2194 5637 2412 5698 ἀλάλου,
2445 5638 2536 5690 καὶ
2559 5639 2766 5710 κωφῆς,
2789 5639 2882 5693 καὶ
2903 5639 3108 5711 τυφλῆς
3135 5638 3400 5710 παρθένου
3421 5638 3519 5710 τὴν
3541 5637 3777 5710 φθοράν,

607 5789 626 5824 ⁸
665 5789 832 5849 Hebr.
873 5809 950 5855 ιι,
981 5793 1032 5852 6.
1109 5795 1129 5826 ¹
1165 5791 1311 5850 Psal.
1345 5811 1440 5862 vn,
1477 5795 1563 5896 Ni.z
1591 5794 1675 5851 l7.
1750 5793 1772 5827 ³
1799 5791 1858 5849 F.
1893 5793 1958 5850 δι’
1989 5795 2067 5866 ὀμ

2223 5793 2240 5824 ⁸
2275 5791 2334 5846 F.
2381 5795 2655 5850 πείθουσιν
