4134 6392
382 454 484 512 637

1021 444 1388 505 ADVERSUS
1428 442 1592 499 ΗΕΒ
1602 439 1785 525 ESES.
1804 437 1948 514 leB.

2123 433 2285 491 T031.
2327 432 2461 487 l.—
2496 424 2770 484 HASBES.
2807 419 3038 480 LXXVI.

3527 402 3634 467 653

382 567 545 631 αὐτὸς
578 563 719 620 κατά
746 563 847 635 ¹τὴν
876 560 1043 616 αὐτοῦ
1080 558 1430 632 βλασφημίαν
1462 520 1801 628 ἐφθαρμένος
1832 552 1966 623 μᾶλ-

2094 546 2411 622 gnoratione
2442 548 2749 599 versantur.
2789 534 2871 591 Ad
2900 533 3045 589 hunc
3074 528 3296 586 modum
3310 526 3402 582 ille
3436 522 3503 579 de
3525 520 3637 577 Deo

383 661 508 724 λον,
548 657 646 714 καὶ
679 656 777 729 τὴν
818 656 1090 724 ἀγνωσίαν
1110 696 1125 719 ,
1171 654 1247 717 ὡς
1286 652 1396 706 ἀπὸ
1432 649 1657 720 γενετῆς
1692 646 1965 716 τύφλωσιν

384 750 741 868 κεκτημένος,
783 748 957 817 λέγων
1006 747 1104 818 μὲν
1147 746 1277 817 περὶ
1319 743 1478 808 Θεοῦ,
1519 742 1694 806 λόγοις
1724 739 1779 792 δὲ
1805 740 1960 792 ἀπει-

383 859 587 906 καίων.

2071 655 2377 697 sermonem
2425 632 2684 696 instituit,
2743 635 2797 684 et
2847 630 3160 694 corruptam
3224 619 3411 675 nescio
3470 627 3637 685 quam

2073 732 2255 798 nobis,
2288 738 2515 791 mutam,
2551 740 2614 779 ac
2661 720 2883 776 surdam
2922 727 3233 784 caecamque
3250 709 3516 781 virginem
3540 714 3640 774 per

2070 826 2367 883 ludibrium
2396 820 2604 892 objicit,
2640 832 2741 891 pro
2761 826 2859 868 sua
2884 809 2940 863 in
2971 807 3215 863 divinum
3251 814 3452 858 numen
3484 806 3642 868 petu-

385 934 554 988 lantia
602 938 897 1000 corruptus
949 928 1086 999 ipse,
1139 933 1193 982 et
1242 922 1553 996 ignorantia
1583 922 1733 977 velut
1788 920 1856 975 ab
1917 920 2131 988 origine
2178 887 2480 973 contracta-
2514 887 2758 965 catci'tate
2791 903 3071 958 laborans.
3113 896 3218 963 Qui
3285 895 3363 948 ita
3413 891 3480 946 de
3524 887 3637 942 Deo

385 1029 648 1096 disputat,
679 1034 741 1079 ut
771 1023 840 1078 de
866 1021 986 1092 ejus
1021 1028 1216 1075 natura
1249 1015 1669 1074 sermocinando
1718 1013 1990 1083 conjicere
2030 1027 2094 1066 ac
2128 1011 2377 1067 divinare
2407 1005 2643 1060 studeat.

457 1117 550 1185 ς’.
581 1115 779 1170 Λοιπὸν
812 1112 870 1166 δὲ
902 1112 997 1165 καὶ
1025 1111 1106 1173 είς
1131 1107 1512 1177 ἀναισχυντίαν
1537 1105 1662 1166 τοὺς
1686 1104 1776 1157 ὑπ’
1800 1101 1964 1156 αὑτοῦ

391 1205 909 1282 μεμαθητευμένους
955 1199 1406 1274 παρασκευάσας.
1453 1198 1617 1251 Οὐδὲν
1646 1197 1754 1266 γὰρ
1784 1195 1966 1258 αὐτοῖς

387 1278 708 1373 ἀτόλμητον.
736 1296 1126 1368 Βλασφημοῦσι
1154 1295 1250 1366 μὲν
1275 1289 1368 1346 οὖν
1391 1288 1685 1363 προφητῶν
1704 1278 1965 1358 ὀνόματα,

388 1395 486 1449 καὶ
507 1391 819 1447 ἀποστόλων
838 1406 852 1421 ·
886 1391 1013 1444 ὅταν
1036 1386 1383 1457 ἐλεγχόμενοι
1408 1382 1513 1437 ὑπό
1532 1397 1693 1436 τινων
1720 1377 1970 1433 ὑπωπιά-

389 1484 591 1552 ζωνται
612 1486 652 1551 ¹,
687 1484 848 1546 εὐθὺς
866 1481 1276 1552 ὑποτρέχοντες,
1314 1476 1408 1530 καὶ⁵
1439 1473 1844 1545 ἀποπηδῶντες,
1875 1470 1970 1524 καὶ

394 1580 645 1647 λέγοντες
669 1595 683 1608 ·
730 1576 899 1629 Τοῦτο
938 1576 967 1627 ό
1003 1571 1325 1632 Ἀπόστολος
1370 1568 1445 1632 ὡς
1496 1565 1781 1637 ἄνθρωπος
1830 1562 1966 1634 ἐ(971⁸

389 1638 577 1724 ἄλλοτε
597 1638 675 1732 δέ,
700 1667 765 1720 Τί
791 1683 880 1736 μοι
923 1664 1110 1735 φέρεις
1159 1664 1229 1715 τά
1259 1661 1357 1730 τῆς
1404 1658 1645 1719 Παλαιάς
1665 1638 1968 1724 Διαθήκηςξ

391 1763 505 1815 Οὐκ
542 1759 658 1813 ἐστι
695 1758 753 1810 δὲ
781 1757 1089 1828 θαυμαστὸν
1135 1754 1277 1810 κατά
1323 1753 1391 1806 τὰ
1438 1750 1542 1803 ὑπὸ
1581 1746 1676 1802 τοῦ
1721 1747 1972 1817 Σωτῆρος

390 1851 689 1929 εἰρημένα,
747 1849 829 1903 ὅτι

390 1928 719 2005 ἐκάλεσαν,
757 1944 927 2009 πόσῳ
947 1940 1190 2011 μᾶλλον
1216 1937 1359 2004 τοὺς
1391 1933 1725 1999 οὶκειακοὺς
1746 1928 1972 1993 αὐτοῦς

393 2040 457 2092 Εἰ
490 2037 622 2108 γοῦν
647 2036 809 2092 αὐτὸν
848 2035 940 2088 τὸν
975 2032 1200 2104 Κύριον,
1234 2030 1329 2084 καὶ
1371 2029 1471 2099 τὴν
1511 2023 1767 2096 ἀληθινὴν
1810 2019 1974 2076 αὑτοῦ

392 2124 552 2199 δόξαν
593 2128 902 2203 ἀρνοῦνται,
949 2127 1102 2196 πόσῳ
1140 2139 1205 2193 γε
1241 2121 1438 2194 μᾶλλον
1478 2118 1763 2191 προφήτας
1786 2112 1974 2177 αὑτοῦ,

396 2227 491 2281 καὶ
515 2223 844 2286 ἀποστόλους
863 2217 1082 2287 ;¹Έτιδὲ
1116 2217 1197 2279 είς
1227 2211 1621 2287 περισσοτέραν
1651 2208 1846 2280 μανίαν
1877 2206 1978 2276 ἀρ-

398 2315 581 2378 θέντες
611 2314 662 2365 οἱ
698 2313 793 2366 ἀπ’
825 2307 988 2364 αὐτοῦ
1028 2303 1524 2378 μεμαθητευμένοι,
1564 2302 1657 2354 καὶ
1704 2300 1732 2351 ὁ
1774 2296 1987 2350 τούτων

397 2406 638 2475 διάδοχος
664 2400 928 2473 Εὑνόμιός
958 2417 1041 2463 τις
1079 2393 1447 2467 ψευδωνύμως
1488 2390 1820 2461 καλούμενος
1844 2429 1861 2453 ,
1899 2386 1979 2440 ἔτι

399 2499 495 2554 καὶ
518 2497 676 2569 δεῦρο
706 2504 910 2567 περιὼν
951 2492 1031 2565 τῷ
1072 2490 1192 2562 βίῳ,
1247 2489 1388 2559 μέγα
1432 2486 1641 2540 κακὸν²
1683 2481 1938 2553 τόλμημα
1963 2497 1976 2509 ·

397 2589 754 2654 ἀναΰαπτίζει
768 2588 876 2659 γάρ
895 2586 1020 2649 τοὺς
1039 2585 1139 2657 ἡδη
1164 2579 1576 2654 βαπτισθέντας,
1597 2576 1657 2630 οὐ
1684 2575 1843 2645 μόνον
1857 2572 1982 2634 τοὺς

398 2683 507 2738 ἀπὸ
532 2679 827 2755 ὁρθοδόξων
854 2677 990 2748 πρὸς
1015 2675 1174 2729 αὑτὸν
1214 2669 1543 2744 ἐρχομένους
1571 2668 1666 2721 καὶ
1698 2665 1980 2736 αἱρέσεων,

398 2776 535 2831 ἀλλά
554 2774 646 2828 καὶ
671 2774 799 2835 τοὺς
822 2771 916 2826 ἀπ’
940 2767 1119 2823 αὐτῶν
1142 2764 1250 2819 τῶν
1267 2760 1580 2834 Ἀρειανῶν.
1600 2756 1982 2817 Ἀναϐαπτιςει

400 2869 455 2925 δὲ
480 2867 675 2929 αὐτοὺς
703 2866 781 2927 εἰς
800 2862 969 2933 ὄνομα
990 2859 1124 2913 Θεοῦ
1151 2857 1424 2916 ἀκτίστου,
1446 2853 1541 2905 καὶ
1561 2850 1640 2914 εἰς
1667 2849 1838 2918 ὄνομα
1857 2843 1985 2897 Υἱοῦ

401 2959 782 3029 κεκτισμένου,
820 2955 915 3010 καὶ
961 2954 1042 3016 εἰς
1080 2951 1252 3021 ὄνομα
1288 2946 1605 3017 Πνεύματος
1641 2935 1984 3008 ἀγιαστικοῦ,

402 3050 498 3104 καὶ
514 3048 617 3102 ὑπὸ
655 3045 749 3101 τοῦ
783 3042 1138 3113 κεκτισμένου
1166 3037 1294 3092 Υίοῦ
1336 3032 1667 3096 κτισθέντος.
1695 3031 1810 3083 ’Ίνα
1843 3027 1898 3080 δὲ
1929 3025 1990 3078 τὸ

406 3143 514 3196 πᾶν
550 3139 794 3202 κυϐείας,
823 3137 919 3191 καὶ
941 3133 1198 3205 θυμέλης,
1213 3132 1309 3184 καὶ
1323 3124 1600 3200 σκηνῆςτὺ
1630 3122 1989 3195 ἐργαστήριον

405 3234 586 3289 αὐτῶν
597 3231 807 3301 ὀφθείη,
827 3228 1104 3283 ὃτιούκέτι
1117 3223 1345 3293 πίστιςή
1366 3222 1458 3274 ἀπ’
1488 3216 1667 3270 αὐτῶν
1685 3211 1989 3280 καταγγελ-

406 3326 630 3398 λομένη,
646 3321 996 3393 ἀλλά,σχεδδν
1012 3319 1203 3380 εἰπεῖν,
1227 3316 1407 3388 μίμων
1427 3309 1805 3384 ἐργαστήριον·
1822 3302 1994 3358 διεϐε-

410 3416 715 3473 ϐαιὼσαντό
735 3431 899 3481 τινες,
925 3415 1008 3468 ὅτι
1037 3409 1179 3465 κατά
1212 3405 1451 3477 κεφαλῆς
1476 3404 1601 3465 τοὺς
1624 3393 1991 3459 ἀναὸαπτιζο-

416 3512 611 3583 μένους
628 3507 901 3581 βαπτίζει,
926 3506 1023 3560 καὶ
1037 3504 1162 3567 τοὺς
1184 3501 1346 3563 πόδας
1374 3499 1507 3562 ἄνω,
1521 3496 1616 3550 καὶ
1635 3494 1732 3565 τὴν
1751 3488 1992 3561 κεφαλὴν

412 3579 582 3655 κάτω·
602 3579 697 3653 καὶ
711 3596 883 3661 οὕτως
899 3594 1185 3665 ἐνωμότως
1206 3590 1449 3661 βιάζεται
1470 3586 1668 3647 αὐτοὺς
1683 3581 1899 3654 ὀμόσαι,
1918 3579 1993 3649 μὴ

414 3690 766 3761 ἀποπηδῆσαι
795 3688 895 3758 τῆς
924 3686 1025 3740 ἀπ’
1051 3682 1216 3738 αὑτοῦ
1245 3676 1707 3753 μεμηχανημένης
1734 3670 1991 3741 τοιαύτης

414 3783 697 3855 αἱρέσεως.
731 3779 869 3833 Φασὶ
901 3778 958 3832 δὲ
983 3777 1075 3831 τὸν
1097 3774 1259 3828 αὑτὸν
1292 3772 1493 3825 Ἀέτιον
1522 3767 1660 3840 μετά
1687 3766 1785 3837 τὴν
1811 3763 1994 3818 τελευ-

414 3854 513 3944 τῆν
555 3870 934 3926 Κωνσταντίου
972 3866 1077 3921 ὑπὸ
1113 3860 1398 3918 ἰουλιανοῦ
1439 3858 1534 3924 τοῦ
1580 3854 1995 3929 βασιλεύσαντος

416 3964 795 4037 ἀνακληθέντα
830 3963 930 4032 τῆς
968 3958 1204 4030 ὲξορίας,
1242 3954 1321 4009 ἔτι
1351 3955 1488 4007 ὄντα
1508 3950 1753 4004 διάκονον
1775 3947 1874 4015 τῆς
1902 3945 2000 3998 αὺ-

421 4341 761 4408 provectum.

494 4423 681 4477 Ταῦτα
708 4422 765 4474 δὲ
797 4420 879 4482 εἰς
899 4417 1047 4488 ἡμᾶς
1075 4413 1296 4468 ἐλθόντα
1323 4410 1553 4472 Ἀετίου,
1586 4406 1681 4460 καὶ
1703 4402 1814 4458 τῶν
1839 4397 2001 4456 αὑτοῦ

427 4511 697 4586 μαθητῶν.
755 4505 1152 4568 Οἷστισίητινες
1200 4501 1508 4573 Ἀνομοίους
1536 4496 1790 4550 ἐπέθεντο
1809 4495 2000 4562 ὄνομα,

422 4582 511 4661 διὰ
551 4606 613 4659 τὸ
644 4604 724 4657 ἔτι
755 4598 1144 4673 περισσότερον
1182 4596 1280 4665 τῆς
1306 4593 1400 4647 τοῦ
1434 4591 1641 4663 Ἀρείου
1669 4582 2005 4658 πεφρονηκέ-

423 4719 513 4755 ναι
540 4698 700 4753 αὐτὸν
729 4694 994 4767 αἱρέσεως
1020 4686 1335 4758 δεινοτέρως
1356 4702 1369 4715 ’
1409 4684 1567 4738 ἆτινα
1596 4679 1738 4734 κατὰ
1765 4677 1824 4731 τὸ
1848 4677 2007 4730 δυνα-

424 4793 516 4848 τὸν
547 4785 900 4860 λεπτομερῶς
941 4787 999 4837 ὲν
1030 4780 1150 4851 Θεῷ
1187 4775 1565 4845 διεξελθόντες,
1610 4772 1798 4843 ὥσπερ
1837 4768 2007 4822 πολύ-

424 4901 561 4937 πουν
592 4876 1012 4948 σκολόπενδραν,
1045 4873 1140 4925 καὶ
1174 4868 1347 4922 ἴουλον
1376 4865 1441 4921 τὸ
1473 4864 1808 4935 καλούμενον
1840 4863 2008 4932 ἑρπεοε

425 4977 518 5030 τὸν
539 4975 618 5046 τῷ
654 4973 753 5043 τῆς
791 4967 1052 5040 ἀληθείας
1098 4964 1221 5018 ποδὶ
1256 4960 1767 5030 καταπατήσαντες,
1807 4956 1901 5009 καὶ
1941 4955 2007 5023 τῇ

425 5064 521 5118 τοῦ
583 5044 924 5129 Μονογενοῦς
981 5052 1212 5123 ἀληθινῇ
1275 5048 1536 5121 ὁμολογίᾳ
1590 5044 2008 5117 συντρίψαντες,

431 5152 678 5227 συνήθως
718 5147 841 5219 Θεῷ
895 5140 1374 5217 εὐχαριστοῦντες,
1424 5138 1525 5208 τὴν
1567 5135 1732 5189 αὑτοῦ
1785 5132 2011 5203 δύναμιν

430 5245 764 5316 ἐπαγόμενοι
804 5242 883 5304 εἰς
930 5236 1179 5310 βοήθειαν
1222 5232 1323 5302 τῆς
1373 5228 1646 5302 ἡμετέρας
1705 5226 2010 5290 ἀσθενείας,

430 5338 526 5393 ἐπὶ
553 5315 653 5400 τάς
685 5333 812 5404 ἑξῆς
848 5326 1264 5398 ὑπολειφθείσας
1302 5322 1444 5375 κατά
1475 5321 1576 5392 τὴν
1604 5318 1832 5389 δύναμιν
1854 5315 2013 5388 ἡμῶν

432 5431 528 5484 καὶ
566 5423 869 5494 κατάληψιν
917 5419 1076 5492 ἡμῶν
1104 5420 1305 5491 ἴωμεν,
1356 5408 1402 5468 ὦ
1449 5411 1803 5482 ἐπιπόθητοι,
1850 5406 2014 5462 αὑτὸν

433 5517 885 5590 ἐπικαλούμενοι,
918 5516 994 5580 ὡς
1018 5514 1153 5586 ἔφην
1170 5554 1185 5580 ,
1227 5512 1317 5566 τὸν
1343 5508 1619 5578 Δεσπότην
1646 5502 2014 5574 συμπαρεῖναι

432 5615 569 5683 ἡμῖν
596 5611 733 5682 πρὸς
756 5608 855 5681 τὴν
882 5608 1108 5662 ἐκείνων
1127 5601 1397 5668 ὑπόδειξιν
1420 5600 1515 5656 καὶ
1534 5597 1634 5670 τὴν
1656 5595 1794 5666 πρὸς
1819 5592 2015 5655 αὐτοὺς

437 5682 772 5776 ἀνατροπήνο
789 5701 876 5755 ἵνα
898 5702 956 5753 ὲν
980 5700 1048 5770 τῇ
1070 5695 1235 5752 αὐτοῦ
1255 5694 1480 5765 δυνάμει
1504 5688 1865 5762 δυνηθείημεν
1880 5682 2016 5754 πλη-

519 5860 540 5894 ⁸
575 5857 638 5917 εκ
665 5856 1070 5925 ὑποπιὲζονται.
1145 5857 1165 5886 ²
1194 5852 1255 5909 F.
1285 5849 1489 5905 κακῶν.
1565 5847 1585 5879 ⁸
1614 5843 1804 5900 Matth.
1834 5856 1924 5911 xx,
1947 5838 2039 5893 ἓξ.

2146 1099 2235 1155 VI.
2267 1097 2552 1154 Postremo
2586 1090 2884 1161 discipulos
2915 1098 3048 1141 suos
3092 1078 3159 1135 ad
3187 1083 3489 1132 extremam
3544 1070 3632 1124 im-

2075 1190 2389 1263 pudentiam
2424 1185 2698 1257 perduxit.
2747 1179 2892 1235 Nihil
2930 1174 3075 1231 enim
3117 1179 3203 1226 est
3242 1180 3352 1238 quo
3380 1178 3489 1218 non
3521 1161 3644 1216 illo~

2073 1254 2197 1340 rum
2226 1254 2501 1353 pertingat
2544 1273 2792 1331 audacia.
2824 1269 3219 1338 Prophetarum
3254 1254 3651 1328 apostolorum-

2073 1391 2180 1447 que
2207 1374 2426 1429 nomina
2460 1365 2809 1424 contumeliis
2843 1361 3153 1416 incessunt.
3182 1350 3430 1420 Cumque
3463 1341 3648 1411 urgeri

2075 1467 2349 1523 rationum
2380 1464 2453 1527 vi,
2498 1475 2563 1515 ac
2600 1456 2742 1513 male
2761 1454 2927 1525 992
2966 1446 3150 1505 haberi
3199 1439 3486 1511 coeperint,
3515 1434 3651 1490 εσυ-

2077 1560 2230 1631 giunt
2295 1552 2524 1612 subinde
2575 1564 2638 1604 ar
2700 1546 3024 1622 prosiliunt;
3081 1547 3157 1605 et,
3191 1534 3320 1597 Ista,
3370 1530 3648 1602 inquiunt,

2076 1618 2412 1722 ipostolus,
2481 1618 2739 1714 tanquam
2798 1638 2982 1701 homo,
3040 1631 3197 1688 dixit.
3243 1626 3393 1680 Alias
3454 1618 3652 1688 :Quid

2080 1708 2144 1799 ll;
2178 1741 2311 1796 mihi
2339 1708 2530 1801 vetus,
2563 1708 2737 1797 aiunt,
2782 1729 3192 1784 Testamentum
3228 1714 3462 1786 objicis?
3491 1708 3652 1779 Quod

885 1803 954 1901 Et
998 1847 1107 1902 τὸν
1142 1803 1579 1910 οἰκοδεσπότην
1618 1803 1976 1898 Βεελζεϐοὺλ

2094 1832 2296 1905 ιιιίᾶειιι
2346 1828 2571 1883 minime
2613 1823 2814 1880 mirttm
2851 1825 2957 1883 est,
2991 1815 3037 1872 si
3082 1813 3290 1868 dictum
3327 1803 3462 1862 illud
3531 1803 3657 1858 Sal-

2073 1924 2278 1980 vatoris
2333 1918 2713 1976 consideretur
2768 1932 2782 1967 :

2840 1910 2902 1967 Si
2947 1906 3162 1962 Patrem
3201 1897 3438 1973 [antilias
3493 1893 3650 1950 Beel-

2077 2015 2239 2072 zebub
2272 2019 2602 2074 vocaverunt,
2634 2012 2829 2077 quanto
2855 2000 3022 2071 magis
3060 1993 3374 2050 domesticos
3403 1987 3552 2042 illius
3581 1984 3603 2017 ³
3626 1984 3652 2038 ?

2086 2106 2144 2163 Si
2168 2106 2454 2162 Dominum
2508 2101 2708 2170 ipsum,
2737 2111 2800 2152 ac
2849 2105 3042 2149 verum
3070 2088 3192 2157 ejus
3215 2084 3407 2145 decus,
3455 2086 3511 2135 et
3538 2075 3658 2148 glo-

2079 2202 2217 2256 riam
2254 2168 2664 2266 abnegareinon
2688 2187 2965 2259 dubitant,
2993 2186 3203 2253 quanto
3227 2173 3399 2245 magis
3423 2168 3659 2242 prophe-

2080 2305 2165 2351 tas
2225 2293 2393 2356 illius,
2449 2296 2503 2344 et
2531 2284 2808 2357 apostolos
2856 2274 3172 2350 negabunt?
3219 2270 3490 2325 Praeterea
3528 2277 3660 2317 vero

2081 2389 2288 2457 majore
2344 2382 2577 2449 quadam
2636 2375 2850 2432 insania
2889 2387 2954 2426 ae
2997 2369 3182 2423 furore
3224 2360 3461 2429 correpti
3511 2352 3657 2409 Aetii

2082 2471 2358 2542 discipuli,
2393 2485 2514 2524 cum
2581 2466 2776 2520 horum
2833 2470 3173 2518 successore,
3214 2451 3306 2522 qui
3358 2445 3663 2504 Eunomius

2090 2567 2230 2622 [also
2259 2563 2667 2623 nominatur,et
2695 2555 2760 2610 ad
2793 2555 2906 2608 haec
2932 2560 3175 2618 tempora
3208 2547 3482 2612 superest,
3514 2532 3663 2590 aliud

2085 2655 2347 2728 quiddam
2417 2652 2743 2708 sceleratum
2809 2659 2872 2699 ae
2926 2639 3195 2697 nefarium
3244 2630 3591 2709 committunt
3643 2643 3659 2681 :

2088 2704 2347 2728 ,_._"_--
2419 2704 2553 2708 --η

2086 2748 2354 2823 siquidem
2415 2761 2512 2799 eos
2569 2740 2662 2810 qui
2716 2735 2979 2808 haptizati
3031 2731 3143 2800 jam
3200 2725 3422 2786 fuerint,
3468 2704 3664 2773 iterum

2088 2816 2329 2912 baptizat
2366 2833 2689 2893 Eunomius,
2748 2844 2859 2883 non
2919 2824 3082 2879 modo
3132 2819 3224 2890 qui
3276 2832 3306 2870 a
3345 2810 3665 2877 Catholicis,

2090 2941 2182 2989 aut
2210 2932 2278 2987 ab
2304 2930 2427 2984 aliis
2459 2924 2763 2981 haeresibus
2788 2963 2803 2988 ,
2839 2918 2934 2975 sed
2971 2932 3063 2972 eos
3090 2913 3254 2969 etiam
3290 2908 3381 2979 qui
3413 2906 3481 2960 ab
3501 2901 3668 2973 ipsis-

2090 3032 2203 3081 met
2230 3021 2450 3076 Arianis
2472 3017 2753 3074 deﬁciunt.
2784 3007 3019 3079 Repetiti
3042 3018 3207 3076 porro
3236 3001 3384 3055 illius
3408 2991 3670 3066 baptismi

2092 3134 2154 3172 ea
2187 3114 2416 3187 formula
2449 3120 2531 3167 cst
2562 3126 2575 3162 :
2605 3108 2661 3162 lu
2696 3104 2917 3160 nomine
2954 3099 3043 3154 Dei
3082 3093 3330 3156 increati,
3365 3097 3420 3144 et
3458 3089 3515 3141 in
3562 3098 3663 3138 uo-

2096 3212 2243 3266 tnine
2304 3205 2425 3260 Filii
2471 3202 2663 3264 creati,
2702 3206 2750 3253 el
2790 3199 2843 3250 in
2890 3191 3108 3247 nomine
3143 3187 3379 3257 Spiritus
3409 3176 3658 3236 sanctiﬁ-

2097 3302 2274 3359 cantis
2316 3306 2371 3354 et
2416 3311 2446 3350 a
2490 3300 2676 3349 creato
2713 3286 2852 3342 Filio
2885 3279 3178 3355 procreati.
3226 3277 3400 3344 Atque
3439 3279 3496 3324 ut
3534 3274 3652 3321 tota

2096 3393 2314 3449 illorum
2364 3386 2536 3449 fraus,
2571 3396 2635 3436 ac
2683 3376 2914 3436 scenica:
2935 3372 3082 3427 velut
3118 3377 3285 3430 artes,
3334 3370 3389 3417 et
3435 3357 3668 3413 fallacia:

2099 3483 2319 3556 penitus
2369 3477 2705 3549 appareant;
2757 3474 2812 3524 et
2859 3464 2916 3519 id
2978 3458 3205 3517 omnino
3257 3456 3498 3511 constet,
3563 3458 3674 3500 non

2100 3537 2262 3628 iidem
2297 3537 2613 3637 esse-quod
2658 3558 2748 3616 isti
2808 3553 3128 3628 praedicant,
3191 3543 3288 3602 sed
3340 3537 3674 3595 histrionum

2095 3665 2369 3721 ollieiuam
2403 3677 2419 3728 ;
2457 3625 2587 3713 sunt
2619 3653 2715 3725 qui
2749 3625 2995 3709 narrent,
3035 3643 3307 3713 quotquot
3360 3632 3429 3686 ab
3476 3629 3547 3683 iis
3583 3625 3678 3681 de-

2096 3717 2655 3825 nuobaptizantur,
2692 3744 2751 3799 in
2813 3745 2979 3810 caput
3023 3729 3287 3801 demergi,
3331 3723 3570 3825 pedibus.
3622 3717 3678 3772 in

2099 3811 2664 3917 sublime-porrectis;
2696 3837 2881 3904 itaque
2901 3823 3292 3901 jusjurandum
3322 3817 3468 3887 adigi
3499 3811 3682 3869 :Nun-

2100 3954 2263 4011 quam
2311 3908 2377 3991 se
2424 3934 2494 3988 ab
2539 3930 2689 3984 illius
2727 3938 2917 3982 errore
2963 3928 3127 3989 atque
3170 3911 3365 3968 haeresi
3402 3908 3680 3962 discessu-

3379 4000 3413 4011 ι-
3524 4004 3536 4011 .
3617 3990 3680 4011 ,η

2105 4482 2308 4552 stigare
2358 4472 2657 4545 potuimus.
2706 4464 2858 4531 Quos
2922 4453 3172 4515 nonnulli
3221 4452 3539 4513 Anommos,
3583 4449 3683 4505 hoc

2110 4582 2194 4630 est
2236 4564 2548 4625 dissimiles,
2600 4558 2888 4614 nominant
2922 4546 3104 4620 :quod
3152 4544 3411 4597 Arianam
3453 4540 3687 4595 haresin

2120 4662 2371 4719 uberiore
2404 4654 2640 4727 quadam
2693 4662 2758 4702 ac
2795 4644 2969 4716 magis
3000 4633 3337 4696 exsecranda
3371 4631 3686 4703 dogmatum

2115 4753 2393 4824 impietate
2421 4721 2782 4815 superarunt.
2830 4736 2907 4790 De
2938 4732 3136 4804 quibus
3168 4732 3519 4796 posteaquam
3570 4721 3688 4776 sin-

2116 4815 2342 4921 gillatim
2369 4856 2470 4914 pro
2504 4837 2737 4900 viribus,
2788 4830 2969 4887 divina
3006 4825 3308 4896 opitulante
3345 4818 3541 4891 gratia,
3568 4815 3685 4871 dis-

2119 4908 2430 5013 putavimus
2456 4970 2470 4997 ,
2511 4946 2575 4985 ac
2616 4929 2765 4983 velut
2817 4918 3166 4989 multipedem
3213 4908 3629 4981 scolopendram
3654 4943 3673 4971 ,

2113 4998 2258 5105 quod
2312 5024 2507 5085 insecti
2541 5018 2924 5094 genusjiulum
2969 5017 3186 5074 vocant,
3243 5005 3489 5061 veritatis
3548 4998 3685 5071 pede

2114 5120 2573 5198 proculcavimus,
2599 5126 2656 5169 et
2685 5110 2831 5166 unici
2881 5106 2973 5161 Dei
3024 5102 3142 5158 Filii
3178 5112 3304 5154 vera
3340 5092 3691 5150 confessione

2115 5216 2493 5275 contrivimus,
2531 5206 2725 5280 gratiis
2764 5202 2874 5257 Deo
2929 5211 3082 5253 more
3126 5199 3318 5247 nostro
3363 5184 3682 5259 persolutis,

2116 5308 2280 5381 993
2317 5274 2559 5376 ejusque
2577 5299 2645 5353 ad
2689 5288 3080 5351 imbecillitatis
3133 5291 3339 5339 nostra:
3372 5274 3690 5350 praesidium

2115 5373 2404 5473 i'm'plvo'ra-ta
2450 5373 2673 5456 virtute,
2730 5386 2797 5442 ad
2847 5380 3086 5451 reliquas
3137 5376 3372 5429 haereses
3400 5382 3500 5439 pro
3526 5373 3695 5437 captu

2113 5455 2313 5551 virium
2344 5494 2657 5545 nostrarum
2688 5472 3165 5546 intelligentiaaque
3208 5471 3571 5535 transeamus.
3600 5455 3681 5508 Ae

2117 5570 2333 5641 Domini
2364 5580 2419 5635 in
2443 5573 2636 5649 primis
2659 5583 2840 5643 Opem,
2861 5573 2923 5621 ut
2941 5561 3200 5624 diximus,
3214 5553 3592 5626 imploremus,
3617 5551 3679 5598 ut

2444 5633 2818 5740 explicandas
2846 5672 2912 5714 ac
2949 5648 3266 5713 relutandas
3296 5647 3497 5716 prresto
3518 5633 3690 5695 nobis

2612 5886 2643 5911 θ
