4134 6392
493 422 597 480 639

1889 425 1946 478 S.
1983 422 2320 478 EPIPHANII

3639 429 3744 484 650

491 559 612 598 esse
647 541 775 595 velit
811 559 822 594 ;
857 556 964 610 quo
1013 540 1154 594 illius
1196 540 1403 595 viribus
1462 555 1526 594 ac
1578 547 1848 611 potestate
1919 541 2038 597 freti

2137 543 2347 615 ,ρῶσαι
2393 545 2454 598 τὸ
2505 545 2828 616 ἐπάγγελμα
2881 543 2980 615 τῆς
3040 543 3196 615 ἡμῶν
3245 542 3603 616 σμικρότητος
3651 545 3739 597 καὶ

491 635 633 704 quod
692 633 928 687 tenuitas
981 631 1438 702 mediocritasque
1485 641 1670 687 nostra
1712 635 1956 704 suscepit
1995 651 2038 687 at

2175 635 2527 707 βραχύτητος.

488 727 693 779 exitum
721 725 1015 796 perducere
1058 725 1351 796 possimus.

1371 1071 1551 1123 ΤΑΔΕ
1589 1071 1863 1124 mes"
1900 1067 2035 1123 ΚΑΙ
2068 1071 2170 1122 EN
2211 1072 2294 1139 τῃ
2330 1070 2663 1140 annm
2721 1072 2904 1140 mmo

1607 1232 1743 1285 ΤῡΥ
1789 1232 2022 1286 ΑΥΤΟΥ
2060 1229 2314 1284 ΤΡῙΤυΥ
2351 1229 2650 1295 ΒΙΒΛΙΟΥ,

566 1391 819 1463 Ἑϐδόμῳ
867 1394 936 1448 δὲ
973 1394 1098 1469 ὄντι
1151 1398 1279 1469 καθ’
1332 1396 1412 1469 ἣν
1442 1397 1690 1466 εἷπομεν
1734 1396 1852 1450 τῶν·
1902 1398 2095 1469 τόμων
2124 1398 2236 1450 τοῦ
2276 1398 2529 1469 ἀριθμοῦ
2567 1398 2892 1467 διαίρεσιν·
2931 1397 2998 1469 ὅς
3030 1397 3159 1450 ἐστι
3188 1396 3363 1468 τόμος
3391 1397 3659 1469 ἕϐδομος.

962 1466 1061 1518 καί
1105 1467 1279 1532 τέλος
1322 1467 1432 1536 τῆς
1471 1464 1870 1536 πραγματείας
1915 1467 2150 1534 πάσης·
2182 1469 2252 1521 ἐν
2295 1464 2343 1536 ᾧ
2388 1464 2552 1523 εἰσιν
2583 1464 2846 1537 αἱρέσεις
2878 1467 3191 1536 τέσσαρες.

1209 1726 1611 1785 INDICULUS
1651 1726 1919 1786 EORUM
1973 1727 2144 1799 QUAE
2197 1726 2275 1786 IN
2323 1726 2530 1786 LIBRI
2577 1727 2660 1786 IlI
2702 1727 2908 1788 TOMO
2950 1729 3006 1789 II

1874 1905 2249 1946 CONTINENTCR
2274 1909 2287 1943 Ζ

469 2054 584 2129 Qui
632 2057 727 2115 est
769 2069 846 2114 ex
883 2051 1168 2113 instituta
1203 2049 1507 2112 hactenus
1541 2054 1857 2112 tomorum
1898 2046 2342 2187 gistributionei
2368 2049 2505 2187 lte],
2547 2047 2842 2128 idemque
2877 2045 3067 2110 totius
3097 2049 3306 2127 aperis
3334 2047 3618 2122 ultimus;
3662 2049 3730 2112 in

1736 2143 1862 2187 ouo
1944 2143 2170 2186 acreses
2198 2143 2315 2186 sun
2457 2175 2470 2187 .

1736 2143 1862 2206 quo
1898 2143 2170 2186 HEBPBSBS
2198 2143 2342 2187 Sllnl
2370 2143 2436 2187 ιν
2457 2175 2470 2187 .

536 2398 576 2453 Ι.
613 2399 917 2465 Οἱηιωνὶιίε,
937 2399 1031 2470 qui
1052 2398 1348 2470 perfectam
1369 2397 1574 2454 Christi
1603 2397 2038 2452 incarnationem

2217 2408 2297 2458 A'.
2339 2405 2675 2474 Διμοιρῖται,
2701 2405 2751 2456 οἱ
2799 2403 2873 2474 μὴ
2905 2402 3116 2455 τελείαν
3163 2401 3262 2472 τὴν
3293 2403 3530 2474 Χριστοῦ
3573 2405 3728 2456 ἐναν-

461 2493 687 2545 minime
729 2491 1064 2546 confitentur
1099 2511 1112 2546 :
1157 2505 1396 2561 quorum
1450 2490 1542 2545 alii
1573 2490 2042 2545 consubstantiale

463 2583 741 2638 divinitati
775 2599 978 2654 corpus
1011 2599 1256 2639 asserere
1299 2583 1419 2638 ausi
1459 2591 1615 2649 sunt;
1659 2584 1747 2637 alii
1782 2599 1912 2638 vero
1955 2599 2044 2638 as-

461 2682 737 2744 sumptam
774 2689 898 2730 esse
925 2675 992 2729 ab
1014 2675 1206 2730 eodem
1238 2674 1475 2729 animam
1500 2684 1802 2746 negarunt;
1823 2675 2040 2746 quidam

461 2766 548 2820 his
589 2765 862 2836 Evangelii
908 2767 1109 2832 verbis,
1191 2765 1414 2820 Verbum
1456 2783 1581 2822 caro
1632 2768 1834 2838 factum
1871 2778 1949 2822 est
1987 2770 2039 2835 ¹,

468 2858 614 2924 freti,
649 2874 713 2914 ex
759 2868 944 2915 creata
993 2876 1180 2925 carne,
1219 2861 1323 2915 hoc
1372 2868 1457 2916 est
1495 2861 1686 2924 Maria,
1721 2876 1940 2916 carnem
1975 2861 2043 2917 ab

465 2951 559 3006 illo
589 2963 899 3023 susceptam
943 2968 1063 3008 esse
1097 2953 1408 3018 voluerunt,
1447 2953 1542 3008 sed
1590 2955 1767 3008 solum
1807 2953 2042 3009 Verbum

460 3060 682 3099 carnem
713 3061 834 3100 esse
867 3045 1069 3101 factum
1115 3049 1470 3117 pertinaciter
1501 3048 1864 3104 defenderunt
1897 3070 1909 3104 :
1945 3065 2043 3120 po-

459 3141 574 3188 stea
606 3149 754 3199 vero,
791 3151 954 3205 quam
990 3137 1061 3191 ob
1098 3153 1322 3192 causam
1355 3139 1566 3205 nescio,
1605 3149 1841 3195 mentem
1890 3141 2042 3196 illum

458 3241 568 3279 non
611 3227 978 3298 assumpsisse
1003 3227 1278 3284 dixerunt.

529 3337 594 3392 ll.
630 3339 1206 3406 Antidicomarianitw,
1241 3343 1477 3405 beatam,
1507 3360 1833 3416 semperque
1867 3343 2044 3417 Virgi-

458 3445 582 3486 nem
615 3429 838 3484 Mariam
869 3442 993 3501 post
1021 3433 1231 3490 editum
1283 3432 1622 3491 Salvatorem
1652 3453 1774 3491 cum
1802 3435 2042 3507 Josepho

457 3524 810 3578 consuevisse
832 3531 1046 3593 putant.

529 3635 617 3692 ιιι.
665 3636 1058 3707 Collyridiani,
1109 3638 1201 3706 qui
1250 3638 1303 3691 in
1338 3637 1585 3706 ejusdem
1618 3638 1800 3693 Mariae
1842 3653 2039 3693 nomen

2145 2495 2422 2566 θρὼπησιν
2447 2493 2833 2566 ὁμολογοῦντες
2850 2511 2861 2525 ·
2889 2487 2962 2546 ὧν
2988 2510 3133 2556 τινες
3167 2493 3454 2563 ὀμοούσιον
3482 2493 3544 2547 τὸ
3566 2493 3728 2564 σῶμα

2143 2591 2208 2659 τῇ
2243 2587 2456 2657 θεότητί
2507 2603 2638 2640 ποτε
2693 2585 2998 2656 ἐτόλμησαν
3036 2585 3249 2654 λέγειν’
3297 2586 3441 2650 τινὲς
3489 2585 3546 2638 δέ
3595 2601 3726 2638 ποτε

2143 2680 2318 2753 ψυχὴν
2353 2680 2514 2734 αὐτὸν
2566 2679 2848 2750 εἰληφέναι
2891 2677 3186 2748 ἠρνοῦντο·
3229 2677 3370 2740 τινὲς
3402 2677 3459 2730 δὲ
3510 2676 3597 2730 διὰ
3629 2677 3725 2730 τοῦ

2143 2773 2302 2842 λόγου
2350 2771 2464 2836 τοῦ,
2517 2772 2572 2824 '0
2605 2773 2793 2841 Λόγος
2821 2770 2977 2839 σὰρξ
3023 2770 3278 2840 ἐγένετο,
3326 2769 3726 2840 ἐπερειδόμεναι

2143 2865 2406 2936 ἠρνοῦντο
2433 2864 2494 2916 τὸ
2537 2863 2644 2915 ἀπὸ
2677 2862 2900 2933 κτιστῆς
2928 2862 3148 2934 σαρκὸς,
3191 2862 3440 2916 τουτέστι
3483 2861 3724 2932 Μαρίας,

2143 2957 2204 3011 τὸ
2234 2958 2376 3011 κατὰ
2417 2955 2597 3027 σάρκα
2643 2957 2805 3009 αὑτὸν
2853 2955 3158 3026 εἰληφέναι·
3195 2956 3354 3027 μόνον
3394 2955 3451 3009 δὲ
3497 2954 3727 3024 φιλονείο

2144 3065 2256 3112 κως
2285 3047 2469 3116 ἔλεγον
2496 3047 2588 3100 τὸν
2611 3046 2781 3114 Λόγον
2813 3046 2992 3118 σάρκα
3014 3045 3340 3116 γεγενῆσθαι
3368 3061 3380 3076 ·
3412 3044 3738 3118 είσύστερον

2143 3137 2200 3191 δὲ
2230 3137 2283 3191 τί
2303 3135 2668 3208 διανοούμενοι
2692 3135 2788 3188 ούκ
2813 3131 2926 3188 οἶδα
2961 3135 3258 3206 εἰληφέναι.
3353 3119 3356 3122 ’

2214 3337 2290 3390 B'.
2319 3336 2960 3406 Ἀντιδικομαριανῖται,
2985 3338 3033 3389 οί
3063 3337 3162 3407 τὴν
3199 3335 3364 3403 ἁγίαν
3390 3335 3607 3406 Μαρίαν
3623 3335 3730 3404 τὴν

2159 3430 2562 3502 Ἀειπάρθενον,
2585 3431 2720 3500 μετὰ
2749 3431 2810 3484 τὸ
2844 3432 2932 3484 τὸν
2957 3431 3185 3502 Σωτῆρα
3211 3429 3617 3501 γεγεννηκέναι,
3647 3428 3731 3499 τῷ

2155 3521 2354 3592 Ἰωσὴφ
2384 3522 2651 3591 συνῆφθαι
2683 3521 2949 3590 λέγοντες.

2214 3634 2287 3688 Γ’.
2308 3634 2763 3702 Κολλυριδιιινοὶ
2780 3635 2823 3700 ¹,
2842 3635 2891 3688 οἱ
2919 3637 2997 3698 εἰς
3024 3633 3194 3704 δνομα
3212 3632 3310 3703 τῆς
3325 3632 3492 3704 αὐτῆς
3505 3631 3724 3701 Μαρίας

458 3737 600 3785 stato
628 3729 754 3783 anni
779 3729 867 3782 die
883 3729 1199 3799 collyridem
1229 3729 1466 3785 offerunt
1490 3747 1660 3802 :quos
1691 3732 1897 3787 idcirco
1912 3732 2038 3788 Col—

2146 3728 2203 3780 ἐν
2255 3727 2440 3799 ἡμέρᾳ
2488 3727 2593 3780 τινὶ
2638 3727 2731 3781 τοῦ
2777 3727 2928 3790 ἔτους
2977 3725 3388 3797 ἀποτεταγμένη
3440 3721 3723 3794 κολλυρίδα

462 3819 764 3890 lyridianos
799 3820 1223 3877 nominavimus.

525 4017 692 4092 994
718 4017 807 4074 IV.
845 4019 1184 4084 Massaliani,
1203 4035 1342 4091 quos
1375 4020 1721 4091 interpretari
1741 4036 2036 4091 possumus

455 4122 746 4178 proraiam.
777 4110 870 4166 llis
904 4113 1274 4183 adjunguntur
1297 4130 1326 4168 e
1360 4115 1642 4183 gentilium
1672 4115 1860 4178 sectis.
1896 4130 2036 4183 quos

455 4200 902 4272 Euphemitas.et
952 4205 1337 4277 Martyrianos,
1384 4215 1440 4260 et
1482 4205 1810 4262 Satanianos
1853 4208 2034 4277 appel-

455 4299 588 4353 lant.
1221 4309 1224 4312 '

525 4411 749 4465 Summa
775 4411 889 4467 haec
922 4419 1006 4466 est
1038 4411 1171 4464 tomi
1205 4411 1444 4482 septimi,
1486 4427 1550 4465 ac
1581 4421 1743 4465 trnnn
1772 4412 2035 4467 librorum

457 4503 600 4558 finis.
653 4502 1001 4575 Colliguntur
1040 4505 1276 4560 haereses
1325 4520 1490 4559 ωαχ.
1526 4503 1642 4560 Sub
1692 4506 1851 4560 finem
1887 4507 2032 4561 tertii

455 4597 600 4660 libri.
621 4597 953 4667 septimique
981 4598 1134 4662 tomi,
1158 4596 1386 4651 formula
1423 4597 1568 4662 ﬁdei,
1592 4613 1754 4666 quam
1791 4597 2034 4654 Ecclesia

455 4689 724 4744 ratholi'ca
771 4690 1078 4758 proﬁtetur,
1127 4690 1376 4760 subjecta
1433 4699 1540 4752 est,
1575 4705 1638 4744 ac
1669 4691 1916 4747 veritatis
1943 4691 2035 4747 de-

459 4781 654 4843 fensio.
695 4791 749 4838 et
781 4782 1058 4856 Evangelii
1093 4784 1296 4840 Christi
1331 4782 1666 4856 praedicatio,
1702 4798 1765 4837 ac
1799 4783 2034 4856 denique

453 4876 737 4931 catholica:
766 4879 1185 4950 apostolicteque
1218 4881 1477 4939 Ecclesiae
1505 4884 1700 4950 forma,
1745 4904 1866 4958 qua:
1907 4904 2032 4944 cum

457 4969 527 5021 ab
553 4977 757 5024 aeterno
780 4968 964 5036 fuerit,
997 4974 1349 5030 successione
1373 4984 1676 5048 temporum
1700 4990 1824 5050 post
1853 4981 2035 5037 incar-

462 5061 737 5117 nationem
769 5061 974 5120 Christi
1001 5065 1409 5125 evidentissime
1449 5071 1720 5140 patefacta
1755 5081 1858 5130 est.

2139 3820 2261 3872 τινὰ
2291 3821 2710 3891 προσφέροντες,
2742 3817 2822 3884 οἷς
2852 3817 3159 3888 ὲπεθέμεοα
3190 3818 3360 3886 ὄνομα
3375 3814 3721 3886 Κολλυριδια-

2139 3926 2266 3964 νων.
2642 3959 2651 3970 .

2210 4027 2282 4078 A'.
2327 4026 2744 4080 Μασσαλιανοί
2792 4025 2846 4090 ³,
2903 4023 3330 4096 ὲρμηνευόμενοι
3384 4023 3715 4091 εὐχόμενοι.

2139 4121 2507 4174 Συνὰπτονται
2547 4120 2604 4173 δὲ
2648 4119 2859 4181 τούτοις
2891 4121 2984 4172 καὶ
3017 4118 3126 4172 τῶν
3158 4117 3264 4172 ἀπὸ
3307 4117 3573 4188 Ἐλλήνων
3603 4117 3724 4168 ἐπι-

2137 4213 2542 4283 τετηδευμένων
2581 4212 2848 4284 αἱρέσεων
2895 4205 3071 4272 οὗτοι,
3119 4213 3168 4266 oi
3218 4211 3499 4282 λεγόμενοι
3539 4210 3722 4279 Εὐφη-

2141 4309 2309 4377 μῖται,
2340 4306 2433 4360 καὶ
2466 4306 2854 4377 Μαρτυριανοὶ,
2885 4306 2979 4358 καὶ
3012 4304 3347 4358 Σατανιανοί,

2207 4416 2354 4487 Αὕτη
2389 4418 2482 4471 καὶ
2514 4419 2547 4488 ὴ
2582 4416 2675 4470 τοῦ
2731 4417 2956 4488 ἑϐδόμου
3002 4418 3166 4488 τόμου
3215 4415 3710 4485 ἁνακεφαλαίωσις,

2137 4507 2230 4560 καὶ
2261 4506 2411 4568 τέλος
2442 4505 2551 4560 τῶν
2584 4507 2750 4577 τριῶν
2783 4506 3021 4576 βιϐλίων,
3055 4506 3190 4577 ὁμοῦ
3221 4506 3278 4559 δὲ
3324 4509 3380 4560 at
3433 4508 3602 4559 πᾶσαι
3632 4507 3715 4558 αί-

2140 4600 2316 4670 ρέσεις
2351 4607 2424 4652 π’.
2474 4599 2562 4652 Ἑν
2595 4598 2742 4670 αὐτῷ
2771 4598 2828 4651 δὲ
2863 4598 2940 4668 τῷ
2982 4598 3126 4651 τέλει
3153 4597 3246 4651 τοῦ
3271 4597 3454 4669 τρίτου
3490 4595 3714 4666 βιϐλίου,

2139 4691 2365 4760 ἑϐδόμου
2401 4689 2456 4742 δὲ
2497 4692 2688 4760 τόμου,
2726 4692 2784 4742 ὲν
2815 4690 3029 4759 ὑστέρῳ
3057 4690 3090 4758 ἡ
3131 4689 3312 4751 πίστις
3354 4689 3453 4758 τῆς
3503 4685 3719 4740 καθολι-

2137 4784 2240 4853 κῆς
2279 4781 2626 4853 Ἐκκλησίας,
2676 4781 2771 4834 καὶ
2804 4781 3064 4850 ἀπολογία
3110 4781 3249 4853 ὑπὲρ
3301 4780 3577 4851 ἀληθείας,
3623 4784 3716 4838 καὶ

2137 4878 2395 4948 κήρυγμα
2443 4873 2538 4926 τοῦ
2595 4872 2930 4941 Εὑαγγελίου
2981 4873 3241 4944 Χριστοῦ,
3295 4874 3388 4927 καὶ
3434 4874 3719 4945 χαρακτὴρ

2136 4969 2232 5038 τῆς
2263 4965 2554 5034 καθολικῆς
2588 4965 2682 5017 καὶ
2724 4965 3084 5034 ἁποστολικῆς
3121 4965 3462 5035 Ἐκκλησίας,
3495 4966 3594 5037 τῆς
3622 4967 3716 5019 ἀπ’

2069 5069 2112 5121 D
2143 5060 2337 5124 αἰῶνος
2373 5057 2561 5127 οὔσης,
2591 5056 2732 5110 κατὰ
2764 5057 2822 5109 δὲ
2849 5055 3098 5128 διαδοχὴν
3127 5057 3332 5128 χρόνων
3362 5058 3717 5128 φανερώτατα

2141 5155 2198 5206 ἐν
2245 5154 2311 5222 τῇ
2367 5151 2460 5204 τοῦ
2516 5149 2754 5221 Χριστοῦ
2809 5149 3059 5222 ὲνσάρκῳ
3115 5150 3387 5221 παρουσίᾳ
3444 5148 3715 5204 ἀποκαλυς

2141 5243 2354 5312 φθείσα.

537 5481 553 5513 ⁸
575 5480 736 5538 Joan.
776 5501 812 5550 ε,
845 5485 928 5541 14.
1009 5489 1027 5519 ²
1059 5484 1191 5558 Reg.
1233 5486 1689 5559 Κολλουριὸιανοί.
1766 5488 1788 5522 ³
1818 5506 1906 5560 τι).
1937 5489 2319 5546 Πασσαλιανοί.
