4134 6392
399 280 502 342 641
1025 284 1396 342 ADVERSUS
1429 285 1770 341 ll/ERESES
1811 285 1935 340 LIB.
1982 286 2066 342 Ill.
2104 286 2268 342 ΤΟΜ.
2302 287 2363 342 li.
2407 317 2474 330 -
2509 288 2786 345 HIERES.
2830 289 3089 347 LXXVII.
3566 294 3671 348 64%

931 673 1321 761 ΤΟΜΟΣ
1361 672 1925 762 ΔΕΥΤΕΡΟΣ
1964 679 2191 764 ΤΟΥ
2227 679 2632 765 ΤΡΙΤΟΥ
2671 677 3143 764 ΒΙΒΛΙΟΥ.

1243 1006 1758 1121 995mm
1840 1032 1982 1120 ιιι
2058 1028 2464 1122 TOMUS
2537 1029 2670 1115 ιι.

853 1357 1043 1412 ΚΑΤΑ
1080 1357 1481 1415 ΔῐΜΟΙΡΙΤΩΝ
1497 1400 1512 1425 ,

2488 1351 2772 1410 CONTRA
2810 1350 3248 1417 DIMGERITAS,

392 1466 517 1522 Τῶν
543 1468 674 1545 ὐξεά
693 1485 872 1545 τινων
892 1471 1269 1545 ⁸κληθέν-των,
1311 1473 1397 1543 μὴ
1436 1475 1675 1529 τελείαν
1701 1475 1818 1544 τήν
1849 1479 1977 1545 Χρι-

459 1539 613 1614 στοῦ
635 1540 1127 1614 Αέςιςανθρώᾳτησικ
1147 1539 1604 1612 ὁμολογούντων
1621 1585 1636 1605 ,
1681 1539 1976 1614 deﬁnio-

456 1608 576 1677 στὴ
622 1608 865 1680 ἑϐδόμη,
897 1613 936 1678 ἠ
981 1608 1080 1667 καὶ
1107 1608 1452 1683 ἐπ’τακοὸντὴ
1493 1615 1734 1686 ἑϐδόμη.

457 1722 536 1776 Λ⁹.
577 1723 830 1795 Καθεξῆς
881 1725 940 1778 δὲ
984 1725 1196 1790 τούτοις
1239 1726 1400 1781 πάλιν
1447 1729 1704 1794 ἐπίπονος
1754 1730 1884 1802 ἡμῖν
1919 1733 1977 1785 ὲν

388 1810 660 1882 προλήψει
692 1812 770 1883 τῷ
823 1812 922 1884 βίῳ
963 1815 1134 1887 ἐρρύη
1168 1833 1253 1879 τις
1302 1817 1559 1890 ἀλλοτρία
1602 1819 1702 1890 τῆς
1743 1820 1978 1887 πίστεως

385 1901 529 1969 λέξις
548 1921 562 1935 ·
594 1906 656 1957 ὲκ
703 1904 864 1968 ποίας
896 1907 1076 1969 αίτίας
1105 1908 1203 1960 οὐκ
1246 1907 1355 1977 ἔχω
1383 1908 1563 1977 λέγειν
1588 1926 1604 1941 ο
1634 1911 1749 1964 ἀλλ’
1783 1912 1870 1966 ἵνα
1901 1914 1975 1984 μὴ

385 1996 524 2067 ὲάσῃ
573 1998 605 2051 ὁ
649 1997 738 2049 ἀεὶ
789 1997 1077 2068 ταράσσων
1119 1999 1220 2070 τὴν
1269 1999 1616 2071 ἀνθρωπείαν
1667 2003 1845 2073 φύσιν,
1884 2005 1976 2058 καὶ

383 2087 660 2158 τωλεμῶν,
713 2089 789 2150 ὡς
841 2090 1041 2154 εἰπεῖν,
1092 2091 1362 2158 διάϐολος,
1404 2092 1687 2163 ἐμϐάλλων
1717 2095 1879 2150 αὐτοῦ
1908 2097 1976 2150 τά

382 2180 558 2252 πικρὰ
591 2179 894 2253 δηλητήρια
939 2183 996 2234 ὲν
1039 2185 1153 2247 τοῖς
1200 2183 1522 2256 θαυμασίοις
1557 2185 1838 2260 ἐδέσμασι,
1880 2190 1974 2243 καὶ

383 2267 460 2331 ὠς
491 2269 550 2320 ιν
597 2267 774 2337 μέλιτι
807 2267 1166 2340 παραϐάλλων
1192 2271 1291 2342 τὴν
1319 2273 1569 2343 πικρίαν,
1606 2275 1748 2330 οὕτω
1777 2276 1867 2331 διά
1896 2297 1976 2332 τι-

384 2375 494 2411 νων
546 2359 656 2412 τῶν
715 2361 803 2412 ἐπ’
861 2361 1028 2430 άκρον
1082 2361 1194 2431 βίου
1251 2361 1712 2436 Θαυμαζομένων,
1766 2371 1862 2423 καὶ
1915 2371 1974 2424 ὲν

381 2450 631 2513 δπαίνοις
680 2450 990 2521 ὀρθοδοξίας
1033 2453 1119 2505 ἀεὶ
1147 2455 1688 2526 καταγγελλομένων.
1727 2461 1836 2513 Καὶ
1863 2463 1972 2534 γὰρ

379 2541 540 2595 τοῦτό
570 2543 687 2594 ἐστι
718 2542 780 2594 τὸ
812 2542 972 2613 ἔργον
1015 2542 1202 2608 αὐτοῦ,
1244 2545 1339 2598 τοῦ
1373 2547 1739 2619 φθονήσαντος
1791 2553 1971 2624 ἀπαρ-

381 2631 482 2700 χῆς
524 2630 602 2700 τῷ
663 2631 826 2703 πατρὶ
859 2630 1015 2702 ἡμῶν
1057 2631 1248 2703 Ἀδὰμ,
1305 2635 1399 2687 καὶ
1449 2637 1614 2689 πᾶσιν
1662 2637 1972 2709 ἀνθρώποις

2087 1469 2156 1526 Ut
2191 1469 2435 1526 nonnulli
2451 1477 2658 1529 vocant.
2691 1469 3086 1538 quiperfectqm
3117 1468 3321 1523 Christi
3343 1469 3662 1526 incarnatio-

2117 1559 2233 1596 nem
2252 1541 2532 1610 abnegant,
2550 1555 2667 1610 quia
2681 1537 2758 1593 est
2775 1538 2988 1593 haeresis
3004 1537 3048 1592 L
3065 1538 3190 1601 VII,
3211 1540 3316 1593 sive
3332 1538 3482 1594 LXX
3496 1541 3624 1597 VII.

2153 1719 2192 1775 Ι.
2221 1719 2353 1776 Post
2395 1719 2710 1789 superiores
2739 1718 2864 1774 illos
2896 1732 3036 1772 nova
3068 1717 3314 1788 quaedam
3357 1733 3420 1772 ac
3470 1716 3662 1772 difﬁci-

2080 1813 2147 1867 lis
2201 1819 2256 1867 ct
2297 1827 2326 1865 a
2360 1819 2509 1865 recta
2540 1808 2643 1864 ﬁde
2670 1808 2971 1864 abhorrens
3001 1808 3224 1863 haeresis
3263 1822 3327 1862 ex
3366 1808 3663 1877 anticipata

2079 1905 2440 1974 quorumdam
2483 1901 2740 1972 opinione
2778 1901 2831 1954 in
2865 1901 3162 1953 humanum
3200 1914 3372 1968 genus
3409 1899 3610 1969 prodiit
3644 1917 3658 1953 :

2079 2009 2255 2063 neque
2288 2007 2511 2046 causam
2546 2007 2646 2046 cur
2670 1991 2745 2045 ita
2773 1991 3066 2060 contigerit
3093 1989 3229 2046 satis
3258 1989 3521 2059 intelligo,
3549 1990 3654 2044 nisi

2079 2085 2221 2155 quod
2248 2085 2300 2138 id
2332 2098 2499 2136 unum
2525 2083 2998 2136 humanmnatura:
3017 2083 3366 2152 perturbator
3392 2091 3446 2137 et
3487 2083 3662 2138 hostis

2076 2176 2328 2231 diabolus
2343 2175 2548 2236 studet,
2583 2190 2862 2244 nunquam
2897 2183 2956 2227 ut
2979 2174 3046 2228 ab
3074 2173 3400 2229 infestandis
3425 2175 3663 2228 homini-

2077 2267 2180 2322 bus
2213 2275 2424 2328 cesset;
2456 2266 2547 2334 qui
2581 2263 2926 2318 amarissimo
2968 2276 3070 2316 suo
3106 2276 3317 2316 veneno
3358 2261 3662 2330 exquisitos

2077 2359 2229 2414 cibos
2278 2355 2474 2420 inlicit,
2505 2369 2570 2409 ac
2617 2354 2760 2409 melli
2796 2353 2867 2407 fel
2913 2353 3209 2417 admiscet;
3245 2351 3408 2422 idque
3437 2353 3662 2422 potissi-

2073 2466 2221 2506 mum
2245 2450 2462 2504 illorum
2488 2464 2660 2519 opera
2693 2449 2936 2511 molitur,
2965 2449 3057 2518 qui
3090 2448 3398 2502 admirabili
3427 2449 3550 2504 vita:
3579 2450 3663 2503 in-

2074 2545 2270 2599 stituto
2289 2543 2663 2604 celebrantur,
2679 2549 2733 2596 et
2760 2549 2983 2612 propter
3007 2540 3236 2594 sincera:
3255 2539 3376 2595 ﬁdei
3419 2541 3660 2595 studium

2075 2636 2435 2705 ardoremque
2465 2631 2941 2689 commendantur.
2982 2631 3097 2686 Hoc
3131 2633 3274 2688 enim
3320 2635 3539 2689 unicum
3589 2633 3660 2687 il-

380 2723 788 2796 ὲχθραίνοντιιις⁹
836 2724 912 2788 ὼς
963 2723 1058 2778 καί
1101 2741 1202 2778 που
1247 2727 1409 2781 τινῶν
1449 2728 1465 2757 ⁸
1497 2729 1676 2798 σοφῶν
1733 2730 1964 2802 εἴρηται,

2073 2727 2177 2782 lius
2215 2741 2354 2798 opus
2393 2736 2498 2794 est,
2523 2728 2634 2798 qui
2669 2735 2724 2784 et
2764 2728 3028 2784 adversus
3075 2741 3356 2799 parentem
3383 2744 3660 2788 «lustrum

381 2814 462 2867 ὃτι
495 2816 725 2881 Φθόνος
762 2816 854 2870 ἀεὶ
909 2815 1042 2883 ταῖς
1075 2816 1367 2886 μεγάλαις
1417 2821 1766 2891 εὐπραγίαις
1806 2824 1969 2878 ἀντί-

379 2909 598 2973 παλος.
663 2907 822 2962 οὕτω
882 2910 978 2963 καὶ
1033 2910 1120 2964 διὰ
1178 2910 1286 2965 τῶν
1348 2911 1609 2984 μειζόνων
1663 2914 1970 2986 προσώπων

381 2997 543 3052 ἔϐαλέ
572 3016 724 3062 τινας
751 3001 1074 3072 προφάσεις,
1107 3002 1197 3056 ἵνα
1221 3005 1372 3074 ἡμᾶς
1415 3005 1510 3058 καὶ
1540 3005 1638 3076 τὴν
1673 3007 1831 3076 άγίαν
1877 3009 1967 3063 τοῦ

381 3089 515 3143 Θεοῦ
557 3091 884 3162 Ἐκκλησίαν
930 3091 1134 3147 ἄλυπον
1167 3094 1240 3164 μὴ
1293 3095 1454 3168 ἐάσῃ.
1490 3097 1628 3152 ἀλλά
1668 3099 1754 3153 ἀεὶ
1805 3100 1965 3173 θορυ-

380 3181 651 3254 ϐουμένην
696 3201 754 3237 τε
817 3184 914 3236 καὶ
979 3185 1412 3257 πολεμουμένην.
1453 3190 1639 3256 Ἔδοξε
1695 3191 1798 3264 γάρ
1857 3210 1968 3247 τισι

382 3275 615 3338 καὶτοῖς
641 3275 702 3341 ἐξ
742 3275 902 3348 ἡμῶν
938 3278 1300 3350 ὁρμωμένοις,
1347 3281 1441 3334 καὶ
1496 3283 1555 3335 ὲν
1604 3283 1815 3357 μεγάλῃ
1854 3284 1969 3338 δια-

381 3365 528 3420 θέσει
551 3367 907 3438 ὑπάρχουσιν,
937 3368 999 3422 ἐν
1026 3369 1272 3433 ἐπαίνοις
1323 3369 1381 3423 δὲ
1407 3371 1494 3423 ἀεὶ
1531 3373 1661 3443 παρ’
1701 3375 1830 3444 ἡμῖν
1876 3377 1968 3428 καὶ

382 3457 535 3530 παρά
568 3459 732 3512 πᾶσιν
755 3458 1058 3530 ὁρθοδόξοις
1086 3460 1540 3532 ὲκθειαζομένοις,
1567 3467 1966 3536 παρεκϐάλλειν

377 3550 469 3604 τὸν
504 3549 629 3605 νοῦν
661 3551 770 3605 ἀπὸ
801 3551 904 3622 τῆς
933 3551 1030 3606 τοῦ
1070 3553 1308 3625 Χριστοῦ
1342 3556 1608 3627 ὲνσάρκου
1638 3561 1963 3630 παρουσίας.

381 3642 478 3696 καὶ
527 3641 730 3711 λέγειν,
785 3643 867 3697 ὅτι
919 3645 1096 3716 σάρκα
1143 3645 1335 3700 ἔλαϐεν
1379 3648 1407 3699 ὁ
1457 3649 1691 3721 Χριστὸς
1723 3650 1891 3705 ἐλθὼν
1938 3655 1966 3706 ό

379 3733 585 3806 Κύριος
610 3735 786 3805 ἡμῶν,
824 3736 918 3788 καὶ
952 3735 1154 3808 ψυχὴν,
1194 3736 1318 3790 νοῦν
1366 3736 1423 3790 δὲ
1448 3739 1548 3792 οὐκ
1587 3739 1767 3808 ἔλαϐε,
1806 3759 1964 3796 τουτ-

379 3821 494 3877 ἐστι
537 3823 740 3878 τέλειον
770 3824 1090 3896 ἄνθρωπον·
1144 3827 1195 3880 τί
1231 3830 1295 3880 ὲκ
1343 3826 1534 3880 τούτου
1574 3829 1652 3899 τῷ
1695 3830 1794 3902 βίῳ
1836 3850 1964 3885 συν-

380 3915 820 3987 εισενεγκάμενοι
849 3917 1032 3986 ἀγνοῶ
1065 3917 1264 3987 λέγειν,
1295 3919 1328 3990 ἢ
1361 3921 1509 3992 παρά
1535 3921 1696 3975 τίνων
1719 3923 1828 3976 τῶν
1859 3926 1966 3997 πρὸ

2071 2818 2340 2874 Adamum
2392 2820 2596 2874 invidia
2646 2821 2907 2890 primum,
2965 2829 3017 2875 et
3059 2821 3322 2879 adversus
3359 2824 3659 2878 humanum

2075 2923 2236 2966 omne
2269 2928 2443 2982 genus
2493 2911 2636 2966 odiis
2681 2911 2954 2967 efferbuit.
3005 2911 3178 2978 Quam
3216 2915 3281 2967 ad
3327 2918 3656 2970 sententiam

2071 2999 2332 3068 praeclare
2351 3000 2571 3069 sapiens
2594 3000 2814 3070 quidam
2843 3000 3000 3066 dixit,
3028 3001 3291 3056 Invidiam
3313 3007 3514 3074 magnis
3539 3022 3658 3073 per-

2069 3102 2220 3158 petuo
2242 3091 2408 3163 996
2423 3092 2746 3146 successibus
2783 3093 3075 3148 adversari.
3111 3092 3202 3148 Sic
3224 3096 3390 3166 igitur
3420 3113 3516 3165 per
3540 3114 3625 3148 ma

2070 3201 2207 3254 gnos
2235 3200 2482 3256 quosque
2497 3187 2646 3241 viros
2663 3201 2880 3240 errores
2907 3187 3320 3253 introduxit,uti
3349 3205 3449 3243 nos
3482 3198 3645 3258 atque

2071 3275 2316 3333 Ecclesia
2345 3279 2439 3333 Dei
2461 3279 2738 3349 perpetuis
2780 3279 3048 3334 molestiis
3109 3295 3172 3333 ac
3199 3281 3520 3336 tumultibus
3544 3287 3656 3336 bel-

2069 3371 2247 3442 lisque
2301 3371 2700 3427 conllictemur.
2738 3369 2955 3426 Etenim
3013 3374 3296 3428 nonnullis
3339 3381 3652 3429 nostrorum

2069 3462 2295 3533 placuit,
2324 3470 2377 3518 et
2407 3463 2626 3533 quidem
2662 3462 2961 3532 primariis,
3016 3473 3180 3534 atque
3227 3479 3255 3517 a
3305 3465 3462 3519 nobis
3503 3467 3656 3520 etab

2069 3554 2325 3609 omnibus
2359 3554 2682 3609 orthodoxis
2727 3554 2928 3609 divinis
2984 3555 3381 3624 prOpemodum
3429 3555 3652 3610 honori—

2067 3647 2171 3701 bus
2195 3645 2428 3710 :rﬂ'ectis,
2465 3654 2701 3700 mentem
2743 3647 2809 3699 ali
2839 3645 3044 3701 Christi
3072 3647 3450 3702 incarnatione
3474 3647 3653 3700 dimo-

2066 3754 2212 3805 vere,
2239 3738 2603 3808 eumdemque
2637 3752 2858 3793 carnem
2885 3753 3010 3792 cum
3043 3739 3224 3793 anima
3239 3738 3506 3793 duntaxat
3529 3753 3652 3793 sus-

2066 3828 2296 3897 cepisse,
2332 3833 2566 3882 mentem
2605 3842 2735 3882 vero
2805 3843 3174 3898 nequaquam,
3211 3842 3459 3883 asserere
3495 3844 3508 3878 :
3550 3829 3652 3882 huc

2065 3925 2150 3974 est
2181 3932 2290 3972 non
2320 3915 2624 3988 perfectum
2660 3917 2934 3971 hominem
2967 3916 3238 3983 induisse.
3274 3916 3462 3986 Neque
3491 3918 3652 3971 Video

377 4008 556 4062 αὐτῶν
596 4009 994 4080 μεμαθηκότες,
1041 4010 1075 4081 ἢ
1106 4010 1160 4064 τί
1198 4011 1472 4084 ὠφέλιμον
1504 4017 1569 4068 ὲκ
1611 4013 1801 4069 τούτου
1835 4035 1958 4086 κερ-

2067 4007 2195 4077 quid
2225 4007 2328 4060 hac
2363 4007 2624 4078 Opinione
2669 4007 2909 4061 humano
2934 4008 3115 4077 generi
3158 4007 3512 4072 contulerint,
3554 4018 3649 4062 aut

375 4099 656 4170 δήσαντες,
690 4101 722 4172 ἢ
767 4101 1129 4172 χαρισάμενοι
1165 4105 1299 4174 ἡμῖν
1321 4121 1380 4157 τε
1419 4107 1512 4158 καὶ
1543 4109 1656 4171 τοῖς
1680 4107 1959 4172 ἀκούουσι,

375 4191 470 4244 καὶ
499 4195 564 4262 τῇ
598 4192 728 4264 ἁγίᾳ
754 4193 849 4245 τοῦ
891 4192 1026 4246 Θεοῦ
1074 4193 1374 4266 Ἐκκλησία
1393 4212 1406 4226 ’
1441 4198 1593 4252 οὐδὲν
1625 4199 1764 4271 πλὴν
1792 4200 1825 4269 ἢ
1865 4217 1963 4253 τα⁸

377 4283 546 4356 ραχὴν
577 4285 672 4338 καὶ
701 4285 964 4356 διαίρεσιν
1007 4286 1088 4349 είς
1128 4288 1278 4356 ἡμᾶς
1317 4290 1700 4360 ἐργασάμενοι,
1732 4292 1826 4344 καὶ
1867 4292 1961 4344 λύ-

341 4413 352 4421 .
376 4391 507 4444 πην,
542 4375 637 4428 καὶ
683 4370 886 4447 ζημίαν
934 4376 1033 4446 τῆς
1061 4379 1159 4430 ἀπ’
1209 4378 1454 4451 ἀλλήλων
1487 4381 1822 4453 γλυκύτητος
1865 4384 1958 4437 καὶ

373 4466 616 4536 ἀγάπης.
669 4460 779 4538 Τὴν
824 4467 934 4538 γὰρ
980 4470 1090 4522 τῶν
1137 4469 1297 4524 θείων
1342 4473 1573 4544 Γραφῶν
1614 4475 1953 4542 ἀκολουθίαν,

373 4556 467 4611 καὶ
510 4557 800 4630 εὐθύτητα.
852 4561 946 4613 καὶ
982 4561 1218 4626 ἀκακίας
1249 4565 1560 4635 ὁμολογίαν,
1609 4569 1954 4639 προφητικήν

370 4665 432 4702 τε
467 4649 563 4703 καὶ
589 4650 970 4724 εὐαγγελικὴν,
1012 4655 1106 4706 καὶ
1145 4655 1511 4726 ἀποστολικὴν
1537 4657 1719 4710 πίστιν
1749 4659 1952 4730 παρέν-

370 4754 484 4801 τες,
529 4739 846 4806 σοφιστικὴν
876 4739 1007 4810 ἡμῖν
1050 4741 1192 4806 λέξιν
1218 4743 1310 4796 καὶ
1343 4743 1561 4817 μυθώδη
1613 4749 1952 4818 παρεισήγα-

370 4845 487 4898 γον,
526 4829 641 4898 μεθ’
674 4823 743 4900 ἦς
775 4831 870 4884 καὶ
925 4831 1132 4886 πολλῶν
1179 4835 1366 4890 δεινῶν
1417 4838 1760 4904 ἀκολουθίαν,
1813 4841 1951 4912 πλη-

376 4917 594 4989 ροῦντες
625 4923 682 4972 ἐν
713 4922 926 4985 ἑαυτοῖς
971 4923 1032 4976 τὸ
1064 4925 1371 4996 είρημὲνον,
1406 4928 1489 4980 ὃτι
1542 4929 1952 4997 Ἀποστήσον-

368 5010 467 5064 ταί
501 5028 658 5077 τινες
703 5012 814 5083 τῆς
862 5017 1249 5085 ὑγιαινούσης
1298 5017 1718 5090 διδασκαλίας,
1762 5037 1949 5092 προσ-

366 5101 611 5172 έχοντες
639 5106 853 5173 μύθοις
883 5108 982 5162 καί
1011 5111 1423 5180 κενοφωνίαις.
1858 5102 1860 5105 λ

2065 4109 2095 4148 a
2120 4094 2453 4165 quibusnam
2489 4093 2799 4151 istiusmodi
2833 4096 3029 4166 dogma
3077 4095 3371 4152 didicerint
3407 4113 3421 4149 :
3449 4099 3651 4167 quidve

2063 4198 2159 4240 aut
2201 4203 2268 4242 ex
2299 4201 2362 4241 ea
2397 4203 2458 4242 re
2494 4188 2846 4243 emolumenti
2881 4188 2986 4258 ipsi
3032 4187 3299 4259 ceperint.
3350 4197 3446 4244 aut
3487 4191 3648 4246 nobis

2063 4279 2228 4349 ipsis.
2260 4291 2421 4350 atque
2449 4279 2798 4336 auditoribus
2826 4281 3108 4344 omnibus,
3153 4281 3400 4352 adeoque
3438 4293 3647 4338 sanctae

2063 4369 2156 4426 Dei
2186 4370 2446 4428 Ecclesiae
2476 4371 2691 4427 fructus
2712 4372 3014 4442 attulerint,
3045 4372 3153 4427 nisi
3177 4381 3236 4427 ut
3260 4375 3529 4430 tumultus
3579 4391 3645 4429 ac

2061 4462 2369 4519 simultates
2401 4472 2455 4518 et
2513 4464 2733 4519 dolores
2767 4465 2912 4519 inter
2938 4479 3040 4519 nos
3067 4465 3383 4528 excitarint,
3417 4474 3646 4522 mutuae-

2059 4570 2164 4624 que
2195 4555 2504 4610 concordia:
2520 4556 2916 4627 cbaritatisque
2942 4557 3268 4612 suavitatem
3291 4559 3642 4613 extorserint.

2057 4645 2269 4715 Quippe
2313 4645 2623 4701 divinarum
2655 4645 3064 4718 Scripturarum
3088 4648 3520 4704 consentientem
3578 4665 3642 4704 ac

2058 4745 2268 4791 rectum
2315 4739 2586 4801 ordinem,
2628 4748 2682 4795 et
2740 4739 3066 4795 innocentia!
3112 4741 3533 4810 professionem,
3578 4757 3646 4797 ac

2056 4828 2464 4899 prapheticam,
2509 4832 2879 4901 evangelicam
2945 4839 2998 4887 et
3044 4832 3401 4902 apostolicam
3479 4831 3640 4888 ﬁdem

2055 4921 2410 4990 negligentes,
2443 4922 2774 4992 sophisticas
2811 4923 2971 4978 nobis
3028 4923 3274 4993 argutias
3316 4939 3379 4978 ac
3425 4923 3638 4980 fabulas

2052 5013 2440 5077 obtruserunt;
2501 5013 2701 5082 quibus
2769 5014 3010 5068 inﬁnitas
3073 5015 3231 5069 nobis
3297 5017 3636 5071 calamitates

2051 5105 2370 5167 attulerunt,
2407 5115 2572 5176 atque
2617 5107 2670 5159 in
2721 5108 2918 5177 seipsis
2959 5107 3204 5177 Apostoli
3252 5105 3456 5160 dictum
3505 5108 3638 5162 illud

2051 5196 2421 5265 impleverunt
2457 5217 2468 5251 :
2501 5197 2758 5266 Deﬁcient
2783 5200 3001 5267 quidam
3027 5217 3060 5252 α
3099 5217 3233 5252 sana
3257 5199 3519 5265 doctrina,
3552 5212 3635 5254 at-

2051 5283 2312 5338 tendentes
2337 5284 2535 5352 fabulis
2574 5295 2622 5352 _et
2656 5286 2899 5341 inanibus
2931 5289 3082 5358 nugis
3115 5290 3154 5343 '.

438 5361 512 5417 B'.
541 5364 600 5417 '0
617 5365 928 5436 πρεσϐύτης
946 5367 1041 5420 καὶ
1075 5385 1132 5421 σε
1141 5370 1478 5442 μνοπρεπὴς,
1497 5374 1524 5424 ὁ
1540 5371 1627 5426 ἀεὶ
1651 5375 1783 5444 ἡμῖν
1811 5376 1951 5444 ἁγα-

2130 5373 2190 5427 ll.
2218 5373 2481 5446 Egregius
2531 5377 2621 5432 ille
2653 5393 2716 5430 ac
2743 5379 3071 5433 venerabilis
3093 5395 3280 5442 senex,
3314 5397 3474 5450 quem
3511 5397 3632 5446 nos,

367 5455 557 5527 πητὸς,
592 5457 684 5510 καὶ
713 5455 794 5526 τῷ
831 5457 1106 5531 μακαρίτῃ
1142 5459 1301 5533 πάπᾳ
1345 5462 1666 5536 Ἀθανασίῳ,
1713 5467 1806 5520 καὶ
1840 5469 1947 5520 πᾶ-

366 5560 452 5599 σιν
509 5543 838 5615 ὀρθοδόξθιςν
899 5545 1304 5622 Ἀπολλινάριος
1352 5552 1381 5604 ὁ
1436 5553 1540 5608 ἀπὸ
1599 5555 1945 5623 Λαοδικείας,

444 5700 460 5732 ⁸
489 5698 546 5756 ιτ.
586 5700 690 5756 ὑπό
707 5721 890 5760 τινων.
967 5704 988 5735 ¹
1023 5701 1064 5757 Il
1095 5701 1235 5758 Tim.
1279 5719 1352 5761 tv.
1394 5703 1447 5762 5.

2052 5475 2106 5522 et
2137 5467 2306 5522 beata:
2345 5469 2620 5522 memoria:
2650 5483 2787 5538 papa
2832 5468 3188 5533 Athanasius,
3223 5469 3334 5524 imo
3363 5486 3492 5524 vero
3524 5470 3631 5524 Ca-

2054 5557 2244 5615 tholici
2282 5573 2472 5615 omnes
2509 5560 2669 5616 unice
2698 5560 3012 5630 dileximus,
3048 5559 3384 5632 Apollinaris
3429 5558 3632 5619 Laodi-
