4134 6392
452 287 561 342 6-ιὸ

1884 285 1939 341 S.
1985 280 2325 338 EPIPIIANII

3623 278 3725 335 64-3

453 417 644 465 cenus,
669 400 834 472 hujus
854 401 1126 471 dogmatis
1151 408 1345 455 auctor
1373 414 1436 454 ac
1459 410 1787 471 propagator
1805 399 2034 455 exstitit.

2159 392 2294 462 δῦτος
2324 393 2392 467 ἦν
2426 401 2454 450 ὁ
2483 400 2540 451 ἐν
2580 399 2721 468 ἀρχῇ
2755 395 2912 450 τοῦτο
2939 396 2998 449 τὸ
3031 396 3183 467 ῥῆμα
3207 397 3502 467 ἐπινοήσας
3541 411 3600 449 τε
3633 413 3726 448 και

453 495 534 548 Ac
557 493 826 564 principio
853 495 1072 564 quidem
1103 510 1229 568 cum
1265 495 1316 548 id
1346 495 1506 548 nobis
1541 495 1790 548 nonnulli
1826 509 1890 548 ex
1917 493 2039 561 ejus

453 585 744 655 discipulis
767 595 1076 650 narrarent,
1123 586 1279 640 ﬁdem
1322 602 1428 640 non
1460 587 1817 648 habebamus,
1863 601 2040 654 neque

452 677 752 732 verisimile
778 679 1102 748 putabamus
1120 693 1148 730 a
1181 686 1333 732 tanto
1352 679 1470 732 viro
1491 693 1731 732 errorem
1767 677 2039 747 eiusmodi

455 768 777 838 profectum.
819 769 1000 839 Itaque
1020 770 1281 822 nuunulla
1309 771 1486 823 adhuc
1526 770 1810 824 meliorum
1840 785 1935 838 spe
1952 784 2041 839 pa-

460 859 660 913 tienter
689 860 1150 928 exspectavimus,
1183 859 1356 914 donec
1390 877 1502 915 rem
1535 876 1750 914 omnem
1784 869 2043 917 accurate

458 952 838 1020 cognovimus.
865 951 977 1005 lloc
997 949 1142 1005 enini
1165 951 1514 1006 dicebamus:
1537 952 1846 1023 Discipulos
1871 954 2040 1018 illius,

459 1045 554 1113 qui
590 1044 655 1097 ad
687 1059 786 1098 nos
814 1043 1176 1107 ventitabant,
1221 1059 1344 1098 cum
1381 1060 1443 1098 ea
1488 1045 1712 1098 minime
1759 1053 2039 1114 caperent,

461 1148 583 1202 quae
627 1133 696 1186 ab
757 1134 976 1187 erudito
1025 1134 1117 1188 illo
1159 1149 1224 1188 ac
1269 1134 1499 1202 sapienti
1539 1134 1658 1188 viro
1705 1143 2044 1204 prmceptore

460 1239 562 1278 suo
599 1224 878 1287 abstrusa,
908 1238 972 1277 ac
1017 1223 1297 1278 recondita
1335 1221 1732 1292 proferrentur,
1773 1222 2044 1290 ejusmodi

459 1317 710 1387 quaedam
747 1315 969 1370 ﬁnxisse
999 1317 1128 1375 sibi,
1158 1331 1282 1386 qua:
1320 1315 1388 1369 ab
1440 1316 1532 1369 illo
1576 1330 1856 1385 nunquam
1899 1315 2044 1368 didi-

460 1417 673 1473 cerant,
706 1411 1011 1480 praesertim
1060 1423 1186 1464 cum
1233 1410 1399 1463 multa
1443 1407 1586 1463 inter
1628 1408 1772 1472 illos,
1807 1407 1896 1476 qui
1945 1422 2047 1462 nos

2141 486 2538 558 προαγόμενος.
2592 487 2702 538 Καὶ
2733 485 2802 538 τὰ
2845 486 3039 555 πρῶτα
3086 485 3184 554 μὲν
3222 485 3572 556 ἐνηχούμενοι
3620 485 3726 536 ἀπό

2140 596 2302 631 τινων
2334 579 2443 631 τῶν
2478 579 2568 629 ὑπ’
2601 576 2766 631 αὑτοῦ
2807 575 3332 647 μεμαθητευμένων,
3364 577 3725 646 ἠπιστοῦμεν,

2140 672 2190 722 εἰ
2223 669 2330 742 ἄρα
2358 672 2386 723 ὀ
2418 670 2556 740 ἀνὴρ
2582 668 2822 733 τοιοῦτος
2854 669 3138 739 τυγχάνων
3167 669 3324 722 τοῦτο
3353 672 3727 738 παρεισήγαγε

2140 763 2218 834 τῷ
2271 763 2370 834 βίῳ
2412 763 2473 816 τὸ
2523 765 2695 835 ῥῆμα,
2727 761 2807 815 ἔτι
2841 762 2899 815 ἐν
2945 761 3244 834 προσδοκίᾳ
3283 761 3495 824 ἐλπίδος
3525 777 3730 831 μακρο-

2142 856 2460 927 θυμοῦντες,
2486 855 2591 916 ἓως
2622 854 2880 925 τάκριϐὲς
2908 853 3239 924 ἐπιγνῶμεν.
3296 853 3585 923 Ἐλέγομεν
3620 854 3729 925 γὰρ

2141 948 2267 1010 τοὺς
2302 946 2498 1010 παῖδας
2541 946 2666 1009 τοὺς
2709 947 2801 998 ὑπ’
2847 944 3034 1009 αὐτοῦ,
3085 946 3222 1016 πρὸς
3266 947 3415 1016 ἡμᾶς
3464 947 3729 1015 ἀφικομέ-

2143 1057 2285 1104 νους,
2339 1038 2412 1110 μὴ
2447 1039 2702 1102 νοοῦντας
2744 1038 2813 1092 τὰ
2857 1039 3066 1107 βαθέως
3093 1038 3198 1091 ὑπὸ
3236 1038 3329 1090 τοῦ
3359 1038 3599 1091 τοιούτου
3641 1038 3732 1091 λο·

2143 1131 2262 1198 γίου
2298 1131 2513 1201 ἀνδρὸς,
2549 1131 2645 1183 καὶ
2678 1129 2923 1196 συνετοῦ,
2972 1131 3066 1182 καὶ
3107 1129 3450 1194 διδασκάλου,
3483 1132 3574 1199 ἀφ’
3607 1133 3730 1185 ἐαυ-

2144 1223 2252 1276 τῶν
2298 1223 2470 1276 ταῦτα
2519 1223 2796 1287 πλάττειν,
2836 1223 2910 1294 μὴ
2963 1223 3060 1276 ἀπ’
3106 1224 3269 1278 αὐτοῦ
3319 1223 3727 1295 μεμαθηκότας.

2146 1315 2324 1368 Πολλὰ
2355 1315 2464 1387 γάρ
2511 1312 2602 1387 ἦν,
2638 1315 2672 1369 ἃ
2706 1317 2764 1368 ἐν
2815 1317 2998 1379 αὐτοῖς
3054 1316 3190 1388 πρὸς
3223 1318 3370 1387 ἡμᾶς
3416 1316 3731 1388 ἐρχομένοις

2146 1409 2541 1479 ἠμφιϐάλλετο.
2591 1409 2749 1473 Τινὲς
2803 1410 2900 1480 μὲν
2935 1409 3043 1481 γάρ
3079 1410 3257 1464 αὐτῶν
3303 1411 3607 1482 ἐτόλμησαν
3648 1411 3734 1463 λέ-

461 1501 707 1568 adibant,
737 1502 1059 1571 opinionum
1089 1499 1329 1555 varietas
1355 1509 1522 1554 esset.
1551 1497 1763 1568 Quippe
1793 1498 2046 1551 nonnulli

2159 1517 2264 1568 γειν
2294 1499 2498 1554 ἀνωθεν
2547 1502 2638 1554 τὸν
2689 1502 2923 1572 Χριστὸν
2968 1503 3029 1554 τὸ
3065 1502 3223 1574 σῶμα
3272 1503 3688 1574 κατενηνοχέναι
3715 1521 3730 1533 ο

461 1606 527 1646 eo
549 1592 825 1662 progressi
851 1599 1000 1658 sunt,
1037 1599 1096 1646 ut
1121 1590 1399 1646 Christum
1429 1604 1632 1658 corpus
1665 1604 1696 1643 e
1726 1589 1866 1643 coelo
1889 1589 2050 1642 detu-

2159 1591 2481 1661 ἐπιμένουσα
2514 1591 2571 1646 δὲ
2605 1595 2662 1646 ἐν
2708 1597 2775 1666 τῇ
2806 1595 2938 1648 τῶν
2977 1594 3280 1667 ἀνθρώπων
3321 1596 3498 1667 ἐννοίᾳ
3527 1600 3558 1665 ὴ
3589 1597 3735 1661 ξενοο

461 1681 596 1737 lisse
615 1682 863 1736 dicerent
901 1701 913 1736 :
947 1697 1068 1752 qua:
1099 1680 1337 1736 absurda
1388 1679 1786 1749 peregrinaque
1815 1678 2049 1732 commi-

2159 1683 2304 1751 λογία
2333 1684 2425 1737 ἐπὶ
2457 1684 2553 1756 τὴν
2581 1685 2865 1759 δεινότητα.
2891 1688 3174 1759 προκοπὴν
3208 1686 3513 1758 εἰργάζετο.
3553 1688 3734 1741 Ἀλλοι

463 1771 712 1827 niscendi
747 1771 987 1835 licentia,
1020 1770 1302 1824 hominum
1343 1768 1508 1824 semel
1531 1767 1729 1823 animis
1771 1767 2036 1829 incidens,

2159 1774 2201 1827 5ἐ
2232 1775 2290 1841 ἐξ
2325 1775 2505 1828 αὐτῶν
2551 1776 2646 1830 καὶ
2695 1777 2753 1830 τὸ
2803 1777 2981 1849 ψυχὴν
3025 1778 3306 1848 εἰληφέναι
3355 1778 3446 1831 τὸν
3501 1779 3737 1851 Χριστὸν

463 1862 532 1916 ad
561 1863 811 1933 graviora
841 1861 1240 1932 acerbioraque
1265 1857 1429 1929 997
1453 1859 1745 1928 processit.
1782 1857 1884 1911 Alii
1915 1872 2044 1911 vero

461 1954 744 2010 Christum
769 1953 1009 2008 animam
1032 1954 1402 2022 assumpsisse
1427 1958 1784 2022 negaverunt.
1815 1950 2048 2018 Quidam

462 2047 711 2119 ejusdem
757 2046 965 2102 Christi
999 2061 1203 2116 corpus
1249 2044 1523 2100 divinitati
1575 2043 2050 2098 consubstantiale

463 2157 574 2196 non
609 2140 931 2195 dubitarunt
979 2153 1247 2194 asserere.
1285 2136 1498 2203 Quibus
1539 2135 1860 2206 opinionum
1907 2150 2039 2206 por-

467 2236 632 2290 tentis
665 2233 944 2289 Orientem
984 2247 1316 2303 magnopere
1357 2229 1782 2301 perturbarunt:
1827 2236 2052 2298 propter

463 2343 605 2397 quos
639 2325 866 2382 conﬂari
919 2325 1188 2397 synodum
1241 2338 1469 2378 necesse
1517 2322 1642 2385 fuit,
1691 2320 2053 2391 ejusdemque

462 2419 688 2474 decreto
721 2418 1098 2472 condemnari.
1132 2415 1274 2482 Quin
1305 2415 1471 2469 etiam
1507 2412 1888 2468 commentarii
1931 2413 2054 2481 qui-

465 2511 590 2566 dem
634 2510 941 2580 prazscripti
979 2517 1129 2571 sunt,
1177 2522 1414 2577 quorum
1465 2505 1714 2574 exempla
1766 2503 1833 2557 ad
1879 2502 1938 2556 B.
1977 2502 2048 2557 M.

466 2619 662 2674 papam
703 2601 1065 2657 Athanasium
1111 2600 1279 2654 missa
1323 2606 1486 2654 sunt:
1535 2597 1732 2666 quibus
1778 2597 1868 2651 ille
1905 2612 2054 2650 com-

467 2695 753 2750 mentariis
780 2692 1053 2748 adductus
1080 2701 1183 2755 est,
1220 2699 1278 2745 ut
1311 2691 1573 2746 adversus
1599 2689 1914 2760 dogmatum
1940 2689 2056 2743 illo-

467 2803 590 2842 rum
643 2795 946 2841 assertores
998 2799 1244 2839 minaces
1297 2783 1507 2837 litteras
1557 2781 1623 2835 ad
1683 2781 2054 2836 venerabilem

467 2881 787 2950 episcopum
820 2877 1122 2947 Epictetum
1160 2877 1449 2938 scriberet,
1489 2889 1519 2926 a
1556 2890 1666 2944 quo
1694 2884 1916 2942 rogatus
1945 2873 2056 2926 fue-

468 2980 578 3035 rat,
633 2980 694 3024 ut
729 2969 1071 3039 tempestatis
1121 2967 1266 3021 illius
1313 2982 1378 3020 ac
1431 2965 1698 3019 tumultus
1736 2965 2054 3019 auctoribus

2151 1867 2474 1937 ἠρνήσαντο.
2515 1869 2674 1932 Τινὲς
2724 1869 2783 1923 δὲ
2839 1871 2936 1926 καὶ
2989 1872 3274 1943 όμοούσιον
3327 1872 3388 1926 τὸ
3437 1871 3598 1944 σῶμα
3642 1871 3735 1925 τοῦ

2152 1955 2390 2028 Χριστοῦ
2423 1962 2487 2030 τῇ
2525 1959 2739 2032 θεότητι
2771 1960 2952 2031 λέγειν
2983 1963 3312 2036 ἐτόλμησαν,
3352 1966 3448 2018 καὶ
3488 1965 3558 2018 τὰ
3599 1965 3720 2018 ἀνω

2153 2048 2345 2117 τερικὰ
2393 2049 2531 2122 μέρη
2579 2052 2662 2114 εἰς
2713 2053 2914 2125 πολλὴν
2949 2057 3193 2127 ταραχὴν
3243 2057 3619 2127 κατέστησαν·
3668 2057 3737 2110 δι’

2153 2138 2246 2201 οὓς
2286 2141 2500 2211 ἀνάγκη
2532 2143 2723 2211 γέγονε
2751 2144 2863 2214 (92)
2896 2145 3112 2200 σύνοδον
3143 2147 3596 2219 συγκροτηθῆναι,
3644 2149 3740 2202 καὶ

2153 2229 2552 2301 ἀναθεματίσαι
2604 2234 2732 2299 τοὺς
2789 2236 3081 2301 τοιούτους.
3147 2239 3307 2294 Ἀλλὰ
3352 2239 3447 2293 καὶ
3495 2240 3741 2311 ὑπομνή-

2158 2339 2303 2392 ματα
2337 2323 2674 2396 πέπρακται,
2708 2321 2782 2382 ὧν
2824 2331 3133 2401 ἀντίγραφα
3157 2331 3235 2403 τῷ
3269 2333 3546 2405 μακαρίτῃ
3580 2334 3742 2406 πάπᾳ

2169 2415 2470 2486 Ἀθανασίῳ
2504 2420 2816 2492 ἀπεστάλη·
2865 2423 2932 2476 δι’
2964 2424 3031 2495 ἣν
3075 2426 3252 2478 αἰτίαν
3276 2425 3384 2480 τῶν
3415 2427 3743 2498 ὑπομνημά-

2154 2526 2290 2587 των.
2322 2511 2416 2562 καὶ
2478 2512 2639 2576 αὐτὸς
2695 2516 2723 2566 ό
2780 2517 3090 2586 μακαρίτης
3151 2518 3474 2588 ἠναγκάσθη
3533 2519 3743 2588 γράψαι

2156 2599 2445 2672 ἐπιστολὴν
2493 2604 2632 2658 κατά
2686 2605 2794 2659 τῶν
2849 2608 2917 2661 τὰ
2966 2609 3192 2663 τοιαῦτα
3243 2609 3544 2679 λεγόντων,
3607 2613 3745 2682 μετὰ

2155 2692 2262 2744 ἀπε
2272 2691 2526 2763 ιλητικῶν
2549 2696 2722 2765 λόγων
2749 2700 3201 2771 ἐπιπεμψάμενος
3223 2704 3301 2774 τῷ
3329 2705 3744 2776 αἰδεσιμωτάτῳ

2161 2785 2447 2856 ἐπισκόπῳ
2517 2787 2846 2862 Ἐπικτήτῳ,
2899 2793 2979 2845 ὅτι
3028 2794 3332 2864 κατηξίωσε
3374 2799 3502 2868 περὶ
3550 2798 3742 2850 τούτου

2156 2873 2259 2927 κᾶν
2289 2877 2580 2948 ἀπόκρισιν
2607 2882 2719 2942 τοῖς
2756 2882 3025 2953 ταράξασι
3053 2885 3258 2940 δοῦναι.
3308 2888 3502 2955 Σαφῶς
3533 2889 3588 2942 δέ
3617 2891 3746 2961 περὶ

2155 2967 2254 3037 τῆς
2287 2968 2522 3033 πίστεως
2565 2971 2780 3040 γράψας
2811 2974 2840 3026 ό
2889 2975 3050 3040 αὐτὸς
3087 2979 3396 3051 μακαρίτης
3435 2983 3493 3033 ἐν
3539 2981 3743 3051 ταυτῴ,

468 3062 844 3133 responderet.
886 3059 1252 3126 Quamobrem
1289 3059 1343 3111 in
1377 3056 1567 3112 eadem
1597 3056 1828 3125 epistola
1856 3055 1922 3110 de
1950 3055 2055 3108 ﬁde

2159 3061 2252 3112 καὶ
2298 3062 2424 3124 τοὺς
2468 3063 2608 3116 αὐτὰ
2658 3065 2965 3133 φάσκοντας
2997 3069 3093 3123 καὶ
3128 3073 3494 3142 ταράττοντας
3539 3075 3748 3144 ἀπεκή-

469 3155 757 3225 perspicue
787 3162 1156 3221 accurateque
1185 3151 1378 3205 beatus
1410 3149 1501 3204 ille
1529 3148 1816 3211 disseruit,
1845 3154 1898 3202 et
1931 3147 2053 3202 illos

2160 3150 2338 3221 ρυξεν.
2385 3145 2493 3217 Ἦς
2525 3155 2816 3226 ἐπιστολῆς
2843 3159 2904 3212 τὸ
2939 3135 3271 3233 ἀντίγραφον
3303 3135 3536 3217 ἐνταῦθα
3571 3135 3748 3237 παρα-

471 3259 736 3298 novorum
767 3241 1083 3312 dogmatum
1115 3251 1506 3311 propagatores
1535 3238 2055 3308 perturbatoresque

2159 3243 2345 3298 θέσθαι
2387 3245 2561 3300 διόλου
2591 3249 2890 3317 ἀναγκαῖον
2934 3253 3253 3327 ἡγησάμην.
3294 3257 3405 3310 Καὶ
3443 3257 3559 3311 ἐστι
3605 3257 3744 3312 τάδε’

471 3335 815 3406 proscripsit.
842 3335 1018 3406 Cujus
1049 3333 1296 3406 epistolae
1321 3333 1596 3402 integrum
1645 3331 1952 3401 exemplum
1988 3331 2076 3386 hic
2118 3336 2396 3394 ascribere
2454 3343 2830 3398 necessarium
2871 3359 2996 3402 esse
3033 3347 3186 3404 duxi.
3227 3347 3324 3405 Est
3355 3359 3538 3407 autem
3598 3351 3751 3423 ejus-

473 3430 618 3484 modi
661 3446 677 3484 :

472 3547 802 3603 Athanasius
824 3547 1096 3618 episcopus
1125 3544 1468 3628 Alexandria:
1499 3543 1734 3613 Epicteto
1757 3543 2060 3600 Corinthio-

1060 3632 1177 3668 rum
1207 3631 1469 3686 episcopo.

548 3727 638 3783 Ill.
689 3725 954 3798 Equidem
998 3727 1310 3783 arbitrabar
1349 3728 1755 3791 haereticorum,
1792 3737 2062 3799 quotquot

477 3836 718 3892 unquam
751 3819 989 3883 fuerunt,
1016 3819 1265 3874 omnium
1303 3834 1494 3873 vanam
1537 3818 1946 3890 absurdamque
1980 3820 2063 3874 lo-

477 3916 812 3987 quacitatem
849 3913 920 3967 ab
959 3911 1178 3967 Nicena
1226 3912 1439 3983 synodo
1485 3911 1704 3981 penitus
1743 3925 1865 3966 esse
1912 3925 2065 3965 com-

477 4020 744 4078 pressam.
785 4003 917 4071 Quae
962 4004 1111 4059 enim
1158 4002 1273 4057 illic
1314 4017 1343 4056 a
1385 4000 1640 4057 Patribus
1681 4018 1748 4058 ex
1783 4017 2064 4058 sacrarum

478 4101 809 4157 auctoritate
847 4098 1176 4154 Litterarum
1217 4097 1502 4169 proposita
1531 4096 1656 4152 ﬁdei
1689 4096 1925 4151 formula
1955 4105 2063 4161 est,

478 4209 605 4249 cum
639 4192 710 4248 ad
734 4207 896 4248 omne
919 4207 1094 4264 genus
1120 4192 1415 4262 impietatis
1441 4189 1816 4254 evertendum,
1850 4199 1962 4244 tum
1993 4189 2062 4243 ad

478 4286 788 4358 religiosam
819 4285 877 4340 in
918 4284 1142 4340 Christo
1190 4283 1351 4339 ﬁdem
1395 4282 1769 4338 aﬁirmandam
1814 4281 2064 4337 sufﬁcere

477 4380 718 4437 videtur.
748 4377 1115 4446 Quamobrem
1144 4392 1268 4432 cum
1292 4392 1390 4448 per
1419 4375 1673 4442 Galliam,
1713 4375 2062 4446 Hispaniam,

2177 3548 2520 3618 Ἂθανάσιος
2551 3553 2887 3630 ἐπίσκοπος
2938 3557 3384 3629 Ἀλεξανδρείας
3409 3563 3559 3630 πρὸς
3596 3565 3752 3620 Ἐπί-

2466 3642 2687 3691 κτητον
2723 3628 3064 3682 ἐπίσκοπον
3099 3628 3446 3699 Κορινθίων.

2238 3735 2312 3789 Γ¹.
2370 3734 2512 3804 Ἐγὼ
2547 3737 2644 3808 μὲν
2687 3738 2937 3810 ἐνόμιζον
2971 3743 3154 3794 πᾶσαν
3195 3744 3583 3816 ματαιολογίαν
3617 3749 3750 3803 πάν-

2161 3843 2291 3889 των,
2317 3828 2430 3880 ὅσοι
2457 3828 2722 3901 δηποτοῦν
2746 3833 2882 3884 εἰσιν
2905 3835 3194 3904 αἰρετικοὶ,
3227 3837 3540 3892 πεπαῦσθαι
3563 3840 3627 3893 ἐκ
3649 3841 3751 3912 τῆς

2163 3919 2461 3990 γενομένης
2505 3921 2562 3973 ἐν
2595 3922 2798 3995 Νικαίᾳ
2831 3924 3071 3980 συνόδου.
3118 3927 3181 3979 Ἥ
3212 3929 3320 3998 γὰρ
3349 3930 3406 3982 ἐν
3435 3929 3569 4001 αὐτῇ
3602 3932 3751 4001 παρὰ

2163 4009 2271 4062 τῶν
2299 4011 2560 4082 Πατέρων
2589 4014 2729 4068 κατά
2759 4014 2860 4080 τὰς
2906 4016 3068 4082 ἁγίας
3106 4018 3330 4090 Γραφάς
3359 4021 3751 4092 όμολογηθεῖσα

2165 4100 2347 4163 πίστις
2395 4101 2675 4175 αὐτάρκης
2725 4105 2840 4157 ἐστὶ
2885 4106 3022 4176 πρὸς
3070 4108 3382 4180 ἀνατροπὴν
3434 4110 3532 4181 μὲν
3573 4112 3754 4182 πάσης

2169 4191 2446 4258 ἀσεϐείας,
2483 4194 2743 4249 σύστασιν
2776 4197 2833 4250 δὲ
2875 4198 2974 4268 τῆς
3019 4200 3078 4252 ἐν
3115 4200 3337 4271 Χριστῷ
3376 4202 3632 4266 εὐσεϐοῦς
3668 4205 3754 4256 πί-

2173 4300 2359 4346 στεως.
2401 4285 2498 4338 Διὰ
2530 4285 2686 4339 τοῦτο
2721 4287 2851 4355 γοῦν
2879 4290 2972 4341 καὶ
3012 4288 3108 4344 νῦν
3135 4289 3408 4364 διαφόρων
3448 4293 3756 4363 γενομένων

2175 4375 2427 4440 συνόδων,
2457 4376 2512 4430 ἐν
2539 4394 2598 4430 τε
2623 4381 2690 4448 τῇ
2715 4379 2916 4449 Γαλλίᾳ
2939 4381 3033 4433 καὶ
3062 4382 3294 4454 Σπανίᾳ,
3326 4385 3419 4436 καὶ
3447 4387 3512 4455 τῇ
3544 4385 3754 4457 μεγάλῃ

481 4473 778 4543 [ioniaeque
793 4469 942 4526 adeo
976 4469 1282 4539 frequentia
1309 4469 1414 4523 hoc
1436 4477 1683 4538 tempore
1704 4470 1935 4524 concilia
1970 4485 2055 4524 ce-

2178 4466 2385 4539 Ῥώμῃ,
2420 4471 2618 4534 πάντες
2655 4474 2704 4524 οἱ
2751 4473 3096 4538 συνελθόντες
3122 4453 3257 4538 τοὺς
3285 4476 3384 4547 μὲν
3421 4453 3756 4550 ἐπικρυπτοξ

481 4567 690 4623 lebrata
722 4566 850 4627 sint,
883 4571 1156 4637 quotquot
1197 4564 1252 4617 in
1284 4563 1393 4617 illis
1422 4562 1742 4632 congregati
1779 4572 1929 4626 sunt,
1967 4579 2066 4616 oc-

482 4659 662 4713 cultos
690 4657 804 4712 Arii
837 4655 1102 4720 fautores,
1142 4655 1474 4709 Auxentium
1523 4654 1648 4708 dico
1693 4653 2067 4710 Mediolanen—

484 4765 622 4814 sem,
663 4759 718 4804 et
765 4746 1070 4811 Ursatium,
1132 4760 1196 4800 ac
1253 4743 1560 4810 Valentem,
1603 4743 1794 4800 Caium
1847 4761 2067 4817 quoque

485 4842 848 4908 Pannonium,
894 4841 1041 4894 velut
1082 4839 1246 4895 unius
1277 4838 1458 4893 aﬂlatu
1495 4838 1748 4908 spiritus,
1790 4841 2069 4894 communi

485 4934 747 5005 suifragio
769 4933 1230 4993 condemnarunt,
1264 4939 1318 4986 et
1343 4931 1651 5002 encyclicas
1686 4931 1896 4987 litteras
1933 4931 2072 4985 scri-

487 5035 716 5099 pserunt
745 5045 758 5081 ε
784 5025 1005 5096 quibus,
1029 5023 1174 5094 quod
1199 5024 1289 5079 isti
1316 5023 1652 5095 synodorum
1676 5022 1810 5077 falsa
1842 5024 2068 5077 nomina

481 5124 774 5190 jactarent,
798 5120 964 5174 ullam
989 5119 1045 5173 in
1073 5117 1313 5172 Ecclesia
1340 5116 1611 5171 catholica
1634 5116 1904 5187 synodum
1931 5132 2070 5186 prae-

485 5225 572 5272 ter
600 5212 872 5266 Niczenam
903 5209 1173 5265 nominari
1196 5215 1524 5264 vetuerunt:
1554 5225 1674 5278 quae
1705 5223 1830 5261 cum
1861 5208 1928 5262 de
1953 5223 2066 5278 cae-

484 5305 622 5360 teris
661 5302 938 5369 omnibus,
977 5308 1091 5355 tum
1129 5299 1200 5354 de
1235 5298 1438 5352 Ariana
1477 5298 1831 5368 potissimum
1874 5297 2066 5353 haeresi

561 5458 672 5531 (92)
703 5460 791 5531 Δι’,
824 5457 932 5524 οὓς
964 5456 1194 5531 ἀνάγκη
1227 5454 1458 5531 γέγονε.
1489 5452 1700 5524 Duplex
1730 5453 1838 5531 illis
1857 5461 2064 5531 tempe:

489 5525 856 5588 ribus'habita
897 5525 1138 5600 synodds
1169 5525 1284 5600 est,
1318 5528 1370 5579 in
1400 5541 1512 5600 qua
1540 5540 1694 5600 error
1732 5525 2064 5600 _Apollinarii

491 5602 784 5656 damnatus
813 5595 944 5655 estz’
973 5599 1144 5668 prima
1170 5596 1514 5668 Alexandria}
1546 5595 1615 5668 ab
1655 5595 1978 5668 Athanasio,
2013 5602 2066 5649 et

495 5671 732 5725 Eusebio
759 5665 1094 5725 Vercellensi
1121 5707 1135 5730 ,
1167 5678 1453 5737 postquam
1479 5665 1697 5721 Juliano
1737 5666 2062 5736 imperante,

496 5740 734 5810 Georgio
763 5742 833 5796 ab
869 5739 1252 5796 Alexandrinis
1283 5739 1504 5806 occiso,
1542 5737 1658 5794 sedi
1691 5751 1805 5796 sua:
1841 5737 2067 5793 restitu-

2173 4557 2385 4627 μένους,
2431 4559 2525 4612 καὶ
2571 4561 2904 4630 φρονοῦντας
2947 4564 3014 4616 τὰ
3068 4565 3303 4636 Ἀρείου,
3357 4566 3644 4632 Αύξέντιον
3694 4569 3758 4640 δὴ

2168 4647 2315 4718 λέγω
2355 4649 2447 4702 τὸν
2486 4652 2544 4702 ἐν
2591 4652 2927 4724 Μεδιολάνῳ,
2975 4656 3067 4708 καὶ
3111 4657 3438 4728 Ούρσάκιον,
3484 4661 3580 4713 καὶ
3617 4661 3760 4714 Οὐά-

2169 4738 2353 4806 λεντα,
2387 4742 2545 4796 Γάῖον
2578 4744 2684 4797 ἀπὸ
2726 4746 2825 4816 τῆς
2869 4747 3183 4813 Παννονίας,
3231 4749 3516 4820 παμψηφί,
3547 4752 3622 4814 ὡς
3652 4754 3760 4806 ἀπὸ

2172 4831 2291 4894 ἐνὸς
2327 4833 2642 4904 πνεύματος
2683 4837 3011 4908 κινούμενοι,
3061 4840 3477 4911 ἀνεθεμάτισαν
3510 4843 3758 4913 ἔγραψαν

2175 4922 2233 4976 δέ
2258 4926 2556 4996 πανταχοῦ,
2593 4927 2682 4980 διὰ
2722 4928 2782 4982 τὸ
2815 4931 2942 4993 τοὺς
2974 4931 3250 4996 τοιούτους
3281 4934 3516 4987 ἐπινοεῖν
3544 4936 3758 4999 ἑαυτοῖς

2173 5014 2413 5086 ὀνόματα
2449 5018 2705 5084 συνόδων,
2747 5021 3016 5092 μηδεμίαν
3048 5025 3106 5076 ἐν
3132 5027 3197 5094 τῇ
3224 5026 3486 5097 καθολικῇ
3532 5013 3761 5099 Ἐκκλη-

2176 5107 2267 5178 σίᾳ
2299 5109 2515 5165 σύνοδον
2536 5113 2921 5183 ὀνομάζεσθαι,
2956 5117 3004 5168 εἰ
3044 5115 3119 5188 μὴ
3149 5116 3310 5188 μόνον
3338 5118 3435 5189 τὴν
3465 5121 3524 5173 ἐν
3552 5121 3762 5194 Νικαίᾳ

2174 5205 2493 5276 γενομένην,
2528 5205 2788 5276 τρόπαιον
2820 5207 2922 5276 μὲν
2947 5201 3112 5261 οὖσαν
3151 5209 3333 5280 πάσης
3356 5211 3643 5282 αἱρέσεως,
3675 5213 3763 5278 ἐξ·

2172 5299 2403 5370 αιρὲτως
2429 5297 2485 5352 δέ
2502 5297 2604 5369 τῆς
2641 5299 2949 5371 Ἀρειανῆς,
2980 5299 3047 5352 δι’
3074 5301 3140 5373 ἣν
3175 5301 3409 5374 μάλιστα
3439 5305 3533 5359 καί⁸
3566 5307 3599 5376 ἡ
3630 5305 3760 5358 σύν-

2170 5461 2262 5509 tus
2289 5463 2374 5509 est
2403 5453 2741 5512 Athanasius
2769 5495 2784 5517 ,
2841 5471 2985 5510 anno
3024 5455 3228 5512 Christi
3261 5458 3408 5524 362;
3444 5459 3614 5513 altera
3649 5460 3762 5514 Ro-

2173 5541 2275 5579 nve
2304 5527 2408 5579 sub
2441 5524 2673 5582 Damaso
2703 5565 2718 5590 ,
2752 5543 2897 5580 anno
2937 5527 3143 5582 Christi
3185 5530 3311 5584 573.
3355 5529 3486 5584 Vide
3521 5532 3761 5586 Annales

2172 5595 2357 5669 ecclés.
2395 5594 2469 5650 De
2521 5597 2625 5669 hoc
2677 5599 2971 5669 posteriori
3011 5601 3283 5663 concil-io,
3337 5602 3499 5669 cujus
3568 5617 3762 5657 recens

2173 5682 2297 5740 cum
2323 5667 2448 5740 haec
2457 5693 2468 5740 ί
2480 5667 2747 5740 scriberet
2777 5667 3113 5740 Epiphanius
3145 5667 3416 5728 memoria
3429 5678 3569 5740 erat,
3605 5687 3766 5729 eum.

2173 5737 2297 5793 dem
2321 5737 2737 5811 intelligendum
2768 5739 3044 5796 existimo.
