4134 6392
395 278 500 334 ϐίΰ

998 279 1364 337 ADVERSUS
1408 279 1751 339 IIIERESES
1783 281 1914 338 LIB.
1952 283 2041 340 Ill.
2086 285 2250 342 ΤΟΜ.
2281 287 2354 342 ‘ll.
2400 320 2464 329 —
2501 288 2775 346 liASliES.
2804 290 3063 349 LXXVII.

3574 295 3677 352 646

394 392 512 456 οδος
549 390 673 444 τότε
720 391 983 464 συνήχθη.
1037 394 1162 456 Πῶς
1206 393 1384 447 τοίνυν
1432 393 1512 446 ἔτι
1562 394 1697 466 μετὰ
1754 396 1965 450 τοσαῦτε

2095 400 2469 471 triumphavit,
2500 404 2663 473 cujus
2691 403 2856 459 unius
2883 406 3061 474 gratia
3088 405 3433 476 putissimum
3455 418 3539 466 est
3561 413 3678 466 col-

396 486 766 557 ἀμφισϐητεῖν
788 502 935 549 τινες
963 487 996 556 ἢ
1028 487 1212 558 ζητεῖν
1243 485 1651 557 ὲπιχειρούσινς
1690 489 1751 541 Εἰ
1780 489 1879 559 μὲν
1897 485 1991 542 οὖν

394 579 463 633 ὲκ
488 576 598 630 τῶν
639 577 935 648 ’Λρειανῶν
963 580 1121 639 εἰσιν,
1149 578 1298 631 οὐδὲν
1326 577 1659 649 θαυμαστὸν,
1686 580 1734 631 εί
1765 580 1832 632 τὰ
1858 580 1977 633 καθ’

394 668 602 723 ἑαυτῶν
630 669 912 741 γραφέντα
942 669 1343 724 διαϐάλλουσιν·
1383 670 1574 741 ὥσπερ
1602 672 1697 726 καὶ
1727 672 1990 743 ’Έλληνες

393 758 675 814 ἀκούουσι·
711 764 786 814 Τὰ
810 761 1030 815 εἴδωλα
1051 762 1171 815 τῶν
1194 761 1387 815 ἐθνῶν
1406 762 1714 832 ἀργύριον,
1734 763 1830 816 καί
1852 783 1991 833 χρυ-

393 852 556 918 σίον,
598 852 780 921 ἔργον
820 853 1035 922 χειρῶν
1076 852 1423 922 ἀνθρώπων,
1470 854 1682 925 μωρίαν
1725 855 1985 924 ἡγοῦνται

392 943 491 1015 τὴν
517 945 645 1015 περὶ
673 945 767 998 τού
794 945 950 1014 ἁγίου
974 945 1112 1000 ΙΙνεύ
1123 963 1291 1015 ματος
1314 946 1683 999 διδασκαλίαν.
1711 948 1773 1000 Εἰ
1797 948 1854 1000 δὲ
1875 947 1984 1000 τῶν

393 1034 695 1090 δοκούντων
734 1035 912 1108 ὀρθῶς
955 1037 1260 1103 πιστεύειν,
1311 1038 1405 1090 καὶ
1456 1039 1679 1109 ἀγαπᾷν
1709 1038 1778 1091 τὰ
1810 1039 1985 1110 δηλω-

394 1124 556 1182 θέντα
586 1129 737 1201 παρά
766 1130 873 1183 τῶν
894 1130 1153 1203 Πατὲρων
1180 1130 1318 1184 εἰσὶν
1340 1132 1387 1183 οἱ
1409 1131 1497 1184 διὰ
1519 1130 1612 1184 τοῦ
1646 1132 1827 1201 ζητεῖν
1855 1134 1985 1186 ἀνα-

396 1218 685 1285 σκευάζειν
701 1220 997 1285 ἐθέλοντες.
1018 1221 1170 1275 οὐδὲν
1197 1222 1383 1293 ἕτερον
1414 1222 1683 1283 ποιοῦσιν,
1706 1223 1739 1294 ἢ
1763 1223 1900 1277 κατά
1921 1223 1982 1276 τὸ

392 1313 798 1384 γεγραμμένον·
820 1312 924 1366 Τὸν
956 1315 1053 1385 μὲν
1082 1313 1308 1384 πλησίον
1334 1314 1648 1378 ποτίζουσιν
1671 1315 1982 1386 ἀνατροπὴν

394 1402 642 1473 θολεράν,
692 1405 1059 1477 λογομαχοῦσι
1107 1406 1164 1459 δὲ
1210 1408 1267 1459 ὲν
1314 1406 1491 1459 οὐδενὶ
1534 1406 1790 1477 χρησίμῳ
1826 1406 1859 1477 ἦ
1891 1407 1983 1459 ἐπὶ

392 1500 744 1569 καταστροφῇ
784 1497 891 1551 τῶν
925 1498 1220 1570 ἀκεραίων.

2094 493 2253 548 lecta.
2284 491 2418 548 Post
2439 508 2505 549 ea
2536 509 2666 550 vero
2689 502 2770 551 tot
2794 504 3078 567 tantaque,
3103 499 3235 568 quid
3258 507 3343 555 est
3367 501 3513 572 quod
3536 518 3674 557 nou—

2092 585 2226 639 nulli
2262 586 2696 641 controversiam
2746 585 2928 643 facere
2974 603 3039 643 ac
3076 593 3411 660 quaestiones
3466 596 3676 664 agitare

2092 674 2403 728 conantur?
2442 673 2547 741 Qui
2599 676 2645 729 si
2687 691 2752 730 ex
2790 677 2995 731 Ariana
3039 677 3276 736 factione
3320 690 3472 748 sunt,
3505 683 3676 755 998

2088 762 2228 817 nihil
2269 764 2467 818 mirum
2513 772 2597 819 est
2644 765 2767 821 illos
2812 782 2934 836 quae
2978 778 3172 823 contra
3202 785 3265 826 se
3290 781 3420 827 sunt
3448 776 3673 839 scripta.

2089 854 2393 909 criminari.
2437 854 2910 921 Quemadmodum
2945 868 3000 914 et
3037 862 3266 931 gentiles
3304 879 3429 917 cuin
3461 881 3492 920 e
3521 864 3677 921 Psal-

2089 944 2196 1000 mis
2228 944 2374 1000 istud
2419 946 2648 1000 audiunt
2676 965 2688 1000 :
2713 945 3019 1004 Simulacra
3039 953 3269 1020 gentium
3299 961 3593 1024 argentum,
3624 964 3676 1008 et

2088 1053 2303 1099 aurum,
2361 1052 2489 1105 opus
2538 1054 2795 1091 manuum
2850 1040 3180 1104 Itomiuum',
3232 1044 3377 1097 illam
3434 1041 3674 1114 Spiritus

2089 1133 2264 1184 sancti
2297 1131 2605 1185 doetrinam
2654 1148 2860 1186 meram
2908 1150 3032 1189 esse
3076 1137 3365 1192 stultitiam
3401 1139 3676 1192 arbitran-

2087 1228 2198 1276 tur.
2233 1220 2327 1276 Sin
2356 1238 2421 1277 ex
2454 1238 2647 1277 eorum
2683 1239 2917 1279 numero
2947 1235 3096 1293 sunt,
3133 1228 3227 1297 qui
3273 1244 3407 1284 sana
3450 1244 3515 1283 ac
3557 1229 3674 1284 sin-

2088 1328 2215 1370 cera
2240 1314 2344 1369 ﬁde
2373 1314 2587 1383 praediti
2617 1315 2896 1379 videntur,
2919 1326 2973 1373 et
3002 1318 3055 1372 in
3089 1320 3179 1381 iis,
3204 1336 3325 1390 qua:
3358 1334 3389 1373 a
3417 1318 3672 1377 Patribus

2088 1404 2309 1459 decreta
2337 1410 2489 1471 sunt,
2523 1405 2897 1475 acquiescere,
2934 1422 2998 1461 ac
3033 1409 3394 1465 nihilominus
3427 1410 3545 1465 suis
3566 1410 3672 1466 illis

2087 1496 2485 1567 quaestionibus
2519 1504 2764 1552 evertere
2804 1499 2988 1553 omnia
3029 1508 3320 1566 conantur,
3354 1502 3487 1555 nihil
3522 1502 3671 1557 aliud

390 1590 652 1659 eﬂiciunt,
698 1593 802 1647 nisi
826 1594 972 1663 quod
1009 1596 1275 1664 scriptum
1308 1604 1434 1651 est:
1468 1594 1725 1649 Proximo
1756 1592 1974 1664 quidem
2045 1592 2322 1646 turbidam
2396 1593 2742 1648 eversionem
2791 1595 3161 1663 pr0pinant';
3206 1603 3261 1651 et
3299 1597 3505 1652 otiosas
3542 1610 3670 1650 ver-

390 1685 585 1741 borum
627 1689 1011 1743 contentiones
1045 1699 1266 1744 movent
1288 1688 1331 1754 ⁸,
1361 1704 1484 1760 quae
1528 1688 1595 1743 ad
1631 1688 1781 1742 aliud
1819 1687 1977 1754 nihil,
2017 1702 2181 1758 quam
2214 1685 2284 1741 ad
2309 1685 2592 1740 radiorum
2623 1686 2921 1756 perniciem
2978 1696 3143 1758 atque
3210 1689 3437 1743 exitium
3498 1687 3670 1759 perti-

389 1792 544 1837 nent.

461 1875 535 1927 Δί
573 1872 758 1927 Ταῦτα
777 1873 836 1927 δὲ
860 1872 1033 1939 οὕτως
1054 1875 1271 1946 γράφω,
1300 1876 1542 1949 ἐντυχὼν
1561 1880 1674 1941 τοῖς
1694 1876 1846 1948 παρὰ
1877 1875 1965 1946 τῆς

2149 1867 2239 1922 lV.
2272 1867 2397 1923 llaec
2437 1869 2648 1923 idcirco
2678 1868 2887 1935 scribo,
2925 1870 3070 1940 quod
3101 1872 3495 1928 commentaria
3519 1888 3670 1944 qua:-

394 1968 495 2037 σῆς
520 1967 828 2030 θεοσεϐείας
870 1968 1257 2039 προσαχθεῖσιν
1283 1971 1299 2001 ¹
1334 1970 1741 2040 ὑπομνήμασιν·
1772 1969 1807 2023 ἃ
1841 1969 1978 2039 μηδὲ

388 2058 665 2129 γραφῆναι
681 2057 909 2128 ὤφελον,
932 2059 1018 2113 ἵνα
1035 2059 1169 2130 μηδὲ
1189 2060 1376 2131 μνήμη
1395 2078 1477 2124 τις
1490 2060 1695 2114 τούτων
1710 2064 1822 2124 τοῖς
1841 2059 1979 2130 μετὰ

387 2150 559 2204 ταῦτα
591 2150 838 2221 γένηται.
870 2151 968 2214 Τίς
994 2151 1103 2224 γὰρ
1136 2152 1336 2223 ἤκουσε
1370 2152 1599 2207 τοιαῦτά
1621 2169 1781 2217 ποτε;
1818 2152 1901 2216 τίς
1920 2151 1977 2206 δὲ

384 2240 416 2293 6
449 2240 690 2305 διδάξας,
732 2240 764 2312 ἢ
798 2239 1020 2312 μαθὼν;
1062 2242 1157 2295 Ἐκ
1199 2243 1297 2312 μὲν
1322 2241 1432 2313 γάρ
1464 2241 1603 2295 Σιὼν
1633 2240 1975 2308 ἐξελεύσεται

395 2328 560 2401 λόγος
590 2335 816 2403 Κυρίου,
851 2334 946 2387 καὶ
973 2334 1135 2403 νόμος
1156 2333 1293 2387 Θεοῦ
1323 2334 1383 2400 ἐξ
1421 2335 1798 2406 Ἰερουσαλήμ.
1827 2333 1975 2388 Ταΰ-

387 2441 456 2479 τα
480 2425 537 2479 δὲ
558 2424 722 2478 πόθεν
744 2424 966 2494 ὲξῆλθε;
992 2426 1151 2487 Ποῖος
1168 2424 1302 2496 ᾅδης
1325 2424 1665 2505 ἐξηρεύξατο,
1689 2423 1973 2495 ὁμοούσιον

386 2519 563 2571 εἰπεῖν
589 2519 654 2570 ὲκ
675 2517 895 2589 Μαρίας
924 2517 1085 2588 σῶμα
1111 2519 1179 2588 τῇ
1209 2516 1305 2571 τοῦ
1333 2518 1510 2587 Λόγου
1543 2517 1792 2588 θεότητι;
1826 2516 1858 2587 ἢ
1889 2517 1972 2570 ὅτι

385 2612 415 2663 6
446 2609 616 2678 Λόγος
655 2612 735 2673 είς
767 2610 965 2679 σάρκα,
1012 2611 1107 2662 καὶ
1136 2611 1290 2671 ὀστᾶ,
1337 2611 1434 2663 καὶ
1464 2610 1676 2681 τρίχας,
1717 2610 1812 2663 καὶ
1852 2609 1972 2662 ὅλον

388 2701 549 2772 σῶμα
589 2701 1013 2772 μεταϐέϐληται.
1058 2701 1152 2754 καὶ
1188 2701 1399 2771 ἠλλάγη
1428 2702 1526 2772 τῆς
1554 2701 1690 2763 ἰδίας
1718 2700 1968 2771 (missing;

387 2792 483 2855 Τίς
508 2791 644 2855 ὅλως
669 2793 869 2863 ἤκουσε
898 2791 1049 2863 παρὰ
1082 2792 1444 2863 Χριστιανῶν,
1474 2793 1557 2845 ὅτι
1584 2791 1753 2858 θέσει,
1789 2794 1883 2847 καὶ
1907 2793 1969 2846 οὐ

385 2884 548 2953 φύσει
578 2883 738 2954 σῶμα
770 2884 1079 2955 πεφόρηκεν
1111 2884 1140 2935 6
1165 2884 1324 2948 Υἱός;
1346 2885 1415 2936 Ἢ
1451 2884 1535 2947 τίς
1563 2884 1817 2938 τοσοῦτον
1842 2882 1971 2953 ἠσέ-

385 2975 731 3046 ϐησεν,ῶστε
760 2978 933 3031 είπεϊν
981 2975 1098 3048 ἅμα
1129 2976 1224 3030 καὶ⁵
1261 2979 1499 3048 φρονεῖν,
1538 2977 1621 3029 ὅτι
1660 2975 1852 3046 θεότης
1874 2977 1970 3028 αὐ-

382 3067 478 3122 τοῦ
506 3070 539 3140 ὴ
562 3068 844 3141 ὁμοούσιος
872 3068 950 3140 τῷ
976 3071 1151 3140 Πατρὶ
1178 3070 1317 3143 αὐτὴ
1342 3070 1704 3142 περιετμήθη,
1728 3069 1822 3123 καὶ
1844 3070 1969 3122 ἀτε-

382 3158 483 3232 λὴς
513 3162 576 3213 ἐκ
619 3158 829 3213 τελείου
868 3160 1089 3229 γέγονε;
1121 3161 1300 3215 καὶτὸ
1328 3164 1384 3215 ὲν
1419 3160 1502 3232 ,τῷ
1537 3160 1679 3232 ξύλῳ
1699 3160 1966 3231 καθηλού-

2082 1962 2208 2016 dam
2240 1962 2343 2033 legi
2388 1976 2419 2015 a
2459 1961 2657 2031 pietate
2688 1970 2782 2015 tua
2828 1962 2987 2018 nobis
3035 1963 3239 2018 oblata.
3285 1962 3418 2031 Quae
3459 1966 3667 2021 utinam

2080 2054 2284 2124 scripta
2330 2069 2612 2124 nunquam
2662 2054 2918 2119 fuissent,
2968 2070 3039 2110 ne
3087 2056 3175 2110 vel
3218 2058 3545 2113 tenuissima
3596 2058 3666 2113 ad

2078 2154 2331 2216 posteros
2381 2146 2598 2201 illorum
2654 2148 2915 2201 memoria
2949 2149 3289 2217 perveniret!
3339 2148 3476 2215 Quis
3515 2150 3664 2205 enim

2079 2239 2194 2294 haec
2232 2254 2474 2310 unquam
2501 2238 2711 2293 audiit?
2749 2239 2874 2309 quis
2902 2241 3090 2294 docuit
3125 2239 3421 2295 didicitve?
3472 2240 3667 2297 Name

2080 2329 2212 2385 Sion
2242 2329 2521 2402 egreditur
2552 2330 2781 2385 verbum
2810 2329 3051 2397 Domini,
3089 2341 3145 2387 et
3187 2332 3273 2386 lex
3311 2331 3405 2386 Dei
3434 2348 3500 2388 ex
3532 2333 3662 2387 Hie-

2075 2422 2312 2477 rusalem
2333 2422 2378 2477 '.
2410 2423 2481 2477 At
2511 2423 2630 2477 haec
2661 2424 2808 2477 unde
2845 2424 3211 2494 prodierunt?
3239 2425 3473 2492 Quinam
3503 2428 3663 2484 inferi

2074 2515 2210 2569 illud
2256 2522 2605 2580 eructarunt,
2655 2518 3132 2573 eousubstantiale
3172 2520 3456 2575 divinitati
3498 2520 3662 2577 Verbi

2080 2622 2289 2677 corpus
2332 2608 2466 2662 illud
2506 2625 2651 2671 esse,
2698 2611 2844 2679 quod
2880 2625 2910 2663 a
2946 2610 3114 2666 Maria
3151 2613 3393 2684 genitum
3424 2616 3545 2668 est?
3568 2626 3662 2670 aut

2081 2697 2326 2753 Verbum
2362 2701 2543 2769 ipsum
2577 2700 2632 2754 in
2662 2716 2909 2768 carnem,
2939 2719 3089 2769 ossa,
3115 2705 3366 2775 capillos,
3399 2722 3463 2760 ac
3487 2716 3660 2762 totum

2072 2789 2309 2861 denique
2346 2806 2549 2861 corpus
2596 2808 2720 2847 esse
2752 2808 3105 2861 conversum,
3149 2807 3203 2851 et
3256 2812 3288 2851 a
3327 2807 3518 2868 suapte
3560 2815 3660 2853 na-

2072 2882 2198 2953 tura
2230 2880 2540 2932 mutatum?
2568 2880 2704 2946 Quis
2748 2884 2972 2937 omnino
3014 2884 3082 2939 de
3119 2886 3457 2942 Christianis
3485 2890 3667 2946 audiit

2071 2965 2268 3022 Filium
2298 2968 2392 3024 Dei
2433 2972 2619 3040 specie
2649 2986 2715 3026 ac
2743 2972 2963 3028 ﬁctione
2992 2976 3108 3028 sola
3140 2990 3365 3046 corpus,
3407 2994 3517 3033 non
3551 2996 3656 3034 na-

2080 3064 2202 3112 tura
2233 3060 2511 3129 gessisse?
2539 3062 2675 3127 Quis
2724 3072 2833 3117 tam
2880 3065 3084 3135 impius
3125 3066 3246 3131 fuit,
3283 3077 3342 3122 ut
3371 3070 3659 3139 ipsamtnet

2069 3152 2314 3222 ejusdem
2332 3153 2673 3210 divinitatem
2690 3157 3076 3212 circumcisam
3100 3174 3246 3224 esse,
3271 3170 3434 3232 atque
3458 3163 3659 3233 imper-

385 3267 548 3321 μενον
584 3249 684 3304 οὐκ
719 3245 787 3322 ἦν
814 3251 875 3304 τὸ
910 3250 1089 3322 σῶμα,
1125 3250 1261 3305 ἀλλά
1289 3252 1425 3323 αὐτὴ
1452 3254 1484 3323 ἡ
1515 3252 1844 3323 δημιουργὸς
1868 3252 1959 3304 οὐ-

2070 3241 2267 3297 l‘eCtam
2300 3260 2332 3298 e
2365 3244 2608 3314 perfecta
2650 3247 2921 3302 redditam
2960 3249 3134 3311 fuisse
3162 3255 3394 3311 sentiret
3419 3271 3484 3310 ac
3514 3256 3658 3312 dice-

383 3342 474 3396 σία
503 3342 604 3414 τῆς
631 3341 875 3413 φύσεως;
914 3344 998 3408 τίς
1033 3343 1090 3397 δὲ
1126 3343 1359 3407 ἀκούων,
1393 3346 1474 3398 ὅτι
1503 3345 1603 3398 οὐκ
1640 3346 1704 3398 ἐκ
1720 3344 1958 3415 Μαρίας,

380 3431 497 3486 ἀλλ’
531 3435 597 3487 ὲκ
622 3433 724 3503 τῆς
763 3433 929 3487 αὐτοῦ
970 3433 1157 3499 οὐσίας
1206 3436 1560 3504 μετεποίησεν
1596 3434 1774 3504 ἐαυτῷ
1802 3433 1960 3504 σῶμα

382 3522 622 3594 παθητὸν
650 3525 679 3577 6
711 3522 903 3592 Λόγος,
948 3522 1092 3578 εἴποι
1138 3524 1203 3579 ἂν
1234 3525 1559 3597 Χριστιανὸν
1597 3527 1688 3581 τὸν
1734 3526 1961 3595 λέγοντα

377 3616 583 3681 ταῦτας
617 3615 714 3680 Τίς
753 3616 811 3671 δὲ
846 3616 944 3688 τὴν
985 3612 1243 3689 ἀθέμιτον
1280 3619 1483 3690 ταύτην
1512 3619 1802 3691 ἐπενόησεν
1834 3618 1962 3672 ἀσέ-

380 3705 553 3769 ϐειαν,
586 3706 726 3760 ὥστε
754 3706 856 3761 κᾶν
882 3710 961 3773 είς
992 3708 1290 3780 ἐνθύμησιν
1314 3710 1510 3770 ἐλθεῖν.
1539 3710 1635 3763 καί⁵
1657 3711 1852 3773 εἰπεῖν,
1875 3710 1959 3763 ὅτι

378 3797 408 3849 6
432 3796 604 3865 λέγων
634 3800 698 3850 ὲκ
737 3798 961 3870 Μαρίας
1004 3794 1231 3853 εἶναιτὸ
1262 3800 1536 3873 κυριακὸν
1578 3800 1958 3870 σῶμα,οὐκέτι

379 3885 608 3957 Τριάδα,
646 3885 781 3942 ἀλλά
810 3887 1043 3959 τετράδα
1071 3889 1131 3942 ὲν
1158 3892 1225 3962 τῇ
1259 3890 1472 3962 θεότητι
1508 3895 1724 3962 φρονεί;
1762 3889 1838 3955 ὡς
1870 3890 1960 3944 διὰ

378 3977 539 4031 τοῦτο
567 3978 693 4042 τοὺς
712 3977 855 4032 οὕτω
880 3979 1256 4053 διακειμένους
1282 3982 1382 4053 τῆς
1405 3982 1592 4046 οὐσίας
1610 3983 1707 4053 τῆς
1729 3982 1958 4055 Τριάδος

377 4068 556 4137 λέγειν
584 4070 683 4142 τὴν
713 4071 914 4143 σάρκα,
939 4071 1007 4143 ἢν
1031 4072 1319 4127 ἐνεδύσατο
1347 4075 1412 4128 ἐκ
1442 4074 1659 4145 Μαρίας
1682 4074 1711 4127 6
1742 4076 1955 4147 Σωτήρ.

378 4160 548 4214 Πόθεν
589 4161 646 4215 δὲ
685 4161 849 4216 πάλιν
886 4163 1185 4235 ὴρεύξαντό
1226 4182 1369 4230 τινες
1408 4166 1530 4236 ῐσην
1568 4166 1821 4220 ἀσέϐειαν
1845 4169 1957 4231 τοῖς

376 4250 819 4324 προειρημένοις,
867 4253 1008 4309 ὥστε
1050 4258 1224 4309 εἰπεῖν
1273 4256 1349 4329 μὴ
1398 4257 1660 4329 νεώτερον
1709 4254 1850 4312 εἶναι
1895 4259 1957 4313 τὸ

377 4342 536 4413 σῶμα
562 4344 663 4414 τῆς
692 4344 787 4398 τοῦ
816 4345 991 4415 Λόγου
1022 4347 1296 4417 θεότητος,
1341 4349 1478 4404 ἀλλά
1512 4351 1779 4404 ωναῖδιον
1807 4350 1957 4421 αὐτῷ

375 4432 665 4497 διαπαντὸς
683 4434 1032 4503 γεγενῆσθαι,
1061 4436 1247 4506 ἐπειδὴ
1274 4437 1337 4490 ὲκ
1358 4435 1455 4508 τῆς
1479 4436 1670 4506 σοφίας
1694 4437 1953 4507 συνέστη;

374 4525 501 4589 Πῶς
522 4525 579 4579 δὲ
601 4527 695 4580 καί¹
718 4527 1081 4598 ἀμφιϐάλλειν
1109 4530 1415 4602 ἐτόλμησαν
1433 4531 1482 4583 oi
1510 4530 1794 4601 λεγόμενοι
1818 4532 1862 4583 Χ
1872 4547 1951 4601 ρι-

377 4615 602 4678 στιανοὶ,
637 4617 686 4669 εἰ
711 4617 739 4669 6
766 4617 830 4669 ὲκ
864 4617 1082 4688 Μαρίας
1112 4618 1389 4688 προελθὼν
1415 4619 1640 4691 Κύριος,
1685 4620 1815 4685 Υἱὸς
1850 4622 1950 4692 μὲν

371 4705 438 4774 τῇ
484 4703 643 4775 οὐσίᾳ
689 4705 782 4758 καὶ
832 4708 899 4777 τῇ
945 4706 1104 4773 φύσει
1141 4707 1236 4760 τοῦ
1280 4707 1414 4761 Θεοῦ
1443 4710 1584 4772 ἐστι,
1618 4707 1678 4762 τὸ
1715 4708 1773 4763 δὲ
1807 4710 1948 4764 κατά

375 4791 554 4864 σάρκα
574 4795 639 4846 ὲκ
671 4794 984 4867 σπέρματος
1013 4797 1176 4850 Δαϐξδ
1194 4800 1332 4865 ἐστι,
1362 4800 1563 4870 σαρκὸς
1583 4800 1639 4853 δὲ
1664 4801 1762 4871 τῆς
1785 4801 1946 4869 ἁγίας

371 4883 621 4954 Μαρίας;
650 4884 805 4949 Τίνες
847 4885 956 4958 ἄρα
1000 4887 1141 4940 οὕτω
1170 4889 1432 4960 τολμηροὶ
1460 4891 1768 4960 γεγόνασιν,
1804 4890 1946 4944 ὥστε

367 4975 541 5029 εἰπεῖν
566 4976 657 5029 τὸν
679 4977 911 5048 Χριστὸν
940 4980 1032 5033 τὸν
1062 4983 1224 5052 σαρκὶ
1253 4982 1514 5048 παθόντα,
1550 4984 1646 5037 κοιλ¹
1672 4987 1946 5055 ἐσταυρω-

372 5063 554 5135 μένον,
597 5066 670 5137 μὴ
699 5063 840 5121 εἶναι
872 5070 1097 5141 Κύριον,
1133 5071 1228 5125 καὶ
1254 5073 1502 5145 Σωτῆρα,
1540 5074 1634 5128 καὶ
1661 5074 1815 5139 Θεὸν,
1847 5076 1944 5129 καὶ

368 5156 497 5210 Υίδν
524 5157 618 5210 τοῦ
644 5160 884 5231 Πατρός;
914 5163 983 5215 Ἢ
1004 5162 1122 5226 πῶς
1143 5165 1460 5236 Χριστιανοὶ
1482 5165 1725 5220 θέλουσιν
1745 5169 1944 5238 ὀνομά-

366 5245 557 5308 ζεσθαι
586 5248 635 5300 οἱ
668 5247 918 5318 λέγοντες
961 5253 1041 5316 είς
1082 5253 1367 5326 ἄνθρωπον
1408 5257 1580 5325 ἅγιον,
1613 5259 1688 5323 ὡς
1725 5260 1817 5314 ἐπὶ
1846 5259 1944 5314 ἕνα

362 5336 472 5389 τῶν
500 5339 818 5410 προφητῶν,
854 5343 1168 5415 ἐληλυθέναι
1192 5348 1283 5400 τὸν
1313 5348 1507 5418 Λόγον,
1546 5351 1641 5404 καὶ
1672 5351 1747 5422 μὴ
1780 5352 1941 5406 αὐτὸν

362 5426 649 5498 ἄνθρωπον
676 5432 978 5502 γεγονέναι,
1024 5435 1256 5490 λαϐόντα
1306 5440 1369 5493 ἐκ
1408 5439 1627 5512 Μαρίας
1660 5440 1721 5493 τὸ
1759 5440 1941 5512 σῶμα,

2064 3336 2191 3389 ret?
2222 3337 2353 3391 ltem
2384 3338 2748 3409 illud-ipsum,
2789 3342 2936 3412 quod
2984 3343 3039 3397 in
3080 3344 3227 3415 ligno
3262 3346 3517 3403 sufﬁxum
3547 3360 3651 3418 est,

2062 3438 2172 3478 non
2210 3439 2411 3494 corpus
2446 3428 2753 3492 exstitisse,
2796 3430 2894 3487 sed
2936 3432 3299 3489 substantiam
3351 3438 3525 3507 ipsam
3557 3457 3648 3495 na-

2062 3524 2198 3573 tura;
2227 3520 2397 3576 totius
2425 3521 2712 3591 Opiﬁcem?
2739 3522 2875 3590 Quis
2905 3540 3030 3579 cum
3063 3526 3210 3581 istud
3245 3529 3454 3595 audiat,
3486 3548 3595 3587 non
3621 3548 3655 3589 e

2060 3609 2254 3676 Maria,
2306 3612 2402 3668 sed
2446 3629 2511 3669 ex
2553 3616 2775 3686 propria
2800 3618 3108 3675 substantia
3141 3619 3237 3677 Dei
3276 3621 3514 3680 Verbum
3551 3626 3654 3682 ob-

2060 3704 2283 3758 noxium
2318 3707 2561 3775 passioni
2591 3707 2699 3762 sibi
2721 3722 2925 3779 corpus
2945 3710 3242 3780 cﬁinxisse,
3271 3715 3649 3774 Christianum

2057 3795 2153 3865 qui
2187 3795 2301 3851 hac
2322 3797 2524 3853 dixerit
2555 3798 2896 3856 arbitretur?
2928 3801 3063 3870 Quis
3110 3812 3463 3864 exsecrandae
3500 3809 3650 3868 illius

2058 3884 2356 3955 impietatis
2400 3898 2593 3943 auctor
2634 3901 2740 3954 est,
2778 3900 2837 3945 ut
2870 3893 3141 3963 ejusmodi
3173 3898 3425 3967 quadam
3462 3901 3648 3957 animo

2056 3976 2365 4046 concipere,
2387 3985 2481 4032 aut
2496 3979 2679 4050 eloqui
2693 3981 2915 4037 minime
2934 3982 3268 4048 formidaret,
3287 4002 3409 4043 eum
3428 3991 3521 4060 qui
3543 3990 3651 4047 Do-

2058 4065 2322 4121 minicum
2349 4084 2380 4123 e
2410 4067 2577 4125 Maria
2609 4086 2812 4142 corpus
2860 4090 2983 4131 esse
3027 4085 3217 4134 natum
3254 4092 3491 4150 asserat,
3533 4101 3643 4142 non

2059 4155 2404 4225 Trinitatem,
2443 4160 2539 4216 sed
2587 4166 3012 4233 quaternitatem
3056 4169 3328 4228 divinitati
3366 4175 3642 4231 tribuere?

2057 4247 2208 4303 Adeo
2238 4258 2296 4304 ut
2326 4252 2417 4321 qui
2441 4252 2512 4306 ita
2545 4256 2809 4321 sentiunt,
2847 4273 3069 4315 carnem
3112 4261 3285 4329 illam,
3321 4280 3484 4337 quam
3522 4268 3642 4325 Savi-

2059 4349 2215 4397 vator
2240 4359 2271 4398 e
2303 4342 2473 4400 Maria
2505 4345 2733 4419 Virgine
2768 4354 3031 4424 suscepit,
3066 4371 3131 4411 ex
3164 4357 3282 4427 ipsa
3322 4361 3635 4419 substantia

2058 4430 2343 4490 Trinitatis
2369 4452 2493 4492 esse
2528 4435 2969 4499 fateanturJam
2992 4462 3123 4502 vero
3153 4450 3425 4506 undenam
3451 4470 3637 4525 parem

2060 4524 2188 4579 huic
2219 4540 2283 4580 ac
2311 4543 2631 4599 germanam
2657 4535 2990 4603 impietatem
3014 4553 3268 4596 evomere
3299 4544 3389 4598 alii
3414 4524 3637 4615 quidam

2057 4616 2112 4670 in
2145 4616 2386 4672 animum
2420 4621 2780 4691 induxerunt,
2817 4629 2894 4682 uti
2921 4645 3121 4700 corpus
3155 4632 3335 4704 ipsum
3365 4651 3473 4692 non
3496 4639 3637 4693 divi-

2055 4708 2225 4763 nitate
2255 4708 2421 4766 Verbi
2449 4716 2746 4781 recentius,
2776 4719 2871 4773 sed
2895 4729 3228 4778 coaeternum
3260 4741 3322 4781 ac
3368 4738 3635 4799 perpetuo

2052 4816 2177 4855 cum
2197 4802 2291 4859 illo
2308 4805 2663 4874 conjunctum
2680 4812 2959 4868 exstitisse
2972 4812 3434 4886 999deﬁniant,
3455 4839 3633 4892 quan-
3704 4822 3725 4837 '

2052 4895 2346 4965 doquidem
2403 4900 2474 4952 ab
2510 4900 2625 4970 ipsa
2672 4905 2939 4972 sapientia
2982 4911 3344 4966 constitutum
3387 4916 3504 4969 est?
3529 4915 3633 4984 Po.

2063 4992 2237 5039 tmtne
2264 4985 2595 5045 Christianis
2630 4991 2698 5045 ab
2732 4993 3048 5052 hominibus
3081 4997 3135 5052 in
3166 5000 3390 5056 dubium
3423 5007 3628 5069 vocari,

2050 5083 2369 5133 utrumnam
2404 5078 2670 5137 Dominus
2701 5096 2890 5141 noster
2921 5089 2987 5143 de
3019 5088 3189 5144 Maria
3215 5091 3434 5164 Virgine
3463 5106 3628 5153 natus

2051 5170 2360 5226 substantia
2399 5181 2704 5246 naturaque
2734 5176 2830 5234 Dei
2872 5178 3045 5238 Filius
3085 5184 3381 5251 exstiterit,
3430 5204 3630 5246 secun-

2049 5261 2178 5315 dum
2211 5278 2431 5320 carnem
2464 5281 2594 5323 vero
2626 5285 2657 5323 e
2685 5267 2904 5326 Davidis
2943 5273 3133 5343 stirpe,
3166 5291 3230 5330 ac
3263 5289 3628 5338 sacrosanctae

2052 5349 2291 5423 Virginis
2326 5370 2493 5412 carne
2524 5361 2854 5430 susceptus?
2894 5363 3126 5429 Quinam
3169 5381 3338 5436 porro
3376 5375 3527 5424 tanta
3553 5382 3628 5426 te-
3732 5430 3737 5433 _

2047 5445 2300 5502 meritate
2332 5455 2390 5503 et
2419 5450 2650 5506 audacia
2673 5452 2917 5522 fuerunt,
2951 5464 3012 5510 ut
3033 5457 3311 5514 Christum
3347 5460 3499 5516 illum
3535 5475 3626 5517 as-

360 5517 477 5573 ἀλλ’
499 5519 685 5593 ἕτερον
710 5516 851 5578 εἶναι
872 5523 964 5578 τὸν
984 5528 1237 5598 Χριστὸν,
1268 5531 1361 5583 καὶ
1386 5530 1544 5585 ἀλλον
1566 5533 1659 5587 τὸν
1684 5531 1778 5585 τοῦ
1804 5532 1940 5586 Θεοῦ

2070 5547 2310 5604 tererent,
2342 5542 2435 5611 qui
2467 5542 2522 5596 in
2554 5557 2721 5600 carne
2750 5560 2971 5617 passus,
3011 5558 3066 5605 et
3098 5550 3154 5606 in
3198 5565 3417 5608 crucem
3463 5561 3623 5611 actus

432 5679 449 5710 ⁸
482 5695 570 5748 7p.
601 5680 940 5752 πραχθεῖσιν.
1021 5685 1042 5716 ²
1071 5684 1399 5757 Psal.‘cx1u.
1427 5687 1497 5749 ις
1523 5701 1748 5755 cxsnv,
1779 5688 1866 5744 l5.
1943 5691 1965 5724 ⁸

2070 5692 2205 5751 ὼος.
2237 5712 2301 5763 ιι,
2337 5697 2423 5753 15.
2499 5698 2522 5730 ⁸
2550 5696 2573 5753 1
2600 5697 2739 5754 Tim.
2778 5716 2854 5768 vi,
2885 5702 2941 5760 4.
3017 5703 3038 5736 ⁸
3063 5702 3167 5761 lsa.
3200 5719 3260 5772 ιι,
3283 5708 3336 5761 3.
