4134 6392
450 321 561 377 εΗ

1863 313 1925 370 S.
1968 309 2312 367 EPIPIIANII

3642 306 3747 359 648

450 446 563 501 est,
598 449 704 490 non
738 449 860 490 esse
902 433 1218 497 Dominum,
1263 446 1326 485 ar.
1368 429 1736 488 Sa'lratorcm.
1769 439 1824 484 et
1856 429 2050 494 Deum,

2180 427 2310 489 ι’ἰδν,
2341 427 2433 479 τόν
2471 425 2574 496 προ
2602 423 2823 495 Μαρίας
2852 423 2947 478 καὶ
2981 421 3090 494 πρὸ
3113 420 3324 475 αἰώνων
3349 420 3477 474 Υἱὸς.
3503 419 3633 472 ὅντα
3655 417 3748 470 τοῦ

455 525 746 596 Patrisque
769 525 1010 579 Filium?
1039 526 1290 591 Quonam
1316 531 1477 593 pacto
1497 522 1576 576 Ch
1587 522 1848 578 ristianos
1866 523 2053 592 appel-

2161 524 2409 594 Πατρός;
2446 524 2516 574 Ἢ
2559 520 2675 584 πῶς
2717 519 3036 590 Χριστιανοὶ
3069 514 3209 570 εἰναι
3233 517 3284 569 οἰ
3316 516 3564 584 λέγοντες
3595 511 3751 567 ἄλλον

418 675 422 681 ,
456 615 561 669 lari
589 630 650 670 se
674 615 887 677 volunt,
929 614 1023 683 qui
1065 613 1120 666 in
1165 624 1418 667 sancttnn
1470 611 1772 677 hominem,
1825 613 2052 681 perinde

2180 621 2251 670 τὸν
2274 617 2407 670 Θεὸν
2439 611 2599 678 εἶναι,
2631 615 2725 666 καί⁵
2755 613 2914 668 ἄλλον
2939 607 3078 664 εἶναι
3107 610 3198 664 τὸν
3225 609 3320 664 τοῦ
3353 606 3490 661 Θεοῦ
3514 607 3714 674 Λόγονς

456 719 520 766 ιιι
561 711 615 765 in
647 711 884 780 aliquem
913 710 982 764 de
1012 708 1407 779 prophetarum
1456 721 1711 771 numero,
1758 707 2048 778 delapsum
2088 727 2212 768 esse
2243 711 2507 778 Verbum,
2553 725 2665 766 non
2701 709 3000 779 ipsummet
3041 706 3322 761 hominem
3376 702 3584 757 factum
3629 714 3756 756 esse

460 803 814 874 profitentur,
860 817 986 856 cum
1029 816 1093 854 ex
1141 800 1316 855 Maria
1363 815 1569 870 corpus
1617 799 1916 865 induisset,
1981 803 2077 857 sed
2138 806 2372 861 alterum
2423 820 2550 861 esse
2601 803 2907 866 Christum,
2953 800 3186 856 alterum
3231 797 3324 854 Dei
3381 795 3608 858 Filium,
3662 793 3754 863 qui

459 904 589 950 ante
620 895 868 957 Mariam,
903 901 958 948 et
988 902 1116 947 ante
1141 893 1344 947 saecula
1373 893 1560 946 omnia
1621 891 1797 948 Filius
1848 910 1914 948 ex
1967 892 2131 950 Patre
2169 898 2473 967 prodierit?
2521 901 2603 950 An
2654 909 2786 950 vero
2825 892 3132 949 Christiani
3179 905 3304 947 esse
3359 895 3614 961 possunt,
3663 880 3754 956 qui

456 987 630 1040 alium
665 999 788 1039 esse
829 983 1022 1047 Deum,
1076 984 1225 1038 aliud
1275 990 1331 1038 et
1384 984 1454 1037 ab
1501 983 1595 1037 illo
1635 981 1915 1039 diversum
1957 983 2052 1039 Dei
2097 987 2330 1043 Verbum
2363 987 2702 1059 praedicant?

533 1078 596 1131 V.
642 1077 769 1131 Haec
802 1079 855 1131 in
891 1077 1003 1131 illis
1035 1077 1451 1131 commentariis
1475 1078 1903 1134 continebantur
1934 1093 2061 1148 pro-

460 1172 715 1226 nuntiata
754 1170 994 1234 diverse,
1033 1170 1128 1224 sed
1167 1185 1401 1240 quorum
1427 1186 1536 1224 una
1565 1171 1872 1242 eademque
1905 1187 2061 1227 mens

460 1275 610 1320 esset
647 1279 773 1319 cum
817 1265 1100 1333 impietate
1141 1263 1460 1332 conjuncta.
1489 1262 1788 1335 Propterea
1825 1263 2062 1319 disside-

465 1359 600 1414 bant
634 1372 663 1410 a
693 1373 751 1412 se
780 1357 1038 1423 invicem,
1071 1371 1137 1410 ac
1164 1357 1481 1428 pugnabant
1506 1357 1540 1410 ii
1565 1359 1660 1427 qui
1693 1373 1751 1412 se
1784 1357 1908 1413 lldei
1935 1374 2063 1428 pro-

467 1449 710 1506 fessione
745 1465 774 1502 a
814 1448 1076 1504 Patrihus
1107 1449 1162 1503 in
1199 1447 1415 1504 Nicwna
1453 1449 1666 1520 synodo
1695 1452 1914 1520 prodita
1947 1451 2064 1522 glo-

465 1544 704 1596 riantur.
736 1539 848 1613 Ego
886 1556 1018 1595 vero
1050 1542 1308 1610 pietatem
1347 1548 1500 1596 tuam
1534 1557 1867 1614 magnopere
1889 1544 2064 1600 demi-

465 1643 623 1690 ratus
669 1651 814 1698 sum,
865 1633 1015 1704 quod
1057 1635 1194 1690 istos
1237 1635 1488 1690 homines
1523 1636 1760 1692 tolerare
1798 1639 2059 1707 potuerit,

470 1743 653 1798 neque
705 1727 836 1780 talia
891 1726 1234 1796 iactantibus
1286 1727 1569 1783 silentium
1609 1729 1960 1799 imposuerit,
2002 1744 2068 1784 ac
2098 1722 2140 1778 Β

469 1821 614 1890 piam
653 1820 1038 1889 sinceramque
1069 1819 1191 1875 ﬁdei
1215 1821 1459 1890 regulam
1491 1821 1783 1888 obtulerit;
1819 1836 1924 1892 qua
1946 1821 2071 1892 qui-

468 1913 595 1967 dem
632 1912 817 1967 audita
859 1912 943 1966 vel
978 1913 1397 1981 acquiescerent
1420 1953 1435 1977 ,
1476 1912 1582 1979 vel,
1614 1912 1660 1967 si
1689 1913 2073 1969 contradicere

465 2005 718 2067 mallent,
777 2004 1022 2059 haeretici
1075 2004 1520 2059 nominarentur.
1577 2002 1715 2059 Nam
1773 2019 1896 2074 qua:
1943 2013 2073 2060 ante

467 2103 902 2150 commemorata
948 2103 1100 2156 sunt,
1142 2110 1321 2165 neque
1372 2094 1630 2165 proferri,
1674 2111 1853 2166 neque
1890 2096 2072 2150 audiri

468 2189 616 2256 apud
647 2187 997 2241 Christianos
1033 2191 1288 2254 possunt,
1323 2185 1420 2239 sed
1453 2186 1525 2240 ab
1563 2186 1867 2256 apostolica
1898 2185 2072 2240 disci-

469 2279 619 2349 plina
655 2279 874 2349 penitus
921 2277 1243 2332 abhorrent.
1289 2275 1562 2342 Quocirca
1603 2278 1928 2332 eorumdem
1970 2293 2073 2349 ego

469 2369 754 2440 dogmata,
809 2368 1123 2438 cujusmodi
1181 2375 1312 2424 ante
1367 2368 1645 2438 proposita
1711 2376 1864 2432 sunt,
1922 2372 2074 2426 nude

471 2463 601 2518 huic
641 2463 888 2533 epistolae
919 2461 1214 2516 attexenda
1245 2463 1460 2525 curavi,
1500 2468 1560 2516 ut
1593 2463 1687 2533 qui
1723 2462 1842 2518 hac
1883 2465 2067 2518 solum

469 2557 731 2620 audierit,
761 2556 982 2610 illorum
1008 2554 1292 2610 infamiam
1333 2555 1785 2626 impietatemque
1823 2564 2076 2611 contem-

470 2652 677 2720 pletur.
710 2648 791 2702 Ac
823 2647 1046 2703 tametsi
1075 2661 1293 2712 eorum,
1326 2660 1356 2701 a
1377 2647 1581 2716 quibus
1608 2647 1920 2717 excogitata
1968 2647 2075 2702 ista

474 2749 624 2806 sunt,
651 2740 938 2812 turpitudo
963 2740 1218 2812 pluribus
1243 2739 1581 2800 accusanda,
1610 2753 1675 2794 ac
1698 2737 2076 2812 redarguenda

471 2832 748 2899 videatur,
782 2832 1147 2888 nihilominus
1175 2832 1293 2887 haec
1322 2831 1389 2885 ad
1416 2831 1666 2902 epistola:
1687 2831 1912 2885 modum
1939 2833 2076 2888 satis

467 2940 625 2989 csse,
673 2940 858 2996 neque
907 2925 1136 2982 uberius
1169 2922 1523 2979 scribendum
1562 2923 1903 2978 existimavi.
1936 2921 2074 2978 Nam

468 3033 599 3090 quae
646 3027 756 3073 tam
803 3026 994 3089 aperta
1043 3017 1292 3088 nequitia
1341 3015 1620 3086 implicata
1667 3024 1819 3080 sunt,
1868 3016 2077 3086 agitare

476 3109 878 3174 vehementius,
913 3123 979 3162 ac
1009 3107 1290 3163 curiosius
1319 3106 1665 3178 perscrutari
1688 3121 1799 3162 non
1835 3115 2076 3178 oportet,

479 3217 548 3255 ne
576 3217 605 3254 a
632 3199 995 3255 contentiosis
1027 3198 1346 3253 hominibus
1381 3213 1485 3270 pm
1515 3197 1703 3254 dubiis
1727 3206 1782 3254 et
1803 3198 2080 3268 ambiguis

476 3292 803 3350 habeantur.
853 3291 1038 3358 Quare
1068 3293 1122 3347 id
1155 3307 1326 3346 unum
1364 3291 1636 3347 adversus
1668 3289 1944 3359 eiusmodi
1980 3306 2080 3345 ex-

2239 1084 2314 1136 E'.
2349 1081 2536 1134 Ταῦτα
2566 1076 2636 1152 ἦν
2659 1081 2718 1133 ὲν
2740 1079 2854 1142 τοῖς
2887 1077 3277 1148 ὑπομνήμασιν
3303 1073 3582 1144 διαφόρως
3607 1071 3622 1101 ¹
3659 1069 3759 1142 μὲν

2169 1175 2452 1246 εἰρημένα,
2490 1174 2620 1244 μίαν
2647 1172 2705 1225 δὲ
2725 1172 2825 1243 τὴν
2847 1170 3086 1224 διάνοιαν
3117 1169 3212 1222 καὶ
3237 1167 3335 1238 τὴν
3367 1165 3538 1234 αὐτὴν
3567 1164 3760 1234 ἔχοντα

2171 1269 2309 1340 πρὸς
2331 1267 2588 1322 ἀσέϐειαν
2615 1265 2941 1336 βλέπουσαν.
2973 1261 3074 1315 Διὰ
3093 1260 3266 1314 ταῦτα
3288 1257 3639 1329 διεκρίνοντο,
3665 1257 3759 1308 καὶ

2169 1361 2491 1432 διεμάχοντο
2519 1358 2656 1431 πρὸς
2690 1356 2954 1428 ἀλλήλους
2993 1355 3042 1407 οἱ
3089 1351 3385 1422 αὐχοῦντες
3413 1349 3506 1403 ἐπὶ
3536 1351 3604 1419 τῇ
3630 1350 3761 1418 δμο-

2170 1455 2331 1526 λογίᾳ
2373 1453 2482 1507 τῶν
2510 1453 2772 1524 Πατέρων
2803 1450 2911 1503 τῶν
2943 1450 3002 1501 ὲν
3036 1447 3242 1518 Νικαίᾳ
3271 1444 3560 1517 γενομένῃ.
3621 1440 3764 1510 Ἐγὼ

2170 1548 2228 1602 δὲ
2266 1547 2366 1618 τὴν
2401 1545 2500 1618 σὴν
2539 1544 2832 1618 ἐθαύμασα
2876 1541 3190 1596 θεοσέϐειαν
3228 1538 3629 1609 ἀνασχομένην,
3669 1535 3763 1588 καὶ

2171 1640 2254 1694 ὅτι
2295 1639 2370 1712 μὴ
2407 1639 2632 1702 τούτους
2673 1637 2775 1708 μὲν
2819 1635 3026 1689 ἔπαυσε
3057 1632 3231 1686 ταῦτα
3262 1631 3542 1699 λέγοντας,
3572 1630 3672 1698 τὴν
3703 1627 3764 1681 δι

2170 1733 2372 1804 εὐσεϐῆ
2416 1732 2600 1785 πίστιν
2638 1728 2952 1801 παρέθηκεν
2983 1727 3191 1790 αὐτοῖς,
3234 1725 3323 1778 ἵνα
3359 1723 3393 1795 ἢ
3433 1721 3764 1785 ἀκούσαντες

2170 1825 2549 1896 ἠρεμήσωσιν,
2584 1822 2617 1893 ἢ
2646 1821 3022 1889 ἀντιλέγοντες
3051 1818 3127 1881 ὡς
3158 1815 3429 1888 αίρετικοί.
3449 1812 3764 1884 ὀνομασθῶ-

2173 1930 2248 1966 σι,
2275 1912 2358 1966 Τά
2386 1911 2497 1982 γάρ
2539 1909 2922 1983 προειρημένα
2969 1907 3094 1962 οὔτε
3146 1906 3315 1960 λεκτά
3359 1905 3485 1958 οὔτε
3523 1903 3767 1957 ἀκουστά

2172 2005 2326 2076 παρὰ
2359 2005 2731 2076 Χριστιανοίς,
2759 2002 2896 2056 ἀλλὰ
2922 2000 3179 2072 ἀλλότρια
3201 1999 3347 2054 κατὰ
3367 1998 3545 2052 πάντα
3565 1997 3768 2068 τρόπον

2172 2097 2272 2168 τῆς
2315 2095 2680 2164 ἀποστολικῆς
2718 2092 3071 2156 διδασκαλίας
3114 2091 3253 2146 ἐστί.
3303 2089 3402 2144 Διὰ
3437 2089 3599 2143 τοῦτο
3635 2087 3768 2156 γοῦν

2173 2189 2330 2259 κάγὼ
2349 2191 2416 2244 τὰ
2442 2191 2576 2260 παρ’
2604 2188 2850 2250 ἐκείνων,
2880 2188 2957 2250 ὡς
2981 2186 3219 2258 εἴρηται,
3242 2184 3469 2255 γυμνῶς
3490 2183 3770 2253 πεποίηκα

2173 2283 2521 2354 ἐγγραφῆναι
2569 2284 2637 2353 τῇ
2691 2280 2974 2352 ἐπιστολῇ,
3020 2279 3109 2333 i’va
3153 2279 3246 2332 καὶ
3287 2278 3448 2348 μόνον
3486 2280 3515 2330 ό
3556 2275 3769 2330 ἀκούων

2175 2371 2355 2443 θεωρῇ
2384 2370 2482 2441 τὴν
2513 2371 2572 2423 έν
2609 2369 2796 2433 αὐτοῖς
2831 2369 3096 2440 αἰσχύνην
3124 2369 3222 2422 καὶ
3254 2367 3530 2421 ἀσέϐειαν.
3575 2367 3686 2419 Καὶ
3719 2367 3769 2419 εἰ

2175 2465 2271 2518 καὶ
2297 2463 2404 2517 ἔδει
2429 2462 2519 2516 διὰ
2554 2461 2818 2515 πλειόνων
2851 2463 3203 2532 κατηγορεῖν,
3237 2459 3334 2513 καὶ
3356 2459 3652 2528 διελέγχειν
3669 2459 3770 2530 τὴν

2175 2555 2284 2610 τῶν
2309 2554 2484 2608 ταῦτα
2514 2553 2907 2625 διανοηθέντων
2947 2552 3233 2623 αἰσχύνην,
3262 2551 3400 2604 ἀλλὰ
3435 2549 3576 2624 [καὶ]
3607 2551 3772 2605 καλὸν

2174 2645 2280 2703 ἕως
2312 2644 2519 2698 τούτων
2549 2639 2689 2697 εἶναι
2737 2644 2836 2714 τὴν
2881 2641 3193 2712 ἐπιστολὴν,
3244 2641 3342 2694 καὶ
3391 2642 3558 2714 μηδὲν
3606 2642 3773 2698 πλέον

2176 2738 2433 2809 γράφειν.
2465 2737 2546 2790 Τά
2575 2736 2684 2808 γὰρ
2723 2735 2898 2799 οῦτως
2938 2735 3193 2805 φανερῶς
3232 2736 3562 2806 δεικνύμενα
3591 2735 3773 2805 φαῦλα

2176 2828 2478 2901 γυμνάζειν
2511 2829 2790 2892 ὲπιπλέον,
2831 2829 2926 2882 καὶ
2970 2828 3433 2901 περιεργάζεσθαι
3465 2830 3526 2883 ού
3556 2829 3658 2895 δεῖ,
3685 2830 3773 2882 ἵνα

2181 2923 2257 2994 μὴ
2287 2925 2402 2986 τοῖς
2444 2921 2847 2992 φιλονεικοῦσιν
2886 2921 2962 2986 ὡς
2997 2922 3280 2993 ἀμφίϐολα
3317 2922 3573 2995 νομισθῇ.
3603 2921 3776 2976 Τοῦτο

2184 3014 2346 3085 μόνον
2371 3013 2777 3086 ἀποκρίνασθαι
2808 3015 2947 3086 πρὸς
2974 3014 3044 3069 τὰ
3074 3014 3304 3068 τοιαῦτα
3357 3015 3452 3069 καὶ
3480 3017 3655 3070 εἰπεῖν
3679 3018 3777 3088 ἀρ-

2185 3109 2290 3168 κεῖ,
2329 3107 2410 3160 ὂτί
2439 3107 2540 3160 ούκ
2579 3106 2696 3160 ἔστι
2727 3106 2902 3161 ταῦτα
2943 3109 3044 3179 τῆς
3087 3105 3385 3179 καθολικῆς
3427 3107 3777 3179 Ἐκκλησίας,

2185 3198 2306 3252 οὐδὲ
2333 3197 2509 3252 ταῦτα
2536 3200 2585 3252 οἰ
2615 3198 2860 3270 Πατέρες
2887 3199 3215 3270 ἐφρόνησαν.
3249 3201 3369 3254 Ἵνα
3398 3201 3456 3255 δὲ
3492 3201 3567 3272 μὴ
3593 3203 3658 3255 ὲκ
3679 3204 3778 3272 τῆς

2184 3287 2371 3342 τέλεον
2407 3291 2619 3359 σιωπῆς
2647 3288 2923 3360 πρόφασιν
2950 3290 3311 3361 ἀναίσχυντον
3341 3292 3557 3355 ἑαυτοῖς
3589 3294 3638 3346 οἰ
3667 3291 3779 3346 τῶν

470 3389 666 3456 cipere
721 3400 785 3440 ac
814 3385 1151 3456 respondere
1175 3383 1374 3440 sulllcit
1396 3403 1408 3438 :
1432 3400 1542 3438 non
1573 3397 1699 3438 esse
1723 3383 1837 3437 hac
1867 3382 2076 3453 1000

2189 3381 2376 3436 κακῶν
2416 3383 2711 3454 ἑφευρεταί.
2744 3382 3105 3454 πορίσωνται,
3153 3383 3318 3439 καλὸν
3363 3387 3429 3440 ἐκ
3465 3385 3576 3440 τῶν
3618 3385 3779 3441 θείων

477 3477 741 3534 Ecclesia
790 3479 1078 3531 catholica:
1127 3475 1405 3547 dogmata,
1462 3491 1644 3546 neque
1680 3476 1827 3530 hunc
1858 3473 2081 3528 Patrum

479 3577 799 3623 nostrorum
828 3581 1052 3622 sensum
1080 3566 1386 3620 exstitisse.
1413 3561 1619 3620 Verum
1649 3579 1740 3632 ne,
1774 3565 1821 3619 si
1847 3563 2076 3619 omnino

478 3663 923 3724 dissimulavero,
954 3657 1394 3729 perniciosorum
1420 3658 1738 3729 dogmatum
1761 3657 2076 3713 inventores

2189 3472 2424 3544 Γραφῶν
2467 3472 2666 3542 ὀλίγων
2711 3472 3105 3545 μνημονεῦσαι.
3142 3473 3296 3546 Τάχα
3329 3474 3439 3546 γὰρ
3476 3475 3580 3529 κᾶν
3604 3475 3779 3539 οὕτως

2184 3565 2527 3629 αἰδεσθέντες
2561 3561 2890 3633 ,παύσονται
2941 3567 3051 3622 ἀπὸ
3093 3565 3203 3621 τῶν
3253 3567 3519 3640 ῥυπαρῶν
3571 3567 3780 3622 τούτων

2183 3659 2456 3714 ἐπινοιῶν.

479 3755 576 3810 isti
607 3752 961 3822 impudentiae
987 3768 1101 3810 sua:
1125 3752 1420 3808 honestum
1445 3753 1682 3823 aliquem
1706 3750 1946 3806 colorem
1979 3751 2241 3818 habeant,
2277 3767 2454 3823 pauca
2500 3768 2531 3808 e
2584 3751 2762 3807 sacris
2799 3750 3028 3806 Litteris
3068 3750 3444 3822 expromenda
3498 3753 3784 3812 videntur.

481 3863 546 3902 ex
585 3847 787 3916 quibus
814 3846 1024 3916 pudore
1057 3845 1288 3901 forsitan
1321 3845 1504 3902 allecti
1538 3848 1606 3901 ab
1642 3845 2046 3902 sordidissimis
2078 3846 2190 3904 illis
2221 3848 2461 3902 inventis
2492 3845 2788 3916 aliquando
2824 3847 3160 3901 descissent.

557 3934 648 3994 Vl.
687 3936 974 3992 Undenam
1019 3939 1189 4009 igitur
1211 3954 1484 4010 usurpare
1511 3939 1656 3994 istud
1685 3940 1842 3998 vobis
1873 3941 1928 3994 in
1961 3942 2050 3995 ani
2071 3970 2083 3981 -

481 4044 638 4085 mum
667 4030 883 4093 incidit,
922 4045 1124 4101 corpus
1166 4030 1444 4086 divinitati
1483 4030 1649 4088 Verbi
1687 4048 1811 4091 esse
1850 4035 2077 4090 consub-

480 4123 788 4181 stantiale"
823 4123 964 4178 Hinc
999 4125 1146 4179 enim
1200 4125 1554 4195 potissimum
1603 4127 1848 4182 exordiri
1897 4127 2080 4198 juvat,

482 4223 570 4280 ut,
605 4231 672 4271 eo
699 4217 967 4272 convulso
1004 4231 1070 4271 ac
1100 4218 1457 4287 labefactata,
1487 4231 1686 4276 czetera
1719 4221 1948 4292 perinde
1979 4221 2083 4275 int-

485 4307 685 4363 hecilla
713 4316 1122 4363 monstrentur.
1152 4307 1287 4364 Nam
1318 4325 1350 4365 e
1385 4312 1562 4367 sacris
1593 4311 1817 4382 quidem
1851 4311 2080 4369 Litteris

483 4398 760 4467 ejusmodi
794 4400 933 4454 nihil
963 4401 1089 4456 elici
1126 4411 1463 4474 potest,qua:
1484 4403 1726 4458 humano
1763 4406 1816 4459 in
1849 4419 2084 4475 corpore

487 4491 660 4547 Deum
697 4492 986 4548 exstitisse
1013 4494 1344 4563 praedicant.
1381 4495 1452 4550 At
1475 4512 1606 4551 vero
1629 4495 1824 4551 Patres
1851 4497 1953 4560 illi,
1983 4497 2079 4568 qui

486 4583 686 4640 Nicaea:
717 4594 1115 4651 convenerant,
1148 4603 1258 4642 non
1289 4603 1516 4658 corpus,
1542 4590 1640 4645 sed
1661 4588 1859 4645 Filium
1892 4590 2074 4660 ipsum

486 4673 640 4730 Patri
673 4677 1203 4733 consubstantialem
1251 4694 1376 4735 esse
1414 4679 1697 4744 dixerunt,
1743 4696 1982 4750 eumque
2015 4682 2083 4736 de

486 4764 679 4822 Patris
708 4769 984 4839 prodiisse
1017 4769 1352 4835 substantia,
1402 4786 1606 4843 corpus
1656 4788 1787 4828 vero
1834 4789 1865 4828 e
1909 4771 2082 4827 Maria

489 4870 814 4929 susceptum
845 4877 913 4914 ex
945 4876 1233 4917 sacrarum
1267 4862 1603 4920 Litterarum
1633 4866 1963 4920 auctoritate
1988 4864 2084 4920 de-

485 4961 703 5005 cretum
730 4959 838 5005 est.
865 4950 1048 5017 Quare
1069 4953 1154 5007 vel
1179 4953 1454 5009 Nicaenam
1481 4955 1752 5027 synodum
1781 4954 2080 5025 ejuratote,

487 5056 556 5095 ac
590 5049 852 5112 tanquam
900 5043 1145 5098 haeretici
1183 5043 1439 5115 degmata
1486 5047 1592 5101 ista
1635 5047 1873 5117 iactate;
1909 5055 2004 5101 aut
2034 5045 2082 5100 si

489 5132 718 5188 Patrum
751 5151 874 5190 esse
907 5135 1001 5189 lilii
1033 5137 1221 5199 vultis,
1254 5138 1392 5192 nihil
1423 5147 1626 5209 praeter
1657 5141 1772 5205 illa,
1805 5154 1926 5210 quae
1947 5139 2084 5194 scri-

489 5234 746 5296 pserunt.
802 5227 902 5294 ipsi
942 5229 1291 5283 sentiendum
1339 5240 1610 5301 putatote.
1659 5231 1869 5287 Etenim
1915 5247 2080 5301 quam

488 5320 629 5374 illud
671 5322 976 5376 absurdum
1019 5323 1113 5386 sit,
1150 5323 1234 5378 vel
1285 5325 1414 5378 hinc
1458 5325 1781 5380 existimare
1823 5323 2081 5394 potestis.

493 5410 553 5464 Si
579 5410 724 5465 enim
749 5409 988 5467 Verbum
1015 5416 1260 5484 corpori,
1288 5416 1449 5486 cujus
1483 5423 1678 5470 natura
1711 5415 1779 5469 de
1809 5423 1961 5470 terra
1989 5413 2084 5469 de-

490 5499 662 5554 libata
685 5510 792 5570 est,
823 5503 1307 5561 consubstantiale
1332 5505 1426 5571 sit,
1457 5521 1582 5560 cum
1607 5521 1670 5560 ex
1705 5503 1928 5560 Patrum
1956 5521 2086 5561 con-

492 5590 738 5649 t‘essione
766 5595 996 5664 perinde
1026 5597 1102 5652 sit
1130 5596 1284 5655 Patri
1318 5598 1794 5658 consubstantiale
1814 5596 2080 5664 Verbum,

565 5745 588 5778 ⁸
636 5763 727 5818 7p.
769 5747 1098 5822 ἀδιαφόρως.

2257 3943 2347 4009 ς’.
2381 3941 2551 3995 Πόθεν
2577 3942 2710 4012 ἡμῖν
2733 3939 2966 4011 ἐπῆλθεν
3001 3942 3196 4007 εἰπεῖν,
3224 3932 3270 3995 ὦ
3294 3935 3461 4002 οὗτοι.
3489 3941 3550 3994 τὸ
3579 3941 3778 4012 όμοού-

2189 4050 2304 4089 σιον
2331 4029 2473 4088 εἶναι
2519 4033 2581 4086 τὺ
2629 4032 2790 4103 σῶμα
2827 4032 2930 4103 τῆς
2963 4033 3060 4086 τοῦ
3100 4032 3275 4102 Λόγου
3319 4033 3606 4105 (laden-mc;
3646 4035 3779 4087 Ἀπδ

2188 4126 2296 4199 γὰρ
2328 4126 2516 4180 τούτου
2549 4125 2713 4179 καλὸν
2741 4123 3032 4191 ἄρξασθαι,
3059 4125 3168 4184 ἵνα.
3197 4125 3389 4180 τούτου
3421 4126 3775 4198 δεικνυμένου

2190 4220 2413 4292 σαθροῦ,
2437 4221 2532 4272 καὶ
2559 4218 2738 4273 πάντα
2764 4218 2834 4272 τὰ
2860 4217 2997 4273 ἄλλα
3020 4218 3244 4274 τοιαῦτα
3263 4219 3469 4292 δειχθῇ.
3516 4220 3647 4273 Ἀπὸ
3678 4219 3780 4291 μὲν

2179 4305 2281 4364 οῦν
2313 4311 2422 4364 τῶν
2455 4311 2688 4381 Γραφῶν
2728 4312 2829 4365 οὐκ
2867 4311 3015 4364 ἐστιν
3054 4311 3257 4383 εὑρεῖν.
3300 4312 3433 4366 Θεὸν
3459 4312 3567 4385 γὰρ
3595 4314 3657 4366 ἐν
3685 4315 3780 4368 ἀν-

2190 4403 2448 4476 θρωπίνῳ
2486 4403 2700 4475 σώματι
2739 4405 3020 4472 γεγονέναι
3051 4404 3321 4474 λέγουσιν.
3360 4404 3519 4459 ’Λλλὰ
3543 4405 3653 4478 γὰρ
3685 4407 3780 4460 καὶ

2187 4499 2235 4550 οἰ
2263 4497 2506 4568 Πατέρες
2527 4497 2577 4550 οἰ
2603 4499 2661 4550 έν
2685 4497 2892 4567 Νικαίᾳ
2921 4496 3270 4563 συνελθόντες
3291 4499 3351 4552 ού
3369 4498 3430 4551 τὸ
3456 4497 3634 4569 σῶμα,
3661 4496 3779 4551 ἀλλ’

2187 4589 2349 4642 αὑτὸν
2380 4589 2472 4643 τὸν
2508 4589 2638 4644 Υίὸν
2667 4591 2956 4660 εἰρήκασιν
2988 4591 3273 4662 ὁμοούσιον
3298 4589 3391 4645 τοῦ
3415 4591 3649 4663 Πατρός
3685 4592 3782 4645 καὶ

2186 4679 2375 4734 τοῦτον
2405 4679 2504 4751 μὲν
2535 4683 2598 4734 ὲκ
2619 4681 2722 4750 τῆς
2746 4681 2936 4744 ούσίας
2959 4681 3056 4734 τοῦ
3087 4682 3321 4754 Πατρὸς,
3357 4681 3419 4734 τὸ
3447 4682 3503 4735 δὲ
3530 4681 3690 4752 σῶμα
3716 4683 3783 4736 ἐκ

2187 4772 2406 4845 Μαρίας
2447 4773 2794 4844 ὡμολόγηται
2834 4768 2977 4828 εἶναι
3020 4774 3181 4829 πάλιν
3219 4775 3360 4829 κατὰ
3397 4775 3495 4839 τὰς
3532 4775 3782 4847 Γραφάς.

2193 4863 2264 4916 Ἢ
2299 4864 2475 4918 τοίνυν
2513 4863 2826 4937 ἀρνήσασθε
2854 4865 2954 4936 τὴν
2983 4866 3041 4918 ὲν
3075 4865 3282 4940 Νικαίᾳ
3312 4867 3548 4932 σύνοδον,
3582 4869 3677 4922 καὶ
3706 4867 3784 4932 ὡς

2189 4957 2460 5028 αἰρετικοὶ
2505 4959 2908 5029 παρεισφέρετε
2953 4959 3146 5014 ταῦτα’
3187 4959 3221 5027 ἢ
3258 4961 3306 5013 εί
3332 4959 3588 5031 βούλεσθε
3615 4959 3784 5013 τέκνα

2187 5047 2296 5099 τῶν
2325 5048 2584 5119 Πατέρων
2613 5045 2774 5116 εἶναι,
2821 5049 2895 5121 μὴ
2941 5054 3188 5122 φρονεῖτε
3231 5053 3364 5122 παρ’
3388 5053 3595 5113 ἐκεῖνα,
3637 5051 3782 5118 ἅπερ

2190 5138 2434 5211 ἔγραψαν
2465 5140 2638 5195 αύτοί.
2671 5142 2783 5194 Καὶ
2802 5142 2910 5214 γὰρ
2932 5145 2995 5195 ὲκ
3024 5141 3213 5197 τούτου
3245 5142 3304 5196 τὸ
3327 5143 3529 5196 ἄτοπον
3555 5143 3784 5214 θεωρεῖν

2190 5230 2338 5300 ἡμᾶς
2362 5229 2587 5297 ἔξεστιν.
2618 5233 2680 5285 Εἰ
2700 5233 2984 5303 ὁμοούσιος
3009 5236 3037 5286 ό
3061 5236 3233 5304 Λόγος
3253 5234 3330 5305 τῷ
3353 5235 3568 5306 σώματι
3594 5237 3658 5288 ἐκ
3679 5234 3784 5305 γῆς

2190 5321 2366 5391 ἔχοντι
2383 5323 2482 5394 τὴν
2504 5323 2687 5394 φύσιν,
2705 5326 2990 5398 ὁμοούσιος
3010 5327 3065 5381 δὲ
3081 5329 3110 5380 ὁ
3127 5327 3299 5396 Λόγος
3321 5327 3399 5400 τῷ
3422 5330 3618 5400 Ila-cpt,
3640 5329 3778 5392 κατὰ

2190 5411 2288 5484 τὴν
2315 5413 2423 5466 τῶν
2447 5415 2706 5486 Πατέρων
2732 5417 3040 5488 ὁμολογίαν·
3068 5417 3357 5489 ὁμοούσιος
3381 5418 3535 5471 ἔσται
3567 5418 3660 5470 καί
3686 5419 3779 5470 αύ-

2189 5506 2281 5570 τὸς
2307 5507 2336 5559 ὁ
2358 5506 2548 5580 Πατὴρ
2579 5507 2658 5580 τῷ
2696 5509 2908 5580 σώματι
2933 5509 3012 5582 τῷ
3035 5512 3099 5564 ὲκ
3127 5509 3234 5580 γῆς
3262 5508 3561 5580 γενομένῳ.
3593 5507 3706 5562 Καὶ
3729 5506 3786 5561 τί

2191 5598 2271 5652 ἔτι
2311 5599 2589 5672 μέμφεσθε
2621 5604 2736 5667 τοῖς
2775 5603 3075 5676 ’Δρειανοῖς
3104 5602 3325 5672 λέγουσι
3363 5601 3456 5656 τὸν
3491 5598 3618 5655 Υἰδν
3659 5599 3784 5655 κτί-
