4134 6392
554 384 652 442 651

1926 383 1984 442 S.
2027 385 2368 443 EPIPHANII

3705 391 3806 444 ενι

556 509 878 574 exceptum;
923 503 1065 560 idem
1112 519 1250 576 puer
1289 503 1468 560 iactus
1521 513 1640 570 est,
1681 514 1734 562 et
1772 505 2041 570 adolevit.
2073 517 2122 564 et

2231 511 2322 564 καὶ
2361 511 2659 581 ἄτρεπτος·
2711 509 2963 578 λέγοντος
3015 507 3114 578 μὲν
3169 505 3335 560 αὑτοῦ
3375 507 3469 559 τοῦ
3521 505 3794 579 Σωτῆρος·

553 597 814 653 decennis
857 597 1064 660 evasit,
1100 603 1154 652 et
1188 595 1252 652 ad
1303 596 1646 652 tricesimum
1702 613 1906 652 annum
1955 615 2129 670 usque

553 688 876 759 pervenit‘.
916 685 1032 742 Non
1070 687 1241 752 enim,
1282 697 1342 742 ut
1379 689 1626 742 nonnulli
1673 687 1934 758 suspicati
1979 699 2127 755 sunt,

551 781 720 836 divini
745 777 911 835 Verbi
945 779 1253 838 substantia
1279 778 1398 849 ipsa
1425 785 1640 832 mutata
1665 780 1994 835 circumcisa
2022 789 2127 844 est,

550 874 918 944 quae-mutari
971 872 1332 941 convertique
1373 881 1641 942 nequeat,
1693 887 1817 926 cum
1879 871 2130 928 Salvator

551 965 668 1033 ipse
691 963 880 1018 dicat:
927 963 1138 1033 1002
1175 959 1372 1018 Videte
1406 978 1515 1026 me,
1555 964 1814 1036 quoniam
1845 979 1944 1033 ego
1982 979 2126 1028 sum,

549 1061 606 1108 et
645 1068 756 1107 non
809 1067 933 1106 sum
987 1061 1230 1107 mutatus
1255 1053 1296 1108 '.
1331 1050 1538 1108 Paulus
1572 1068 1697 1107 vero
1737 1053 1812 1108 ita
1859 1053 2119 1123 scripsit:

547 1146 705 1202 Jeaua
731 1145 973 1202 Christus
997 1147 1108 1201 lteri
1129 1157 1180 1201 et
1208 1147 1381 1210 hodie,
1405 1147 1542 1202 idem
1571 1149 1624 1201 in
1649 1148 1848 1203 secula
1865 1149 1905 1202 ³.
1924 1147 2124 1204 Verum

549 1240 605 1294 in
640 1255 706 1294 eo
739 1254 990 1310 corpore,
1025 1239 1172 1309 quod
1212 1249 1266 1294 et
1303 1240 1694 1294 circumcisum
1727 1247 1811 1294 est
1849 1247 1904 1294 et
1945 1253 2126 1310 gesta-

551 1337 687 1390 tum,
717 1325 864 1398 quod
891 1328 1128 1382 comedit
1151 1334 1206 1381 et
1239 1325 1524 1398 fatigatum
1553 1335 1658 1393 est,
1693 1327 1750 1382 in
1781 1343 1946 1384 cruce
1977 1327 2126 1384 sulli-

2237 600 2402 654 Ἴδετέ
2441 618 2529 672 με,
2563 601 2644 653 ὅτι
2673 599 2783 668 ἐγώ
2813 601 2947 670 είμι,
2971 599 3064 654 καὶ
3108 600 3208 652 οὐκ
3257 597 3588 669 ὴλλοίωμαι·
3630 597 3724 650 τοῦ
3756 595 3812 651 is

2237 693 2452 747 Παύλου
2521 695 2858 764 γράφοντος·
2921 692 3153 760 Ἰησοῦς
3215 689 3469 761 Χριστὸς
3533 691 3673 759 χθὲς
3715 693 3808 744 καὶ

2233 785 2517 854 σήμερον,
2549 788 2582 840 ό
2609 785 2794 852 αὐτὸς
2833 785 2930 841 καὶ
2971 787 3060 851 εἰς
3089 783 3230 850 τοὺς
3281 781 3521 848 αἰῶνας.
3565 781 3722 836 ’Λλλά
3755 783 3810 835 ὲν

2231 876 2311 947 τῷ
2340 877 2734 949 περιτμηθέντι
2771 873 3004 946 σώματι,
3043 875 3138 930 καὶ
3179 875 3530 946 βασταχθέντι
3587 873 3682 927 καὶ
3709 889 3810 943 φα-

2232 969 2382 1038 γόντι
2431 972 2526 1024 καὶ
2569 971 2796 1041 καμόντι
2834 973 2926 1026 καὶ
2987 973 3044 1024 ὲν
3111 969 3252 1040 ξύλῳ
3294 965 3660 1038 καθηλωθέντι
3709 976 3799 1019 και

2234 1058 2458 1112 παθόντι
2488 1056 2556 1131 ἦν
2589 1061 2618 1111 ὁ
2647 1061 2862 1130 ἀπαθὴς
2891 1062 2984 1114 καὶ
3019 1059 3308 1129 ἀσώματος
3337 1058 3429 1112 τοῦ
3459 1056 3592 1110 Θεοῦ
3616 1057 3804 1126 Λόγος.

2232 1148 2402 1202 Τοῦτο
2429 1146 2496 1220 ἦν
2528 1153 2585 1203 ὲν
2617 1149 2696 1220 τῷ
2733 1151 2980 1222 μνημείῳ
3027 1149 3204 1214 τεθὲν,
3237 1149 3326 1202 ὅτε
3354 1147 3514 1211 αὐτὸς
3544 1147 3808 1219 ἐπορεύθη

2232 1243 2466 1313 κηρύξαι
2497 1243 2591 1298 καὶ
2620 1247 2732 1307 τοῖς
2769 1246 2827 1296 ὲν
2859 1243 3074 1314 φυλακῇ
3110 1241 3434 1312 πνεύμασιν,
3473 1240 3549 1304 ὡς
3589 1235 3739 1293 εἶπεν
3779 1242 3810 1292 6

2235 1333 2459 1406 Πέτρος.

549 1436 677 1475 xum
709 1429 874 1491 atque
905 1436 1153 1491 passum,
1215 1419 1309 1476 Dei
1343 1419 1580 1476 Verbum
1625 1423 1824 1489 inerat,
1883 1424 2030 1494 quod
2096 1427 2374 1494 passionis
2433 1427 2656 1499 perinde
2716 1436 2878 1499 atque
2931 1425 3178 1496 corporis
3229 1433 3314 1480 est
3365 1440 3582 1494 expers.
3655 1422 3804 1480 Idem

547 1531 748 1586 corpus
777 1517 831 1568 in
863 1525 1214 1570 monumento
1239 1515 1548 1584 depositum
1583 1523 1702 1582 est;
1742 1533 1852 1587 quo
1885 1524 2128 1588 tempore
2167 1521 2400 1586 scilicet,
2435 1531 2494 1576 ut
2553 1522 2838 1592 spiritibus
2873 1521 3004 1586 illis,
3039 1519 3134 1590 qui
3201 1519 3256 1572 in
3295 1517 3549 1572 custodia
3589 1517 3794 1574 detines

549 1613 772 1674 bantur,
807 1611 1152 1682 praedicaret,
1183 1613 1248 1666 ad
1279 1627 1376 1668 eos
1421 1615 1675 1678 accessit,
1710 1616 1788 1668 uti
1821 1614 2014 1670 Petrus
2045 1623 2278 1672 testatur
2299 1621 2340 1671 δ.

619 1707 758 1762 Vill.
794 1706 872 1760 Ex
911 1722 1022 1778 quo
1055 1707 1272 1762 illorum
1309 1708 1654 1778 potissimum
1697 1709 2010 1764 declaratur
2039 1711 2125 1766 in-

547 1803 722 1867 sania,
755 1801 847 1871 qui
879 1801 1120 1856 Verbum
1159 1799 1248 1854 Dei
1283 1799 1334 1853 in
1362 1815 1488 1854 ossa
1521 1815 1854 1872 carnemque
1881 1817 2124 1856 commu-

2304 1711 2384 1770 ll'.
2424 1715 2488 1766 Ὃ
2527 1713 2760 1784 μάλιστα
2788 1711 3026 1765 δείκνυσι
3051 1709 3148 1780 τὴν
3179 1703 3361 1761 ἄνοιαν
3386 1705 3493 1760 τῶν
3520 1706 3806 1774 λεγόντων,

2231 1808 2312 1870 είς
2347 1807 2508 1860 ὀστέα
2547 1808 2642 1860 καὶ
2679 1808 2859 1880 σάρκα
2901 1802 3202 1877 τετράφθαι
3231 1803 3323 1856 τὸν
3361 1802 3554 1870 Λόγον.
3599 1801 3660 1854 Ei
3698 1800 3807 1870 γὰρ

545 1903 722 1949 tatum
777 1899 1052 1948 asserunt.
1095 1889 1230 1946 Nam
1269 1891 1316 1947 si
1365 1893 1440 1946 ita
1475 1893 1816 1963 contigisset,
1859 1909 2122 1964 superva-

2228 1900 2380 1954 τοῦτο
2409 1896 2498 1972 ἦν,
2523 1900 2622 1952 οὐκ
2652 1895 2720 1970 ἦν
2755 1898 2914 1969 χρεία
2947 1897 3212 1968 μνημείου
3233 1912 3246 1926 ·
3279 1897 3411 1950 αὐτὸ
3433 1895 3540 1966 γὰρ
3583 1893 3647 1948 ἂν
3677 1895 3806 1946 ἐπο-

547 1999 775 2040 caneum
831 1991 1246 2038 monumentum
1340 1982 1472 2036 illud
1533 1982 1726 2038 fuisset
1781 2000 1795 2036 :
1855 1983 2125 2054 siquidem

549 2078 724 2146 ipsum
761 2091 856 2146 per
901 2090 1026 2130 sese
1075 2089 1278 2144 corpus
1325 2073 1658 2143 praedicandi
1711 2073 1886 2144 gratia
1930 2075 1996 2128 ad
2031 2090 2126 2130 eos

547 2171 778 2240 spiritus
835 2167 1159 2228 accederet,
1221 2167 1314 2236 qui
1373 2166 1428 2220 in
1482 2165 1675 2220 inferis
1745 2164 2122 2219 versabantur.

545 2261 704 2314 Nunc
743 2267 924 2313 autem
979 2257 1316 2328 praedicandi
1355 2256 1471 2325 ipse
1501 2254 1678 2325 gratia
1721 2254 1788 2308 ad
1831 2269 1927 2309 eos
1973 2254 2125 2316 adiit,

547 2365 750 2420 corpus
785 2356 972 2402 autem
1005 2347 1238 2402 sindone
1268 2346 1588 2400 obvolutum
1619 2343 1890 2413 Josephus
1916 2345 1968 2397 in
1999 2342 2128 2397 Gol-

549 2444 713 2512 gotha
743 2441 997 2510 deposuit
1025 2440 1046 2470 ⁸
1076 2459 1090 2492 :
1127 2447 1320 2508 estque
1371 2439 1548 2507 palam
1595 2437 1726 2490 illud
1761 2435 2018 2490 omnibus
2049 2434 2128 2488 fa-

551 2541 722 2596 ctum,
755 2530 994 2587 Verbum
1032 2532 1211 2600 ipsum
1249 2543 1595 2598 nequaquam
1630 2543 1752 2583 esse
1779 2542 2000 2596 corpus,
2033 2527 2126 2582 sed

551 2625 620 2680 ad
661 2623 900 2679 Verbum
957 2637 1158 2691 corpus
1195 2621 1550 2690 pertinuisse.
1585 2619 1852 2674 Praeterea
1887 2617 2126 2672 Thomas

549 2715 687 2770 illud
732 2716 910 2786 ipsum
953 2727 1190 2782 corpus,
1231 2720 1586 2782 posteaquam
1631 2726 1662 2764 a
1711 2711 1942 2766 mortuis
1981 2711 2128 2764 exci-

547 2818 722 2864 tatum
763 2807 1158 2873 est,-manibus
1192 2808 1534 2870 attrectavit,
1566 2815 1620 2860 et
1664 2806 1718 2859 in
1750 2821 1816 2860 eo
1845 2807 2125 2859 clavorum

521 2899 842 2966 .cicatrices
868 2901 1102 2969 aspexit,
1147 2911 1308 2968 quos,
1352 2912 1476 2952 cum
1506 2897 1560 2951 in
1587 2911 1818 2967 corpore
1843 2913 1944 2954 suo
1976 2895 2126 2952 sulIi-

547 3005 648 3044 xus
672 2988 924 3052 vidisset,
963 2995 1162 3057 sponte
1208 2987 1494 3052 sustinuit,
1539 3001 1714 3056 neque
1763 3001 1888 3040 cum
1937 2995 2127 3057 posset

519 3081 838 3152 prohibete
873 3079 1082 3146 voluit;
1121 3080 1230 3133 imo
1263 3093 1391 3134 vero
1441 3078 1693 3148 proprias
1745 3079 1830 3132 sui
1875 3081 2125 3149 corporis

551 3171 870 3228 ail‘ectiones
919 3173 1069 3226 velut
1119 3171 1206 3225 sui
1255 3169 1467 3240 ipsius,
1515 3169 1568 3222 in
1620 3184 1741 3224 sese
1779 3171 2122 3224 transtulit‘.

2229 1991 2395 2064 ρεύθη
2425 1991 2492 2044 δι’
2539 1989 2730 2044 ἑαυτοῦ
2765 1990 2824 2042 τὸ
2871 1989 3028 2059 σῶμα
3077 1987 3310 2060 κηρύξαι
3339 1991 3450 2050 τοῖς
3495 1989 3552 2038 ὲν
3596 1985 3674 2056 τῷ
3703 1984 3803 2058 ᾄδῃ

2227 2082 2518 2152 πνεύμασι.
2561 2079 2675 2134 Νῦν
2719 2080 2776 2133 δὲ
2824 2079 2986 2142 αὐτὸς
3021 2078 3290 2150 ἐπορεύθη
3333 2077 3603 2148 κηρύξαι’
3647 2077 3709 2130 τὸ
3749 2076 3807 2128 δε

2230 2175 2389 2244 σῶμα
2419 2173 2598 2239 ἑλίξας
2649 2171 2846 2242 Ἰωσὴφ
2875 2171 3070 2224 σινδόνι
3089 2209 3105 2234 ,
3139 2169 3372 2223 ἀπέθετο
3405 2171 3460 2220 ἐν
3501 2167 3578 2238 τῷ
3610 2169 3647 2220 Γ
3650 2168 3806 2236 ολγο-

2229 2263 2322 2334 θᾷ⁸
2361 2263 2453 2316 καὶ
2481 2261 2745 2316 δέδεικται
2779 2261 2976 2321 πᾶσιν,
3027 2260 3108 2312 ὅτι
3145 2259 3218 2328 μὴ
3259 2256 3322 2309 τὸ
3361 2255 3516 2327 σῶμα
3543 2251 3610 2326 ἦν
3647 2257 3674 2308 ὁ
3705 2253 3806 2308 Δό-

2227 2373 2342 2424 γος,
2392 2353 2527 2407 ἀλλά
2570 2353 2727 2423 σῶμα
2771 2347 2838 2422 ἦν
2876 2351 2969 2404 τοῦ
3023 2351 3218 2418 Λόγου.
3256 2350 3366 2402 Καὶ
3398 2348 3554 2400 τοῦτο
3603 2347 3808 2417 Θωμᾶς

2229 2444 2464 2500 ἀναστὰν
2509 2446 2574 2497 ὲκ
2605 2443 2812 2514 νεκρῶν
2867 2441 3221 2512 ἐψηλάφησε,
3252 2441 3346 2492 καὶ
3391 2434 3525 2490 εἶδεν
3569 2439 3627 2491 ὲν
3657 2435 3808 2505 αὐτῷ

2227 2541 2355 2603 τοὺς
2380 2537 2582 2602 τύπους
2611 2535 2720 2589 τῶν
2750 2535 2916 2606 ἥλων,
2945 2533 3038 2596 οὓς
3073 2532 3364 2602 ὑπέμεινεν
3397 2529 3556 2593 αὐτὸς
3577 2531 3605 2581 ὁ
3635 2529 3808 2596 Λόγος

2227 2629 2368 2704 ὁρῶν
2424 2626 2862 2700 καθηλουμένους
2913 2627 2970 2678 ὲν
3016 2622 3092 2694 τῷ
3145 2621 3357 2692 σώματι
3388 2621 3465 2690 τῷ
3503 2620 3655 2690 ἰδίῳ,
3712 2619 3807 2672 καὶ

2226 2723 2520 2793 δυνάμενος
2561 2718 2788 2772 κωλύειν
2849 2717 2950 2770 οὐκ
2993 2714 3297 2778 ἐκώλυσεν,
3340 2713 3476 2768 ἀλλά
3519 2713 3612 2767 καὶ
3681 2711 3808 2764 ίδιο-

2230 2815 2432 2868 ποιεῖτο
2452 2811 2520 2864 τά
2543 2809 2635 2864 τοῦ
2664 2808 2912 2880 σώματος
2937 2807 3042 2860 ῐδια
3085 2805 3159 2868 ὡς
3189 2803 3406 2869 ἑαυτοῦ,
3431 2807 3458 2856 ὁ
3489 2801 3800 2871 ἀσώματος.

2241 2905 2454 2974 Ἀμέλει
2505 2902 2595 2956 τοῦ
2662 2901 2907 2972 σώματος
2954 2896 3292 2968 τυπτομένου
3344 2894 3496 2966 παρὰ
3539 2893 3632 2946 τοῦ
3700 2893 3804 2945 ὐπ-

2227 2998 2442 3068 ηρέτου,
2477 2995 2552 3058 ὡς
2584 2993 2744 3056 αὐτὸς
2773 2993 2996 3061 πάσχων
3041 2989 3209 3056 ἔλεγε·
3253 2989 3312 3042 Τί
3350 3005 3427 3057 με
3459 2987 3648 3055 δέρεις
3666 3001 3686 3050 ;
3714 2985 3808 3038 καὶ

2227 3089 2502 3156 ἄψαυστος
2529 3085 2602 3138 ὢν
2634 3087 2698 3155 τῇ
2731 3083 2909 3152 φύσει,
2945 3083 3093 3152 ὅμως
3116 3081 3268 3148 ἔλεγε
3286 3096 3299 3110 ο
3343 3078 3454 3133 Τὸν
3475 3077 3668 3132 νῶτόν
3686 3093 3806 3146 μου

2227 3180 2422 3234 ἔδωκα
2456 3181 2544 3242 είς
2575 3175 2893 3246 μάστιγας,
2921 3174 3018 3226 καὶ
3057 3171 3123 3224 τὸ
3171 3171 3497 3239 πρόσωπόν
3533 3187 3654 3239 μου
3693 3169 3805 3222 οὐκ

543 3265 912 3334 Quamobrem
967 3281 1090 3318 cum
1138 3265 1246 3318 hoc
1274 3277 1304 3315 a
1357 3261 1590 3316 satellite
1617 3262 1936 3332 vapularet,
1968 3264 2122 3332 quasi

2228 3271 2578 3338 ἁπέστρεψα
2615 3266 2733 3321 ἀπὸ
2771 3265 3227 3336 ἐμπτυσμάτων.
3261 3265 3329 3315 Ἀ
3367 3262 3474 3334 γὰρ
3509 3261 3570 3314 τὸ
3599 3259 3806 3331 ἀνθρώ-

545 3357 662 3426 ipse
692 3365 972 3427 pateretur
999 3395 1014 3420 ,
1051 3353 1192 3421 Quid
1240 3371 1342 3417 me,
1377 3354 1575 3424 inquit,
1610 3354 1768 3408 caulis
1791 3356 1809 3386 "
1836 3355 1858 3408 ?
1887 3371 2124 3426 cumqne

548 3450 696 3520 tangi
724 3457 915 3502 natura
943 3463 1052 3501 non
1081 3453 1288 3516 posset,
1309 3444 1667 3501 nihilominus
1687 3443 1828 3502 dixit
1855 3465 1867 3500 :
1891 3445 2122 3500 Dorsum

547 3557 718 3594 meum
746 3539 864 3594 dedi
887 3541 942 3593 in
969 3539 1207 3608 ﬂagella,
1240 3547 1289 3592 et
1315 3537 1504 3607 faciem
1539 3553 1710 3590 meam
1753 3555 1857 3590 non
1891 3539 2056 3594 averti
2091 3555 2123 3592 a

547 3629 718 3695 sputis
743 3629 788 3682 '.
845 3626 976 3692 Qua:
1022 3627 1166 3680 enim
1213 3627 1453 3680 humana
1504 3623 1670 3680 Verbi
1711 3635 1906 3681 natura
1949 3629 2124 3696 patie-

548 3719 742 3782 batur,
779 3719 894 3773 htec
945 3720 1237 3788 ipsummet
1272 3717 1508 3772 Verbum
1560 3718 1615 3770 in
1665 3733 1786 3774 sese
1825 3719 2124 3774 transferre

552 3812 764 3875 voluit,
817 3819 874 3864 ttt
927 3827 1026 3864 nos
1081 3809 1385 3864 divinitatis
1441 3807 1604 3862 Verbi
1661 3811 1952 3880 participes
2003 3825 2124 3864 esse

545 3918 854 3974 possemus.
883 3902 1000 3968 Qua
1035 3903 1088 3956 in
1129 3917 1188 3956 re
1222 3901 1498 3971 singulare
1547 3901 1678 3954 illud
1719 3900 1937 3966 accidit,
1981 3901 2121 3956 idem

547 4006 610 4050 ut
641 4000 854 4069 patiens
881 4002 1029 4051 esset
1075 4001 1128 4048 et
1161 3993 1296 4046 nihil
1325 3993 1541 4062 patiens
1572 4011 1584 4046 :
1622 3991 1838 4062 patiens
1873 3993 2119 4062 quidem,

545 4090 691 4158 quod
723 4088 1002 4158 prOprium
1029 4087 1148 4156 ejus
1176 4093 1456 4155 pateretur
1477 4100 1680 4154 corpus
1711 4095 1764 4138 et
1792 4085 1846 4138 in
1883 4085 2122 4153 patiente

543 4182 664 4252 ipso
700 4181 990 4244 resideret;
1025 4179 1156 4232 nihil
1207 4180 1419 4249 patiens
1469 4193 1619 4232 vero.
1657 4175 1802 4246 quod
1834 4191 1956 4229 cum
1989 4175 2122 4230 Ver-

547 4275 676 4326 bum
706 4281 901 4326 natura
937 4271 1078 4326 Deus
1108 4271 1201 4332 sit,
1230 4272 1298 4326 ab
1321 4271 1468 4324 omni
1522 4268 1764 4338 patiendi
1809 4268 2123 4324 conditione

544 4363 616 4416 sit
655 4364 916 4416 irmnunc.
950 4361 1221 4426 Quocirca
1263 4359 1502 4414 Verbum
1559 4359 1778 4429 quidem
1839 4358 2018 4427 ipsum
2067 4359 2122 4412 in

509 4507 512 4512 .
545 4455 755 4526 patibili
787 4469 1015 4524 corpore
1073 4453 1465 4522 incorporeum
1515 4451 1650 4516 fuit;
1694 4465 1898 4518 corpus
1938 4459 2120 4504 autem

543 4548 846 4620 impatibile
879 4547 1116 4601 Verbum
1159 4545 1351 4598 habuit
1394 4545 1448 4597 in
1503 4557 1646 4607 sese,
1679 4543 1824 4611 quod
1871 4541 1956 4596 sui
1997 4557 2122 4596 cor-

2232 3380 2382 3416 πινον
2408 3363 2611 3432 ἔπασχε
2639 3359 2730 3412 τοῦ
2762 3358 2957 3426 Λόγου,
2988 3355 3158 3411 ταῦτα
3177 3351 3349 3408 συνὼν
3377 3351 3526 3422 αύτῷ
3545 3355 3574 3404 ὁ
3609 3351 3803 3418 Λόγος,

2229 3456 2308 3516 εἰς
2342 3452 2531 3506 ἑαυτὸν
2554 3451 2836 3522 ἀνέφερεν,
2865 3449 2949 3501 ἵνα
2972 3449 3132 3518 ἡμεῖς
3161 3445 3258 3516 τῆς
3290 3443 3385 3498 τοῦ
3418 3444 3590 3512 Λόγου
3619 3441 3808 3510 θεότη-

2229 3561 2320 3608 τος
2349 3543 2665 3614 δυνηθῶμεν
2718 3541 3028 3611 μετασχεῖν.
3085 3537 3196 3591 Καὶ
3245 3531 3312 3606 ἦν
3357 3532 3689 3606 παράδοξον,
3721 3533 3803 3585 ὅτι

2231 3635 2390 3698 αὐτὸς
2434 3630 2501 3704 ἦν
2545 3635 2573 3686 ὁ
2631 3635 2854 3701 πάσχων
2895 3629 2989 3682 καὶ
3025 3627 3098 3698 μὴ
3136 3627 3388 3696 πάσχων·
3423 3625 3646 3694 πάσχων
3683 3621 3804 3694 μὲν,

2229 3727 2311 3779 ὅτι
2353 3726 2412 3778 τὸ
2455 3725 2582 3778 ἴδιον
2630 3723 2793 3778 αὐτοῦ
2850 3721 3053 3792 ἔπασχε
3111 3719 3270 3790 σῶμα
3309 3717 3402 3770 καὶ
3442 3719 3500 3768 ὲν
3549 3713 3698 3784 αὐτῷ
3727 3713 3808 3784 τῷ

2231 3817 2490 3886 πάσχοντι
2512 3811 2578 3886 ἦν
2605 3832 2616 3845 ·
2649 3813 2724 3884 μὴ
2755 3813 2977 3882 πάσχων
3003 3811 3080 3873 δὲ,
3109 3811 3191 3862 ὅτι
3229 3809 3292 3878 τῇ
3323 3805 3482 3875 φύσει
3511 3805 3644 3869 Θεὸς
3670 3803 3745 3857 ὣν
3775 3805 3808 3856 ὁ

2229 3910 2400 3976 Λόγος
2435 3905 2650 3976 ἀπαθής
2678 3907 2816 3957 ἐστι.
2861 3901 2964 3956 Καὶ
2994 3901 3156 3963 αὐτὸς
3191 3899 3290 3971 μὲν
3328 3897 3616 3969 ἀσώματος
3648 3891 3716 3966 ἦν
3747 3895 3806 3947 έν

2229 4001 2306 4071 τῷ
2332 3997 2557 4069 παθητῷ
2584 3996 2794 4067 σώματι
2817 4012 2830 4026 ·
2861 3995 2920 4047 τὸ
2943 3993 2999 4046 δὲ
3035 3992 3192 4062 σῶμα
3227 3990 3382 4061 ἔσχεν
3413 3991 3471 4040 ὲν
3517 3985 3692 4056 ἑαυτῷ
3714 3985 3807 4038 τὸν

2230 4091 2415 4162 ἀπαθῆ
2449 4090 2619 4158 Λόγον
2667 4085 2998 4154 ἀφανίζοντα
3040 4083 3138 4146 τὰς
3183 4081 3466 4144 ἀσθενείας
3505 4077 3670 4133 αὑτοῦ
3709 4076 3804 4130 τοῦ

2233 4181 2497 4252 σώματος.
2552 4179 2752 4232 Ἑποίει
2801 4176 2856 4228 δὲ
2899 4175 3056 4227 τοῦτο
3111 4174 3204 4226 καὶ
3243 4173 3451 4240 ἐγίνετο
3483 4169 3675 4235 οὕτως,
3719 4168 3806 4220 ἵνα

2227 4275 2295 4328 τὰ
2352 4273 2510 4344 ἡμῶν
2556 4271 2717 4334 αὐτὸς
2771 4269 3056 4339 δεχόμενος
3129 4267 3224 4320 καὶ
3281 4261 3662 4336 προσενεγκὼν
3724 4261 3805 4322 εἰς

2230 4365 2441 4428 θυσίαν,
2491 4361 2822 4434 ἑξαφανίσῃ,
2859 4361 2951 4413 καὶ
2996 4359 3211 4424 λοιπὸν,
3254 4359 3368 4418 τοῖς
3409 4352 3601 4407 ἑαυτοῦ
3649 4368 3806 4422 περι-

2230 4451 2408 4506 ϐαλὼν
2445 4453 2614 4521 ἡμᾶς,
2645 4451 2848 4519 ποιὴσῃ
2880 4449 2973 4502 τὸν
3022 4447 3342 4500 ’Λπόστολον
3377 4446 3576 4497 εἰπεῖν·
3605 4441 3706 4496 Δεῖ
3735 4440 3806 4494 τὸ

2228 4541 2492 4612 φθαρτὸν
2538 4539 2714 4594 τοῦτο
2749 4538 3118 4592 ἐνδύσασθαι
3167 4537 3551 4606 ἀφθαρσίαν,
3601 4531 3700 4586 και
3734 4529 3805 4584 τὸ

541 4643 692 4711 poris
749 4641 1156 4696 imbecillitates
1209 4639 1602 4707 exstingueret.
1660 4635 1836 4705 Atque
1886 4635 1989 4688 hoc
2045 4650 2112 4690 eo

2228 4633 2438 4701 θνητὸν
2469 4631 2647 4685 τοῦτο
2675 4629 3050 4685 ἐνδύσασθαι
3085 4628 3446 4682 ἀθανασίαν.

545 4735 778 4789 consilio
829 4733 1083 4796 faciebat,
1141 4733 1325 4800 itaque
1379 4747 1437 4784 se
1492 4730 1694 4784 habere
1736 4728 2021 4788 voluerat,
2086 4735 2145 4780 ut
2202 4735 2390 4780 nostra
2426 4724 2757 4794 suscipiens,
2808 4731 2864 4776 et
2905 4721 2959 4775 in
3003 4719 3333 4776 sacriﬁcium
3375 4716 3634 4780 offerens,
3677 4714 3802 4769 fun-

543 4827 694 4881 ditus
741 4825 978 4889 deleret,
1025 4839 1088 4878 ac
1136 4823 1353 4876 demmn
1405 4822 1521 4875 suis
1569 4837 1670 4875 nos
1712 4819 2122 4889 quodammodo
2163 4818 2422 4882 vestiens,
2448 4817 2796 4872 occasionem
2827 4814 3090 4884 Apostolo
3121 4813 3276 4866 daret
3329 4811 3432 4864 ista
3487 4807 3798 4863 scribendi:

545 4921 758 4992 1003
829 4919 1043 4988 Oportet
1113 4917 1456 4988 corruptibile
1528 4915 1623 4970 hoc
1697 4914 1915 4968 induere
1989 4914 2477 4982 incorruptionem,
2537 4921 2588 4966 et
2649 4909 2872 4964 mortale
2959 4910 3054 4962 hoc
3136 4905 3348 4961 induere
3420 4901 3803 4958 immortalita-

541 5035 644 5072 tem
667 5019 710 5070 θ.

611 5113 700 5167 ιιι.
733 5113 864 5178 Quae
885 5109 1068 5164 omnia
1094 5121 1204 5162 non
1236 5105 1357 5160 [lete
1392 5119 1457 5158 ac
1481 5105 1732 5160 simulate
1760 5111 1909 5172 gesta
1939 5113 2103 5156 sunt:

537 5206 762 5260 minime
792 5203 1032 5274 quidem,
1063 5210 1121 5254 ut
1152 5197 1398 5254 nonnulli
1429 5211 1712 5268 perperam
1755 5194 2111 5248 arbitrantur.

539 5299 644 5354 Sed
683 5313 807 5352 cum
858 5295 1108 5348 Salvator
1165 5306 1354 5346 verum
1396 5306 1455 5344 se
1511 5288 1733 5342 fecisset
1797 5285 2108 5347 hominem,

539 5392 710 5444 totius
742 5395 826 5442 est
865 5383 1102 5439 hominis
1145 5383 1296 5436 salus
1323 5387 1640 5435 consecuta.
1673 5375 1811 5430 Nam
1849 5377 1896 5431 si
1935 5376 2111 5429 simu-

539 5483 742 5536 latione
795 5480 910 5534 sola
965 5476 1239 5538 Verbum,
1273 5483 1332 5528 ut
1389 5472 1466 5524 illi
1527 5471 1803 5530 sentiunt,
1847 5475 1995 5520 esset
2051 5467 2106 5518 in

537 5589 790 5645 corpore,
822 5571 968 5642 quod
1010 5581 1186 5623 autem
1217 5567 1564 5624 simulatione
1601 5575 1730 5622 esse.
1753 5557 2107 5616 soladicitur

615 5731 629 5760 ¹
663 5728 799 5784 Luc.
827 5745 887 5788 ιι,
925 5727 990 5780 9.1
1021 5739 1140 5794 sqq.
1228 5724 1248 5753 ³
1277 5721 1410 5794 lntc.
1440 5735 1594 5794 _xx_tv,
1631 5715 1720 5770 59.

1798 5715 1817 5746 ³
1853 5713 2013 5768 Hebr.
2055 5727 2175 5771 xm,
2215 5709 2269 5762 8.

2285 5101 2362 5154 Θι.
2397 5101 2470 5153 Οὐ
2490 5098 2633 5152 θέσει
2652 5099 2708 5152 δὲ
2731 5097 2904 5150 ταῦτα
2925 5097 3155 5165 ἐγίνετο,
3181 5093 3256 5166 μὴ
3277 5095 3518 5162 γένοιτοῐ
3555 5091 3632 5156 ὥς
3657 5107 3802 5157 τινες

2221 5193 2382 5244 πάλιν
2409 5190 2694 5244 ὑπέλαϐον.
2728 5188 2890 5242 Ἀλλά
2914 5190 3064 5251 ὄντος
3089 5187 3376 5260 ἀνθρώπου
3401 5185 3627 5256 ἀληθείᾳ
3648 5201 3801 5254 γενο-

2223 5281 2384 5351 μένου
2407 5281 2500 5332 τοῦ
2532 5281 2801 5352 Σωτῆρος,
2820 5281 2939 5333 ὅλου
2970 5278 3061 5330 τοῦ
3087 5277 3374 5348 ἀνθρώπου
3401 5277 3643 5348 σωτηρία
3679 5275 3802 5344 ὲγὲ-

2217 5388 2357 5424 νετο.
2373 5371 2436 5422 Εἰ
2458 5369 2564 5441 γὰρ
2583 5369 2726 5422 θέσει
2749 5364 2816 5439 ἦν
2839 5371 2896 5421 ὲν
2918 5367 2996 5438 τῷ
3027 5368 3286 5438 σώματιό
3306 5367 3476 5435 Λόγος
3498 5369 3618 5420 κατ’
3650 5367 3799 5420 ὲκεί-

2216 5479 2340 5524 νους
2355 5479 2366 5490 ·
2387 5462 2446 5513 τὸ
2461 5461 2513 5514 δὲ
2536 5461 2678 5513 θέσει
2697 5461 2986 5530 λεγόμενον
3006 5458 3276 5528 φαντασία
3292 5459 3437 5512 ἐστίν
3454 5475 3466 5488 ·
3483 5457 3800 5529 εὑρίσκεται

2215 5555 2432 5618 δοκήσει
2464 5553 2547 5606 -ιαὶ
2576 5557 2608 5624 ἡ
2645 5553 2884 5624 σωτηρία
2911 5551 3005 5605 καὶ
3031 5551 3064 5622 ἡ
3094 5549 3392 5611 ἀνάστασις
3442 5548 3548 5603 τῶν
3579 5547 3798 5621 ἀνθρώ-

2351 5709 2410 5762 ‘l
2449 5707 2590 5762 Petr.
2635 5723 2714 5772 ιιι,
2753 5707 2839 5763 19.
2917 5707 2938 5738 ⁸
2971 5705 3130 5761 Joan.
3162 5723 3278 5774 six,
3311 5707 3398 5762 '58.
3437 5749 3440 5752 μ
3476 5703 3795 5766 ‘Joaan.

540 5799 612 5854 2's
639 5781 798 5869 sqq:
834 5781 1240 5858 ’r'Joanfivttt,
1271 5791 1360 5847 25.
1437 5791 1458 5822 ⁸
1499 5781 1587 5843 lsa
1635 5803 1688 5852 ι.,
1722 5787 1774 5841 6.
1853 5787 1872 5816 ⁹
1904 5783 2074 5840 ltior.
2108 5799 2194 5847 xv,
2231 5781 2319 5836 ὺῖι.
