4134 6392
350 453 453 510 655

950 449 1319 507 ADVERSUS
1351 448 1697 506 HIEBESES
1724 448 1852 504 LIB.
1889 446 1977 504 Ill.
2009 445 2172 503 TOM.
2210 446 2350 503 [L—
2369 445 2646 504 HERES.
2685 445 2948 502 LXXVII.

3515 454 3615 509 σει

354 576 481 627 πων
521 570 793 643 λεγομένη
814 610 829 635 ,
881 571 1026 626 κατά
1067 571 1161 626 τὸν
1190 570 1556 627 ἀσεϐέστατον
1613 571 1933 642 Μανιχαῖον.

2053 568 2426 641 imaginarium
2474 576 2600 634 est,
2654 583 3002 640 consequens
3048 577 3218 635 esset,
3252 575 3312 624 ut
3367 577 3420 625 et
3470 571 3615 629 salus

361 664 524 719 ’Δλλά
568 664 676 737 μὴν
711 664 771 718 ού
815 664 1089 736 φαντασίᾳ
1127 666 1161 735 ἡ
1202 663 1447 736 σωτηρία
1489 662 1714 733 γέγονεν
1754 662 1934 734 ἡμῶν,

347 756 471 812 οὐδὲ
497 761 749 828 σώματος
781 757 965 827 μόνου,
1000 756 1114 810 ἀλλ’
1145 755 1268 809 ὅλου
1294 756 1388 810 τοῦ
1425 753 1734 828 ἀνθρώπου,
1757 752 1938 826 ψυχῆς

349 853 446 907 καὶ
474 850 728 923 σώματος
765 850 983 921 ἀληθῶς
1018 851 1076 903 ὲν
1124 848 1273 921 αύτῷ
1321 851 1355 921 ἡ
1409 848 1655 920 σωτηρία
1693 846 1937 917 γέγονεν.

363 941 729 1016 ’Λνθρὼπινον
773 942 883 1014 ἄρα
931 941 1094 1010 φύσει
1145 942 1208 995 τὸ
1247 942 1312 995 ἐκ
1370 941 1613 1014 Μαρίας,
1648 939 1791 994 κατά
1840 937 1942 1002 τὰς

350 1032 505 1097 θείας
550 1030 815 1105 Γραφάς,
850 1031 942 1084 καὶ
991 1028 1243 1101 ἀληθινὸν
1308 1028 1469 1100 σῶμα
1519 1028 1616 1082 τοῦ
1666 1026 1940 1098 Σωτῆρος.

363 1125 645 1198 ’Δηθινδν
678 1125 736 1179 δὲ
772 1120 863 1196 ἦν,
897 1121 1085 1194 ἐπειδὴ
1106 1120 1303 1175 ταυτὸν
1326 1115 1395 1191 ἦν
1427 1118 1531 1192 [έν]
1562 1118 1641 1191 τῷ
1665 1117 1940 1190 ἡμετέρῳ.

364 1214 594 1285 ’Λδελφὴ
623 1215 732 1285 γὰρ
758 1211 919 1284 ἡμῶν
950 1213 985 1283 ἡ
1010 1204 1222 1283 Μαρία,
1251 1209 1376 1263 ἐπεὶ
1405 1209 1499 1264 καὶ
1521 1209 1724 1272 πάντες
1754 1208 1821 1261 ἐκ
1846 1205 1940 1260 τοῦ

365 1306 537 1378 ’Δδάμ
567 1308 756 1376 ἐσμεν.
789 1304 901 1361 Καὶ
929 1303 1089 1358 τοῦτο
1116 1301 1217 1357 οὐκ
1246 1301 1314 1357 ἀν
1338 1319 1423 1366 τις
1452 1300 1774 1372 ἀμφιϐάλοι,
1808 1316 1944 1373 μνη-

357 1400 506 1464 σθεὶς
536 1391 612 1455 ὧν
641 1396 878 1470 ἔγραψεν
910 1398 939 1451 6
975 1395 1210 1458 Λουκᾶς.
1244 1392 1399 1448 Μετὰ
1427 1391 1536 1465 γάρ
1557 1391 1617 1445 τὸ
1644 1391 1943 1462 ἀναστῆναι

352 1491 418 1543 ὲκ
445 1487 554 1543 τῶν
583 1486 817 1560 νεκρῶν,
837 1484 1138 1540 δοκούντων
1163 1482 1325 1539 τινῶν
1348 1482 1424 1554 μὴ
1458 1484 1517 1537 ὲν
1538 1481 1616 1553 τῷ
1643 1483 1708 1535 ἐκ
1727 1480 1945 1554 Μαρίας

355 1580 569 1651 σώματι
604 1578 826 1651 βλέπειν
852 1577 943 1631 τὸν
964 1575 1193 1649 Κύριον,
1218 1574 1333 1628 ἀλλ’
1353 1574 1474 1628 ἀντὶ
1504 1572 1697 1627 τούτου
1724 1571 1945 1644 πνεῦμα

353 1669 601 1742 θεωρεῖν,
635 1669 853 1740 ἔλεγενο
901 1667 1082 1724 Ἴδετε
1111 1667 1220 1733 τὰς
1260 1664 1465 1737 χεῖράς
1504 1682 1624 1735 μου
1662 1662 1764 1717 καὶ
1801 1662 1944 1728 τοὺς

355 1763 545 1829 πόδας
565 1779 708 1831 μου,
753 1762 854 1816 καὶ
880 1760 1024 1829 τοὺς
1054 1760 1284 1826 τύπους
1328 1757 1450 1812 τῶν
1489 1756 1676 1841 ἢλωςν,
1711 1756 1801 1809 ὅτι
1832 1754 1947 1827 ἐγώ

354 1857 472 1926 ειμι
511 1855 715 1921 αὑτός.
750 1852 1166 1923 Ψηλαςρήσατε
1222 1851 1322 1907 καὶ
1362 1851 1549 1912 ἴδετε,
1587 1848 1677 1903 ὅτι
1709 1847 1946 1918 πνεῦμα

2043 661 2328 716 hominum
2376 676 2444 716 ac
2500 661 2834 717 resurrectio
2881 661 3118 732 imagine
3166 662 3281 718 sola
3323 670 3379 717 et
3427 662 3620 719 adum-

2041 753 2295 808 bratione
2347 751 2464 808 ﬁeri
2505 752 2817 818 diceretur,
2856 769 2979 824 quae
3016 761 3102 809 est
3134 753 3289 826 impii
3336 754 3619 811 Manichaei

2041 843 2332 900 sententia.
2363 844 2528 915 Atqui
2562 860 2669 900 non
2711 846 2828 901 sola
2869 846 3052 917 specie
3094 855 3410 918 comparata
3460 849 3621 906 nobis

2043 935 2192 990 salus
2225 942 2332 998 est,
2373 941 2469 989 aut
2512 934 2616 989 soli
2657 935 2861 990 tributa
2906 937 3146 1007 corpori,
3196 937 3292 992 sed
3324 938 3421 993 toti
3465 939 3620 995 vide-

2042 1029 2171 1085 licet
2204 1027 2433 1089 homini.
2483 1028 2699 1091 animae,
2744 1029 2989 1101 inquam,
3021 1037 3075 1084 et
3105 1030 3321 1100 corpori
3357 1030 3509 1087 salus
3535 1039 3625 1088 est

2042 1122 2226 1192 reipsa
2272 1121 2584 1178 conciliata.
2640 1120 2825 1192 Itaque
2870 1136 3073 1193 corpus
3107 1121 3240 1177 illud
3296 1120 3623 1192 Salvatoris,

2044 1214 2214 1285 quod,
2249 1221 2310 1269 ut
2354 1229 2527 1269 sacra:
2566 1213 2790 1270 Littera:
2818 1221 3114 1282 testantur,
3144 1230 3176 1271 e
3205 1215 3375 1270 Maria
3405 1216 3627 1273 desum-

2044 1314 2196 1379 ptum
2237 1314 2360 1375 est,
2406 1307 2705 1362 humanum
2740 1336 2745 1340 -
2777 1322 2842 1363 ac
2886 1323 3075 1363 verum
3129 1308 3358 1366 exstitit.
3397 1310 3622 1376 Verum,

2045 1397 2292 1469 inquam,
2327 1407 2638 1469 propterea,
2674 1397 2820 1469 quod
2852 1398 2996 1454 idem
3026 1401 3254 1455 omnino
3276 1417 3400 1456 cum
3431 1412 3628 1458 nostro

2045 1486 2171 1543 fuit.
2196 1487 2365 1543 Maria
2392 1489 2593 1559 quippe
2619 1504 2778 1545 soror
2811 1497 3001 1545 nostra
3024 1488 3147 1555 fuit,
3171 1505 3297 1545 eum
3325 1490 3628 1548 ab‘Adamo

2045 1579 2315 1651 originem
2363 1594 2557 1635 omnes
2615 1580 3012 1650 acceperimus.
3065 1578 3254 1651 Neque
3304 1596 3433 1637 vero
3465 1582 3629 1638 dubi-

2045 1672 2272 1726 tandum
2304 1685 2368 1725 ea
2399 1671 2465 1726 de
2496 1685 2554 1725 re
2587 1670 2820 1740 putabit,
2854 1671 2901 1727 si
2932 1671 3056 1741 quis
3085 1686 3148 1727 ea
3171 1672 3479 1729 meminerit
3503 1690 3626 1743 qua;

2047 1767 2177 1817 sunt
2215 1775 2244 1814 a
2267 1757 2415 1814 Luca
2446 1759 2676 1830 scripta.
2712 1758 2848 1813 Cum
2900 1761 3043 1814 enim
3089 1768 3212 1830 post
3241 1761 3390 1816 illius
3441 1776 3631 1816 resur-

2046 1854 2348 1910 rectionem
2392 1851 2646 1907 nonnulli
2696 1852 3133 1923 suspicarentur,
3181 1868 3290 1908 non
3346 1854 3402 1909 in
3434 1852 3626 1910 eodem

354 1947 554 2019 σάρκα
601 1947 703 2003 καὶ
745 1947 929 2002 ὀστέα
966 1949 1080 2002 οὐκ
1125 1946 1273 2015 ἔχει,
1313 1942 1510 2011 καθὼς
1538 1942 1645 2013 ἐμὲ
1680 1940 1947 2014 θεωρεῖτε

2053 1945 2145 2000 illo
2186 1958 2441 2015 corpore,
2476 1943 2621 2014 quod
2656 1958 2977 2015 expressum
3010 1960 3041 2001 e
3081 1944 3251 2000 Maria
3295 1946 3492 2010 fuerat,
3521 1945 3632 2002 Do-

352 2043 591 2114 ἐχοντα.
637 2042 750 2096 Καὶ
791 2041 968 2096 τοῦτο
997 2041 1203 2105 εἰπὼν,
1234 2037 1552 2103 ὑπέδειξεν
1593 2035 1800 2102 αὐτοῖς
1835 2035 1942 2101 τὰς

2053 2036 2262 2090 minum
2331 2051 2451 2092 sese
2508 2036 2801 2103 contueri,
2851 2037 2946 2092 sed
3010 2037 3133 2107 ejus
3198 2038 3318 2093 loco
3374 2039 3627 2109 spiritum

354 2132 560 2202 χεῖρας
613 2132 713 2187 καὶ
762 2132 906 2199 τοὺς
947 2130 1159 2197 πόδας.
1213 2128 1306 2194 Ἐξ
1347 2122 1422 2183 ὧν
1468 2128 1561 2182 καὶ
1621 2125 1939 2197 ἐλέγχεσθαι

2053 2127 2256 2194 nllerri,
2275 2127 2357 2183 sic
2390 2141 2487 2183 eos
2508 2127 2779 2183 allocutus
2807 2134 2892 2184 est
2931 2146 2943 2181 :
2975 2126 3157 2183 Videte
3179 2145 3369 2183 manus
3397 2139 3447 2184 et
3473 2129 3628 2198 pedes

355 2226 518 2280 πάλιν
545 2224 799 2279 δύνανται
822 2226 870 2277 oi
902 2223 1274 2295 τολμήσαντες
1312 2223 1485 2274 εἰπεῖν
1515 2221 1595 2284 είς
1630 2218 1810 2290 σάρκα
1847 2218 1943 2271 καὶ

2053 2235 2215 2283 meos,
2244 2227 2295 2272 et
2335 2219 2553 2289 vestigia
2591 2218 2880 2286 clavorum,
2919 2219 3167 2290 quoniam
3199 2236 3290 2291 ego
3328 2236 3445 2274 sum
3478 2220 3628 2289 ipse;

353 2317 519 2371 ὀστέα
548 2316 876 2387 ἠλλοιῶσθαι
904 2315 995 2370 τὸν
1025 2314 1251 2389 Κύριον.
1284 2315 1361 2367 Ού
1405 2313 1514 2386 γὰρ
1547 2308 1669 2366 εἷπε
1692 2329 1706 2343 ·
1735 2311 1943 2376 Καθὼς

2053 2311 2257 2381 palpate
2298 2320 2347 2365 et
2381 2311 2567 2374 videte,
2637 2313 2887 2382 quoniam
2927 2312 3145 2381 spiritus
3178 2322 3477 2367 carnem‘et
3506 2329 3629 2367 ossa

355 2409 460 2480 ἐμὲ
497 2408 764 2479 θεωρεῖτε
791 2407 990 2477 σάρκα
1018 2407 1118 2461 καί
1151 2406 1335 2461 ὀστέα
1361 2405 1513 2473 ὄντα,
1555 2404 1671 2458 ἀλλ’
1694 2403 1939 2475 ἔχοντα,

2053 2421 2156 2459 non
2191 2405 2382 2468 habet,
2434 2404 2571 2458 sicut
2617 2421 2699 2460 me
2742 2405 2927 2460 videtis
2970 2405 3179 2460 habere.
3223 2405 3425 2472 Quibus
3472 2404 3630 2461 dictis

356 2504 445 2557 ἴνα
482 2503 556 2574 μὴ
606 2501 769 2565 αὐτὸς
800 2501 828 2552 ὁ
861 2499 1033 2568 Λόγος
1064 2500 1146 2563 εἰς
1188 2496 1362 2551 ταῦτα
1410 2494 1642 2568 τραπεὶς
1675 2495 1905 2567 νομισθῇ
1926 2538 1940 2561 ,

2053 2496 2287 2551 ostendit
2324 2497 2435 2552 illis
2483 2514 2672 2551 manus
2700 2506 2749 2552 et
2778 2497 2997 2567 pedes‘.
3050 2496 3129 2552 Ex
3180 2514 3290 2568 quo
3322 2498 3397 2552 illi
3442 2498 3633 2553 redar-

358 2592 473 2648 ἀλλ’
515 2593 678 2656 αὐτὸς
729 2591 869 2663 ἔχων
902 2586 1098 2657 ταῦτα,
1128 2590 1224 2643 καὶ
1272 2589 1380 2660 πρὸ
1416 2587 1512 2642 τοῦ
1543 2586 1809 2656 θανάτου,
1849 2587 1945 2641 καὶ

2053 2596 2314 2660 guuntur,
2351 2590 2444 2659 qui
2490 2589 2777 2645 Dominum
2804 2591 2857 2644 in
2881 2605 3099 2646 carnem
3127 2598 3181 2645 et
3211 2606 3338 2647 ossa
3362 2598 3631 2646 mutatum

361 2683 501 2753 μετά
531 2684 631 2754 τὴν
665 2681 965 2736 ἀνάστασιν
993 2675 1133 2733 εἶναι
1158 2678 1446 2749 πιστευθῇ.

2053 2695 2178 2736 εεεε
2224 2678 2495 2736 allirmare
2543 2696 2651 2735 non
2703 2680 2975 2735 dubitant.
3018 2679 3206 2752 Neque
3261 2681 3408 2737 enim
3450 2680 3631 2737 dixit:

358 2778 818 2847 Quemadmodum
842 2794 922 2832 me
950 2792 1168 2831 carnem
1210 2784 1261 2830 et
1295 2791 1420 2830 ossa
1456 2773 1641 2831 videtis
1676 2787 1820 2838 esse,
1864 2773 1962 2831 sed
1999 2774 2210 2841 habere,
2259 2792 2328 2833 ne
2389 2776 2627 2833 fortasse
2687 2775 2921 2832 Verbum
2975 2776 3153 2847 ipsum
3203 2776 3286 2831 in‘
3318 2776 3633 2832 istiusmodi

357 2891 685 2933 conversum
719 2890 843 2932 esse
875 2881 1180 2945 putaretur,
1213 2871 1310 2928 sed
1341 2880 1401 2926 ut
1446 2886 1509 2927 ea
1560 2871 1831 2926 duntaxat
1875 2879 1933 2927 ει
1993 2881 2119 2929 ante
2153 2883 2381 2930 mortem
2411 2881 2466 2930 et
2509 2883 2633 2944 post
2689 2873 3149 2929 resurrectionem
3205 2872 3466 2928 habuisse
3515 2887 3638 2927 ere-

356 2969 540 3026 datur.

426 3064 486 3121 I'.
527 3061 746 3116 Τούτων
778 3061 836 3115 δὲ
882 3057 1056 3124 οὕτως
1087 3057 1320 3131 ἐχόντων
1350 3057 1450 3130 τὴν
1496 3056 1772 3122 ἀπόδειξιν
1794 3097 1810 3124 ,
1842 3073 1943 3112 πε-

2125 3051 2195 3107 X.
2247 3050 2343 3108 His
2389 3050 2458 3106 ad
2510 3067 2634 3107 eum
2679 3051 2898 3106 modum
2949 3053 3343 3124 comprobatis,
3387 3056 3457 3112 de
3511 3058 3636 3113 aliis

360 3155 541 3227 ριττὸν
589 3153 670 3207 ἐτι
714 3152 823 3206 τῶν
865 3151 1041 3207 ἄλλων
1094 3151 1363 3206 ἅπτεσθαι
1396 3150 1492 3205 καὶ
1532 3149 1830 3221 γυμνάζειν
1894 3167 1947 3203 τι

2063 3142 2250 3199 dicere
2276 3156 2741 3212 supervacaneum
2768 3148 2876 3207 est,
2900 3151 2995 3197 aut
3022 3142 3231 3215 agitare
3262 3144 3594 3216 disputando
3613 3188 3634 3215 ,

357 3247 490 3321 περὶ
516 3245 726 3301 αύτῶψ
779 3245 873 3299 τοῦ
928 3243 1040 3317 γὰρ
1079 3243 1363 3315 σώματος,
1398 3244 1458 3297 ὲν
1502 3234 1548 3311 ᾧ
1592 3238 1661 3315 ἦν
1699 3244 1728 3296 6
1757 3242 1950 3312 Λόγος,

2056 3249 2182 3289 cum
2250 3248 2452 3305 corpus
2520 3232 2579 3289 in
2643 3249 2754 3303 quo
2807 3232 3047 3290 Verbum
3114 3234 3313 3303 inerat,
3361 3237 3633 3293 divinitati

362 3341 440 3413 μὴ
471 3321 623 3403 ὄντος
661 3339 948 3410 ὁμοουσίου
999 3338 1103 3409 τῆς
1140 3337 1418 3409 θεότητος,
1470 3335 1585 3391 ἀλλ’
1620 3338 1687 3391 ὲκ
1727 3336 1950 3409 Μαρίας

2053 3326 2527 3384 consubstantiale
2569 3327 2795 3382 minime
2843 3327 3031 3394 fuerit,
3068 3329 3167 3386 sed
3196 3347 3264 3386 ex
3306 3329 3478 3387 Maria
3510 3331 3643 3387 Vir--

359 3429 577 3502 ἀληθῶς
599 3428 915 3502 τεχθέντος·
946 3430 1043 3483 καὶ
1084 3427 1250 3482 αὑτοῦ
1278 3428 1337 3481 δὲ
1369 3426 1464 3482 τοῦ
1504 3427 1681 3498 Λόγου
1712 3428 1787 3500 μὴ
1817 3444 1950 3500 τρα-

2053 3420 2179 3491 gine
2205 3435 2397 3476 revera
2425 3430 2640 3487 natum,
2673 3434 2909 3492 cumque
2938 3420 3178 3479 Verbum
3214 3424 3394 3495 ipsum
3427 3440 3537 3481 non
3580 3426 3639 3482 in

361 3521 557 3585 πέντος
597 3522 677 3585 είς
708 3519 874 3574 ὀστέα
905 3519 1001 3574 καὶ
1035 3518 1249 3592 σάρκα,
1280 3517 1396 3573 ἀλλ’
1430 3519 1490 3572 ὲν
1521 3518 1688 3590 σαρκὶ
1723 3517 1953 3590 γενομέ-

360 3629 475 3668 νου.
506 3612 580 3665 Τδ
610 3611 720 3683 γὰρ
752 3611 901 3684 παρά
930 3610 1009 3682 τῷ
1048 3611 1266 3684 Ἰωάννῃ
1294 3610 1589 3682 λεγόμενον
1613 3650 1629 3675 ,
1670 3609 1736 3663 '0
1762 3611 1952 3680 Λόγος

361 3705 521 3777 σὰρξ
552 3704 812 3775 ἐγένετο,
853 3702 1060 3776 ταύτην
1096 3703 1206 3775 ἔχει
1227 3704 1328 3776 τὴν
1352 3703 1613 3768 διάνοιαν,
1641 3701 1825 3767 καθὼς
1857 3702 1953 3756 καὶ

362 3802 428 3854 ὲκ
457 3796 554 3853 τοῦ
585 3796 772 3869 ὁμοίου
800 3796 960 3851 τοῦτο
988 3795 1209 3851 δυνατὸν
1240 3797 1443 3868 εὑρεῖν.
1487 3795 1805 3867 Γέγραπται
1842 3794 1952 3867 γὰρ

363 3894 423 3946 ἑν
449 3890 528 3962 τῷ
552 3891 780 3962 Παύλῳ·
811 3890 1068 3961 Χριστὸς
1094 3891 1249 3959 ὑπὲρ
1269 3887 1440 3960 ἡμῶν
1462 3889 1671 3961 γέγονε
1701 3887 1949 3958 κατάρα.

362 3984 476 4038 Καὶ
515 3983 706 4056 ὥσπερ
735 3983 835 4036 οὐκ
863 3981 1025 4047 αὐτὸς
1068 3982 1284 4053 κατάρα
1312 3980 1557 4050 γέγονεν,
1596 3980 1712 4035 ἀλλ’
1739 3979 1823 4034 δτι
1851 3981 1952 4052 τὴν

365 4074 507 4142 ὑπὲρ
535 4072 694 4144 ήμῶν
727 4069 1015 4137 ἀνεδέξατο
1042 4072 1312 4143 κατάραν,
1344 4071 1557 4142 εἴρηται
1588 4069 1806 4140 κατάρα
1857 4085 1947 4138 γε-

364 4164 618 4231 γονέναι·
652 4160 796 4215 οὕτω
848 4163 962 4216 καὶ.
989 4160 1124 4233 σάρξ
1180 4160 1427 4229 ἐγένετο,
1472 4160 1533 4213 ού
1586 4159 1821 4231 τραπεὶς
1873 4161 1953 4223 είς

374 4253 585 4325 σάρκα,
630 4254 748 4309 ἀλλ’
795 4254 877 4307 ὅτι
925 4256 1105 4325 σάρκα
1160 4253 1299 4325 ὑπὲρ
1366 4250 1524 4324 ήμῶν
1567 4250 1795 4306 ἀνέλαϐε
1859 4251 1954 4304 καὶ

364 4346 590 4416 γέγονεν
632 4345 940 4418 ἄνθρωπος.
985 4345 1097 4399 Καὶ
1147 4344 1256 4417 γὰρ
1293 4343 1357 4397 τὸ
1406 4346 1602 4399 εἰπεῖν.
1648 4343 1712 4397 Ὃ
1760 4343 1954 4413 Λόγος

367 4438 525 4508 σὰρξ
549 4438 808 4510 ἐγένετο,
835 4438 952 4492 ῐσον
985 4437 1100 4490 ἐστι
1125 4436 1288 4490 πάλιν
1320 4436 1519 4500 εἰπεῖν,
1540 4433 1949 4504 ὅτιἍνθρωπος

366 4531 580 4600 γέγονε,
618 4530 761 4585 κατά
806 4529 868 4583 τὺ
913 4528 1203 4600 εἰρημένον
1255 4529 1313 4580 ὲν
1355 4525 1435 4597 τῷ
1493 4527 1684 4598 Ἰωήλ·
1729 4521 1954 4595 Ἐκχεῶ

366 4596 484 4678 ἀπὸ
519 4622 625 4676 τοῦ
674 4596 1177 4691 πνεύματός-’μου
1220 4618 1322 4672 ἐπὶ
1365 4596 1575 4673 πᾶσαν
1605 4596 1837 4685 σάρκα.
1873 4614 1950 4670 Ού
1982 4596 2029 4652 D

366 4714 477 4768 τῶν
519 4713 731 4785 ἀλόγων
776 4708 845 4785 ἦν
892 4713 927 4784 ἡ
976 4710 1314 4781 ἐπαγγελία,
1349 4708 1464 4763 ἀλλ’
1502 4709 1583 4773 εἰς
1629 4707 1953 4779 ἀνθρώπους

366 4809 543 4871 ἐστὶν,
588 4801 665 4861 ὧν
696 4806 863 4860 ἕνεκα
909 4804 1005 4859 καὶ
1058 4803 1344 4876 ἄνθρωπος
1383 4801 1606 4871 γέγονεν
1643 4802 1673 4853 6
1722 4798 1948 4872 Κύριος.

367 4892 572 4947 Τούτου
618 4893 676 4946 δὲ
723 4892 817 4946 τοῦ
870 4890 1036 4965 ῥητοῦ
1069 4891 1274 4961 ταύτην
1303 4889 1519 4961 ἔχοντος
1548 4890 1651 4963 τὴν
1689 4888 1946 4954 διάνοιαν,

366 4986 594 5050 εἰκότως
615 4985 1057 5055 καταγνώσονται
1081 4985 1292 5039 ἑαυτῶν
1316 4983 1534 5046 πάντως
1552 4984 1600 5036 οί
1630 4982 1951 5054 νομίσαντες

368 5073 510 5133 εἶναι
543 5076 652 5149 πρὸ
679 5079 779 5148 τῆς
818 5078 1039 5149 Μαρίας
1072 5076 1171 5148 τὴν
1198 5077 1256 5144 ἐξ
1288 5076 1460 5147 αὐτῆς
1492 5075 1693 5146 σάρκα,
1728 5076 1822 5130 καὶ
1847 5073 1955 5146 πρὸ

365 5168 574 5237 ταύτης
610 5168 902 5239 ἐσχηκέναι
937 5166 1115 5239 ψυχὴν
1143 5165 1491 5239 ἀνθρωπίνην
1523 5165 1613 5218 τὸν
1637 5166 1831 5235 Λόγον,
1857 5164 1952 5219 καὶ

367 5261 427 5314 ἐν
461 5262 600 5333 αὐτῇ
651 5260 758 5332 πρὸ
788 5262 888 5332 τῆς
938 5259 1232 5332 ἐπιδημίας
1279 5260 1368 5314 ἀεὶ
1405 5260 1755 5331 γεγενῆσθαι.
1806 5259 1956 5314 Παύ-

370 5369 555 5405 σονται
587 5352 644 5405 δὲ
679 5352 777 5406 καὶ
806 5354 854 5405 οἱ
881 5352 1127 5415 εἰπόντες
1173 5351 1248 5423 μὴ
1275 5348 1412 5406 εἶναι
1439 5350 1691 5423 δεκτικὴν
1719 5350 1951 5404 θανάτου

367 5443 467 5513 τὴν
497 5444 698 5516 σάρκα,
725 5444 861 5498 ἀλλά
889 5445 986 5516 τῆς
1006 5443 1275 5498 ἀθανάτου
1311 5444 1527 5515 φύσεως
1555 5439 1693 5498 εἷναι
1726 5443 1950 5514 ταύτην.

370 5537 436 5591 Ill
458 5537 566 5609 γὰρ
593 5537 668 5610 μὴ
691 5537 952 5604 ἀπέθανε,
984 5536 1102 5602 πῶς
1130 5537 1159 5590 ὁ
1188 5537 1401 5603 Παῦλος
1433 5537 1722 5611 παρεδίδου
1759 5539 1955 5608 Κοριν-

370 5627 529 5692 θίοις,
557 5629 586 5682 ὃ
618 5630 713 5683 καὶ
755 5630 1082 5703 παρέλαϐεν,
1119 5630 1199 5683 ὅτι
1223 5628 1790 5698 Χριστὸςάπέθανεν
1804 5627 1957 5697 ὑπὲρ

371 5715 491 5772 τῶν
503 5717 802 5788 ἁμαρτιῶν
815 5718 1005 5790 ἡμῶν,
1025 5720 1178 5775 κατὰ
1202 5724 1308 5789 τὰς
1320 5720 1603 5792 Γραφάς;
1631 5721 1755 5785 Πῶς
1782 5720 1838 5774 δὲ
1863 5724 1959 5777 καὶ

2051 3526 2181 3568 ossa
2226 3527 2561 3583 carnemque
2603 3521 2875 3567 mutatum
2926 3513 3019 3578 sit,
3058 3515 3154 3570 sed
3202 3516 3257 3570 in
3287 3530 3456 3571 carne
3485 3533 3640 3575 rese-

2052 3602 2212 3659 derit.
2248 3602 2404 3670 Quod
2434 3605 2579 3659 enim
2616 3618 2646 3657 a
2686 3602 2896 3659 Joanne
2956 3605 3225 3675 scriptum
3268 3615 3374 3672 est,
3409 3606 3640 3663 Verbum

2053 3711 2176 3748 cara
2201 3696 2402 3766 factum
2422 3706 2496 3749 est
2521 3697 2564 3760 ³,
2598 3695 2747 3750 hunc
2788 3696 2956 3752 habet
3000 3713 3246 3762 sensum,
3273 3708 3333 3753 ut
3361 3715 3426 3754 ex
3472 3698 3639 3755 simili

2053 3787 2312 3858 loquendi
2359 3789 2571 3844 ratione
2616 3789 2801 3860 colligi
2838 3798 3037 3859 potest.
3080 3788 3178 3846 Est
3211 3792 3355 3847 enim
3389 3807 3419 3846 a
3468 3792 3640 3848 Paulo

2055 3881 2366 3951 scriptum:
2422 3881 2669 3937 Christus
2715 3898 2811 3952 pro
2862 3883 3012 3938 nobis
3058 3883 3234 3953 factus
3287 3894 3367 3939 est
3417 3886 3642 3941 maledi-

2055 3983 2200 4027 ctum
2225 3973 2268 4030 ³.
2311 3971 2383 4028 Ut
2431 3974 2598 4045 igitur
2634 3973 2982 4030 maledictum
3023 3975 3238 4049 1005
3275 3976 3365 4031 ille
3418 3979 3641 4048 proprie

2055 4081 2167 4121 non
2201 4064 2325 4131 fuit,
2358 4066 2456 4122 sed
2487 4067 2610 4123 ideo
2643 4065 2815 4124 fuisse
2847 4068 3073 4135 dicitur,
3105 4070 3251 4139 quod
3282 4069 3416 4124 illud
3450 4078 3639 4126 nostra

2057 4175 2225 4216 causa
2251 4160 2558 4230 susceperit
2588 4178 2600 4214 :
2634 4160 2716 4216 sic
2745 4167 2802 4216 et
2832 4176 2961 4216 caro
2985 4160 3191 4216 factum
3218 4171 3322 4227 est,
3352 4177 3467 4218 non
3492 4163 3640 4234 quod

2058 4252 2113 4307 in
2161 4266 2384 4307 carnem
2420 4260 2815 4308 commutatum
2868 4251 3054 4317 fuerit,
3087 4254 3182 4310 sed
3217 4254 3364 4325 quod
3416 4271 3638 4311 carnem

2057 4357 2156 4414 pro
2186 4343 2349 4399 nobis
2389 4345 2776 4413 assumpserit,
2809 4353 2862 4400 et
2892 4343 3058 4401 homo
3094 4344 3273 4401 factus
3306 4347 3396 4401 sit.
3422 4347 3637 4402 Etenim

2058 4435 2164 4491 hoc
2198 4435 2401 4507 ipsum,
2451 4433 2673 4491 Verbum
2701 4452 2826 4491 caro
2864 4436 3069 4506 factum
3103 4447 3208 4503 est,
3234 4438 3484 4495 eamdem
3527 4439 3637 4494 vim

2057 4528 2223 4584 habet
2260 4544 2326 4583 ac
2377 4527 2425 4583 si
2460 4529 2757 4595 diceretur,
2805 4528 2979 4586 Homo
3031 4529 3238 4585 factum
3277 4540 3364 4587 est
3388 4572 3404 4596 ,
3445 4531 3639 4602 cujus-

2060 4622 2208 4679 modi
2238 4631 2324 4680 est
2348 4622 2481 4679 illud
2514 4638 2545 4678 a
2572 4622 2726 4681 Joele
2754 4623 2963 4681 dictum
2994 4645 3006 4679 :
3033 4623 3325 4695 Eﬂ'undam
3356 4624 3420 4680 de
3446 4626 3642 4695 spiritu

2060 4731 2176 4769 meo
2219 4731 2376 4786 super
2420 4732 2623 4770 onmem
2673 4716 2949 4771 carnem".
2990 4716 3124 4783 Quae
3171 4718 3391 4789 quidem
3426 4720 3644 4775 denun-

2060 4806 2219 4861 tiatio
2277 4821 2342 4861 ac
2379 4806 2681 4877 promissio
2730 4823 2844 4863 non
2886 4807 2958 4862 ad
2988 4809 3261 4879 pecudes,
3297 4812 3392 4867 sed
3433 4813 3501 4867 ad
3546 4814 3645 4869 lto-

2061 4895 2241 4951 mines
2271 4899 2531 4966 pertinet,
2565 4912 2802 4967 quorum
2838 4898 3014 4968 gratia
3057 4896 3323 4956 Dominus
3364 4909 3450 4956 est
3478 4902 3643 4957 homo

2062 4986 2260 5044 factus.
2317 4988 2451 5056 Qua:
2498 5005 2624 5044 cum
2676 4991 2747 5044 ita
2795 4991 2945 5057 sint,
3000 5007 3176 5062 eaque
3220 4993 3294 5049 sit
3344 4995 3645 5051 verborum

2059 5080 2282 5135 illorum
2322 5082 2596 5137 sententia
2630 5101 2644 5137 :
2675 5082 2761 5138 vel
2790 5086 3004 5155 seipsos
3028 5085 3156 5155 jure
3183 5087 3634 5144 condemnabunt

2062 5172 2100 5227 ii
2124 5172 2219 5244 qui
2254 5172 2426 5228 Maria
2458 5175 2698 5244 priorem
2724 5192 2848 5232 esse
2872 5192 3095 5233 carnem
3122 5179 3267 5232 illam
3297 5180 3639 5244 existimant,

2063 5280 2185 5336 quae
2224 5265 2295 5321 de
2343 5265 2515 5321 Maria
2562 5276 2785 5340 sumpta
2821 5271 2922 5335 sit,
2973 5280 3026 5326 et
3055 5280 3181 5326 ante
3213 5271 3360 5325 illam
3398 5272 3638 5328 humana

2062 5357 2353 5427 praeditum
2382 5359 2562 5413 anima
2588 5358 2760 5416 fuisse
2781 5358 3046 5427 Verbum,
3079 5376 3312 5432 eamque
3346 5371 3643 5434 antequam

2063 5447 2172 5503 huc
2223 5447 2508 5504 adveniret
2559 5449 2842 5506 habuisse.
2884 5451 2991 5507 Sed
3036 5459 3090 5508 et
3133 5452 3212 5506 illi
3256 5455 3453 5524 nugari
3499 5453 3642 5509 desi-

2060 5547 2212 5603 nent,
2245 5539 2339 5609 qui
2387 5555 2611 5595 earnem
2641 5542 2839 5598 mortis
2881 5558 3004 5598 esse
3036 5557 3295 5614 capacem
3330 5555 3554 5615 negant,
3589 5552 3644 5601 et

2063 5632 2130 5686 ad
2155 5632 2482 5688 immortalis
2501 5641 2713 5690 naturae
2732 5643 2934 5692 sortem
2958 5636 3434 5710 conditionemque
3462 5650 3644 5697 trans-

2065 5724 2336 5781 scribunt.
2368 5723 2503 5779 Nam
2541 5726 2586 5782 si
2635 5740 2884 5787 mortuus
2916 5746 3029 5787 non
3058 5739 3163 5798 εει,
3189 5731 3466 5801 quomodo
3494 5732 3647 5807 Pau-

445 5872 466 5909 ¹
514 5872 650 5932 Luc.
688 5893 836 5944 χειν,
874 5879 961 5944 5.9,
1005 5880 1095 5934 ω.
1173 5880 1192 5910 ³
1223 5877 1383 5934 Joan.
1420 5895 1458 5945 ι,
1502 5879 1585 5934 li.
1666 5882 1684 5913 ³
1727 5880 1845 5935 Gal.
1881 5897 1950 5947 Ill,

2053 5881 2081 5936 ἱ.
2157 5882 2177 5914 ⁸
2214 5880 2330 5939 Joel
2385 5900 2446 5950 li,
2485 5885 2581 5943 28.
