4134 6392
517 407 622 464 655

1937 397 1994 452 S.
2036 397 2375 454 EPIPHANII

3679 407 3782 466 655

512 529 601 583 ius
641 523 861 580 tradere
913 523 1016 578 hoc
1055 519 1363 576 Corinthiis
1405 517 1604 590 potuit,
1651 516 1798 587 quod
1835 531 1895 572 se
1935 531 2090 570 acce-

2197 517 2332 582 ὅλως
2379 519 2610 590 ἀνέστη,
2649 520 2700 574 εἰ
2755 519 2828 592 μὴ
2879 521 3289 594 προαπέθανεν;
3351 520 3681 594 Ἐρυθριῶσι
3725 525 3782 576 δὲ

514 621 663 692 pisse
715 616 932 672 dicebat
957 617 970 645 '
995 655 1010 675 ,
1038 613 1302 681 Quoniam
1336 611 1583 666 Christus
1617 619 1856 663 mortuus
1890 620 1968 662 est
1998 625 2093 678 pro

511 711 741 782 peccatis
779 709 974 763 nostris
998 747 1011 769 ,
1049 703 1336 760 secundant
1379 701 2094 774 Scripturas‘chsurgere

516 821 644 860 vero
677 805 768 873 qui
815 801 1012 874 potuit,
1047 801 1154 854 nisi
1207 807 1461 854 mortuus
1498 805 1656 852 antea
1715 795 1945 852 fuisset?
1979 793 2092 848 Ma-

511 903 666 952 ximo
701 912 834 950 vero
881 893 1092 964 pudore
1135 889 1545 962 perfunduntur
1574 890 1610 944 ii
1648 889 1742 960 qui
1771 889 2092 959 quaternio-

512 1007 636 1049 nem
673 1005 774 1060 pro
805 987 1076 1042 Trinitate
1106 985 1368 1040 constitui
1409 999 1732 1055 persuasum
1771 982 2003 1045 habent,
2045 981 2092 1037 si

513 1098 718 1153 corpus
752 1095 783 1135 e
813 1078 984 1133 Maria
1031 1086 1220 1132 natum
1264 1091 1388 1132 esse
1431 1077 1666 1130 dicatur.
1698 1073 1834 1129 Nam
1883 1073 1928 1128 si
1961 1089 2094 1128 con-

517 1173 880 1231 substantiale
928 1170 1110 1226 Verbo
1161 1186 1364 1241 corpus
1413 1169 1784 1232 arbitremur,
1851 1165 2096 1223 Trinitas

513 1265 872 1322 nihilominus
929 1261 1174 1318 Trinitas
1211 1270 1527 1332 permanet,
1577 1275 1701 1314 cum
1747 1259 2095 1330 peregrinum

513 1360 724 1416 nullum
757 1355 996 1414 Verbum
1040 1357 1094 1410 in
1145 1355 1292 1409 illam
1331 1353 1642 1408 invehatur.
1684 1351 1753 1405 At
1800 1352 1844 1406 si
1896 1367 2100 1422 corpus

2200 609 2451 680 μεγάλως
2484 613 2532 664 οἱ
2581 612 2718 678 ὅλως
2765 613 3162 685 ἐνθυμηθέντες
3210 613 3469 667 δύνασθαι
3515 615 3638 668 ἀντὶ
3685 615 3784 684 τῆς

2195 701 2427 774 Τριάδος
2475 705 2720 773 γίνεσθαι
2769 708 3041 778 τετράδα,
3089 709 3138 760 εἰ
3187 707 3399 776 λέγοιτο
3445 709 3509 761 ἐκ
3563 708 3782 779 Μαρίας

2195 789 2332 850 εῖναι
2373 796 2436 849 τὸ
2468 797 2648 868 σῶμα.
2687 798 3001 869 Ὀμοούσιον
3041 800 3139 871 μὲν
3167 799 3274 870 γὰρ
3320 799 3415 852 ἐάν
3454 801 3694 871 εἴπωμεν
3723 801 3783 854 τὸ

2195 885 2356 958 σῶμα
2387 888 2468 959 τῷ
2495 890 2671 959 Λόγω,
2707 892 2857 962 μένει
2887 895 2922 964 ἡ
2955 891 3123 963 Τριὰς
3155 891 3347 962 Τριὰς,
3379 891 3592 954 οὐδενὸς
3626 892 3777 960 ξένου

2195 979 2654 1052 ὲπεισφερομένου
2680 987 2762 1048 εἰς
2786 986 2955 1056 αὐτὴν
2981 985 3074 1038 τοῦ
3111 985 3285 1052 Λόγου
3308 1001 3320 1014 ·
3357 984 3452 1038 ἐὰν
3488 986 3545 1038 δὲ
3569 985 3780 1058 ἄνθρω-

2197 1089 2298 1126 πον
2321 1074 2561 1146 εἴπωμεν
2591 1078 2654 1130 τὸ
2676 1080 2740 1130 ἐκ
2765 1079 2982 1150 Μαρίας
3009 1078 3188 1148 σῶμα,
3212 1080 3426 1152 ἀνάγκῃ
3453 1077 3604 1144 ξένου
3633 1079 3784 1154 ὄνθος

2196 1168 2317 1219 κατ’
2349 1168 2537 1222 οὐσίαν
2575 1168 2667 1222 τοῦ
2723 1169 3010 1240 σώματος,
3051 1171 3145 1224 καὶ
3187 1171 3339 1234 ὄντος
3387 1172 3446 1223 ἐν
3494 1169 3643 1239 αὐτῷ
3689 1167 3781 1222 τοῦ

2197 1257 2392 1328 Λόγου,
2426 1261 2625 1332 τετρὰς
2655 1262 2774 1316 ἀντὶ
2807 1263 3036 1334 Τριάδος
3061 1261 3270 1332 γίνεται
3299 1261 3386 1315 διὰ
3425 1261 3522 1331 τὴν
3551 1261 3645 1316 τοῦ
3679 1261 3780 1314 σώ-

2203 1369 2372 1422 ματος
2403 1353 2743 1426 προσθήκην.

512 1454 646 1509 illud
673 1454 813 1509 idem
847 1467 912 1508 ex
941 1451 1114 1506 Maria
1139 1457 1328 1503 natum
1355 1447 1634 1504 hominem
1664 1461 1788 1502 esse
1811 1446 2088 1513 dicamus,
2129 1463 2358 1504 necesse
2389 1459 2496 1514 est,
2538 1467 2665 1506 cum
2727 1467 2932 1522 corpus
2997 1459 3196 1508 natura
3243 1451 3590 1522 peregrinum
3651 1450 3782 1506 alie-

511 1559 750 1616 numque
791 1543 880 1608 sit,
915 1553 974 1596 ut
1001 1543 1054 1596 in
1077 1539 1718 1612 ipsoVerbuminsideat,
1749 1539 2165 1609 quaternionem
2197 1555 2294 1612 pro
2325 1539 2591 1596 Trinitate
2617 1559 2971 1614 consurgere,
3003 1559 3234 1614 corpore
3264 1543 3514 1598 videlicet
3542 1541 3776 1612 adjecto.

580 1635 672 1687 XI.
719 1632 840 1688 lla‘c
883 1632 959 1686 illi
992 1633 1124 1686 dum
1170 1631 1236 1686 ad
1280 1647 1406 1686 eum
1447 1630 1668 1684 modum
1705 1631 2086 1700 pronuntiant,

2267 1634 2370 1688 lA'.
2411 1633 2596 1690 Ταῦτα
2633 1635 2803 1698 οὕτως
2835 1636 3085 1704 λέγοντες
3113 1637 3172 1688 ού
3212 1635 3442 1698 νοοῦσιν,
3485 1635 3630 1698 ὅπως
3655 1637 3782 1688 ἐαυ-

511 1743 620 1782 non
645 1725 1106 1786 animadvertunt,
1129 1731 1465 1794 quantopere
1489 1737 1674 1776 secum
1699 1721 1803 1790 ipsi
1827 1727 2086 1792 pugnent.

2195 1729 2308 1790 τοῖς
2345 1726 2756 1798 περιπίπτουσι.
2797 1729 2906 1780 Καὶ
2937 1727 3045 1798 γὰρ
3079 1727 3180 1780 κᾶν
3219 1727 3293 1798 μὴ
3331 1728 3395 1779 ὲκ
3427 1726 3647 1794 Μαρίας
3691 1725 3780 1778 λέ-

513 1820 837 1874 Licctenim
891 1833 959 1871 ex
1014 1815 1186 1870 Maria
1238 1815 1544 1886 profectum
1585 1829 1787 1884 corpus
1818 1829 1941 1868 esse
1982 1828 2090 1868 non

510 1914 722 1978 dicant,
761 1909 858 1966 sed
903 1907 1378 1965 eonsuhstantiale
1415 1907 2085 1975 Verboduntaxagnihilo-

521 2011 699 2066 minus
733 2015 941 2070 tamen,
980 2002 1130 2072 quod
1193 2013 1264 2055 ne
1296 1997 1500 2054 sentire
1525 1996 1862 2060 viderentur,
1899 1995 2072 2050 vereri

511 2110 570 2150 se
605 2095 966 2158 simulabant,
1002 2095 1058 2148 in
1085 2096 1193 2146 hoc
1222 2091 1426 2163 ipsum,
1453 2105 1576 2160 quae
1604 2099 1689 2146 est
1723 2089 1938 2143 illorum
1975 2097 2091 2144 sto-

509 2187 722 2254 lidilas,
751 2187 1005 2242 oratione
1045 2199 1147 2240 sua
1199 2185 1379 2254 palam
1425 2183 1753 2244 incurrunt,
1785 2191 1840 2234 et
1871 2189 2090 2248 quater-

511 2281 733 2334 nionem
791 2278 944 2332 illum
995 2278 1312 2333 admittunt.
1347 2275 1562 2329 Etenim
1611 2275 1688 2328 uti
1735 2271 1942 2340 Filius,
1997 2273 2090 2344 qui

511 2373 728 2425 illorum
781 2370 1058 2426 sententia
1096 2368 1248 2424 Patri
1301 2367 1794 2422 consubstantialis
1840 2374 1946 2430 est,
1983 2367 2088 2420 mi-

511 2463 659 2517 nime
691 2463 783 2518 ille
821 2463 1041 2532 quidem
1092 2461 1253 2516 Pater
1287 2469 1394 2526 est,
1428 2461 1524 2516 sed
1561 2460 1736 2516 Filius
1766 2459 1916 2515 Patri
1957 2477 2090 2514 con-

512 2552 900 2608 substantialis
933 2552 1242 2622 appellatur
1268 2569 1282 2605 :
1313 2552 1386 2604 ita
1411 2549 1886 2605 consubstantiale
1912 2548 2091 2604 Verbo

512 2660 716 2714 corpus
751 2659 862 2699 non
899 2644 1078 2714 ipsum
1109 2643 1350 2699 Verbum
1385 2651 1489 2706 est,
1518 2643 1612 2698 sed
1644 2643 1792 2696 aliud
1831 2643 2090 2714 quiddam

513 2755 542 2788 ιι
599 2735 782 2792 Verbo
826 2737 1170 2792 distinctum.
1217 2735 1424 2802 Quodsi
1495 2734 1642 2788 aliud
1695 2741 1800 2798 est,
1871 2735 2089 2788 illorum

509 2830 754 2884 Trinitas
808 2829 862 2884 in
892 2829 1308 2900 quaterniouem
1355 2828 1649 2898 redigetur.
1699 2826 1856 2882 Vera:
1891 2828 2092 2897 quippe

510 2931 567 2976 et
603 2923 788 2993 reipsa
815 2921 1072 2992 perfecta:
1101 2929 1155 2976 et
1183 2920 1433 2974 indivisa:
1467 2919 1723 2974 Trinitati
1779 2919 1928 2972 nulla
1975 2918 2091 2972 ﬁeri

509 3023 691 3088 potest
725 3015 996 3078 accessio,
1027 3013 1236 3083 1005
1265 3022 1463 3084 przeter
1491 3027 1655 3082 quam
1683 3025 1970 3082 perperam
1997 3009 2089 3065 isti

2197 1838 2336 1889 γωσι
2367 1823 2428 1876 τὸ
2461 1822 2642 1894 σῶμα,
2676 1823 2811 1877 ἀλλὰ
2850 1823 3137 1894 όμοούσιον
3163 1822 3296 1876 αὐτὸ
3323 1821 3400 1892 τῷ
3423 1821 3600 1892 Λόγῳ,
3629 1819 3782 1873 οὐδὲν

2195 1910 2378 1986 ἧττον,
2406 1917 2543 1987 ὅπερ
2562 1917 2937 1988 ὑπεκρίνοντο,
2983 1917 3058 1988 μὴ
3093 1917 3203 1986 ἄρα
3227 1915 3304 1978 ὼς
3333 1914 3660 1986 φρονοῦντες
3689 1930 3780 1966 νο-

2199 2006 2433 2076 μισθῶσι
2465 2006 2642 2070 τοῦτο,
2677 2005 2822 2060 κατὰ
2850 2005 2948 2078 τὴν
2979 2005 3159 2060 αὐτῶν
3193 2005 3378 2058 ἄνοιαν
3408 2003 3780 2076 δειχθήσονται

2193 2099 2440 2168 λέγοντες
2485 2100 2739 2173 τετράδα.
2795 2101 2882 2164 Ὡς
2939 2098 3048 2171 γὰρ
3109 2099 3236 2160 Υἱὸς
3291 2095 3366 2150 ὢν
3418 2097 3534 2150 κατ’
3585 2094 3782 2155 αὐτοὺς

2193 2191 2476 2258 ὁμοούσιος
2503 2189 2582 2260 τῷ
2627 2190 2822 2262 Πατρὶ,
2853 2189 2954 2242 οὐκ
2994 2189 3142 2241 ἐστιν
3187 2188 3350 2251 αὐτὸς
3389 2185 3603 2257 Πατὴρ,
3643 2181 3784 2237 ἀλλὰ

2196 2282 2324 2344 Υἱὸς
2378 2281 2518 2353 πρὸς
2567 2281 2787 2352 Πατέρα
2839 2281 3056 2350 λέγεται
3113 2281 3434 2350 ὁμοούσιος·
3481 2277 3654 2339 οὕτως
3719 2275 3782 2328 τὸ

2193 2371 2476 2442 όμοούσιον
2506 2371 2667 2442 σῶμα
2693 2371 2786 2425 τοῦ
2821 2372 2996 2440 Λόγου
3027 2372 3126 2424 οὐκ
3153 2372 3298 2424 ἐστιν
3325 2370 3488 2434 αὐτὸς
3527 2371 3555 2422 ό
3585 2368 3778 2436 Λόγος,

2195 2463 2307 2517 ἀλλ’
2343 2465 2528 2536 ἓτερον
2558 2464 2697 2536 πρὸς
2719 2466 2809 2517 τὸν
2841 2465 3034 2533 Λόγον.
3075 2463 3292 2534 Ἐτέρου
3331 2462 3389 2516 δὲ
3425 2461 3599 2524 ὄντος,
3627 2461 3780 2513 ἔσται

2195 2559 2314 2612 κατ’
2342 2558 2540 2622 αὐτοὺς
2573 2561 2606 2628 ἡ
2644 2557 2824 2612 αὐτῶν
2869 2557 3038 2628 Τριὰς
3067 2557 3284 2626 τετράς.
3316 2556 3391 2607 Οὐ
3425 2555 3534 2628 γὰρ
3583 2555 3617 2622 ή
3648 2553 3782 2624 άλη-

2194 2652 2313 2724 θινὴ
2344 2652 2438 2704 καὶ
2459 2650 2629 2714 ὄντως
2654 2652 2834 2704 τελεία
2865 2651 2959 2704 καὶ
3003 2651 3306 2719 ἀδιαίρετος
3353 2647 3524 2718 Τριὰς
3567 2644 3780 2714 δέχεται

2195 2744 2537 2816 προσθήκην,
2568 2744 2681 2799 ἀλλ’
2715 2747 2748 2816 ή
2787 2744 2935 2817 παρὰ
2969 2743 3175 2796 τούτων
3218 2739 3635 2812 ὲπινενοημένη.
3669 2739 3780 2794 Καὶ

2195 2837 2313 2902 πῶς
2345 2839 2424 2891 ἔτι
2456 2838 2773 2910 Χριστιανοὶ
2816 2839 3002 2909 ἓτερον
3041 2835 3194 2907 παρὰ
3223 2835 3317 2888 τὸν
3346 2834 3475 2887 ὄντα
3503 2833 3634 2886 Θεὶν
3663 2835 3781 2885 ἐπι-

2193 2931 2476 2996 νοοῦντες;
2509 2931 2678 2984 Πάλιν
2717 2931 2825 3002 γὰρ
2851 2930 2944 2982 καὶ
2978 2931 3035 2981 ὲν
3066 2930 3236 3000 ἑτέρῳ
3269 2925 3450 2980 αὐτῶν
3484 2927 3778 2996 σοφίσματι

2193 3024 2290 3094 τὴν
2327 3023 2641 3095 ἀφροσύνην
2668 3023 2876 3087 ἔξεστιν
2905 3022 3056 3092 όρᾷν.
3087 3021 3148 3072 Εἰ
3181 3019 3238 3073 δὲ
3264 3018 3353 3072 διὰ
3407 3017 3469 3070 τὸ
3499 3013 3637 3070 εἶναι
3687 3017 3780 3069 καὶ

509 3109 810 3164 commenti
846 3119 993 3164 sunt.
1018 3109 1200 3175 Quare
1227 3107 1532 3162 Christiani
1555 3121 1679 3160 esse
1705 3107 1798 3174 qui
1831 3112 2085 3174 possunt,

2195 3115 2449 3184 λέγεσθαι
2480 3117 2536 3168 ὲν
2565 3116 2686 3178 ταῖς
2729 3115 2976 3184 Γραφαῖς
3009 3114 3072 3164 ἐκ
3107 3111 3327 3184 Μαρίας
3365 3105 3504 3162 εἶναι
3559 3108 3654 3161 καὶ
3689 3109 3782 3162 ἁν-

509 3203 604 3272 qui
646 3203 878 3257 alterum
913 3201 981 3254 ab
1015 3215 1100 3266 eo,
1139 3201 1230 3271 qui
1261 3213 1452 3254 revera
1485 3197 1629 3253 Deus
1659 3205 1763 3260 est,
1797 3195 1937 3252 falsa
1987 3197 2110 3251 sibi

509 3293 867 3364 persuasione
895 3291 1212 3347 ﬁnxerunt?
1247 3289 1462 3346 Rursus
1501 3291 1646 3346 enim
1673 3290 1727 3343 in
1753 3290 1924 3344 altera
1955 3304 2091 3358 qua-

509 3387 635 3439 dam
683 3389 916 3440 istorum
947 3384 1318 3448 cavillatione,
1350 3397 1555 3452 quanta
1603 3384 1672 3436 sit
1711 3397 1900 3436 eorum
1940 3384 2092 3436 stoli-

507 3481 680 3541 ditas,
713 3487 962 3548 apparet.
997 3475 1132 3530 Nam
1159 3476 1203 3531 si
1237 3491 1336 3546 pro
1362 3491 1426 3530 eo
1442 3473 1586 3545 quod
1639 3468 1846 3528 Christi
1890 3488 2092 3542 corpus

521 3589 586 3628 ex
619 3569 791 3623 Maria
860 3573 1138 3632 natum,et
1181 3567 1482 3620 humanum
1521 3572 1812 3634 est,atque
1847 3567 1900 3618 in
1942 3563 2093 3617 Scri-

521 3661 699 3734 pturis
729 3675 853 3716 esse
884 3659 1110 3720 dicitur,
1141 3657 1556 3728 quaternionem
1589 3655 1795 3710 idcirco
1835 3671 1932 3725 pro
1970 3655 2091 3708 Tri-

515 3756 682 3808 nitate
718 3752 978 3806 constitui
1015 3757 1228 3820 putant,
1278 3765 1343 3802 eo
1377 3747 1522 3819 quod
1553 3747 1804 3818 quaedam
1851 3747 1966 3802 ﬁeri
2013 3749 2084 3802 vi-

510 3847 708 3900 deatur
752 3843 1004 3913 corporis
1057 3841 1305 3896 accessio
1340 3841 1727 3896 :vehementer
1769 3847 1955 3896 errant
1997 3840 2089 3909 qui

509 3937 782 3994 conditori
833 3935 1116 4006 opiﬁcium
1174 3949 1334 3989 suum
1372 3935 1586 4003 aequale
1640 3932 1881 3996 faciunt,
1925 3941 1980 3986 et
2023 3931 2090 3984 ad

508 4032 854 4087 divinitatem
884 4029 1149 4084 accedere
1172 4041 1336 4098 posse
1362 4025 1566 4096 aliquid
1591 4026 1964 4090 arbitrantur;
1989 4039 2090 4078 nec

509 4124 644 4180 illud
672 4123 1006 4192 intelligunt,
1043 4135 1154 4174 non
1185 4119 1255 4174 ad
1283 4119 1451 4172 ullam
1495 4118 1681 4174 carnis
1715 4119 2088 4172 accessionem

506 4217 747 4274 Verbum
784 4231 1004 4271 carnem
1036 4229 1160 4270 esse
1192 4213 1420 4276 factum,
1449 4211 1540 4267 sed
1580 4218 1640 4266 ut
1687 4226 1815 4266 caro
1846 4211 1964 4280 ipsa
1996 4225 2080 4264 re-

509 4317 791 4380 surgeret;
815 4323 990 4378 neque
1015 4305 1278 4369 Verbum,
1301 4320 1412 4376 quo
1441 4304 1508 4358 ad
1543 4305 1822 4359 meliorem
1848 4304 2088 4374 aliquam

508 4403 886 4458 conditionem
917 4389 1340 4466 transferretur,
1367 4414 1432 4450 ex
1465 4397 1638 4450 Maria
1671 4395 1966 4466 prodiisse,
1992 4395 2086 4451 sed

507 4503 570 4550 ut
609 4493 894 4548 hominum
931 4507 1106 4562 genus
1145 4491 1460 4547 redimeret.
1494 4488 1614 4543 Jam
1647 4503 1777 4544 vero
1810 4487 2087 4558 quomodo

507 4587 624 4641 ﬁeri
667 4595 871 4657 potest,
916 4579 1118 4653 corpus
1155 4593 1212 4638 ut
1258 4583 1394 4638 illud
1426 4583 1572 4653 quod
1605 4597 1700 4653 per
1731 4579 1967 4635 Verbum
1999 4595 2086 4634 re-

505 4675 790 4750 demptum
843 4693 908 4732 ac
957 4679 1067 4730 vita
1107 4676 1376 4731 donatum
1437 4682 1563 4739 est,
1615 4676 1664 4728 ei
1704 4688 1732 4726 a
1783 4688 1892 4742 quo
1921 4672 2088 4726 vitam

507 4772 750 4843 accepit,
789 4773 958 4826 ullam
993 4770 1304 4825 divinitatis
1357 4768 1735 4824 accessionem
1781 4766 1960 4834 possit
2012 4763 2092 4816 af—

507 4866 692 4923 ferre?
737 4864 874 4920 Nam
919 4880 950 4918 e
990 4863 1274 4917 contrario
1306 4861 1582 4915 uberrima
1631 4858 1722 4912 illa
1762 4856 1982 4926 quidem
2023 4855 2091 4909 ad

509 4962 809 5016 humanum
873 4973 1076 5028 corpus
1126 4973 1194 5011 ex
1265 4954 1437 5010 divini
1486 4951 1648 5008 Verbi
1703 4948 2092 5006 communione

2196 3207 2464 3278 θρώπινον
2509 3207 2576 3260 τὸ
2625 3207 2784 3278 σῶμα
2828 3205 2921 3260 τοῦ
2971 3206 3259 3278 Σωτῆρος,
3311 3203 3622 3275 νομίζουσιν
3663 3201 3783 3254 ἀντὶ

2195 3301 2422 3370 Τριάδος
2452 3301 2686 3372 τετράδα
2722 3299 2997 3368 λέγεσθαι,
3027 3299 3104 3361 ὼς
3135 3297 3454 3370 προσθήκης
3481 3293 3782 3365 λεγομένης

2194 3395 2254 3444 τὺ
2283 3391 2472 3462 σῶμα·
2504 3392 2638 3444 πολὺ
2675 3389 3007 3454 πλανῶνται,
3039 3389 3100 3442 τὸ
3130 3389 3341 3459 ποίημα
3372 3385 3781 3450 συνεξισοῦντες

2195 3483 2269 3554 τῷ
2299 3485 2532 3554 ποιητῇ,
2582 3484 2676 3536 καὶ
2707 3481 3064 3544 ὑπονοοῦντες
3108 3479 3367 3534 δύνασθαι
3419 3477 3518 3550 τὴν
3553 3477 3780 3546 θεότητα

2195 3575 2513 3646 προσθήκην
2557 3574 2886 3645 λαμϐάνειν*
2943 3574 3035 3628 καὶ
3077 3573 3390 3644 ἠγνόησαν,
3446 3572 3527 3624 ὅτι
3576 3571 3636 3623 οὺ
3694 3567 3781 3622 διὰ

2195 3667 2514 3738 προσθήκην
2545 3667 2796 3738 θεότητος
2831 3665 3022 3735 γέγονε
3060 3665 3198 3736 σὰρξ
3238 3666 3268 3718 ό
3312 3663 3504 3731 Λόγος,
3539 3661 3654 3716 ἀλλ’
3692 3661 3782 3714 ἵνα

2193 3762 2225 3828 ἡ
2257 3759 2394 3832 σὰρξ
2425 3761 2629 3831 ἀναστῇ
2654 3777 2666 3790 ο
2699 3760 2807 3812 οὐδ’
2844 3761 2930 3812 ἵνα
2967 3759 3228 3830 βελτιωθῇ
3259 3759 3287 3810 ὁ
3313 3757 3482 3826 Λόγος
3512 3754 3780 3827 προῆλθεν

2193 3855 2256 3905 ἐκ
2287 3853 2526 3922 Μαρίας,
2546 3851 2658 3904 ἀλλ’
2683 3853 2770 3904 ἵνα
2794 3852 2856 3904 τὸ
2879 3849 3218 3922 ἀνθρώπινον
3238 3851 3394 3918 γένος
3415 3845 3776 3920 λυτρώσηται.

2194 3944 2318 4007 Πῶς
2352 3940 2444 3997 οὖν
2490 3937 2600 3995 οἷόν
2631 3961 2688 3996 τε
2739 3943 2799 3995 τὸ
2837 3943 2923 3996 διὰ
2969 3942 3063 3995 τοῦ
3095 3942 3268 4010 Λόγου
3315 3939 3590 4010 λυτρωθὲν
3621 3937 3780 4008 σῶμα

2193 4037 2286 4088 καὶ
2319 4033 2668 4106 ζωοποιηθὲν,
2699 4035 3013 4106 προσθήκην
3043 4036 3120 4094 εἰς
3146 4033 3376 4106 θεότητα
3407 4033 3484 4104 τῷ
3517 4032 3782 4104 ζωοποιή-

2194 4133 2346 4179 σαντὶ
2390 4125 2548 4196 Λόγῳ
2595 4130 2802 4192 ποιεῖνς
2855 4126 3071 4180 Μᾶλλον
3112 4126 3222 4199 γὰρ
3255 4125 3406 4196 αὐτῷ
3452 4123 3780 4196 ἀνθρωπίνῳ

2193 4217 2479 4288 προσθήκη
2525 4217 2734 4288 μεγάλη
2781 4219 3004 4286 γέγονεν
3047 4220 3112 4272 ὲκ
3151 4219 3253 4289 τῆς
3300 4217 3395 4272 τοῦ
3437 4217 3614 4286 Λόγου
3647 4216 3782 4288 πρὸς

2192 4309 2324 4363 αὐτὸ
2350 4309 2634 4372 κοινωνίας
2657 4327 2718 4361 τε
2749 4310 2841 4362 καὶ
2870 4309 3132 4374 ὲνώσεως.
3167 4311 3300 4362 ’Λπὺ
3332 4308 3528 4381 θνητοῦ
3559 4307 3782 4378 γέγονεν

2196 4400 2482 4466 ἀθάνατον,
2518 4404 2612 4454 καὶ¹
2642 4402 2872 4473 ψυχικὸν
2905 4402 2964 4454 ὃν
3002 4405 3192 4470 γέγονε
3243 4401 3645 4471 πνευματικὸν,
3683 4399 3781 4452 καὶ

2194 4493 2258 4544 ἐκ
2306 4492 2410 4562 γῆς
2457 4493 2746 4562 γενόμενον
2800 4493 2898 4557 τάς
2944 4495 3230 4564 οὐρανίους
3277 4493 3430 4563 διέϐη
3481 4492 3675 4554 πύλας.
3713 4490 3779 4542 'll

2198 4583 2380 4651 μέντοι
2431 4581 2631 4654 Τριὰς,
2665 4585 2759 4636 ml.
2801 4583 3057 4646 λαϐόντος
3104 4585 3167 4636 ἐκ
3209 4582 3429 4654 Μαρίας
3475 4581 3636 4652 σῶμα
3683 4578 3778 4632 τοῦ

2194 4673 2390 4742 Λόγου,
2435 4675 2604 4746 Τριάς
2633 4677 2811 4736 ἐστιν,
2859 4676 2922 4728 οὐ
2961 4675 3226 4746 δεχομένη
3269 4674 3610 4743 προσθήκην,
3657 4669 3780 4724 οὐδὲ

2196 4767 2507 4836 ἀφαίρεσιν,
2550 4767 2687 4820 ἀλλὰ
2717 4769 2804 4820 ἀεὶ
2836 4767 3016 4822 τελεία
3079 4769 3196 4821 ἐστὶ
3243 4768 3334 4821 καὶ
3367 4769 3426 4820 ὲν
3457 4764 3648 4836 Τριάδι
3681 4765 3782 4834 μία

2197 4855 2384 4926 θεότης
2417 4857 2774 4926 γινώσκεταιο
2814 4860 2908 4912 καὶ
2942 4859 3115 4922 οὕτως
3151 4861 3206 4914 ἐν
3237 4863 3302 4930 τῇ
3343 4857 3641 4928 Ἐκκλησία
3679 4873 3781 4926 κη-

2201 4947 2451 5018 ρύττεται
2487 4944 2566 5012 εἷς
2595 4949 2725 5012 Θεὸς
2753 4951 2782 5003 ὁ
2807 4950 2901 5004 τοῦ
2933 4951 3106 5019 Λόγου
3139 4953 3350 5021 Πατήρ.

509 5057 1009 5124 commistioneque
1065 5052 1208 5106 facta
1257 5059 1342 5106 est
1379 5048 1650 5104 accessio.
1714 5045 1997 5116 Siquidem
2050 5059 2116 5098 ex
2158 5044 2376 5098 mortali
2425 5045 2760 5109 immortale,
2803 5061 2868 5100 ex
2910 5046 3132 5100 animali
3207 5045 3458 5116 spiritale
3500 5043 3774 5098 redditum

508 5160 613 5214 est,
638 5161 802 5221 atque
828 5157 1034 5204 eterra
1067 5144 1378 5217 profectum
1403 5144 1528 5200 σαειί
1553 5149 1741 5212 portas
1764 5139 2094 5210 penetravit.
2134 5137 2404 5192 Caeterum
2445 5137 2687 5221 Trinitas
2749 5141 2887 5210 ipsa,
2941 5140 3196 5210 quamvis
3260 5137 3494 5194 Verbum
3537 5153 3568 5191 e
3609 5133 3778 5189 Maria

511 5215 1040 5310 corpus—acceperit,
1070 5215 1317 5289 Trinitas
1359 5241 1465 5294 est,
1501 5231 1588 5286 cui
1623 5245 1724 5285 nec
1762 5228 1886 5282 addi
1921 5239 2098 5298 poteSt
2138 5229 2444 5299 quidpiam,
2478 5215 2656 5299 neque
2687 5231 2924 5296 detrahi,
2979 5232 3074 5286 sed
3111 5231 3352 5302 perfecta
3409 5245 3628 5299 semper
3691 5238 3780 5284 est

511 5344 565 5386 et
627 5332 681 5383 in
737 5328 1010 5382 'i'rinitate
1064 5324 1369 5396 singularis
1418 5321 1680 5377 divinitas
1732 5320 2094 5390 agnoscitur;
2135 5333 2297 5392 atque
2333 5322 2408 5377 ita
2445 5322 2662 5376 demum
2695 5339 2840 5378 unus
2877 5322 3024 5378 Deus
3059 5321 3224 5378 Verbi
3251 5321 3413 5378 Pater
3479 5326 3536 5378 in
3587 5321 3778 5376 Eccle-

512 5430 590 5482 sia
637 5425 982 5498 praedicatur.

575 5519 688 5578 Xll.
723 5518 921 5573 Eadem
964 5529 1126 5586 porro
1168 5513 1377 5567 ratione
1448 5519 1502 5565 et
1548 5525 1611 5564 os
1677 5508 1787 5563 illis
1825 5507 2084 5563 occlude-

505 5625 596 5670 tur
625 5616 716 5686 qui
740 5615 922 5669 dicere
950 5607 1242 5678 aliquando
1281 5605 1402 5661 ausi
1424 5611 1573 5664 sunt,
1603 5616 1726 5656 eum
1756 5600 1850 5671 qui
1877 5615 1942 5654 ex
1973 5597 2086 5653 Ma-

505 5711 588 5763 ria
633 5706 922 5777 processit,
957 5718 1064 5758 non
1115 5703 1288 5770 ipsum
1319 5713 1440 5755 esse
1481 5695 1764 5752 Christum
1798 5708 1862 5749 ac
1901 5692 2087 5748 Domi-

590 5863 608 5898 ⁸
640 5863 815 5928 Hier.
847 5879 935 5928 xv,
970 5862 1022 5918 3.
1099 5862 1118 5891 ²
1143 5859 1277 5914 ibid.

2265 5503 2363 5560 lB'.
2409 5506 2502 5558 Ἐκ
2539 5505 2596 5558 δὲ
2630 5504 2820 5557 τούτου
2854 5506 3190 5574 σιωπήσουσι
3220 5504 3406 5558 λοιπὸν
3445 5504 3538 5557 καὶ
3561 5505 3612 5556 oi
3648 5505 3779 5558 ποτὲ

2195 5599 2438 5662 εἰπόντες
2469 5598 2559 5651 τὸν
2597 5599 2662 5651 ὲκ
2705 5598 2922 5668 Μαρίας
2961 5599 3290 5670 προελθόντα
3323 5597 3398 5670 μὴ
3446 5593 3584 5650 εἶναι
3618 5597 3780 5652 αὐτὸν

2197 5691 2286 5744 τὸν
2317 5689 2548 5761 Χριστὸν
2587 5689 2678 5744 καὶ
2709 5690 2911 5761 Κύριον
2951 5691 3044 5744 καὶ
3085 5689 3238 5745 Θεόν.
3301 5691 3364 5744 Εἰ
3399 5691 3507 5762 γὰρ
3543 5689 3619 5763 μὴ
3645 5688 3778 5753 Θεὸς
