4134 6392
388 375 493 433 657

927 381 1298 439 ADVERSUS
1336 383 1682 441 HERESES
1715 384 1846 442 LIB.
1887 383 1973 442 111.

2074 383 2193 441 0M.
2223 381 2287 439 11.
2326 412 2397 423 -
2436 378 2712 437 ΗΕΒΕΞ.
2754 374 3010 434 LXXVII.

3545 377 3649 433 658

388 488 457 565 ἦν
482 494 544 547 ἐν
567 493 646 565 τῷ
674 493 905 565 σώματι,
939 497 1056 562 πῶς
1099 500 1260 566 εὐθὺς
1299 503 1575 575 προελθὼν
1605 506 1715 560 ἀπὸ
1751 506 1970 577 Μαρίας

2074 520 2204 560 num
2233 511 2289 559 et
2316 501 2505 558 Deum.
2540 497 2657 557 Nisi
2692 500 2837 555 enim
2876 498 2931 552 in
2975 510 3205 567 corpore
3232 492 3377 551 Deus
3407 495 3650 554 exstitis-

390 583 594 655 ἐκλήθη
627 584 994 658 Ἐμμανουήλ,
1034 589 1063 642 ὃ
1092 590 1205 643 ἐστι
1241 593 1796 668 μεθερμηνευόμενον,
1827 601 1964 655 Μεθ’

392 674 561 745 ἡμῶν
591 680 625 730 o'
664 679 847 744 886g;
873 679 999 743 Πῶς
1027 680 1084 734 δὲ
1113 683 1209 735 καὶ
1238 683 1468 750 Παῦλος,
1488 687 1536 740 εί
1562 687 1635 759 μὴ
1666 690 1878 760 ὀΛόγος
1899 686 1967 764 ἦν

392 765 449 816 ἐν
491 764 676 834 σαρκὶ,
722 765 1016 838 Ῥωμαίοις
1058 770 1330 842 ἔγραφεν,
1379 776 1481 841 Ἐξ
1518 772 1607 831 ὧν
1651 780 1684 834 ὁ
1715 782 1969 851 Χριστὸς

388 856 457 909 τό
492 856 645 912 κατὰ
674 857 892 927 σάρκα,
928 863 963 914 ὁ
992 861 1078 914 ὢν
1106 865 1204 918 ἐπὶ
1252 866 1495 923 πάντων
1523 873 1667 939 Θεὸς
1714 877 1967 947 εὐλογη-

389 947 492 1015 τὸς
523 951 604 1012 εις
626 950 770 1017 τοὺς
809 952 1050 1020 αἰῶνας.
1097 958 1324 1028 Ἀμήν;
1357 962 1565 1017 Οὐκοῦν
1609 967 1969 1037 όμολογείτω-

395 1056 491 1093 σαν
521 1041 572 1094 οἱ
605 1043 871 1117 πρότερον
899 1047 1221 1120 ἀρνούμενοι
1262 1053 1353 1107 τὸν
1385 1057 1801 1130 ἐσταυρωμένον
1830 1060 1970 1119 εἶναι

388 1131 519 1226 Θεδν
532 1134 817 1203 ἐσφάλθαι,
833 1140 1140 1215 πειθόμενοι
1164 1145 1362 1210 πάσαις
1381 1150 1500 1212 ταῖς
1519 1149 1688 1216 θείαις
1707 1154 1968 1226 Γραφαῖς,

392 1224 626 1317 μάλιστα
652 1225 710 1280 δὲ
733 1228 811 1300 τῷ
833 1228 1024 1303 Θωμᾷ,
1057 1232 1115 1296 ὃς
1147 1234 1285 1305 μετὰ
1336 1237 1398 1291 τὸ
1409 1240 1557 1295 ’ἰδεῖν
1582 1243 1640 1298 ἐν
1669 1224 1817 1317 αὐτῷ
1835 1224 1973 1313 τοὺς

389 1316 497 1372 τῶν
520 1317 665 1389 ἥλων
694 1319 898 1387 τύπους
950 1325 1270 1399 ἀνεϐόησενσ
1310 1330 1372 1384 '0
1398 1335 1614 1403 Κύριός
1649 1355 1768 1407 μου
1790 1316 1895 1396 fatal
1941 1346 1973 1399 ό

389 1409 534 1500 ρεός
548 1426 690 1480 μου.
721 1411 855 1476 Θεὸς
878 1413 986 1487 γὰρ
1016 1419 1111 1472 καὶ
1151 1419 1355 1492 Κύριος
1384 1424 1485 1495 τῆς
1527 1426 1686 1500 δόξης
1717 1428 1812 1496 ὢν,
1848 1434 1973 1499 Υἱὸς

500 1501 561 1554 ἐν
619 1501 698 1572 τῷ
747 1502 950 1569 ἀδόξως
1004 1508 1397 1585 καθηλουμένῳ
1442 1492 1539 1571 οιαὶ
1589 1492 1974 1594 ἀτιμαζομένῶ

388 1589 623 1662 σώματι.
656 1595 732 1649 Τὸ
766 1597 824 1651 δὲ
857 1599 1019 1671 σῶμα
1047 1578 1262 1676 ἔπασχε.
1289 1578 1388 1677 μὲν
1433 1578 1860 1683 νυττόμενον-ὲν
1897 1578 1973 1683 τῶ

388 1685 551 1782 ξύλῳ,
584 1690 679 1743 καὶ
712 1691 898 1764 ἔρρεεν
928 1695 1037 1750 ἀπὸ
1074 1698 1173 1770 τῆς
1192 1673 1399 1755 τούτου
1430 1673 1670 1778 πλευρᾶς
1714 1705 1853 1782 αἷμα
1883 1673 1976 1767 καὶ

387 1779 568 1877 θδωρμο
619 1783 746 1877 νοιδς
780 1785 838 1839 δὲ
875 1787 970 1841 τοῦ
1014 1789 1192 1859 Λόγου
1231 1795 1495 1866 τυγχάνον
1543 1779 1973 1877 πεπληρωμένος

490 1873 588 1970 τῇς
615 1873 886 1970 θεότητος.
918 1879 1017 1934 Διά
1040 1882 1197 1936 τοῦτο
1228 1865 1398 1956 ἥλιος,
1425 1891 1567 1960 ὁρῶν
1591 1892 1681 1947 τὸν
1704 1865 1970 1970 δημιουρ-ἰ

388 1965 484 2059 γδν
512 1966 707 2059 ἐαυτοῦ
753 1971 811 2023 ἐν
858 1970 937 2043 τῷ
982 1972 1327 2050 ὑϐριζομένῳ
1367 1978 1580 2053 σώματι
1625 1965 1969 2059 ἀνεχόμενον,

385 2055 503 2152 τάς-
531 2058 757 2152 ἀοιτῖνας
810 2062 1115 2119 συνέστειλε
1173 2069 1267 2121 καὶ
1312 2071 1572 2127 ἐσκότασε
1612 2075 1628 2105 ⁵
1836 2055 1969 2152 γῆνᾸ

386 2147 520 2202 αὐτὸ
561 2148 619 2203 δὲ
658 2149 818 2222 σῶμα
852 2152 1015 2221 φύσιν
1063 2154 1187 2226 ἔχον
1231 2157 1431 2232 θνητὴν
1475 2163 1615 2234 ὑπὲρ
1646 2147 1972 2237 τὴν-ἐαυτοῦ

386 2243 570 2314 φύσιν,
597 2246 798 2322 ἀνέστη
823 2248 913 2303 διὰ
942 2252 1032 2306 τὸν
1067 2254 1126 2307 ἐν
1153 2254 1302 2327 αὐτῷ
1331 2257 1522 2326 Λόγον,
1568 2261 1663 2315 καὶ
1697 2263 1972 2320 πέπαυται

390 2338 490 2409 μὲν
530 2339 631 2412 τῆς
665 2341 810 2396 κατά
835 2342 996 2412 φύσιν
1021 2344 1227 2418 φθορᾶς
1255 2349 1297 2416 ¹,
1333 2348 1537 2422 ἔνδυμα
1574 2352 1631 2406 δὲ
1660 2354 1850 2423 γέγονε
1878 2357 1973 2411 τοῦ

387 2429 563 2499 Λόγου
583 2448 596 2461 ·
629 2433 992 2505 ἐνδυσάμενον
1024 2435 1082 2490 δὲ
1125 2436 1218 2491 τὸν
1257 2438 1400 2511 ὑπὲρ
1447 2441 1732 2514 ἄνθρωπον
1778 2445 1971 2515 Λόγον,

386 2522 610 2592 γέγονεν
641 2523 937 2596 ἄφθαρτον.
971 2528 1107 2601 Περὶ⁵
1152 2529 1209 2583 δὲ
1264 2532 1360 2585 τοῦ
1413 2536 1779 2604 φαντάζεσθαι
1822 2557 1974 2606 τινας

386 2615 482 2669 καὶ
525 2614 725 2685 λέγειν,
759 2617 864 2683 ὃτι,
909 2618 1099 2693 ὥσπερ
1141 2622 1226 2693 ἐφ’
1269 2623 1500 2679 ἕκαστον
1546 2627 1653 2681 τῶν
1680 2633 1974 2704 προφητῶν

387 2705 605 2775 ἐγένετο
629 2708 823 2777 Λόγος,
849 2708 994 2764 οὕτω
1026 2712 1120 2765 ³ιαῖ¹
1149 2712 1243 2767 ἐπὶ
1277 2712 1374 2767 ἕνα
1424 2715 1547 2771 τινὰ
1588 2716 1872 2791 ἄνθρωπον
1910 2724 1975 2776 ἐκ

389 2797 608 2869 Μαρίας
634 2795 796 2870 ἦλθεν
823 2804 852 2856 ό
876 2802 1069 2874 Λόγος,
1098 2806 1354 2877 περιττόν
1379 2807 1496 2862 ἐστι
1524 2811 1843 2880 γυμνάζειν,
1872 2833 1975 2885 φα-

387 2890 551 2963 νεράν
595 2892 828 2966 ἐχούσης
866 2897 967 2967 τῆς
1019 2898 1206 2961 ἀνοίας
1249 2898 1428 2955 αὐτῶν
1462 2901 1563 2971 τὴν
1611 2905 1972 2974 κατάγνωσιν.

392 2982 454 3038 Ei
490 2984 600 3057 γὰρ
627 2985 800 3051 οὕτως
838 2983 992 3060 ἦλθε,
1020 2989 1111 3043 διὰ
1150 2991 1203 3044 τί
1236 2985 1392 3057 οὗτος
1445 2995 1510 3047 ἐκ
1564 2996 1835 3068 παρθένου
1880 3003 1977 3055 καὶ

395 3074 469 3146 μὴ
498 3076 592 3129 καὶ
622 3078 786 3142 αὐτὸς
812 3078 871 3144 ἐξ
898 3080 1087 3155 ἀνδρὸς
1113 3083 1205 3136 καὶ
1235 3086 1526 3153 γυναικός;
1560 3087 1716 3143 Οὕτω
1745 3091 1853 3165 γὰρ
1881 3097 1976 3148 καὶ

2069 607 2171 660 set,
2206 612 2306 652 cur
2336 595 2521 652 statim
2574 603 2735 664 atque
2784 593 2852 647 de
2897 588 3068 644 Maria
3112 587 3648 660 processit.Emma-

2067 689 2195 744 nuel
2219 698 2443 743 vocatus
2479 693 2584 748 est,
2610 683 2757 756 quod
2777 690 2859 739 est
2894 684 3333 753 interpretatum,
3362 679 3651 734 Nobiscum

2068 777 2208 834 Deus
2229 778 2285 833 '?
2315 778 2515 833 Paulus
2543 791 2689 841 vero,
2718 774 2825 830 nisi
2840 771 3080 829 Verbum
3111 772 3165 826 in
3196 785 3360 825 carne
3389 768 3547 833 foret,
3582 769 3647 823 ad

2069 871 2344 927 Romanos
2376 870 2617 925 scribere
2648 868 2753 923 ista
2775 867 2867 937 qui
2896 865 3107 937 potuit,
3149 861 3234 916 Eat
3272 861 3462 934 quibus
3496 860 3643 917 Chri-

2069 972 2183 1018 stus
2216 972 2292 1016 est
2310 960 2591 1016 secundum
2622 976 2855 1024 carnem,
2892 958 2981 1029 qui
3013 965 3090 1010 est
3115 970 3269 1026 super
3303 955 3480 1009 omnia
3511 954 3651 1010 Deae

2072 1055 2366 1110 benedictus
2423 1055 2479 1108 in
2535 1052 2752 1108 swcula.
2816 1051 2981 1104 Amen
3018 1049 3080 1103 ⁸⁸1
3140 1047 3504 1116 Quamobrem
3557 1049 3651 1117 qni.

2072 1154 2231 1202 antea
2254 1155 2589 1216 negaverunt
2608 1160 2731 1200 eum
2754 1144 2844 1215 qni
2867 1142 3164 1199 cruciﬁxus
3189 1149 3296 1205 est,
3317 1156 3441 1197 esse
3458 1139 3651 1206 Deum,

2071 1254 2312 1293 errorem
2338 1253 2500 1294 suum
2549 1245 2844 1307 agnoscant
2887 1250 2949 1289 ac
2995 1233 3195 1288 divinis
3249 1231 3508 1306 omnibus
3538 1230 3654 1284 Lit-

2074 1332 2207 1387 teris
2252 1330 2411 1385 ﬁdem
2456 1328 2773 1392 adhibeant,
2814 1327 2908 1382 sed
2941 1325 3166 1381 Thomas
3202 1322 3525 1395 praesertim,
3558 1324 3652 1393 qui

2074 1439 2199 1479 cum
2235 1423 2291 1478 in
2320 1422 2537 1478 Christo
2561 1421 2838 1476 clavorum
2872 1418 3103 1490 vestigia
3142 1414 3655 1473 vidissetexclama-

2075 1517 2200 1571 vit:
2237 1515 2495 1570 Dominus
2546 1529 2692 1567 meus
2746 1520 2795 1566 et
2848 1510 2987 1564 Deus
3034 1524 3178 1564 meus
3209 1513 3252 1563 ⁸.
3292 1506 3464 1564 Filius
3506 1506 3653 1561 enim

2076 1608 2327 1679 idemque
2361 1604 2508 1661 Deus
2563 1621 2627 1659 ac
2660 1603 2845 1676 gloriae
2897 1600 3164 1656 Dominus
3203 1600 3257 1655 in
3295 1616 3363 1656 eo
3404 1615 3650 1669 corpore,

2075 1701 2345 1775 quodper
2376 1712 2645 1755 summam
2685 1694 3041 1768 ignominiam
3071 1694 3243 1749 clavis
3286 1693 3562 1749 conﬁxum
3591 1706 3657 1747 ac

2078 1791 2496 1846 debonestatum
2547 1787 2767 1853 fuerat,
2825 1786 3052 1841 omnino
3101 1785 3392 1841 residebat.
3440 1783 3655 1855 Corpus

2004 1856 2046 1912 Β
2078 1882 2290 1954 1006
2319 1883 2494 1953 ipsum
2526 1895 2655 1936 vero
2695 1880 2750 1934 in
2775 1894 2940 1935 cruce
2981 1878 3312 1948 perforatum
3348 1877 3535 1947 utique
3561 1892 3656 1947 pa-

2075 1978 2334 2039 tiebatur,
2376 1983 2431 2030 et
2457 1989 2522 2029 ex
2553 1974 2673 2042 ejus
2725 1974 2894 2028 latere
2941 1972 3166 2041 sanguis
3211 1987 3334 2036 cum
3375 1985 3513 2041 aqua
3552 1969 3658 2025 dif-

2072 2063 2314 2121 ﬂuebat:
2345 2079 2534 2120 verum
2587 2076 2713 2117 cum
2760 2061 2929 2117 divini
2964 2059 3122 2115 Verbi
3172 2061 3432 2131 templum
3486 2064 3655 2121 esset.

2072 2164 2191 2213 erat
2231 2157 2515 2212 divinitate
2556 2153 2957 2225 plenissimum.
2986 2151 3157 2218 Quam
3202 2153 3272 2205 ob
3310 2165 3532 2205 causam
3574 2152 3654 2204 sol

2074 2252 2213 2321 ipse,
2253 2265 2379 2304 cum
2426 2256 2703 2304 auctorem
2750 2261 2910 2302 suum
2966 2254 3073 2300 tam
3117 2257 3313 2314 graves
3355 2243 3411 2296 in
3456 2243 3658 2297 misero

2074 2359 2303 2414 corpore
2353 2343 2714 2399 contumelias
2753 2341 3075 2396 tolerantem
3114 2338 3341 2403 videret,
3387 2335 3555 2392 radiis
3594 2352 3657 2390 ac

2076 2438 2195 2492 luce
2249 2451 2575 2507 suppressa,
2620 2444 2821 2490 terram
2868 2433 3111 2489 tenebris
3162 2430 3423 2496 obduxit;
3458 2444 3656 2499 corpus

2075 2537 2257 2585 autem
2288 2529 2504 2584 mortali
2531 2536 2727 2583 natura
2759 2526 3044 2597 praeditum
3085 2538 3248 2595 supra
3291 2529 3501 2578 natum
3544 2538 3658 2578 sua:

2075 2622 2444 2679 conditionem
2480 2627 2702 2691 prepter
2726 2616 2990 2682 Verbum,
3015 2616 3160 2687 quod
3205 2616 3259 2670 in
3303 2614 3423 2685 ipso
3448 2622 3585 2677 erat,
3627 2630 3655 2665 a

2076 2717 2309 2771 mortuis
2337 2715 2632 2771 excitatum
2657 2719 2762 2777 est,
2785 2719 2840 2768 et
2881 2726 2912 2765 a
2953 2709 3190 2765 naturali
3214 2708 3568 2778 corruptione
3595 2708 3661 2760 li-

2074 2806 2349 2867 beratum,
2383 2803 2548 2861 Verbi
2587 2803 2858 2874 quoddam
2891 2801 3039 2856 velut
3073 2800 3451 2855 indumentum
3467 2806 3552 2853 est
3580 2798 3664 2852 fa-

2075 2905 2222 2952 ctum
2251 2913 2266 2962 ;
2296 2911 2532 2967 cumque
2565 2894 2763 2958 Verbo,
2798 2894 2941 2964 quod
2977 2893 3270 2948 humanam
3294 2891 3658 2948 conditionem

2076 2998 2318 3061 superat,
2370 2991 2518 3044 velut
2565 2989 2765 3043 amictu
2821 2987 3056 3056 quodam
3117 2986 3437 3041 obvolutum
3492 2991 3659 3048 esset,

2077 3083 2448 3154 corruptionis
2479 3093 2562 3137 est
2581 3097 2775 3153 expers
2814 3080 3082 3135 redditum
3107 3080 3146 3130 ⁸.
3176 3078 3332 3145 Quod
3368 3083 3548 3132 autem
3592 3076 3663 3129 ad

387 3167 617 3233 ἕκαστος
647 3170 756 3224 τῶν
790 3172 963 3241 ἁγίων
1000 3175 1285 3247 ἐγεννήθη.
1322 3179 1394 3231 Ἢ
1428 3179 1516 3233 διὰ
1556 3180 1630 3247 τί,
1676 3183 1847 3249 οὕτως
1892 3185 1973 3238 ἐλ-

2081 3175 2466 3229 nonnullorum
2509 3173 2700 3227 inanes
2738 3187 2913 3242 nugas
2959 3179 3013 3226 et
3055 3177 3364 3225 commenta
3405 3168 3658 3239 pertinet.

390 3259 574 3325 θὸντος
610 3262 702 3316 τοῦ
757 3265 953 3335 Λόγου,
991 3268 1090 3338 οὐχ
1137 3271 1166 3322 ὁ
1219 3269 1452 3325 ἑκάστου
1497 3273 1725 3340 θάνατος
1759 3276 1978 3347 λέγεται

391 3350 530 3424 ὑπὲρ
554 3355 586 3425 ὴ
598 3355 714 3425 μῶν
745 3357 1095 3428 γεγενῆσθαι,
1126 3360 1240 3414 ἀλλ’
1274 3365 1302 3416 ὁ
1341 3364 1529 3418 τούτου
1565 3368 1764 3438 μόνος;
1799 3368 1901 3422 Διά
1926 3370 1979 3424 τί

389 3444 446 3498 δέ
470 3445 592 3499 καθ’
619 3447 848 3501 ἕκαστον
875 3449 983 3503 τῶν
1015 3452 1309 3523 προφητῶν
1341 3456 1735 3527 ἐπιδημοῦντος
1759 3459 1853 3513 τοῦ
1884 3462 1981 3515 Λό-

390 3555 510 3606 γου,
537 3537 755 3608 λέγεται
782 3541 875 3594 ἐπὶ
907 3542 1070 3612 μόνου
1100 3543 1195 3596 τοῦ
1228 3546 1290 3597 ἐκ
1320 3547 1560 3618 Μαρίας,
1589 3548 1664 3613 ῶς
1695 3549 1844 3616 ἅπαξ
1885 3552 1977 3605 ἐπὶ⁵

391 3631 670 3704 συντελείᾳ
719 3631 828 3687 τῶν
889 3633 1101 3690 αἰώνων
1155 3637 1626 3710 ἐπιδημήσαντος;
1668 3643 1739 3696 Ἢ
1788 3644 1874 3698 διὰ
1901 3646 1975 3711 τί,

386 3721 560 3788 οὕτως
589 3723 836 3790 ἐλθόντος
862 3726 1061 3792 αὐτοῦ,
1106 3727 1182 3792 ὡς
1220 3725 1384 3801 ἦλθεν
1430 3735 1487 3785 ἐν
1517 3737 1631 3798 τοῖς
1668 3735 1979 3809 ἔμπροσθεν

392 3815 587 3884 ἁγίοις,
622 3817 671 3869 oi
710 3817 812 3888 μὲν
847 3818 995 3872 ἄλλοι
1046 3819 1245 3884 πάντες
1295 3821 1657 3890 ἀποθανόντες
1703 3826 1857 3883 οὔπω
1886 3831 1981 3885 ἀν-

389 3897 645 3970 έστησαν,
691 3903 720 3955 ὁ
761 3900 820 3954 δέ
862 3904 926 3955 ἐκ
954 3904 1173 3975 Μαρίας
1215 3905 1374 3977 μόνος
1420 3909 1739 3982 ἀνέστη;Ἢ
1775 3913 1864 3968 διὰ
1900 3917 1976 3982 τί,

390 3993 590 4062 ὁμοίως
615 3995 728 4057 τοῖς
755 3993 936 4057 ἄλλοις
956 3995 1202 4062 ἐλθόντος
1234 3998 1328 4052 τοῦ
1355 4001 1550 4069 Λόγου,
1577 4002 1790 4072 λέγεται
1818 4008 1979 4079 μόνος

387 4084 419 4136 ὁ
435 4085 500 4138 ἐκ
515 4085 736 4157 Μαρίας
761 4087 1127 4170 Ἐμμανουήλ,
1152 4089 1228 4153 ὡς
1255 4090 1506 4162 σώματος
1545 4095 1726 4167 πεπλη
1736 4100 1977 4170 ρωμένου

386 4156 642 4248 θεότητος
681 4178 774 4232 καὶ
821 4156 1102 4251 τεχθέντος
1143 4182 1204 4246 ἐξ
1259 4156 1461 4254 αὐτῆς
1486 4156 1576 4239 *Τὸ
1620 4156 1982 4264 γὰρ’έμμα-

390 4269 551 4341 νουὴλ
599 4270 979 4341 ἑρμηνεύεται,
1014 4272 1153 4328 Μεθ’
1177 4275 1347 4343 ἡμῶν
1378 4274 1428 4330 δ’
1459 4279 1619 4345 Θεός.
1656 4281 1726 4334 Ἢ
1770 4283 1858 4339 διὰ
1903 4288 1977 4351 τί,

2080 3268 2173 3338 qui
2207 3276 2265 3322 ut
2296 3267 2351 3321 in
2384 3266 2626 3336 reliquos
2656 3265 2949 3335 prophetas
2971 3277 3184 3328 omnes,
3220 3262 3294 3315 ita
3323 3268 3377 3315 et
3403 3260 3456 3314 in
3493 3276 3660 3314 unum

2081 3361 2231 3417 illum
2281 3376 2311 3415 e
2354 3359 2521 3414 Maria
2572 3366 2760 3413 natum
2809 3357 3081 3411 hominem
3132 3354 3375 3409 divinum
3425 3351 3663 3407 Verbum

2080 3453 2334 3523 illapsum
2371 3466 2494 3507 esse
2523 3450 2763 3506 sentiunt
2794 3466 2806 3501 :
2835 3447 3081 3518 pluribus
3120 3460 3185 3500 ea
3210 3443 3277 3499 de
3302 3458 3361 3498 re
3385 3444 3664 3512 disputare

2082 3557 2542 3614 supervacaneum
2572 3547 2692 3608 est,
2730 3539 2925 3593 borum
2963 3537 3161 3608 quippe
3189 3535 3354 3590 stulta
3392 3542 3445 3589 et
3482 3534 3662 3603 inepta

2080 3636 2364 3708 persuasio
2384 3633 2669 3690 manifeste
2689 3648 2752 3687 ac
2769 3632 2886 3688 sine
2915 3631 3027 3686 ullo
3056 3628 3274 3701 negotio
3296 3626 3661 3682 convincitur.

2081 3727 2216 3782 Nam
2247 3728 2294 3784 si
2325 3726 2393 3782 ad
2423 3742 2550 3782 cum
2585 3725 2805 3779 modum
2838 3724 2928 3778 ille
2951 3721 3252 3786 descendit,
3279 3735 3380 3775 cur
3399 3734 3429 3775 e
3456 3718 3666 3789 virgine

2082 3826 2267 3881 natus,
2291 3834 2400 3874 non
2430 3834 2494 3873 ex
2530 3819 2650 3872 viro
2680 3816 2991 3887 feminaque
3028 3822 3320 3884 susceptus
3345 3818 3451 3877 est,
3474 3826 3665 3883 quem-

2082 3912 2373 3968 admodum
2392 3911 2569 3968 sancti
2591 3924 2783 3965 omnes
2812 3909 2868 3963 in
2894 3909 3069 3965 lucem
3091 3907 3222 3962 editi
3253 3904 3509 3962 fuerunt?
3533 3904 3663 3963 Cur.

2083 4023 2206 4063 cum
2258 4004 2333 4059 ita
2360 4003 2597 4060 Verbum
2644 4005 2898 4074 illapsum
2946 4002 3040 4067 sit,
3090 4015 3202 4055 non
3231 4000 3396 4054 etiam
3439 4006 3666 4053 caetero—

2083 4113 2203 4153 rum
2239 4094 2675 4164 uninseujusque
2714 4106 2860 4147 mors
2906 4102 3096 4145 nostra
3127 4103 3294 4144 causa
3329 4088 3556 4142 tolerata
3581 4085 3666 4140 di-

2082 4192 2248 4253 citur,
2282 4188 2377 4245 sed
2405 4188 2567 4256 hujus
2589 4187 2853 4241 duntaxat
2895 4181 3092 4238 unius?
3135 4180 3268 4244 Cur,
3303 4194 3427 4233 cum
3456 4179 3514 4232 in
3554 4178 3667 4232 sin-

2082 4283 2239 4354 gulos
2272 4285 2567 4354 prophetas
2617 4276 2861 4332 divinum
2900 4292 2959 4333 se
2998 4273 3237 4329 Verbum
3283 4271 3664 4330 insinuaverit.

392 4361 552 4433 εἴπερ
580 4362 753 4427 οὕτως
774 4358 958 4435 ἦλθεν,
992 4364 1264 4431 ἐσθίοντος
1295 4368 1525 4423 ἑκάστου
1550 4366 1658 4425 τῶν
1695 4376 1864 4444 ἁγίων
1887 4382 1973 4434 καὶ

2084 4376 2139 4429 in
2172 4388 2237 4428 eo
2277 4373 2414 4437 solo,
2451 4370 2541 4442 qui
2581 4385 2612 4424 e
2657 4368 2826 4423 Maria
2873 4375 3038 4424 natus
3062 4374 3168 4431 est,
3214 4367 3270 4420 in
3320 4378 3669 4419 consumma-

391 4455 637 4518 πίνοντος
692 4456 785 4509 καὶ
825 4457 1125 4523 κοπιῶντος
1175 4462 1268 4513 καὶ
1303 4461 1756 4534 ἀποθνήσκοντος,
1792 4469 1852 4523 οὐ
1889 4468 1973 4522 λέ-

2083 4468 2231 4523 tione
2272 4466 2595 4521 smculorum
2646 4462 2812 4517 semel
2869 4461 3155 4516 advenisse
3208 4457 3488 4513 dicitur"!
3532 4454 3664 4517 Cur.

392 4563 549 4614 γεται
580 4547 844 4613 ὡσαύτως
899 4550 1098 4604 ἐσθίων
1150 4555 1245 4606 καὶ
1287 4555 1496 4609 κοπιῶν
1539 4559 1632 4611 καὶ
1670 4561 1973 4626 ἀποθανὼν,

2086 4576 2210 4615 cum
2235 4560 2426 4613 eodem
2458 4557 2618 4611 modo
2645 4572 2703 4610 se
2729 4555 2784 4609 in
2812 4555 2963 4609 illum
2988 4551 3270 4615 infuderit,
3302 4565 3412 4621 quo
3441 4550 3496 4604 in
3520 4549 3669 4620 prio-

393 4638 508 4692 ἀλλ’
546 4640 636 4692 ἐπὶ
663 4641 824 4711 μόνου
852 4640 945 4694 τοῦ
975 4644 1040 4696 ἐκ
1067 4644 1320 4716 Μαρίας;
1343 4646 1410 4698 *Α
1445 4646 1553 4719 γὰρ
1585 4647 1791 4722 ἔπασχε
1822 4652 1973 4707 τοῦτο

2088 4668 2176 4707 res
2207 4665 2398 4705 omnes
2425 4657 2646 4705 sanctos
2673 4646 3053 4712 descenderat,
3084 4644 3279 4714 reliqui
3304 4658 3495 4697 omnes
3524 4656 3666 4695 non-

392 4728 452 4782 τὺ
478 4728 659 4801 σῶμα,
683 4731 855 4787 ταῦτα
896 4734 973 4798 ὡς
1021 4735 1187 4789 αὑτοῦ
1233 4737 1532 4809 πάσχοντος
1591 4741 1817 4813 εἴρηται.
1868 4746 1973 4800 Καὶ

2085 4742 2214 4797 dum
2246 4748 2368 4811 post
2400 4748 2627 4793 mortem
2657 4743 3043 4803 surrexerunt;
3076 4735 3227 4791 solus
3275 4734 3364 4787 ille
3406 4746 3533 4787 vero
3573 4731 3667 4800 qui

391 4820 501 4875 τῶν
538 4821 713 4878 ἄλλων
743 4824 799 4878 δὲ
837 4826 1055 4880 πάντων
1091 4828 1396 4899 λεγομένων
1428 4831 1605 4900 μόνον,
1632 4834 1715 4887 ὄτι
1755 4835 1973 4908 ἐτέχθη-

2083 4848 2115 4889 ε
2142 4830 2308 4887 Maria
2341 4830 2556 4902 genitus
2587 4836 2690 4893 est,
2725 4827 2883 4882 tertia
2916 4826 3004 4881 die
3048 4823 3325 4881 surrexit?
3360 4822 3493 4885 Cur,
3541 4836 3665 4875 cum

395 4929 514 4978 σαν,
556 4914 650 4969 καὶ
688 4917 1075 4990 ἐγεννήθησαν,
1109 4919 1203 4973 ἐπὶ
1231 4919 1325 4974 τοῦ
1372 4922 1436 4974 ἐκ
1469 4924 1684 4995 Μαρίας
1713 4925 1873 4996 μόνου
1901 4927 1973 4980 εἴ-

2084 4924 2272 4980 eadem
2307 4937 2413 4992 qua
2456 4921 2509 4975 in
2544 4931 2771 4975 caeteros
2824 4921 3037 4975 ratione
3093 4917 3336 4973 divinmn
3367 4914 3498 4969 illud
3530 4912 3669 4968 Ver-

398 5021 558 5077 ρηται
576 5023 591 5038 ⁸
622 5008 733 5061 Καὶ
772 5011 807 5063 ὁ
832 5010 1025 5079 Λόγος
1051 5010 1210 5080 σὰρξ
1241 5010 1498 5082 ἐγένετο,

2086 5017 2214 5072 bum
2238 5016 2520 5085 delapsum
2547 5014 2638 5076 sit,
2675 5028 2817 5068 unus
2847 5012 2936 5066 ille
2959 5026 3025 5066 ex
3056 5009 3225 5064 Maria
3258 5015 3419 5063 natus
3449 5006 3669 5061 Emma-

397 5101 524 5155 nuel
561 5102 885 5172 appellatur,
920 5106 1078 5175 quasi
1113 5121 1316 5176 corpus
1360 5109 1539 5178 ipsum
1604 5111 1889 5171 divinitate
1935 5119 2223 5188 repletum,
2276 5125 2331 5169 et
2365 5115 2432 5169 ab
2460 5128 2525 5169 ea
2563 5120 2751 5167 natum
2786 5108 3093 5166 exstiterit?
3147 5106 3284 5162 Nam
3345 5104 3664 5159 Emmanuel

397 5189 541 5245 idem
586 5190 859 5261 signiﬁcat
918 5208 983 5248 ac
1010 5193 1303 5251 Nobiscum
1353 5198 1514 5254 Deus.
1551 5199 1682 5266 Cur,
1719 5204 1766 5258 si
1802 5205 1867 5260 ad
1907 5221 2028 5261 eum
2070 5206 2290 5261 modum
2317 5205 2641 5267 accesserit,
2671 5218 2795 5256 cum
2839 5209 3066 5257 sanctus
3099 5198 3328 5271 quilibet
3370 5194 3668 5250 manduca-

398 5291 480 5337 ret
524 5298 590 5340 ac
649 5283 903 5354 biberet,
970 5301 1182 5343 necnon
1246 5289 1565 5361 fatigaretur
1625 5308 1691 5349 ac
1734 5307 2057 5363 moreretur,
2103 5300 2157 5353 in
2208 5299 2359 5354 nullo
2418 5306 2598 5352 tamen
2650 5295 2882 5350 Verbum
2954 5295 3135 5364 ipsum
3191 5289 3515 5354 comedisse,
3584 5290 3666 5344 la-

403 5378 646 5443 borasse,
681 5387 909 5434 mortem
944 5379 1179 5450 denique
1227 5380 1466 5437 subiisse
1507 5383 1728 5451 dicitur,
1767 5388 1871 5441 nisi
1921 5388 1975 5442 in
2014 5405 2079 5443 eo
2109 5389 2246 5452 solo,
2271 5404 2433 5459 quem
2466 5387 2634 5440 Maria
2666 5384 2831 5456 Virgo
2862 5384 3112 5455 peperit?
3159 5382 3292 5449 Quae
3334 5384 3478 5436 enim
3545 5397 3667 5436 cor-

401 5488 504 5545 pus
535 5475 715 5546 ipsnm
768 5491 1088 5548 perpessum
1134 5485 1240 5545 est,
1282 5478 1397 5534 haec
1445 5479 1523 5534 illi
1576 5483 1802 5552 perinde
1843 5500 1908 5540 ac
1954 5487 1999 5541 si
2063 5502 2285 5557 passum
2331 5494 2477 5541 esset
2515 5485 2852 5539 tnibuuntur.
2909 5481 3105 5543 Porro,
3143 5494 3269 5534 cum
3325 5480 3391 5533 de
3451 5479 3670 5533 caeteris

406 5588 585 5734 unun;
614 5571 744 5627 illud
779 5572 981 5695 jactari
1012 5575 1206 5643 soleat,
1248 5576 1544 5646 productos
1577 5578 1700 5633 illos
1741 5595 1804 5634 ac
1838 5582 2052 5653 genitos
2082 5582 2277 5647 fuisse,
2309 5582 2376 5637 de
2428 5581 2547 5637 solo
2602 5578 2785 5635 Maria:
2828 5579 2940 5633 ﬁlio
2986 5560 3190 5632 dicitur
3239 5594 3252 5630 :
3329 5574 3399 5627 Et
3443 5573 3668 5628 Verbum

406 5680 530 5718 raro
581 5672 759 5717 actum
786 5671 865 5717 est
929 5702 943 5717 .

404 5680 530 5718 raro
557 5671 759 5718 factum
786 5671 865 5717 est
902 5671 943 5717 ⁸.

478 5798 495 5830 ¹
522 5815 611 5922 ἔρ.
639 5797 905 5852 ἐσκότισε.
982 5798 1003 5829 ⁸
1040 5797 1249 5854 Absunt
1270 5798 1382 5853 haec
1403 5800 1471 5855 ab
1496 5800 1732 5856 editione
1756 5800 1973 5855 Athana

483 5909 497 5922 .
560 5868 613 5922 8.
688 5867 710 5900 ⁸
739 5866 871 5922 Luc.
904 5870 1168 5922 unus.
1243 5870 1262 5899 ⁷
1295 5869 1453 5922 Hebr.
1497 5872 1673 5922 H.226.
1751 5870 1957 5922 ηοηη.

2074 5802 2157 5922 Μ’
2191 5801 2292 5859 lsa.
2325 5804 2377 5867 τ,
2411 5801 2506 5868 li;
2549 5800 2737 5856 Matth.
2774 5801 2927 5867 1,25.
3006 5800 3024 5832 ‘
3054 5801 3306 5866 Ruuux,
3333 5800 3384 5856 5.
3461 5801 3482 5833 ⁸
3508 5798 3665 5859 Joan.

410 5883 497 5937 sx,
523 5866 613 5924 28.
688 5867 710 5900 ⁸
739 5866 871 5923 Luc.
904 5870 1168 5933 “111,45.
1243 5870 1262 5899 ⁷
1295 5869 1453 5926 licbr.
1497 5872 1673 5933 H.226.
1751 5871 1774 5902 ⁸
1800 5870 1957 5928 Joan.
1989 5890 2023 5937 ι,
2062 5873 2145 5928 id.
