4134 6392
483 309 584 362 J59

1896 304 1954 362 S.
1995 303 2338 360 EPIPHANII

3641 302 3750 360 660

551 422 760 494 1007
803 419 938 478 XIII.
1001 422 1078 478 Ex
1129 423 1329 494 quibus
1394 423 1674 480 evidenter
1733 425 2060 490 ostenditur,

2237 425 2337 478 II".
2367 423 2459 489 Ἐξ
2503 415 2582 477 ὧν
2625 421 2918 488 δείκνυται,
2943 423 3026 477 ὃτι
3071 420 3208 494 πρὸς
3253 419 3354 492 μὲν
3393 419 3520 484 τοὺς
3559 418 3752 483 ἄλλους

477 529 601 569 cum
637 517 689 569 in
721 517 962 586 reliquos
996 501 1334 572 vaticinandi
1382 518 1555 572 solum
1595 518 1768 588 gratia
1809 533 1930 572 sese
1975 515 2066 572 Del

483 607 714 663 Verbum
751 609 1029 672 infuderit,
1064 609 1204 665 idem
1247 609 1425 681 ipsum
1456 625 1486 666 ο
1529 609 1700 664 Maria
1743 625 1908 664 carne
1947 625 2068 664 sus-

480 707 633 770 cepta
665 701 936 756 hominem
963 702 1247 772 prodiisse.
1288 704 1392 770 Qui
1421 715 1476 758 et
1505 712 1702 758 natura
1728 703 2067 759 substantia-

480 809 584 864 que
617 791 708 848 Dei
742 792 975 848 Verbum
1004 803 1141 862 erat,
1171 802 1247 859 et,
1275 794 1418 866 quod
1448 796 1513 848 ad
1549 811 1768 851 carnem
1799 795 2011 858 attinet,
2039 810 2070 849 e

485 883 702 940 Davidis
756 887 946 958 stirpe,
997 886 1291 958 Mal-imque
1341 901 1506 941 carne
1549 896 1709 941 natus
1757 897 1841 942 est
1881 886 2066 950 homo,

481 977 937 1046 quemadmodum
985 978 1226 1034 declarat
1255 978 1548 1050 Apostolus
1575 979 1612 1031 ι.
1661 977 1817 1034 Iquc
1851 979 1904 1034 in
1949 976 2071 1033 Jor-

481 1069 656 1123 dane'
686 1077 848 1140 atque
878 1071 934 1125 in
973 1071 1186 1126 monte'
1229 1069 1390 1125 Pater
1418 1070 1814 1126 demonstravit
1839 1071 1922 1126 his
1945 1087 2070 1127 ver-

485 1159 570 1215 bis
606 1179 620 1215 :
657 1161 760 1216 Hic
791 1173 870 1216 est
903 1161 1080 1217 Filius
1115 1180 1260 1218 meus
1289 1163 1530 1229 dilectus,
1564 1164 1620 1218 in
1647 1179 1748 1235 quo
1773 1163 1902 1218 mihi
1929 1180 2070 1218 com-

482 1251 683 1320 ptacui.
713 1253 870 1310 Hune
905 1247 1090 1309 A'riani
1128 1263 1348 1326 negant,
1381 1270 1484 1310 nos
1513 1255 1804 1310 adorantes
1826 1255 2070 1326 agnosci-

485 1360 629 1409 mus,
667 1361 845 1416 neque
879 1331 1072 1402 Fliium
1105 1363 1135 1402 a
1173 1345 1354 1402 Verbo
1394 1362 1746 1419 separamus;
1793 1349 1886 1404 sed
1935 1346 2069 1403 Ver—

486 1437 614 1492 bum
649 1437 826 1510 ipsum
851 1437 1046 1494 Filium
1074 1456 1196 1496 esse
1224 1441 1566 1506 conﬁtemur,
1586 1453 1854 1511 perquem
1885 1441 2070 1494 omnia

487 1527 630 1584 facta
678 1537 828 1594 sunt,
879 1547 1089 1600 nosque
1133 1530 1268 1586 adeo
1322 1531 1427 1602 ipsi
1461 1531 1692 1586 liberati.
1745 1530 1898 1585 Unde
1937 1531 2069 1584 illud

487 1634 815 1692 magnopere
848 1621 1099 1677 demirati
1138 1637 1350 1686 sumus,
1381 1622 1656 1694 quomodo
1683 1625 1764 1678 vel
1791 1622 2070 1678 levissima

489 1711 631 1766 inter
654 1725 753 1766 nos
781 1726 844 1766 ea
867 1711 935 1766 de
973 1728 1030 1767 re
1056 1715 1429 1768 controversia
1457 1713 1660 1768 moveri
1690 1714 1946 1784 potuerit.
1973 1711 2070 1768 Ve-

2173 517 2378 580 πάντας
2405 516 2626 585 γέγονεν
2661 518 2688 566 ὁ
2723 517 2894 586 Λόγος
2928 517 3021 570 τοῦ
3067 511 3428 586 προφητεύειν
3467 512 3646 583 χάριν,
3686 515 3752 564 ἐκ

2171 607 2388 679 Μαρίας
2416 607 2578 672 αὐτὸς
2615 609 2644 661 ὁ
2669 607 2840 676 Λόγος
2872 607 3050 678 σάρκα
3095 604 3274 675 ἐαυτῷ
3312 602 3509 662 λαϐὼν,
3551 601 3754 672 προῆλ-

2171 705 2262 758 θεν
2287 705 2591 776 ἄνθρωπος,
2621 707 2687 776 τῇ
2719 705 2818 776 μὲν
2847 703 3008 773 φύσει
3035 704 3128 756 καὶ
3163 704 3230 772 τῇ
3271 701 3429 771 οὐσίᾳ
3465 701 3636 766 Λόγος
3679 697 3753 752 ὢν

2169 795 2262 851 τοῦ
2317 796 2470 864 Θεοῦ,
2501 797 2641 850 κατὰ
2679 797 2736 850 δὲ
2779 796 2957 868 σάρκα
3003 795 3066 848 ἐκ
3101 793 3412 867 σπέρματος
3442 791 3626 851 Δαϐὶδ.
3659 791 3756 846 καὶ

2169 889 2268 959 τῆς
2288 889 2488 959 σαρκὸς
2519 887 2738 960 Μαρίας
2765 888 3058 957 γενόμενος
3089 885 3394 956 ἄνθρωπος,
3423 883 3498 948 ὡς
3534 880 3684 936 εἶπεν
3727 885 3756 936 ό

2171 979 2400 1044 Παῦλος.
2434 980 2636 1035 Τοῦτον
2665 981 2761 1035 καὶ
2807 983 2836 1034 ό
2869 981 3058 1051 Πατὴρ
3091 978 3364 1032 ἐδείκνυεν
3407 977 3468 1030 ὲν
3513 975 3591 1046 τῷ
3619 977 3754 1046 ἰορ-

2170 1073 2304 1148 δάνῃ
2357 1074 2451 1128 καὶ
2481 1075 2538 1126 ὲν
2578 1073 2657 1144 τῷ
2697 1073 2837 1145 ὄρει,
2889 1071 3095 1141 λέγων·
3141 1065 3330 1136 Οὗτός
3357 1069 3529 1123 ἐστιν
3562 1071 3596 1123 ὁ
3625 1071 3757 1134 Υίός

2164 1183 2284 1235 μου
2317 1167 2351 1218 ὀ
2390 1165 2716 1234 ἀγαπητὸςκ
2755 1164 2826 1217 ἐν
2869 1157 2917 1230 ᾦ
2956 1161 3291 1231 ηὐδόκησα.
3343 1160 3547 1214 Τοῦτον
3575 1161 3624 1213 οἱ
3655 1161 3756 1230 μὲν

2184 1255 2450 1326 Ἀρειανοὶ
2478 1255 2808 1326 ἠρνήσαντο,
2839 1255 2999 1325 ἡμεῖς
3027 1253 3084 1307 δὲ
3123 1251 3558 1323 ὲπιγινώσκομεν
3588 1271 3759 1323 προσ⁴

2171 1345 2478 1411 κυνοῦντες”
2497 1349 2557 1401 οὑ
2577 1346 2909 1418 διαιροῦντες
2931 1347 3020 1400 τὸν
3045 1345 3166 1400 Υίὸν
3189 1348 3284 1400 καὶ
3309 1346 3400 1398 τὸν
3427 1347 3618 1414 Λόγον,
3642 1343 3755 1398 ἀλλ’

2171 1441 2332 1496 αὐτὸν
2353 1441 2444 1494 τὸν
2467 1441 2638 1510 Λόγον
2659 1440 2858 1504 εἰδότες
2881 1435 3020 1494 εἶναι
3047 1439 3139 1492 τὸν
3159 1439 3306 1504 Υίδν,
3323 1439 3388 1492 δι’
3405 1433 3466 1493 οὗ
3487 1437 3554 1490 τὰ
3579 1439 3759 1492 πάντα

2171 1533 2360 1602 γέγονε
2411 1535 2507 1588 καὶ
2537 1536 2697 1605 ἡμεῖς
2720 1531 3191 1606 ἠλευθερώθημεν.
3220 1535 3311 1586 Διὸ
3338 1531 3429 1586 καὶ
3445 1531 3762 1602 ἐθαυμάσα-

2175 1643 2296 1698 μεν,
2337 1625 2454 1690 πῶς
2489 1625 2625 1689 ὅλως
2673 1627 2731 1679 ὲν
2787 1627 2919 1696 ἡμῖν
2945 1626 3076 1696 ’περὶ⁹
3127 1623 3333 1678 τούτων
3369 1623 3540 1688 οὕτως
3568 1623 3761 1692 γέγονε

2174 1719 2490 1786 φιλονεικία.
2539 1717 2696 1771 Ἀλλὰ
2739 1717 2900 1788 χάρις
2939 1717 3016 1788 τῷ
3061 1716 3202 1788 Θεῷ,
3249 1718 3372 1770 ὅσον
3413 1716 3762 1787 ὲλυπήθημεν

489 1819 610 1859 rum
655 1803 918 1860 habendae
963 1803 1072 1860 Deo
1103 1807 1291 1876 gratia:
1322 1813 1470 1873 sunt,
1511 1805 1678 1876 quod,
1711 1813 1974 1876 quantum
2003 1821 2070 1861 ex

2186 1809 2592 1881 ἐντυγχάνοντες
2617 1813 2731 1873 τοῖς
2773 1811 3148 1881 ὑπομνήμασι,
3191 1807 3442 1862 τοσοῦτον
3483 1807 3760 1878 ἐχάρημεν

492 1897 709 1952 illorum
729 1899 1246 1954 commentariorum
1271 1899 1505 1955 lectione
1529 1899 1782 1954 maeroris
1800 1898 2068 1968 cepimus.

491 1997 703 2046 tantum
748 1991 910 2046 nobis
946 1993 1260 2048 earumdem
1305 1991 1428 2048 ﬁnis
1475 1991 1770 2062 voluptatis
1810 1991 2072 2048 attulerit.

493 2082 772 2152 Siquidem
809 2091 996 2138 mutua
1021 2099 1145 2138 cum
1183 2084 1476 2140 concordia
1507 2083 1900 2148 discesserunt,
1925 2099 2074 2138 eam-

491 2173 723 2246 demque
757 2175 880 2232 ﬁdei
911 2177 1284 2233 sinceritatem
1325 2192 1390 2232 ac
1421 2177 1674 2248 pietatem
1715 2176 1945 2246 professi
1979 2191 2075 2246 pa-

493 2281 614 2322 cem
639 2268 1001 2324 retinuerunt.
1029 2268 1162 2336 Quae
1188 2285 1276 2324 me
1306 2285 1394 2324 res
1423 2268 1766 2339 potissimum
1795 2275 1919 2337 post
1947 2267 2073 2322 diu-

495 2371 710 2413 turnam
743 2359 1192 2416 deliberationem
1225 2361 1459 2431 impulit,
1496 2371 1550 2414 ut
1603 2359 1716 2414 haec
1750 2375 1925 2429 pauca
1954 2375 2075 2430 per-

495 2451 826 2518 scriberem;
871 2453 1097 2509 verebar
1139 2454 1306 2520 enim,
1349 2467 1418 2508 ne
1461 2453 1554 2522 qui
1605 2452 1763 2508 nobis
1807 2451 2076 2522 gaudendi

495 2544 782 2598 materiam
828 2545 1194 2601 consensione
1235 2560 1333 2601 sua
1385 2545 1768 2616 praebuissent,
1811 2545 1878 2600 iis
1909 2545 2077 2600 silen-

497 2635 632 2689 tium
687 2645 936 2692 nostrum
995 2653 1095 2708 pro
1147 2637 1332 2692 laetitia
1387 2636 1631 2692 dolorem
1682 2637 2074 2692 conscisceret.

497 2725 862 2790 Quamobrem
908 2741 1033 2782 cum
1078 2741 1107 2780 a
1149 2734 1203 2782 te
1239 2727 1404 2781 etiam
1444 2737 1605 2797 atque
1639 2728 1803 2782 etiam
1835 2727 2072 2796 postulo,

498 2827 614 2872 tum
651 2833 746 2872 eos
773 2819 864 2888 qui
908 2820 1022 2874 haec
1049 2817 1271 2874 audient
1309 2826 1529 2889 rogatos
1563 2819 1854 2874 admodum
1889 2821 2072 2891 cupio,

499 2917 558 2964 ut
578 2925 642 2964 ea
671 2911 884 2966 sincera
909 2925 1031 2964 cum
1056 2911 1392 2966 conscientia
1421 2911 1743 2981 percipiant.
1769 2911 1846 2966 Ac
1868 2913 1914 2967 si
1943 2913 2076 2984 quid

499 3001 566 3056 ad
591 3002 844 3071 pietatem
877 3001 1051 3067 deest,
1082 3001 1374 3058 emendare
1411 3017 1475 3057 ac
1501 3003 1812 3073 signiﬁcare
1846 3006 1978 3060 mihi
2007 3023 2075 3063 ne

2176 1903 2270 1955 ἐπὶ
2296 1903 2374 1974 τῷ
2409 1901 2552 1955 τέλει
2584 1901 2810 1957 τούτων.
2860 1903 3016 1956 Μετὰ
3043 1902 3152 1972 γὰρ
3190 1900 3508 1972 συμφωνίας
3554 1897 3762 1969 ἀνεχώ-

2182 2011 2373 2068 ρησαν,
2411 1995 2505 2048 καὶ
2533 1997 2852 2067 εἰρήνευσαν
2885 1996 2978 2048 ἐπὶ
2998 1997 3065 2066 τῇ
3091 1993 3352 2066 ὁμολογίᾳ
3373 1993 3473 2064 τῆς
3506 1992 3763 2056 εὐσεϐοῦς

2179 2089 2274 2142 καὶ
2299 2087 2576 2160 ὸρθοδόξου
2610 2089 2863 2151 πίστεως.
2895 2086 3066 2142 Τοῦτο
3090 2086 3220 2156 γοῦν
3259 2087 3405 2158 κάμὲ
3437 2085 3606 2140 πολλὰ
3631 2085 3768 2156 πρό-

2179 2197 2334 2252 τερον
2362 2181 2700 2252 σκεψάμενον
2751 2181 3019 2252 πεποίηκε
3042 2180 3250 2252 γράψαι
3283 2179 3350 2234 τὰ
3387 2179 3540 2248 ὀλίγα
3567 2179 3765 2245 ταῦτα,

2177 2272 2553 2344 λογισάμενον,
2591 2273 2667 2346 μὴ
2695 2274 2802 2345 ἄρα
2833 2275 2895 2326 ἐκ
2915 2274 3016 2344 τῆς
3039 2273 3248 2343 σιωπῆς
3272 2273 3395 2326 ἀντὶ
3419 2271 3592 2341 χαρᾶς
3619 2269 3765 2341 λύπη

2179 2364 2402 2436 γένηται
2443 2367 2554 2428 τοῖς
2593 2367 2658 2419 ἐκ
2701 2365 2800 2436 τῆς
2853 2365 3171 2434 συμφωνίας
3201 2365 3474 2434 πρόφασιν
3513 2359 3606 2415 τοῦ
3643 2361 3768 2432 χαί-

2181 2473 2294 2528 ρειν
2324 2456 2697 2526 παρασχοῦσιν
2727 2457 2878 2528 ἡμῖν.
2917 2455 3080 2522 Ἀξιῶ
3113 2456 3293 2508 τοίνυν
3341 2453 3772 2526 προηγουμένως

2178 2547 2278 2620 τὴν
2304 2548 2404 2621 σὴν
2421 2547 2728 2612 εὐλάϐειαν,
2744 2549 2838 2603 καὶ
2863 2548 3113 2620 δεύτερον
3134 2549 3259 2612 τοὺς
3285 2546 3582 2609 ἀκούοντας
3631 2543 3772 2614 μετὰ

2186 2641 2542 2712 συνειδήσεως
2591 2641 2802 2712 ἀγαθῆς
2855 2641 3030 2696 ταῦτα
3079 2639 3372 2705 δέξασθαι,
3429 2640 3535 2692 καὶ.
3567 2639 3617 2690 εί
3673 2637 3774 2707 μὲν

2184 2735 2319 2806 πρὸς
2349 2735 2629 2789 εὐσέϐειαν
2669 2735 2842 2788 λείπει
2883 2735 3060 2800 τοῦτο,
3103 2729 3498 2804 διορθώσασθαι
3553 2731 3649 2784 καὶ
3673 2729 3774 2800 δη-

2183 2825 2353 2880 λῶσαί
2402 2845 2520 2899 μοι·
2567 2829 2615 2880 εί
2659 2828 2717 2882 δὲ
2753 2828 2842 2893 ,ὡς
2870 2828 3023 2900 παρὰ
3071 2827 3281 2880 ἰδιώτου
3327 2823 3590 2895 τῷλόγῳ,
3637 2821 3776 2893 μηδὲ

2183 2919 2303 2974 κατ’
2329 2920 2506 2988 ἀξίαν,
2529 2921 2664 2992 μηδὲ
2688 2921 2910 2986 τελείως
2943 2921 3272 2992 γέγραπται,
3305 2917 3609 2987 συγγνῶναι
3639 2918 3778 2972 πάνια

2182 3029 2280 3077 τας
2315 3015 2382 3084 τῇ
2421 3015 2668 3086 ἡμετέρᾳ
2712 3015 2840 3086 περὶ
2871 3015 2933 3068 τὸ
2955 3014 3136 3083 λέγειν
3165 3011 3438 3081 ἀσθενείᾳ.
3471 3009 3774 3081 Ἔρρωσθε.

499 3101 794 3164 graventur
823 3113 835 3148 :
865 3096 1012 3165 quod
1046 3096 1093 3150 si
1151 3095 1334 3152 minus
1401 3111 1500 3168 pro
1543 3096 1621 3150 rei
1668 3097 1933 3168 dignitate
1984 3102 2247 3172 perfecta,
2285 3115 2475 3178 utpote
2505 3108 2658 3164 rudis
2697 3117 2862 3178 atque
2911 3107 3154 3178 imperiti
3213 3093 3780 3178 bominisfvideatur

499 3186 715 3251 oratio,
771 3185 1010 3258 idipsum
1067 3185 1314 3241 infantiae
1368 3187 1840 3260 imbecillitatique
1893 3201 2098 3248 nostra:
2123 3196 2544 3252 condonandum
2574 3198 2910 3254 existiment.
2945 3197 3154 3262 Valete.

569 3276 850 3334 Hactenus
878 3279 1166 3336 Athanasii
1203 3279 1456 3349 epistola.

569 3369 711 3424 XIV.
747 3371 883 3426 Cum
917 3373 1082 3442 igitur
1119 3373 1234 3426 haec
1275 3387 1306 3426 a
1354 3373 1514 3428 nobis
1553 3371 1819 3444 producta
1857 3375 1930 3430 sit
1976 3376 2092 3447 epi-

503 3465 671 3530 stola,
707 3479 770 3518 ac
815 3480 922 3520 non
969 3464 1134 3520 modo
1180 3480 1246 3519 ex
1285 3465 1353 3520 iis
1398 3479 1518 3535 qua:
1561 3465 1647 3519 vel
1681 3466 1748 3520 ab
1777 3465 1886 3523 illis
1910 3469 1995 3522 vel
2025 3467 2091 3526 ab

505 3557 626 3612 aliis
656 3557 986 3622 audivimus,
1019 3567 1078 3610 ut
1095 3557 1356 3613 adversus
1383 3573 1478 3611 eos
1507 3557 1895 3624 scriberemus,
1931 3559 2092 3614 indu-

505 3651 576 3703 cti
607 3649 781 3704 simus
805 3689 818 3712 ,
852 3649 948 3704 sed
987 3656 1041 3702 et
1085 3649 1308 3703 aliunde
1331 3649 1550 3719 planum
1593 3647 1795 3704 factum
1835 3650 1926 3715 sit,
1957 3651 2091 3704 nihil

507 3757 609 3797 nos
643 3743 699 3796 in
729 3743 878 3812 ipsos
917 3741 1258 3798 calumniose
1301 3741 1602 3797 contulisse
1635 3760 1648 3796 :
1676 3741 1932 3813 deinceps
1970 3759 2095 3798 sus--

509 3843 722 3905 ceptam
770 3835 827 3890 in
865 3833 989 3890 illos
1028 3833 1455 3904 disputationem
1495 3841 1760 3904 repetam,
1793 3849 1863 3888 ne
1897 3835 1984 3889 vel
2013 3845 2094 3890 te-

509 3927 834 3984 nuissimam
867 3926 935 3982 de
975 3925 1136 3982 nobis
1182 3926 1473 3980 calumniae
1515 3933 1706 3980 contra
1753 3923 1950 3982 fratres
1996 3941 2095 3982 no-

509 4028 655 4076 stros
687 4020 1054 4089 suspicionem
1102 4017 1426 4088 relinquam.
1477 4017 1802 4090 Quanquam
1839 4021 2092 4090 equidem

511 4113 614 4166 hoc
652 4112 897 4182 ipsorum
943 4127 1110 4169 causa
1167 4114 1466 4169 etiamnum
1525 4130 1738 4186 precor,
1778 4115 1993 4188 1008
2035 4125 2094 4172 ut

507 4220 630 4278 quae
656 4205 918 4261 molestiae
947 4207 1196 4262 nonnihil
1245 4205 1406 4262 nobis
1454 4209 1754 4274 attulerint,
1802 4210 2096 4280 aliquando

509 4297 809 4368 corrigam,
853 4312 922 4352 ne
961 4307 1015 4353 et
1053 4297 1130 4352 illi
1191 4299 1368 4354 nostri
1413 4306 1470 4353 et
1507 4299 1724 4356 illorum
1772 4315 1874 4358 nos
1917 4303 2097 4372 jactu-

509 4403 628 4444 ra
667 4387 952 4446 Iaciamus.
1003 4389 1118 4446 I-Ioc
1161 4391 1308 4446 enim
1355 4406 1730 4462 saepenumero
1755 4408 1852 4464 per
1888 4393 2094 4464 legatos

2117 3291 2163 3351 c
2265 3287 2654 3360 Πεπλήρωται.

2263 3380 2360 3434 ῙΔ’.
2409 3383 2561 3436 Ἐπεὶ
2587 3377 2680 3434 οὖν
2713 3385 2809 3434 καὶ
2829 3383 2863 3452 ἡ
2893 3383 3150 3453 ἐπιστολὴ
3179 3381 3412 3452 ἑνετάγη
3431 3421 3446 3446 ,
3482 3382 3576 3436 καὶ
3603 3381 3662 3434 οὐ
3691 3383 3782 3452 μό·

2189 3487 2281 3536 νον
2339 3473 2398 3539 ἐξ
2446 3465 2520 3528 ὧν
2555 3475 2682 3544 παρ’
2715 3473 2895 3528 αὐτῶν
2928 3473 3262 3546 ἠκούσαμεν,
3293 3475 3327 3546 ἢ
3381 3477 3513 3547 παρ’
3555 3474 3778 3546 ἐτέρων,

2193 3565 2334 3618 κατὰ
2377 3565 2486 3620 τῶν
2523 3566 2830 3638 λεγομὲνων
2873 3568 3214 3639 ὡρμήσαμεν
3237 3567 3448 3638 γράψαι
3471 3607 3484 3634 ,
3517 3567 3650 3621 ἀλλὰ
3689 3567 3784 3620 καὶ

2193 3659 2327 3711 πᾶσι
2357 3659 2589 3728 φανερὸν
2615 3659 2874 3730 κατέστη,
2903 3661 2984 3714 ὅτι
3012 3661 3203 3714 οὐδένα
3231 3662 3781 3732 ὲσυκοφαντήσαμεν·

2194 3749 2322 3816 ἑξῆς
2361 3749 2420 3802 δὲ
2447 3749 2797 3823 ’ἐπιλήψομαι
2827 3752 2928 3823 τῆς
2967 3753 3086 3808 κατ’
3118 3753 3299 3807 αὐτῶν
3336 3753 3665 3816 ὑποθέσεως,
3695 3753 3784 3805 ἴνα

2193 3843 2260 3896 ἐκ
2285 3843 2617 3914 πανταχόθεν
2663 3845 2738 3916 μὴ
2761 3845 3166 3916 ὑποληφθῶμὲν
3207 3863 3348 3899 τισιν
3395 3845 3473 3909 ὡς
3519 3861 3785 3914 συκοφαν-

2195 3933 2412 3999 τοῦντες
2437 3937 2564 4000 τοὺς
2592 3936 2897 4007 ἡμετέρους
2931 3937 3214 4007 ἀδελφούς.
3250 3938 3443 3991 Καίτοι
3471 3955 3536 4006 γε
3559 3939 3785 4008 εὐχόμεο

2195 4045 2284 4092 νος
2313 4028 2496 4092 αὐτοῖς
2522 4029 2616 4081 καὶ
2647 4029 2725 4092 είς
2756 4027 2913 4100 δεῦρο
2941 4028 3230 4101 διορθῶσαι
3259 4033 3329 4084 τά
3355 4029 3617 4084 δοκοῦντα
3638 4031 3786 4101 ἡμᾶς

2195 4119 2406 4188 λυπεῖν,
2442 4123 2528 4176 ἵνα
2561 4121 2638 4193 μὴ
2686 4121 2840 4175 αὐτοὶ
2873 4123 3023 4192 ἡμᾶς
3067 4121 3409 4194 ζημιωθῶσι,
3461 4123 3596 4194 μηδὲ
3625 4124 3786 4194 ἡμεῖς

2196 4213 2416 4277 αὐτούς.
2471 4214 2740 4278 Πολλάκις
2785 4213 2894 4285 γὰρ
2943 4214 3100 4268 τοῦτο
3156 4214 3636 4285 ἐπρεσὸεύσαμεν,
3689 4213 3786 4266 καὶ

2197 4303 2674 4376 παρεκαλέσαμεν,
2716 4305 2812 4358 καὶ
2855 4304 2936 4358 ἔτι
2973 4305 3310 4376 ὲπιμένομεν
3342 4301 3786 4376 παρακαλοῦντες

2199 4391 2328 4466 ἆραι
2355 4395 2454 4467 τὴν
2487 4395 2836 4466 φιλονεικίαν,
2865 4397 2960 4450 καὶ
2997 4395 3360 4467 ἀκολουθῆσαι
3403 4397 3482 4468 τῷ
3513 4397 3618 4450 τῶν
3645 4395 3786 4449 ἀπο-

513 4479 581 4536 ah
609 4479 677 4536 iis
711 4481 1110 4551 postulavimus
1143 4481 1456 4554 hortatique
1485 4499 1696 4549 sumus,
1726 4492 1782 4538 et
1820 4483 1964 4540 idem
1991 4485 2081 4538 im-

2197 4487 2416 4554 στόλων,
2447 4489 2538 4542 καὶ
2567 4489 2988 4558 εὐαγγελιστῶν,
3023 4492 3118 4544 καὶ
3143 4489 3401 4561 Πατὲρων
3427 4491 3554 4560 θείῳ
3577 4487 3787 4559 θεσμῷ,

514 4583 728 4642 pett-are
765 4575 928 4629 modo
962 4574 1266 4641 studemus,
1297 4585 1373 4640 ut,
1401 4577 1549 4631 omni
1587 4577 1936 4633 contentione
1967 4577 2098 4633 sub-

513 4665 645 4733 lata,
677 4666 1072 4735 apostolorum,
1099 4669 1555 4739 evangelistarum
1605 4683 1668 4723 ac
1696 4665 1922 4724 Patrum
1953 4669 2097 4726 divi-

2204 4579 2300 4632 καὶ¹
2346 4580 2606 4654 ὁμολογίᾳ
2655 4583 2756 4653 τῆς
2807 4582 3043 4647 πίστεως
3105 4583 3205 4654 τῆς
3270 4582 3640 4653 ἀπεριέργου,
3697 4581 3788 4633 καὶ

2205 4669 2447 4742 ἑδραίας,
2473 4673 2568 4725 καὶ¹
2589 4675 3012 4745 ἁμετακινήτου,
3037 4674 3130 4727 καὶ
3149 4674 3494 4743 δικαιοτάτης
3521 4674 3578 4725 ὲν
3605 4675 3790 4728 πᾶσιν.

515 4763 603 4816 nis
657 4763 1034 4818 sanctionibus
1089 4763 1370 4830 insistant,
1419 4781 1484 4821 ac
1527 4766 1776 4831 sincerae,
1820 4765 2030 4832 solidae,
2096 4766 2438 4824 inconcussze
2485 4777 2536 4824 et
2615 4769 2974 4842 undecunque
3031 4771 3353 4843 justissima:
3395 4770 3520 4825 ﬁdei
3575 4767 3792 4839 profes-

517 4855 726 4909 sionem
762 4861 1110 4910 conservent.

587 4945 854 5000 Caeterum
898 4947 1120 5001 memini
1167 4947 1272 5004 hoc
1319 4963 1350 5002 a
1405 4948 1732 5020 quibusdam
1771 4965 1838 5006 ex
1883 4949 2103 5008 illorum

519 5053 678 5110 grege
709 5037 891 5093 minus
918 5053 1040 5094 esse
1065 5047 1348 5094 narratum
1379 5059 1392 5094 :
1427 5060 1446 5091 ι
1483 5040 1762 5096 Christum
1811 5040 2099 5097 Dominum

521 5147 630 5188 non
659 5131 800 5184 hanc
829 5138 1074 5186 nostram
1102 5131 1470 5202 assumpsisse
1493 5147 1738 5196 carnem,
1769 5132 1867 5188 sed
1897 5132 2101 5188 diversi

519 5224 734 5296 generis
772 5223 955 5277 aliam.
993 5241 1013 5274 ι
1040 5222 1196 5288 Quod
1251 5225 1462 5278 utinam
1510 5239 1577 5280 ex
1603 5223 1797 5279 all'ectu
1846 5224 2103 5278 laudandi

523 5313 937 5383 ltouorandique
961 5313 1254 5382 jactarent.
1285 5312 1419 5367 Nam
1458 5321 1512 5370 et
1553 5329 1654 5370 nos
1685 5321 1938 5370 sanctum
1965 5311 2100 5368 illud

520 5423 643 5464 esse
686 5421 889 5476 corpus
942 5405 1322 5475 illibatumque
1375 5403 1648 5471 dicimus,
1708 5406 1910 5476 quippe
1954 5403 2102 5474 quod

521 5499 731 5556 nullum
777 5511 1022 5570 unquam
1070 5506 1356 5569 peccatum
1387 5497 1695 5563 commisit,
1745 5512 1846 5552 nec
1892 5497 1944 5552 in
1984 5495 2104 5567 ejus

1621 5742 1638 5774 ³
1663 5739 1857 5799 Matth.
1896 5761 2004 5800 XVI.
2033 5743 2066 5793 Ξί

599 5747 618 5782 ⁸
655 5745 811 5804 Rom.
848 5763 887 5813 ι,
917 5747 970 5802 5.
1047 5747 1065 5780 ³
1094 5743 1286 5802 Matth.
1323 5761 1406 5812 ιιι,
1440 5745 1525 5800 I7.

2282 4945 2466 4999 Ἀλλοι
2493 4945 2550 4998 δὲ
2579 4946 2657 5008 εἰς
2687 4946 2718 5014 ἡ
2730 4945 2846 5015 μῶν
2892 4939 3008 5000 ὦτα
3044 4947 3352 5017 εἰρήκασιν,
3387 4946 3469 5000 ὅτι
3501 4965 3520 4998 ι
3557 4948 3632 5001 Οὐ
3661 4949 3794 5002 ταύ-

2209 5054 2308 5107 την
2338 5036 2435 5107 τὴν
2475 5036 2748 5106 ἡμετέραν
2795 5036 2992 5106 σάρκα,
3039 5034 3160 5088 οὐδὲ
3199 5034 3390 5102 ὁμοίαν
3429 5034 3588 5105 ἡμῶν
3626 5035 3798 5088 ἐλθὼν

2210 5127 2399 5182 ἔλαϐεν
2427 5129 2455 5181 ό
2484 5127 2708 5198 Κύριος,
2731 5127 2864 5182 am
2893 5125 3060 5196 ἄλλην
3093 5125 3246 5197 παρὰ
3280 5127 3382 5197 τὴν
3405 5127 3437 5197 ἡ
3449 5125 3584 5196 μῶν.
3629 5146 3646 5178 ι
3685 5128 3798 5180 Καὶ

2211 5221 2321 5274 εἴθε
2351 5219 2492 5274 κατὰ
2521 5219 2830 5288 δοξολογίαν
2871 5218 3056 5287 ἔλεγον
3095 5219 3189 5271 καὶ
3231 5219 3372 5272 κατὰ
3407 5218 3649 5274 ἔπαινον.
3685 5220 3799 5272 Καὶ

2211 5313 2366 5368 αὐτοὶ
2386 5312 2494 5384 γάρ
2529 5329 2708 5384 φαμεν
2738 5312 2892 5382 ἅγιον
2915 5307 3054 5364 εἶναι
3086 5311 3147 5364 τὸ
3179 5311 3338 5381 σῶμα
3371 5313 3464 5364 καὶ
3497 5312 3761 5383 ἄχραντον
3781 5329 3795 5343 ο

2211 5403 2486 5476 ἁμαρτίαν
2526 5403 2633 5475 γάρ
2681 5403 2782 5456 οὐκ
2829 5401 3085 5473 ἐποίησεν
3108 5418 3120 5432 ⁸
3171 5399 3292 5453 οὐδὲ
3327 5399 3526 5472 εὑρέθη
3561 5399 3708 5463 δόλος
3742 5401 3802 5452 ὲν

2217 5497 2442 5569 στόματι
2474 5493 2656 5552 αὑτοῦ.
2688 5495 2798 5552 Καὶ
2839 5495 3000 5549 παντί
3051 5510 3130 5564 τῳ
3178 5491 3338 5564 δῆλόν
3387 5493 3504 5546 ἐστι
3537 5490 3697 5545 τοῦτο
3723 5489 3804 5562 τῷ
