  <div class='ocr_page' id='page_1' title='image "/cluster/home/n/w/nwhite01/storage/ocr_20150623/42/nnc1.0046978682/358.png"; bbox 0 0 4134 6392; ppageno 0'>
   <div class='ocr_carea' id='block_1_1' title="bbox 319 322 3667 438">
    <p class='ocr_par' dir='ltr' id='par_1_1' title="bbox 319 322 3667 438">
     <span class='ocr_line' id='line_1_1' title="bbox 319 322 3667 438; baseline 0.006 -21"><span class='ocrx_word' id='word_1_1' title='bbox 319 338 343 417; x_wconf 21' lang='grc' dir='ltr'><strong>,Ι</strong></span> <span class='ocrx_word' id='word_1_2' title='bbox 399 359 498 415; x_wconf 74' lang='grc'><strong>661</strong></span> <span class='ocrx_word' id='word_1_3' title='bbox 918 322 921 327; x_wconf 28' lang='grc' dir='ltr'><strong>Ι</strong></span> <span class='ocrx_word' id='word_1_4' title='bbox 1007 361 1377 421; x_wconf 74' lang='lat' dir='ltr'><strong>ADVERSUS</strong></span> <span class='ocrx_word' id='word_1_5' title='bbox 1413 364 1760 425; x_wconf 68' lang='lat' dir='ltr'><strong>HIERESES</strong></span> <span class='ocrx_word' id='word_1_6' title='bbox 1802 367 1932 424; x_wconf 84' lang='lat' dir='ltr'><strong>LIB.</strong></span> <span class='ocrx_word' id='word_1_7' title='bbox 1973 367 2060 426; x_wconf 85' lang='lat' dir='ltr'><strong>III.</strong></span> <span class='ocrx_word' id='word_1_8' title='bbox 2103 368 2269 427; x_wconf 81' lang='lat' dir='ltr'><strong>TOM.</strong></span> <span class='ocrx_word' id='word_1_9' title='bbox 2307 370 2372 427; x_wconf 82' lang='lat' dir='ltr'><strong>II.</strong></span> <span class='ocrx_word' id='word_1_10' title='bbox 2399 402 2468 413; x_wconf 92' lang='lat'><strong>——</strong></span> <span class='ocrx_word' id='word_1_11' title='bbox 2496 368 2768 429; x_wconf 68' lang='lat' dir='ltr'><strong>HERES.</strong></span> <span class='ocrx_word' id='word_1_12' title='bbox 2809 372 3068 430; x_wconf 76' lang='lat' dir='ltr'><strong>LXXVII.</strong></span> <span class='ocrx_word' id='word_1_13' title='bbox 3563 367 3667 438; x_wconf 68' lang='grc' dir='ltr'>σεξ</span> 
     </span>
    </p>
   </div>
   <div class='ocr_carea' id='block_1_2' title="bbox 390 481 1980 567">
    <p class='ocr_par' dir='ltr' id='par_1_2' title="bbox 390 481 1971 563">
     <span class='ocr_line' id='line_1_2' title="bbox 390 481 1971 563; baseline 0.007 -28"><span class='ocrx_word' id='word_1_14' title='bbox 390 481 631 545; x_wconf 79' lang='grc' dir='ltr'>εὐσεϐῶς</span> <span class='ocrx_word' id='word_1_15' title='bbox 661 485 786 555; x_wconf 78' lang='grc' dir='ltr'>περὶ</span> <span class='ocrx_word' id='word_1_16' title='bbox 818 483 1052 555; x_wconf 78' lang='grc' dir='ltr'>Χριστοῦ</span> <span class='ocrx_word' id='word_1_17' title='bbox 1086 484 1295 555; x_wconf 81' lang='grc' dir='ltr'>λέγοντι</span> <span class='ocrx_word' id='word_1_18' title='bbox 1339 488 1433 541; x_wconf 76' lang='grc' dir='ltr'><strong>καὶ</strong></span> <span class='ocrx_word' id='word_1_19' title='bbox 1472 487 1698 545; x_wconf 88' lang='grc' dir='ltr'>νοοῦντι.</span> <span class='ocrx_word' id='word_1_20' title='bbox 1726 492 1743 521; x_wconf 86' lang='grc'>¹</span> <span class='ocrx_word' id='word_1_21' title='bbox 1782 490 1971 563; x_wconf 80' lang='grc' dir='ltr'><strong>Ἡμεῖς</strong></span> 
     </span>
    </p>
   </div>
   <div class='ocr_carea' id='block_1_3' title="bbox 2082 481 3664 567">
    <p class='ocr_par' dir='ltr' id='par_1_3' title="bbox 2082 492 3664 567">
     <span class='ocr_line' id='line_1_3' title="bbox 2082 492 3664 567; baseline 0.004 -19"><span class='ocrx_word' id='word_1_22' title='bbox 2082 508 2171 548; x_wconf 85' lang='lat' dir='ltr'><strong>ore</strong></span> <span class='ocrx_word' id='word_1_23' title='bbox 2197 492 2357 549; x_wconf 86' lang='lat' dir='ltr'><strong>dolus</strong></span> <span class='ocrx_word' id='word_1_24' title='bbox 2388 493 2644 549; x_wconf 85' lang='lat' dir='ltr'><strong>inventus</strong></span> <span class='ocrx_word' id='word_1_25' title='bbox 2674 502 2760 549; x_wconf 89' lang='lat' dir='ltr'><strong>est</strong></span> <span class='ocrx_word' id='word_1_26' title='bbox 2789 495 2850 551; x_wconf 74' lang='lat' dir='ltr'><strong>‘z</strong></span> <span class='ocrx_word' id='word_1_27' title='bbox 2883 496 3029 567; x_wconf 90' lang='lat' dir='ltr'><strong>quod</strong></span> <span class='ocrx_word' id='word_1_28' title='bbox 3077 493 3297 567; x_wconf 87' lang='lat' dir='ltr'><strong>quidem</strong></span> <span class='ocrx_word' id='word_1_29' title='bbox 3350 511 3509 553; x_wconf 91' lang='lat' dir='ltr'><strong>nemo</strong></span> <span class='ocrx_word' id='word_1_30' title='bbox 3552 514 3664 555; x_wconf 91' lang='lat' dir='ltr'><strong>non</strong></span> 
     </span>
    </p>
   </div>
   <div class='ocr_carea' id='block_1_4' title="bbox 312 575 1980 662">
    <p class='ocr_par' dir='ltr' id='par_1_4' title="bbox 312 575 1980 661">
     <span class='ocr_line' id='line_1_4' title="bbox 312 575 1980 661; baseline 0.004 -31"><span class='ocrx_word' id='word_1_31' title='bbox 312 608 343 661; x_wconf 58' lang='grc' dir='ltr'><strong>χ</strong></span> <span class='ocrx_word' id='word_1_32' title='bbox 390 576 447 631; x_wconf 82' lang='grc' dir='ltr'>δὲ</span> <span class='ocrx_word' id='word_1_33' title='bbox 479 579 528 630; x_wconf 81' lang='grc' dir='ltr'><strong>εί</strong></span> <span class='ocrx_word' id='word_1_34' title='bbox 560 577 655 630; x_wconf 78' lang='grc' dir='ltr'><strong>καὶ</strong></span> <span class='ocrx_word' id='word_1_35' title='bbox 683 576 814 630; x_wconf 82' lang='grc' dir='ltr'>αύτδ</span> <span class='ocrx_word' id='word_1_36' title='bbox 842 576 903 629; x_wconf 79' lang='grc' dir='ltr'>τὸ</span> <span class='ocrx_word' id='word_1_37' title='bbox 952 575 1113 647; x_wconf 86' lang='grc' dir='ltr'>σῶμα</span> <span class='ocrx_word' id='word_1_38' title='bbox 1144 576 1396 648; x_wconf 80' lang='grc' dir='ltr'>λέγομεν,</span> <span class='ocrx_word' id='word_1_39' title='bbox 1434 580 1572 652; x_wconf 83' lang='grc' dir='ltr'>ὅπερ</span> <span class='ocrx_word' id='word_1_40' title='bbox 1605 582 1700 634; x_wconf 77' lang='grc' dir='ltr'>καὶ</span> <span class='ocrx_word' id='word_1_41' title='bbox 1758 581 1889 636; x_wconf 79' lang='grc' dir='ltr'>αὐτὸ</span> <span class='ocrx_word' id='word_1_42' title='bbox 1927 582 1980 636; x_wconf 75' lang='grc' dir='ltr'><strong>τὸ</strong></span> 
     </span>
    </p>
   </div>
   <div class='ocr_carea' id='block_1_5' title="bbox 2082 575 3663 662">
    <p class='ocr_par' dir='ltr' id='par_1_5' title="bbox 2082 586 3663 662">
     <span class='ocr_line' id='line_1_5' title="bbox 2082 586 3663 662; baseline 0.004 -20"><span class='ocrx_word' id='word_1_43' title='bbox 2082 587 2356 659; x_wconf 69' lang='lat' dir='ltr'><strong>intelligit,</strong></span> <span class='ocrx_word' id='word_1_44' title='bbox 2385 589 2478 659; x_wconf 83' lang='lat' dir='ltr'><strong>qui</strong></span> <span class='ocrx_word' id='word_1_45' title='bbox 2509 588 2576 644; x_wconf 88' lang='lat' dir='ltr'><strong>de</strong></span> <span class='ocrx_word' id='word_1_46' title='bbox 2619 586 2838 645; x_wconf 90' lang='lat' dir='ltr'><strong>Christo</strong></span> <span class='ocrx_word' id='word_1_47' title='bbox 2870 590 2957 661; x_wconf 85' lang='lat' dir='ltr'><strong>pie</strong></span> <span class='ocrx_word' id='word_1_48' title='bbox 3002 590 3319 662; x_wconf 83' lang='lat' dir='ltr'><strong>profiteatur</strong></span> <span class='ocrx_word' id='word_1_49' title='bbox 3349 606 3414 648; x_wconf 90' lang='lat' dir='ltr'><strong>ac</strong></span> <span class='ocrx_word' id='word_1_50' title='bbox 3447 593 3663 648; x_wconf 49' lang='lat' dir='ltr'><strong>sentiat.</strong></span> 
     </span>
    </p>
   </div>
   <div class='ocr_carea' id='block_1_6' title="bbox 396 669 1980 754">
    <p class='ocr_par' dir='ltr' id='par_1_6' title="bbox 396 669 1974 746">
     <span class='ocr_line' id='line_1_6' title="bbox 396 669 1974 746; baseline 0.004 -23"><span class='ocrx_word' id='word_1_51' title='bbox 396 670 548 743; x_wconf 81' lang='grc' dir='ltr'>ἡμῶν</span> <span class='ocrx_word' id='word_1_52' title='bbox 571 669 760 740; x_wconf 71' lang='grc' dir='ltr'>εἴληφε</span> <span class='ocrx_word' id='word_1_53' title='bbox 786 671 917 742; x_wconf 85' lang='grc' dir='ltr'>παρ’</span> <span class='ocrx_word' id='word_1_54' title='bbox 947 669 1096 738; x_wconf 79' lang='grc' dir='ltr'>αὐτῷ</span> <span class='ocrx_word' id='word_1_55' title='bbox 1124 670 1186 724; x_wconf 76' lang='grc' dir='ltr'>τὸ</span> <span class='ocrx_word' id='word_1_56' title='bbox 1214 671 1482 742; x_wconf 77' lang='grc' dir='ltr'>ἄχραντον</span> <span class='ocrx_word' id='word_1_57' title='bbox 1507 673 1670 727; x_wconf 80' lang='grc' dir='ltr'>αὐτοῦ</span> <span class='ocrx_word' id='word_1_58' title='bbox 1702 673 1881 746; x_wconf 84' lang='grc' dir='ltr'>σῶμα,</span> <span class='ocrx_word' id='word_1_59' title='bbox 1916 675 1974 730; x_wconf 89' lang='grc' dir='ltr'><strong>ἐν</strong></span> 
     </span>
    </p>
   </div>
   <div class='ocr_carea' id='block_1_7' title="bbox 2082 669 3665 754">
    <p class='ocr_par' dir='ltr' id='par_1_7' title="bbox 2082 677 3665 754">
     <span class='ocr_line' id='line_1_7' title="bbox 2082 677 3665 754; baseline 0.005 -21"><span class='ocrx_word' id='word_1_60' title='bbox 2082 677 2283 734; x_wconf 82' lang='lat' dir='ltr'><strong>Verum</strong></span> <span class='ocrx_word' id='word_1_61' title='bbox 2314 681 2419 735; x_wconf 89' lang='lat' dir='ltr'><strong>etsi</strong></span> <span class='ocrx_word' id='word_1_62' title='bbox 2452 696 2651 750; x_wconf 90' lang='lat' dir='ltr'><strong>purum</strong></span> <span class='ocrx_word' id='word_1_63' title='bbox 2694 681 3077 753; x_wconf 80' lang='lat' dir='ltr'><strong>integrumque</strong></span> <span class='ocrx_word' id='word_1_64' title='bbox 3115 700 3314 754; x_wconf 88' lang='lat' dir='ltr'><strong>corpus</strong></span> <span class='ocrx_word' id='word_1_65' title='bbox 3344 684 3489 740; x_wconf 88' lang='lat' dir='ltr'><strong>illius</strong></span> <span class='ocrx_word' id='word_1_66' title='bbox 3523 686 3665 754; x_wconf 89' lang='lat' dir='ltr'><strong>quod</strong></span> 
     </span>
    </p>
   </div>
   <div class='ocr_carea' id='block_1_8' title="bbox 393 761 1980 843">
    <p class='ocr_par' dir='ltr' id='par_1_8' title="bbox 393 761 1980 837">
     <span class='ocr_line' id='line_1_8' title="bbox 393 761 1980 837; baseline 0.002 -19"><span class='ocrx_word' id='word_1_67' title='bbox 393 766 523 837; x_wconf 81' lang='grc' dir='ltr'>ἡμῖν</span> <span class='ocrx_word' id='word_1_68' title='bbox 547 766 658 828; x_wconf 81' lang='grc' dir='ltr'>τοῖς</span> <span class='ocrx_word' id='word_1_69' title='bbox 682 762 1231 833; x_wconf 78' lang='grc' dir='ltr'>πεπλημμεληκόσιν,</span> <span class='ocrx_word' id='word_1_70' title='bbox 1254 764 1314 816; x_wconf 82' lang='grc' dir='ltr'><strong>ού</strong></span> <span class='ocrx_word' id='word_1_71' title='bbox 1337 761 1426 816; x_wconf 86' lang='grc' dir='ltr'>διὰ</span> <span class='ocrx_word' id='word_1_72' title='bbox 1448 763 1509 817; x_wconf 88' lang='grc' dir='ltr'><strong>τὸ</strong></span> <span class='ocrx_word' id='word_1_73' title='bbox 1538 763 1819 836; x_wconf 85' lang='grc' dir='ltr'>ἀλλότριον</span> <span class='ocrx_word' id='word_1_74' title='bbox 1843 762 1980 822; x_wconf 78' lang='grc' dir='ltr'>εἶναι</span> 
     </span>
    </p>
   </div>
   <div class='ocr_carea' id='block_1_9' title="bbox 2082 761 3666 843">
    <p class='ocr_par' dir='ltr' id='par_1_9' title="bbox 2082 771 3666 843">
     <span class='ocr_line' id='line_1_9' title="bbox 2082 771 3666 843; baseline 0.004 -20"><span class='ocrx_word' id='word_1_75' title='bbox 2082 771 2401 841; x_wconf 86' lang='lat' dir='ltr'><strong>assumpsit,</strong></span> <span class='ocrx_word' id='word_1_76' title='bbox 2436 771 2577 826; x_wconf 88' lang='lat' dir='ltr'><strong>idem</strong></span> <span class='ocrx_word' id='word_1_77' title='bbox 2604 786 2728 827; x_wconf 90' lang='lat' dir='ltr'><strong>esse</strong></span> <span class='ocrx_word' id='word_1_78' title='bbox 2753 787 2875 826; x_wconf 90' lang='lat' dir='ltr'><strong>cum</strong></span> <span class='ocrx_word' id='word_1_79' title='bbox 2904 779 3100 828; x_wconf 82' lang='lat' dir='ltr'><strong>nostra</strong></span> <span class='ocrx_word' id='word_1_80' title='bbox 3130 772 3418 843; x_wconf 77' lang='lat' dir='ltr'><strong>fateamur,</strong></span> <span class='ocrx_word' id='word_1_81' title='bbox 3450 782 3535 830; x_wconf 91' lang='lat' dir='ltr'><strong>est</strong></span> <span class='ocrx_word' id='word_1_82' title='bbox 3562 773 3666 829; x_wconf 90' lang='lat' dir='ltr'><strong>hoc</strong></span> 
     </span>
    </p>
   </div>
   <div class='ocr_carea' id='block_1_10' title="bbox 390 851 1980 937">
    <p class='ocr_par' dir='ltr' id='par_1_10' title="bbox 390 851 1979 927">
     <span class='ocr_line' id='line_1_10' title="bbox 390 851 1979 927; baseline 0 -17"><span class='ocrx_word' id='word_1_83' title='bbox 390 856 451 910; x_wconf 84' lang='grc' dir='ltr'><strong>τὸ</strong></span> <span class='ocrx_word' id='word_1_84' title='bbox 483 854 665 926; x_wconf 82' lang='grc' dir='ltr'>σῶμα,</span> <span class='ocrx_word' id='word_1_85' title='bbox 690 855 786 909; x_wconf 74' lang='grc' dir='ltr'>καὶ</span> <span class='ocrx_word' id='word_1_86' title='bbox 812 851 1100 907; x_wconf 85' lang='grc' dir='ltr'>ἀλλόκοτον</span> <span class='ocrx_word' id='word_1_87' title='bbox 1146 854 1208 905; x_wconf 84' lang='grc' dir='ltr'><strong>τὸ</strong></span> <span class='ocrx_word' id='word_1_88' title='bbox 1256 853 1479 917; x_wconf 80' lang='grc' dir='ltr'>ὑποδεὲς</span> <span class='ocrx_word' id='word_1_89' title='bbox 1528 854 1621 908; x_wconf 78' lang='grc' dir='ltr'>καὶ</span> <span class='ocrx_word' id='word_1_90' title='bbox 1660 854 1979 927; x_wconf 74' lang='grc' dir='ltr'>ἠλαττωμέ-</span> 
     </span>
    </p>
   </div>
   <div class='ocr_carea' id='block_1_11' title="bbox 2082 851 3665 937">
    <p class='ocr_par' dir='ltr' id='par_1_11' title="bbox 2082 860 3665 937">
     <span class='ocr_line' id='line_1_11' title="bbox 2082 860 3665 937; baseline 0.003 -22"><span class='ocrx_word' id='word_1_91' title='bbox 2082 860 2253 931; x_wconf 89' lang='lat' dir='ltr'><strong>ipsum</strong></span> <span class='ocrx_word' id='word_1_92' title='bbox 2300 869 2483 918; x_wconf 90' lang='lat' dir='ltr'><strong>tamen</strong></span> <span class='ocrx_word' id='word_1_93' title='bbox 2533 863 2589 917; x_wconf 90' lang='lat' dir='ltr'><strong>in</strong></span> <span class='ocrx_word' id='word_1_94' title='bbox 2647 863 2826 930; x_wconf 88' lang='lat' dir='ltr'><strong>nobis,</strong></span> <span class='ocrx_word' id='word_1_95' title='bbox 2873 865 2966 935; x_wconf 92' lang='lat' dir='ltr'><strong>qui</strong></span> <span class='ocrx_word' id='word_1_96' title='bbox 3019 865 3237 936; x_wconf 89' lang='lat' dir='ltr'><strong>quidem</strong></span> <span class='ocrx_word' id='word_1_97' title='bbox 3294 866 3665 937; x_wconf 78' lang='lat' dir='ltr'><strong>peccavimus,</strong></span> 
     </span>
    </p>
   </div>
   <div class='ocr_carea' id='block_1_12' title="bbox 393 943 1980 1033">
    <p class='ocr_par' dir='ltr' id='par_1_12' title="bbox 393 943 1974 1020">
     <span class='ocr_line' id='line_1_12' title="bbox 393 943 1974 1020; baseline 0 -19"><span class='ocrx_word' id='word_1_98' title='bbox 393 964 500 1010; x_wconf 90' lang='grc' dir='ltr'>νον,</span> <span class='ocrx_word' id='word_1_99' title='bbox 540 944 676 1001; x_wconf 81' lang='grc' dir='ltr'>ἀλλὰ</span> <span class='ocrx_word' id='word_1_100' title='bbox 705 943 795 998; x_wconf 79' lang='grc' dir='ltr'><strong>διὰ</strong></span> <span class='ocrx_word' id='word_1_101' title='bbox 838 944 907 997; x_wconf 77' lang='grc' dir='ltr'><strong>τά</strong></span> <span class='ocrx_word' id='word_1_102' title='bbox 942 944 1097 1016; x_wconf 80' lang='grc' dir='ltr'>ἡμῶν</span> <span class='ocrx_word' id='word_1_103' title='bbox 1131 945 1501 1017; x_wconf 83' lang='grc' dir='ltr'>ἁμαρτήματα</span> <span class='ocrx_word' id='word_1_104' title='bbox 1544 946 1640 999; x_wconf 59' lang='grc' dir='ltr'><strong>καὶ⁸</strong></span> <span class='ocrx_word' id='word_1_105' title='bbox 1671 949 1974 1020; x_wconf 85' lang='grc' dir='ltr'>παραπτώ-</span> 
     </span>
    </p>
   </div>
   <div class='ocr_carea' id='block_1_13' title="bbox 2082 943 3666 1033">
    <p class='ocr_par' dir='ltr' id='par_1_13' title="bbox 2082 953 3666 1033">
     <span class='ocr_line' id='line_1_13' title="bbox 2082 953 3666 1033; baseline 0.003 -25"><span class='ocrx_word' id='word_1_106' title='bbox 2082 953 2391 1010; x_wconf 89' lang='lat' dir='ltr'><strong>conditione</strong></span> <span class='ocrx_word' id='word_1_107' title='bbox 2419 969 2484 1009; x_wconf 93' lang='lat' dir='ltr'><strong>ac</strong></span> <span class='ocrx_word' id='word_1_108' title='bbox 2524 955 2792 1026; x_wconf 89' lang='lat' dir='ltr'><strong>dignitate</strong></span> <span class='ocrx_word' id='word_1_109' title='bbox 2827 957 3057 1011; x_wconf 92' lang='lat' dir='ltr'><strong>multum</strong></span> <span class='ocrx_word' id='word_1_110' title='bbox 3093 957 3345 1025; x_wconf 84' lang='lat' dir='ltr'><strong>inferius,</strong></span> <span class='ocrx_word' id='word_1_111' title='bbox 3386 974 3496 1013; x_wconf 90' lang='lat' dir='ltr'><strong>non</strong></span> <span class='ocrx_word' id='word_1_112' title='bbox 3523 959 3666 1033; x_wconf 87' lang='lat' dir='ltr'><strong>quod</strong></span> 
     </span>
    </p>
   </div>
   <div class='ocr_carea' id='block_1_14' title="bbox 393 1035 1980 1122">
    <p class='ocr_par' dir='ltr' id='par_1_14' title="bbox 393 1035 1974 1110">
     <span class='ocr_line' id='line_1_14' title="bbox 393 1035 1974 1110; baseline 0.001 -18"><span class='ocrx_word' id='word_1_113' title='bbox 393 1055 560 1109; x_wconf 83' lang='grc' dir='ltr'><strong>ματα,</strong></span> <span class='ocrx_word' id='word_1_114' title='bbox 585 1035 775 1091; x_wconf 84' lang='grc' dir='ltr'>τούτου</span> <span class='ocrx_word' id='word_1_115' title='bbox 819 1035 1001 1090; x_wconf 72' lang='grc' dir='ltr'>ἕνεκα.</span> <span class='ocrx_word' id='word_1_116' title='bbox 1060 1037 1133 1090; x_wconf 80' lang='grc' dir='ltr'><strong>Οὐ</strong></span> <span class='ocrx_word' id='word_1_117' title='bbox 1173 1035 1282 1108; x_wconf 84' lang='grc' dir='ltr'>γὰρ</span> <span class='ocrx_word' id='word_1_118' title='bbox 1335 1035 1462 1089; x_wconf 78' lang='grc' dir='ltr'>ἄλλο</span> <span class='ocrx_word' id='word_1_119' title='bbox 1485 1035 1645 1108; x_wconf 87' lang='grc' dir='ltr'>σῶμα</span> <span class='ocrx_word' id='word_1_120' title='bbox 1688 1040 1717 1093; x_wconf 86' lang='grc' dir='ltr'>ὁ</span> <span class='ocrx_word' id='word_1_121' title='bbox 1769 1039 1974 1110; x_wconf 86' lang='grc' dir='ltr'>Κύριος</span> 
     </span>
    </p>
   </div>
   <div class='ocr_carea' id='block_1_15' title="bbox 2082 1035 3668 1122">
    <p class='ocr_par' dir='ltr' id='par_1_15' title="bbox 2082 1046 3668 1122">
     <span class='ocr_line' id='line_1_15' title="bbox 2082 1046 3668 1122; baseline 0.003 -23"><span class='ocrx_word' id='word_1_122' title='bbox 2082 1046 2316 1101; x_wconf 89' lang='lat' dir='ltr'><strong>alienum</strong></span> <span class='ocrx_word' id='word_1_123' title='bbox 2342 1047 2411 1101; x_wconf 89' lang='lat' dir='ltr'><strong>ab</strong></span> <span class='ocrx_word' id='word_1_124' title='bbox 2442 1048 2537 1103; x_wconf 90' lang='lat' dir='ltr'><strong>illo</strong></span> <span class='ocrx_word' id='word_1_125' title='bbox 2567 1049 2639 1105; x_wconf 86' lang='lat' dir='ltr'><strong>sit</strong></span> <span class='ocrx_word' id='word_1_126' title='bbox 2682 1059 2735 1104; x_wconf 92' lang='lat' dir='ltr'><strong>et</strong></span> <span class='ocrx_word' id='word_1_127' title='bbox 2778 1048 3102 1113; x_wconf 85' lang='lat' dir='ltr'><strong>abhorrens,</strong></span> <span class='ocrx_word' id='word_1_128' title='bbox 3131 1050 3225 1105; x_wconf 91' lang='lat' dir='ltr'><strong>sed</strong></span> <span class='ocrx_word' id='word_1_129' title='bbox 3267 1050 3411 1121; x_wconf 92' lang='lat' dir='ltr'><strong>quod</strong></span> <span class='ocrx_word' id='word_1_130' title='bbox 3446 1058 3668 1122; x_wconf 87' lang='lat' dir='ltr'><strong>peccata</strong></span> 
     </span>
    </p>
   </div>
   <div class='ocr_carea' id='block_1_16' title="bbox 389 1124 1980 1212">
    <p class='ocr_par' dir='ltr' id='par_1_16' title="bbox 389 1124 1974 1201">
     <span class='ocr_line' id='line_1_16' title="bbox 389 1124 1974 1201; baseline 0.003 -19"><span class='ocrx_word' id='word_1_131' title='bbox 389 1126 570 1192; x_wconf 77' lang='grc' dir='ltr'>ἔλαϐε,</span> <span class='ocrx_word' id='word_1_132' title='bbox 596 1126 691 1181; x_wconf 71' lang='grc' dir='ltr'>καὶ</span> <span class='ocrx_word' id='word_1_133' title='bbox 716 1124 848 1180; x_wconf 78' lang='grc' dir='ltr'>ἄλλο</span> <span class='ocrx_word' id='word_1_134' title='bbox 878 1127 1041 1197; x_wconf 78' lang='grc' dir='ltr'>ἡμεῖς</span> <span class='ocrx_word' id='word_1_135' title='bbox 1077 1124 1293 1197; x_wconf 79' lang='grc' dir='ltr'>ἔχομεν,</span> <span class='ocrx_word' id='word_1_136' title='bbox 1318 1125 1430 1179; x_wconf 81' lang='grc' dir='ltr'><strong>ἀλλ’</strong></span> <span class='ocrx_word' id='word_1_137' title='bbox 1461 1127 1594 1182; x_wconf 83' lang='grc' dir='ltr'>αὐτὸ</span> <span class='ocrx_word' id='word_1_138' title='bbox 1629 1128 1691 1182; x_wconf 79' lang='grc' dir='ltr'>τὺ</span> <span class='ocrx_word' id='word_1_139' title='bbox 1732 1129 1891 1201; x_wconf 88' lang='grc' dir='ltr'>σῶμα</span> <span class='ocrx_word' id='word_1_140' title='bbox 1916 1133 1974 1186; x_wconf 85' lang='grc' dir='ltr'><strong>ἐν</strong></span> 
     </span>
    </p>
   </div>
   <div class='ocr_carea' id='block_1_17' title="bbox 2082 1124 3663 1212">
    <p class='ocr_par' dir='ltr' id='par_1_17' title="bbox 2082 1139 3663 1212">
     <span class='ocr_line' id='line_1_17' title="bbox 2082 1139 3663 1212; baseline 0.003 -21"><span class='ocrx_word' id='word_1_141' title='bbox 2082 1145 2209 1192; x_wconf 90' lang='lat' dir='ltr'><strong>sunt</strong></span> <span class='ocrx_word' id='word_1_142' title='bbox 2255 1152 2287 1191; x_wconf 91' lang='lat' dir='ltr'><strong>a</strong></span> <span class='ocrx_word' id='word_1_143' title='bbox 2338 1139 2496 1195; x_wconf 88' lang='lat' dir='ltr'><strong>nobis</strong></span> <span class='ocrx_word' id='word_1_144' title='bbox 2543 1140 2850 1212; x_wconf 84' lang='lat' dir='ltr'><strong>delictaque</strong></span> <span class='ocrx_word' id='word_1_145' title='bbox 2901 1142 3299 1212; x_wconf 87' lang='lat' dir='ltr'><strong>quamplurima</strong></span> <span class='ocrx_word' id='word_1_146' title='bbox 3349 1143 3663 1198; x_wconf 83' lang='lat' dir='ltr'><strong>commissa.</strong></span> 
     </span>
    </p>
   </div>
   <div class='ocr_carea' id='block_1_18' title="bbox 388 1217 1901 1292">
    <p class='ocr_par' dir='ltr' id='par_1_18' title="bbox 388 1217 1901 1292">
     <span class='ocr_line' id='line_1_18' title="bbox 388 1217 1901 1292; baseline 0.001 -17"><span class='ocrx_word' id='word_1_147' title='bbox 388 1219 538 1291; x_wconf 83' lang='grc' dir='ltr'>αὐτῷ</span> <span class='ocrx_word' id='word_1_148' title='bbox 563 1217 978 1290; x_wconf 82' lang='grc' dir='ltr'><strong>πεφυλαγμένον</strong></span> <span class='ocrx_word' id='word_1_149' title='bbox 1005 1219 1100 1272; x_wconf 69' lang='grc' dir='ltr'><strong>καὶ</strong></span> <span class='ocrx_word' id='word_1_150' title='bbox 1129 1220 1396 1290; x_wconf 84' lang='grc' dir='ltr'>ἄχραντον</span> <span class='ocrx_word' id='word_1_151' title='bbox 1420 1219 1901 1292; x_wconf 79' lang='grc' dir='ltr'><strong>διατετηρημένον..</strong></span> 
     </span>
    </p>
   </div>
   <div class='ocr_carea' id='block_1_19' title="bbox 2076 1226 3670 1304">
    <p class='ocr_par' dir='ltr' id='par_1_19' title="bbox 2076 1226 3670 1304">
     <span class='ocr_line' id='line_1_19' title="bbox 2076 1226 3670 1304; baseline 0.004 -22"><span class='ocrx_word' id='word_1_152' title='bbox 2076 1226 2260 1295; x_wconf 84' lang='lat' dir='ltr'><strong>Quare</strong></span> <span class='ocrx_word' id='word_1_153' title='bbox 2284 1246 2393 1285; x_wconf 89' lang='lat' dir='ltr'><strong>non</strong></span> <span class='ocrx_word' id='word_1_154' title='bbox 2423 1230 2571 1287; x_wconf 88' lang='lat' dir='ltr'><strong>aliud</strong></span> <span class='ocrx_word' id='word_1_155' title='bbox 2605 1246 2670 1286; x_wconf 87' lang='lat' dir='ltr'><strong>ac</strong></span> <span class='ocrx_word' id='word_1_156' title='bbox 2697 1248 2799 1288; x_wconf 93' lang='lat' dir='ltr'><strong>nos</strong></span> <span class='ocrx_word' id='word_1_157' title='bbox 2842 1233 3108 1289; x_wconf 83' lang='lat' dir='ltr'><strong>habemus</strong></span> <span class='ocrx_word' id='word_1_158' title='bbox 3139 1248 3169 1287; x_wconf 90' lang='lat' dir='ltr'><strong>a</strong></span> <span class='ocrx_word' id='word_1_159' title='bbox 3217 1233 3438 1290; x_wconf 86' lang='lat' dir='ltr'><strong>Christo</strong></span> <span class='ocrx_word' id='word_1_160' title='bbox 3465 1246 3670 1304; x_wconf 73' lang='lat' dir='ltr'><strong>corpus</strong></span> 
     </span>
    </p>
   </div>
   <div class='ocr_carea' id='block_1_20' title="bbox 388 1309 3667 1397">
    <p class='ocr_par' dir='ltr' id='par_1_20' title="bbox 388 1309 3667 1397">
     <span class='ocr_line' id='line_1_20' title="bbox 388 1309 3667 1397; baseline 0.004 -30"><span class='ocrx_word' id='word_1_161' title='bbox 388 1319 729 1383; x_wconf 85' lang='lat' dir='ltr'><strong>assumptum</strong></span> <span class='ocrx_word' id='word_1_162' title='bbox 755 1318 837 1366; x_wconf 89' lang='lat' dir='ltr'><strong>est</strong></span> <span class='ocrx_word' id='word_1_163' title='bbox 863 1327 878 1376; x_wconf 85' lang='lat'><strong>;</strong></span> <span class='ocrx_word' id='word_1_164' title='bbox 907 1309 1002 1365; x_wconf 90' lang='lat' dir='ltr'><strong>sed</strong></span> <span class='ocrx_word' id='word_1_165' title='bbox 1038 1309 1184 1365; x_wconf 83' lang='lat' dir='ltr'><strong>idem</strong></span> <span class='ocrx_word' id='word_1_166' title='bbox 1214 1311 1438 1366; x_wconf 90' lang='lat' dir='ltr'><strong>omnino</strong></span> <span class='ocrx_word' id='word_1_167' title='bbox 1463 1326 1667 1383; x_wconf 88' lang='lat' dir='ltr'><strong>corpus</strong></span> <span class='ocrx_word' id='word_1_168' title='bbox 1690 1318 1796 1372; x_wconf 68' lang='lat' dir='ltr'><strong>es’t’.</strong></span> <span class='ocrx_word' id='word_1_169' title='bbox 1829 1313 1976 1385; x_wconf 85' lang='lat' dir='ltr'><strong>quod</strong></span> <span class='ocrx_word' id='word_1_170' title='bbox 2014 1317 2068 1375; x_wconf 92' lang='lat' dir='ltr'><strong>in</strong></span> <span class='ocrx_word' id='word_1_171' title='bbox 2110 1320 2204 1377; x_wconf 91' lang='lat' dir='ltr'><strong>illo</strong></span> <span class='ocrx_word' id='word_1_172' title='bbox 2240 1331 2519 1379; x_wconf 84' lang='lat' dir='ltr'><strong>servatum</strong></span> <span class='ocrx_word' id='word_1_173' title='bbox 2582 1333 2636 1380; x_wconf 91' lang='lat' dir='ltr'><strong>et</strong></span> <span class='ocrx_word' id='word_1_174' title='bbox 2670 1324 2739 1380; x_wconf 89' lang='lat' dir='ltr'><strong>ab</strong></span> <span class='ocrx_word' id='word_1_175' title='bbox 2773 1324 2922 1379; x_wconf 92' lang='lat' dir='ltr'><strong>omni</strong></span> <span class='ocrx_word' id='word_1_176' title='bbox 2953 1325 3276 1397; x_wconf 80' lang='lat' dir='ltr'><strong>contagione</strong></span> <span class='ocrx_word' id='word_1_177' title='bbox 3333 1326 3667 1382; x_wconf 83' lang='lat' dir='ltr'><strong>vindicatum</strong></span> 
     </span>
    </p>
   </div>
   <div class='ocr_carea' id='block_1_21' title="bbox 387 1415 491 1464">
    <p class='ocr_par' dir='ltr' id='par_1_21' title="bbox 387 1415 491 1464">
     <span class='ocr_line' id='line_1_21' title="bbox 387 1415 491 1464; baseline -0.01 -1"><span class='ocrx_word' id='word_1_178' title='bbox 387 1415 491 1464; x_wconf 87' lang='lat' dir='ltr'><strong>est.</strong></span> 
     </span>
    </p>
   </div>
   <div class='ocr_carea' id='block_1_22' title="bbox 458 1499 1980 1572">
    <p class='ocr_par' dir='ltr' id='par_1_22' title="bbox 458 1499 1980 1572">
     <span class='ocr_line' id='line_1_22' title="bbox 458 1499 1980 1572; baseline -0.001 -16"><span class='ocrx_word' id='word_1_179' title='bbox 458 1501 560 1558; x_wconf 85' lang='lat' dir='ltr'><strong>IE’.</strong></span> <span class='ocrx_word' id='word_1_180' title='bbox 597 1501 778 1556; x_wconf 83' lang='grc' dir='ltr'>Ἀλλοι</span> <span class='ocrx_word' id='word_1_181' title='bbox 815 1501 872 1555; x_wconf 80' lang='grc' dir='ltr'>δὲ</span> <span class='ocrx_word' id='word_1_182' title='bbox 910 1499 1181 1566; x_wconf 81' lang='grc' dir='ltr'>ἐξαύτῶν</span> <span class='ocrx_word' id='word_1_183' title='bbox 1220 1500 1315 1553; x_wconf 80' lang='grc' dir='ltr'><strong>καὶ</strong></span> <span class='ocrx_word' id='word_1_184' title='bbox 1344 1501 1472 1572; x_wconf 87' lang='grc' dir='ltr'>ἄχρι</span> <span class='ocrx_word' id='word_1_185' title='bbox 1510 1500 1611 1570; x_wconf 79' lang='grc' dir='ltr'>τῆς</span> <span class='ocrx_word' id='word_1_186' title='bbox 1638 1500 1798 1572; x_wconf 88' lang='grc' dir='ltr'>δεῦρο</span> <span class='ocrx_word' id='word_1_187' title='bbox 1830 1502 1980 1571; x_wconf 87' lang='grc' dir='ltr'>φιλο-</span> 
     </span>
    </p>
   </div>
   <div class='ocr_carea' id='block_1_23' title="bbox 387 1593 1978 1668">
    <p class='ocr_par' dir='ltr' id='par_1_23' title="bbox 387 1593 1978 1668">
     <span class='ocr_line' id='line_1_23' title="bbox 387 1593 1978 1668; baseline -0.002 -18"><span class='ocrx_word' id='word_1_188' title='bbox 387 1597 569 1668; x_wconf 71' lang='grc' dir='ltr'>νεικία</span> <span class='ocrx_word' id='word_1_189' title='bbox 626 1596 733 1649; x_wconf 72' lang='grc' dir='ltr'>τινὶ</span> <span class='ocrx_word' id='word_1_190' title='bbox 764 1594 1090 1667; x_wconf 85' lang='grc' dir='ltr'>φερόμενοι,</span> <span class='ocrx_word' id='word_1_191' title='bbox 1128 1594 1409 1657; x_wconf 76' lang='grc' dir='ltr'>ὑπονοίαις</span> <span class='ocrx_word' id='word_1_192' title='bbox 1461 1593 1772 1666; x_wconf 76' lang='grc' dir='ltr'><strong>ἀλλοτρίαις</strong></span> <span class='ocrx_word' id='word_1_193' title='bbox 1809 1611 1978 1667; x_wconf 86' lang='grc' dir='ltr'>προσ-</span> 
     </span>
    </p>
   </div>
   <div class='ocr_carea' id='block_1_24' title="bbox 384 1685 1979 1761">
    <p class='ocr_par' dir='ltr' id='par_1_24' title="bbox 384 1685 1979 1761">
     <span class='ocr_line' id='line_1_24' title="bbox 384 1685 1979 1761; baseline -0.002 -18"><span class='ocrx_word' id='word_1_194' title='bbox 384 1688 662 1761; x_wconf 76' lang='grc' dir='ltr'>ᾱχθέντες,</span> <span class='ocrx_word' id='word_1_195' title='bbox 700 1688 760 1742; x_wconf 83' lang='grc' dir='ltr'><strong>ού</strong></span> <span class='ocrx_word' id='word_1_196' title='bbox 812 1687 955 1742; x_wconf 82' lang='grc' dir='ltr'>κατὰ</span> <span class='ocrx_word' id='word_1_197' title='bbox 1006 1687 1106 1758; x_wconf 79' lang='grc' dir='ltr'>τὴν</span> <span class='ocrx_word' id='word_1_198' title='bbox 1136 1685 1355 1757; x_wconf 83' lang='grc' dir='ltr'>διδαχὴν</span> <span class='ocrx_word' id='word_1_199' title='bbox 1401 1686 1509 1742; x_wconf 86' lang='grc' dir='ltr'><strong>τῶν</strong></span> <span class='ocrx_word' id='word_1_200' title='bbox 1547 1687 1828 1759; x_wconf 84' lang='grc' dir='ltr'>Πατέρων,</span> <span class='ocrx_word' id='word_1_201' title='bbox 1861 1686 1979 1740; x_wconf 87' lang='grc' dir='ltr'><strong>ούδέ</strong></span> 
     </span>
    </p>
   </div>
   <div class='ocr_carea' id='block_1_25' title="bbox 2156 1502 3665 1578">
    <p class='ocr_par' dir='ltr' id='par_1_25' title="bbox 2156 1502 3665 1578">
     <span class='ocr_line' id='line_1_25' title="bbox 2156 1502 3665 1578; baseline 0.006 -21"><span class='ocrx_word' id='word_1_202' title='bbox 2156 1502 2271 1558; x_wconf 82' lang='lat' dir='ltr'><strong>XV.</strong></span> <span class='ocrx_word' id='word_1_203' title='bbox 2303 1503 2571 1560; x_wconf 69' lang='lat' dir='ltr'><strong>Praeterea</strong></span> <span class='ocrx_word' id='word_1_204' title='bbox 2614 1514 2742 1561; x_wconf 71' lang='lat' dir='ltr'><strong>sunt</strong></span> <span class='ocrx_word' id='word_1_205' title='bbox 2783 1506 2924 1561; x_wconf 90' lang='lat' dir='ltr'><strong>inter</strong></span> <span class='ocrx_word' id='word_1_206' title='bbox 2969 1507 3091 1564; x_wconf 92' lang='lat' dir='ltr'><strong>illos</strong></span> <span class='ocrx_word' id='word_1_207' title='bbox 3126 1506 3311 1578; x_wconf 88' lang='lat' dir='ltr'><strong>aliqui,</strong></span> <span class='ocrx_word' id='word_1_208' title='bbox 3341 1509 3436 1578; x_wconf 87' lang='lat' dir='ltr'><strong>qui</strong></span> <span class='ocrx_word' id='word_1_209' title='bbox 3470 1509 3536 1563; x_wconf 88' lang='lat' dir='ltr'><strong>ad</strong></span> <span class='ocrx_word' id='word_1_210' title='bbox 3562 1510 3665 1565; x_wconf 88' lang='lat' dir='ltr'><strong>hoc</strong></span> 
     </span>
    </p>
   </div>
   <div class='ocr_carea' id='block_1_26' title="bbox 2076 1598 3665 1670">
    <p class='ocr_par' dir='ltr' id='par_1_26' title="bbox 2076 1598 3665 1670">
     <span class='ocr_line' id='line_1_26' title="bbox 2076 1598 3665 1670; baseline 0.005 -21"><span class='ocrx_word' id='word_1_211' title='bbox 2076 1598 2262 1666; x_wconf 66' lang='lat' dir='ltr'><strong>usque</strong></span> <span class='ocrx_word' id='word_1_212' title='bbox 2309 1603 2524 1667; x_wconf 91' lang='lat' dir='ltr'><strong>tempus</strong></span> <span class='ocrx_word' id='word_1_213' title='bbox 2569 1599 2935 1652; x_wconf 87' lang='lat' dir='ltr'><strong>contentionis</strong></span> <span class='ocrx_word' id='word_1_214' title='bbox 2983 1598 3148 1665; x_wconf 85' lang='lat' dir='ltr'><strong>avidi,</strong></span> <span class='ocrx_word' id='word_1_215' title='bbox 3201 1614 3266 1653; x_wconf 89' lang='lat' dir='ltr'><strong>ac</strong></span> <span class='ocrx_word' id='word_1_216' title='bbox 3311 1601 3665 1670; x_wconf 86' lang='lat' dir='ltr'><strong>perabsurdis</strong></span> 
     </span>
    </p>
   </div>
   <div class='ocr_carea' id='block_1_27' title="bbox 2087 1688 3667 1759">
    <p class='ocr_par' dir='ltr' id='par_1_27' title="bbox 2087 1688 3667 1759">
     <span class='ocr_line' id='line_1_27' title="bbox 2087 1688 3667 1759; baseline 0.003 -17"><span class='ocrx_word' id='word_1_217' title='bbox 2087 1688 2439 1759; x_wconf 89' lang='lat' dir='ltr'><strong>opinionibus</strong></span> <span class='ocrx_word' id='word_1_218' title='bbox 2490 1689 2720 1754; x_wconf 88' lang='lat' dir='ltr'><strong>irretiti,</strong></span> <span class='ocrx_word' id='word_1_219' title='bbox 2767 1704 2872 1744; x_wconf 88' lang='lat' dir='ltr'><strong>non</strong></span> <span class='ocrx_word' id='word_1_220' title='bbox 2915 1689 3178 1746; x_wconf 65' lang='lat' dir='ltr'><strong>doctrinae</strong></span> <span class='ocrx_word' id='word_1_221' title='bbox 3222 1689 3445 1748; x_wconf 89' lang='lat' dir='ltr'><strong>Patrum</strong></span> <span class='ocrx_word' id='word_1_222' title='bbox 3498 1693 3667 1747; x_wconf 66' lang='lat' dir='ltr'><strong>iubar-</strong></span> 
     </span>
    </p>
   </div>
   <div class='ocr_carea' id='block_1_28' title="bbox 385 1774 1980 1865">
    <p class='ocr_par' dir='ltr' id='par_1_28' title="bbox 385 1774 1971 1853">
     <span class='ocr_line' id='line_1_28' title="bbox 385 1774 1971 1853; baseline 0.001 -18"><span class='ocrx_word' id='word_1_223' title='bbox 385 1783 706 1853; x_wconf 80' lang='grc' dir='ltr'>κατέχοντες</span> <span class='ocrx_word' id='word_1_224' title='bbox 737 1780 837 1852; x_wconf 84' lang='grc' dir='ltr'><strong>τὴν</strong></span> <span class='ocrx_word' id='word_1_225' title='bbox 869 1779 1109 1852; x_wconf 86' lang='grc' dir='ltr'>κεφαλὴν</span> <span class='ocrx_word' id='word_1_226' title='bbox 1147 1780 1248 1850; x_wconf 79' lang='grc' dir='ltr'>τῆς</span> <span class='ocrx_word' id='word_1_227' title='bbox 1289 1780 1555 1844; x_wconf 85' lang='grc' dir='ltr'>πίστεως·</span> <span class='ocrx_word' id='word_1_228' title='bbox 1591 1780 1652 1845; x_wconf 80' lang='grc' dir='ltr'>ἐξ</span> <span class='ocrx_word' id='word_1_229' title='bbox 1678 1774 1739 1834; x_wconf 79' lang='grc' dir='ltr'>οὗ</span> <span class='ocrx_word' id='word_1_230' title='bbox 1771 1782 1880 1834; x_wconf 81' lang='grc' dir='ltr'><strong>πᾶν</strong></span> <span class='ocrx_word' id='word_1_231' title='bbox 1911 1781 1971 1836; x_wconf 84' lang='grc' dir='ltr'><strong>τὸ</strong></span> 
     </span>
    </p>
   </div>
   <div class='ocr_carea' id='block_1_29' title="bbox 2082 1774 3665 1865">
    <p class='ocr_par' dir='ltr' id='par_1_29' title="bbox 2085 1781 3665 1856">
     <span class='ocr_line' id='line_1_29' title="bbox 2085 1781 3665 1856; baseline 0.003 -21"><span class='ocrx_word' id='word_1_232' title='bbox 2085 1788 2290 1845; x_wconf 88' lang='lat' dir='ltr'><strong>rentes,</strong></span> <span class='ocrx_word' id='word_1_233' title='bbox 2317 1796 2494 1853; x_wconf 88' lang='lat' dir='ltr'><strong>neque</strong></span> <span class='ocrx_word' id='word_1_234' title='bbox 2530 1781 2651 1837; x_wconf 82' lang='lat' dir='ltr'><strong>ﬁdei</strong></span> <span class='ocrx_word' id='word_1_235' title='bbox 2694 1793 2855 1853; x_wconf 87' lang='lat' dir='ltr'><strong>caput</strong></span> <span class='ocrx_word' id='word_1_236' title='bbox 2893 1784 3229 1853; x_wconf 87' lang='lat' dir='ltr'><strong>retinentes;</strong></span> <span class='ocrx_word' id='word_1_237' title='bbox 3274 1800 3341 1840; x_wconf 73' lang='lat' dir='ltr'><strong>ex</strong></span> <span class='ocrx_word' id='word_1_238' title='bbox 3365 1800 3474 1856; x_wconf 92' lang='lat' dir='ltr'><strong>quo</strong></span> <span class='ocrx_word' id='word_1_239' title='bbox 3504 1802 3665 1842; x_wconf 90' lang='lat' dir='ltr'><strong>omne</strong></span> 
     </span>
    </p>
   </div>
   <div class='ocr_carea' id='block_1_30' title="bbox 386 1872 1969 1947">
    <p class='ocr_par' dir='ltr' id='par_1_30' title="bbox 386 1872 1969 1947">
     <span class='ocr_line' id='line_1_30' title="bbox 386 1872 1969 1947; baseline -0.001 -20"><span class='ocrx_word' id='word_1_240' title='bbox 386 1874 548 1946; x_wconf 85' lang='grc' dir='ltr'>σῶμα</span> <span class='ocrx_word' id='word_1_241' title='bbox 582 1874 669 1927; x_wconf 83' lang='grc' dir='ltr'>διὰ</span> <span class='ocrx_word' id='word_1_242' title='bbox 710 1873 818 1927; x_wconf 87' lang='grc' dir='ltr'><strong>τῶν</strong></span> <span class='ocrx_word' id='word_1_243' title='bbox 860 1873 1011 1944; x_wconf 87' lang='grc' dir='ltr'>ἁφῶν</span> <span class='ocrx_word' id='word_1_244' title='bbox 1056 1873 1150 1928; x_wconf 75' lang='grc' dir='ltr'>καὶ</span> <span class='ocrx_word' id='word_1_245' title='bbox 1198 1872 1306 1926; x_wconf 86' lang='grc' dir='ltr'><strong>τῶν</strong></span> <span class='ocrx_word' id='word_1_246' title='bbox 1357 1872 1667 1944; x_wconf 82' lang='grc' dir='ltr'>συνδέσμων</span> <span class='ocrx_word' id='word_1_247' title='bbox 1709 1875 1969 1947; x_wconf 82' lang='grc' dir='ltr'>ἐπιχορη-</span> 
     </span>
    </p>
   </div>
   <div class='ocr_carea' id='block_1_31' title="bbox 383 1963 1970 2045">
    <p class='ocr_par' dir='ltr' id='par_1_31' title="bbox 383 1963 1970 2045">
     <span class='ocr_line' id='line_1_31' title="bbox 383 1963 1970 2045; baseline -0.002 -23"><span class='ocrx_word' id='word_1_248' title='bbox 383 1969 650 2045; x_wconf 55' lang='grc' dir='ltr'>γούμηον</span> <span class='ocrx_word' id='word_1_249' title='bbox 710 1967 806 2021; x_wconf 80' lang='grc' dir='ltr'>καὶ</span> <span class='ocrx_word' id='word_1_250' title='bbox 858 1965 1326 2038; x_wconf 75' lang='grc' dir='ltr'>συμϐιϐαζόμενον</span> <span class='ocrx_word' id='word_1_251' title='bbox 1380 1963 1534 2029; x_wconf 74' lang='grc' dir='ltr'>αὔξει</span> <span class='ocrx_word' id='word_1_252' title='bbox 1584 1964 1684 2037; x_wconf 84' lang='grc' dir='ltr'>τὴν</span> <span class='ocrx_word' id='word_1_253' title='bbox 1740 1963 1970 2036; x_wconf 76' lang='grc' dir='ltr'>αὔξησιν</span> 
     </span>
    </p>
   </div>
   <div class='ocr_carea' id='block_1_32' title="bbox 382 2057 1971 2129">
    <p class='ocr_par' dir='ltr' id='par_1_32' title="bbox 382 2057 1971 2129">
     <span class='ocr_line' id='line_1_32' title="bbox 382 2057 1971 2129; baseline -0.003 -14"><span class='ocrx_word' id='word_1_254' title='bbox 382 2060 475 2115; x_wconf 91' lang='grc' dir='ltr'><strong>τοῦ</strong></span> <span class='ocrx_word' id='word_1_255' title='bbox 506 2060 663 2128; x_wconf 85' lang='grc' dir='ltr'>Θεοῦ,</span> <span class='ocrx_word' id='word_1_256' title='bbox 688 2061 764 2124; x_wconf 81' lang='grc' dir='ltr'><strong>ῶς</strong></span> <span class='ocrx_word' id='word_1_257' title='bbox 795 2063 824 2115; x_wconf 86' lang='grc' dir='ltr'><strong>ὁ</strong></span> <span class='ocrx_word' id='word_1_258' title='bbox 853 2059 1174 2122; x_wconf 84' lang='grc' dir='ltr'>Ἀπόστολος</span> <span class='ocrx_word' id='word_1_259' title='bbox 1197 2058 1382 2128; x_wconf 78' lang='grc' dir='ltr'>λέγει’</span> <span class='ocrx_word' id='word_1_260' title='bbox 1420 2057 1556 2111; x_wconf 82' lang='grc' dir='ltr'><strong>ἀλλὰ</strong></span> <span class='ocrx_word' id='word_1_261' title='bbox 1588 2059 1728 2129; x_wconf 86' lang='grc' dir='ltr'>τάχα</span> <span class='ocrx_word' id='word_1_262' title='bbox 1755 2058 1831 2122; x_wconf 86' lang='grc' dir='ltr'><strong>ὡς</strong></span> <span class='ocrx_word' id='word_1_263' title='bbox 1865 2058 1971 2111; x_wconf 82' lang='grc' dir='ltr'>ὑπὸ</span> 
     </span>
    </p>
   </div>
   <div class='ocr_carea' id='block_1_33' title="bbox 383 2148 1973 2225">
    <p class='ocr_par' dir='ltr' id='par_1_33' title="bbox 383 2148 1973 2225">
     <span class='ocr_line' id='line_1_33' title="bbox 383 2148 1973 2225; baseline -0.004 -17"><span class='ocrx_word' id='word_1_264' title='bbox 383 2151 680 2225; x_wconf 78' lang='grc' dir='ltr'><strong>ἀλλοτρίων</strong></span> <span class='ocrx_word' id='word_1_265' title='bbox 724 2150 887 2205; x_wconf 83' lang='grc' dir='ltr'>τινῶν</span> <span class='ocrx_word' id='word_1_266' title='bbox 935 2150 1261 2214; x_wconf 83' lang='grc' dir='ltr'>θολωθέντες</span> <span class='ocrx_word' id='word_1_267' title='bbox 1301 2148 1401 2213; x_wconf 84' lang='grc' dir='ltr'>τὰς</span> <span class='ocrx_word' id='word_1_268' title='bbox 1438 2149 1609 2212; x_wconf 76' lang='grc' dir='ltr'>ἀκοὰς</span> <span class='ocrx_word' id='word_1_269' title='bbox 1657 2149 1973 2221; x_wconf 80' lang='grc' dir='ltr'>πλησιαιτέ-</span> 
     </span>
    </p>
   </div>
   <div class='ocr_carea' id='block_1_34' title="bbox 386 2240 1972 2317">
    <p class='ocr_par' dir='ltr' id='par_1_34' title="bbox 386 2240 1972 2317">
     <span class='ocr_line' id='line_1_34' title="bbox 386 2240 1972 2317; baseline -0.004 -18"><span class='ocrx_word' id='word_1_270' title='bbox 386 2262 497 2317; x_wconf 85' lang='grc' dir='ltr'><strong>ρως</strong></span> <span class='ocrx_word' id='word_1_271' title='bbox 529 2243 899 2315; x_wconf 84' lang='grc' dir='ltr'>ούαλεντίνῳ,</span> <span class='ocrx_word' id='word_1_272' title='bbox 932 2242 1028 2296; x_wconf 65' lang='grc' dir='ltr'><strong>καὶ</strong></span> <span class='ocrx_word' id='word_1_273' title='bbox 1065 2241 1376 2312; x_wconf 85' lang='grc' dir='ltr'>Μαρκίωνι,</span> <span class='ocrx_word' id='word_1_274' title='bbox 1403 2241 1497 2294; x_wconf 73' lang='grc' dir='ltr'><strong>καὶ</strong></span> <span class='ocrx_word' id='word_1_275' title='bbox 1536 2240 1841 2311; x_wconf 84' lang='grc' dir='ltr'>Μανιχαίῳ,</span> <span class='ocrx_word' id='word_1_276' title='bbox 1877 2240 1972 2294; x_wconf 76' lang='grc' dir='ltr'>καὶ</span> 
     </span>
    </p>
   </div>
   <div class='ocr_carea' id='block_1_35' title="bbox 384 2331 1973 2408">
    <p class='ocr_par' dir='ltr' id='par_1_35' title="bbox 384 2331 1973 2408">
     <span class='ocr_line' id='line_1_35' title="bbox 384 2331 1973 2408; baseline -0.003 -17"><span class='ocrx_word' id='word_1_277' title='bbox 384 2337 542 2392; x_wconf 78' lang='grc' dir='ltr'>αὐτοὶ</span> <span class='ocrx_word' id='word_1_278' title='bbox 575 2335 735 2408; x_wconf 83' lang='grc' dir='ltr'>δῆθεν</span> <span class='ocrx_word' id='word_1_279' title='bbox 768 2338 849 2400; x_wconf 82' lang='grc' dir='ltr'><strong>είς</strong></span> <span class='ocrx_word' id='word_1_280' title='bbox 879 2334 1045 2407; x_wconf 82' lang='grc' dir='ltr'>τιμὴν</span> <span class='ocrx_word' id='word_1_281' title='bbox 1081 2331 1320 2406; x_wconf 82' lang='grc' dir='ltr'>Χριστοῦ</span> <span class='ocrx_word' id='word_1_282' title='bbox 1368 2331 1728 2403; x_wconf 79' lang='grc' dir='ltr'>φαντάζονται</span> <span class='ocrx_word' id='word_1_283' title='bbox 1774 2332 1973 2404; x_wconf 75' lang='grc' dir='ltr'>μᾶλλον</span> 
     </span>
    </p>
   </div>
   <div class='ocr_carea' id='block_1_36' title="bbox 385 2425 1973 2503">
    <p class='ocr_par' dir='ltr' id='par_1_36' title="bbox 385 2425 1973 2503">
     <span class='ocr_line' id='line_1_36' title="bbox 385 2425 1973 2503; baseline -0.004 -18"><span class='ocrx_word' id='word_1_284' title='bbox 385 2430 532 2503; x_wconf 73' lang='grc' dir='ltr'>ἥπερ</span> <span class='ocrx_word' id='word_1_285' title='bbox 558 2428 934 2501; x_wconf 79' lang='grc' dir='ltr'>ἀληθεύουσιν.</span> <span class='ocrx_word' id='word_1_286' title='bbox 980 2425 1151 2480; x_wconf 82' lang='grc' dir='ltr'>Ἐπάν</span> <span class='ocrx_word' id='word_1_287' title='bbox 1196 2425 1471 2480; x_wconf 79' lang='grc' dir='ltr'>ἀκούσωσι</span> <span class='ocrx_word' id='word_1_288' title='bbox 1513 2427 1641 2498; x_wconf 84' lang='grc' dir='ltr'>παρ’</span> <span class='ocrx_word' id='word_1_289' title='bbox 1674 2425 1851 2498; x_wconf 81' lang='grc' dir='ltr'>ἡμῶν,</span> <span class='ocrx_word' id='word_1_290' title='bbox 1890 2426 1973 2479; x_wconf 82' lang='grc' dir='ltr'>ὅτι</span> 
     </span>
    </p>
   </div>
   <div class='ocr_carea' id='block_1_37' title="bbox 385 2518 1975 2595">
    <p class='ocr_par' dir='ltr' id='par_1_37' title="bbox 385 2518 1975 2595">
     <span class='ocr_line' id='line_1_37' title="bbox 385 2518 1975 2595; baseline -0.003 -19"><span class='ocrx_word' id='word_1_291' title='bbox 385 2522 513 2595; x_wconf 79' lang='grc' dir='ltr'>ἐσχε</span> <span class='ocrx_word' id='word_1_292' title='bbox 553 2520 788 2594; x_wconf 80' lang='grc' dir='ltr'>Χριστὸς</span> <span class='ocrx_word' id='word_1_293' title='bbox 844 2518 1005 2590; x_wconf 84' lang='grc' dir='ltr'>σῶμα</span> <span class='ocrx_word' id='word_1_294' title='bbox 1057 2518 1120 2572; x_wconf 82' lang='grc' dir='ltr'><strong>τὸ</strong></span> <span class='ocrx_word' id='word_1_295' title='bbox 1170 2518 1460 2590; x_wconf 82' lang='grc' dir='ltr'>ἡμέτερον,</span> <span class='ocrx_word' id='word_1_296' title='bbox 1518 2519 1681 2579; x_wconf 79' lang='grc' dir='ltr'>εὐθὺς</span> <span class='ocrx_word' id='word_1_297' title='bbox 1720 2520 1801 2582; x_wconf 83' lang='grc' dir='ltr'><strong>είς</strong></span> <span class='ocrx_word' id='word_1_298' title='bbox 1847 2518 1975 2583; x_wconf 74' lang='grc' dir='ltr'>τοὺς</span> 
     </span>
    </p>
   </div>
   <div class='ocr_carea' id='block_1_38' title="bbox 388 2609 1976 2687">
    <p class='ocr_par' dir='ltr' id='par_1_38' title="bbox 388 2609 1976 2687">
     <span class='ocr_line' id='line_1_38' title="bbox 388 2609 1976 2687; baseline -0.004 -18"><span class='ocrx_word' id='word_1_299' title='bbox 388 2614 594 2687; x_wconf 80' lang='grc' dir='ltr'><strong>μύθους</strong></span> <span class='ocrx_word' id='word_1_300' title='bbox 635 2613 928 2685; x_wconf 80' lang='grc' dir='ltr'>τρέπονται</span> <span class='ocrx_word' id='word_1_301' title='bbox 978 2612 1104 2675; x_wconf 80' lang='grc' dir='ltr'>τοὺς</span> <span class='ocrx_word' id='word_1_302' title='bbox 1153 2610 1316 2675; x_wconf 87' lang='grc' dir='ltr'>ίδίους</span> <span class='ocrx_word' id='word_1_303' title='bbox 1363 2611 1462 2681; x_wconf 79' lang='grc' dir='ltr'>τῆς</span> <span class='ocrx_word' id='word_1_304' title='bbox 1507 2609 1860 2680; x_wconf 83' lang='grc' dir='ltr'>φιλονεικίας,</span> <span class='ocrx_word' id='word_1_305' title='bbox 1890 2609 1976 2663; x_wconf 81' lang='grc' dir='ltr'><strong>λέ-</strong></span> 
     </span>
    </p>
   </div>
   <div class='ocr_carea' id='block_1_39' title="bbox 388 2701 1977 2777">
    <p class='ocr_par' dir='ltr' id='par_1_39' title="bbox 388 2701 1977 2777">
     <span class='ocr_line' id='line_1_39' title="bbox 388 2701 1977 2777; baseline -0.004 -16"><span class='ocrx_word' id='word_1_306' title='bbox 388 2724 576 2777; x_wconf 89' lang='grc' dir='ltr'>γοντες</span> <span class='ocrx_word' id='word_1_307' title='bbox 607 2705 806 2777; x_wconf 74' lang='grc' dir='ltr'>ὄνυχας</span> <span class='ocrx_word' id='word_1_308' title='bbox 838 2704 998 2758; x_wconf 82' lang='grc' dir='ltr'>αὐτὸν</span> <span class='ocrx_word' id='word_1_309' title='bbox 1028 2703 1339 2774; x_wconf 74' lang='grc' dir='ltr'>ἐσχηκέναι,</span> <span class='ocrx_word' id='word_1_310' title='bbox 1369 2704 1465 2756; x_wconf 69' lang='grc' dir='ltr'><strong>καὶ</strong></span> <span class='ocrx_word' id='word_1_311' title='bbox 1503 2703 1702 2775; x_wconf 81' lang='grc' dir='ltr'>σάρκα,</span> <span class='ocrx_word' id='word_1_312' title='bbox 1733 2703 1829 2757; x_wconf 73' lang='grc' dir='ltr'><strong>καὶ</strong></span> <span class='ocrx_word' id='word_1_313' title='bbox 1860 2701 1977 2775; x_wconf 87' lang='grc' dir='ltr'>τρί-</span> 
     </span>
    </p>
   </div>
   <div class='ocr_carea' id='block_1_40' title="bbox 388 2794 1977 2869">
    <p class='ocr_par' dir='ltr' id='par_1_40' title="bbox 388 2794 1977 2869">
     <span class='ocr_line' id='line_1_40' title="bbox 388 2794 1977 2869; baseline -0.003 -17"><span class='ocrx_word' id='word_1_314' title='bbox 388 2815 508 2869; x_wconf 89' lang='grc' dir='ltr'>χας,</span> <span class='ocrx_word' id='word_1_315' title='bbox 532 2796 628 2851; x_wconf 75' lang='grc' dir='ltr'>καὶ</span> <span class='ocrx_word' id='word_1_316' title='bbox 662 2798 715 2852; x_wconf 83' lang='grc' dir='ltr'><strong>εί</strong></span> <span class='ocrx_word' id='word_1_317' title='bbox 737 2814 789 2851; x_wconf 89' lang='grc' dir='ltr'><strong>τι</strong></span> <span class='ocrx_word' id='word_1_318' title='bbox 819 2796 1033 2869; x_wconf 73' lang='grc' dir='ltr'>ἕτερον’</span> <span class='ocrx_word' id='word_1_319' title='bbox 1065 2796 1126 2849; x_wconf 83' lang='grc' dir='ltr'>οὑ</span> <span class='ocrx_word' id='word_1_320' title='bbox 1161 2794 1435 2859; x_wconf 80' lang='grc' dir='ltr'>τοιούτους</span> <span class='ocrx_word' id='word_1_321' title='bbox 1482 2794 1784 2858; x_wconf 83' lang='grc' dir='ltr'>δὲ’ὁποίους</span> <span class='ocrx_word' id='word_1_322' title='bbox 1813 2796 1977 2866; x_wconf 82' lang='grc' dir='ltr'>ἡμεῖς</span> 
     </span>
    </p>
   </div>
   <div class='ocr_carea' id='block_1_41' title="bbox 388 2886 1978 2960">
    <p class='ocr_par' dir='ltr' id='par_1_41' title="bbox 388 2886 1978 2960">
     <span class='ocr_line' id='line_1_41' title="bbox 388 2886 1978 2960; baseline 0 -20"><span class='ocrx_word' id='word_1_323' title='bbox 388 2887 604 2960; x_wconf 73' lang='grc' dir='ltr'>ἔχομεν,</span> <span class='ocrx_word' id='word_1_324' title='bbox 634 2887 769 2942; x_wconf 79' lang='grc' dir='ltr'>ἀλλὰ</span> <span class='ocrx_word' id='word_1_325' title='bbox 797 2886 989 2951; x_wconf 77' lang='grc' dir='ltr'>ἄλλους</span> <span class='ocrx_word' id='word_1_326' title='bbox 1016 2886 1214 2957; x_wconf 73' lang='grc' dir='ltr'>ὄνυχας</span> <span class='ocrx_word' id='word_1_327' title='bbox 1264 2886 1577 2958; x_wconf 77' lang='grc' dir='ltr'>ἐσχηκέναι,</span> <span class='ocrx_word' id='word_1_328' title='bbox 1624 2888 1719 2940; x_wconf 71' lang='grc' dir='ltr'><strong>καὶ</strong></span> <span class='ocrx_word' id='word_1_329' title='bbox 1768 2887 1978 2958; x_wconf 81' lang='grc' dir='ltr'>σάρκας</span> 
     </span>
    </p>
   </div>
   <div class='ocr_carea' id='block_1_42' title="bbox 388 2977 1976 3050">
    <p class='ocr_par' dir='ltr' id='par_1_42' title="bbox 388 2977 1976 3050">
     <span class='ocr_line' id='line_1_42' title="bbox 388 2977 1976 3050; baseline -0.001 -17"><span class='ocrx_word' id='word_1_330' title='bbox 388 2978 579 3045; x_wconf 73' lang='grc' dir='ltr'>ἄλλας,</span> <span class='ocrx_word' id='word_1_331' title='bbox 607 2978 702 3031; x_wconf 77' lang='grc' dir='ltr'><strong>καὶ</strong></span> <span class='ocrx_word' id='word_1_332' title='bbox 738 2977 808 3032; x_wconf 79' lang='grc' dir='ltr'>τὰ</span> <span class='ocrx_word' id='word_1_333' title='bbox 844 2977 980 3033; x_wconf 81' lang='grc' dir='ltr'>ἄλλα</span> <span class='ocrx_word' id='word_1_334' title='bbox 1013 2978 1191 3032; x_wconf 87' lang='grc' dir='ltr'>πάντα</span> <span class='ocrx_word' id='word_1_335' title='bbox 1234 2977 1332 3048; x_wconf 79' lang='grc' dir='ltr'><strong>οὐχ</strong></span> <span class='ocrx_word' id='word_1_336' title='bbox 1369 2979 1528 3031; x_wconf 80' lang='grc' dir='ltr'>ὁποῖα</span> <span class='ocrx_word' id='word_1_337' title='bbox 1556 2980 1717 3050; x_wconf 82' lang='grc' dir='ltr'>ἡμεῖς</span> <span class='ocrx_word' id='word_1_338' title='bbox 1758 2977 1976 3049; x_wconf 78' lang='grc' dir='ltr'>ἔχομεν,</span> 
     </span>
    </p>
   </div>
   <div class='ocr_carea' id='block_1_43' title="bbox 390 3068 1979 3143">
    <p class='ocr_par' dir='ltr' id='par_1_43' title="bbox 390 3068 1979 3143">
     <span class='ocr_line' id='line_1_43' title="bbox 390 3068 1979 3143; baseline -0.003 -16"><span class='ocrx_word' id='word_1_339' title='bbox 390 3072 527 3127; x_wconf 80' lang='grc' dir='ltr'><strong>ἀλλὰ</strong></span> <span class='ocrx_word' id='word_1_340' title='bbox 559 3071 743 3126; x_wconf 80' lang='grc' dir='ltr'>ἀλλοῖα</span> <span class='ocrx_word' id='word_1_341' title='bbox 773 3069 926 3143; x_wconf 74' lang='grc' dir='ltr'>παρὰ</span> <span class='ocrx_word' id='word_1_342' title='bbox 960 3068 1029 3123; x_wconf 82' lang='grc' dir='ltr'>τὰ</span> <span class='ocrx_word' id='word_1_343' title='bbox 1072 3069 1371 3141; x_wconf 56' lang='grc' dir='ltr'>ἡμέτεραν</span> <span class='ocrx_word' id='word_1_344' title='bbox 1397 3070 1555 3141; x_wconf 79' lang='grc' dir='ltr'>δῆθεν</span> <span class='ocrx_word' id='word_1_345' title='bbox 1593 3070 1753 3126; x_wconf 83' lang='grc' dir='ltr'>πάλιν</span> <span class='ocrx_word' id='word_1_346' title='bbox 1803 3068 1979 3140; x_wconf 82' lang='grc' dir='ltr'>βουλό-</span> 
     </span>
    </p>
   </div>
   <div class='ocr_carea' id='block_1_44' title="bbox 2071 1877 3666 1948">
    <p class='ocr_par' dir='ltr' id='par_1_44' title="bbox 2071 1877 3666 1948">
     <span class='ocr_line' id='line_1_44' title="bbox 2071 1877 3666 1948; baseline 0.004 -18"><span class='ocrx_word' id='word_1_347' title='bbox 2071 1889 2270 1945; x_wconf 91' lang='lat' dir='ltr'><strong>corpus</strong></span> <span class='ocrx_word' id='word_1_348' title='bbox 2330 1890 2428 1944; x_wconf 90' lang='lat' dir='ltr'><strong>per</strong></span> <span class='ocrx_word' id='word_1_349' title='bbox 2465 1889 2753 1947; x_wconf 83' lang='lat' dir='ltr'><strong>compages</strong></span> <span class='ocrx_word' id='word_1_350' title='bbox 2801 1884 2855 1932; x_wconf 92' lang='lat' dir='ltr'><strong>et</strong></span> <span class='ocrx_word' id='word_1_351' title='bbox 2901 1877 3117 1932; x_wconf 85' lang='lat' dir='ltr'><strong>vincula</strong></span> <span class='ocrx_word' id='word_1_352' title='bbox 3159 1877 3562 1948; x_wconf 89' lang='lat' dir='ltr'><strong>suppeditatum</strong></span> <span class='ocrx_word' id='word_1_353' title='bbox 3613 1896 3666 1936; x_wconf 79' lang='lat' dir='ltr'><strong>et</strong></span> 
     </span>
    </p>
   </div>
   <div class='ocr_carea' id='block_1_45' title="bbox 2071 1969 3654 2042">
    <p class='ocr_par' dir='ltr' id='par_1_45' title="bbox 2071 1969 3654 2042">
     <span class='ocr_line' id='line_1_45' title="bbox 2071 1969 3654 2042; baseline 0.001 -19"><span class='ocrx_word' id='word_1_354' title='bbox 2071 1974 2509 2038; x_wconf 81' lang='lat' dir='ltr'><strong>coagmentatum</strong></span> <span class='ocrx_word' id='word_1_355' title='bbox 2558 1978 2789 2039; x_wconf 84' lang='lat' dir='ltr'><strong>augetur</strong></span> <span class='ocrx_word' id='word_1_356' title='bbox 2828 1969 3165 2026; x_wconf 90' lang='lat' dir='ltr'><strong>incremento</strong></span> <span class='ocrx_word' id='word_1_357' title='bbox 3221 1970 3359 2036; x_wconf 91' lang='lat' dir='ltr'><strong>Dei,</strong></span> <span class='ocrx_word' id='word_1_358' title='bbox 3418 1979 3478 2025; x_wconf 92' lang='lat' dir='ltr'><strong>ut</strong></span> <span class='ocrx_word' id='word_1_359' title='bbox 3503 1969 3654 2042; x_wconf 86' lang='lat' dir='ltr'><strong>Apo-</strong></span> 
     </span>
    </p>
   </div>
   <div class='ocr_carea' id='block_1_46' title="bbox 2073 2060 3661 2128">
    <p class='ocr_par' dir='ltr' id='par_1_46' title="bbox 2073 2060 3661 2128">
     <span class='ocr_line' id='line_1_46' title="bbox 2073 2060 3661 2128; baseline 0.001 -13"><span class='ocrx_word' id='word_1_360' title='bbox 2073 2060 2197 2115; x_wconf 91' lang='lat' dir='ltr'><strong>stoli</strong></span> <span class='ocrx_word' id='word_1_361' title='bbox 2226 2061 2407 2116; x_wconf 87' lang='lat' dir='ltr'><strong>verbis</strong></span> <span class='ocrx_word' id='word_1_362' title='bbox 2437 2060 2630 2128; x_wconf 66' lang='lat' dir='ltr'><strong>utar‘;</strong></span> <span class='ocrx_word' id='word_1_363' title='bbox 2666 2061 2762 2117; x_wconf 90' lang='lat' dir='ltr'><strong>sed</strong></span> <span class='ocrx_word' id='word_1_364' title='bbox 2793 2077 2953 2117; x_wconf 90' lang='lat' dir='ltr'><strong>aures</strong></span> <span class='ocrx_word' id='word_1_365' title='bbox 2978 2077 3107 2117; x_wconf 91' lang='lat' dir='ltr'><strong>suas</strong></span> <span class='ocrx_word' id='word_1_366' title='bbox 3139 2061 3442 2117; x_wconf 83' lang='lat' dir='ltr'><strong>alienorum</strong></span> <span class='ocrx_word' id='word_1_367' title='bbox 3480 2063 3661 2117; x_wconf 87' lang='lat' dir='ltr'><strong>homi-</strong></span> 
     </span>
    </p>
   </div>
   <div class='ocr_carea' id='block_1_47' title="bbox 2072 2151 3661 2225">
    <p class='ocr_par' dir='ltr' id='par_1_47' title="bbox 2072 2151 3661 2225">
     <span class='ocr_line' id='line_1_47' title="bbox 2072 2151 3661 2225; baseline 0.001 -18"><span class='ocrx_word' id='word_1_368' title='bbox 2072 2167 2203 2207; x_wconf 87' lang='lat' dir='ltr'><strong>num</strong></span> <span class='ocrx_word' id='word_1_369' title='bbox 2237 2152 2648 2209; x_wconf 87' lang='lat' dir='ltr'><strong>narrationibus</strong></span> <span class='ocrx_word' id='word_1_370' title='bbox 2687 2154 2997 2225; x_wconf 86' lang='lat' dir='ltr'><strong>perturbari</strong></span> <span class='ocrx_word' id='word_1_371' title='bbox 3030 2153 3319 2224; x_wconf 87' lang='lat' dir='ltr'><strong>patientes,</strong></span> <span class='ocrx_word' id='word_1_372' title='bbox 3355 2168 3463 2207; x_wconf 91' lang='lat' dir='ltr'><strong>non</strong></span> <span class='ocrx_word' id='word_1_373' title='bbox 3495 2151 3661 2208; x_wconf 84' lang='lat' dir='ltr'><strong>dissi-</strong></span> 
     </span>
    </p>
   </div>
   <div class='ocr_carea' id='block_1_48' title="bbox 2072 2240 3662 2313">
    <p class='ocr_par' dir='ltr' id='par_1_48' title="bbox 2072 2240 3662 2313">
     <span class='ocr_line' id='line_1_48' title="bbox 2072 2240 3662 2313; baseline 0.001 -17"><span class='ocrx_word' id='word_1_374' title='bbox 2072 2242 2186 2296; x_wconf 91' lang='lat' dir='ltr'><strong>mili</strong></span> <span class='ocrx_word' id='word_1_375' title='bbox 2220 2256 2284 2296; x_wconf 89' lang='lat' dir='ltr'><strong>ac</strong></span> <span class='ocrx_word' id='word_1_376' title='bbox 2319 2240 2665 2308; x_wconf 81' lang='lat' dir='ltr'><strong>Valentinus,</strong></span> <span class='ocrx_word' id='word_1_377' title='bbox 2695 2241 2897 2298; x_wconf 80' lang='lat' dir='ltr'><strong>Marcio</strong></span> <span class='ocrx_word' id='word_1_378' title='bbox 2946 2241 3387 2313; x_wconf 73' lang='lat' dir='ltr'><strong>Manicha-usque</strong></span> <span class='ocrx_word' id='word_1_379' title='bbox 3426 2242 3662 2309; x_wconf 86' lang='lat' dir='ltr'><strong>ratione,</strong></span> 
     </span>
    </p>
   </div>
   <div class='ocr_carea' id='block_1_49' title="bbox 2074 2333 3661 2402">
    <p class='ocr_par' dir='ltr' id='par_1_49' title="bbox 2074 2333 3661 2402">
     <span class='ocr_line' id='line_1_49' title="bbox 2074 2333 3661 2402; baseline 0 -13"><span class='ocrx_word' id='word_1_380' title='bbox 2074 2335 2307 2389; x_wconf 81' lang='lat' dir='ltr'><strong>conficta</strong></span> <span class='ocrx_word' id='word_1_381' title='bbox 2332 2334 2600 2402; x_wconf 57' lang='lat' dir='ltr'><strong>quaedam,</strong></span> <span class='ocrx_word' id='word_1_382' title='bbox 2632 2334 2687 2390; x_wconf 89' lang='lat' dir='ltr'><strong>in</strong></span> <span class='ocrx_word' id='word_1_383' title='bbox 2721 2335 2981 2390; x_wconf 90' lang='lat' dir='ltr'><strong>honorem</strong></span> <span class='ocrx_word' id='word_1_384' title='bbox 3011 2334 3219 2390; x_wconf 90' lang='lat' dir='ltr'><strong>scilicet</strong></span> <span class='ocrx_word' id='word_1_385' title='bbox 3250 2333 3479 2399; x_wconf 89' lang='lat' dir='ltr'><strong>Christi,</strong></span> <span class='ocrx_word' id='word_1_386' title='bbox 3509 2348 3661 2389; x_wconf 82' lang='lat' dir='ltr'><strong>men-</strong></span> 
     </span>
    </p>
   </div>
   <div class='ocr_carea' id='block_1_50' title="bbox 2074 2424 3659 2497">
    <p class='ocr_par' dir='ltr' id='par_1_50' title="bbox 2074 2424 3659 2497">
     <span class='ocr_line' id='line_1_50' title="bbox 2074 2424 3659 2497; baseline 0.001 -16"><span class='ocrx_word' id='word_1_387' title='bbox 2074 2424 2228 2481; x_wconf 87' lang='lat' dir='ltr'><strong>dacia</strong></span> <span class='ocrx_word' id='word_1_388' title='bbox 2261 2441 2359 2497; x_wconf 91' lang='lat' dir='ltr'><strong>pro</strong></span> <span class='ocrx_word' id='word_1_389' title='bbox 2399 2427 2539 2483; x_wconf 91' lang='lat' dir='ltr'><strong>veris</strong></span> <span class='ocrx_word' id='word_1_390' title='bbox 2577 2427 2921 2497; x_wconf 81' lang='lat' dir='ltr'><strong>dogmatibus</strong></span> <span class='ocrx_word' id='word_1_391' title='bbox 2950 2425 3269 2482; x_wconf 88' lang='lat' dir='ltr'><strong>obtrudunt.</strong></span> <span class='ocrx_word' id='word_1_392' title='bbox 3293 2426 3431 2483; x_wconf 92' lang='lat' dir='ltr'><strong>Cum</strong></span> <span class='ocrx_word' id='word_1_393' title='bbox 3450 2428 3596 2483; x_wconf 86' lang='lat' dir='ltr'><strong>enim</strong></span> <span class='ocrx_word' id='word_1_394' title='bbox 3625 2441 3659 2483; x_wconf 72' lang='grc' dir='ltr'>ι</span> 
     </span>
    </p>
   </div>
   <div class='ocr_carea' id='block_1_51' title="bbox 2076 2518 3667 2590">
    <p class='ocr_par' dir='ltr' id='par_1_51' title="bbox 2076 2518 3667 2590">
     <span class='ocr_line' id='line_1_51' title="bbox 2076 2518 3667 2590; baseline -0.003 -15"><span class='ocrx_word' id='word_1_395' title='bbox 2076 2519 2235 2576; x_wconf 80' lang='lat' dir='ltr'><strong>nobis</strong></span> <span class='ocrx_word' id='word_1_396' title='bbox 2251 2519 2497 2585; x_wconf 87' lang='lat' dir='ltr'><strong>audiunt,</strong></span> <span class='ocrx_word' id='word_1_397' title='bbox 2514 2520 2790 2574; x_wconf 84' lang='lat' dir='ltr'><strong>Christum</strong></span> <span class='ocrx_word' id='word_1_398' title='bbox 2822 2527 3012 2575; x_wconf 90' lang='lat' dir='ltr'><strong>nostro</strong></span> <span class='ocrx_word' id='word_1_399' title='bbox 3029 2518 3198 2576; x_wconf 88' lang='lat' dir='ltr'><strong>fuisse</strong></span> <span class='ocrx_word' id='word_1_400' title='bbox 3227 2533 3456 2590; x_wconf 89' lang='lat' dir='ltr'><strong>corpore</strong></span> <span class='ocrx_word' id='word_1_401' title='bbox 3471 2518 3667 2590; x_wconf 82' lang='lat' dir='ltr'><strong>praedi-</strong></span> 
     </span>
    </p>
   </div>
   <div class='ocr_carea' id='block_1_52' title="bbox 2076 2611 3665 2684">
    <p class='ocr_par' dir='ltr' id='par_1_52' title="bbox 2076 2611 3665 2684">
     <span class='ocr_line' id='line_1_52' title="bbox 2076 2611 3665 2684; baseline -0.001 -17"><span class='ocrx_word' id='word_1_402' title='bbox 2076 2620 2213 2676; x_wconf 88' lang='lat' dir='ltr'><strong>tmn,</strong></span> <span class='ocrx_word' id='word_1_403' title='bbox 2247 2613 2427 2667; x_wconf 87' lang='lat' dir='ltr'><strong>statim</strong></span> <span class='ocrx_word' id='word_1_404' title='bbox 2460 2611 2527 2666; x_wconf 92' lang='lat' dir='ltr'><strong>ad</strong></span> <span class='ocrx_word' id='word_1_405' title='bbox 2560 2613 2747 2668; x_wconf 90' lang='lat' dir='ltr'><strong>inanes</strong></span> <span class='ocrx_word' id='word_1_406' title='bbox 2775 2626 2839 2667; x_wconf 88' lang='lat' dir='ltr'><strong>ac</strong></span> <span class='ocrx_word' id='word_1_407' title='bbox 2874 2613 3190 2684; x_wconf 71' lang='lat' dir='ltr'><strong>pertinacia:</strong></span> <span class='ocrx_word' id='word_1_408' title='bbox 3219 2627 3333 2668; x_wconf 65' lang='lat' dir='ltr'><strong>suae</strong></span> <span class='ocrx_word' id='word_1_409' title='bbox 3369 2622 3631 2667; x_wconf 88' lang='lat' dir='ltr'><strong>consenta</strong></span> <span class='ocrx_word' id='word_1_410' title='bbox 3653 2641 3665 2652; x_wconf 91' lang='lat'><strong>-</strong></span> 
     </span>
    </p>
   </div>
   <div class='ocr_carea' id='block_1_53' title="bbox 2077 2703 3668 2777">
    <p class='ocr_par' dir='ltr' id='par_1_53' title="bbox 2077 2703 3668 2777">
     <span class='ocr_line' id='line_1_53' title="bbox 2077 2703 3668 2777; baseline 0.001 -17"><span class='ocrx_word' id='word_1_411' title='bbox 2077 2721 2209 2761; x_wconf 88' lang='lat' dir='ltr'><strong>neas</strong></span> <span class='ocrx_word' id='word_1_412' title='bbox 2247 2721 2368 2762; x_wconf 89' lang='lat' dir='ltr'><strong>sese</strong></span> <span class='ocrx_word' id='word_1_413' title='bbox 2396 2706 2608 2760; x_wconf 79' lang='lat' dir='ltr'><strong>fabulas</strong></span> <span class='ocrx_word' id='word_1_414' title='bbox 2636 2705 2990 2761; x_wconf 85' lang='lat' dir='ltr'><strong>transferunt.</strong></span> <span class='ocrx_word' id='word_1_415' title='bbox 3023 2703 3159 2760; x_wconf 87' lang='lat' dir='ltr'><strong>Nam</strong></span> <span class='ocrx_word' id='word_1_416' title='bbox 3189 2721 3398 2777; x_wconf 87' lang='lat' dir='ltr'><strong>ungues</strong></span> <span class='ocrx_word' id='word_1_417' title='bbox 3428 2705 3578 2759; x_wconf 91' lang='lat' dir='ltr'><strong>illum</strong></span> <span class='ocrx_word' id='word_1_418' title='bbox 3609 2711 3668 2762; x_wconf 72' lang='lat' dir='ltr'><strong>et</strong></span> 
     </span>
    </p>
   </div>
   <div class='ocr_carea' id='block_1_54' title="bbox 2077 2788 3661 2869">
    <p class='ocr_par' dir='ltr' id='par_1_54' title="bbox 2077 2788 3661 2869">
     <span class='ocr_line' id='line_1_54' title="bbox 2077 2788 3661 2869; baseline 0.002 -15"><span class='ocrx_word' id='word_1_419' title='bbox 2077 2812 2299 2854; x_wconf 89' lang='lat' dir='ltr'><strong>carnem</strong></span> <span class='ocrx_word' id='word_1_420' title='bbox 2330 2813 2394 2852; x_wconf 92' lang='lat' dir='ltr'><strong>ac</strong></span> <span class='ocrx_word' id='word_1_421' title='bbox 2419 2799 2643 2869; x_wconf 85' lang='lat' dir='ltr'><strong>capillos</strong></span> <span class='ocrx_word' id='word_1_422' title='bbox 2675 2806 2979 2867; x_wconf 82' lang='lat' dir='ltr'><strong>caeteraque</strong></span> <span class='ocrx_word' id='word_1_423' title='bbox 3010 2798 3195 2853; x_wconf 88' lang='lat' dir='ltr'><strong>omnia</strong></span> <span class='ocrx_word' id='word_1_424' title='bbox 3235 2813 3342 2856; x_wconf 83' lang='lat' dir='ltr'><strong>non</strong></span> <span class='ocrx_word' id='word_1_425' title='bbox 3370 2788 3661 2866; x_wconf 80' lang='lat' dir='ltr'><strong>ejusmodi.</strong></span> 
     </span>
    </p>
   </div>
   <div class='ocr_carea' id='block_1_55' title="bbox 2078 2889 3667 2962">
    <p class='ocr_par' dir='ltr' id='par_1_55' title="bbox 2078 2889 3667 2962">
     <span class='ocr_line' id='line_1_55' title="bbox 2078 2889 3667 2962; baseline 0.001 -19"><span class='ocrx_word' id='word_1_426' title='bbox 2078 2890 2261 2962; x_wconf 90' lang='lat' dir='ltr'><strong>qualia</strong></span> <span class='ocrx_word' id='word_1_427' title='bbox 2307 2889 2364 2944; x_wconf 90' lang='lat' dir='ltr'><strong>in</strong></span> <span class='ocrx_word' id='word_1_428' title='bbox 2415 2890 2571 2944; x_wconf 86' lang='lat' dir='ltr'><strong>nobis</strong></span> <span class='ocrx_word' id='word_1_429' title='bbox 2623 2890 2830 2955; x_wconf 85' lang='lat' dir='ltr'><strong>insunt,</strong></span> <span class='ocrx_word' id='word_1_430' title='bbox 2880 2890 3140 2946; x_wconf 89' lang='lat' dir='ltr'><strong>habuisse</strong></span> <span class='ocrx_word' id='word_1_431' title='bbox 3189 2889 3519 2961; x_wconf 67' lang='lat' dir='ltr'><strong>praedicant,</strong></span> <span class='ocrx_word' id='word_1_432' title='bbox 3568 2889 3667 2945; x_wconf 87' lang='lat' dir='ltr'><strong>sed</strong></span> 
     </span>
    </p>
   </div>
   <div class='ocr_carea' id='block_1_56' title="bbox 2078 2978 3668 3052">
    <p class='ocr_par' dir='ltr' id='par_1_56' title="bbox 2078 2978 3668 3052">
     <span class='ocr_line' id='line_1_56' title="bbox 2078 2978 3668 3052; baseline -0.001 -16"><span class='ocrx_word' id='word_1_433' title='bbox 2078 2996 2290 3052; x_wconf 88' lang='lat' dir='ltr'><strong>ungues</strong></span> <span class='ocrx_word' id='word_1_434' title='bbox 2339 2996 2370 3035; x_wconf 91' lang='lat' dir='ltr'><strong>a</strong></span> <span class='ocrx_word' id='word_1_435' title='bbox 2419 2981 2625 3035; x_wconf 92' lang='lat' dir='ltr'><strong>nostris</strong></span> <span class='ocrx_word' id='word_1_436' title='bbox 2666 2978 2932 3040; x_wconf 82' lang='lat' dir='ltr'><strong>diversos,</strong></span> <span class='ocrx_word' id='word_1_437' title='bbox 2980 2979 3275 3049; x_wconf 83' lang='lat' dir='ltr'><strong>itidemque</strong></span> <span class='ocrx_word' id='word_1_438' title='bbox 3323 2994 3544 3034; x_wconf 80' lang='lat' dir='ltr'><strong>carnem</strong></span> <span class='ocrx_word' id='word_1_439' title='bbox 3603 2994 3668 3034; x_wconf 91' lang='lat' dir='ltr'><strong>ac</strong></span> 
     </span>
    </p>
   </div>
   <div class='ocr_carea' id='block_1_57' title="bbox 2080 3071 3668 3145">
    <p class='ocr_par' dir='ltr' id='par_1_57' title="bbox 2080 3071 3668 3145">
     <span class='ocr_line' id='line_1_57' title="bbox 2080 3071 3668 3145; baseline -0.002 -16"><span class='ocrx_word' id='word_1_440' title='bbox 2080 3075 2289 3144; x_wconf 86' lang='lat' dir='ltr'><strong>reliqua</strong></span> <span class='ocrx_word' id='word_1_441' title='bbox 2317 3073 2371 3128; x_wconf 89' lang='lat' dir='ltr'><strong>id</strong></span> <span class='ocrx_word' id='word_1_442' title='bbox 2400 3089 2572 3145; x_wconf 87' lang='lat' dir='ltr'><strong>genus</strong></span> <span class='ocrx_word' id='word_1_443' title='bbox 2610 3086 2720 3127; x_wconf 90' lang='lat' dir='ltr'><strong>non</strong></span> <span class='ocrx_word' id='word_1_444' title='bbox 2760 3073 2959 3126; x_wconf 88' lang='lat' dir='ltr'><strong>similia</strong></span> <span class='ocrx_word' id='word_1_445' title='bbox 2989 3078 3324 3134; x_wconf 88' lang='lat' dir='ltr'><strong>nostrorum,</strong></span> <span class='ocrx_word' id='word_1_446' title='bbox 3365 3072 3461 3126; x_wconf 91' lang='lat' dir='ltr'><strong>sed</strong></span> <span class='ocrx_word' id='word_1_447' title='bbox 3500 3072 3568 3126; x_wconf 90' lang='lat' dir='ltr'><strong>ab</strong></span> <span class='ocrx_word' id='word_1_448' title='bbox 3598 3071 3668 3126; x_wconf 85' lang='lat' dir='ltr'><strong>iis</strong></span> 
     </span>
    </p>
   </div>
   <div class='ocr_carea' id='block_1_58' title="bbox 394 3149 1980 3236">
    <p class='ocr_par' dir='ltr' id='par_1_58' title="bbox 394 3160 1979 3236">
     <span class='ocr_line' id='line_1_58' title="bbox 394 3160 1979 3236; baseline -0.003 -18"><span class='ocrx_word' id='word_1_449' title='bbox 394 3181 546 3236; x_wconf 87' lang='grc' dir='ltr'>μενοι</span> <span class='ocrx_word' id='word_1_450' title='bbox 575 3163 904 3233; x_wconf 82' lang='grc' dir='ltr'>σοφιστικῶς</span> <span class='ocrx_word' id='word_1_451' title='bbox 938 3160 1017 3233; x_wconf 83' lang='grc' dir='ltr'>τῷ</span> <span class='ocrx_word' id='word_1_452' title='bbox 1064 3160 1287 3231; x_wconf 83' lang='grc' dir='ltr'>Χριστῷ</span> <span class='ocrx_word' id='word_1_453' title='bbox 1322 3161 1671 3234; x_wconf 87' lang='grc' dir='ltr'>χαρίσασθαι,</span> <span class='ocrx_word' id='word_1_454' title='bbox 1716 3161 1858 3216; x_wconf 74' lang='grc' dir='ltr'>κατὰ</span> <span class='ocrx_word' id='word_1_455' title='bbox 1886 3161 1979 3215; x_wconf 71' lang='grc' dir='ltr'><strong>τὸν</strong></span> 
     </span>
    </p>
   </div>
   <div class='ocr_carea' id='block_1_59' title="bbox 2082 3149 3668 3236">
    <p class='ocr_par' dir='ltr' id='par_1_59' title="bbox 2084 3161 3668 3236">
     <span class='ocr_line' id='line_1_59' title="bbox 2084 3161 3668 3236; baseline -0.002 -17"><span class='ocrx_word' id='word_1_456' title='bbox 2084 3167 2243 3236; x_wconf 88' lang='lat' dir='ltr'><strong>longe</strong></span> <span class='ocrx_word' id='word_1_457' title='bbox 2273 3164 2669 3234; x_wconf 79' lang='lat' dir='ltr'><strong>discrepantia.</strong></span> <span class='ocrx_word' id='word_1_458' title='bbox 2703 3163 2917 3234; x_wconf 78' lang='lat'><strong>1009</strong></span> <span class='ocrx_word' id='word_1_459' title='bbox 2960 3162 3225 3218; x_wconf 89' lang='lat' dir='ltr'><strong>Nimirum</strong></span> <span class='ocrx_word' id='word_1_460' title='bbox 3280 3171 3340 3218; x_wconf 90' lang='lat' dir='ltr'><strong>ut</strong></span> <span class='ocrx_word' id='word_1_461' title='bbox 3396 3161 3668 3218; x_wconf 77' lang='lat' dir='ltr'><strong>Valentini</strong></span> 
     </span>
    </p>
   </div>
   <div class='ocr_carea' id='block_1_60' title="bbox 392 3255 1980 3327">
    <p class='ocr_par' dir='ltr' id='par_1_60' title="bbox 392 3255 1980 3327">
     <span class='ocr_line' id='line_1_60' title="bbox 392 3255 1980 3327; baseline -0.002 -16"><span class='ocrx_word' id='word_1_462' title='bbox 392 3256 739 3312; x_wconf 84' lang='grc' dir='ltr'>Οὐαλεντῖνον</span> <span class='ocrx_word' id='word_1_463' title='bbox 772 3258 867 3311; x_wconf 80' lang='grc' dir='ltr'><strong>καὶ</strong></span> <span class='ocrx_word' id='word_1_464' title='bbox 903 3256 1002 3321; x_wconf 83' lang='grc' dir='ltr'><strong>τὰς</strong></span> <span class='ocrx_word' id='word_1_465' title='bbox 1044 3255 1346 3325; x_wconf 79' lang='grc' dir='ltr'>εἰρημένας</span> <span class='ocrx_word' id='word_1_466' title='bbox 1395 3257 1658 3327; x_wconf 77' lang='grc' dir='ltr'>αἱρέσεις,</span> <span class='ocrx_word' id='word_1_467' title='bbox 1698 3257 1823 3318; x_wconf 83' lang='grc' dir='ltr'>τοὺς</span> <span class='ocrx_word' id='word_1_468' title='bbox 1874 3271 1980 3325; x_wconf 91' lang='grc' dir='ltr'>μα-</span> 
     </span>
    </p>
   </div>
   <div class='ocr_carea' id='block_1_61' title="bbox 391 3345 1984 3421">
    <p class='ocr_par' dir='ltr' id='par_1_61' title="bbox 391 3345 1984 3421">
     <span class='ocr_line' id='line_1_61' title="bbox 391 3345 1984 3421; baseline -0.004 -17"><span class='ocrx_word' id='word_1_469' title='bbox 391 3351 577 3412; x_wconf 87' lang='grc' dir='ltr'>ταίους</span> <span class='ocrx_word' id='word_1_470' title='bbox 615 3350 825 3421; x_wconf 88' lang='grc' dir='ltr'>λόγους.</span> <span class='ocrx_word' id='word_1_471' title='bbox 875 3349 1108 3420; x_wconf 83' lang='grc' dir='ltr'>Λέγουσι</span> <span class='ocrx_word' id='word_1_472' title='bbox 1158 3354 1296 3421; x_wconf 80' lang='grc' dir='ltr'>γάρ,</span> <span class='ocrx_word' id='word_1_473' title='bbox 1396 3350 1523 3403; x_wconf 89' lang='grc' dir='ltr'>’ὁταν</span> <span class='ocrx_word' id='word_1_474' title='bbox 1567 3345 1805 3419; x_wconf 84' lang='grc' dir='ltr'>Χριστοῦ</span> <span class='ocrx_word' id='word_1_475' title='bbox 1854 3350 1984 3416; x_wconf 82' lang='grc' dir='ltr'>ὁμο-</span> 
     </span>
    </p>
   </div>
   <div class='ocr_carea' id='block_1_62' title="bbox 391 3439 1983 3517">
    <p class='ocr_par' dir='ltr' id='par_1_62' title="bbox 391 3439 1983 3517">
     <span class='ocr_line' id='line_1_62' title="bbox 391 3439 1983 3517; baseline -0.003 -20"><span class='ocrx_word' id='word_1_476' title='bbox 391 3444 715 3517; x_wconf 79' lang='grc' dir='ltr'>λογήσωμεν</span> <span class='ocrx_word' id='word_1_477' title='bbox 761 3443 982 3508; x_wconf 81' lang='grc' dir='ltr'>τελείως</span> <span class='ocrx_word' id='word_1_478' title='bbox 1031 3445 1099 3498; x_wconf 81' lang='grc' dir='ltr'>τὰ</span> <span class='ocrx_word' id='word_1_479' title='bbox 1153 3443 1352 3508; x_wconf 85' lang='grc' dir='ltr'>πάντα,</span> <span class='ocrx_word' id='word_1_480' title='bbox 1414 3439 1745 3515; x_wconf 71' lang='grc' dir='ltr'>περιέργως,</span> <span class='ocrx_word' id='word_1_481' title='bbox 1782 3439 1983 3512; x_wconf 80' lang='grc' dir='ltr'>γέγρα-</span> 
     </span>
    </p>
   </div>
   <div class='ocr_carea' id='block_1_63' title="bbox 396 3530 1984 3608">
    <p class='ocr_par' dir='ltr' id='par_1_63' title="bbox 396 3530 1984 3608">
     <span class='ocr_line' id='line_1_63' title="bbox 396 3530 1984 3608; baseline -0.004 -18"><span class='ocrx_word' id='word_1_482' title='bbox 396 3553 527 3590; x_wconf 85' lang='grc' dir='ltr'>πται</span> <span class='ocrx_word' id='word_1_483' title='bbox 559 3537 579 3567; x_wconf 80' lang='grc'>³</span> <span class='ocrx_word' id='word_1_484' title='bbox 611 3535 741 3608; x_wconf 79' lang='grc' dir='ltr'>περὶ</span> <span class='ocrx_word' id='word_1_485' title='bbox 768 3534 877 3589; x_wconf 84' lang='grc' dir='ltr'><strong>τῶν</strong></span> <span class='ocrx_word' id='word_1_486' title='bbox 905 3533 1166 3589; x_wconf 82' lang='grc' dir='ltr'>τοιούτων</span> <span class='ocrx_word' id='word_1_487' title='bbox 1194 3533 1302 3589; x_wconf 86' lang='grc' dir='ltr'><strong>τῶν</strong></span> <span class='ocrx_word' id='word_1_488' title='bbox 1324 3530 1857 3607; x_wconf 69' lang='grc' dir='ltr'>περιεργαζομένων,</span> <span class='ocrx_word' id='word_1_489' title='bbox 1891 3530 1984 3584; x_wconf 71' lang='grc' dir='ltr'>καὶ</span> 
     </span>
    </p>
   </div>
   <div class='ocr_carea' id='block_1_64' title="bbox 400 3622 1984 3699">
    <p class='ocr_par' dir='ltr' id='par_1_64' title="bbox 400 3622 1984 3699">
     <span class='ocr_line' id='line_1_64' title="bbox 400 3622 1984 3699; baseline -0.003 -18"><span class='ocrx_word' id='word_1_490' title='bbox 400 3626 564 3699; x_wconf 80' lang='grc' dir='ltr'>μηδὲν</span> <span class='ocrx_word' id='word_1_491' title='bbox 615 3626 1027 3698; x_wconf 55' lang='grc' dir='ltr'>ἐργαζομένων</span> <span class='ocrx_word' id='word_1_492' title='bbox 1079 3625 1375 3698; x_wconf 86' lang='grc' dir='ltr'>πτύροντες</span> <span class='ocrx_word' id='word_1_493' title='bbox 1429 3625 1537 3697; x_wconf 78' lang='grc' dir='ltr'>γὰρ</span> <span class='ocrx_word' id='word_1_494' title='bbox 1592 3625 1695 3694; x_wconf 85' lang='grc' dir='ltr'><strong>τὴν</strong></span> <span class='ocrx_word' id='word_1_495' title='bbox 1745 3622 1984 3677; x_wconf 88' lang='grc' dir='ltr'>διάνοιαν</span> 
     </span>
    </p>
   </div>
   <div class='ocr_carea' id='block_1_65' title="bbox 395 3713 1986 3791">
    <p class='ocr_par' dir='ltr' id='par_1_65' title="bbox 395 3713 1986 3791">
     <span class='ocr_line' id='line_1_65' title="bbox 395 3713 1986 3791; baseline -0.003 -20"><span class='ocrx_word' id='word_1_496' title='bbox 395 3718 505 3773; x_wconf 85' lang='grc' dir='ltr'><strong>τῶν</strong></span> <span class='ocrx_word' id='word_1_497' title='bbox 538 3719 961 3791; x_wconf 80' lang='grc' dir='ltr'>άκεραιοτέρων,</span> <span class='ocrx_word' id='word_1_498' title='bbox 1024 3717 1187 3781; x_wconf 79' lang='grc' dir='ltr'>εὐθὺς</span> <span class='ocrx_word' id='word_1_499' title='bbox 1214 3716 1491 3785; x_wconf 77' lang='grc' dir='ltr'>λέγουσιν·</span> <span class='ocrx_word' id='word_1_500' title='bbox 1547 3714 1756 3769; x_wconf 84' lang='grc' dir='ltr'>Οὐκοῦν</span> <span class='ocrx_word' id='word_1_501' title='bbox 1800 3713 1986 3786; x_wconf 88' lang='grc' dir='ltr'>χρείαν</span> 
     </span>
    </p>
   </div>
   <div class='ocr_carea' id='block_1_66' title="bbox 397 3806 1985 3882">
    <p class='ocr_par' dir='ltr' id='par_1_66' title="bbox 397 3806 1985 3882">
     <span class='ocr_line' id='line_1_66' title="bbox 397 3806 1985 3882; baseline -0.003 -18"><span class='ocrx_word' id='word_1_502' title='bbox 397 3810 524 3882; x_wconf 74' lang='grc' dir='ltr'>ἔσχε</span> <span class='ocrx_word' id='word_1_503' title='bbox 568 3809 679 3879; x_wconf 75' lang='grc'><strong>(95)</strong></span> <span class='ocrx_word' id='word_1_504' title='bbox 732 3809 841 3863; x_wconf 88' lang='grc' dir='ltr'><strong>τῶν</strong></span> <span class='ocrx_word' id='word_1_505' title='bbox 888 3809 1028 3864; x_wconf 74' lang='grc' dir='ltr'>κατὰ</span> <span class='ocrx_word' id='word_1_506' title='bbox 1075 3809 1175 3880; x_wconf 86' lang='grc' dir='ltr'>τῆς</span> <span class='ocrx_word' id='word_1_507' title='bbox 1226 3808 1424 3880; x_wconf 84' lang='grc' dir='ltr'>σαρκὸς</span> <span class='ocrx_word' id='word_1_508' title='bbox 1493 3807 1801 3879; x_wconf 83' lang='grc' dir='ltr'>συνήθειαν,</span> <span class='ocrx_word' id='word_1_509' title='bbox 1843 3807 1876 3878; x_wconf 82' lang='grc' dir='ltr'>ἢ</span> <span class='ocrx_word' id='word_1_510' title='bbox 1917 3806 1985 3860; x_wconf 83' lang='grc' dir='ltr'><strong>τὰ</strong></span> 
     </span>
    </p>
   </div>
   <div class='ocr_carea' id='block_1_67' title="bbox 399 3898 1984 3975">
    <p class='ocr_par' dir='ltr' id='par_1_67' title="bbox 399 3898 1984 3975">
     <span class='ocr_line' id='line_1_67' title="bbox 399 3898 1984 3975; baseline -0.003 -17"><span class='ocrx_word' id='word_1_511' title='bbox 399 3903 535 3974; x_wconf 83' lang='grc' dir='ltr'>πρὸς</span> <span class='ocrx_word' id='word_1_512' title='bbox 570 3903 920 3974; x_wconf 81' lang='grc' dir='ltr'>ἐκτοπισμδν,</span> <span class='ocrx_word' id='word_1_513' title='bbox 956 3902 989 3975; x_wconf 81' lang='grc' dir='ltr'><strong>ἥ</strong></span> <span class='ocrx_word' id='word_1_514' title='bbox 1031 3901 1100 3955; x_wconf 81' lang='grc' dir='ltr'>τὰ</span> <span class='ocrx_word' id='word_1_515' title='bbox 1141 3902 1278 3974; x_wconf 81' lang='grc' dir='ltr'>πρὸς</span> <span class='ocrx_word' id='word_1_516' title='bbox 1326 3900 1630 3972; x_wconf 73' lang='grc' dir='ltr'>ἀφεδρῶνα,</span> <span class='ocrx_word' id='word_1_517' title='bbox 1665 3899 1699 3970; x_wconf 79' lang='grc' dir='ltr'><strong>ἢ</strong></span> <span class='ocrx_word' id='word_1_518' title='bbox 1732 3899 1800 3953; x_wconf 81' lang='grc' dir='ltr'>τὰ</span> <span class='ocrx_word' id='word_1_519' title='bbox 1829 3898 1984 3964; x_wconf 81' lang='grc' dir='ltr'>ἄλλα,</span> 
     </span>
    </p>
   </div>
   <div class='ocr_carea' id='block_1_68' title="bbox 399 3991 1986 4068">
    <p class='ocr_par' dir='ltr' id='par_1_68' title="bbox 399 3991 1986 4068">
     <span class='ocr_line' id='line_1_68' title="bbox 399 3991 1986 4068; baseline -0.004 -17"><span class='ocrx_word' id='word_1_520' title='bbox 399 3998 610 4068; x_wconf 85' lang='grc' dir='ltr'>ὅσαπερ</span> <span class='ocrx_word' id='word_1_521' title='bbox 654 3996 800 4049; x_wconf 84' lang='grc' dir='ltr'>δοκεῖ</span> <span class='ocrx_word' id='word_1_522' title='bbox 837 3991 976 4049; x_wconf 83' lang='grc' dir='ltr'>εἶναι</span> <span class='ocrx_word' id='word_1_523' title='bbox 1022 3995 1179 4064; x_wconf 72' lang='grc' dir='ltr'>σοφὰ,</span> <span class='ocrx_word' id='word_1_524' title='bbox 1230 3992 1379 4047; x_wconf 81' lang='grc' dir='ltr'>δεινὰ</span> <span class='ocrx_word' id='word_1_525' title='bbox 1420 3993 1475 4046; x_wconf 82' lang='grc' dir='ltr'>δὲ</span> <span class='ocrx_word' id='word_1_526' title='bbox 1512 3992 1846 4063; x_wconf 84' lang='grc' dir='ltr'>τυγχάνοντα</span> <span class='ocrx_word' id='word_1_527' title='bbox 1893 3991 1986 4045; x_wconf 79' lang='grc' dir='ltr'>καὶ</span> 
     </span>
    </p>
   </div>
   <div class='ocr_carea' id='block_1_69' title="bbox 398 4082 1988 4158">
    <p class='ocr_par' dir='ltr' id='par_1_69' title="bbox 398 4082 1988 4158">
     <span class='ocr_line' id='line_1_69' title="bbox 398 4082 1988 4158; baseline -0.004 -18"><span class='ocrx_word' id='word_1_528' title='bbox 398 4085 621 4158; x_wconf 81' lang='grc' dir='ltr'>ληρώδη</span> <span class='ocrx_word' id='word_1_529' title='bbox 668 4085 889 4157; x_wconf 77' lang='grc' dir='ltr'>μᾶλλον,</span> <span class='ocrx_word' id='word_1_530' title='bbox 938 4083 1013 4149; x_wconf 83' lang='grc' dir='ltr'>ὥς</span> <span class='ocrx_word' id='word_1_531' title='bbox 1065 4099 1229 4153; x_wconf 82' lang='grc' dir='ltr'>φησιν</span> <span class='ocrx_word' id='word_1_532' title='bbox 1284 4083 1313 4134; x_wconf 89' lang='grc' dir='ltr'>ὁ</span> <span class='ocrx_word' id='word_1_533' title='bbox 1366 4083 1681 4155; x_wconf 73' lang='grc' dir='ltr'>προφήτηςο</span> <span class='ocrx_word' id='word_1_534' title='bbox 1735 4082 1829 4149; x_wconf 79' lang='grc' dir='ltr'>Τίς</span> <span class='ocrx_word' id='word_1_535' title='bbox 1876 4083 1988 4152; x_wconf 75' lang='grc' dir='ltr'>γὰρ</span> 
     </span>
    </p>
   </div>
   <div class='ocr_carea' id='block_1_70' title="bbox 399 4172 1987 4246">
    <p class='ocr_par' dir='ltr' id='par_1_70' title="bbox 399 4172 1987 4246">
     <span class='ocr_line' id='line_1_70' title="bbox 399 4172 1987 4246; baseline -0.004 -15"><span class='ocrx_word' id='word_1_536' title='bbox 399 4177 649 4245; x_wconf 75' lang='grc' dir='ltr'>ἐζήτησε</span> <span class='ocrx_word' id='word_1_537' title='bbox 679 4177 868 4231; x_wconf 85' lang='grc' dir='ltr'>ταῦτα</span> <span class='ocrx_word' id='word_1_538' title='bbox 907 4177 976 4230; x_wconf 86' lang='grc' dir='ltr'><strong>ἐκ</strong></span> <span class='ocrx_word' id='word_1_539' title='bbox 1014 4175 1133 4230; x_wconf 74' lang='grc' dir='ltr'>τῶν</span> <span class='ocrx_word' id='word_1_540' title='bbox 1167 4174 1381 4246; x_wconf 82' lang='grc' dir='ltr'>χειρῶν</span> <span class='ocrx_word' id='word_1_541' title='bbox 1414 4172 1585 4244; x_wconf 79' lang='grc' dir='ltr'>ὑμῶν</span> <span class='ocrx_word' id='word_1_542' title='bbox 1606 4189 1626 4238; x_wconf 89' lang='grc'><strong><em>;</em></strong></span> <span class='ocrx_word' id='word_1_543' title='bbox 1670 4174 1806 4244; x_wconf 75' lang='grc' dir='ltr'>Περὶ</span> <span class='ocrx_word' id='word_1_544' title='bbox 1844 4173 1987 4238; x_wconf 83' lang='grc' dir='ltr'>τίνος</span> 
     </span>
    </p>
   </div>
   <div class='ocr_carea' id='block_1_71' title="bbox 401 4261 1987 4336">
    <p class='ocr_par' dir='ltr' id='par_1_71' title="bbox 401 4261 1987 4336">
     <span class='ocr_line' id='line_1_71' title="bbox 401 4261 1987 4336; baseline -0.001 -18"><span class='ocrx_word' id='word_1_545' title='bbox 401 4264 509 4336; x_wconf 83' lang='grc' dir='ltr'>γὰρ</span> <span class='ocrx_word' id='word_1_546' title='bbox 537 4263 647 4317; x_wconf 86' lang='grc' dir='ltr'><strong>τῶν</strong></span> <span class='ocrx_word' id='word_1_547' title='bbox 679 4263 870 4331; x_wconf 82' lang='grc' dir='ltr'>ἁγίων,</span> <span class='ocrx_word' id='word_1_548' title='bbox 895 4263 1072 4316; x_wconf 88' lang='grc' dir='ltr'>καίτοι</span> <span class='ocrx_word' id='word_1_549' title='bbox 1097 4280 1162 4332; x_wconf 91' lang='grc' dir='ltr'><strong>γε</strong></span> <span class='ocrx_word' id='word_1_550' title='bbox 1191 4261 1493 4334; x_wconf 84' lang='grc' dir='ltr'>ἀνθρώπων</span> <span class='ocrx_word' id='word_1_551' title='bbox 1521 4262 1689 4317; x_wconf 76' lang='grc' dir='ltr'>ὄντων</span> <span class='ocrx_word' id='word_1_552' title='bbox 1715 4263 1825 4316; x_wconf 88' lang='grc' dir='ltr'><strong>τῶν</strong></span> <span class='ocrx_word' id='word_1_553' title='bbox 1849 4280 1987 4334; x_wconf 88' lang='grc' dir='ltr'>προ-</span> 
     </span>
    </p>
   </div>
   <div class='ocr_carea' id='block_1_72' title="bbox 401 4351 1988 4423">
    <p class='ocr_par' dir='ltr' id='par_1_72' title="bbox 401 4351 1988 4423">
     <span class='ocr_line' id='line_1_72' title="bbox 401 4351 1988 4423; baseline 0.001 -18"><span class='ocrx_word' id='word_1_554' title='bbox 401 4351 610 4423; x_wconf 82' lang='grc' dir='ltr'>φητῶν,</span> <span class='ocrx_word' id='word_1_555' title='bbox 643 4353 738 4406; x_wconf 67' lang='grc' dir='ltr'><strong>καὶ</strong></span> <span class='ocrx_word' id='word_1_556' title='bbox 769 4352 830 4405; x_wconf 80' lang='grc' dir='ltr'>οὐ</span> <span class='ocrx_word' id='word_1_557' title='bbox 862 4351 1017 4414; x_wconf 86' lang='grc' dir='ltr'>θεῶν,</span> <span class='ocrx_word' id='word_1_558' title='bbox 1061 4354 1157 4407; x_wconf 75' lang='grc' dir='ltr'><strong>καὶ</strong></span> <span class='ocrx_word' id='word_1_559' title='bbox 1194 4352 1615 4422; x_wconf 81' lang='grc' dir='ltr'>εύαγγελιστῶν,</span> <span class='ocrx_word' id='word_1_560' title='bbox 1653 4353 1748 4407; x_wconf 81' lang='grc' dir='ltr'><strong>καὶ</strong></span> <span class='ocrx_word' id='word_1_561' title='bbox 1786 4352 1988 4407; x_wconf 85' lang='grc' dir='ltr'>λοιπῶν</span> 
     </span>
    </p>
   </div>
   <div class='ocr_carea' id='block_1_73' title="bbox 399 4446 1985 4521">
    <p class='ocr_par' dir='ltr' id='par_1_73' title="bbox 399 4446 1985 4521">
     <span class='ocr_line' id='line_1_73' title="bbox 399 4446 1985 4521; baseline 0 -21"><span class='ocrx_word' id='word_1_562' title='bbox 399 4447 511 4501; x_wconf 86' lang='grc' dir='ltr'><strong>τῶν</strong></span> <span class='ocrx_word' id='word_1_563' title='bbox 544 4450 608 4501; x_wconf 87' lang='grc' dir='ltr'><strong>ἐκ</strong></span> <span class='ocrx_word' id='word_1_564' title='bbox 637 4447 817 4518; x_wconf 75' lang='grc' dir='ltr'>ψυχῆς</span> <span class='ocrx_word' id='word_1_565' title='bbox 850 4448 943 4502; x_wconf 73' lang='grc' dir='ltr'><strong>καὶ</strong></span> <span class='ocrx_word' id='word_1_566' title='bbox 985 4448 1187 4521; x_wconf 81' lang='grc' dir='ltr'>σαρκὸς</span> <span class='ocrx_word' id='word_1_567' title='bbox 1228 4447 1417 4513; x_wconf 81' lang='grc' dir='ltr'>ὅντων,</span> <span class='ocrx_word' id='word_1_568' title='bbox 1458 4448 1581 4501; x_wconf 86' lang='grc' dir='ltr'>καθ’</span> <span class='ocrx_word' id='word_1_569' title='bbox 1622 4448 1771 4519; x_wconf 80' lang='grc' dir='ltr'>ἡμᾶς</span> <span class='ocrx_word' id='word_1_570' title='bbox 1805 4446 1861 4500; x_wconf 85' lang='grc' dir='ltr'>δὲ</span> <span class='ocrx_word' id='word_1_571' title='bbox 1897 4448 1985 4501; x_wconf 82' lang='grc' dir='ltr'>δν-</span> 
     </span>
    </p>
   </div>
   <div class='ocr_carea' id='block_1_74' title="bbox 2084 3255 3668 3327">
    <p class='ocr_par' dir='ltr' id='par_1_74' title="bbox 2084 3255 3668 3327">
     <span class='ocr_line' id='line_1_74' title="bbox 2084 3255 3668 3327; baseline -0.002 -15"><span class='ocrx_word' id='word_1_572' title='bbox 2084 3273 2149 3312; x_wconf 90' lang='lat' dir='ltr'><strong>ac</strong></span> <span class='ocrx_word' id='word_1_573' title='bbox 2177 3266 2516 3322; x_wconf 75' lang='lat' dir='ltr'><strong>czetcrarum,</strong></span> <span class='ocrx_word' id='word_1_574' title='bbox 2546 3271 2684 3327; x_wconf 90' lang='lat' dir='ltr'><strong>quas</strong></span> <span class='ocrx_word' id='word_1_575' title='bbox 2712 3264 2871 3310; x_wconf 87' lang='lat' dir='ltr'><strong>antea</strong></span> <span class='ocrx_word' id='word_1_576' title='bbox 2901 3256 3469 3319; x_wconf 88' lang='lat' dir='ltr'><strong>commemoravimus,</strong></span> <span class='ocrx_word' id='word_1_577' title='bbox 3500 3255 3668 3311; x_wconf 75' lang='lat' dir='ltr'><strong>haere-</strong></span> 
     </span>
    </p>
   </div>
   <div class='ocr_carea' id='block_1_75' title="bbox 2085 3345 3669 3418">
    <p class='ocr_par' dir='ltr' id='par_1_75' title="bbox 2085 3345 3669 3418">
     <span class='ocr_line' id='line_1_75' title="bbox 2085 3345 3669 3418; baseline -0.002 -14"><span class='ocrx_word' id='word_1_578' title='bbox 2085 3366 2215 3406; x_wconf 91' lang='lat' dir='ltr'><strong>seon</strong></span> <span class='ocrx_word' id='word_1_579' title='bbox 2280 3365 2452 3418; x_wconf 80' lang='lat' dir='ltr'><strong>more,</strong></span> <span class='ocrx_word' id='word_1_580' title='bbox 2507 3348 2840 3403; x_wconf 84' lang='lat' dir='ltr'><strong>cavillatoria</strong></span> <span class='ocrx_word' id='word_1_581' title='bbox 2898 3348 3132 3418; x_wconf 88' lang='lat' dir='ltr'><strong>quadam</strong></span> <span class='ocrx_word' id='word_1_582' title='bbox 3189 3347 3399 3418; x_wconf 82' lang='lat' dir='ltr'><strong>argutia</strong></span> <span class='ocrx_word' id='word_1_583' title='bbox 3448 3345 3669 3402; x_wconf 87' lang='lat' dir='ltr'><strong>Christo</strong></span> 
     </span>
    </p>
   </div>
   <div class='ocr_carea' id='block_1_76' title="bbox 2085 3437 3669 3511">
    <p class='ocr_par' dir='ltr' id='par_1_76' title="bbox 2085 3437 3669 3511">
     <span class='ocr_line' id='line_1_76' title="bbox 2085 3437 3669 3511; baseline -0.002 -17"><span class='ocrx_word' id='word_1_584' title='bbox 2085 3441 2376 3511; x_wconf 81' lang='lat' dir='ltr'><strong>gratificari</strong></span> <span class='ocrx_word' id='word_1_585' title='bbox 2409 3439 2713 3494; x_wconf 87' lang='lat' dir='ltr'><strong>videantur.</strong></span> <span class='ocrx_word' id='word_1_586' title='bbox 2751 3437 2904 3494; x_wconf 89' lang='lat' dir='ltr'><strong>Unde</strong></span> <span class='ocrx_word' id='word_1_587' title='bbox 2943 3453 3067 3492; x_wconf 89' lang='lat' dir='ltr'><strong>cum</strong></span> <span class='ocrx_word' id='word_1_588' title='bbox 3098 3453 3163 3492; x_wconf 90' lang='lat' dir='ltr'><strong>ea</strong></span> <span class='ocrx_word' id='word_1_589' title='bbox 3200 3438 3381 3493; x_wconf 89' lang='lat' dir='ltr'><strong>omnia</strong></span> <span class='ocrx_word' id='word_1_590' title='bbox 3417 3452 3537 3508; x_wconf 68' lang='lat' dir='ltr'><strong>quae</strong></span> <span class='ocrx_word' id='word_1_591' title='bbox 3580 3437 3669 3491; x_wconf 71' lang='lat' dir='ltr'><strong>in~</strong></span> 
     </span>
    </p>
   </div>
   <div class='ocr_carea' id='block_1_77' title="bbox 2087 3529 3667 3601">
    <p class='ocr_par' dir='ltr' id='par_1_77' title="bbox 2087 3529 3667 3601">
     <span class='ocr_line' id='line_1_77' title="bbox 2087 3529 3667 3601; baseline -0.002 -14"><span class='ocrx_word' id='word_1_592' title='bbox 2087 3540 2214 3588; x_wconf 90' lang='lat' dir='ltr'><strong>sunt</strong></span> <span class='ocrx_word' id='word_1_593' title='bbox 2246 3534 2298 3586; x_wconf 91' lang='lat' dir='ltr'><strong>in</strong></span> <span class='ocrx_word' id='word_1_594' title='bbox 2333 3532 2574 3595; x_wconf 84' lang='lat' dir='ltr'><strong>Christo,</strong></span> <span class='ocrx_word' id='word_1_595' title='bbox 2616 3529 2858 3600; x_wconf 80' lang='lat' dir='ltr'><strong>perfecte</strong></span> <span class='ocrx_word' id='word_1_596' title='bbox 2904 3529 3258 3601; x_wconf 86' lang='lat' dir='ltr'><strong>absoluleque</strong></span> <span class='ocrx_word' id='word_1_597' title='bbox 3294 3529 3667 3600; x_wconf 84' lang='lat' dir='ltr'><strong>proliteamur,</strong></span> 
     </span>
    </p>
   </div>
   <div class='ocr_carea' id='block_1_78' title="bbox 2086 3620 3669 3692">
    <p class='ocr_par' dir='ltr' id='par_1_78' title="bbox 2086 3620 3669 3692">
     <span class='ocr_line' id='line_1_78' title="bbox 2086 3620 3669 3692; baseline -0.001 -14"><span class='ocrx_word' id='word_1_598' title='bbox 2086 3625 2254 3680; x_wconf 86' lang='lat' dir='ltr'><strong>multa</strong></span> <span class='ocrx_word' id='word_1_599' title='bbox 2297 3624 2374 3677; x_wconf 92' lang='lat' dir='ltr'><strong>illi</strong></span> <span class='ocrx_word' id='word_1_600' title='bbox 2424 3622 2492 3679; x_wconf 90' lang='lat' dir='ltr'><strong>de</strong></span> <span class='ocrx_word' id='word_1_601' title='bbox 2537 3623 2727 3678; x_wconf 88' lang='lat' dir='ltr'><strong>eodem</strong></span> <span class='ocrx_word' id='word_1_602' title='bbox 2770 3622 3007 3677; x_wconf 81' lang='lat' dir='ltr'><strong>absurde</strong></span> <span class='ocrx_word' id='word_1_603' title='bbox 3035 3636 3100 3675; x_wconf 85' lang='lat' dir='ltr'><strong>ac</strong></span> <span class='ocrx_word' id='word_1_604' title='bbox 3133 3622 3351 3677; x_wconf 89' lang='lat' dir='ltr'><strong>curiose</strong></span> <span class='ocrx_word' id='word_1_605' title='bbox 3389 3620 3669 3692; x_wconf 88' lang='lat' dir='ltr'><strong>disputare</strong></span> 
     </span>
    </p>
   </div>
   <div class='ocr_carea' id='block_1_79' title="bbox 2087 3715 3661 3788">
    <p class='ocr_par' dir='ltr' id='par_1_79' title="bbox 2087 3715 3661 3788">
     <span class='ocr_line' id='line_1_79' title="bbox 2087 3715 3661 3788; baseline -0.002 -16"><span class='ocrx_word' id='word_1_606' title='bbox 2087 3719 2281 3773; x_wconf 75' lang='lat' dir='ltr'><strong>solent.</strong></span> <span class='ocrx_word' id='word_1_607' title='bbox 2326 3716 2398 3771; x_wconf 88' lang='lat' dir='ltr'><strong>De</strong></span> <span class='ocrx_word' id='word_1_608' title='bbox 2432 3732 2541 3787; x_wconf 88' lang='lat' dir='ltr'><strong>quo</strong></span> <span class='ocrx_word' id='word_1_609' title='bbox 2563 3715 2842 3771; x_wconf 90' lang='lat' dir='ltr'><strong>hominum</strong></span> <span class='ocrx_word' id='word_1_610' title='bbox 2890 3730 3108 3788; x_wconf 89' lang='lat' dir='ltr'><strong>genere,</strong></span> <span class='ocrx_word' id='word_1_611' title='bbox 3155 3716 3248 3787; x_wconf 89' lang='lat' dir='ltr'><strong>qui</strong></span> <span class='ocrx_word' id='word_1_612' title='bbox 3302 3730 3424 3770; x_wconf 90' lang='lat' dir='ltr'><strong>cum</strong></span> <span class='ocrx_word' id='word_1_613' title='bbox 3474 3716 3661 3770; x_wconf 88' lang='lat' dir='ltr'><strong>multa-</strong></span> 
     </span>
    </p>
   </div>
   <div class='ocr_carea' id='block_1_80' title="bbox 2087 3805 3669 3879">
    <p class='ocr_par' dir='ltr' id='par_1_80' title="bbox 2087 3805 3669 3879">
     <span class='ocr_line' id='line_1_80' title="bbox 2087 3805 3669 3879; baseline -0.002 -15"><span class='ocrx_word' id='word_1_614' title='bbox 2087 3826 2206 3864; x_wconf 88' lang='lat' dir='ltr'><strong>rmu</strong></span> <span class='ocrx_word' id='word_1_615' title='bbox 2247 3825 2427 3863; x_wconf 84' lang='lat' dir='ltr'><strong>rerum</strong></span> <span class='ocrx_word' id='word_1_616' title='bbox 2462 3817 2733 3878; x_wconf 84' lang='lat' dir='ltr'><strong>satagant,</strong></span> <span class='ocrx_word' id='word_1_617' title='bbox 2759 3809 2892 3862; x_wconf 91' lang='lat' dir='ltr'><strong>nihil</strong></span> <span class='ocrx_word' id='word_1_618' title='bbox 2941 3816 3121 3863; x_wconf 81' lang='lat' dir='ltr'><strong>tamen</strong></span> <span class='ocrx_word' id='word_1_619' title='bbox 3169 3815 3356 3878; x_wconf 81' lang='lat' dir='ltr'><strong>agunt,</strong></span> <span class='ocrx_word' id='word_1_620' title='bbox 3392 3805 3669 3879; x_wconf 74' lang='lat' dir='ltr'><strong>Scriptum</strong></span> 
     </span>
    </p>
   </div>
   <div class='ocr_carea' id='block_1_81' title="bbox 2088 3898 3670 3970">
    <p class='ocr_par' dir='ltr' id='par_1_81' title="bbox 2088 3898 3670 3970">
     <span class='ocr_line' id='line_1_81' title="bbox 2088 3898 3670 3970; baseline -0.003 -15"><span class='ocrx_word' id='word_1_621' title='bbox 2088 3901 2354 3955; x_wconf 85' lang='lat' dir='ltr'><strong>meminit.</strong></span> <span class='ocrx_word' id='word_1_622' title='bbox 2417 3899 2625 3954; x_wconf 88' lang='lat' dir='ltr'><strong>Etenim</strong></span> <span class='ocrx_word' id='word_1_623' title='bbox 2681 3914 2791 3970; x_wconf 90' lang='lat' dir='ltr'><strong>quo</strong></span> <span class='ocrx_word' id='word_1_624' title='bbox 2846 3899 3126 3954; x_wconf 88' lang='lat' dir='ltr'><strong>rudiorum</strong></span> <span class='ocrx_word' id='word_1_625' title='bbox 3178 3899 3390 3954; x_wconf 89' lang='lat' dir='ltr'><strong>animos</strong></span> <span class='ocrx_word' id='word_1_626' title='bbox 3434 3898 3670 3969; x_wconf 90' lang='lat' dir='ltr'><strong>quodam</strong></span> 
     </span>
    </p>
   </div>
   <div class='ocr_carea' id='block_1_82' title="bbox 2089 3990 3670 4066">
    <p class='ocr_par' dir='ltr' id='par_1_82' title="bbox 2089 3990 3670 4066">
     <span class='ocr_line' id='line_1_82' title="bbox 2089 3990 3670 4066; baseline -0.001 -20"><span class='ocrx_word' id='word_1_627' title='bbox 2089 3994 2233 4049; x_wconf 86' lang='lat' dir='ltr'><strong>velut</strong></span> <span class='ocrx_word' id='word_1_628' title='bbox 2259 3995 2486 4050; x_wconf 88' lang='lat' dir='ltr'><strong>horrore</strong></span> <span class='ocrx_word' id='word_1_629' title='bbox 2506 3993 2855 4066; x_wconf 85' lang='lat' dir='ltr'><strong>perfundant,</strong></span> <span class='ocrx_word' id='word_1_630' title='bbox 2892 3992 3007 4047; x_wconf 59' lang='lat' dir='ltr'><strong>haec</strong></span> <span class='ocrx_word' id='word_1_631' title='bbox 3043 3990 3332 4046; x_wconf 86' lang='lat' dir='ltr'><strong>identidem</strong></span> <span class='ocrx_word' id='word_1_632' title='bbox 3361 3991 3627 4060; x_wconf 86' lang='lat' dir='ltr'><strong>objiciunt</strong></span> <span class='ocrx_word' id='word_1_633' title='bbox 3655 4008 3670 4044; x_wconf 88' lang='lat'><strong>:</strong></span> 
     </span>
    </p>
   </div>
   <div class='ocr_carea' id='block_1_83' title="bbox 2090 4082 3669 4155">
    <p class='ocr_par' dir='ltr' id='par_1_83' title="bbox 2090 4082 3669 4155">
     <span class='ocr_line' id='line_1_83' title="bbox 2090 4082 3669 4155; baseline -0.001 -17"><span class='ocrx_word' id='word_1_634' title='bbox 2090 4084 2229 4155; x_wconf 84' lang='lat' dir='ltr'><strong>Ergo</strong></span> <span class='ocrx_word' id='word_1_635' title='bbox 2274 4086 2580 4139; x_wconf 88' lang='lat' dir='ltr'><strong>istiusmodi</strong></span> <span class='ocrx_word' id='word_1_636' title='bbox 2646 4084 2893 4154; x_wconf 87' lang='lat' dir='ltr'><strong>corporis</strong></span> <span class='ocrx_word' id='word_1_637' title='bbox 2948 4082 3370 4137; x_wconf 88' lang='lat' dir='ltr'><strong>necessitatibus</strong></span> <span class='ocrx_word' id='word_1_638' title='bbox 3399 4121 3414 4145; x_wconf 93' lang='lat'><strong>,</strong></span> <span class='ocrx_word' id='word_1_639' title='bbox 3462 4097 3585 4152; x_wconf 66' lang='lat' dir='ltr'><strong>quae</strong></span> <span class='ocrx_word' id='word_1_640' title='bbox 3621 4082 3669 4137; x_wconf 87' lang='lat' dir='ltr'><strong>ei</strong></span> 
     </span>
    </p>
   </div>
   <div class='ocr_carea' id='block_1_84' title="bbox 2087 4173 3669 4245">
    <p class='ocr_par' dir='ltr' id='par_1_84' title="bbox 2087 4173 3669 4245">
     <span class='ocr_line' id='line_1_84' title="bbox 2087 4173 3669 4245; baseline -0.004 -12"><span class='ocrx_word' id='word_1_641' title='bbox 2087 4178 2382 4233; x_wconf 84' lang='lat' dir='ltr'><strong>familiares</strong></span> <span class='ocrx_word' id='word_1_642' title='bbox 2446 4186 2594 4239; x_wconf 84' lang='lat' dir='ltr'><strong>sunt,</strong></span> <span class='ocrx_word' id='word_1_643' title='bbox 2639 4176 2936 4231; x_wconf 88' lang='lat' dir='ltr'><strong>obstrictus</strong></span> <span class='ocrx_word' id='word_1_644' title='bbox 2984 4173 3106 4237; x_wconf 90' lang='lat' dir='ltr'><strong>fuit,</strong></span> <span class='ocrx_word' id='word_1_645' title='bbox 3139 4174 3318 4244; x_wconf 89' lang='lat' dir='ltr'><strong>qualis</strong></span> <span class='ocrx_word' id='word_1_646' title='bbox 3354 4176 3560 4245; x_wconf 89' lang='lat' dir='ltr'><strong>egestio</strong></span> <span class='ocrx_word' id='word_1_647' title='bbox 3589 4182 3669 4229; x_wconf 88' lang='lat' dir='ltr'><strong>est</strong></span> 
     </span>
    </p>
   </div>
   <div class='ocr_carea' id='block_1_85' title="bbox 2088 4265 3670 4337">
    <p class='ocr_par' dir='ltr' id='par_1_85' title="bbox 2088 4265 3670 4337">
     <span class='ocr_line' id='line_1_85' title="bbox 2088 4265 3670 4337; baseline -0.002 -13"><span class='ocrx_word' id='word_1_648' title='bbox 2088 4285 2153 4324; x_wconf 89' lang='lat' dir='ltr'><strong>ac</strong></span> <span class='ocrx_word' id='word_1_649' title='bbox 2185 4269 2479 4326; x_wconf 87' lang='lat' dir='ltr'><strong>secessus?</strong></span> <span class='ocrx_word' id='word_1_650' title='bbox 2514 4267 2732 4323; x_wconf 81' lang='lat' dir='ltr'><strong>Addunt</strong></span> <span class='ocrx_word' id='word_1_651' title='bbox 2778 4276 2833 4322; x_wconf 87' lang='lat' dir='ltr'><strong>et</strong></span> <span class='ocrx_word' id='word_1_652' title='bbox 2877 4267 2983 4322; x_wconf 88' lang='lat' dir='ltr'><strong>alia</strong></span> <span class='ocrx_word' id='word_1_653' title='bbox 3015 4266 3291 4337; x_wconf 87' lang='lat' dir='ltr'><strong>pleraque,</strong></span> <span class='ocrx_word' id='word_1_654' title='bbox 3325 4281 3446 4336; x_wconf 78' lang='lat' dir='ltr'><strong>quae</strong></span> <span class='ocrx_word' id='word_1_655' title='bbox 3478 4265 3670 4321; x_wconf 87' lang='lat' dir='ltr'><strong>callida</strong></span> 
     </span>
    </p>
   </div>
   <div class='ocr_carea' id='block_1_86' title="bbox 2087 4355 3670 4422">
    <p class='ocr_par' dir='ltr' id='par_1_86' title="bbox 2087 4355 3670 4422">
     <span class='ocr_line' id='line_1_86' title="bbox 2087 4355 3670 4422; baseline -0.002 -8"><span class='ocrx_word' id='word_1_656' title='bbox 2087 4375 2152 4415; x_wconf 92' lang='lat' dir='ltr'><strong>ac</strong></span> <span class='ocrx_word' id='word_1_657' title='bbox 2189 4360 2406 4416; x_wconf 88' lang='lat' dir='ltr'><strong>subtilia</strong></span> <span class='ocrx_word' id='word_1_658' title='bbox 2438 4358 2690 4414; x_wconf 83' lang='lat' dir='ltr'><strong>videntur</strong></span> <span class='ocrx_word' id='word_1_659' title='bbox 2716 4397 2731 4422; x_wconf 93' lang='lat'><strong>,</strong></span> <span class='ocrx_word' id='word_1_660' title='bbox 2787 4356 2883 4413; x_wconf 89' lang='lat' dir='ltr'><strong>sed</strong></span> <span class='ocrx_word' id='word_1_661' title='bbox 2922 4355 3195 4412; x_wconf 88' lang='lat' dir='ltr'><strong>horrenda</strong></span> <span class='ocrx_word' id='word_1_662' title='bbox 3235 4355 3539 4411; x_wconf 89' lang='lat' dir='ltr'><strong>otiosorum</strong></span> <span class='ocrx_word' id='word_1_663' title='bbox 3576 4356 3670 4411; x_wconf 82' lang='lat' dir='ltr'><strong>ho-</strong></span> 
     </span>
    </p>
   </div>
   <div class='ocr_carea' id='block_1_87' title="bbox 2088 4446 3671 4519">
    <p class='ocr_par' dir='ltr' id='par_1_87' title="bbox 2088 4446 3671 4519">
     <span class='ocr_line' id='line_1_87' title="bbox 2088 4446 3671 4519; baseline -0.003 -13"><span class='ocrx_word' id='word_1_664' title='bbox 2088 4453 2297 4506; x_wconf 89' lang='lat' dir='ltr'><strong>minum</strong></span> <span class='ocrx_word' id='word_1_665' title='bbox 2348 4452 2557 4506; x_wconf 86' lang='lat' dir='ltr'><strong>ludicra</strong></span> <span class='ocrx_word' id='word_1_666' title='bbox 2609 4459 2755 4505; x_wconf 86' lang='lat' dir='ltr'><strong>sunt.</strong></span> <span class='ocrx_word' id='word_1_667' title='bbox 2804 4448 2962 4514; x_wconf 87' lang='lat' dir='ltr'><strong>Nam,</strong></span> <span class='ocrx_word' id='word_1_668' title='bbox 3015 4456 3074 4503; x_wconf 91' lang='lat' dir='ltr'><strong>ut</strong></span> <span class='ocrx_word' id='word_1_669' title='bbox 3108 4448 3183 4503; x_wconf 89' lang='lat' dir='ltr'><strong>ait</strong></span> <span class='ocrx_word' id='word_1_670' title='bbox 3227 4448 3511 4519; x_wconf 85' lang='lat' dir='ltr'><strong>propheta,</strong></span> <span class='ocrx_word' id='word_1_671' title='bbox 3542 4446 3671 4514; x_wconf 65' lang='lat' dir='ltr'><strong>Quis</strong></span> 
     </span>
    </p>
   </div>
   <div class='ocr_carea' id='block_1_88' title="bbox 400 4539 1980 4613">
    <p class='ocr_par' dir='ltr' id='par_1_88' title="bbox 400 4540 1980 4613">
     <span class='ocr_line' id='line_1_88' title="bbox 400 4540 1980 4613; baseline 0.002 -21"><span class='ocrx_word' id='word_1_672' title='bbox 400 4556 545 4604; x_wconf 87' lang='grc' dir='ltr'>των,</span> <span class='ocrx_word' id='word_1_673' title='bbox 596 4541 692 4593; x_wconf 73' lang='grc' dir='ltr'>καὶ</span> <span class='ocrx_word' id='word_1_674' title='bbox 751 4541 826 4613; x_wconf 84' lang='grc' dir='ltr'><strong>μὴ</strong></span> <span class='ocrx_word' id='word_1_675' title='bbox 869 4541 1400 4612; x_wconf 80' lang='grc' dir='ltr'>άμφιδαλλομένων,</span> <span class='ocrx_word' id='word_1_676' title='bbox 1446 4540 1660 4612; x_wconf 80' lang='grc' dir='ltr'>ἐγράφη</span> <span class='ocrx_word' id='word_1_677' title='bbox 1707 4541 1836 4613; x_wconf 81' lang='grc' dir='ltr'>περὶ</span> <span class='ocrx_word' id='word_1_678' title='bbox 1876 4540 1980 4595; x_wconf 89' lang='grc' dir='ltr'><strong>τῶν</strong></span> 
     </span>
    </p>
   </div>
   <div class='ocr_carea' id='block_1_89' title="bbox 2082 4539 3671 4613">
    <p class='ocr_par' dir='ltr' id='par_1_89' title="bbox 2091 4539 3671 4611">
     <span class='ocr_line' id='line_1_89' title="bbox 2091 4539 3671 4611; baseline -0.001 -14"><span class='ocrx_word' id='word_1_679' title='bbox 2091 4544 2201 4599; x_wconf 68' lang='lat' dir='ltr'><strong>hac</strong></span> <span class='ocrx_word' id='word_1_680' title='bbox 2237 4561 2264 4598; x_wconf 76' lang='grc' dir='ltr'><strong>ε</strong></span> <span class='ocrx_word' id='word_1_681' title='bbox 2290 4543 2532 4597; x_wconf 80' lang='lat' dir='ltr'><strong>manibus</strong></span> <span class='ocrx_word' id='word_1_682' title='bbox 2576 4544 2760 4596; x_wconf 76' lang='lat' dir='ltr'><strong>vestris</strong></span> <span class='ocrx_word' id='word_1_683' title='bbox 2804 4540 3130 4611; x_wconf 75' lang='lat' dir='ltr'><strong>requisiit‘?</strong></span> <span class='ocrx_word' id='word_1_684' title='bbox 3163 4539 3237 4596; x_wconf 88' lang='lat' dir='ltr'><strong>De</strong></span> <span class='ocrx_word' id='word_1_685' title='bbox 3275 4556 3510 4611; x_wconf 91' lang='lat' dir='ltr'><strong>quonam</strong></span> <span class='ocrx_word' id='word_1_686' title='bbox 3545 4555 3671 4596; x_wconf 76' lang='lat' dir='ltr'><strong>vero</strong></span> 
     </span>
    </p>
   </div>
   <div class='ocr_carea' id='block_1_90' title="bbox 403 4631 1985 4704">
    <p class='ocr_par' dir='ltr' id='par_1_90' title="bbox 403 4631 1985 4704">
     <span class='ocr_line' id='line_1_90' title="bbox 403 4631 1985 4704; baseline 0 -19"><span class='ocrx_word' id='word_1_687' title='bbox 403 4631 658 4685; x_wconf 87' lang='grc' dir='ltr'>τοιούτων</span> <span class='ocrx_word' id='word_1_688' title='bbox 695 4633 1070 4704; x_wconf 85' lang='grc' dir='ltr'>πραγμάτων;</span> <span class='ocrx_word' id='word_1_689' title='bbox 1104 4632 1214 4686; x_wconf 88' lang='grc' dir='ltr'>Ποῦ</span> <span class='ocrx_word' id='word_1_690' title='bbox 1258 4633 1316 4686; x_wconf 79' lang='grc' dir='ltr'>δὲ</span> <span class='ocrx_word' id='word_1_691' title='bbox 1368 4632 1488 4702; x_wconf 78' lang='grc' dir='ltr'>οὐχὶ</span> <span class='ocrx_word' id='word_1_692' title='bbox 1539 4631 1736 4703; x_wconf 82' lang='grc' dir='ltr'>μᾶλλον</span> <span class='ocrx_word' id='word_1_693' title='bbox 1780 4631 1850 4687; x_wconf 79' lang='grc' dir='ltr'>τὰ</span> <span class='ocrx_word' id='word_1_694' title='bbox 1898 4650 1985 4686; x_wconf 86' lang='grc' dir='ltr'>σε-</span> 
     </span>
    </p>
   </div>
   <div class='ocr_carea' id='block_1_91' title="bbox 407 4720 1984 4796">
    <p class='ocr_par' dir='ltr' id='par_1_91' title="bbox 407 4720 1984 4796">
     <span class='ocr_line' id='line_1_91' title="bbox 407 4720 1984 4796; baseline 0.003 -23"><span class='ocrx_word' id='word_1_695' title='bbox 407 4720 641 4794; x_wconf 85' lang='grc' dir='ltr'>μνότερα</span> <span class='ocrx_word' id='word_1_696' title='bbox 665 4723 1086 4796; x_wconf 85' lang='grc' dir='ltr'>ἐπεμαρτύρησε</span> <span class='ocrx_word' id='word_1_697' title='bbox 1121 4726 1233 4788; x_wconf 85' lang='grc' dir='ltr'>τοῖς</span> <span class='ocrx_word' id='word_1_698' title='bbox 1262 4723 1437 4792; x_wconf 80' lang='grc' dir='ltr'>ἁγίοις</span> <span class='ocrx_word' id='word_1_699' title='bbox 1466 4726 1500 4796; x_wconf 93' lang='grc' dir='ltr'><strong>ἡ</strong></span> <span class='ocrx_word' id='word_1_700' title='bbox 1528 4723 1720 4796; x_wconf 82' lang='grc' dir='ltr'>Γραφὴ</span> <span class='ocrx_word' id='word_1_701' title='bbox 1752 4725 1881 4795; x_wconf 86' lang='grc' dir='ltr'>μήτι</span> <span class='ocrx_word' id='word_1_702' title='bbox 1919 4741 1984 4794; x_wconf 91' lang='grc' dir='ltr'><strong>γε</strong></span> 
     </span>
    </p>
   </div>
   <div class='ocr_carea' id='block_1_92' title="bbox 406 4815 888 4888">
    <p class='ocr_par' dir='ltr' id='par_1_92' title="bbox 406 4815 888 4888">
     <span class='ocr_line' id='line_1_92' title="bbox 406 4815 888 4888; baseline 0.002 -19"><span class='ocrx_word' id='word_1_703' title='bbox 406 4815 597 4886; x_wconf 79' lang='grc' dir='ltr'>Κυρίῳ</span> <span class='ocrx_word' id='word_1_704' title='bbox 628 4816 849 4888; x_wconf 82' lang='grc' dir='ltr'>Χριστῷ</span> <span class='ocrx_word' id='word_1_705' title='bbox 873 4834 888 4883; x_wconf 89' lang='grc'><strong>;</strong></span> 
     </span>
    </p>
   </div>
   <div class='ocr_carea' id='block_1_93' title="bbox 2090 4633 3670 4702">
    <p class='ocr_par' dir='ltr' id='par_1_93' title="bbox 2090 4633 3670 4702">
     <span class='ocr_line' id='line_1_93' title="bbox 2090 4633 3670 4702; baseline -0.004 -12"><span class='ocrx_word' id='word_1_706' title='bbox 2090 4651 2157 4690; x_wconf 77' lang='lat' dir='ltr'><strong>ex</strong></span> <span class='ocrx_word' id='word_1_707' title='bbox 2186 4634 2441 4690; x_wconf 90' lang='lat' dir='ltr'><strong>omnibus</strong></span> <span class='ocrx_word' id='word_1_708' title='bbox 2484 4635 2726 4695; x_wconf 88' lang='lat' dir='ltr'><strong>sanctis.</strong></span> <span class='ocrx_word' id='word_1_709' title='bbox 2780 4634 2994 4687; x_wconf 79' lang='lat' dir='ltr'><strong>tametsi</strong></span> <span class='ocrx_word' id='word_1_710' title='bbox 3039 4633 3288 4688; x_wconf 89' lang='lat' dir='ltr'><strong>homines</strong></span> <span class='ocrx_word' id='word_1_711' title='bbox 3332 4642 3515 4688; x_wconf 88' lang='lat' dir='ltr'><strong>essent</strong></span> <span class='ocrx_word' id='word_1_712' title='bbox 3546 4648 3670 4702; x_wconf 79' lang='lat' dir='ltr'><strong>pm-</strong></span> 
     </span>
    </p>
   </div>
   <div class='ocr_carea' id='block_1_94' title="bbox 2090 4723 3669 4798">
    <p class='ocr_par' dir='ltr' id='par_1_94' title="bbox 2090 4723 3669 4798">
     <span class='ocr_line' id='line_1_94' title="bbox 2090 4723 3669 4798; baseline -0.001 -17"><span class='ocrx_word' id='word_1_713' title='bbox 2090 4727 2286 4798; x_wconf 67' lang='lat' dir='ltr'><strong>phetaa,</strong></span> <span class='ocrx_word' id='word_1_714' title='bbox 2323 4742 2431 4781; x_wconf 90' lang='lat' dir='ltr'><strong>non</strong></span> <span class='ocrx_word' id='word_1_715' title='bbox 2458 4726 2554 4791; x_wconf 87' lang='lat' dir='ltr'><strong>dii,</strong></span> <span class='ocrx_word' id='word_1_716' title='bbox 2594 4735 2653 4780; x_wconf 80' lang='lat' dir='ltr'><strong>ut</strong></span> <span class='ocrx_word' id='word_1_717' title='bbox 2683 4733 2737 4780; x_wconf 91' lang='lat' dir='ltr'><strong>et</strong></span> <span class='ocrx_word' id='word_1_718' title='bbox 2765 4725 3110 4796; x_wconf 70' lang='lat' dir='ltr'><strong>evangelistaa</strong></span> <span class='ocrx_word' id='word_1_719' title='bbox 3138 4725 3450 4794; x_wconf 71' lang='lat' dir='ltr'><strong>caaterique,</strong></span> <span class='ocrx_word' id='word_1_720' title='bbox 3481 4723 3574 4794; x_wconf 88' lang='lat' dir='ltr'><strong>qui</strong></span> <span class='ocrx_word' id='word_1_721' title='bbox 3604 4740 3669 4779; x_wconf 81' lang='lat' dir='ltr'><strong>ex</strong></span> 
     </span>
    </p>
   </div>
   <div class='ocr_carea' id='block_1_95' title="bbox 2091 4814 3670 4881">
    <p class='ocr_par' dir='ltr' id='par_1_95' title="bbox 2091 4814 3670 4881">
     <span class='ocr_line' id='line_1_95' title="bbox 2091 4814 3670 4881; baseline -0.001 -8"><span class='ocrx_word' id='word_1_722' title='bbox 2091 4818 2273 4873; x_wconf 87' lang='lat' dir='ltr'><strong>anima</strong></span> <span class='ocrx_word' id='word_1_723' title='bbox 2307 4825 2360 4873; x_wconf 82' lang='lat' dir='ltr'><strong>et</strong></span> <span class='ocrx_word' id='word_1_724' title='bbox 2386 4816 2551 4874; x_wconf 76' lang='lat' dir='ltr'><strong>carne</strong></span> <span class='ocrx_word' id='word_1_725' title='bbox 2584 4816 2931 4881; x_wconf 87' lang='lat' dir='ltr'><strong>constabant,</strong></span> <span class='ocrx_word' id='word_1_726' title='bbox 2963 4831 3026 4870; x_wconf 91' lang='lat' dir='ltr'><strong>ac</strong></span> <span class='ocrx_word' id='word_1_727' title='bbox 3055 4817 3173 4871; x_wconf 90' lang='lat' dir='ltr'><strong>sine</strong></span> <span class='ocrx_word' id='word_1_728' title='bbox 3200 4816 3307 4870; x_wconf 90' lang='lat' dir='ltr'><strong>ulla</strong></span> <span class='ocrx_word' id='word_1_729' title='bbox 3335 4814 3670 4871; x_wconf 80' lang='lat' dir='ltr'><strong>dubitatione</strong></span> 
     </span>
    </p>
   </div>
   <div class='ocr_carea' id='block_1_96' title="bbox 406 4908 3671 4986">
    <p class='ocr_par' dir='ltr' id='par_1_96' title="bbox 406 4908 3671 4986">
     <span class='ocr_line' id='line_1_96' title="bbox 406 4908 3671 4986; baseline -0 -21"><span class='ocrx_word' id='word_1_730' title='bbox 406 4912 578 4967; x_wconf 86' lang='lat' dir='ltr'><strong>nostri</strong></span> <span class='ocrx_word' id='word_1_731' title='bbox 613 4913 817 4970; x_wconf 90' lang='lat' dir='ltr'><strong>similes</strong></span> <span class='ocrx_word' id='word_1_732' title='bbox 843 4921 1034 4982; x_wconf 88' lang='lat' dir='ltr'><strong>erant;</strong></span> <span class='ocrx_word' id='word_1_733' title='bbox 1069 4914 1193 4985; x_wconf 91' lang='lat' dir='ltr'><strong>quis</strong></span> <span class='ocrx_word' id='word_1_734' title='bbox 1216 4914 1433 4979; x_wconf 83' lang='lat' dir='ltr'><strong>horum,</strong></span> <span class='ocrx_word' id='word_1_735' title='bbox 1475 4915 1717 4986; x_wconf 87' lang='lat' dir='ltr'><strong>inquam,</strong></span> <span class='ocrx_word' id='word_1_736' title='bbox 1751 4916 1982 4979; x_wconf 83' lang='lat' dir='ltr'><strong>exstitit,</strong></span> <span class='ocrx_word' id='word_1_737' title='bbox 2020 4917 2087 4972; x_wconf 89' lang='lat' dir='ltr'><strong>de</strong></span> <span class='ocrx_word' id='word_1_738' title='bbox 2111 4932 2220 4986; x_wconf 94' lang='lat' dir='ltr'><strong>quo</strong></span> <span class='ocrx_word' id='word_1_739' title='bbox 2247 4915 2517 4985; x_wconf 85' lang='lat' dir='ltr'><strong>ejusmodi</strong></span> <span class='ocrx_word' id='word_1_740' title='bbox 2566 4915 2806 4985; x_wconf 63' lang='lat' dir='ltr'><strong>quaedam</strong></span> <span class='ocrx_word' id='word_1_741' title='bbox 2862 4912 3173 4982; x_wconf 87' lang='lat' dir='ltr'><strong>conscripta</strong></span> <span class='ocrx_word' id='word_1_742' title='bbox 3224 4910 3457 4966; x_wconf 80' lang='lat' dir='ltr'><strong>fuerint?</strong></span> <span class='ocrx_word' id='word_1_743' title='bbox 3483 4908 3671 4965; x_wconf 84' lang='lat' dir='ltr'><strong>Nonne</strong></span> 
     </span>
    </p>
   </div>
   <div class='ocr_carea' id='block_1_97' title="bbox 407 5007 3133 5080">
    <p class='ocr_par' dir='ltr' id='par_1_97' title="bbox 407 5007 3133 5080">
     <span class='ocr_line' id='line_1_97' title="bbox 407 5007 3133 5080; baseline 0 -19"><span class='ocrx_word' id='word_1_744' title='bbox 407 5008 589 5078; x_wconf 87' lang='lat' dir='ltr'><strong>potius</strong></span> <span class='ocrx_word' id='word_1_745' title='bbox 621 5009 1006 5065; x_wconf 86' lang='lat' dir='ltr'><strong>honestissima</strong></span> <span class='ocrx_word' id='word_1_746' title='bbox 1035 5025 1264 5080; x_wconf 84' lang='lat' dir='ltr'><strong>quaeque</strong></span> <span class='ocrx_word' id='word_1_747' title='bbox 1307 5011 1375 5065; x_wconf 94' lang='lat' dir='ltr'><strong>de</strong></span> <span class='ocrx_word' id='word_1_748' title='bbox 1422 5012 1652 5075; x_wconf 88' lang='lat' dir='ltr'><strong>sanctis,</strong></span> <span class='ocrx_word' id='word_1_749' title='bbox 1678 5013 1875 5066; x_wconf 89' lang='lat' dir='ltr'><strong>nedum</strong></span> <span class='ocrx_word' id='word_1_750' title='bbox 1920 5012 1989 5068; x_wconf 93' lang='lat' dir='ltr'><strong>de</strong></span> <span class='ocrx_word' id='word_1_751' title='bbox 2024 5010 2245 5067; x_wconf 89' lang='lat' dir='ltr'><strong>Christo</strong></span> <span class='ocrx_word' id='word_1_752' title='bbox 2273 5010 2522 5074; x_wconf 88' lang='lat' dir='ltr'><strong>Domino,</strong></span> <span class='ocrx_word' id='word_1_753' title='bbox 2553 5008 2833 5079; x_wconf 90' lang='lat' dir='ltr'><strong>Scriptura</strong></span> <span class='ocrx_word' id='word_1_754' title='bbox 2863 5007 3133 5063; x_wconf 86' lang='lat' dir='ltr'><strong>testatur?</strong></span> 
     </span>
    </p>
   </div>
   <div class='ocr_carea' id='block_1_98' title="bbox 479 5103 1984 5180">
    <p class='ocr_par' dir='ltr' id='par_1_98' title="bbox 479 5103 1984 5180">
     <span class='ocr_line' id='line_1_98' title="bbox 479 5103 1984 5180; baseline 0.003 -23"><span class='ocrx_word' id='word_1_755' title='bbox 479 5103 597 5171; x_wconf 70' lang='grc' dir='ltr'><strong>ις’.</strong></span> <span class='ocrx_word' id='word_1_756' title='bbox 626 5104 950 5173; x_wconf 81' lang='grc' dir='ltr'>Δεγέτωσαν</span> <span class='ocrx_word' id='word_1_757' title='bbox 992 5105 1050 5158; x_wconf 87' lang='grc' dir='ltr'><strong>δέ</strong></span> <span class='ocrx_word' id='word_1_758' title='bbox 1082 5107 1213 5176; x_wconf 83' lang='grc' dir='ltr'>ἡμῖν</span> <span class='ocrx_word' id='word_1_759' title='bbox 1243 5107 1290 5160; x_wconf 89' lang='grc' dir='ltr'><strong>οἱ</strong></span> <span class='ocrx_word' id='word_1_760' title='bbox 1324 5106 1665 5179; x_wconf 74' lang='grc' dir='ltr'>ἐκθαμϐηταὶ</span> <span class='ocrx_word' id='word_1_761' title='bbox 1710 5107 1818 5161; x_wconf 87' lang='grc' dir='ltr'><strong>τῶν</strong></span> <span class='ocrx_word' id='word_1_762' title='bbox 1852 5124 1984 5180; x_wconf 86' lang='grc' dir='ltr'>προ-</span> 
     </span>
    </p>
   </div>
   <div class='ocr_carea' id='block_1_99' title="bbox 411 5192 1987 5268">
    <p class='ocr_par' dir='ltr' id='par_1_99' title="bbox 411 5192 1987 5268">
     <span class='ocr_line' id='line_1_99' title="bbox 411 5192 1987 5268; baseline 0.003 -22"><span class='ocrx_word' id='word_1_763' title='bbox 411 5192 590 5247; x_wconf 78' lang='grc' dir='ltr'>ϐάτων</span> <span class='ocrx_word' id='word_1_764' title='bbox 613 5234 627 5259; x_wconf 93' lang='grc'><strong>,</strong></span> <span class='ocrx_word' id='word_1_765' title='bbox 672 5195 766 5248; x_wconf 76' lang='grc' dir='ltr'><strong>καὶ</strong></span> <span class='ocrx_word' id='word_1_766' title='bbox 798 5194 1033 5267; x_wconf 85' lang='grc' dir='ltr'>πτύρται</span> <span class='ocrx_word' id='word_1_767' title='bbox 1063 5195 1171 5249; x_wconf 89' lang='grc' dir='ltr'><strong>τῶν</strong></span> <span class='ocrx_word' id='word_1_768' title='bbox 1208 5195 1572 5267; x_wconf 85' lang='grc' dir='ltr'>περιστερῶν,</span> <span class='ocrx_word' id='word_1_769' title='bbox 1623 5197 1716 5250; x_wconf 81' lang='grc' dir='ltr'><strong>καὶ</strong></span> <span class='ocrx_word' id='word_1_770' title='bbox 1761 5195 1987 5268; x_wconf 72' lang='grc' dir='ltr'>σο6ηται</span> 
     </span>
    </p>
   </div>
   <div class='ocr_carea' id='block_1_100' title="bbox 410 5282 1991 5362">
    <p class='ocr_par' dir='ltr' id='par_1_100' title="bbox 410 5282 1991 5362">
     <span class='ocr_line' id='line_1_100' title="bbox 410 5282 1991 5362; baseline -0.001 -24"><span class='ocrx_word' id='word_1_771' title='bbox 410 5284 519 5340; x_wconf 89' lang='grc' dir='ltr'><strong>τῶν</strong></span> <span class='ocrx_word' id='word_1_772' title='bbox 546 5284 640 5339; x_wconf 90' lang='grc' dir='ltr'><strong>τοῦ</strong></span> <span class='ocrx_word' id='word_1_773' title='bbox 671 5286 905 5357; x_wconf 86' lang='grc' dir='ltr'>Χριστοῦ</span> <span class='ocrx_word' id='word_1_774' title='bbox 939 5287 1140 5360; x_wconf 86' lang='grc' dir='ltr'>ἀρνίων</span> <span class='ocrx_word' id='word_1_775' title='bbox 1170 5301 1232 5340; x_wconf 90' lang='grc' dir='ltr'><strong>τε</strong></span> <span class='ocrx_word' id='word_1_776' title='bbox 1249 5284 1341 5340; x_wconf 76' lang='grc' dir='ltr'>καὶ</span> <span class='ocrx_word' id='word_1_777' title='bbox 1356 5282 1705 5356; x_wconf 81' lang='grc' dir='ltr'>θρεμμάτων,</span> <span class='ocrx_word' id='word_1_778' title='bbox 1727 5282 1830 5338; x_wconf 87' lang='grc' dir='ltr'><strong>ποῦ</strong></span> <span class='ocrx_word' id='word_1_779' title='bbox 1849 5306 1991 5362; x_wconf 80' lang='grc' dir='ltr'>παρ-</span> 
     </span>
    </p>
   </div>
   <div class='ocr_carea' id='block_1_101' title="bbox 482 5421 1980 5501">
    <p class='ocr_par' dir='ltr' id='par_1_101' title="bbox 482 5421 1980 5501">
     <span class='ocr_line' id='line_1_101' title="bbox 482 5421 1980 5501; baseline 0.007 -27"><span class='ocrx_word' id='word_1_780' title='bbox 482 5423 501 5456; x_wconf 80' lang='grc'>¹</span> <span class='ocrx_word' id='word_1_781' title='bbox 527 5421 724 5501; x_wconf 61' lang='lat' dir='ltr'><strong>Vitium</strong></span> <span class='ocrx_word' id='word_1_782' title='bbox 765 5424 953 5479; x_wconf 84' lang='lat' dir='ltr'><strong>subest</strong></span> <span class='ocrx_word' id='word_1_783' title='bbox 968 5426 1277 5501; x_wconf 82' lang='lat' dir='ltr'><strong>_h_uic_Io_co.</strong></span> <span class='ocrx_word' id='word_1_784' title='bbox 1356 5428 1469 5501; x_wconf 19' lang='lat' dir='ltr'><strong>’AF.</strong></span> <span class='ocrx_word' id='word_1_785' title='bbox 1494 5427 1624 5501; x_wconf 78' lang='grc' dir='ltr'>περὶ</span> <span class='ocrx_word' id='word_1_786' title='bbox 1652 5427 1887 5500; x_wconf 82' lang='grc' dir='ltr'>Χριστοῦ</span> <span class='ocrx_word' id='word_1_787' title='bbox 1924 5429 1980 5500; x_wconf 71' lang='grc' dir='ltr'><strong>ὀι.</strong></span> 
     </span>
    </p>
   </div>
   <div class='ocr_carea' id='block_1_102' title="bbox 2082 5421 3254 5501">
    <p class='ocr_par' dir='ltr' id='par_1_102' title="bbox 2124 5424 3254 5499">
     <span class='ocr_line' id='line_1_102' title="bbox 2124 5424 3254 5499; baseline 0.001 -17"><span class='ocrx_word' id='word_1_788' title='bbox 2124 5428 2363 5493; x_wconf 88' lang='grc' dir='ltr'>τελείως,</span> <span class='ocrx_word' id='word_1_789' title='bbox 2390 5428 2459 5483; x_wconf 81' lang='grc' dir='ltr'>τὰ</span> <span class='ocrx_word' id='word_1_790' title='bbox 2486 5428 2666 5485; x_wconf 86' lang='grc' dir='ltr'>πάντα</span> <span class='ocrx_word' id='word_1_791' title='bbox 2686 5426 2971 5499; x_wconf 87' lang='grc' dir='ltr'>περίεργα,</span> <span class='ocrx_word' id='word_1_792' title='bbox 2993 5424 3070 5491; x_wconf 83' lang='grc' dir='ltr'><strong>ὡς</strong></span> <span class='ocrx_word' id='word_1_793' title='bbox 3096 5426 3254 5498; x_wconf 82' lang='grc' dir='ltr'>γέγρ.</span> 
     </span>
    </p>
   </div>
   <div class='ocr_carea' id='block_1_103' title="bbox 411 5491 1467 5566">
    <p class='ocr_par' dir='ltr' id='par_1_103' title="bbox 411 5491 1467 5566">
     <span class='ocr_line' id='line_1_103' title="bbox 411 5491 1467 5566; baseline 0.006 -19"><span class='ocrx_word' id='word_1_794' title='bbox 411 5491 500 5548; x_wconf 77' lang='grc'><strong>22.</strong></span> <span class='ocrx_word' id='word_1_795' title='bbox 575 5491 598 5525; x_wconf 70' lang='grc'>⁸</span> <span class='ocrx_word' id='word_1_796' title='bbox 626 5493 824 5563; x_wconf 84' lang='lat' dir='ltr'><strong>Ephes.</strong></span> <span class='ocrx_word' id='word_1_797' title='bbox 854 5510 931 5561; x_wconf 82' lang='lat' dir='ltr'><strong>tv,</strong></span> <span class='ocrx_word' id='word_1_798' title='bbox 960 5495 1049 5563; x_wconf 71' lang='grc'><strong>16.</strong></span> <span class='ocrx_word' id='word_1_799' title='bbox 1123 5498 1144 5530; x_wconf 84' lang='grc'><strong><em>⁵</em></strong></span> <span class='ocrx_word' id='word_1_800' title='bbox 1176 5496 1281 5554; x_wconf 88' lang='lat' dir='ltr'><strong>lsa.</strong></span> <span class='ocrx_word' id='word_1_801' title='bbox 1312 5515 1350 5566; x_wconf 90' lang='lat' dir='ltr'><strong>l,</strong></span> <span class='ocrx_word' id='word_1_802' title='bbox 1378 5499 1467 5553; x_wconf 69' lang='lat'><strong>12.</strong></span> 
     </span>
    </p>
   </div>
   <div class='ocr_carea' id='block_1_104' title="bbox 483 5615 1979 5696">
    <p class='ocr_par' dir='ltr' id='par_1_104' title="bbox 483 5615 1979 5696">
     <span class='ocr_line' id='line_1_104' title="bbox 483 5615 1979 5696; baseline 0.003 -25"><span class='ocrx_word' id='word_1_803' title='bbox 483 5615 595 5696; x_wconf 52' lang='lat'><strong>{95)</strong></span> <span class='ocrx_word' id='word_1_804' title='bbox 630 5619 867 5696; x_wconf 52' lang='lat' dir='ltr'><strong>Quaequae</strong></span> <span class='ocrx_word' id='word_1_805' title='bbox 901 5621 1110 5689; x_wconf 78' lang='grc' dir='ltr'>χρείαν</span> <span class='ocrx_word' id='word_1_806' title='bbox 1149 5619 1495 5696; x_wconf 41' lang='grc' dir='ltr'>ἕᾳχεε-Ειιίι</span> <span class='ocrx_word' id='word_1_807' title='bbox 1543 5621 1661 5677; x_wconf 72' lang='lat' dir='ltr'><strong>haec</strong></span> <span class='ocrx_word' id='word_1_808' title='bbox 1710 5618 1979 5696; x_wconf 80' lang='lat' dir='ltr'><strong>Valentini</strong></span> 
     </span>
    </p>
   </div>
   <div class='ocr_carea' id='block_1_105' title="bbox 415 5686 1981 5762">
    <p class='ocr_par' dir='ltr' id='par_1_105' title="bbox 415 5686 1981 5762">
     <span class='ocr_line' id='line_1_105' title="bbox 415 5686 1981 5762; baseline 0.005 -24"><span class='ocrx_word' id='word_1_809' title='bbox 415 5686 619 5755; x_wconf 85' lang='lat' dir='ltr'><strong>opinio,</strong></span> <span class='ocrx_word' id='word_1_810' title='bbox 659 5686 951 5762; x_wconf 70' lang='lat' dir='ltr'><strong>Christum</strong></span> <span class='ocrx_word' id='word_1_811' title='bbox 990 5699 1137 5745; x_wconf 87' lang='lat' dir='ltr'><strong>tanta</strong></span> <span class='ocrx_word' id='word_1_812' title='bbox 1186 5686 1495 5762; x_wconf 70' lang='lat' dir='ltr'><strong>frugalitate</strong></span> <span class='ocrx_word' id='word_1_813' title='bbox 1541 5708 1605 5746; x_wconf 92' lang='lat' dir='ltr'><strong>ac</strong></span> <span class='ocrx_word' id='word_1_814' title='bbox 1644 5692 1981 5761; x_wconf 85' lang='lat' dir='ltr'><strong>parcimonia</strong></span> 
     </span>
    </p>
   </div>
   <div class='ocr_carea' id='block_1_106' title="bbox 419 5759 1982 5831">
    <p class='ocr_par' dir='ltr' id='par_1_106' title="bbox 419 5759 1982 5831">
     <span class='ocr_line' id='line_1_106' title="bbox 419 5759 1982 5831; baseline 0.004 -22"><span class='ocrx_word' id='word_1_815' title='bbox 419 5771 574 5811; x_wconf 89' lang='lat' dir='ltr'><strong>usum</strong></span> <span class='ocrx_word' id='word_1_816' title='bbox 601 5774 741 5831; x_wconf 76' lang='lat' dir='ltr'><strong>esse,</strong></span> <span class='ocrx_word' id='word_1_817' title='bbox 770 5761 902 5815; x_wconf 90' lang='lat' dir='ltr'><strong>nihil</strong></span> <span class='ocrx_word' id='word_1_818' title='bbox 935 5768 994 5815; x_wconf 91' lang='lat' dir='ltr'><strong>ut</strong></span> <span class='ocrx_word' id='word_1_819' title='bbox 1025 5759 1297 5831; x_wconf 53' lang='lat' dir='ltr'><strong>egerereti</strong></span> <span class='ocrx_word' id='word_1_820' title='bbox 1321 5759 1575 5817; x_wconf 85' lang='lat' dir='ltr'><strong>Testatur</strong></span> <span class='ocrx_word' id='word_1_821' title='bbox 1601 5759 1834 5831; x_wconf 87' lang='lat' dir='ltr'><strong>idipsum</strong></span> <span class='ocrx_word' id='word_1_822' title='bbox 1863 5762 1982 5817; x_wconf 88' lang='lat' dir='ltr'><strong>Cle-</strong></span> 
     </span>
    </p>
   </div>
   <div class='ocr_carea' id='block_1_107' title="bbox 418 5828 1981 5899">
    <p class='ocr_par' dir='ltr' id='par_1_107' title="bbox 418 5828 1981 5899">
     <span class='ocr_line' id='line_1_107' title="bbox 418 5828 1981 5899; baseline 0.003 -21"><span class='ocrx_word' id='word_1_823' title='bbox 418 5840 572 5884; x_wconf 86' lang='lat' dir='ltr'><strong>mens</strong></span> <span class='ocrx_word' id='word_1_824' title='bbox 599 5828 894 5887; x_wconf 77' lang='lat' dir='ltr'><strong>Alexandt&#39;.</strong></span> <span class='ocrx_word' id='word_1_825' title='bbox 918 5846 978 5888; x_wconf 85' lang='lat' dir='ltr'><strong>Ill</strong></span> <span class='ocrx_word' id='word_1_826' title='bbox 1014 5828 1211 5888; x_wconf 75' lang='lat' dir='ltr'><strong>Sirom.</strong></span> <span class='ocrx_word' id='word_1_827' title='bbox 1253 5832 1346 5899; x_wconf 82' lang='lat' dir='ltr'><strong>qui</strong></span> <span class='ocrx_word' id='word_1_828' title='bbox 1380 5849 1443 5890; x_wconf 66' lang='lat' dir='ltr'><strong>es</strong></span> <span class='ocrx_word' id='word_1_829' title='bbox 1476 5828 1714 5888; x_wconf 69' lang='lat' dir='ltr'><strong>haeretici</strong></span> <span class='ocrx_word' id='word_1_830' title='bbox 1743 5833 1887 5888; x_wconf 88' lang='lat' dir='ltr'><strong>illius</strong></span> <span class='ocrx_word' id='word_1_831' title='bbox 1911 5831 1981 5887; x_wconf 84' lang='lat' dir='ltr'><strong>ad</strong></span> 
     </span>
    </p>
   </div>
   <div class='ocr_carea' id='block_1_108' title="bbox 2165 5102 3670 5174">
    <p class='ocr_par' dir='ltr' id='par_1_108' title="bbox 2165 5102 3670 5174">
     <span class='ocr_line' id='line_1_108' title="bbox 2165 5102 3670 5174; baseline -0.004 -13"><span class='ocrx_word' id='word_1_832' title='bbox 2165 5105 2300 5161; x_wconf 81' lang='lat' dir='ltr'><strong>XVI.</strong></span> <span class='ocrx_word' id='word_1_833' title='bbox 2345 5105 2539 5162; x_wconf 87' lang='lat' dir='ltr'><strong>Dicant</strong></span> <span class='ocrx_word' id='word_1_834' title='bbox 2586 5107 2743 5162; x_wconf 89' lang='lat' dir='ltr'><strong>nobis</strong></span> <span class='ocrx_word' id='word_1_835' title='bbox 2787 5105 2826 5159; x_wconf 91' lang='lat' dir='ltr'><strong>ii</strong></span> <span class='ocrx_word' id='word_1_836' title='bbox 2871 5107 2965 5174; x_wconf 90' lang='lat' dir='ltr'><strong>qui</strong></span> <span class='ocrx_word' id='word_1_837' title='bbox 3000 5111 3054 5160; x_wconf 90' lang='lat' dir='ltr'><strong>et</strong></span> <span class='ocrx_word' id='word_1_838' title='bbox 3085 5119 3213 5161; x_wconf 84' lang='lat' dir='ltr'><strong>oves</strong></span> <span class='ocrx_word' id='word_1_839' title='bbox 3252 5102 3594 5165; x_wconf 90' lang='lat' dir='ltr'><strong>absterrent,</strong></span> <span class='ocrx_word' id='word_1_840' title='bbox 3619 5107 3670 5156; x_wconf 87' lang='lat' dir='ltr'><strong>et</strong></span> 
     </span>
    </p>
   </div>
   <div class='ocr_carea' id='block_1_109' title="bbox 2095 5189 3639 5266">
    <p class='ocr_par' dir='ltr' id='par_1_109' title="bbox 2095 5189 3639 5266">
     <span class='ocr_line' id='line_1_109' title="bbox 2095 5189 3639 5266; baseline -0.006 -14"><span class='ocrx_word' id='word_1_841' title='bbox 2095 5196 2379 5252; x_wconf 81' lang='lat' dir='ltr'><strong>columbas</strong></span> <span class='ocrx_word' id='word_1_842' title='bbox 2416 5196 2661 5266; x_wconf 87' lang='lat' dir='ltr'><strong>abigunt,</strong></span> <span class='ocrx_word' id='word_1_843' title='bbox 2703 5203 2759 5249; x_wconf 91' lang='lat' dir='ltr'><strong>et</strong></span> <span class='ocrx_word' id='word_1_844' title='bbox 2795 5194 3001 5248; x_wconf 90' lang='lat' dir='ltr'><strong>Christi</strong></span> <span class='ocrx_word' id='word_1_845' title='bbox 3036 5207 3204 5263; x_wconf 87' lang='lat' dir='ltr'><strong>agnos</strong></span> <span class='ocrx_word' id='word_1_846' title='bbox 3241 5208 3307 5247; x_wconf 91' lang='lat' dir='ltr'><strong>ac</strong></span> <span class='ocrx_word' id='word_1_847' title='bbox 3342 5205 3540 5262; x_wconf 88' lang='lat' dir='ltr'><strong>pecora</strong></span> <span class='ocrx_word' id='word_1_848' title='bbox 3584 5189 3639 5244; x_wconf 89' lang='lat' dir='ltr'><strong>fu</strong></span> 
     </span>
    </p>
   </div>
   <div class='ocr_carea' id='block_1_110' title="bbox 2099 5281 3669 5360">
    <p class='ocr_par' dir='ltr' id='par_1_110' title="bbox 2099 5281 3669 5360">
     <span class='ocr_line' id='line_1_110' title="bbox 2099 5281 3669 5360; baseline -0.001 -18"><span class='ocrx_word' id='word_1_849' title='bbox 2099 5296 2247 5360; x_wconf 89' lang='lat' dir='ltr'><strong>gant,</strong></span> <span class='ocrx_word' id='word_1_850' title='bbox 2283 5287 2508 5343; x_wconf 91' lang='lat' dir='ltr'><strong>ubinam</strong></span> <span class='ocrx_word' id='word_1_851' title='bbox 2550 5286 2765 5358; x_wconf 82' lang='lat' dir='ltr'><strong>Moyses</strong></span> <span class='ocrx_word' id='word_1_852' title='bbox 2792 5286 2925 5342; x_wconf 89' lang='lat' dir='ltr'><strong>totis</strong></span> <span class='ocrx_word' id='word_1_853' title='bbox 2945 5285 3053 5341; x_wconf 90' lang='lat' dir='ltr'><strong>illis</strong></span> <span class='ocrx_word' id='word_1_854' title='bbox 3079 5284 3443 5356; x_wconf 80' lang='lat' dir='ltr'><strong>quadraginta</strong></span> <span class='ocrx_word' id='word_1_855' title='bbox 3476 5281 3669 5340; x_wconf 80' lang='lat' dir='ltr'><strong>diebus</strong></span> 
     </span>
    </p>
   </div>
   <div class='ocr_carea' id='block_1_111' title="bbox 3341 5422 3671 5492">
    <p class='ocr_par' dir='ltr' id='par_1_111' title="bbox 3341 5422 3671 5492">
     <span class='ocr_line' id='line_1_111' title="bbox 3341 5422 3671 5492; baseline 0.012 -15"><span class='ocrx_word' id='word_1_856' title='bbox 3341 5425 3363 5458; x_wconf 84' lang='grc'><strong><em>⁸</em></strong></span> <span class='ocrx_word' id='word_1_857' title='bbox 3387 5423 3405 5478; x_wconf 95' lang='lat' dir='ltr'><strong>I</strong></span> <span class='ocrx_word' id='word_1_858' title='bbox 3429 5422 3577 5480; x_wconf 84' lang='lat' dir='ltr'><strong>Petr.</strong></span> <span class='ocrx_word' id='word_1_859' title='bbox 3606 5436 3671 5492; x_wconf 82' lang='lat' dir='ltr'><strong>tt,</strong></span> 
     </span>
    </p>
   </div>
   <div class='ocr_carea' id='block_1_112' title="bbox 2086 5603 3670 5692">
    <p class='ocr_par' dir='ltr' id='par_1_112' title="bbox 2086 5603 3670 5692">
     <span class='ocr_line' id='line_1_112' title="bbox 2086 5603 3670 5692; baseline -0.004 -17"><span class='ocrx_word' id='word_1_860' title='bbox 2086 5620 2480 5692; x_wconf 81' lang='lat' dir='ltr'><strong>Agathopodem</strong></span> <span class='ocrx_word' id='word_1_861' title='bbox 2516 5619 2784 5692; x_wconf 61' lang='lat' dir='ltr'><strong>epistola</strong></span> <span class='ocrx_word' id='word_1_862' title='bbox 2816 5618 2921 5692; x_wconf 85' lang='lat' dir='ltr'><strong>ista</strong></span> <span class='ocrx_word' id='word_1_863' title='bbox 2962 5614 3207 5692; x_wconf 70' lang='lat' dir='ltr'><strong>profert:</strong></span> <span class='ocrx_word' id='word_1_864' title='bbox 3278 5603 3521 5692; x_wconf 76' lang='grc' dir='ltr'>Ἠσθιεν,</span> <span class='ocrx_word' id='word_1_865' title='bbox 3574 5613 3670 5692; x_wconf 59' lang='grc' dir='ltr'>καὶ</span> 
     </span>
    </p>
   </div>
   <div class='ocr_carea' id='block_1_113' title="bbox 2088 5679 3670 5759">
    <p class='ocr_par' dir='ltr' id='par_1_113' title="bbox 2088 5679 3670 5759">
     <span class='ocr_line' id='line_1_113' title="bbox 2088 5679 3670 5759; baseline -0.004 -15"><span class='ocrx_word' id='word_1_866' title='bbox 2088 5679 2271 5746; x_wconf 72' lang='grc' dir='ltr'>ἒτῖινεν</span> <span class='ocrx_word' id='word_1_867' title='bbox 2294 5679 2446 5754; x_wconf 78' lang='grc' dir='ltr'>’ἰδίως</span> <span class='ocrx_word' id='word_1_868' title='bbox 2477 5679 2576 5744; x_wconf 68' lang='grc' dir='ltr'><strong>οῦκ</strong></span> <span class='ocrx_word' id='word_1_869' title='bbox 2606 5690 2889 5753; x_wconf 79' lang='grc' dir='ltr'>ἀποδιδοὺς</span> <span class='ocrx_word' id='word_1_870' title='bbox 2916 5679 2990 5759; x_wconf 57' lang='lat' dir='ltr'><strong>ri</strong></span> <span class='ocrx_word' id='word_1_871' title='bbox 3019 5685 3282 5759; x_wconf 75' lang='grc' dir='ltr'>βρώματα</span> <span class='ocrx_word' id='word_1_872' title='bbox 3306 5702 3320 5715; x_wconf 70' lang='grc'><strong>⁸</strong></span> <span class='ocrx_word' id='word_1_873' title='bbox 3350 5684 3569 5759; x_wconf 80' lang='grc' dir='ltr'>τοιαύτη</span> <span class='ocrx_word' id='word_1_874' title='bbox 3601 5679 3670 5755; x_wconf 78' lang='grc' dir='ltr'>ἦν</span> 
     </span>
    </p>
   </div>
   <div class='ocr_carea' id='block_1_114' title="bbox 2089 5755 3671 5904">
    <p class='ocr_par' dir='ltr' id='par_1_114' title="bbox 2089 5755 3671 5904">
     <span class='ocr_line' id='line_1_114' title="bbox 2089 5755 3671 5904; baseline -0.004 -89"><span class='ocrx_word' id='word_1_875' title='bbox 2089 5761 2250 5904; x_wconf 51' lang='grc' dir='ltr'><strong>αιέιτῷὲ</strong></span> <span class='ocrx_word' id='word_1_876' title='bbox 2280 5760 2609 5850; x_wconf 70' lang='grc' dir='ltr'>ἐγκρατείας</span> <span class='ocrx_word' id='word_1_877' title='bbox 2642 5759 2891 5832; x_wconf 85' lang='grc' dir='ltr'>δύναμις,</span> <span class='ocrx_word' id='word_1_878' title='bbox 2921 5755 3066 5813; x_wconf 78' lang='grc' dir='ltr'>ὥστε</span> <span class='ocrx_word' id='word_1_879' title='bbox 3105 5755 3376 5828; x_wconf 73' lang='grc' dir='ltr'>φθαρῆναι</span> <span class='ocrx_word' id='word_1_880' title='bbox 3409 5755 3509 5826; x_wconf 81' lang='grc' dir='ltr'>τὴν</span> <span class='ocrx_word' id='word_1_881' title='bbox 3544 5770 3671 5820; x_wconf 85' lang='grc' dir='ltr'>τρο-</span> 
     </span>
     <span class='ocr_line' id='line_1_115' title="bbox 2091 5849 2477 5901; baseline -0.003 -16"><span class='ocrx_word' id='word_1_882' title='bbox 2091 5849 2126 5901; x_wconf 86' lang='grc' dir='ltr'><strong>φ</strong></span> <span class='ocrx_word' id='word_1_883' title='bbox 2168 5850 2194 5885; x_wconf 86' lang='grc' dir='ltr'><strong>ν</strong></span> <span class='ocrx_word' id='word_1_884' title='bbox 2255 5850 2284 5886; x_wconf 94' lang='grc' dir='ltr'><strong>ν</strong></span> <span class='ocrx_word' id='word_1_885' title='bbox 2310 5850 2477 5901; x_wconf 86' lang='grc' dir='ltr'>αυτῳ.</span> 
     </span>
    </p>
   </div>
  </div>
