4134 6392
475 259 584 320 865

1901 263 1961 318 S.
2003 259 2344 316 ΕΡΙΙἮΑΝΙΙ

3643 257 3748 316 661.

477 387 722 434 ventrem
745 377 1126 432 exoneraverit
1148 374 1438 442 ?Quonam
1469 376 1535 446 ad
1559 391 1840 432 secessum
1867 376 2050 432 abieril

2167 379 2473 452 εσκευάσθη
2544 377 2782 448 Μωῡτῆς
2825 377 2925 450 τὴν
2965 374 3584 448 τεσσαρακονθήμεροη
3633 377 3750 435 Ποῦ

477 471 624 528 Elias
653 471 723 526 ad
751 477 1048 526 torrentem
1080 469 1308 533 Chorra,
1340 483 1464 523 cum
1493 467 1754 522 mandato
1783 467 1900 534 Dei,
1939 485 2063 539 quae

475 574 508 620 ι
548 563 733 618 corvis
781 561 1112 616 atl'erebatur
1188 559 1434 624 cibaria,
1485 559 1588 616 hoc
1632 569 1738 626 est,
1790 563 2062 616 matutino

475 663 718 726 tempore
737 643 966 726 panem,
999 667 1226 721 vespere
1258 667 1454 708 carnes
1484 653 1798 708 comederet
1819 652 1865 706 ιι
1893 651 2064 706 Nimi-

475 763 595 804 rum
641 748 868 802 stultum
899 755 1017 800 erat
1051 746 1167 800 hare
1209 761 1240 800 a
1291 743 1575 816 Scriptura
1611 747 2057 812 commemorari,

474 840 932 914 quemadmodum
977 845 1032 894 et
1077 839 1202 894 illos
1225 837 1390 892 modo
1437 838 1778 910 perscrutari
1829 839 2058 894 stultum

471 937 576 985 est.
617 926 750 994 Qua:
790 927 932 982 enim
972 943 1038 984 ex
1073 927 1141 983 iis
1171 927 1380 984 utilitas
1421 929 1630 998 percipi
1669 929 1891 998 potest?
1935 930 2060 999 quis

473 1021 640 1076 animi
672 1019 920 1076 fructus?
950 1036 1070 1092 quae
1105 1037 1170 1076 eo
1201 1029 1418 1078 tantum
1449 1029 1682 1090 spectat,
1715 1029 1796 1088 ut,
1827 1021 1894 1076 ad
1923 1037 2061 1094 prae-

473 1121 704 1186 sumpta:
741 1114 1028 1184 cujusdam
1069 1115 1347 1186 opinionis
1395 1115 1771 1171 inﬁdelitatem
1811 1125 2060 1172 astruen-

474 1207 622 1276 dam,
655 1208 1013 1264 inanissimas
1054 1208 1376 1263 occasiones
1417 1205 1632 1278 frigidis
1671 1207 1780 1262 illis
1811 1207 1971 1276 nugis
2005 1215 2060 1262 et

473 1301 540 1356 ad
571 1301 878 1356 animorum
911 1301 1250 1358 eversionem
1278 1301 1490 1374 idoneis
1516 1301 1846 1372 suppeditet.
1881 1299 2056 1356 Velim

471 1401 526 1448 et
567 1393 671 1449 hoc
721 1409 887 1464 porro
933 1393 1092 1447 nobis
1145 1394 1454 1448 edisserant
1493 1413 1506 1447 :
1539 1393 1788 1460 Quanam
1843 1393 2058 1448 ratione

471 1483 638 1550 Deus,
673 1501 800 1540 cum
834 1485 1028 1550 voluit,
1071 1483 1124 1538 id
1167 1485 1360 1555 egerit,
1396 1493 1455 1540 ut
1493 1487 1864 1542 lsraelitarum
1909 1495 2055 1546 totos

470 1577 830 1648 quadraginta
861 1593 1035 1634 annos
1067 1593 1245 1648 neque
1279 1579 1370 1648 pili
1399 1587 1731 1643 crescerent,
1767 1595 1870 1634 nec
1901 1579 2056 1636 inve-

470 1683 716 1732 terarent
743 1674 934 1738 calcei,
968 1689 1148 1744 neque
1177 1682 1358 1730 vestes
1392 1683 1763 1729 attercrcntur
1795 1683 1888 1730 aut
1931 1691 2044 1732 sor-

2165 471 2234 525 τὰ
2283 471 2418 544 πρὸς
2444 470 2632 544 χρείαν
2659 471 2893 524 ἐποιεῖτο
2919 469 3108 533 Ἠλίας
3139 470 3196 522 ὲν
3217 467 3294 539 τῷ
3315 469 3502 542 Χορῤᾷ
3525 471 3750 544 χειμάρ-

2167 567 2246 634 ρῳ
2273 603 2288 627 ,
2319 563 2556 632 ὁπηνίκα
2585 563 2748 634 ἄρτον
2785 561 2882 634 μὲν
2917 560 2978 614 τὺ
3025 559 3259 630 πρωῐνὸν
3297 557 3486 630 ἧσθιε,
3523 561 3664 633 κρέα
3693 564 3750 617 δὲ

2163 655 2224 710 τὸ
2255 655 2482 709 δειλινὸν
2525 655 2635 710 ἀπὸ
2669 653 2768 726 τῆς
2818 654 2926 709 τῶν
2957 655 3208 724 κοράκων
3251 655 3634 726 παρακομιδῆς
3661 658 3749 712 διὰ

2163 749 2298 804 Θεοῦ
2331 748 2786 820 προστάγματος;
2841 745 3074 800 Ἦλίθιον
3125 747 3234 816 γὰρ
3271 741 3339 816 ἦν
3382 745 3443 800 τὸ
3473 746 3574 816 τὴν
3605 746 3748 818 Γρα-

2163 841 2270 912 φὴν
2301 841 2428 912 περὶ
2468 839 2673 893 τούτων
2701 838 2882 908 λέγειν
2907 879 2926 902 ,
2965 837 3041 900 ὼς
3069 835 3163 890 νῦν
3204 836 3416 900 τούτοις
3445 836 3650 906 ἠλίθιον
3687 837 3750 890 τὸ

2163 933 2456 1000 ἐξετάζειν.
2493 933 2589 996 Τίς
2621 933 2730 1002 γὰρ
2775 929 3011 1000 ὠφέλεια
3041 930 3100 982 ἐν
3141 931 3256 991 τοῖς
3301 927 3594 994 τοιούτοις;
3627 929 3660 1000 ἦ
3694 929 3746 980 τί

2159 1027 2220 1081 τὸ
2241 1028 2546 1098 χρήσιμον;
2579 1025 2694 1078 ἀλλ’
2723 1024 2756 1094 ἢ
2805 1025 2966 1094 μόνον
3002 1023 3082 1086 είς
3115 1021 3372 1075 ἀπιστίαν
3415 1020 3514 1088 τῆς
3543 1020 3748 1092 προλή-

2159 1111 2304 1182 ψεως
2357 1111 2660 1184 προφάσεις
2713 1111 2804 1166 διὰ
2857 1111 3226 1184 ψυχρολογίας
3283 1109 3378 1163 καὶ
3431 1109 3748 1182 ἀνατροπῆς

2161 1205 2398 1276 ματαίας
2437 1205 2578 1276 ἔχον.
2615 1205 2938 1274 Λεγέτωσαν
2971 1205 3028 1258 δὲ
3053 1203 3216 1258 πάλιν
3245 1205 3402 1274 ἡμῖν,
3427 1203 3533 1256 τίνι
3556 1201 3633 1273 τῷ
3661 1201 3750 1255 λό-

2157 1313 2272 1366 γῳ,
2307 1297 2396 1350 ὅτε
2425 1297 2690 1368 ἠθέλησεν
2716 1298 2744 1350 ὁ
2769 1297 2920 1360 Θεὸς,
2961 1295 3186 1366 ἐποίησε
3225 1294 3332 1348 τῶν
3367 1293 3498 1347 υίῶν
3531 1294 3746 1366 Ἰσραὴλ

2155 1385 2216 1440 ὲν
2261 1388 2670 1458 τεσσαράκοντα
2715 1387 2859 1441 ἔτεσι
2919 1389 3058 1460 μήτε
3109 1388 3208 1454 τὰς
3248 1389 3442 1460 τρίχας
3479 1389 3742 1460 κομὰσαι,

2159 1480 2297 1551 μήτε
2328 1479 2399 1532 τὰ
2441 1481 2765 1552 ὑποδήματα
2825 1481 3230 1552 παλαιωθῆναι,
3269 1485 3408 1554 μήτε
3443 1481 3510 1535 τὰ
3553 1483 3746 1553 ίμάτια

2155 1571 2572 1643 κατατριϐῆναι,
2607 1573 2639 1644 ἢ
2675 1573 3016 1646 ῥυπανθῆναι
3042 1593 3056 1640 ;
3087 1575 3182 1646 Μὴ
3211 1573 3322 1645 ἄρα
3359 1576 3451 1630 καὶ
3481 1571 3624 1630 οὗτοι
3645 1575 3740 1629 ἀπ’

2157 1663 2387 1734 οὐρανοῦ
2418 1663 2807 1734 ὲληλύθεισαν;
2849 1665 2923 1736 μὴ
2955 1665 3070 1718 θεοὶ
3105 1667 3154 1718 οἱ
3191 1666 3421 1720 τοιοῦτοι
3453 1668 3742 1738 ὑπῆρχονς

469 1767 633 1822 dibus
673 1767 1123 1822 obsolescerent?
1153 1767 1234 1821 An
1275 1777 1329 1822 et
1365 1767 1454 1822 isti
1488 1768 1554 1822 de
1582 1769 1722 1822 cmlo
1753 1769 2050 1826 descende-

2157 1755 2335 1808 καίτοι
2385 1771 2448 1824 γε
2509 1756 2608 1808 οὐκ
2680 1757 2738 1809 ἐν
2799 1755 3044 1820 ἐπαίνοις
3097 1756 3472 1828 ὑπάρχοντες,
3527 1757 3640 1811 ἀλλ’
3683 1759 3744 1814 ἑν

471 1857 626 1910 rant?
668 1863 762 1910 aut
796 1856 870 1912 dii
921 1849 1133 1912 scilicet
1177 1864 1334 1912 erant
1385 1857 1590 1927 aliqui?
1635 1858 1800 1928 Atqui
1835 1875 1904 1914 ne
1937 1859 2056 1914 lau-

469 1949 671 2004 dantur
697 1951 772 2004 illi
811 1949 1034 2020 quidem
1065 1969 1079 2014 ;
1112 1949 1208 2006 sed
1241 1949 1487 2004 divinum
1527 1965 1728 2006 numen
1770 1951 1826 2006 in
1861 1953 2053 2022 pleris-

467 2057 576 2112 que
608 2051 996 2112 pr0vocaruut.
1039 2045 1240 2098 Annon
1271 2043 1438 2112 igitur
1459 2043 1650 2098 iisdem
1679 2053 1838 2098 erant
1866 2045 2056 2098 noluis-

467 2149 592 2188 cum
626 2133 1006 2190 alTectionibus
1041 2135 1305 2188 obnoxii?
1339 2134 1540 2188 Verum
1571 2137 1752 2190 omnia
1795 2155 1854 2192 se
1891 2155 2054 2208 posse

467 2239 566 2297 per
598 2241 739 2288 sese,
766 2225 995 2296 ﬁerique
1032 2227 1246 2296 1010
1285 2227 1462 2297 ipsius
1491 2235 1648 2290 nutu.
1675 2229 1760 2284 vel
1795 2245 1902 2284 non
1938 2229 2050 2286 fieri

467 2333 632 2388 posse
671 2317 816 2374 Deus
843 2319 1136 2374 ostendere
1167 2321 1357 2376 voluit.
1377 2323 1452 2376 Ac
1470 2337 1538 2376 ne
1565 2320 1818 2378 fortassis
1847 2323 2048 2394 aliquis

467 2410 538 2464 ob
568 2413 834 2482 stupenda
884 2413 974 2465 illa
1016 2413 1282 2484 prodigia,
1319 2430 1442 2484 qua)
1475 2414 1530 2468 in
1562 2415 1780 2470 illorum
1815 2421 2050 2488 gratiam

466 2517 498 2557 α
548 2501 659 2557 Deo
717 2501 858 2558 facta
913 2502 1169 2570 fuerant,
1214 2505 1450 2574 amplius
1497 2505 1755 2572 quiddam
1809 2507 2048 2562 humana

465 2591 783 2648 conditione
811 2595 868 2648 in
909 2595 1016 2650 illis
1047 2595 1326 2650 exstitisse
1370 2595 1638 2662 crederet,
1683 2607 1741 2652 ut
1787 2598 1914 2652 huic
1961 2615 2054 2652 cr-

467 2681 578 2734 rori
616 2693 802 2736 nostra
831 2697 996 2736 causa
1047 2685 1380 2746 consuleret,
1430 2685 1714 2754 Scriptura
1764 2701 1922 2742 sacra
1967 2687 2047 2741 sic

467 2775 716 2846 prmcipit
745 2795 757 2830 :
797 2773 1004 2830 "abeat
1035 2778 1391 2848 unusquisque
1419 2777 1680 2846 paxilium
1717 2777 1948 2847 ferreum
1995 2779 2048 2832 in

465 2881 600 2922 zona
629 2885 748 2934 sua,
785 2877 862 2932 ut,
890 2885 1006 2922 cum
1041 2869 1094 2922 in
1117 2869 1296 2940 aliqua
1332 2869 1446 2924 loco
1473 2869 1754 2932 desederit,
1787 2871 1976 2942 fodiat,
1999 2879 2049 2924 et

463 2969 664 3015 stercus
683 2977 836 3016 suum
865 2961 1088 3030 aperiat,
1123 2963 1372 3031 quoniam
1405 2964 1626 3031 papulus
1651 2973 1868 3018 sanctus
1899 2965 2047 3028 estis,

463 3061 512 3106 et
546 3051 808 3106 Dominus
839 3051 1046 3106 habitat
1079 3053 1134 3106 in
1168 3053 1337 3108 medio
1387 3063 1684 3108 castrorum
1707 3057 1748 3109 ².
1781 3053 1955 3120 Quam
1993 3055 2045 3108 in

465 3161 579 3202 rem
631 3143 844 3200 liebrzei
892 3146 1187 3217 quamdam
1237 3147 1520 3200 historiam
1571 3155 2046 3202 commemorant:

465 3235 694 3308 ﬁguram
727 3237 875 3292 illam
910 3254 974 3292 ac
1008 3247 1194 3310 typum
1229 3239 1513 3309 aliquanto
1559 3239 1822 3309 temporis
1873 3241 2050 3310 spatio

465 3345 870 3401 perseverasse,
913 3329 1156 3402 quandiu
1190 3329 1332 3387 Deus
1379 3331 1434 3386 in
1479 3331 1563 3386 his
1603 3329 1710 3386 hoc
1741 3333 2050 3402 prodigium

465 3417 678 3476 edicere
741 3419 936 3476 voluit.
973 3419 1052 3474 Ac
1087 3421 1216 3476 licet
1260 3421 1521 3475 carnibus
1577 3429 1632 3476 et
1672 3423 2050 3478 ceturnicibus

465 3519 841 3579 vescerentur,
865 3527 1148 3582 nunquam
1175 3521 1353 3568 tamen
1383 3527 1478 3582 per
1503 3511 1640 3566 illud
1667 3519 1883 3584 tempus
1907 3513 2050 3585 ejus-

464 3605 612 3662 modi
648 3615 857 3660 naturaa
909 3605 1270 3662 necessitates
1303 3612 1560 3676 expertos
1583 3605 1706 3660 illos
1737 3607 1928 3662 fuisse.

541 3693 702 3752 XVII.
738 3695 860 3750 .lam
889 3711 1019 3750 vero
1055 3695 1102 3750 si
1133 3710 1162 3748 a
1188 3693 1393 3750 Judaeis
1424 3695 1490 3750 ad
1523 3695 1796 3764 majorum
1823 3711 2048 3752 suorum

465 3793 632 3848 decus
665 3799 718 3846 et
751 3789 979 3860 gioriam
1013 3787 1098 3842 vel
1127 3787 1194 3841 ad
1225 3787 1458 3857 gratiam
1491 3787 1596 3842 ista
1627 3789 1928 3858 tinguntur,
1961 3788 2050 3844 vel

464 3899 528 3938 ex
585 3881 662 3936 rei
709 3879 938 3934 veritate
978 3879 1350 3948 praedicantur
1410 3879 1744 3948 (quanquam
1797 3879 2050 3934 homines

465 3973 589 4028 illos
633 3970 824 4035 fuisse,
871 3984 1106 4040 quorum
1136 3968 1418 4040 dignitatis
1449 3969 1812 4038 patrocinium
1859 3985 2049 4024 susce-

461 4073 682 4138 perunt,
731 4073 784 4118 et
818 4059 1227 4132 corruptibiles,
1279 4075 1390 4114 non
1434 4061 1590 4122 deos.
1633 4061 1730 4116 sed
1773 4077 1840 4116 ex
1882 4077 2049 4119 carne

463 4157 732 4228 sanguine
765 4155 1056 4225 animaque
1093 4153 1430 4224 compositos
1468 4154 1749 4209 exstitisse
1793 4169 1904 4209 non
1947 4153 2050 4210 du-

461 4249 741 4320 bitemus);
780 4249 902 4318 quis
935 4259 1045 4302 tam
1077 4245 1281 4300 atrocia
1323 4253 1377 4299 et
1415 4244 1686 4300 horrenda
1712 4245 1779 4300 de
1803 4245 2045 4314 Christo,

463 4337 668 4408 Deique
701 4335 877 4390 Verbo
904 4335 1123 4389 caelitus
1165 4334 1389 4406 allapso,
1407 4348 1472 4387 ac
1521 4335 1588 4389 de
1623 4335 1859 4405 gloriosa
1891 4351 2048 4392 vera-

2159 1849 2375 1914 πολλοῖς
2404 1851 2538 1904 Θεὸν
2577 1849 3108 1923 παραζηλώσαντες,
3147 1853 3222 1925 μὴ
3255 1853 3356 1906 οὐκ
3387 1848 3527 1925 ἦσαν
3569 1855 3746 1924 ὁμοιοο

2157 1943 2350 2005 παθεῖς
2387 1943 2546 2012 ήμῖν;
2601 1943 2738 1995 Ἀλλ’
2778 1944 2865 1996 ἵνα
2910 1943 3055 2017 δείξῃ
3083 1947 3111 1998 ὁ
3145 1945 3316 2010 Θεὸς,
3349 1945 3431 1998 ὅτι
3475 1931 3748 2000 dum:

2157 2037 2213 2088 ὲν
2244 2035 2393 2106 αὐτῷ
2419 2034 2642 2088 δύναται
2670 2075 2684 2099 ,
2729 2035 2820 2089 καὶ
2856 2036 3092 2108 ἐγχωρεῖ
3120 2036 3398 2106 γίνεσθαι,
3435 2038 3530 2090 καὶ
3556 2037 3630 2108 μὴ
3661 2040 3746 2106 γί-

2155 2127 2363 2182 νεσθαι.
2411 2129 2526 2182 Ἵνα
2556 2129 2665 2200 γὰρ
2703 2129 2776 2200 μή
2819 2146 2964 2192 τινες
2991 2129 3068 2192 εἰς
3104 2129 3350 2194 ἐκείνους
3391 2131 3554 2184 πάλιν
3594 2131 3744 2198 λογίο

2155 2237 2354 2274 σωνται
2392 2219 2460 2273 τὰ
2508 2221 2648 2291 ὑπὲρ
2687 2219 2847 2290 φύσιν
2891 2219 2980 2274 διὰ
3031 2220 3092 2274 τὰ
3119 2221 3301 2285 αὐτοῖς
3339 2223 3396 2274 ὲν
3433 2221 3746 2294 θαυμασμῷ

2152 2311 2414 2382 γινόμενα
2439 2310 2590 2382 παρὰ
2615 2311 2752 2364 Θεοῦ
2773 2351 2788 2378 ,
2832 2311 3112 2364 τουτέστιν
3137 2313 3219 2366 ὅτι
3259 2311 3446 2384 τρίχες
3492 2313 3593 2366 οὑκ
3621 2315 3744 2366 ἐκό-

2157 2420 2293 2474 μων,
2327 2401 2518 2472 ἱμάτια
2548 2401 2648 2454 οὐκ
2679 2401 3040 2454 ἐπαλαιοῦντο
3068 2443 3082 2468 ,
3109 2403 3203 2457 καὶ
3235 2401 3306 2456 τὰ
3328 2403 3462 2456 ἄλλα
3483 2443 3499 2468 ,
3531 2405 3626 2458 καὶ
3661 2405 3744 2458 ὅτι

2152 2493 2316 2565 ἄρτον
2359 2493 2608 2562 ἀγγέλων
2653 2493 2854 2563 ἔφαγεν
2893 2494 3180 2565 ἄνθρωπος
3207 2515 3221 2527 ·
3275 2499 3356 2562 εἰς
3383 2497 3541 2570 ἡμῶν
3582 2498 3742 2570 χάριν

2153 2587 2591 2657 ἀσφαλισάμενον
2619 2589 2681 2642 τὸ
2713 2589 2853 2650 θεῖον
2877 2591 3114 2664 Γράμμα
3141 2596 3276 2666 φησί
3305 2613 3318 2627 ·
3343 2596 3579 2652 Ααϐέτω
3607 2597 3742 2650 ἕκας-

2151 2695 2300 2745 στος
2325 2679 2654 2734 πάσσαλον
2681 2682 2977 2750 σιδηροῦν
3007 2686 3078 2738 ἐν
3105 2685 3178 2756 τῇ
3205 2688 3354 2756 ζων-ῃ
3380 2689 3620 2754 ἑαυτοῦ,
3640 2690 3740 2754 ἵν’,

2152 2772 2298 2824 ὅταν
2319 2773 2406 2836 εὶς
2443 2775 2631 2826 τόπον
2663 2773 2945 2844 καθιζὶὶνῃ
2971 2817 2986 2840 ,
3019 2777 3233 2847 σκάψῃ
3276 2779 3377 2832 καί
3431 2778 3602 2848 χώσῃ
3629 2779 3742 2849 τὴν

2154 2861 2312 2915 ἰδίαν
2339 2863 2586 2930 κόπρον.
2621 2863 2742 2918 Ὅτι
2771 2866 2921 2932 λαὸς
2953 2868 3314 2938 ἡγιασμένος
3331 2870 3494 2933 ἐστὲ,
3519 2871 3614 2924 καὶ
3635 2873 3742 2926 Κύ-

2145 2971 2275 3020 ριος
2295 2953 2540 3024 ἐνδημεῐ
2549 2957 2636 3022 εἰς
2645 2955 2842 3026 μέσον
2861 2956 2970 3026 τῆς
2985 2959 3386 3030 παρεμϐολῆς.
3407 2963 3502 3027 Είς
3513 2963 3670 3017 τοῦτο
3684 2965 3740 3018 δὲ

2155 3047 2250 3100 καὶ
2308 3049 2548 3120 ίστορίαν
2589 3051 2779 3114 παῖδες
2839 3051 3109 3124 Ἐϐραίων
3159 3057 3610 3128 παραφέρουσιν,
3659 3059 3740 3112 ὅτι

2152 3137 2436 3210 διήρκεσεν
2467 3141 2652 3206 αὐτοῖς
2695 3144 2723 3196 ὁ
2773 3141 2943 3208 τύπος
2987 3145 3115 3216 ἄχρι
3154 3147 3301 3212 τινὸς
3348 3147 3538 3220 καιροῦ
3566 3187 3582 3214 ,
3637 3149 3742 3212 ἕως

2152 3231 2274 3284 ὅτου
2307 3233 2334 3285 ὁ
2355 3233 2486 3298 Θεὸς
2512 3233 2746 3306 ἠθέλησε
2776 3233 2946 3300 δεῖξαι
2988 3237 3046 3292 ὲν
3075 3237 3262 3302 αὐτοῖς
3301 3239 3460 3294 τοῦτο
3502 3241 3564 3294 τὸ
3611 3241 3740 3294 θαῦ-

2157 3341 2232 3394 μα
2252 3341 2265 3355 ·
2293 3325 2468 3378 καίτοι
2501 3343 2564 3394 γε
2589 3327 2771 3380 αὐτῶν
2807 3327 3096 3384 ἐσθιόντων
3137 3331 3230 3386 καὶ
3259 3331 3396 3403 κρέα
3451 3333 3546 3386 καὶ
3582 3333 3740 3404 ὀρτυ-

2153 3416 2457 3486 γομήτραν,
2490 3416 2902 3489 συμϐεϐηκέναι
2927 3421 3125 3485 αὐτοὺς
3153 3423 3292 3493 μήτε
3327 3421 3520 3476 τούτου
3549 3425 3739 3495 χρείαν

2151 3521 2316 3576 εχειν.

2223 3685 2320 3742 ΙΖ’.
2354 3687 2460 3743 Καὶ
2483 3689 2532 3742 εί
2561 3687 2713 3758 παρὰ
2743 3689 2855 3752 τοῖς
2895 3687 3169 3761 Ἑϐραίοις
3196 3687 3284 3741 διὰ
3313 3687 3409 3761 τὴν
3441 3688 3578 3761 πρὸς
3610 3689 3737 3756 τοὺς

2152 3783 2396 3854 πατέρας
2429 3780 2606 3836 αὐτῶν
2633 3781 2790 3848 δόξαν
2813 3823 2828 3848 ,
2873 3783 2990 3854 ἦτοι
3039 3782 3182 3836 κατὰ
3211 3781 3504 3854 πρόσθεσιν
3529 3825 3544 3850 ,
3581 3801 3734 3854 χαρι-

2152 3873 2373 3936 στικῶς,
2424 3873 2544 3944 ἤτοι
2600 3871 2740 3926 κατὰ
2791 3873 3049 3944 ἀλήθειαν
3092 3873 3252 3926 τοῦτο
3297 3873 3479 3944 ᾄδεται
3537 3875 3736 3934 (καίτοι

2149 3983 2214 4034 γε
2266 3965 2446 4018 αὐτῶν
2490 3965 2708 4019 εἰδότων
2731 4005 2746 4030 ,
2784 3967 2866 4020 ὅτι
2910 3967 3005 4020 καὶ
3043 3965 3318 4038 ἄνθρωποι
3349 3963 3488 4038 ἦσαν
3517 3969 3566 4020 οἱ
3603 3967 3736 4039 πρὸς

2151 4055 2330 4110 αὐτῶν
2385 4061 2844 4130 συνηγορούμενοι
2893 4057 2986 4112 καὶ
3039 4057 3271 4130 φθαρτοὶ
3344 4058 3438 4111 καὶ
3496 4057 3558 4111 οὐ
3624 4057 3739 4112 θεοὶ

2151 4149 2248 4201 καὶ
2281 4152 2345 4202 ἐκ
2389 4151 2592 4220 σαρκὸς
2639 4151 2734 4203 καὶ
2772 4151 3007 4222 αἵματος
3054 4151 3148 4206 καὶ
3201 4149 3425 4222 ψυχῆς-γ
3469 4152 3552 4216 τίς
3587 4149 3738 4221 παρὰ

2147 4241 2352 4294 τούτων
2417 4243 2666 4308 ἀνέξεται
2718 4243 2934 4296 ἁκούων
2988 4243 3060 4296 τὰ
3110 4244 3212 4296 οὐκ
3269 4243 3550 4314 ἁτόλμητα
3607 4243 3738 4314 περὶ

2149 4335 2388 4408 Χριστοῦ
2435 4335 2529 4388 τοῦ
2569 4335 2776 4390 ἄνωθεν
2835 4335 3080 4399 ἐλθόντος
3117 4334 3252 4390 Θεοῦ
3289 4335 3463 4404 Λόγου
3513 4337 3607 4390 καὶ
3635 4337 3737 4408 τῆς

464 4443 570 4498 que
615 4428 788 4497 ipsius
835 4427 1214 4480 incarnatione
1261 4424 1460 4494 jactari
1498 4425 1566 4478 ab
1609 4426 1718 4482 illis
1771 4427 2044 4498 patienter

2153 4427 2315 4481 αὐτοῦ
2345 4428 2404 4480 ὲν
2421 4427 2622 4480 ἅπασιν
2637 4425 2848 4492 ἐνδόξου
2875 4429 2968 4482 καὶ
2995 4427 3254 4500 ἀληθινῆς
3285 4429 3553 4496 ὲνσὰρκου
3590 4443 3734 4498 παρ-

465 4519 685 4574 audiat?
735 4517 852 4586 Qua
903 4518 1125 4588 quidem
1171 4517 1224 4571 in
1255 4517 1637 4575 incarnatione
1682 4519 1841 4584 illud,
1894 4521 2046 4592 quod

461 4611 665 4666 dictum
690 4619 798 4672 est,
830 4610 1074 4680 implevit
1109 4627 1122 4664 :
1153 4609 1408 4664 Teutalus
1435 4627 1527 4680 per
1563 4613 1741 4666 omnia
1773 4621 1828 4666 ut
1867 4613 2043 4680 homo,

461 4701 653 4775 absque
691 4711 902 4772 peccato
933 4701 972 4754 ³.
1008 4699 1242 4766 Etenim,
1283 4701 1410 4758 licet
1433 4711 1623 4758 nostra
1653 4719 1815 4760 carne
1845 4707 2046 4777 praedi-

461 4801 549 4848 tus
575 4795 734 4860 foret,
764 4803 973 4864 poterat
1005 4791 1364 4847 nihilominus
1395 4792 1484 4846 illa
1525 4794 1644 4864 ipsa
1672 4811 1794 4866 quae
1822 4811 1852 4849 a
1882 4797 2043 4853 nobis

463 4887 734 4941 habentur
757 4887 904 4950 vilia,
929 4885 1367 4956 praetermittere,
1395 4901 1566 4956 eaque
1581 4897 1845 4956 praestare
1865 4889 2043 4944 solum

460 4995 580 5051 quae
614 4980 929 5036 honestiora
960 4993 1024 5033 ac
1055 4977 1253 5032 divina:
1289 4978 1561 5048 majestati
1603 4995 1846 5052 congrua
1895 4983 2045 5038 vide-

459 5073 656 5128 bantur
685 5089 696 5126 :
722 5079 908 5142 utpote
933 5085 1029 5139 per
1058 5083 1220 5139 quem
1245 5077 1298 5124 et
1321 5068 1690 5125 lsraelitarum
1723 5073 1904 5142 capilli
1931 5089 2042 5128 non

459 5164 825 5229 excreverint,
859 5178 958 5217 nec
1001 5179 1192 5218 eorum
1237 5163 1564 5218 vestimenta
1597 5163 1787 5220 sordes
1816 5173 2041 5220 contra-

461 5259 672 5322 xerint,
705 5271 828 5328 qua:
855 5257 1060 5320 omnia,
1093 5257 1140 5310 si
1175 5255 1456 5309 traditioni
1487 5255 1785 5322 credimus,
1817 5257 1926 5312 illis
1955 5273 2042 5312 ac-

459 5351 731 5406 ciderunt.
783 5347 936 5414 Quod
983 5356 1166 5402 autem
1215 5353 1398 5404 vestes
1451 5347 1735 5402 hominum
1785 5349 2040 5405 manibus

461 5450 746 5500 contextus
777 5440 1034 5495 Christus
1075 5439 1349 5500 habuerit,
1386 5445 1542 5493 extra
1572 5453 1790 5493 omnem
1817 5449 2042 5496 contro-

457 5537 692 5592 versiam
721 5543 826 5591 est.
863 5532 1052 5588 Partiti
1087 5539 1216 5590 sunt
1257 5533 1403 5588 enim
1447 5531 1774 5588 vestimenta
1799 5533 1942 5604 ejus,
1987 5544 2043 5590 et

537 5691 554 5725 ³
585 5689 654 5748 ΙΙΙ
680 5690 813 5764 Reg.
851 5708 980 5760 xm,
1023 5695 1072 5750 6.

2147 4519 2370 4584 ουσίας;
2441 4518 2505 4572 ἐν
2625 4519 2910 4592 ἐπλήρωσε
2955 4521 3016 4574 τὸ
3059 4521 3350 4594 εἰρημένον
3385 4539 3398 4552 ·
3449 4525 3736 4590 Πεπειρας

2139 4611 2324 4682 μένος
2351 4609 2502 4666 κατὰ
2529 4612 2727 4668 πάντα
2759 4615 2838 4680 ὠς
2865 4615 3176 4684 ἅνθρωπος
3209 4615 3391 4685 χωρὶς
3417 4614 3732 4684 ἁμαρτίας.

2160 4705 2317 4774 Ἐξῆν
2345 4705 2453 4776 γὰρ
2497 4705 2644 4776 αὐτῷ
2689 4705 2918 4777 ἀληθεία
2954 4705 3175 4776 ἕχοντια
3192 4707 3373 4777 σάρκα
3402 4701 3736 4777 τὴν-ἡμετέ-

2149 4815 2248 4868 ραν
2272 4837 2286 4860 ,
2329 4797 2406 4868 μὴ
2459 4799 2720 4870 πράττειν
2757 4797 2826 4851 τὰ
2874 4798 3138 4854 δοκοῦντα
3188 4800 3320 4870 ἡμῖν
3367 4797 3590 4868 εὐτελῆ,
3639 4797 3736 4852 καὶ

2147 4888 2410 4960 πράττειν
2436 4890 2596 4942 ὁποῖα
2637 4888 2809 4961 σεμνὰ
2843 4888 3130 4961 ἐτύγχανε,
3171 4891 3267 4943 καὶ
3295 4889 3573 4960 πρέποντα
3601 4889 3736 4942 ἀνα-

2144 4979 2318 5050 λόγως
2361 4985 2426 5052 τῇ
2475 4981 2721 5053 θεότητι·
2765 4981 2831 5036 δι’
2875 4977 2936 5038 οὗ
2993 4983 3086 5036 καὶ
3134 4983 3184 5036 οἱ
3229 4983 3336 5036 υἱοὶ
3375 4981 3590 5054 Ἰσραὴλ
3633 4983 3734 5036 οὐκ

2143 5073 2440 5145 ἐκόμησαν,
2471 5075 2565 5130 καὶ
2597 5075 2666 5128 τὰ
2699 5075 2891 5146 ἱμάτια
2917 5075 3096 5130 αὐτῶν
3129 5077 3232 5130 οὐκ
3279 5074 3592 5148 ὲρυπὰνθη·
3613 5075 3734 5140 λαὶ

2139 5165 2314 5220 ταῦτα
2352 5167 2493 5220 κατὰ
2544 5167 2841 5240 παράδοσιν
2879 5168 3064 5232 αὐτοῖς
3105 5167 3472 5240 συμϐέϐηκεν.
3511 5167 3635 5222 Ὅτι
3675 5169 3733 5222 δὲ

2147 5259 2242 5312 καὶ
2297 5259 2488 5330 ἱμάτια
2540 5255 2686 5330 εἶχεν
2747 5259 2806 5327 ἐξ
2863 5257 3166 5333 ἀνθρώπων
3222 5259 3730 5330 κατεσκευασμένα,

2149 5348 2538 5419 ἁναμφίϐολον.
2585 5351 2978 5422 Διεμερίσαντο
3031 5351 3141 5422 γὰρ
3193 5349 3266 5403 τὰ
3321 5351 3509 5420 ἱμάτια
3541 5349 3732 5413 αὑτοῦ,

2149 5441 2244 5494 καὶ
2271 5442 2364 5494 ἐπὶ
2414 5441 2506 5494 τὸν
2537 5442 2832 5514 ἱματισμὸν
2882 5441 3047 5495 αὐτοῦ
3091 5441 3285 5496 ἔϐαλον
3317 5441 3538 5512 κλῆρον.
3571 5441 3636 5494 Εἰ
3673 5439 3752 5510 δὲ,

2153 5536 2366 5606 ἱμάτιον
2399 5535 2456 5602 ἐξ
2480 5535 2782 5608 ἀνθρώπων
2807 5575 2821 5604 ,
2851 5534 3094 5606 δηλονότι
3148 5533 3206 5602 ἐξ
3235 5533 3396 5607 ἐρέας
3429 5529 3496 5606 ἦν
3539 5532 3633 5588 καὶ
3667 5535 3728 5586 ἐκ

1167 5695 1186 5724 ⁸
1219 5695 1372 5754 Deut.
1405 5711 1561 5760 um,
1601 5692 1684 5750 13.
1765 5693 1784 5724 ³
1827 5690 1991 5748 llcbr.
2028 5709 2100 5758 tv,
2137 5693 2220 5748 15.
