4134 6392
410 317 518 380 665

1058 323 1427 383 ADVERSUS
1463 317 1810 383 HERESES
1847 326 1975 383 LIB.
2010 324 2117 383 ΙΙΙ..
2143 324 2309 385 ΤΟΜ.
2342 326 2482 384 ll.--
2521 326 2798 385 HERES.
2843 327 3104 386 LXXVII.

3584 326 3690 386 686

405 436 553 494 λίνου
575 453 589 467 ’
612 436 682 493 τὰ
703 438 760 493 δὲ
788 439 853 494 ὲκ
875 439 1020 494 λίνου
1046 441 1140 495 καί
1176 441 1235 510 ἐξ
1263 442 1425 516 ὲρέας
1448 443 1794 516 γεγενημένα
1814 441 2001 515 ἄψυχά

2106 457 2272 515 super
2313 450 2524 500 vestem
2553 444 2676 516 ejus
2713 444 2984 502 miserunt
3016 451 3219 502 sortem
3235 442 3280 500 ⁵.
3309 441 3467 511 Quod
3503 444 3548 499 si
3592 444 3693 499 ho—

404 548 531 587 τινα
550 526 619 603 ἧν
650 534 744 585 καὶ
763 531 1085 605 ἀναίσθητα.
1130 533 1270 588 Ἀλλ’
1299 535 1388 589 ὅτε
1418 534 1651 607 ἠθέλησε
1684 534 1854 601 δεῖξαι
1894 535 1995 590 αὑ-

406 624 502 679 τοῦ
529 625 589 679 τὸ
620 625 847 680 δυνατὸν
881 627 978 699 τῆς
1010 626 1286 701 θεότητος,
1316 628 1791 702 μεταμορφωθεὶς,
1824 627 1994 694 ἔδειξε

403 714 470 766 τὸ
495 715 790 788 πρόσωπον
817 718 983 773 αὑτοῦ
1014 718 1091 783 ὡς
1117 718 1211 773 τὸν
1242 719 1394 791 ἥλιον
1418 758 1433 783 ,
1465 719 1560 773 καί⁸
1586 718 1658 773 τὰ
1681 718 1873 789 ἱμάτια
1897 719 1997 773 αὑ-

408 807 501 862 τοῦ
530 808 700 863 λευκά
736 809 868 863 ὡσεὶ
894 811 1070 882 χιόνα.
1111 812 1298 867 Πάντα
1328 811 1439 884 γὰρ
1469 811 1547 884 τῷ
1590 810 1803 883 δυνατῷ
1831 812 1995 866 δυνα-

409 896 509 964 τὰ,
565 900 646 963 εἰς
681 900 743 954 τὸ
780 900 1072 974 ὑποθήξειν
1112 904 1127 935 ³
1174 904 1326 975 παρὰ
1381 903 1738 976 προσδοκίαν,
1786 903 1882 958 καὶ¹
1926 901 1997 958 τὰ

411 991 713 1065 ἀναίσθητα
742 995 836 1048 καὶ
872 995 942 1050 τὰ
977 997 1155 1052 ἄπνοα
1198 1000 1277 1063 εἰς
1331 997 1489 1063 δόξαν
1522 997 1616 1052 καί
1658 996 1996 1068 φαιδρότητα

413 1085 821 1154 μετασκευάσαι
840 1104 856 1119 ο
886 1087 962 1152 ὼς
989 1089 1088 1160 τὴν
1110 1089 1305 1161 ῥάϐδον
1327 1090 1462 1144 Μωῦ
1473 1089 1632 1153 σέως.
1658 1090 1736 1154 ὡς
1769 1089 1837 1143 τὰ
1861 1091 1996 1143 ὑπο-

408 1175 628 1248 δήματα
658 1177 768 1233 τῶν
799 1179 931 1233 υἰῶν
994 1182 1228 1253 Ἰσραήλ.
1269 1184 1411 1237 Πᾶσι
1463 1183 1574 1255 γὰρ
1625 1181 1992 1254 ὡμολόγηται,

409 1265 491 1320 ὅτι
522 1269 572 1321 οἰ
614 1269 904 1324 ἀπόστολοι
938 1271 1084 1341 ἆγιοι
1113 1272 1390 1346 ἄνθρωποι
1430 1269 1571 1345 ἦσαν
1594 1313 1611 1339 ,
1646 1273 1878 1346 φθαρτοὶ
1927 1273 1999 1328 τά

412 1358 638 1432 σώματα
667 1364 747 1428 εἰς
775 1365 925 1436 ἡμᾶς
949 1369 993 1431 ⁹,
1048 1366 1312 1439 ἄφθαρτοι
1368 1367 1424 1421 δὲ
1459 1368 1546 1423 διὰ
1575 1368 1675 1440 τὴν
1709 1368 1999 1439 ἐνοικήσα-

412 1468 512 1507 σαν
540 1454 726 1520 αὐτοῖς
758 1456 895 1511 Θεοῦ
950 1457 1127 1524 δόξαν.
1164 1461 1276 1513 Καὶ
1317 1459 1448 1514 σκιὰ
1490 1460 1589 1532 μὲν
1618 1459 1830 1531 Πέτρου
1857 1458 1998 1513 πάν-

408 1561 510 1609 τας
558 1548 686 1610 τοὺς
732 1551 1213 1623 προσφερομένους
1257 1551 1481 1624 ἔχοντας
1518 1552 1801 1616 ἀσθενείας
1836 1553 1953 1606 ἰᾶτο
1981 1565 1996 1581 ⁶

410 1636 503 1689 καὶ
543 1639 805 1712 σουδάρια
830 1681 844 1702 .
893 1643 986 1696 καὶ
1022 1643 1325 1716 σιμικίνθια
1356 1643 1466 1698 τῶν
1520 1643 1752 1715 ἱματίων
1783 1641 1998 1697 Παύλου

296 1738 299 1741 ’
408 1726 666 1799 δυνάμεις
696 1731 1041 1803 ἐργάζονται.

2101 535 2309 589 minum
2342 535 2581 592 artiﬁcio
2612 537 2785 595 vestis
2825 545 2947 593 erat
2980 538 3074 593 illa
3115 536 3392 601 confecta,
3434 536 3622 606 utique
3659 552 3694 593 e

2100 627 2224 683 lana
2260 630 2482 700 linoque
2528 638 2787 687 contexta
2835 631 3036 687 fuerat.
3083 630 3218 698 Quae
3255 638 3440 686 autem
3466 645 3533 686 ex
3578 630 3693 685 lino

2097 729 2285 776 essent
2324 721 2517 777 lanave
2558 720 2726 787 facta,
2761 723 2977 794 opinor,
3009 723 3195 779 anima
3225 707 3292 778 ac
3330 737 3498 779 sensu
3537 737 3694 778 care-

2100 811 2251 867 bant.
2283 810 2488 868 Verum
2515 814 2608 869 ubi
2629 813 2938 870 divinitatis
2972 829 3087 872 suae
3114 815 3414 886 potentiam
3444 811 3693 868 indicare

2097 904 2279 960 visum
2308 912 2415 968 est,
2441 906 2836 964 transformato
2860 923 3116 979 corpore,
3146 907 3342 963 faciem
3368 922 3527 963 suam
3555 905 3692 961 solis

2100 995 2280 1053 instar
2314 999 2524 1069 1011
2566 1000 2943 1071 splendentem
2966 1019 3031 1057 ac
3051 1003 3382 1059 vestimenta
3426 1015 3527 1057 sua
3547 1000 3691 1056 nivis

2100 1105 2254 1145 more
2280 1091 2573 1147 candentia
2595 1094 2986 1150 monstravit".
3004 1094 3150 1150 Nihil
3172 1104 3257 1152 est
3275 1095 3421 1149 enim
3435 1109 3543 1149 non
3560 1108 3696 1164 pra:-

2100 1185 2311 1257 potenti
2341 1185 2451 1242 Deo
2480 1189 2765 1259 possibile,
2797 1199 2860 1246 ut
2890 1192 2975 1247 vel
2999 1206 3065 1247 ea
3094 1204 3337 1262 quoque,
3365 1204 3488 1260 quae
3510 1202 3683 1244 sensu

2100 1289 2166 1330 ac
2191 1276 2388 1347 spiritu
2420 1288 2668 1345 careant,
2706 1290 2988 1338 momento
3017 1296 3082 1336 ac
3122 1289 3320 1353 praeter
3350 1295 3569 1334 omnem
3595 1293 3692 1333 ex-

2101 1372 2508 1438 spectationem
2532 1372 2589 1428 in
2613 1373 2845 1444 gloriam
2873 1375 3053 1445 possit
3077 1375 3540 1445 splendoremque
3554 1386 3689 1427 con-

2099 1470 2316 1517 vertere
2342 1482 2357 1519 :
2390 1468 2851 1536 quemadmodum
2905 1469 2962 1525 in
3014 1469 3219 1540 Moysis
3248 1469 3400 1541 virga
3431 1476 3487 1523 et
3517 1466 3693 1523 Israe-

2100 1550 2323 1608 litarum
2397 1557 2790 1615 calceamentis
2858 1561 3118 1616 ostendit.
3184 1559 3280 1616 Est
3348 1559 3495 1616 enim
3545 1558 3690 1629 apud

2101 1659 2296 1704 omnes
2317 1647 2373 1704 in
2411 1650 2690 1717 confesso,
2723 1654 3007 1725 apostolos
3027 1654 3414 1709 sanctissimos
3436 1652 3690 1708 homines

2104 1735 2280 1795 fuisse
2322 1741 2547 1798 eosdem
2597 1745 2929 1816 corporibus
2980 1745 3213 1817 perinde
3244 1760 3309 1800 ac
3348 1760 3454 1799 nos
3492 1758 3690 1799 corru-

410 1822 653 1892 ptibiles,
700 1836 776 1885 et.
820 1837 1023 1898 praeter
1091 1830 1333 1886 divinam
1374 1831 1609 1903 gloriam
1665 1846 1787 1901 quae
1828 1830 1885 1885 in
1952 1829 2066 1887 illis
2105 1833 2400 1903 insidebat,
2453 1838 2813 1913 incorruptos
2856 1842 3162 1897 exstitisse.
3213 1841 3583 1909 Quamobrem
3635 1845 3693 1894 el

411 1921 609 1976 umbra
647 1922 794 1981 Petri
850 1927 1052 1983 oblatis
1111 1929 1274 2001 aegris
1335 1929 1596 1985 omnibus
1641 1929 1932 1985 sanitatem
1973 1930 2270 1998 contulit“,
2310 1942 2367 1990 et
2406 1936 2633 1992 sudaria
2671 1952 2737 1992 ac
2790 1933 3145 1994 'semicinctia
3182 1952 3214 1994 e
3254 1936 3409 1991 Pauli
3447 1933 3692 1991 vestibus

411 2014 736 2074 admiranda
760 2022 1011 2090 quaedam
1042 2025 1294 2096 prodigia
1323 2024 1703 2095 praestiterunt
1722 2025 1764 2078 ⁷.

483 2110 706 2168 1Η’.Καὶ
727 2111 845 2175 πῶς
859 2107 1004 2167 οὗτοι
1031 2113 1164 2168 Θεὸν
1182 2114 1731 2188 πολυπραγμονοῦσιν
1754 2113 1985 2185 αἰσχράς

2157 2110 2494 2180 XVlll.Quid
2515 2129 2643 2170 vero
2661 2113 2858 2170 attinet
2872 2113 3278 2170 homunciones
3294 2114 3430 2171 istos
3442 2115 3692 2186 quaedam

411 2218 564 2267 τινας
610 2202 867 2268 ὑπονοίας
901 2205 1330 2277 τεκταινόμενοι,
1362 2207 1453 2261 ἐπὶ
1475 2202 1550 2262 ὧν
1578 2209 1805 2280 οὐδεμία
1844 2211 2004 2282 χρεία

411 2296 737 2368 γεγέννηται
766 2297 987 2357 πώποτε
1018 2299 1157 2371 πρὸς
1184 2299 1462 2371 διαλογὴν,
1497 2301 1557 2354 οὑ
1594 2304 1847 2374 προφήτῃ
1866 2344 1881 2366 ,
1905 2303 2006 2356 οὑκ

413 2388 776 2461 εὑαγγελιστῇ
798 2429 813 2453 ,
859 2391 961 2445 οὑκ
1012 2391 1299 2462 ἀποστόλῳ
1322 2431 1337 2455 ,
1371 2392 1431 2446 οὐ
1488 2396 1831 2465 συγγραφεί;
1864 2394 2006 2446 Ὅσα

420 2482 533 2555 γὰρ
558 2483 783 2538 τοιαῦτα
813 2479 959 2540 οῦτοι
993 2485 1235 2555 λέγουσι,
1259 2486 1363 2541 κᾶν
1395 2486 1569 2559 μυρία
1599 2487 1857 2541 ἐπέκεινα
1882 2486 2007 2541 τού-

413 2592 524 2628 των
592 2573 780 2639 κακῶς
846 2575 1221 2647 ὑπονοήσωσιν
1250 2617 1266 2642 ,
1326 2578 1428 2632 οὑκ
1481 2577 1847 2650 ἀνατρέψουσι
1906 2578 2006 2650 τὴν

415 2668 690 2739 πατρικὴν
725 2667 884 2739 ἡμῶν
916 2668 1121 2734 πίστιν,
1146 2669 1245 2740 τὴν
1273 2673 1339 2741 τῇ
1370 2669 1598 2743 ἀληθείᾳ
1630 2675 1865 2742 Χριστὸν
1885 2695 2018 2733 κατ-

417 2753 807 2824 αγγέλλουσαν.
900 2760 1195 2834 Ἐγεννήθη
1224 2762 1335 2834 γὰρ
1363 2762 1597 2834 Χριστὸς
1624 2764 1683 2816 ἐν
1712 2763 1877 2835 σαρκὶ
1909 2780 2010 2819 κα-

418 2853 494 2907 τὰ
514 2851 774 2925 ἀλήθειαν
795 2854 905 2909 ἀπὸ
929 2854 1150 2928 Μαρίας
1164 2855 1264 2926 τῆς
1304 2854 1691 2927 Ἀειπαρθένου
1723 2854 1813 2908 διὰ
1836 2852 2010 2908 Πνεύ-

423 2959 592 3015 ματος
625 2944 804 3015 ἁγίου·
841 2947 938 3000 καὶ
993 2946 1158 3011 εὐθὺς
1211 2947 1320 3001 ἀπὸ
1361 2949 1613 3018 κυήσεως
1655 2945 2007 3019 Ἐμμανουὴλ

417 3037 686 3104 καλεῖται,
727 3040 757 3093 ὃ
802 3040 942 3106 ἐστι,
969 3040 1114 3104 Θεὸς
1137 3040 1267 3110 μεθ’
1316 3037 1501 3110 ἡμῶν·
1539 3038 1723 3093 οὑκέτι
1753 3039 2008 3112 δεύτερον

415 3130 696 3198 γεννᾶται.
736 3130 846 3184 Καὶ
876 3130 1088 3202 ἀπέδρα
1131 3131 1213 3195 εἰς
1252 3128 1353 3202 τὴν
1386 3128 1662 3198 Αἴγυπτον
1693 3129 1756 3183 τὸ
1795 3130 2008 3184 παιδίον

420 3221 562 3294 μετά
611 3220 811 3291 Ἰωσὴφ
830 3220 925 3275 καὶ
951 3222 1190 3294 Μαρίας,
1221 3219 1412 3292 ἐπειδὴ
1444 3220 1672 3293 ἐζήτουν
1699 3218 1797 3291 τὴν
1827 3219 2008 3291 ψυχὴν

416 3311 515 3369 τοῦ
539 3313 778 3377 παιδίου,
818 3313 896 3378 ὡς
927 3313 1232 3386 δυναμένου
1266 3312 1434 3366 αὑτοῦ
1464 3314 1522 3366 ἐν
1550 3313 1714 3385 σαρκὶ
1735 3312 2009 3367 ἀποκτανο

419 3406 598 3478 θῆναι.
642 3406 805 3461 Ἀλλὰ
828 3406 1210 3479 προσεκυνήθη
1242 3404 1348 3459 ὑπὸ
1379 3404 1488 3459 τῶν
1527 3406 1719 3478 μάγων
1746 3404 1823 3468 ὡς
1871 3403 2006 3468 Θεὸς

417 3497 674 3570 ἀληθινὸς
696 3539 711 3564 ,
747 3499 806 3553 ὲν
835 3498 1001 3569 σαρκὶ
1023 3497 1305 3569 γεννηθεὶς
1329 3537 1345 3562 ,
1397 3495 1491 3550 καὶ
1521 3496 1580 3550 οὑ
1609 3497 1851 3568 δοκήσει.
1895 3495 2007 3549 Καὶ

418 3588 657 3645 ἀνελθὼν
710 3589 820 3644 ἀπὸ
855 3589 1131 3659 Αἰγύπτου
1166 3589 1308 3643 κατά
1340 3588 1506 3659 φόϐον
1549 3587 1644 3642 τοῦ
1687 3587 1883 3660 Ἰωσὴφ
1908 3586 2009 3640 οὑκ

418 3683 668 3756 είσῆλθεν
705 3685 787 3749 εἰς
828 3683 1217 3757 Ἰερουσαλὴμ,
1255 3682 1323 3737 δι’
1370 3682 1681 3756 Ἀρχέλαον,
1727 3680 1803 3747 ὡς
1844 3681 2006 3736 δυνα-

422 3776 588 3849 μένου
610 3774 705 3831 τοῦ
751 3775 967 3832 παιδίου
1006 3775 1384 3848 κρατηθῆναι,
1416 3776 1511 3829 καὶ
1549 3774 1655 3846 πρὸ
1681 3772 1777 3828 τοῦ
1812 3772 2006 3847 καιροῦ

419 3871 480 3924 ὲν
512 3870 677 3943 σαρκὶ
705 3868 898 3924 παθεῖν
932 3869 1070 3941 ὅπερ
1094 3868 1288 3940 ἔμελλε
1322 3867 1576 3939 πάσχειν.
1623 3865 1787 3921 Ἀλλὰ
1817 3866 2010 3920 διεκω-

418 3960 556 4034 λύθη
597 3962 703 4016 ὑπὸ
765 3960 1011 4015 Ἰωάννου
1038 4001 1054 4026 ,
1110 3958 1471 4031 ἐπιγνωσθεὶς
1522 3958 1627 4013 ὑπὸ
1685 3958 1780 4012 τοῦ
1818 3958 2007 4013 δούλου

419 4053 729 4128 Δεσπότης,
777 4055 1026 4120 ὅτιθεὸς
1064 4049 1133 4127 ἦν
1187 4053 1618 4126 ὲνανθρωπήσας
1664 4053 1723 4106 ὲν
1755 4052 2005 4124 ἀληθείᾳ.

420 4149 497 4204 οὑ
526 4147 851 4215 κατεδέξατο
880 4149 937 4203 δὲ
969 4149 1070 4222 τὴν
1115 4149 1212 4202 τοῦ
1254 4149 1384 4202 ἰδίου
1417 4147 1607 4204 δούλου
1640 4149 1699 4202 ὲν
1726 4151 1793 4221 τῇ
1826 4146 2008 4202 τοιαύ-

417 4255 489 4314 τῃ
515 4240 769 4295 ὑποθέσει
796 4240 984 4314 τιμὴν,
1019 4240 1108 4294 ἵνα
1135 4239 1402 4314 πληρώσῃ
1435 4240 1614 4293 πᾶσαν
1660 4238 2009 4311 δικαιοσύνην

419 4335 478 4387 ὲν
510 4335 693 4407 σαρκὶ,
724 4336 783 4388 ὲν
811 4334 1061 4407 ἀληθείᾳ,
1090 4335 1186 4389 καὶ
1220 4334 1404 4405 τελείᾳ
1436 4333 1846 4405 ὲνανθρωπήσει
1872 4375 1888 4398 ,
1916 4332 2008 4387 τὸν

422 4426 788 4499 ὑπογραμμὸν
812 4427 912 4499 τῆς
938 4425 1213 4499 σωτηρίας
1241 4427 1371 4498 ἡμῖν
1393 4424 1803 4497 ὑπολιμπάνων.
1847 4422 2009 4478 Ἀλλά

418 4518 514 4572 καὶ
551 4518 832 4589 κέκμηκεν
861 4519 971 4572 ἀπὸ
1018 4519 1118 4591 τῆς
1167 4517 1475 4590 ὁδοιπορίας
1514 4519 1573 4572 ὲν
1604 4516 1835 4590 ἀληθείᾳ
1857 4535 1872 4549 ·
1913 4519 2004 4573 καὶ

416 4609 518 4679 οὑχ
551 4607 735 4672 ἁπλῶς
775 4608 982 4681 ἔκαμεν
1004 4652 1019 4675 ,
1066 4608 1204 4663 ἀλλά
1231 4609 1327 4663 καὶ
1368 4606 1660 4679 ὲκαθέσθη.
1693 4609 1840 4663 Διότι
1873 4608 2009 4680 άλη-

418 4698 581 4765 θινῶς
607 4700 1028 4774 ὲνηνθρώπησεν
1055 4741 1071 4767 ,
1092 4698 1223 4754 ἐϐόα
1249 4704 1272 4736 ³
1295 4700 1468 4772 λέγων
1491 4719 1505 4733 ·
1539 4700 1738 4765 Δεῦτε,
1782 4700 2008 4769 πάντες

2107 2207 2397 2279 subturpia
2428 2208 2770 2280 cogitatione
2803 2207 3073 2281 ﬁngentes
3099 2209 3154 2263 in
3185 2208 3436 2264 divinum
3483 2225 3690 2266 numen

2106 2298 2384 2354 curiosius
2413 2298 2718 2371 inquirere,
2750 2315 2878 2355 cum
2920 2300 2990 2356 de
3024 2300 3113 2356 his
3156 2301 3346 2356 nullus
3397 2302 3692 2373 propheta,

2105 2392 2192 2448 vel
2217 2393 2576 2465 evangelista,
2614 2394 2700 2449 vel
2733 2394 3038 2465 apostolus,
3080 2394 3170 2450 vel
3213 2394 3441 2450 alterius
3468 2395 3692 2465 generis

2107 2484 2349 2555 scriptor
2384 2485 2671 2556 disputare
2695 2485 2804 2542 sibi
2828 2485 3208 2543 necessarium
3233 2485 3491 2541 duxerit?
3515 2485 3698 2541 Enim-

2107 2592 2238 2632 vero
2288 2577 2559 2649 quidquid
2608 2578 2689 2634 illi
2723 2586 2977 2642 narrant,
3023 2593 3090 2634 ac
3138 2577 3267 2634 licet
3319 2578 3536 2634 inﬁnita
3588 2579 3695 2634 alia

2108 2678 2374 2740 praeterea
2404 2669 2546 2726 falsa
2575 2672 2699 2727 sine
2731 2672 2991 2742 opinione
3022 2670 3363 2743 conﬁngant,
3406 2686 3694 2743 nunquam

2107 2768 2291 2815 tamen
2323 2761 2584 2817 traditam
2610 2777 2642 2817 a
2684 2763 2988 2834 majoribus
3015 2764 3225 2819 nostris
3256 2762 3438 2838 ﬁdem,
3474 2779 3598 2834 quae
3629 2765 3698 2820 de

2108 2851 2330 2909 Christo
2365 2855 2585 2910 sincere
2611 2854 2798 2910 omnia
2824 2853 3112 2925 prasdicat,
3136 2862 3696 2925 poterunt'evertere.

2107 2947 2368 3004 Christus
2395 2949 2541 3005 enim
2566 2964 2633 3004 ex
2667 2947 2841 3004 Maria
2876 2948 3102 3021 Virgine
3134 2948 3443 3005 secundum
3474 2965 3697 3005 carnem

2108 3054 2302 3095 revera
2343 3040 2413 3096 de
2457 3038 2664 3110 Spiritu
2716 3049 2910 3096 sancto
2951 3040 3170 3110 genitus
3213 3046 3321 3095 est.
3375 3038 3456 3093 Ac
3509 3039 3697 3096 statim

2107 3137 2235 3200 post
2275 3138 2494 3200 partum
2547 3128 2895 3196 Emmanuel,
2949 3131 3056 3187 hoc
3101 3140 3187 3187 est
3222 3129 3515 3186 Nobiscum
3556 3130 3698 3185 Deus

2111 3224 2494 3295 appellatur”;
2530 3239 2634 3280 nec
2665 3223 2778 3294 jam
2813 3223 3061 3281 secundo
3092 3223 3359 3295 gignitur.
3407 3221 3542 3279 Post
3579 3222 3698 3278 haec

2111 3316 2296 3372 infans
2327 3317 2384 3371 in
2416 3314 2714 3389 Egyptum
2759 3331 2885 3372 cum
2928 3316 3171 3388 Josepho
3212 3329 3279 3371 ac
3308 3314 3481 3371 Maria
3516 3320 3698 3370 trans-

2113 3405 2272 3478 fugit,
2303 3407 2567 3478 quoniam
2599 3408 2919 3479 quaerebant
2943 3407 3182 3463 animam
3212 3407 3437 3479 pueri’,
3473 3413 3534 3460 ut
3560 3405 3698 3461 illud

2113 3507 2439 3568 argumento
2464 3498 2538 3554 sit
2568 3498 2723 3554 illum
2752 3500 2809 3554 in
2837 3514 3007 3556 carne
3044 3499 3232 3556 necari
3276 3497 3544 3569 potuisse.
3589 3493 3697 3551 Ve-

2111 3602 2237 3644 rum
2273 3602 2307 3645 a
2340 3589 2515 3661 magis
2561 3590 2827 3647 adoratus
2876 3598 2983 3659 est,
3036 3598 3301 3661 tanquam
3335 3603 3501 3644 verus
3552 3585 3698 3643 Deus

2111 3698 2282 3739 carne
2311 3698 2455 3754 ipsa,
2492 3698 2606 3741 non
2654 3684 2772 3740 sola
2817 3683 3002 3755 specie
3039 3682 3572 3751 adumbrationeque
3601 3694 3698 3734 na-

2110 3785 2222 3838 tus.
2250 3776 2458 3834 Deinde
2484 3792 2611 3832 cum
2643 3793 2711 3833 ex
2733 3775 2973 3850 Egypto
2998 3776 3341 3838 revertisset,
3366 3773 3699 3830 Archelaum

2111 3871 2293 3927 adhuc
2324 3879 2604 3927 metuente
2627 3868 2894 3943 Josepho,
2927 3869 3363 3941 Hierosolymam
3401 3881 3513 3922 non
3538 3864 3699 3932 adiit,

2110 3971 2301 4036 utpote
2325 3978 2452 4019 cum
2480 3972 2536 4020 et
2575 3964 2759 4020 infans
2796 3960 3193 4035 comprehendi
3233 3970 3439 4031 posset,
3470 3968 3528 4015 et
3572 3965 3698 4014 ante

2109 4067 2330 4128 tempus
2364 4057 2420 4111 in
2456 4072 2625 4112 carne
2652 4057 2883 4128 perpeti,
2917 4070 3040 4125 qua:
3069 4060 3189 4110 erat
3227 4050 3524 4123 aliquando
3566 4066 3697 4122 pas-

2109 4165 2296 4207 surus.
2350 4148 2554 4205 Praeter
2593 4149 2710 4204 haec
2749 4164 2780 4202 a
2810 4146 3021 4203 Joanne
3064 4144 3378 4216 prohibitus
3420 4151 3528 4210 est,
3568 4158 3697 4197 cum

2115 4246 2400 4308 dominum
2449 4256 2643 4296 servus
2683 4239 3023 4310 agnovisset,
3058 4236 3227 4291 Deum
3276 4249 3403 4291 esse
3453 4233 3700 4289 hominis

2110 4344 2312 4391 tiatura
2343 4349 2537 4391 revera
2576 4332 2863 4404 praeditum
2893 4330 2959 4388 “.
2993 4330 3065 4384 At
3092 4329 3141 4385 is
3170 4328 3417 4384 habitum
3452 4327 3556 4384 sibi
3597 4326 3698 4381 ho-

2108 4442 2301 4485 norem
2351 4441 2382 4482 a
2431 4440 2591 4483 servo
2619 4426 2677 4480 in
2703 4439 2771 4480 eo
2803 4438 3003 4495 genere
3035 4420 3360 4477 detrectavit
3389 4433 3606 4475 omnem
3639 4417 3696 4472 in

2108 4535 2277 4578 carne
2312 4535 2380 4576 ex
2416 4518 2794 4583 rei.veritate,
2831 4524 2891 4571 ut
2936 4515 2993 4570 in
3035 4513 3278 4586 perfecta
3326 4510 3566 4568 hominis
3595 4525 3697 4565 na-

2107 4621 2235 4669 tura
2271 4609 2543 4682 justitiam
2589 4607 2860 4679 impleret.
2902 4604 3021 4673 Qua
3056 4605 3113 4659 in
3139 4618 3201 4658 re
3243 4601 3488 4658 salutare
3531 4599 3701 4655 nobis

2108 4705 2421 4776 exemplum
2454 4702 2697 4772 reliquit.
2729 4698 2875 4766 Quin
2900 4698 3067 4753 etiam
3097 4710 3228 4753 vere
3267 4693 3337 4751 de
3376 4693 3467 4750 via
3496 4691 3705 4763 fatigas

418 4795 474 4849 οἰ
498 4792 827 4861 κοπιῶντες
869 4794 970 4848 καί
1000 4794 1486 4865 πεφορτισμένοι,
1522 4793 1689 4864 κάγὼ
1734 4795 2004 4849 ἀναπαύ-

2110 4803 2202 4851 tus
2226 4804 2331 4860 est,
2355 4807 2460 4849 nec
2493 4791 2751 4865 fatigatus
2774 4788 2960 4855 modo,
3001 4787 3098 4845 sed
3122 4786 3289 4844 etiam
3317 4799 3432 4858 prae
3469 4783 3706 4840 lassitu~

416 4898 508 4940 σω
543 4886 734 4956 ὑμᾶς’
779 4887 867 4941 ἵνα
896 4885 1046 4960 δείξῃ
1073 4885 1172 4959 τὴν
1218 4887 1384 4941 αὑτοῦ
1415 4886 1647 4958 θεότητα
1684 4886 1874 4959 ἱκανὴν
1910 4882 2004 4942 οῦ-

418 4993 517 5030 σαν
549 4977 727 5031 πάντα
769 4976 841 5031 τὰ
878 4975 1059 5050 πλήθη
1109 4977 1204 5032 τοῦ
1261 4977 1467 5049 κόσμου
1523 4978 1595 5032 τὰ
1647 4978 1784 5051 πρὸς
1842 4979 2004 5035 αὑτὸν

415 5067 792 5139 ἀφικνούμενα
824 5067 1158 5123 ἀναπαῦσαι.
1220 5068 1381 5123 Ἀλλά
1409 5069 1507 5124 καὶ
1544 5070 1846 5143 ὲπειράσθη
1898 5071 2004 5126 ὑπὸ

415 5157 511 5211 τοῦ
539 5157 811 5222 διαϐόλου,
847 5157 943 5211 καὶ
980 5157 1162 5230 ἔμεινε
1184 5159 1594 5231 τεσσαράκοντα
1623 5159 1836 5231 ἡμέρας
1866 5160 2004 5232 μήτε

416 5250 635 5318 ἐσθίων,
666 5251 805 5324 μήτε
838 5250 1011 5306 πίνων
1027 5269 1043 5285 ο
1073 5251 1162 5305 ίνα
1196 5248 1343 5322 δείξῃ
1362 5250 1424 5304 τὸ
1444 5251 1690 5315 ἁνενδεὲς
1710 5251 1811 5323 τῆς
1836 5252 2003 5306 αὑτοῦ

416 5344 692 5417 θεότητος.
724 5348 799 5401 Οὑ
826 5346 937 5419 γὰρ
966 5346 1168 5402 πεινῶν
1191 5346 1511 5418 ὑπέμεινεν,
1537 5347 1614 5411 ὼς
1637 5345 2004 5416 φιλοσοφικῶς

416 5436 540 5493 καθ’
567 5440 715 5511 ἡμᾶς
744 5441 1213 5512 ἐγκρατευόμενος
1236 5480 1250 5505 ,
1293 5442 1388 5497 κα)⁵
1426 5440 1587 5495 αὑτὸν
1639 5439 1825 5512 ἄγχων
1847 5481 1863 5506 ,
1907 5440 2005 5495 καὶ

404 5527 737 5601 ,βιαζόμενος
755 5572 769 5597 ,
802 5531 940 5587 ἀλλὰ
961 5533 1341 5608 ἀνυστερήτως
1359 5531 1448 5588 διὰ
1479 5532 1578 5605 τὴν
1612 5532 1874 5604 ἀληθινὴν
1903 5534 2003 5588 αὑ-

491 5649 506 5681 ¹
536 5648 667 5704 Cur.
702 5646 968 5714 ὑπὸθιξιν.
1047 5650 1068 5680 ⁸
1095 5647 1157 5703 F.
1184 5647 1263 5711 ὡς
1293 5649 1476 5719 ἡμεῖς.

417 5719 578 5774 'Act.
605 5734 656 5782 ν,
693 5718 775 5773 l5.
852 5719 871 5749 ⁷
915 5721 1034 5774 Act.
1071 5735 1182 5784 ιιι,
1225 5720 1311 5774 i2.

420 5789 467 5823 "
493 5788 689 5843 Matth.
717 5804 793 5849 xi.
828 5788 919 5844 ‘28.

1555 5646 1576 5677 ³
1608 5645 1668 5701 F.
1703 5649 1796 5701 καὶ
1820 5648 1972 5701 ἐϐόα.
2049 5646 2071 5680 ⁵
2109 5645 2270 5702 Joan.
2299 5661 2414 5708 xu,
2469 5644 2573 5707 θός
2601 5642 2748 5698 Psal.
2798 5657 2913 5705 nl,
2950 5640 3032 5695 l9.

1387 5722 1408 5751 ⁸
1443 5718 1628 5775 Matth.
1660 5733 1695 5781 ι,
1722 5718 1811 5773 25.
1890 5720 1911 5751 ’
1936 5717 2122 5774 Matth.
2149 5734 2207 5786 ιι,
2240 5717 2307 5773 15
2328 5732 2449 5788 sqq.

2107 4887 2238 4944 dine
2281 4885 2485 4943 resedit
2515 4885 2579 4938 ιι.
2611 4883 2694 4938 Ad
2735 4882 2851 4938 haec
2877 4883 3137 4953 quoniam
3165 4893 3277 4935 non
3305 4877 3429 4934 ﬁcte
3456 4876 3709 4933 hominis

2107 4985 2364 5033 naturam
2450 4980 2808 5045 susceperat,
2870 4976 3133 5029 contenta
3187 4985 3322 5027 voce
3387 4967 3649 5025 clamavit
3675 4986 3702 5022 :-

2112 5069 2325 5141 1012
2377 5067 2578 5133 Venite,
2607 5082 2784 5121 omnes
2812 5065 2904 5137 qui
2930 5063 3189 5119 laboratis
3215 5070 3268 5119 et
3297 5063 3514 5118 onerati
3542 5062 3705 5125 θεῶν

2104 5172 2156 5217 et
2192 5176 2285 5232 ego
2323 5159 2562 5229 reﬁciam
2594 5174 2681 5214 vos
2708 5158 2751 5191 ¹¹
2782 5176 2794 5212 :
2823 5164 2883 5212 ut
2905 5157 2975 5212 ad
3005 5171 3198 5214 omnes
3227 5154 3379 5212 orbis
3420 5162 3700 5211 terrarum,

2108 5253 2383 5320 homines,
2416 5251 2509 5323 qui
2546 5250 2614 5306 ad
2643 5266 2764 5309 sese
2793 5249 3174 5321 confugerent,
3202 5245 3537 5305 recreandos
3569 5245 3693 5301 ido-

2107 5364 2268 5406 neam
2301 5362 2426 5404 esse
2455 5344 2808 5401 Divinitatem
2842 5358 3001 5399 suam
3032 5341 3366 5398 ostenderet.
3417 5338 3689 5395 Praeterea

2105 5449 2348 5499 tentatus
2376 5457 2409 5495 a
2437 5438 2656 5494 diabolo
2679 5445 2784 5502 est,
2812 5444 2867 5492 et
2887 5435 3248 5508 quadraginta
3273 5434 3391 5491 dies
3424 5435 3545 5489 sine
3577 5432 3693 5488 ullo

2104 5536 2230 5591 cibo
2280 5540 2524 5606 potuquc
2572 5528 2896 5604 permansit,
2934 5535 2994 5584 ut
3039 5526 3291 5584 eamdem
3340 5525 3687 5582 divinitatem

3136 5639 3158 5672 '
3200 5636 3391 5693 Matth.
3457 5650 3593 5698 xvu,
3625 5632 3684 5694 2.

2531 5703 2573 5748 ιδ
2607 5714 2795 5770 Matth.
2838 5703 2923 5779 ut,
2961 5713 3024 5768 ιι
3062 5727 3183 5783 sqq.
3262 5706 3487 5766 “Joan.
3524 5721 3601 5773 tv,
3629 5703 3686 5763 δι
