4134 6392
479 341 583 400 (ΑΠ

1875 341 1932 398 S.
1973 339 2315 398 EPIPHANII

3643 337 3747 394 668

479 452 686 509 nullius
735 453 812 508 rei
857 451 1100 526 indigere
1141 457 1491 513 monstraret.
1543 455 1731 528 Neque
1759 459 1905 514 enim
1937 470 2053 515 tum

2172 461 2251 516 τοῦ
2289 459 2549 532 θεότητα,
2589 459 2684 514 καὶ
2709 457 2934 530 ὕστερον
2957 496 2974 522 ,
3003 455 3168 528 φησὶν
3197 457 3230 528 ἡ
3258 454 3450 528 Γραφὴ
3477 495 3491 518 ,
3521 454 3740 508 ἐπείνα-

483 545 678 600 [amem
729 547 1056 610 sustinebat,
1113 549 1270 616 quasi
1322 549 1584 603 severiori
1637 549 1874 620 quodam
1935 553 2061 608 vita:

481 636 732 690 instituto
763 637 864 690 sibi
894 636 1282 691 abstinentiam
1319 637 1628 703 indixisset,
1673 655 1904 710 seseque
1947 643 2061 696 ine—

477 729 568 782 dia
621 729 870 784 cruciare
912 745 976 784 ac
1029 730 1350 799 perdomare
1403 733 1598 798 vellet;
1652 731 1746 788 sed
1799 743 2059 804 tanquam

479 835 664 874 veram
709 822 763 874 in
811 837 932 878 sese
969 823 1310 878 divinitatem
1345 823 1552 880 habens
1585 827 1790 880 nullius
1818 827 2056 898 egebat:

479 921 668 982 postea
699 922 904 977 tamen,
953 924 1012 969 ut
1061 915 1342 985 Scriptura
1395 925 1584 970 narrat
1615 921 1653 982 ',
1689 919 1903 974 esuriit.
1943 917 2060 984 Qua

479 1005 690 1060 ratione
723 1021 847 1062 vere
891 1023 950 1062 se
991 1007 1264 1062 hominem
1307 1007 1511 1064 factum
1546 1027 1670 1066 esse
1707 1011 2059 1081 signiﬁcavit,

477 1113 600 1152 cum
631 1107 970 1168 assumptum
1001 1115 1030 1154 a
1085 1117 1144 1156 se
1177 1117 1376 1172 corpus
1419 1103 1564 1158 veris
1597 1119 1660 1157 ac
1691 1104 1890 1156 rationi
1929 1119 2062 1158 con-

477 1189 757 1244 sentaneis
797 1193 1227 1246 necessitatibus
1265 1194 1564 1248 obnoxium
1597 1209 1722 1248 esse
1753 1195 1938 1248 divina
1965 1209 2063 1248 na-

399 1283 412 1296 '
477 1293 600 1338 tura
635 1283 924 1348 voluisset,
953 1300 1041 1347 ne,
1071 1285 1216 1355 quod
1242 1301 1304 1340 ex
1335 1286 1454 1355 ipsa
1491 1301 1680 1341 revera
1715 1301 2062 1356 consequens

476 1387 600 1428 esse
645 1373 954 1438 videbatur,
1004 1389 1188 1428 veram
1245 1377 1498 1429 humana:
1533 1385 1742 1430 natura:
1791 1377 2062 1430 conditio-

477 1479 602 1520 nem
631 1467 1022 1536 eastingueret.
1069 1465 1224 1522 Unde
1261 1477 1314 1522 et
1349 1469 1412 1523 ad
1454 1469 1614 1524 ticum
1651 1470 1902 1524 arborem
1931 1485 2060 1523 esu-

475 1557 572 1610 riit
597 1559 651 1617 ',
681 1566 736 1611 ct
767 1575 952 1612 verum
987 1559 1160 1612 lutum
1195 1559 1321 1614 fecit
1345 1561 1364 1592 ³
1388 1601 1402 1614 .
1441 1561 1521 1614 Ad
1555 1561 1808 1616 eamdem
1841 1576 1970 1614 vero
1999 1562 2062 1614 il-

477 1647 582 1702 lam
615 1647 773 1702 ﬁcum
806 1665 926 1704 eum
963 1651 1226 1704 nonnulla
1263 1653 1512 1715 dixisset,
1558 1669 1642 1716 ea,
1695 1653 1772 1706 uti
1809 1653 2052 1718 dixerat,

478 1739 860 1795 acciderunt".
899 1739 1026 1795 ltent
1081 1743 1134 1796 in
1175 1743 1394 1812 navigio
1439 1759 1563 1796 cum
1620 1753 1840 1798 ventum
1885 1745 2063 1799 incre-

2165 571 2285 610 σεν·
2315 555 2399 608 ἵνα
2428 553 2580 624 δείξῃ
2613 553 2711 624 τὴν
2757 551 3015 624 ἀληθινὴν
3047 549 3459 622 ἐνανθρώπησιν
3498 548 3596 618 τῆς
3617 541 3745 600 Θεό⁴¹

2161 664 2322 717 τητος
2345 685 2361 710 ,
2411 643 2715 716 ἐνδιδούσης
2746 647 2812 716 τῇ
2845 645 3096 714 ἐνσὰρκῳ
3127 641 3400 714 παρουσίᾳ
3451 641 3559 694 τῶν
3596 639 3744 692 εὐλό-

2162 755 2274 806 γων
2321 737 2520 808 χρειῶν
2575 739 2670 790 καὶ
2722 735 2990 808 ἀληθινῶν
3053 733 3302 805 μετέχειν
3336 749 3350 762 ·
3405 732 3491 788 ῐνα
3548 732 3622 802 μὴ
3683 730 3744 784 τὸ

2163 825 2416 898 ἀληθινὸν
2443 827 2544 893 τῆς
2574 827 2890 890 ἀκολουθίας
2920 827 3159 899 ἀφανίσῃ
3187 825 3282 896 τὴν
3309 823 3568 894 ἀληθινὴν
3602 823 3746 876 ἐναν-

2165 919 2464 992 θρώπησιν.
2484 919 2612 996 ,Καὶ
2639 919 2746 990 γὰρ
2779 921 2870 972 καὶ
2903 917 2995 972 ἐπὶ
3031 917 3130 988 τῆς
3163 917 3332 985 συκῆς
3361 913 3744 974 ἐπείνασε,κα“ι

2165 1009 2334 1078 πηλὸν
2373 1007 2625 1080 ἀληθινὸν
2674 1007 2950 1080 ἐποίησεν.
2999 1005 3162 1060 Ἀλλὰ
3215 1005 3372 1075 λόγον
3433 998 3554 1056 εἶπε
3609 1003 3744 1074 πρὸς

2163 1103 2264 1172 τὴν
2317 1101 2491 1172 συκῆν
2545 1105 2574 1156 ό
2614 1101 2780 1166 Θεὸς,
2833 1099 2926 1154 καὶ
2956 1097 3191 1166 ἐγένετο.
3233 1097 3342 1150 Καὶ
3371 1097 3463 1147 ἐπὶ
3495 1095 3592 1164 τῆς
3621 1092 3746 1164 νηὸς

2165 1195 2463 1266 ἐπετίμησε
2492 1193 2571 1263 τῷ
2604 1193 2792 1264 ἀνέμῳ
2815 1233 2828 1256 ,
2865 1191 2958 1246 καὶ
3010 1192 3306 1244 ἐπαύσατο.
3359 1186 3468 1243 Καὶ
3521 1186 3610 1240 διὰ
3649 1183 3742 1238 τοῦ

2167 1285 2482 1356 πτύσματος
2521 1283 2615 1336 καὶ
2671 1281 2844 1352 πηλοῦ
2871 1321 2885 1346 ,
2936 1280 3014 1352 τῷ
3041 1281 3182 1350 λόγῳ
3219 1279 3316 1350 τῆς
3349 1275 3511 1330 αὑτοῦ
3550 1275 3744 1346 Θεότη-

2163 1393 2256 1436 τος⁹
2280 1415 2294 1438 ,
2351 1375 2446 1428 καὶ
2487 1373 2565 1445 τῷ
2625 1373 2902 1443 πτύσματι
2933 1373 3033 1442 τῆς
3065 1369 3228 1424 αὑτοῦ
3259 1367 3741 1439 ὲνανθρωπήσεως,

2165 1467 2258 1522 καὶ
2289 1467 2366 1538 τῷ
2399 1465 2557 1538 πηλῷ
2581 1465 2742 1519 πάλιν
2765 1507 2779 1532 ,
2803 1465 2878 1527 ὡς
2907 1462 2985 1533 τῷ
3026 1461 3196 1532 Ἀδὰμ
3219 1501 3232 1524 ,
3259 1459 3354 1512 καὶ
3377 1458 3549 1528 τούτῳ
3573 1457 3634 1510 τὸ
3663 1457 3746 1508 ἐλ-

2165 1558 2321 1622 λιπὲς
2353 1557 2512 1629 μέλος
2563 1557 2813 1610 πλάττων
2867 1555 3158 1626 ἐχαρίσατο
3187 1569 3201 1582 '
3241 1551 3348 1606 τῶν
3403 1551 3618 1604 πάντων
3655 1565 3746 1600 τε·

2165 1649 2322 1704 λείων
2349 1653 2406 1704 ἐν
2427 1648 2575 1719 αὐτῷ
2598 1649 2784 1712 ὄντων,
2821 1649 2879 1700 ἐν
2905 1647 3067 1718 σαρκὶ
3096 1644 3430 1716 πασχόντων,
3452 1644 3509 1695 ἐν
3537 1641 3748 1710 θεότητι

2169 1743 2224 1796 δέ
2252 1741 2476 1795 ἀπαθῶν
2507 1740 2675 1794 όντων
2695 1781 2710 1806 ,
2745 1739 2850 1803 ἕως
2883 1739 3081 1809 ἀνέστη
3112 1739 3176 1791 ἐκ
3203 1736 3312 1789 τῶν
3340 1733 3548 1806 νεκρῶν
3569 1774 3582 1798 ,
3615 1733 3751 1794 ὅλως

479 1839 683 1897 passel,
719 1829 806 1884 hic
837 1831 1020 1886 subito
1049 1833 1276 1888 desiit'.
1309 1831 1448 1886 Tum
1485 1849 1616 1886 vero
1647 1841 1811 1903 sputo
1843 1849 1964 1900 suo,
1991 1849 2055 1889 ac

2172 1835 2235 1904 ah
2275 1835 2498 1904 πάσχων
2528 1831 2745 1894 λοιπὸν,
2778 1831 2915 1894 ὅλως
2950 1831 3146 1902 μηκέτι
3181 1829 3560 1900 ἀποθνήσκων.

477 1919 612 1984 luto,
669 1937 792 1974 cum
843 1922 1152 1978 Divinilatis
1215 1939 1330 1980 sua:
1392 1939 1664 1985 sermone,

1743 1934 1854 1977 tum
1905 1925 2164 1987 hominis,
2232 1939 2392 1994 quem
2438 1931 2832 1992 assumpserat,
2873 1931 3063 1992 sputo,
3111 1923 3241 1984 luto,
3317 1921 3560 1989 inquam,
3619 1919 3760 1974 sicut

473 2015 682 2068 Adamn
727 2015 1028 2084 quondam,
1071 2017 1144 2070 ita
1180 2031 1330 2072 caeco
1387 2017 1466 2070 illi
1509 2016 1656 2086 quod
1704 2015 1772 2070 ad
1801 2017 2166 2087 integritatem
2207 2015 2394 2070 deerat
2435 2015 2740 2070 membrum
2780 2013 2936 2068 ﬁtixit
2963 2029 3028 2068 ac
3055 2013 3290 2068 reddidit
3319 2031 3332 2066 :
3357 2013 3400 2067 si
3441 2011 3658 2080 quidem
3695 2009 3750 2062 in

475 2125 540 2164 eo
571 2117 727 2162 erant
771 2108 956 2161 omnia
1001 2107 1264 2178 perfecta,
1296 2107 1435 2162 adeo
1467 2117 1528 2162 ut
1581 2109 1636 2161 in
1691 2123 1859 2162 carne
1893 2115 2230 2178 paterentur,
2287 2109 2344 2162 in
2397 2106 2684 2161 divinitate
2725 2121 2857 2161 vero
2893 2105 3004 2176 pati
3053 2105 3185 2160 nihil
3235 2115 3476 2176 possent,
3520 2103 3693 2158 donec
3721 2119 3752 2156 ιι

475 2202 710 2258 mortuis
733 2203 1002 2256 excitatus
1024 2213 1126 2268 est,
1151 2202 1286 2254 nihil
1313 2203 1548 2264 amplius
1574 2201 1800 2256 omnino
1823 2201 2056 2271 patiens,
2101 2217 2278 2272 neque
2310 2201 2552 2256 moriens
2583 2199 2811 2282 omnino
2839 2200 2880 2254 '.

545 2291 748 2359 Quodsi
773 2293 1039 2358 nonnulli,
1075 2309 1174 2363 pro
1197 2311 1262 2348 eo
1289 2295 1436 2364 quod
1461 2309 1490 2348 e
1517 2294 1656 2348 virili
1683 2305 1803 2348 satu
1859 2309 2059 2364 corpus

477 2399 586 2438 non
619 2386 914 2452 acceperit,
953 2383 1154 2440 diversi
1193 2385 1480 2454 cujusdam
1511 2401 1634 2440 esse
1661 2386 1879 2454 generis
1913 2387 2068 2440 arbi-

477 2483 710 2536 trentur.
742 2493 848 2530 non
873 2484 958 2530 cst
981 2475 1126 2546 quod
1153 2487 1440 2546 propterea
1463 2478 1638 2532 nostri
1669 2477 1920 2546 corporis
1941 2493 2066 2532 esse

479 2567 746 2622 dissimile
797 2574 1008 2636 putent.
1061 2567 1356 2636 Postquam
1403 2569 1550 2622 enim
1597 2585 1627 2623 e
1671 2567 1840 2622 Maria
1873 2577 2062 2622 natum

479 2673 604 2712 esse
633 2667 788 2712 extra
815 2657 1214 2714 dubitationem
1241 2674 1455 2714 omnem
1484 2669 1588 2720 est.
1617 2667 1870 2714 nostrum
1898 2658 2067 2714 fuisse

481 2765 710 2804 necesse
745 2759 851 2814 est,
889 2749 1057 2804 Maria
1099 2751 1300 2822 quippe
1333 2767 1441 2806 non
1476 2753 1724 2815 alterius,
1761 2767 1924 2822 quam
1966 2767 2067 2805 cu-

477 2841 570 2910 jus
602 2857 830 2911 corpora
861 2851 1049 2898 nostra
1093 2853 1243 2908 sunt,
1292 2845 1626 2900 conditionis
1665 2845 1874 2900 exstitit
1901 2863 1914 2900 :
1939 2859 2067 2898 nam

481 2942 538 2988 et
569 2933 812 2988 Adamus
842 2949 870 2986 a
899 2933 1020 2986 viro
1046 2934 1264 3004 genitus
1296 2949 1402 2988 non
1441 2933 1564 2998 fuit,
1597 2935 1692 2990 sed
1724 2951 1754 2989 e
1780 2943 1928 2988 terra
1961 2934 2068 2988 for-

484 3026 732 3090 matus',
763 3039 862 3080 nec
907 3025 1029 3080 ideo
1069 3027 1320 3096 sequitur
1348 3027 1494 3096 quod
1531 3041 1637 3080 non
1680 3041 1710 3080 e
1749 3026 1890 3080 virili
1922 3033 2066 3089 satu,

2235 2295 2300 2350 Ei
2331 2295 2388 2348 δέ
2425 2311 2602 2358 τινες,
2656 2292 2744 2346 διὰ
2770 2293 2830 2346 τὸ
2881 2293 2954 2364 μὴ
2987 2293 3095 2347 ἀπὸ
3125 2291 3439 2363 σπέρματος
3470 2289 3662 2362 ἀνδρὸς
3690 2288 3752 2342 τδ

2169 2387 2330 2458 σῶμα
2357 2385 2518 2438 αὑτὸν
2547 2385 2846 2456 εἰληφέναι,
2873 2383 3083 2438 ἀλλοῖον
3111 2385 3418 2456 νοήσουσιν,
3441 2383 3503 2435 οὐ
3533 2381 3753 2446 πάντως

2169 2477 2256 2530 διὰ
2283 2476 2442 2530 τοῦτο
2487 2477 2588 2529 οὐκ
2625 2476 2742 2529 ἔστι
2767 2475 2910 2529 κατὰ
2951 2475 3012 2528 τὸ
3045 2473 3310 2546 ἡμέτερον
3339 2473 3516 2544 σῶμα.
3569 2471 3750 2538 Ἐξότε

2171 2567 2281 2638 γὰρ
2323 2567 2431 2620 ἀπὸ
2481 2566 2700 2638 Μαρίας
2746 2565 3133 2636 ὡμολόγηται,
3184 2565 3452 2636 ήμέτερον
3503 2559 3592 2635 ἧν.
3645 2565 3754 2618 Καὶ

2172 2659 2281 2732 γὰρ
2317 2659 2507 2730 Μαρία
2541 2659 2639 2712 οὐκ
2667 2657 2800 2730 ἄλλη
2829 2653 2896 2728 ἦν
2927 2657 3076 2728 παρὰ
3105 2655 3173 2710 τὰ
3212 2657 3453 2728 ἡμέτερα
3479 2655 3705 2726 σώματα
3735 2674 3749 2688 ο

2173 2751 2296 2804 ἐπεὶ
2325 2751 2420 2806 καὶ
2444 2753 2472 2804 ὁ
2509 2749 2678 2820 Ἀδὰμ
2708 2751 2808 2802 οὐκ
2840 2749 2946 2802 ἀπὸ
2972 2748 3285 2820 σπέρματος
3311 2747 3500 2819 ἀνδρὸς
3523 2743 3610 2818 ἧν,
3639 2747 3752 2800 ἀλλ’

2173 2845 2239 2898 ἐκ
2285 2844 2382 2914 τῆς
2415 2843 2520 2913 γῆς
2569 2841 2970 2913 πεπλασμένος.
3019 2839 3126 2894 Καὶ
3158 2841 3218 2894 οὐ
3273 2839 3492 2903 πάντως
3519 2880 3532 2902 ,
3569 2839 3753 2910 ἐπειδὴ

2175 2935 2284 2990 ἀπὸ
2327 2935 2426 3007 τῆς
2461 2935 2566 3006 γῆς
2609 2931 2678 3006 ἦν
2705 2974 2719 2998 ,
2775 2935 2868 2988 καί
2901 2935 3002 2986 οὐκ
3053 2933 3162 2986 ἀπὸ
3197 2933 3510 3004 σπέρματος
3538 2933 3752 3001 ἀνδρὸς,

2175 3027 2386 3090 ἀλλοῖος
2431 3023 2500 3098 ἦν
2535 3027 2686 3099 παρὰ
2737 3025 2808 3078 τὰ
2859 3025 3101 3098 ἡμέτερα
3133 3023 3380 3094 σώματα.
3423 3023 3614 3092 Ἡμεῖς
3647 3023 3756 3093 γὰρ

487 3117 582 3172 sed
605 3115 670 3172 de
695 3127 834 3172 terra
863 3117 1145 3187 prodierit,
1177 3117 1450 3173 diversam
1475 3120 1766 3189 quamdam
1799 3135 1828 3172 a
1863 3120 2067 3175 nostris

2175 3118 2233 3185 ἐξ
2267 3118 2431 3172 αὐτοῦ
2466 3117 2863 3190 γεγεννήμεθα,
2900 3117 2991 3170 καὶ
3024 3117 3123 3168 οὐκ
3159 3115 3324 3184 ἐσμὲν
3359 3114 3560 3168 ἀλλοῖοι
3603 3113 3756 3185 παρὰ

485 3209 810 3278 corporibus
855 3217 1106 3262 naturam
1137 3225 1262 3264 esse
1297 3211 1570 3264 sortitum.
1617 3209 1826 3264 Etenim
1875 3227 1973 3266 nos
2002 3211 2070 3264 ab

486 3299 584 3352 illo
619 3299 786 3368 geniti
829 3301 898 3354 ab
927 3299 1170 3369 ejusdem
1200 3315 1429 3370 corpore
1459 3301 1662 3356 diversi
1699 3317 1809 3355 non
1841 3317 2068 3367 sumus;

485 3392 703 3446 tametsi
737 3407 766 3446 e
797 3392 940 3445 virili
993 3401 1116 3447 satu
1165 3391 1431 3448 fuerimus
1505 3409 1569 3448 ac
1619 3394 1868 3449 mulieris
1913 3403 2072 3448 utero

489 3483 792 3554 propagati.
848 3483 954 3538 Sed
997 3485 1112 3538 haec
1159 3485 1405 3538 nonnulli
1459 3487 1718 3540 subtilius
1775 3487 2069 3540 identidem

487 3583 789 3628 tractantes
823 3583 876 3628 et
917 3575 972 3628 in
1014 3577 1196 3630 animo
1231 3583 1542 3640 versantes,
1583 3593 1614 3630 a
1651 3591 1820 3646 scopo
1854 3578 2070 3646 penitus

489 3665 840 3721 aberrarunt.
883 3665 988 3719 Alii
1039 3683 1205 3737 porro
1245 3683 1310 3722 ex
1367 3668 1578 3738 1013
1619 3669 1705 3731 iis,
1739 3669 1832 3738 qui
1871 3669 1936 3722 ad
1973 3683 2072 3724 nos

491 3758 851 3820 ventitabant,
933 3759 1142 3813 infinita
1191 3759 1438 3830 quaedam
1495 3761 1600 3814 alia
1650 3759 2070 3823 deblaterantes,

489 3851 666 3903 virum
699 3850 1134 3906 Iaudatissimum
1169 3853 1284 3908 suis
1314 3853 1790 3908 criminationibus
1821 3853 2073 3908 traduce-

489 3941 640 3997 bant.
689 3942 770 3996 Ac
819 3943 1278 3998 vehementiorem
1320 3945 1564 4014 quidem,
1600 3960 1762 4014 quam
1803 3959 1900 4014 par
1931 3951 2070 4006 erat,

499 4035 793 4089 tumultum
823 4035 1175 4091 Concitarunt
1197 4077 1210 4099 ,
1247 4035 1362 4092 sive
1389 4053 1452 4091 ex
1487 4037 1727 4102 inscitia,
1768 4039 1882 4092 sive
1929 4038 2074 4106 quod

491 4127 560 4182 ab
591 4143 656 4181 eo
679 4127 884 4182 dictum
909 4135 1026 4184 erat
1049 4129 1270 4185 minime
1301 4129 1698 4200 percepissent,
1727 4135 1782 4184 et
1809 4129 1877 4184 ab
1907 4145 1972 4184 eo
1991 4129 2076 4183 di-

494 4218 669 4286 gressi
702 4235 824 4290 quae
857 4219 1144 4274 audierant
1167 4221 1424 4292 dogmata
1455 4221 1837 4292 pratdicarent.
1871 4221 2074 4276 Verum

494 4309 562 4364 de
585 4313 1012 4380 supervacaneis
1053 4313 1203 4368 hisce
1239 4313 1632 4383 quaestionibus
1673 4313 1958 4368 hactenus.
2001 4311 2074 4366 ll-

493 4401 584 4454 lud
609 4418 737 4458 vero
759 4403 991 4460 lectores
1019 4421 1211 4460 omnes
1241 4406 1617 4462 intellecturos
1642 4407 1900 4469 arbitrer,
1925 4407 2074 4460 nulla

493 4509 593 4550 nos
622 4504 716 4549 aut
741 4497 964 4562 invidia,
1003 4505 1096 4552 aut
1118 4498 1244 4553 odio
1277 4499 1331 4554 in
1367 4500 1642 4554 hominem
1673 4515 1797 4556 esse
1827 4515 2071 4554 eorume-

493 4595 600 4642 tos.
637 4588 786 4643 Istud
829 4590 974 4644 enim
1015 4589 1068 4644 in
1113 4591 1305 4660 primis
1336 4603 1590 4662 Optamus
1621 4607 1684 4646 ac
1718 4593 1974 4662 petimus,
2013 4598 2074 4645 ut

494 4698 563 4739 ne
592 4681 660 4738 ab
716 4681 962 4738 Ecclesia
1011 4683 1216 4739 Christi
1265 4691 1428 4755 atque
1467 4685 1536 4740 ab
1575 4685 1902 4740 suavissima
1956 4685 2072 4739 fra-

493 4784 638 4830 trum
666 4776 928 4830 societate
957 4774 1268 4838 divellatur,
1299 4777 1392 4831 sed
1421 4784 1478 4830 ut
1499 4775 1769 4846 ejusmodi
1800 4775 2071 4846 dogmatis

495 4865 720 4922 nimium
755 4865 998 4920 studium
1026 4869 1547 4938 contentionemque
1592 4867 1828 4938 deponat
1858 4883 1922 4921 ac
1949 4883 2071 4922 sese

495 4955 562 5010 ad
593 4957 819 5012 meliora
863 4968 1178 5023 convertat,
1222 4960 1366 5014 sicut
1417 4961 1681 5028 scriptum
1719 4965 1845 5014 est:
1885 4957 2074 5013 Rever-

2171 3213 2231 3266 τὸ
2258 3213 2471 3265 ἐκείνου
2503 3212 2680 3283 σῶμα,
2724 3211 2903 3266 καίτοι
2930 3229 2990 3280 γε
3015 3211 3080 3263 ἐκ
3107 3211 3417 3280 σπέρματος
3445 3205 3638 3280 ἀνδρὸς
3663 3204 3758 3258 καὶ⁵

2171 3303 2280 3358 ἀπὸ
2336 3306 2550 3376 μήτρας
2600 3305 2857 3374 γυναικὸς
2920 3303 3322 3374 γεγεννημένοι.
3387 3299 3546 3354 Ἀλλὰ
3584 3298 3758 3354 ταῦτα

2177 3397 2274 3468 μέν
2302 3415 2448 3460 τινες
2508 3397 2847 3468 σοφιζόμενοι
2889 3395 3148 3460 πολλάκις
3171 3437 3185 3458 ,
3219 3395 3313 3447 καὶ
3348 3395 3405 3447 ἐν
3451 3395 3517 3463 τῇ
3549 3391 3758 3462 διανοίᾳ

2173 3487 2426 3558 ἔχοντες,
2478 3489 2543 3541 ἐκ
2591 3487 2684 3540 τοῦ
2735 3489 3098 3559 προκειμένου
3155 3487 3410 3551 ἐξέπεσον
3445 3503 3456 3513 ·
3511 3484 3658 3547 τινὲς
3701 3483 3757 3536 δέ

2174 3581 2336 3634 πάλιν
2385 3581 2446 3645 ἐξ
2503 3579 2681 3634 αὐτῶν
2723 3580 2831 3634 τῶν
2869 3579 3000 3650 πρὸς
3062 3580 3208 3650 ἡμᾶς
3243 3577 3586 3650 ἐρχομένων,
3622 3573 3754 3628 ἄλλα

2179 3673 2348 3745 μυρία
2399 3674 2493 3726 καὶ
2526 3673 2782 3726 ἐπέκεινα
2837 3669 3380 3742 περιττολογοῦντες,
3441 3666 3532 3720 τὸν
3589 3663 3758 3734 ἄνδρα

2174 3765 2264 3817 τὸν
2301 3765 2358 3818 ἐν
2389 3763 2604 3828 πολλοῖς
2645 3763 2888 3826 ἐπαίνοις
2923 3761 3293 3832 φημιζόμενον
3321 3755 3618 3811 διέϐαλλον.
3651 3753 3762 3807 Καὶ

2175 3855 2251 3928 τῷ
2290 3858 2388 3928 μὲν
2415 3857 2530 3910 ὄντι
2562 3857 2942 3928 περιττότερον
2971 3851 3125 3925 οἶμαι
3157 3851 3252 3906 τοῦ
3283 3851 3492 3913 δέοντος
3521 3889 3534 3912 ,
3559 3847 3591 3918 ἢ
3621 3847 3760 3901 κατὰ

2181 3951 2439 4014 ίδιωτίαν,
2472 3951 2504 4022 ἢ
2537 3949 2677 4004 κατὰ
2709 3946 3220 4022 παρακολουθησίαν
3251 3945 3293 4008 ⁹,
3327 3944 3360 4015 ἢ
3403 3941 3532 4014 παρ’
3563 3939 3761 4002 αὐτοὺς

2177 4043 2547 4116 ἐξερχόμενοι,
2579 4043 2675 4097 καὶ
2702 4041 3196 4112 ἅποφθεγγόμενοι,
3230 4037 3327 4108 τὴν
3357 4032 3603 4104 ταραχὴν
3643 4033 3761 4100 εἱρ-

2176 4137 2434 4204 γάσαντο.
2487 4134 2647 4191 Ἀλλὰ
2679 4133 2774 4188 νῦν
2815 4149 2906 4206 μοι
2932 4133 3060 4204 περὶ
3081 4131 3189 4183 τῶν
3219 4127 3488 4200 περιττῶν
3526 4127 3631 4186 ἕως
3661 4118 3762 4176 ὧδε

2176 4227 2419 4298 ἀρκείτω
2457 4229 2486 4280 ὁ
2515 4225 2673 4296 λόγος
2693 4267 2708 4292 ,
2754 4225 3042 4279 συνιόντων
3063 4223 3170 4276 τῶν
3197 4219 3650 4290 ἐντυγχανόντων,
3681 4216 3763 4268 ὅτι

2177 4317 2300 4372 οὔτε
2352 4319 2532 4390 φθόνῳ
2560 4319 2852 4390 τετηκότες
2877 4357 2891 4379 ,
2927 4315 3050 4370 οὔτε
3093 4314 3240 4386 μίσει
3281 4313 3358 4383 τῷ
3389 4311 3524 4381 πρὸς
3553 4308 3644 4360 τὸν
3670 4306 3765 4360 ἄν·-

2178 4413 2300 4484 δρα.
2337 4411 2624 4482 Εὑχόμεθα
2677 4411 2785 4482 γὰρ
2814 4409 2972 4464 αὑτὸν
3031 4408 3104 4478 μὴ
3135 4405 3460 4478 μερισθῆναι
3513 4401 3620 4454 ἀπὸ
3661 4399 3762 4468 τῆς

2178 4502 2272 4556 τοῦ
2320 4501 2554 4574 Χριστοῦ
2616 4501 2940 4572 Ἐκκλησίας
2992 4499 3087 4552 καὶ
3133 4499 3232 4568 τῆς
3281 4495 3616 4565 γλυκύτητος
3661 4489 3766 4559 τῆς

2181 4589 2360 4658 πάσης
2407 4587 2782 4658 ἀδελφότητος,
2819 4587 2954 4642 ἀλλὰ
3005 4585 3302 4640 ἀποθέσθαι
3351 4584 3512 4638 αὐτὸν
3541 4581 3640 4651 τῆς
3667 4577 3764 4632 τοῦ

2178 4677 2336 4746 λόγου
2365 4677 2554 4731 τούτου
2589 4679 2919 4749 φιλονεικίας
2950 4677 3048 4748 τὴν
3081 4677 3353 4740 ἔνστασιν,
3394 4677 3488 4729 καὶ
3513 4671 3768 4744 ἐπιστρέ-

2177 4769 2276 4838 ψαι
2305 4769 2445 4823 κατὰ
2465 4769 2524 4823 τὸ
2553 4771 2863 4842 εἰρημένον·
2919 4772 3288 4840 Ἐπίστρεερε,
3317 4771 3356 4837 ἡ
3387 4765 3764 4836 Σουναμῑτις,

2177 4865 2522 4934 ἐπίστρεφε,
2565 4865 2662 4918 καὶ
2697 4865 2964 4934 ὀψόμεθα
2997 4866 3066 4918 ἑν
3095 4865 3216 4918 σοί.
3263 4863 3455 4934 Ὅμως
3509 4861 3638 4932 περὶ
3667 4857 3764 4912 τοῦ

2184 4961 2546 5032 προκειμένου
2581 4958 2734 5024 αὖθις
2761 4959 3096 5030 ἐπιλήψομαι
3121 4959 3222 5030 τῆς
3255 4955 3599 5018 ἀκολουθίας.

497 5059 621 5110 lere,
655 5045 970 5112 Sunamitis,
1001 5060 1285 5112 revertere,
1323 5057 1372 5103 et
1404 5049 1691 5103 videbimus
1726 5049 1780 5102 in
1819 5059 1865 5102 te
1882 5049 1924 5102 ⁸.
1963 5047 2146 5104 Redeo
2178 5049 2289 5120 jam
2323 5051 2390 5106 ad
2425 5053 2478 5105 id
2536 5051 2682 5122 quod
2717 5051 2874 5106 initio
2913 5065 3328 5122 proposueram,
3365 5057 3419 5105 et
3458 5047 3602 5119 quod
3634 5061 3768 5100 con-

495 5156 730 5210 sequens
759 5151 844 5197 est
869 5151 1126 5198 altexam.

569 5233 709 5291 XIX.
751 5235 922 5306 Negat
956 5251 987 5290 a
1026 5235 1248 5291 Christo
1289 5235 1584 5306 perlectam
1617 5237 1858 5291 hominis
1901 5245 2065 5291 natu-

499 5343 616 5380 ram
645 5343 766 5382 esse
796 5335 1128 5398 susceptam.
1159 5329 1271 5384 lmo
1297 5337 1352 5388 et
1377 5331 1672 5385 nonnullos
1701 5331 1770 5383 ab
1802 5330 1951 5384 omni
1981 5344 2080 5399 spe

500 5421 698 5476 salutis
735 5421 941 5492 dejicit,
973 5421 1330 5477 vehementer
1383 5423 1508 5478 illos
1557 5423 1817 5478 territans
1879 5437 1944 5476 ac
1989 5421 2076 5475 di-

503 5529 658 5583 cens,
691 5531 800 5572 non
825 5529 948 5572 esse
975 5515 1125 5586 quod
1161 5515 1458 5586 perfectam
1500 5515 1655 5570 illum
1705 5514 1945 5570 hominis
1987 5528 2078 5568 na-

581 5714 596 5746 ¹
628 5713 818 5768 Matth.
877 5729 948 5776 Iv,
1002 5714 1057 5770 2.
1181 5717 1201 5746 ¹
1235 5713 1428 5772 Matth.
1464 5731 1540 5776 XI,
1569 5715 1656 5772 13.

1761 5717 1780 5750 ⁸
1805 5715 1962 5771 Joan.
2023 5735 2096 5774 Ix.
2141 5715 2192 5770 6.

2255 5233 2355 5286 18'.
2391 5231 2616 5286 Τελείαν
2647 5233 2707 5286 οὐ
2738 5231 2986 5300 βούλεται
3007 5232 3185 5302 λέγειν
3221 5233 3319 5305 τὴν
3347 5233 3610 5306 ἕνσαρκον
3633 5235 3766 5305 Χρι-

2187 5323 2314 5378 στοῦ
2341 5323 2663 5395 παρουσίαν,
2695 5323 2832 5376 ἀλλὰ
2862 5325 2954 5377 καὶ
2977 5325 3073 5395 τὴν
3104 5323 3378 5396 σωτηρίαν
3402 5323 3770 5396 ἀποκρούεται

2187 5435 2368 5481 τινων,
2412 5417 2576 5486 φόϐον
2617 5415 2858 5487 ἐμποιῶν
2906 5417 3000 5470 καλ⁵
3033 5415 3225 5485 λέγων,
3281 5417 3362 5470 ὅτι
3399 5434 3418 5468 ι
3453 5417 3526 5470 Οὐ
3563 5417 3644 5470 δεῖ
3677 5415 3770 5469 τέ·-

2185 5510 2325 5566 λειον
2353 5509 2639 5583 ἄνθρωπον
2657 5511 2749 5564 τὸν
2779 5509 2942 5565 αὑτὸν
2963 5509 3310 5581 ἀνειληφέναι
3333 5509 3535 5580 λέγειν,
3563 5529 3579 5560 ι
3605 5509 3772 5580 δῆθεν

2285 5719 2304 5748 ⁸
2339 5715 2472 5770 Luc.
2535 5731 2648 5776 vm,
2687 5715 2776 5769 ει.
2881 5717 2902 5748 ⁸
2937 5715 3198 5782 103mm,
3231 5713 3284 5770 ϐ.
3363 5715 3381 5746 ⁸
3413 5713 3574 5770 Rom.
3605 5727 3680 5780 τι,
3713 5712 3766 5771 9.

509 5781 533 5813 '
555 5781 687 5839 Cen.
723 5802 781 5852 n,
826 5785 880 5840 7.
954 5787 974 5816 ⁸³
1009 5786 1164 5842 Cant.
1199 5803 1270 5856 vn,
1305 5785 1388 5842 i2.
1455 5787 1474 5819 ’
1503 5786 1564 5842 F.
1603 5788 2067 5862 ἁπαρακολουθηςτ

2195 5786 2260 5843 Et
2293 5803 2416 5843 mox
2448 5788 2577 5860 παρ’
2606 5787 2788 5843 αὐτοῦ.
