4134 6392
1052 283 1420 344 ADVERSUS
1461 291 1804 352 HEHESES
1841 298 1970 356 LIB.
2015 301 2100 358 Ill.
2145 302 2308 362 TOM.
2348 309 2415 364 Il.
2453 339 2524 350 —
2553 311 2824 370 HIERES.
2865 315 3123 375 LXXVII.
3195 386 3204 393 ι

3623 323 3731 384 670

479 392 589 446 ἀπὸ
622 393 713 446 τοῦ
741 395 908 464 ῥητοῦ
938 399 1226 470 εἰρημένου
1252 419 1264 433 ·
1307 405 1768 478 Ἀναλαμϐάνων
1791 418 1996 485 πραεῖς

2123 475 2128 484 _
2157 431 2332 478 turam
2360 429 2728 497 assumpsisse
2777 429 3046 489 dicamus.
3075 435 3189 493 Hoc
3219 451 3346 494 vero
3382 438 3724 508 potissimum

479 484 710 551 Κύριος.
763 484 932 540 υύδὲν
965 489 1022 542 δὲ
1068 490 1400 562 θαυμαστὸν,
1453 497 1574 552 οὔτε
1639 502 1902 576 διαφοράν
1933 484 2052 564 τινα

476 574 533 622 ἓν
554 576 727 648 τούτῳ
759 595 841 642 τις
875 579 985 650 ἔχει
1019 581 1208 650 δεῖξᾶι,
1237 587 1313 657 τῷ
1352 591 1524 643 εἰπεῖν
1553 594 1840 649 ἀναλαϐεῖν
1875 600 2052 672 σάρκα

479 669 564 722 τδν
615 671 838 741 Κύριον,
894 673 926 744 ἢ
979 675 1211 732 λαϐόντα
1262 681 1473 736 τελείαν
1521 669 1960 762 ὲνανθρὼπησιν,
2015 694 2048 766 ἢ

473 759 663 832 ὥσπερ
714 763 974 828 πολλάκις
1016 769 1072 819 ἐν
1123 772 1252 840 ἡμῖν
1294 773 1598 846 ὁμωνύμως
1635 759 1839 835 πολλαὶ-
1876 759 2050 850 λέξεις

471 851 850 921 τυγχάνουσιν,
900 857 1360 927 Ἀναλαμόάνων
1397 865 1526 938 γὰρ,
1583 872 1736 940 φησὶ,
1780 875 1986 942 πραεῖς
2015 879 2047 930 ὁ

469 943 715 1011 Κύριος·
770 948 882 1010 καὶ,
911 945 1179 1006 Ἀνέλαϐέ
1223 972 1299 1024 με
1340 956 1408 1013 ἐκ
1455 957 1573 1013 τῶν
1613 967 1903 1034 ποιμνίων
1929 968 2048 1024 τῶν

470 1032 808 1100 προϐάτων·
864 1041 978 1103 καὶ,
1033 1041 1389 1114 Ἆνελήφθη’
1425 1050 1523 1103 καὶ
1563 1048 1735 1106 εἷπον
1789 1056 1895 1110 δύο
1940 1059 2046 1112 ἂν·

468 1125 625 1194 δρες’
661 1130 720 1183 Τί
740 1130 1052 1197 ἑστήκατε,
1073 1135 1289 1204 ἄνδρες
1309 1142 1619 1197 Γαλιλαῖοι
1636 1163 1657 1209 ;
1675 1143 1861 1215 Οὗτος
1881 1153 1913 1203 ὁ
1943 1151 2043 1219 ἀφ’

465 1217 634 1287 ὑμῶν
674 1221 1110 1292 ἀναληφθείς...
1137 1229 1245 1281 Καὶ
1277 1231 1335 1282 οὐ
1372 1232 1588 1299 πάντως
1615 1236 1675 1288 τὸ
1715 1217 2040 1296 ἀναλαϐεῖν

469 1311 596 1380 μίαν
623 1311 733 1382 ἔχει
762 1315 1042 1387 διαφορὰν,
1078 1321 1137 1373 ὲν
1162 1321 1237 1392 τῷ
1263 1322 1462 1393 λέγειν,
1488 1327 1804 1394 ἀνέλαϐεν,
1845 1332 1878 1404 ἢ
1914 1335 2043 1388 ἕλα-

464 1404 586 1469 6εν,
623 1405 654 1475 ἢ
691 1407 1080 1464 ἀνεπλάίτατο
1129 1415 1209 1477 εἰς
1243 1417 1431 1470 ἑαυτὸν
1471 1419 1570 1489 τὴν
1605 1421 1738 1476 ἰδίαν
1773 1426 2040 1500 ὲνανθρὼ-

465 1508 626 1559 πησιν
647 1509 659 1522 ·
698 1494 795 1548 οὐκ
834 1497 942 1550 ἀπὸ
967 1500 1064 1570 τῆς
1102 1501 1299 1569 λέξεως
1331 1509 1476 1578 ἡμᾶς
1503 1510 1702 1584 ταύτης
1735 1517 2035 1588 πτύρουσιν

460 1583 508 1634 οἱ
527 1582 835 1656 βουλόμενοι
856 1591 995 1644 κατὰ
1014 1592 1122 1647 τῶν
1137 1595 1408 1668 ἀκεραίων
1429 1582 1829 1674 ἐπεγείρεσθαι.
1847 1582 2036 1675 Οὕτως

603 1677 800 1748 λέγειν.
843 1684 952 1737 Καὶ
983 1687 1056 1758 μή
1101 1705 1186 1752 τις
1217 1692 1409 1764 νομίσῃ
1446 1694 1750 1751 διαϐάλλειν
1798 1703 1966 1772 ἡμᾶς,
1999 1703 2032 1774 ἢ

2158 515 2457 585 Scriptura;
2486 522 2802 579 testimonio
2843 526 3393 599 nititur:Suscipieus
3433 543 3730 587 mansuetos

2153 606 2410 663 Dominus
2431 612 2471 663 ³.
2498 610 2698 668 Verum
2722 617 2858 671 nihil
2889 619 3182 675 admodum
3219 621 3304 676 his
3338 623 3390 676 in
3419 624 3596 679 verbis
3629 627 3727 680 ad-

2151 697 2440 754 miratione
2469 701 2694 773 dignum
2723 714 2823 772 est,
2847 723 2949 763 nec
2989 710 3099 763 ulla
3139 719 3318 780 potest
3339 713 3394 766 in
3437 729 3502 768 eo
3539 715 3726 771 diver-

2152 788 2289 845 sitas
2321 794 2555 860 ostendi,
2592 797 2738 866 quod
2767 813 2986 854 carnem
3016 800 3280 858 Dominus
3301 814 3395 858 aut
3424 805 3720 875 perfectam

2148 881 2393 938 hominis
2420 895 2672 942 naturam
2709 893 3022 962 suscepisse
3056 893 3292 951 dicatur.
3329 896 3464 952 Nam
3497 914 3529 950 a
3563 901 3723 954 nobis

2145 975 2345 1043 saepius
2406 980 2679 1034 nonnullae
2730 981 3020 1048 dictiones,
3077 985 3393 1055 ὁμωνύμως
3450 1004 3721 1057 usurpan-

2145 1070 2255 1130 tnr,
2281 1066 2427 1120 velut
2457 1067 2560 1122 ista
2591 1078 2724 1122 sunt
2748 1089 2760 1124 :
2786 1069 3087 1142 Suscipiens
3111 1082 3406 1128 mansuetos
3424 1076 3721 1142 Dominus;

2143 1162 2198 1209 et
2224 1175 2236 1210 :
2262 1155 2503 1226 Suscepit
2534 1177 2612 1213 me
2631 1159 2694 1214 de
2717 1163 2957 1231 gregibus
2990 1165 3234 1231 ovium‘;
3264 1167 3390 1220 item
3413 1168 3544 1222 illud
3575 1186 3587 1222 :
3615 1171 3722 1223 As-

2142 1258 2379 1316 sumptus
2408 1259 2505 1314 est,
2537 1261 2586 1305 et
2614 1252 2716 1306 duo
2768 1255 2866 1308 viri
2893 1257 3136 1308 dixerunt
3181 1275 3194 1310 :
3246 1257 3382 1321 Quid
3411 1261 3588 1323 statis,
3620 1262 3718 1314 viri

2145 1337 2399 1397 Galila’i?
2420 1343 2541 1409 Hic,
2569 1345 2658 1413 qui
2684 1358 2983 1416 assumptus
3009 1364 3040 1400 a
3057 1349 3197 1403 vobis
3217 1352 3260 1414 ⁵,
3278 1359 3385 1406 etc.
3406 1351 3516 1406 Nec
3541 1353 3592 1406 in
3621 1355 3716 1406 illo

2141 1434 2451 1487 assumendi
2493 1437 2758 1491 vocabulo
2806 1439 2949 1504 inest
2993 1441 3102 1494 ulla
3152 1443 3417 1505 varietas,
3470 1446 3515 1499 si
3562 1445 3718 1500 dica-

2139 1538 2284 1589 mus,
2316 1527 2625 1595 assumpsit,
2690 1537 2784 1582 aut
2816 1532 3059 1600 sumpsit,
3102 1542 3193 1587 aut
3230 1537 3485 1601 expressit
3530 1537 3720 1592 huma-

2137 1629 2262 1668 nam
2290 1614 2346 1669 in
2384 1631 2509 1673 sese
2532 1631 2810 1675 naturam.
2848 1620 3037 1693 Neque
3067 1625 3168 1679 hac
3202 1627 3416 1694 objecta
3438 1643 3571 1682 voce
3603 1637 3712 1684 ter-

2141 1723 2262 1764 rere
2317 1726 2418 1766 nos
2452 1720 2706 1781 possunt,
2739 1716 2832 1785 qui
2879 1717 3143 1774 adversus
3171 1719 3452 1786 imperitos
3489 1735 3553 1776 ac
3580 1723 3712 1776 sim-

458 1767 827 1838 χλευαστικῶς
866 1774 1043 1843 λέγειν
1084 1780 1212 1850 περί
1241 1782 1340 1852 τῆς
1389 1785 1696 1852 ὑποθέσεως
1729 1790 1933 1862 ταύτης
1964 1793 2019 1846 τὸ

470 1860 635 1879 ,μη
733 1863 898 1879 πμ.
1070 1867 1080 1879 .
1168 1869 1179 1879 .
1309 1871 1362 1879 ..

2452 1767 2470 1781 .
2566 1767 2573 1768 κ
2693 1767 2705 1780 .
2748 1767 2831 1785 ιη
2884 1767 3141 1774 ρ--τ-η-
3171 1767 3451 1786 «ur-mv-
3489 1767 3552 1776 ——
3580 1767 3682 1776 -----

2137 1799 2307 1870 plices
2343 1801 2656 1872 insurgunt.
2692 1803 2928 1860 Omnino
2966 1823 3096 1862 vero
3132 1809 3204 1862 ita
3248 1810 3394 1879 loqui
3431 1811 3707 1867 convenit.

459 1860 699 1930 ῥήματα.
733 1863 999 1929 Πολλάκις
1023 1867 1131 1939 γὰρ
1163 1869 1482 1946 ἐσκεψάμην
1511 1880 1637 1949 περὶ
1674 1879 1862 1932 τούτου
1891 1860 2033 1952 γρά-

459 1966 612 2016 φειν’
640 1950 726 2004 ἵνα
761 1954 832 2023 μή
862 1971 945 2018 τις
989 1957 1183 2030 νομίσῃ
1213 1960 1359 2030 ἡμᾶς
1409 1965 1529 2015 κατ’
1561 1964 1758 2036 ἔχθραν
1793 1971 1913 2022 κατ’
1933 1950 2032 2025 αὑ-

453 2041 548 2093 τοῦ
583 2043 986 2116 ἐπεγείρεσθαι.
1034 2049 1196 2102 Οὐδὲν
1239 2051 1346 2124 γὰρ
1383 2055 1530 2132 ἡμᾶς
1567 2057 1740 2122 οὐδεὶς
1779 2060 2027 2132 ἔϐλαψεν,

451 2133 527 2197 ὡς
551 2135 691 2188 κατὰ
719 2136 778 2188 τὸ
798 2137 1134 2210 ἀνθρώπινον
1154 2141 1315 2211 λέγω,
1342 2145 1462 2198 οὐδὲ
1491 2128 1558 2199 τά
1579 2148 1735 2218 ἡμῶν
1763 2153 1819 2203 ἐν
1840 2128 2028 2226 κόσμῳ

453 2224 797 2294 ἀφήρπασεν.
835 2228 1208 2300 Σκεπτόμενος
1239 2233 1294 2285 δὲ
1324 2235 1416 2287 τοῦ
1447 2237 1520 2308 μὴ
1565 2240 1818 2309 γράφειν,
1854 2224 2026 2313 ὴναγλ-

450 2320 659 2392 κάσθην
700 2322 790 2374 ὑπ’
816 2323 985 2394 αὐτῆς
1015 2325 1116 2396 τῆς
1142 2327 1419 2398 ἀληθείας,
1449 2331 1535 2384 ἴνα
1561 2333 1634 2405 μὴ
1661 2335 1675 2364 ¹
1709 2337 2026 2408 παραλείψω

447 2410 557 2465 τῶν
587 2413 735 2483 παρὰ
757 2414 853 2485 τὴν
883 2415 1063 2470 πίστιν
1090 2435 1143 2472 τι
1170 2426 1592 2494 πεφρονηκότων
1615 2447 1629 2459 ο
1658 2426 1733 2491 ὼς
1761 2431 1853 2482 καὶ
1876 2431 2027 2484 ὑστε-

448 2519 541 2574 ρον
591 2505 640 2566 9!
679 2505 950 2573 θεοσεϐεῖς
988 2510 1301 2582 ἐντυχόντες
1343 2516 1756 2584 ὲπιγνώσονται,
1802 2521 1884 2574 ὅτι
1926 2525 2025 2598 οὑχ

445 2593 607 2649 ἕνεκα
657 2597 816 2668 ζήλου
869 2603 1134 2672 κοσμικοῦ
1184 2607 1313 2676 ἡμῖν
1362 2609 1390 2660 6
1437 2608 1611 2678 λόγος.
1660 2613 1875 2668 Μᾶλλον
1913 2593 2022 2688 γὰρ

443 2688 644 2756 ὠφελεῖ
690 2693 836 2762 ἡμᾶς
869 2695 898 2746 6
935 2695 1073 2767 ἀνὴρ
1097 2697 1165 2751 τὰ
1213 2699 1442 2768 μέγιστα
1482 2702 1591 2756 τῶν
1629 2706 1772 2759 κατὰ
1819 2708 2021 2780 κόσμον

445 2783 538 2835 καὶ
587 2784 729 2838 κατὰ
781 2787 880 2858 τὴν
928 2788 1167 2860 ἀγάπην,
1205 2792 1362 2863 εἴπερ
1399 2795 1714 2866 όμοφρὸνως
1759 2802 1825 2870 τῇ
1888 2802 2020 2874 ἁγίᾳ

442 2873 578 2926 Θεοῦ
626 2877 920 2950 Ἐκκλησία
968 2880 1108 2934 κατὰ
1155 2882 1332 2938 πάντα
1375 2890 1486 2950 τοῖς
1527 2891 1659 2941 πᾶσι
1694 2892 2016 2960 συνετίθετο,

443 2968 534 3020 καὶ
577 2968 652 3040 μὴ
681 2969 831 3035 ξένον
871 2988 923 3023 τι
949 2976 1326 3045 παρεισήγαγε
1371 2979 1542 3049 ῥῆμα.
1577 2982 1733 3034 Ἤτοι
1763 2979 1854 3037 οὗν
1884 2986 2016 3057 παρ’

2132 1890 2211 1946 Ac
2256 1907 2324 1947 ne
2369 1893 2496 1962 quis
2535 1895 2865 1951 calumniari
2902 1913 2988 1953 me
3035 1907 3210 1969 putet,
3260 1909 3354 1955 aut
3399 1902 3711 1958 istiusmodi

2132 1985 2418 2040 vocabulis
2471 1986 2527 2040 in
2569 2002 2635 2041 eo
2683 2000 3008 2059 argumento
3051 1993 3320 2061 cavillari,
3363 1995 3524 2049 velim
3574 1993 3711 2050 illud

2131 2089 2322 2130 omnes
2366 2077 2698 2149 intelligant,
2739 2079 2835 2134 diu
2863 2096 2987 2146 nos,
3023 2091 3314 2153 antequam
3344 2099 3407 2138 ea
3437 2085 3710 2139 scribere-

2128 2183 2274 2230 mus,
2308 2170 2653 2241 mullumque
2681 2173 3018 2231 deliberasse
3045 2193 3058 2231 :
3090 2191 3158 2232 ne
3182 2177 3306 2246 quis
3337 2177 3568 2234 fortasse
3605 2193 3705 2248 per

2129 2260 2464 2316 simultatem
2488 2264 2536 2317 ei
2563 2279 2666 2320 nos
2686 2265 2985 2323 insultasse
3007 2268 3278 2325 crederet.
3309 2269 3474 2339 Atqui
3497 2271 3704 2324 nullam

2127 2352 2232 2408 iste
2261 2355 2443 2420 nobis,
2483 2364 2542 2410 ut
2577 2357 2825 2413 humano
2853 2375 3004 2415 more
3048 2361 3264 2432 loquar,
3295 2361 3551 2430 injuriam
3595 2363 3707 2416 im-

2125 2446 2346 2514 posuit;
2384 2463 2484 2502 nec
2515 2464 2640 2518 quae
2679 2449 2735 2503 in
2764 2449 2872 2506 hoc
2901 2452 3106 2506 mundo
3141 2453 3558 2521 possidebamus
3594 2453 3708 2508 eri-

2125 2537 2264 2606 puit.
2302 2536 2408 2592 Sed
2458 2554 2584 2593 cum
2625 2540 2680 2594 in
2714 2541 2806 2595 illa
2844 2541 3240 2598 deliberatione
3266 2545 3332 2598 de
3360 2543 3446 2597 his
3479 2551 3706 2614 praeter-

2123 2625 2404 2682 mittendis
2445 2632 2778 2698 cogitarem,
2827 2644 2858 2684 a
2905 2631 3137 2688 veritate
3179 2630 3394 2704 1014
3422 2633 3538 2702 ipsa
3582 2647 3703 2686 sum

2122 2726 2376 2784 coactus,
2407 2734 2474 2774 ne
2497 2736 2829 2791 quemquam
2848 2737 3038 2778 eorum
3067 2725 3431 2796 praeterirem,
3452 2725 3544 2795 qui
3569 2738 3704 2780 con-

2122 2814 2206 2861 tra
2237 2808 2395 2864 tidem
2431 2812 2635 2881 aliquid
2671 2815 2994 2870 sensissent.
3019 2814 3130 2871 Nec
3164 2815 3379 2881 dubito,
3413 2817 3543 2886 quin
3577 2814 3703 2886 pius

2119 2899 2295 2954 lector
2320 2901 2475 2958 facile
2505 2904 2640 2959 illud
2680 2915 2986 2976 agnoscat,
3024 2908 3174 2961 nulla
3212 2923 3277 2963 ex
3320 2908 3484 2977 hujus
3511 2905 3698 2961 mundi

2119 2995 2347 3064 prepria
2385 2997 2737 3052 mmulatione
2767 3013 3076 3053 sermonem
3109 2999 3264 3053 illum
3294 3006 3542 3052 nostrum
3571 3012 3696 3053 esse

441 3060 610 3132 αὐτῷ,
647 3062 678 3133 ἢ
725 3066 837 3126 τοῖς
873 3067 1004 3135 παρ’
1047 3067 1211 3120 αὐτοῦ
1255 3071 1760 3143 μεμαθητευμένοις
1793 3078 1821 3129 6
1862 3077 2016 3147 λόγος

442 3153 612 3179 ΖἩἻ-.-
639 3155 926 3179 ..--.ε----.--
957 3157 1038 3179 94L
1068 3157 1155 3179 __!",'
1189 3177 1234 3179 ω,
1310 3161 1322 3176 ρ
1535 3166 1546 3179 ι
1825 3169 1836 3179 ι

2123 3060 2444 3154 proiectum.
2483 3086 2619 3141 Nam
2651 3105 2682 3144 e
2723 3091 3000 3144 contrario
3031 3091 3203 3144 multo
3242 3091 3365 3161 plus
3395 3091 3486 3146 ille
3513 3091 3694 3155 nobis,

437 3153 612 3218 ἄλλως
639 3155 926 3227 νοούμενος
951 3157 1040 3211 διὰ
1063 3157 1157 3212 τοῦ
1183 3161 1421 3217 τοιούτου
1455 3166 1728 3236 σχήματος
1753 3169 1847 3222 καὶ
1876 3187 2013 3240 προ-

437 3247 655 3315 φάσεως
683 3252 740 3303 ἐν
766 3251 982 3323 παρόδῳ
1006 3253 1212 3325 ᾅδεται,
1245 3256 1344 3308 οὐκ
1375 3256 1483 3327 ἔχω
1512 3257 1710 3327 λέγειν.
1746 3261 2014 3330 Πολλάκις

434 3337 492 3391 δὲ
515 3339 889 3412 διενοήθημεν,
919 3345 1013 3398 καὶ
1034 3345 1329 3418 ἔκπληκτοι
1355 3350 1682 3422 γεγόναμεν,
1715 3354 1796 3407 ὅτι
1828 3354 2016 3410 ἕνεκεν

433 3429 527 3483 τοῦ
556 3431 716 3501 λόγου
746 3433 938 3488 τούτου
970 3439 1002 3508 ἡ
1034 3437 1281 3502 ἔνστασις
1304 3441 1402 3511 τῆς
1432 3442 1762 3511 φιλονεικίας
1794 3449 1887 3501 καὶ
1918 3449 2013 3503 τοῦ

433 3519 646 3587 ἀγῶνος
677 3523 782 3586 ἕως
819 3525 1050 3579 θανάτου
1083 3529 1211 3600 παρ’
1240 3530 1418 3584 αὐτῶν
1455 3533 1770 3590 ὲκδικεῖται.
1806 3538 1918 3592 Καὶ
1949 3541 2014 3594 ἐκ

432 3613 622 3668 τούτου
665 3614 932 3687 ἔγνωμεν,
963 3618 1042 3672 ὅτι
1073 3619 1210 3689 τάχα
1253 3623 1609 3697 περιττοτέρᾳ
1651 3627 1756 3682 τινὶ
1787 3628 2012 3704 ὑπονοίᾳ

432 3707 561 3777 παρ’
588 3707 770 3771 αὐτοῖς
806 3711 834 3762 ὁ
855 3707 1010 3777 λόγος
1039 3709 1244 3780 ᾄδεται.

2120 3177 2265 3246 quod
2303 3177 2370 3232 ad
2397 3188 2652 3234 externas
2679 3179 2998 3249 disciplinas
3039 3189 3094 3236 et
3121 3181 3446 3235 charitatem
3478 3181 3697 3247 attinet,

2115 3267 2378 3323 utilitatis
2419 3267 2661 3335 afferret,
2691 3270 2737 3325 si
2767 3287 2892 3325 cum
2924 3278 3116 3326 sancta
3154 3271 3246 3327 Dei
3290 3271 3535 3326 Ecclesia
3565 3285 3699 3327 con-

2114 3359 2359 3414 corditer
2387 3361 2441 3414 in
2479 3362 2737 3417 omnibus
2760 3363 3081 3418 consentire
3109 3363 3290 3428 vellet,
3324 3377 3425 3418 nec
3453 3363 3699 3433 peregri—

2112 3467 2244 3506 num
2275 3453 2481 3523 aliquid
2509 3462 2564 3508 et
2610 3453 2919 3508 inauditum
2951 3454 3250 3509 inveberct.
3287 3452 3415 3509 Sive
3440 3454 3606 3524 igitur
3627 3453 3698 3507 ab

2123 3544 2216 3598 illo
2245 3545 2534 3614 jactatum,
2570 3547 2685 3602 sive
2713 3548 2781 3602 ab
2819 3548 2940 3616 ejus
2983 3547 3269 3617 discipulis
3313 3547 3472 3600 aliter
3516 3546 3689 3600 inter-

2113 3644 2382 3706 pretatum
2414 3636 2611 3708 dogma
2661 3639 2765 3694 sub
2790 3638 3058 3709 ejusmodi
3086 3640 3265 3710 specie
3293 3654 3356 3694 ac
3395 3647 3682 3708 praetextu.

2107 3727 2259 3781 velut
2292 3727 2363 3781 ab
2401 3728 2550 3782 aliud
2592 3730 2880 3800 agentibus
2925 3730 3217 3796 occinitur,
3274 3731 3342 3786 de
3387 3743 3498 3800 quo
3554 3726 3689 3782 certi

432 3798 566 3852 nihil
598 3799 867 3855 allirmare
913 3817 1156 3871 possum.
1190 3803 1324 3862 lllud
1373 3806 1592 3876 quidem
1653 3825 1797 3881 saepe
1851 3812 2033 3869 animo
2077 3819 2436 3887 versavimus,
2476 3835 2542 3875 ac
2575 3798 2838 3891 majorem
2871 3822 2923 3876 in
2979 3824 3198 3878 modum
3255 3822 3685 3893 obstupuimus,

432 3890 582 3946 hisce
611 3891 665 3945 in
693 3893 1044 3962 opinionibus
1079 3900 1487 3968 propugnandis
1545 3908 1696 3958 tanta
1727 3904 1850 3960 illos
1891 3921 2014 3960 cum
2053 3911 2221 3965 animi
2263 3913 2614 3967 contentione
2641 3890 2706 3969 ac
2725 3914 3002 3985 pugnandi
3050 3913 3274 3969 libidine
3294 3914 3376 3969 vel
3419 3890 3490 3967 ad
3545 3925 3692 3966 mor-

429 3993 535 4042 tem
573 4002 747 4058 usque
777 3989 1118 4058 pertinaciter
1162 3993 1434 4049 insistere.
1472 3993 1553 4050 Ex
1602 4013 1711 4068 quo
1770 4001 2038 4070 suspicari
2085 4004 2218 4059 illud
2255 4007 2515 4074 occurrit,
2556 4023 2624 4062 ex
2679 4008 2785 4063 alio
2837 4009 3068 4078 quodam
3115 4009 3478 4064 reconditiore
3524 4021 3691 4062 sensu

429 4081 742 4150 opinionem
775 4083 922 4136 illam
945 4098 1070 4139 esse
1106 4085 1418 4141 deductam.

497 4175 582 4229 K'.
617 4175 786 4229 Ὅταν
818 4175 927 4249 γὰρ
974 4178 1254 4250 ἐρωτήσῃς
1289 4180 1442 4244 τινὰς
1482 4181 1541 4247 ἐξ
1586 4184 1782 4247 αὐτῶν,
1815 4184 2003 4254 διαφό-

429 4284 538 4338 ρως
585 4267 680 4338 μὲν
721 4270 770 4320 οἱ
808 4269 1009 4334 πάντες
1055 4271 1474 4341 ἀναγγέλλουσι·
1509 4276 1656 4341 τινὲς
1697 4277 1752 4331 δὲ
1783 4279 2001 4348 λέγουσι

429 4357 504 4428 μὴ
528 4358 740 4411 τελείαν
764 4359 1042 4431 εἰληφέναι
1060 4362 1150 4416 τὸν
1173 4363 1374 4434 Κύριον
1405 4367 1834 4441 ὲνανθρώπησιν,
1863 4369 1999 4440 μηδὲ

2182 4183 2297 4238 XX.
2322 4183 2458 4238 Nam
2495 4199 2620 4239 cum
2653 4198 2844 4240 eorum
2877 4183 3094 4254 aliquos
3121 4182 3569 4254 interrogaveris,
3596 4204 3688 4240 va-

2107 4276 2206 4332 riis
2254 4277 2333 4331 illi
2382 4277 2561 4332 modis
2603 4277 2935 4347 respondere
2963 4275 3178 4341 solent;
3227 4290 3331 4331 nec
3363 4277 3563 4333 desunt
3594 4283 3686 4351 qui

2107 4353 2410 4439 perfectam
2443 4368 2682 4424 hominis
2715 4359 2969 4422 naturam
2995 4367 3287 4422 Dominum
3315 4371 3686 4440 assumpsisse

425 4450 629 4506 τέλειον
654 4452 815 4505 αὑτὸν
849 4453 1128 4522 γεγονέναι
1159 4455 1464 4527 ἄνθρωπον.
1507 4459 1722 4530 Ἐπειδὴ
1754 4461 1812 4514 δὲ
1841 4461 2000 4516 τοῦτο

2123 4469 2303 4532 legent
2328 4475 2392 4515 ac
2427 4460 2730 4530 perfectum
2762 4460 3035 4514 hominem
3075 4461 3377 4516 exstitisse.
3404 4460 3562 4528 Quod
3587 4478 3684 4517 au-

425 4542 655 4611 φευκτὸν
708 4543 918 4612 ἐγίνετο
964 4546 1198 4610 πολλοῖς,
1243 4547 1427 4601 λοιπὸν
1471 4548 1696 4620 ὕστερον
1748 4554 2001 4625 εἰρωνείᾳ

424 4633 738 4706 ἐκέχρηντο,
760 4635 835 4699 ὡς
860 4635 984 4689 ὕστε
995 4655 1083 4709 ρον
1105 4640 1170 4692 ὲκ
1192 4639 1285 4692 τοῦ
1316 4641 1579 4712 στόματος
1606 4642 1769 4696 αὐτοῦ
1799 4647 1820 4676 ³
1843 4646 2002 4717 ἀκρι-

423 4723 533 4789 ϐῶς
572 4726 993 4798 μεμαθήκαμεν.
1039 4730 1161 4783 Ἐπὶ
1199 4731 1297 4800 τῆς
1339 4731 1654 4803 Ἀντιοχέων
1699 4733 1809 4806 γάρ
1845 4735 1999 4803 γενό-

425 4835 596 4889 μενοι,
625 4821 737 4882 τοῖς
757 4819 1084 4891 ἀκραίμοσιν
1113 4823 1291 4876 αὑτῶν
1316 4825 1808 4896 συντετυχήκαμεν,
1835 4826 1893 4879 ὲν
1915 4821 1999 4891 οἷς

421 4908 516 4962 καὶ
545 4907 790 4973 Βιτάλιος
822 4911 850 4962 ὁ
891 4910 1186 4975 ἐπίσκοπος
1220 4912 1331 4983 (94)
1368 4913 1634 4984 ὑπῆρχεν,
1673 4913 2000 4968 εύλαϐέστα-

420 5018 511 5064 τος
526 5002 664 5073 ἀνὴρ
684 5002 762 5074 τῷ
791 5000 889 5072 βίῳ
915 5004 1010 5056 καὶ
1041 5006 1104 5074 τῇ
1136 5004 1487 5070 καταστάσει,
1516 5007 1609 5056 καὶ
1629 5008 1694 5075 τῇ
1727 5004 1991 5077 πολιτείᾳ.

432 5093 719 5164 Ἐλέγομεν
767 5093 826 5146 δὲ
873 5093 1351 5164 συμϐουλεύοντες,
1406 5096 1501 5148 καὶ
1551 5094 1995 5167 παρακαλοῦντες

422 5186 883 5258 συμφωνῆσαιτῇ
931 5187 1112 5241 πίστει
1150 5187 1251 5258 τῆς
1299 5187 1458 5256 ἁγίας
1504 5187 1849 5260 Ἐκκλησίας,
1901 5187 1995 5242 καὶ

2104 4564 2210 4608 tem
2247 4554 2317 4608 ab
2351 4568 2416 4609 eo
2463 4553 2776 4623 complures
2815 4552 3213 4618 abhorrebant,
3245 4555 3687 4612 dissimulatione

2103 4642 2299 4696 deinde
2316 4642 2393 4697 uti
2424 4651 2728 4712 cmperunt,
2758 4641 2808 4697 id
2837 4642 2985 4713 quod
3011 4657 3112 4697 nos
3133 4658 3200 4698 ex
3230 4643 3447 4699 illorum
3474 4661 3682 4701 sermo-

2103 4731 2268 4787 nibus
2291 4740 2549 4787 accurate
2566 4741 2762 4802 postea
2789 4731 3172 4802 cognovimus.
3210 4731 3348 4786 Nam
3372 4749 3499 4788 eum
3530 4750 3680 4791 esse-

2103 4838 2226 4878 mus
2271 4822 2596 4888 Antiochiae,
2651 4823 2707 4878 in
2759 4825 3050 4894 primarios
3091 4825 3311 4879 illorum
3364 4826 3677 4892 incidimus,

2104 4913 2247 4969 inter
2273 4928 2413 4984 quos
2451 4922 2570 4968 erat
2604 4911 2802 4969 Vitalis
2844 4914 3164 4985 episcopus,
3207 4913 3373 4968 homo
3406 4915 3538 4980 vita,
3571 4930 3677 4970 mo-

2102 5005 2254 5060 ribus
2286 5014 2340 5060 et
2371 5005 2624 5062 instituto
2666 5005 3138 5077 religiosissimus.
3182 5006 3262 5061 Ac
3288 5020 3414 5060 cum
3458 5021 3674 5076 magno-

2100 5113 2228 5168 pere
2258 5098 2410 5152 illum
2443 5100 2862 5156 adhortaremur
2901 5111 2956 5156 et
2997 5109 3255 5156 auctores
3301 5116 3552 5157 essemus
3618 5113 3674 5158 ut

2098 5202 2226 5244 cum
2259 5188 2518 5246 Ecclesia:
2557 5193 2843 5249 catholicae
2886 5192 2991 5248 ﬁde
3033 5194 3398 5260 consentiret,
3435 5209 3503 5249 ac
3539 5209 3671 5250 con-

493 5340 509 5370 ¹
545 5340 606 5398 F.
642 5342 867 5413 μηδένα.
943 5344 962 5373 ²
988 5342 1051 5396 F.
1090 5343 1288 5396 αὐτῶν.
1368 5343 1388 5375 ³
1426 5342 1570 5398 Psal.
1602 5359 1748 5408 XLVI,
1771 5344 1823 5400 6.
1899 5344 1922 5377 ⁵
1958 5343 2019 5400 Ps

2136 5360 2343 5414 Lxxvn,
2373 5347 2461 5402 70.
2537 5346 2560 5379 ⁸
2589 5349 2713 5403 Act.
2740 5364 2780 5416 ι,
2810 5347 2865 5413 9,
2902 5348 2990 5403 ιο.
3023 5371 3028 5375 ·

487 5454 600 5524 (94)
642 5458 747 5508 Ἐν
797 5450 888 5521 οἷς
929 5456 1026 5510 καὶ
1099 5456 1374 5523 Βιτάλιος
1425 5461 1457 5512 ό
1492 5459 1844 5524 ἐπίσκοπος.
1885 5456 1985 5513 Hic

415 5535 498 5609 est
533 5523 744 5609 Yitalis.
765 5527 862 5608 ille.
896 5526 1094 5582 Meletii
1124 5529 1450 5609 Antiocheni
1497 5523 1982 5609 presbyter,qui'_a

416 5595 680 5669 Flaviano
710 5596 1027 5669 desciscens
1058 5613 1117 5652 se
1147 5598 1214 5652 ad
1251 5595 1615 5668 Apollinarem
1648 5595 1981 5669 aggregavit,

415 5676 490 5730 et,
521 5667 665 5740 quod
700 5665 908 5740 insigni
941 5669 1142 5740 pietate
1181 5665 1442 5740 praeditus
1479 5677 1641 5734 esset,
1684 5665 1982 5740 plerosque

417 5737 667 5795 eumdem
697 5736 752 5792 in
779 5753 1018 5795 errorem
1044 5736 1275 5810 impulit.
1304 5739 1501 5796 Postea
1531 5755 1656 5797 vero
1682 5736 1842 5798 secta:
1869 5736 1982 5799 sum

2094 5461 2388 5530 episc0pus
2433 5468 2518 5516 est
2555 5459 2754 5517 factus.
2791 5459 2868 5516 De
2907 5476 3015 5530 quo
3067 5458 3404 5530 Sozomenus
3446 5459 3541 5514 lib.
3585 5478 3664 5522 vr.

2141 5529 2226 5585 ide
2255 5529 2308 5586 et
2336 5529 2652 5601 Gregorium
2671 5529 3086 5586 Nazianzmrat.
3119 5532 3187 5586 52
3212 5529 3280 5584 ad
3313 5530 3622 5584 Cledonium
3647 5582 3664 5601 ο

2091 5601 2183 5681 ubi
2215 5608 2286 5727 eti
2308 5601 2471 5725 huju‘s
2511 5609 2565 5658 et
2628 5601 3145 5674 Apollinaristarum
3192 5600 3436 5659 omnium
3467 5600 3658 5657 versu;

2091 5680 2218 5727 tiam
2290 5679 2425 5727 etem
2459 5713 2472 5727 .

2091 5679 2218 5727 tiam
2253 5679 2472 5744 detegit.
