4134 6392
423 330 524 388 671

1833 335 1890 391 S.
1933 332 2277 390 EPIPIIANII

3602 327 3704 385 672

425 443 718 500 tentiosam
753 443 900 500 illam
931 459 1124 500 vocem
1157 451 1622 516 praetermitteru,
1671 447 1738 502 ad
1775 447 1887 504 haec
1938 449 2010 504 ita

2130 448 2276 504 ἐάσαι
2327 445 2386 498 τὸ
2443 443 2742 514 φιλόνεικον
2795 443 2966 514 ῥῆμα.
3027 443 3068 496 0
3116 439 3173 494 δὲ
3225 438 3469 504 Βιτάλιος
3511 439 3694 510 ἐλεγε’

426 535 623 593 Vitalis
652 538 1016 594 occurrebat:
1044 537 1188 604 Quid
1217 547 1324 602 est,
1359 539 1562 609 inquit,
1593 549 2011 596 controversum

427 630 575 688 inter
629 645 733 686 nos
761 638 815 686 et
846 629 1205 700 ambiguum?
1251 631 1504 686 Habebat
1540 643 1720 687 autem
1763 635 2014 688 nonnihil

426 737 550 777 cum
583 720 814 777 Paulino
844 723 1106 794 episcopo
1145 723 1404 794 religioso
1431 733 1598 794 atque
1627 727 1847 796 egregio
1895 727 2014 780 viro

427 813 740 878 discordiae,
771 814 1125 886 vicissimque
1151 813 1414 872 Paulinus
1437 833 1466 870 a
1491 815 1678 880 Vitali,
1711 833 1872 887 quem
1900 827 2014 872 tum

428 906 844 970 accersivimus,
887 905 1217 960 dissidebat.
1255 905 1406 973 Quos
1439 908 1660 978 quidem
1708 908 1854 963 inter
1895 925 2017 965 sese

427 999 725 1054 conciliare
751 997 1067 1054 studuimus
1105 1017 1117 1053 :
1169 1000 1331 1054 ambo
1379 1001 1524 1056 enim
1555 1015 1680 1054 cum
1713 1011 1918 1055 rectam
1953 1017 2018 1056 ac

430 1089 702 1145 sinceram
730 1087 890 1144 Iidem
921 1089 1166 1160 proﬁteri
1190 1089 1530 1158 viderentur,
1551 1092 1722 1146 certis
1747 1092 1814 1146 de
1833 1092 2018 1147 causis

431 1195 460 1234 a
499 1197 558 1235 se
587 1191 778 1236 mutuo
807 1181 1212 1237 dissentiebant
1244 1203 1256 1238 :
1285 1197 1412 1236 nam
1441 1181 1638 1240 Vitalis
1663 1183 1894 1239 Paulino
1917 1185 2019 1238 Sa-

432 1273 650 1328 belliani
683 1274 976 1344 quamdam
1002 1273 1275 1345 dogmatis
1297 1291 1487 1332 vocem
1522 1277 1835 1340 objiciebat.
1861 1276 2020 1332 Unde

431 1381 558 1420 cum
600 1381 666 1420 eo
697 1381 800 1420 nos
833 1367 1298 1433 accessissemus,
1334 1368 1403 1422 ab
1437 1369 1688 1423 absoluta
1724 1385 1848 1423 cum
1877 1368 2020 1424 Pau-

430 1457 544 1512 lino
573 1457 964 1514 communione
990 1461 1439 1528 temperavimus,
1474 1459 1650 1515 donec
1681 1463 1863 1515 oblata
1897 1462 2020 1516 fidei

429 1548 806 1620 professione,
837 1565 1000 1618 quam
1049 1553 1259 1622 scripto
1299 1555 1826 1622 comprehenderat,
1871 1555 2020 1608 aliud

431 1641 746 1710 persuasit:
784 1655 946 1710 quam
977 1641 1200 1710 quidem
1249 1640 1647 1712 professionem
1687 1644 1898 1716 1015
1929 1661 2022 1700 as-

432 1732 692 1785 sensione
715 1745 816 1786 sua
849 1731 1206 1786 conﬁrmarat
1240 1741 1421 1796 antea,
1459 1750 1582 1788 cum
1617 1751 1675 1790 se
1703 1737 1846 1806 apud
1886 1737 2015 1790 bea-

2116 541 2182 594 Τί
2237 541 2349 610 γάρ
2401 538 2514 590 ἐστι
2561 535 2622 590 τὸ
2663 533 2934 604 ἁναμέσον
2979 533 3168 604 ήμῶν;
3225 528 3354 602 Εἶχε
3407 530 3516 602 γὰρ
3547 527 3700 596 οὑτοι,

2116 633 2398 687 διάστασιν
2435 629 2572 701 πρὸς
2619 627 2899 698 αἰδέσιμόν
2934 643 3056 680 τινα
3079 625 3250 696 ἄνδρα
3285 625 3378 678 καὶ
3411 623 3702 694 ἐπίσημον,

2118 723 2384 778 Παυλῖνον
2411 721 2500 774 τὸν
2529 719 2848 780 ἐπίσκοπον,
2881 718 2975 770 καὶ
2999 715 3262 779 Παυλῖνος
3285 715 3421 786 πρὸς
3442 715 3531 768 τὸν
3553 717 3704 785 εἰρη-

2123 818 2284 886 μένον
2313 813 2581 874 Βιτὰλιον,
2615 811 2703 881 ὑφ’
2739 809 2894 882 ἡμῶν
2923 807 3351 880 μετακληθέντα.
3383 805 3704 877 Βουλόμενοι

2118 909 2298 962 τοίνυν
2337 905 2680 978 ἀμφοτέρους
2711 905 2789 966 είς
2817 903 3038 974 εἰρήνην
3069 899 3434 970 συμϐιϐάσαι·
3469 898 3706 970 ἀμφότε-

2123 1017 2204 1070 ροι
2234 998 2342 1069 γὰρ
2366 997 2582 1051 ἐδόκουν
2602 993 2882 1066 ὀρθόδοξον
2907 993 3091 1046 πίστιν
3119 990 3428 1062 κηρύττειν,
3453 989 3547 1044 καὶ
3577 989 3708 1044 ἕκα-

2123 1107 2246 1154 στος
2290 1090 2572 1144 διάστασιν
2612 1085 2726 1158 εἶχε
2768 1087 2858 1140 διὰ
2889 1103 3010 1140 τινα
3055 1083 3362 1156 πρόφασιν·
3389 1086 3418 1138 ὁ
3465 1085 3564 1153 μὲν
3598 1081 3708 1155 γὰρ

2123 1180 2370 1244 unane;
2402 1179 2656 1248 Παυλίνῳ
2682 1177 2970 1248 ἐπέφερεν,
3001 1175 3078 1238 ὡς
3116 1173 3243 1248 περὶ
3267 1173 3558 1228 Σαϐελλίου
3591 1173 3707 1227 ὀνό-

2127 1291 2296 1345 ματος
2323 1273 2494 1344 ῥῆμα.
2527 1272 2639 1336 Διὸ,
2665 1271 2974 1340 γενομένων
2999 1267 3174 1339 ἡμῶν,
3209 1267 3585 1337 ἐπεσχέθημεν
3607 1263 3708 1334 τῆς

2123 1365 2262 1437 πρὸς
2295 1365 2386 1418 τὸν
2427 1364 2690 1418 Παυλῖνον
2711 1363 2921 1426 τελείας
2970 1360 3276 1422 κοινωνίας,
3303 1359 3408 1422 ἕως
3445 1359 3536 1411 ὅτε
3571 1372 3706 1429 μετα

2123 1457 2394 1518 ἐκθέσεως
2420 1457 2567 1527 ἡμᾶς
2612 1455 2892 1527 ἐγγράφου
2929 1453 3146 1506 ἔπεισεν
3167 1469 3179 1482 ·
3217 1445 3284 1522 ἦς
3311 1451 3412 1521 ἥδη
3444 1450 3708 1521 πρότερον

2123 1547 2421 1614 ἀπολογίας
2469 1545 2630 1616 χάριν
2695 1543 2834 1616 πρὸς
2876 1541 2967 1596 τὸν
3023 1541 3334 1613 μακαρίτην
3395 1539 3709 1592 Ἀθανάσιον

2126 1638 2422 1708 ἐποιήσατο
2467 1637 2566 1706 τὴν
2601 1633 3022 1703 συγκατάθεσιν.
3069 1633 3419 1703 Προσήνεγκε
3465 1629 3574 1702 γὰρ
3616 1631 3710 1685 καὶ

2125 1728 2399 1780 ἐπέδωκεν
2427 1729 2560 1798 ἡμῖν
2603 1726 2808 1795 ταύτης
2839 1723 2898 1776 τὸ
2937 1723 3269 1792 ἀντίγραφον
3319 1719 3436 1790 μεθ’
3470 1719 3710 1792 ὑπογρα-

433 1831 546 1876 tum
564 1821 928 1878 Athanasium
957 1831 1239 1894 purgaret.
1272 1823 1631 1898 lIujusigitur
1662 1829 1820 1884 nobis
1843 1844 2020 1883 exem-

2130 1825 2232 1893 φῆς
2269 1819 2456 1888 σαφῶς
2507 1819 2635 1890 περὶ
2691 1817 2921 1888 Τριάδος
2953 1815 3072 1885 ἔχον
3111 1812 3270 1884 ὁμοῦ,
3307 1815 3400 1868 καὶ
3445 1814 3573 1884 περὶ
3620 1812 3710 1866 νοῦ

433 1916 613 1988 plum,
654 1917 742 1970 cui
787 1917 1229 1987 subscripserat,
1263 1919 1461 1972 obtulit
1505 1937 1517 1972 :
1569 1920 1622 1973 in
1668 1936 1778 1990 quo
1829 1936 2019 1974 sacro-

433 2013 638 2062 sancta:
677 2005 963 2062 Trinitatis
993 2022 1057 2060 ac
1083 2009 1304 2071 mentis,
1337 2023 1458 2078 quae
1486 2009 1540 2062 in
1561 2009 1798 2064 humana
1817 2008 2023 2066 Christi

433 2105 629 2150 natura
661 2095 826 2159 inest,
861 2099 1194 2152 mentionem
1223 2107 1573 2168 expresserat
1607 2117 1620 2152 :
1663 2109 1892 2170 eratque
1929 2103 2022 2157 illa

430 2189 550 2258 ipsa
581 2187 878 2242 beatissimi
901 2187 1079 2244 Patris
1107 2191 1282 2244 nostri
1302 2191 1585 2244 Athanasii
1609 2207 1771 2246 manu
1792 2193 2020 2264 scripta.

434 2279 586 2335 IIanc
619 2295 719 2335 nos
749 2281 1148 2351 subjiciendam
1189 2283 1293 2338 hoc
1327 2283 1446 2338 loco
1475 2286 1806 2354 putavimus.

435 2393 752 2462 Exemplum
791 2395 1136 2464 professionis
1165 2395 1312 2464 ﬁdei,
1334 2413 1494 2466 quant
1527 2395 1788 2452 Paulinus
1822 2399 2024 2466 episco—

757 2482 856 2536 pus
885 2483 983 2520 sua
1016 2483 1176 2520 manu
1212 2469 1462 2535 scriptam
1495 2467 1704 2522 obtulit.

505 2575 650 2632 XXI.
691 2577 804 2652 Ego
831 2578 1096 2635 Paulinus
1143 2581 1225 2636 sic
1259 2581 1466 2644 sentio,
1500 2583 1960 2652 quemadmodum
1993 2599 2024 2638 a

433 2667 688 2726 Patribus
719 2673 902 2742 accepi
950 2691 962 2727 :
1005 2671 1138 2730 Esse
1169 2682 1222 2729 et
1263 2675 1570 2730 subsistere
1596 2677 1896 2745 perfectum
1925 2676 2024 2730 Pa-

433 2775 596 2827 trem,
629 2775 682 2820 et
711 2765 1012 2820 subsistere
1039 2765 1339 2836 perfectum
1372 2765 1593 2830 Filium,
1624 2777 1678 2822 et
1721 2770 2024 2824 subsistere

434 2855 674 2926 denique
707 2857 1012 2926 perlectum
1046 2855 1310 2927 Spiritum
1345 2867 1620 2913 sanctum.
1655 2859 1835 2925 Quare
1876 2869 1929 2914 et
1959 2861 2022 2913 il-

437 2949 545 3002 lam
587 2947 751 3002 trium
786 2947 1178 3019 hyposlaseon,
1229 2957 1284 3002 et
1319 2949 1486 3006 unius
1527 2950 1867 3020 hypostasis,
1909 2952 2026 3007 sive

437 3039 761 3095 substantiae
805 3041 1319 3113 interpretationem
1367 3058 1492 3096 cum
1533 3043 1601 3098 iis
1649 3043 1743 3113 qui
1791 3045 1864 3096 ita
1900 3059 2026 3098 sen-

436 3132 613 3197 tiunt,
650 3133 970 3203 amplector.
1029 3131 1122 3186 Est
1166 3133 1312 3188 enim
1359 3134 1545 3204 pietati
1571 3147 2021 3204 consentaneum,
2054 3175 2096 3232 Ο

437 3219 761 3278 Trinitatem
788 3223 843 3278 in
869 3239 974 3278 una
1011 3222 1303 3279 Divinitate
1337 3241 1638 3296 agnoscere
1659 3240 1723 3280 ac
1747 3225 2017 3280 conﬁteri.

438 3313 515 3371 De
553 3315 934 3370 incarnatione
966 3331 1152 3386 porro,
1183 3331 1346 3386 quam
1381 3327 1605 3387 prOpter
1639 3331 1740 3373 nos
1779 3315 2020 3373 Verbum

441 3409 622 3463 Patris
677 3410 944 3478 suscepit,
973 3409 1070 3474 ita,
1097 3421 1156 3464 ut
1188 3420 1314 3464 ante
1353 3411 1618 3480 scriptum
1661 3419 1769 3474 est,
1809 3411 2018 3466 sentio:

438 3495 722 3562 nimirum,
756 3504 810 3551 ut
843 3495 1083 3554 Joannes
1118 3499 1360 3570 scripsit,
1393 3498 1629 3554 Verbum
1657 3514 1878 3554 carnem
1902 3515 2025 3555 esse

441 3588 645 3642 factum
679 3589 716 3641 ¹.
749 3585 936 3658 Neque
962 3589 1108 3642 enim
1151 3589 1334 3659 impiis
1387 3603 1452 3642 ac
1487 3591 1774 3645 sceleratis
1807 3591 1914 3646 illis
1943 3605 2027 3646 as-

441 3681 672 3746 sentior,
704 3679 798 3750 qui
827 3687 1098 3734 mutatum
1127 3681 1278 3735 illum
1299 3697 1423 3736 esse
1449 3679 1742 3748 deﬁniunt,
1785 3683 1880 3737 sed
1923 3699 2019 3752 po-

443 3775 550 3829 tius
593 3774 870 3828 hominem
915 3789 1038 3830 esse
1075 3783 1264 3829 nostra
1313 3789 1480 3830 causa
1511 3774 1738 3840 factum,
1792 3783 1956 3846 atque
1995 3793 2026 3831 e

443 3865 794 3921 sanctissima
820 3863 1044 3936 Virgine
1067 3865 1134 3920 de
1157 3864 1365 3936 Spiritu
1387 3873 1580 3922 sancto
1610 3882 1733 3921 esse
1753 3869 2022 3937 genitum.

442 3957 634 4028 Neque
682 3973 812 4012 vero
857 3965 951 4010 aut
981 3957 1306 4020 inanimum,
1340 3965 1434 4010 aut
1477 3972 1672 4012 sensus
1715 3973 1779 4011 ac
1825 3959 2025 4014 mentis

443 4063 639 4120 expers
673 4063 872 4119 corpus
894 4045 1144 4102 Salvator
1166 4047 1378 4102 habuit.
1417 4045 1578 4119 [Illud
1605 4065 1827 4119 quoque
1858 4051 2028 4103 Atha-

442 4143 582 4198 nasii
613 4142 854 4212 episcopi
883 4156 1047 4196 manu
1089 4139 1268 4195 fuerat
1298 4139 1618 4213 adjectum]
1653 4141 1793 4197 Fieri
1823 4145 2023 4214 quippe

443 4247 550 4288 non
589 4239 790 4302 potest,
827 4239 885 4286 ut
908 4231 1124 4286 Domini
1147 4233 1346 4296 nostri,
1372 4233 1464 4301 qui
1483 4241 1705 4304 propter
1729 4249 1831 4288 nos
1863 4235 2027 4288 homo

443 4325 622 4381 factus
656 4333 762 4391 est,
797 4325 1001 4380 mentis
1043 4339 1238 4395 expers
1264 4340 1466 4396 corpus
1511 4325 1602 4380 sit.
1651 4323 1806 4380 Unde
1844 4333 1898 4380 et
1933 4341 2027 4380 eos

443 4433 634 4474 onlnes
672 4419 1019 4474 anathemate
1053 4418 1276 4485 damno,
1321 4417 1416 4488 qui
1456 4419 1794 4488 propositam
1838 4434 1902 4474 ac
1939 4434 2030 4474 re-

444 4519 658 4582 ceptam
695 4511 749 4566 in
783 4510 1003 4566 Niczena
1042 4511 1254 4583 synodo
1303 4511 1464 4566 ﬁdem
1501 4522 1788 4582 respuunt,
1855 4527 2030 4582 neque
2067 4545 2108 4599 υ

445 4599 644 4656 Filium
674 4619 705 4659 e
743 4601 926 4660 Patris
961 4605 1270 4660 substantia
1301 4605 1669 4676 processisse,
1701 4615 1796 4660 aut
1852 4605 2030 4662 eidem

445 4697 970 4754 consubstantialem
1003 4713 1126 4754 esse
1163 4701 1518 4756 confitentur.
1563 4699 1668 4755 Sed
1701 4707 1754 4755 et
1785 4700 1908 4755 illos
1951 4701 2035 4756 in-

447 4805 612 4860 super
640 4791 966 4856 condemno,
995 4792 1091 4862 qui
1125 4790 1392 4862 Spiritum
1429 4801 1684 4848 sanctum
1715 4801 2030 4848 creaturam

447 4897 570 4938 esse
594 4897 691 4954 per
727 4879 926 4938 Filium
956 4883 1283 4953 productam
1314 4893 1594 4940 asserunt.
1620 4884 1909 4940 Postremo
1938 4883 2036 4939 Sa-

451 4974 594 5030 bellii
643 4989 708 5030 ac
743 4973 987 5038 Pbotini,
1023 4975 1269 5046 adeoque
1297 4977 1540 5048 reliquas
1571 4992 1764 5034 omnes
1795 4977 2032 5034 haereses

2123 1917 2222 1986 τῆς
2251 1914 2342 1968 τοῦ
2391 1911 2628 1983 Χριστοῦ
2681 1910 3173 1980 ἐνανθρωπήσεως,
3217 1907 3360 1980 χειρὶ
3407 1907 3574 1960 αὑτοῦ
3615 1907 3709 1960 τοῦ

2129 2005 2431 2076 μακαρίτου
2467 2003 2680 2075 Πατρὸς
2711 2003 2867 2073 ἡμῶν
2911 2001 3250 2064 Ἀθανασίου,
3281 2000 3346 2071 ἣν
3367 1992 3716 2052 €205.5me-

2127 2091 2390 2161 υπέταξα.
2453 2097 2562 2150 Καί
2595 2099 2742 2152 ἐστιν
2771 2097 2884 2168 ἥδε.

2176 2422 2561 2492 Ἀντίγραερον
2598 2419 2796 2490 χειρὸς
2821 2419 3130 2473 Παυλῖνον
3165 2417 3270 2472 τοῦ
3301 2417 3664 2473 ἐπισκόπου.

2198 2580 2330 2634 KA'.
2385 2579 2524 2649 Ἐγὼ
2573 2580 2838 2644 Παυλῖνος
2873 2581 2903 2632 ὁ
2950 2577 3248 2640 ἐπίσκοπος
3289 2575 3462 2638 οὑτως
3509 2575 3713 2646 φρονῶ,

2126 2673 2308 2737 καθὼς
2367 2673 2672 2746 παρέλαϐον
2733 2673 2846 2726 ἀπὸ
2899 2671 3008 2724 τῶν
3038 2671 3296 2742 Πατέρων
3319 2709 3334 2732 ,
3393 2669 3562 2722 Ὄντα
3620 2671 3713 2722 καὶ

2127 2766 2415 2836 ὑφεστῶτα
2463 2765 2680 2836 Πατέρα
2721 2765 2958 2824 τέλειον,
3011 2762 3107 2816 >αὶ
3149 2761 3430 2830 ὑφεστῶτα
3469 2761 3596 2814 Υἱὸν
3623 2759 3714 2813 τέ-

2127 2859 2299 2924 λειον,
2331 2859 2424 2912 καί⁵
2455 2857 2702 2928 ὑφεστὼς
2731 2857 2792 2909 τὸ
2824 2856 3050 2926 Πνεῦμα
3087 2854 3150 2906 τὸ
3181 2853 3335 2921 ἅγιον
3363 2852 3586 2906 τέλειον.
3625 2849 3715 2902 Διὸ

2127 2953 2223 3006 καὶ
2313 2951 2646 3022 ἀποδέχομαι
2709 2949 2808 3020 τὴν
2853 2948 3353 3020 προγεγραμμένην
3423 2943 3718 3016 ἑρμηνείαν

2129 3041 2294 3114 τριῶν
2324 3043 2676 3096 ὑποστάσεων
2696 3077 2711 3104 ,
2756 3038 2854 3092 καὶ
2882 3038 2980 3108 τῆς
3015 3038 3140 3108 μιᾶς
3173 3035 3524 3096 ὑποστάσεως
3545 3073 3558 3097 ,
3599 3035 3716 3103 ἦτοι

2129 3134 2340 3198 οὑσίας,
2389 3133 2482 3186 καὶ
2525 3133 2651 3194 τοὺς
2699 3129 3034 3201 φρονοῦντας
3090 3129 3284 3192 οὕτως.
3333 3127 3570 3188 Εὑσεϐὲς
3611 3125 3719 3194 γάρ

2132 3228 2247 3278 ἐστι
2296 3227 2510 3294 φρονεῖν
2550 3223 2645 3277 καὶ
2682 3222 2964 3294 ὁμολογεῖν
2991 3221 3090 3292 τὴν
3120 3219 3329 3290 Τριάδα
3357 3221 3415 3272 ἐν
3466 3219 3566 3288 μιᾷ
3589 3217 3719 3269 θεό-

2129 3333 2272 3387 τητι.
2309 3317 2418 3370 Καὶ
2451 3316 2702 3387 περὶτῆς
2737 3314 3206 3385 ἐνανθρωπήσεως
3235 3313 3332 3385 τῆς
3357 3312 3424 3365 δι’
3451 3312 3600 3383 ἡμᾶς
3626 3326 3722 3380 γε·

2131 3410 2363 3480 νομένης
2395 3407 2489 3462 τοῦ
2525 3409 2700 3478 Λόγου
2734 3407 2828 3462 τοῦ
2875 3408 3086 3480 Πατρὸς
3118 3407 3260 3460 οὕτω
3287 3405 3504 3478 φρονῶ,
3538 3403 3722 3467 καθὼς

2134 3501 2570 3574 προγέγραπται,
2601 3501 2683 3554 ὅτι
2713 3500 2856 3554 κατὰ
2889 3500 2980 3552 τὸν
3019 3499 3274 3569 Ἰωάννην
3307 3499 3337 3550 ὁ
3359 3498 3552 3565 ,Λόγος
3585 3495 3720 3567 σὰρξ

2132 3593 2369 3664 ἐγένετο.
2419 3596 2493 3649 Οὐ
2535 3593 2646 3666 γὰρ
2695 3593 2836 3648 κατά
2869 3595 2996 3658 τοὺς
3030 3590 3428 3652 ἀσεϐεστάτους
3459 3591 3590 3652 τους
3627 3589 3718 3641 λέ-

2133 3704 2326 3756 γοντας
2354 3686 2656 3758 μεταϐολὴν
2683 3685 2846 3741 αὑτὸν
2871 3685 3218 3746 πεπονθέναι,
3243 3684 3358 3738 ἀλλ’
3383 3685 3466 3738 ὅτι
3487 3682 3554 3736 δι’
3576 3682 3722 3752 ἡμᾶς

2132 3779 2418 3852 ἄνθρωπος
2451 3781 2708 3848 γέγονεν,
2745 3779 2808 3832 ἔκ
2852 3795 2912 3832 τε
2953 3777 3054 3848 τῆς
3089 3777 3253 3846 ἁγίας
3302 3773 3583 3847 Παρθένου
3627 3773 3724 3826 καὶ

2134 3869 2289 3938 ἁγίου
2324 3869 2640 3941 Πνεῦματος
2682 3868 2982 3939 γεννηθείς.
3011 3867 3149 3921 Οΰτε
3193 3867 3302 3940 γὰρ
3335 3865 3560 3936 ἄψυχον,
3600 3863 3722 3916 οὔτε

2134 3964 2479 4034 ἀναίσθητον,
2510 3961 2634 4016 οὔτε
2667 3963 2894 4034 ἀνόητον
2919 3960 3076 4032 σῶμα
3103 3957 3250 4030 εἶχεν
3278 3961 3306 4013 ὁ
3337 3959 3552 4029 Σωτήρ.
3579 3949 3718 4030 [Καὶ

2134 4060 2191 4112 ἐν
2245 4059 2310 4126 τῇ
2363 4055 2507 4127 χειρὶ
2556 4053 2650 4106 τοῦ
2693 4054 2992 4106 ἐπισκόπου
3033 4050 3352 4104 Ἀθανασίου
3374 4047 3443 4119 ’.1
3495 4050 3569 4101 Οὑ
3613 4047 3725 4119 γάρ

2134 4146 2242 4204 οἷόν
2271 4167 2330 4203 τε
2361 4145 2430 4220 ἦν
2455 4147 2546 4201 τοῦ
2578 4145 2782 4217 Κυρίου
2817 4143 3105 4216 ἀνθρώπου
3139 4141 3204 4196 δι’
3235 4142 3380 4212 ἡμᾶς
3411 4139 3724 4208 γενομένου,

2135 4243 2361 4314 ἀνόητον
2407 4240 2572 4294 αὑτοῦ
2625 4235 2762 4292 εἶναι
2811 4238 2870 4291 τὸ
2914 4236 3092 4308 σῶμα.
3127 4234 3288 4288 Ὅθεν
3337 4231 3720 4301 ἀναθεματίζω

2137 4335 2262 4399 τοὺς
2315 4333 2640 4395 ἀθετοῦντας
2668 4331 2769 4402 τὴν
2809 4333 2866 4383 ἐν
2902 4329 3108 4400 Nimia.
3158 4325 3584 4399 ὁμολογηθεῖσαν
3629 4323 3725 4375 πί-

2139 4443 2278 4492 στιν,
2313 4426 2408 4479 καὶ
2439 4425 2513 4496 μὴ
2545 4422 2940 4495 ὁμολογοῦντας
2985 4424 3052 4474 ἐκ
3079 4420 3178 4491 τῆς
3209 4419 3428 4482 οὐσίας,
3461 4418 3494 4486 ἢ
3529 4413 3725 4486 ομ.οοὺ-

2139 4537 2251 4572 σιον
2283 4513 2423 4571 εἷναι
2460 4517 2552 4569 τὸν
2587 4516 2714 4570 Υίδν
2744 4515 2824 4586 τῷ
2855 4513 3048 4584 Πατρί.
3091 4508 3501 4581 Ἀναθεματίζω
3545 4507 3603 4560 δὲ
3631 4506 3728 4559 καὶ

2138 4613 2262 4676 τοὺς
2301 4609 2558 4680 λέγοντας
2591 4609 2651 4662 τὸ
2693 4607 2918 4678 Πνεῦμα
2956 4605 3019 4658 τὸ
3057 4607 3211 4674 ἅγιον
3245 4603 3452 4674 κτίσμα
3505 4599 3595 4654 διὰ
3629 4597 3726 4652 τοῦ

2137 4702 2268 4757 Υίοῦ
2302 4702 2544 4770 γεγονός.
2576 4702 2696 4754 Ἔτι
2747 4699 2804 4752 δὲ
2835 4694 3219 4768 ἀναθεματίζω
3263 4693 3362 4766 τὴν
3413 4689 3726 4752 Σαϐελλίου,

2137 4797 2231 4849 καὶ
2263 4793 2567 4856 Φωτεινοῦ,
2601 4793 2697 4847 καὶ
2733 4792 2912 4844 πᾶσαν
2953 4790 3199 4861 αἵρεσιν,
3253 4781 3481 4855 στοιχῶν
3521 4784 3590 4852 τῇ
3633 4779 3726 4832 πί-

2137 4905 2251 4942 στει
2287 4891 2353 4960 τῇ
2400 4887 2541 4942 κατὰ
2578 4887 2816 4940 Νίκαιαν
2849 4885 2943 4938 καὶ
2979 4884 3112 4936 πᾶσι
3143 4883 3256 4942 τοῖς
3297 4872 3732 4950 προγεγραμμέ-

2135 4997 2268 5045 νοις.

450 5066 652 5120 damno
679 5065 839 5136 eique
859 5065 983 5122 fidei
1003 5063 1325 5134 'subscribo,
1354 5083 1476 5139 quas
1504 5069 1560 5123 in
1581 5065 1801 5124 Nicaena
1824 5069 2037 5140 synodo
2069 5069 2289 5128 decreta
2332 5083 2414 5130 est
2443 5092 2455 5128 :
2488 5089 2553 5129 ac
2609 5073 2847 5144 denique
2901 5087 2966 5127 ea
3000 5067 3301 5139 amplector
3361 5061 3566 5126 omnia,
3609 5073 3731 5128 qua:

447 5176 502 5214 an
517 5175 614 5230 pra
637 5159 846 5230 scripta
879 5169 1028 5214 sunt.

873 5251 922 5306 Η
931 5265 1142 5307 actenus
1174 5251 1297 5322 fidei
1326 5253 1606 5323 professio.

519 5344 684 5402 XXII.
723 5344 1034 5402 Secundum
1096 5347 1215 5402 hac
1264 5343 1496 5402 Vitalem
1565 5348 1793 5419 ejusque
1859 5349 2038 5405 socios

455 5440 668 5512 1016
695 5441 776 5496 sic
803 5441 1028 5497 allocuti
1057 5455 1249 5496 sumus
1291 5459 1306 5496 :
1335 5441 1480 5508 Quid
1511 5449 1696 5496 autem
1733 5447 1787 5495 et
1827 5457 1923 5496 vos
1949 5441 2038 5496 di-

453 5531 615 5586 citis?
663 5529 722 5586 Si
754 5531 886 5602 quid
916 5531 1152 5587 invicem
1195 5530 1411 5586 dissidii
1455 5530 1694 5592 habetis.
1738 5531 2038 5584 conciliata

457 5633 585 5688 pace
619 5623 837 5689 penitus
879 5622 1072 5678 tollite.
1106 5621 1175 5677 At
1220 5621 1309 5678 ille
1342 5639 1355 5673 :
1395 5619 1620 5688 Dicant,
1665 5620 1866 5690 inquit.
1898 5619 2038 5675 Tum

455 5710 850 5782 abjicieutibus
881 5715 1004 5770 aliis
1035 5729 1234 5786 negare
1267 5716 1419 5786 ipsos
1443 5715 1724 5770 Christum
1756 5714 2036 5769 hominem

533 5829 548 5860 '
591 5825 746 5886 Joan.
789 5845 829 5896 ι,
863 5831 951 5885 Η.
1030 5833 1048 5863 ¹
1090 5829 1264 5888 Uncis
1293 5833 1504 5889 inclusa
1541 5833 1718 5889 aliena
1753 5833 2030 5889 videntur.

2759 5251 3126 5322 Ἐπληρώθη.
3775 5308 3782 5314 ,
3810 5307 3821 5330 ι

2207 5347 2337 5402 ΚΒ’.
2377 5347 2669 5418 Ἐλέγομεν
2693 5347 2750 5400 δέ
2775 5347 2870 5399 καὶ
2895 5345 2973 5416 τῷ
3003 5339 3222 5412 ἀδελφῷ
3247 5337 3483 5406 Βιταλίῳ
3504 5336 3734 5398 καὶτοῖς

2141 5441 2236 5494 σὺν
2285 5439 2437 5510 αὑτῷ
2457 5457 2469 5470 ·
2502 5439 2566 5492 Τί
2601 5439 2696 5493 καὶ
2726 5439 2884 5510 ὑμεῖς
2912 5437 3134 5505 λέγετε;
3165 5431 3235 5485 Εἴ
3261 5430 3314 5483 τί
3349 5430 3496 5482 ἐστιν
3531 5425 3735 5497 ἀναμέ-

2140 5545 2231 5583 σον
2287 5530 2482 5601 ὑμῶν,
2543 5527 2930 5602 διορθώσασθε.
2973 5527 3032 5579 '0
3083 5523 3140 5577 δὲ
3197 5523 3336 5592 ἔφη·
3389 5517 3732 5586 Λεγέτωσαν,

2143 5623 2394 5692 Ἕφησαν
2432 5623 2510 5682 δὲ,
2557 5623 2638 5676 ὅτι
2666 5623 2726 5675 οὑ
2768 5621 2987 5690 λέγουσι
3019 5618 3110 5673 τὸν
3138 5613 3373 5686 Χριστὸν
3401 5610 3606 5664 τέλειον
3641 5623 3734 5674 γε-

2147 5716 2362 5785 γονέναι
2395 5715 2701 5788 ἄνθρωπον.
2739 5713 2800 5768 '0
2845 5713 2902 5768 δὲ
2933 5712 3094 5776 εὐθὺς
3135 5704 3432 5777 ἀπεκρίθη,
3471 5703 3554 5756 ὅτι
3587 5717 3596 5724 ·
3625 5699 3734 5752 Ναὶ
