4134 6392
437 354 543 411 873

1040 351 1410 410 ADVERSUS
1455 351 1793 409 IIIERESES
1826 353 1957 409 LIB.
2000 354 2089 411 III.
2131 352 2296 411 TOM.
2338 355 2414 410 ll.
2450 387 2520 397 —
2555 353 2834 411 HERES.
2875 350 3136 410 ωιλγη.

3598 350 3709 408 επ.
3776 432 3783 437 ι

438 466 809 539 ὁμολογοῦμεν
839 467 932 521 τὸν
975 470 1209 542 Χριστὸν
1238 470 1443 524 τέλειον
1477 470 1766 539 ἄνθρωπον
1798 470 2017 544 εἰληφέ-

2124 486 2249 527 esse
2287 470 2613 542 perfectum,
2636 479 2830 527 contra
2859 467 3056 525 Vitalis
3081 465 3402 538 respondit:
3436 464 3551 520 imo
3573 480 3706 520 vero
3742 446 3765 477 ”

436 572 546 611 ναι.
593 553 701 612 Ἦν
758 557 816 612 δὲ
860 556 1018 612 τοῦτο
1066 558 1385 631 θαυμαστὸν
1442 562 1557 623 τοῖς
1609 560 1874 615 ἀκούσασι
1927 562 2021 615 καὶ

435 649 612 721 χαρᾶς
641 648 895 721 ἔμπλεον.
923 650 1138 714 Είδότες
1168 652 1330 722 ἡμεῖς
1355 653 1452 724 τὴν
1486 652 1726 708 διάνοιαν
1747 654 1857 707 τῶν
1886 672 2022 727 προ-

438 740 655 808 φάσεων
684 740 775 793 τὸν
808 738 932 793 νοῦν
968 739 1080 794 τῶν
1122 741 1267 796 ίδίων
1294 741 1538 811 ἀδελφῶν
1570 743 2019 815 σφετεριζόντων,

436 830 499 884 τὸ
577 829 806 904 ἀκριϐὲς
880 832 1240 904 ἐνεμείναμεν
1301 834 1643 906 ἐρωτῶντες,
1701 837 1784 890 ὃτι
1858 837 2022 893 Φύσει

439 925 618 995 σάρκα
642 923 923 994 ὁμολογεῖς
942 923 1032 978 τὸν
1053 926 1291 997 Χριστὸν
1314 926 1593 997 εἰληφέναι
1616 943 1631 993 ;
1652 928 1709 982 '0
1734 927 1790 983 δὲ
1813 931 2023 983 συνετί-

437 1014 583 1079 θετο,
617 1016 697 1069 ὃτι
728 1015 855 1072 Ναί.
876 1017 1007 1070 Ἀπὸ
1030 1018 1251 1088 Μαρίας
1274 1020 1372 1088 τῆς
1399 1020 1559 1089 ἁγίας
1589 1019 1865 1093 Παρθένου
1892 1021 2021 1077 ἄνευ

438 1112 753 1183 σπέρματος
793 1112 1019 1184 ἀνδρὸς.
1058 1114 1156 1166 καὶ
1211 1113 1301 1167 διὰ
1339 1112 1658 1184 Ιῐνεύματος
1704 1115 1888 1182 ἁγίους
1956 1113 2020 1170 '0

434 1199 491 1255 δὲ
522 1200 618 1255 καὶ
663 1200 823 1257 τοῦτο
856 1200 1144 1272 ὡμολόγει.
1192 1201 1355 1255 Φύσει
1388 1204 1453 1256 ὲκ
1482 1204 1580 1274 τῆς
1611 1203 1892 1275 Παρθένου
1935 1204 2020 1259 ὲλ-

434 1291 542 1344 θὼν
580 1292 681 1363 τὴν
717 1292 895 1364 σάρκα
940 1292 1231 1363 ἀνείληφεν
1261 1294 1290 1345 6
1320 1292 1452 1358 Θεὸς
1493 1296 1665 1365 Λόγος
1699 1296 1728 1348 6
1761 1296 1888 1361 Υἱὸς
1926 1296 2018 1351 τοῦ

432 1381 603 1449 Θεοῦ;
632 1383 691 1436 '0
715 1382 772 1435 δὲ
794 1383 933 1453 μετά
954 1382 1151 1454 βάρους
1173 1386 1497 1439 συνετίθετο.
1530 1387 1669 1459 Ἤδη
1697 1388 1754 1442 δὲ
1783 1389 1842 1441 ἐν
1875 1390 2020 1460 χαρᾷ

433 1474 841 1545 καθιστάμεθα·
895 1475 1083 1545 ἐπειδὴ
1140 1476 1294 1547 παρὰ
1339 1495 1501 1532 τινων
1553 1480 1690 1550 πρὸς
1737 1482 1884 1551 ἡμᾶς
1940 1484 2021 1545 εἰς

433 1569 659 1635 Κύπρον
684 1566 946 1622 ἐλθόντων
978 1567 1293 1639 ἠκούσαμεν
1312 1569 1424 1623 τῶν
1452 1573 1866 1644 προειρημένων
1895 1575 2019 1629 παί-

431 1658 558 1725 δων,
592 1658 672 1712 ὅτι
708 1659 814 1712 οὐδ’
846 1659 984 1723 ὅλως
1022 1661 1055 1730 ἡ
1096 1658 1234 1731 σὰρξ
1264 1661 1373 1714 ἀπὸ
1411 1661 1629 1734 Μαρίας
1665 1662 2015 1735 ὡμολογεῖτο.

435 1753 566 1806 Ὅτε
595 1750 653 1805 δὲ
692 1751 855 1815 αὐτὸς
899 1753 928 1805 6
966 1750 1357 1815 εύλαόέστατος
1391 1753 1530 1825 ἀνὴρ
1567 1755 1631 1807 ὲκ
1660 1756 1881 1826 Μαρίας
1916 1757 2017 1827 τὴν

2124 564 2408 618 Christum
2463 563 2703 619 fatemur
2747 561 3055 635 perfectum
3106 560 3380 615 hominem
3439 556 3703 613 induisse.

2124 653 2281 720 Quod
2318 656 2439 723 ejus
2468 671 2795 727 responsum
2817 670 2929 709 non
2953 653 3220 708 minorem
3244 649 3595 707 audientibus
3617 664 3711 704 vo-

2125 746 2389 817 luptatem
2419 761 2584 818 quam
2616 734 3038 802 admirationem
3086 744 3290 798 attulit.
3324 745 3395 798 At
3441 755 3574 806 nos,
3614 741 3709 810 qui

2125 836 2448 893 callidorum
2477 837 2782 903 hominum,
2813 851 2843 889 a
2868 836 3071 906 quibus
3104 833 3301 889 fratres
3336 834 3510 889 nostri
3545 831 3599 885 in
3617 845 3711 886 er-

2125 946 2308 984 rorem
2343 929 2781 994 abducebantur,
2830 930 3057 984 intimos
3098 942 3297 983 sensus
3336 941 3401 980 ac
3441 926 3708 995 tergiver-

2126 1023 2370 1079 sationes
2391 1024 2640 1094 cognitas
2659 1022 3021 1087 habebamus,
3051 1023 3233 1075 acrius
3250 1020 3305 1074 in
3324 1016 3712 1088 interrogando

2126 1115 2489 1186 perstitimus.
2523 1114 2609 1177 Et,
2629 1113 3008 1177 Christumne,
3045 1111 3310 1175 diximus,
3349 1111 3571 1182 praprie
3593 1123 3713 1164 car-

2126 1222 2250 1262 nem
2283 1209 2653 1278 assumpsisse
2670 1205 3287 1279 profiteris?Protiteor,
3320 1205 3517 1276 inquit.
3549 1201 3711 1256 Eam-

2128 1299 2327 1355 deume
2370 1300 2439 1355 de
2488 1299 2656 1354 Maria
2695 1298 2919 1370 Virgine
2976 1299 3095 1354 sine
3144 1300 3287 1353 virili
3336 1305 3457 1354 satu
3507 1310 3575 1351 ac
3614 1309 3713 1366 per

2140 1392 2404 1464 Spiritum
2433 1402 2686 1449 sanctum
2718 1393 3037 1465 accepisse?
3073 1392 3150 1449 Ne
3188 1393 3331 1449 istud
3361 1391 3579 1463 quidem
3628 1389 3709 1443 in-

2125 1486 2343 1541 ficialus
2402 1495 2508 1541 est.
2564 1484 2888 1541 Utrumnam
2954 1488 3175 1557 proprie
3256 1485 3422 1539 Deum
3472 1481 3707 1539 Verbum

2127 1577 2331 1648 Deique
2366 1576 2563 1632 Filium
2593 1577 2879 1633 existimas
2903 1583 2938 1632 δ
2969 1579 3110 1632 οωιο
3134 1576 3558 1632 descendentem
3591 1588 3707 1629 car-

2124 1685 2248 1724 nem
2278 1669 2584 1738 sumpsisse
2616 1667 2685 1724 de
2718 1667 2979 1738 Virgine?
3008 1667 3202 1740 Magna
3238 1669 3331 1724 ille
3364 1683 3489 1723 cum
3530 1665 3707 1738 gravi-

2124 1770 2235 1816 tate
2266 1776 2529 1816 assensus
2566 1769 2672 1816 est.
2720 1759 2794 1814 Ea
2827 1776 2916 1817 res
2963 1761 3129 1817 nobis
3174 1775 3404 1816 summa:
3443 1758 3709 1830 voluptati

434 1845 616 1916 σάρκα
655 1843 1007 1914 ἀνειληφέναι
1053 1843 1144 1897 τὸν
1193 1843 1399 1916 Κύριον
1431 1845 1591 1917 ἡμῶν
1632 1847 1839 1919 Ἰησοῦν
1879 1847 2016 1919 Χρι-

2125 1850 2248 1905 fuit.
2281 1850 2495 1921 Quippe
2525 1865 2555 1904 a
2585 1850 2871 1921 discipulis
2908 1851 3038 1917 illis,
3071 1868 3211 1922 quos
3264 1851 3319 1906 in
3363 1852 3606 1923 Cyprum
3645 1849 3710 1905 ad

435 1938 559 1993 στὸν
588 1938 907 2010 ὡμολόγησε
928 1981 944 2004 ,
974 1936 1137 1991 πάλιν
1166 1941 1298 2010 παρ’
1331 1941 1365 2010 ή
1376 1939 1490 2009 μῶν
1522 1943 1774 2013 ἡρωτᾶτο
1795 1982 1810 2007 ,
1841 1945 1890 1995 εἰ
1923 1943 2019 1998 καὶ

431 2031 610 2104 ψυχὴν
643 2031 885 2101 εἴληφεν.
923 2032 983 2084 '0
1010 2031 1066 2083 δὲ
1102 2031 1195 2085 καὶ
1221 2033 1300 2096 εἰς
1333 2031 1491 2086 τοῦτο
1521 2034 1721 2106 ὁμοίως
1753 2035 1890 2106 μετά
1924 2036 2023 2107 βά-

437 2142 564 2196 ρους
594 2123 920 2189 συνετίθετο,
954 2124 1030 2188 ὡς
1058 2125 1119 2178 οὐ
1145 2124 1253 2198 χρὴ
1277 2126 1455 2197 λέγειν
1488 2128 1682 2193 άλλως,
1716 2127 1852 2181 ἀ).λά
1877 2129 2020 2183 κατά

433 2217 613 2272 πάντα
636 2216 940 2287 ἀληθεύειν.
966 2216 1087 2289 Χρὴ
1112 2216 1222 2288 γὰρ
1252 2218 1344 2272 τὸν
1370 2219 1497 2290 περὶ
1525 2219 1783 2291 ἀληθείας
1812 2219 2020 2294 ἀνθρώ-

432 2327 556 2374 ποις
580 2310 879 2381 γράφοντα,
902 2310 991 2362 τὸν
1022 2308 1198 2363 πάντα
1219 2310 1342 2364 νοῦν
1366 2310 1572 2373 δοῦναι,
1601 2312 1706 2383 πρὸ
1726 2310 2019 2384 ὀφθαλμῶν

435 2402 536 2473 μὲν
571 2403 663 2457 τὸν
713 2403 878 2472 φόϐον
914 2402 1010 2457 τοῦ
1044 2402 1179 2457 Θεοῦ
1222 2403 1386 2473 ἔχειν,
1438 2404 1532 2458 καὶ
1568 2404 1735 2476 μηδὲν
1764 2422 2021 2478 παραπε-

432 2494 728 2566 ποιημένον
781 2498 862 2559 εἰς
916 2495 1014 2567 τὴν
1074 2496 1173 2567 τῆς
1231 2497 1270 2548 Γ
1278 2498 1457 2567 ραφῆς
1507 2495 1842 2565 ἐπαγγελίαν
1896 2513 2022 2550 συν-

429 2589 666 2644 τάττειν.

2124 1958 2226 1997 nos
2248 1942 2466 1998 venisse
2494 1950 2652 1997 antea
2684 1943 3049 2010 narravimus,
3072 1945 3343 2012 ejusmodi
3366 1961 3488 2000 esse
3514 1945 3709 2015 dogma

2123 2035 2340 2089 illorum
2371 2033 2742 2097 audieramus.
2786 2036 2994 2092 Christi
3038 2052 3259 2093 carnem
3299 2053 3330 2093 e
3361 2036 3527 2091 Maria
3560 2036 3710 2092 nullo

2125 2126 2287 2181 modo
2317 2142 2439 2182 esse
2479 2137 2812 2197 susceptam.
2860 2128 3044 2196 Quare
3085 2146 3211 2185 cum
3264 2132 3709 2202 religiosissimus

2126 2220 2230 2275 iste
2260 2217 2456 2274 Vitalis
2490 2218 2779 2275 Dominum
2807 2232 3055 2278 nostrum
3083 2223 3269 2281 Jesnm
3283 2223 3564 2281 Christum
3590 2240 3708 2278 car-

2127 2326 2251 2365 nem
2291 2326 2322 2366 e
2364 2309 2532 2365 Maria
2578 2312 2814 2368 traxisse
2852 2314 3197 2384 praedicaret,
3236 2317 3434 2372 iterum
3476 2331 3506 2370 a
3550 2315 3709 2371 nobis
3762 2370 3771 2376 .

2127 2404 2499 2471 interrogatus
2532 2411 2638 2464 est.
2667 2420 2798 2459 num
2835 2416 2889 2460 et
2922 2408 3160 2462 animam
3193 2408 3436 2464 indidem
3464 2408 3706 2478 accepis-

2128 2505 2232 2551 set.
2276 2496 2369 2552 Ille
2395 2497 2509 2567 pari
2556 2498 2821 2567 gravitate
2866 2515 2930 2553 ae
2962 2503 3274 2557 constantia
3305 2503 3584 2573 accepisse
3606 2501 3692 2557 fas

2129 2604 2225 2644 sus
2264 2597 2384 2655 est;
2414 2604 2591 2659 neque
2619 2591 2777 2645 aliter
2811 2593 3195 2658 asserendum,
3228 2595 3322 2649 sed
3364 2596 3420 2649 in
3450 2594 3709 2650 omnibus

430 2682 576 2751 quod
638 2696 825 2736 verum
870 2689 956 2737 est
992 2681 1462 2752 pronuntiandum
1505 2698 1630 2737 esse
1675 2683 1834 2738 dixit.
1899 2681 2192 2737 Enimvero
2259 2698 2484 2738 necesse
2525 2693 2612 2739 est
2652 2700 2811 2748 eum,
2856 2685 2951 2756 qui
3011 2688 3078 2742 de
3122 2688 3350 2744 veritate
3392 2688 3708 2744 hominibus

431 2776 656 2838 scribat,
689 2782 807 2830 toto
836 2776 1005 2831 animi
1038 2787 1239 2830 conatu
1281 2776 1335 2830 in
1379 2776 1434 2830 id
1473 2792 1643 2831 unum
1678 2777 2017 2841 incumbere,
2058 2785 2116 2830 ut
2164 2776 2256 2831 Dei
2288 2777 2392 2833 sibi
2420 2778 2671 2833 timorem
2722 2780 2796 2835 ob
2822 2782 3012 2837 oculos
3038 2792 3329 2855 proponat,
3382 2802 3559 2858 neque
3604 2787 3705 2841 lat-

431 2883 553 2924 sum
580 2869 880 2938 quidquam
928 2884 991 2923 ac
1027 2879 1234 2924 temere
1268 2869 1563 2925 confictam
1599 2868 1665 2922 ad
1694 2879 2008 2940 susceptam
2051 2869 2404 2939 scriptionem
2441 2869 2765 2925 admisceat.

501 2963 625 3019 Kl".
677 2964 960 3037 Ὠμολόγει
995 2962 1087 3021 οῦν
1115 2968 1144 3020 6
1182 2966 1430 3029 Βιτάλιος
1461 2967 1554 3019 καὶ
1584 2965 1762 3036 ψυχὴν
1789 2966 1889 3037 τὴν
1922 2966 2018 3017 ἀν-

2199 2960 2385 3016 ΧΧΙΙΙ.
2420 2960 2591 3032 Igitur
2618 2961 2813 3020 Vitalis
2847 2963 3142 3019 humanam
3177 2980 3207 3019 a
3229 2964 3449 3021 Christo
3470 2968 3708 3022 animam

429 3057 708 3130 θρωπίνην
763 3059 1066 3131 εἰληφέναι.
1126 3053 1299 3123 Οὗτος
1343 3058 1453 3129 γὰρ
1501 3054 1569 3130 ἦν
1607 3061 1635 3112 6
1681 3057 1874 3118 εἰπὼν,
1935 3058 2016 3109 ὅτι

2123 3063 2437 3124 susceptam
2482 3070 2605 3110 esse
2658 3056 2948 3112 eanfessus
2987 3067 3092 3114 est.
3134 3057 3226 3112 Sic
3273 3058 3419 3113 enim
3470 3059 3651 3113 aiebat
3691 3077 3705 3114 :

428 3151 541 3205 Ναὶ
586 3151 790 3215 τέλειος
818 3151 1104 3224 ἄνθρωπος
1140 3148 1208 3223 ἦν
1240 3154 1270 3206 6
1308 3151 1563 3222 Χριστός.
1616 3145 1753 3203 Εἶτα
1783 3148 1920 3219 μετὰ
1958 3148 2018 3203 τὸ

430 3242 707 3315 ἐρωτῆσαι
742 3245 889 3314 ἡμᾶς
933 3245 1064 3316 περὶ
1110 3240 1289 3315 ψυχῆς
1333 3244 1429 3297 καὶ
1470 3240 1693 3313 σαρκὸς,
1720 3241 1840 3293 τότε
1873 3241 2019 3311 ἡρω-

428 3339 707 3410 τήσαμεν·
761 3335 907 3391 Νοῦν
947 3336 1140 3391 ἐλαϐεν
1184 3335 1355 3390 ἐλθὼν
1404 3338 1434 3389 6
1492 3333 1764 3405 Χριστόςς
1841 3333 1899 3386 '0
1960 3331 2017 3385 δὲ

429 3428 592 3493 εὐθὺς
645 3430 955 3501 ἠρνήσατο,
1016 3428 1223 3498 λέγων’
1285 3428 1439 3498 Οὐχί.
1504 3423 1638 3479 Εἶτα
1682 3426 1844 3495 ἡμεῖς
1880 3422 2017 3494 πρὸς

429 3521 594 3574 αὐτόν
614 3537 627 3550 ο
665 3518 790 3583 Πῶς
816 3515 907 3573 οὖν
936 3518 1115 3586 λέγεις
1143 3517 1346 3571 τέλειον
1376 3516 1658 3587 γεγονέναι
1685 3513 1973 3585 ἄνθρωπον
1998 3528 2013 3577 ;

441 3608 502 3663 '0
538 3608 597 3663 δὲ
638 3609 732 3663 τὸν
776 3608 1035 3679 λογισμὸν
1076 3607 1168 3661 τὸν
1213 3607 1344 3661 ίδιον
1387 3606 1740 3660 ἀπεκάλυπτε
1774 3604 1873 3674 τῆς
1901 3603 2019 3657 δια-

430 3702 617 3769 νοίας,
668 3702 751 3755 ὅτι
785 3701 1002 3755 Τέλειον
1045 3700 1330 3771 ἄνθρωπον
1367 3698 1600 3769 λέγομεν
1630 3694 1803 3761 εἷναι,
1840 3698 1889 3751 εἰ
1917 3697 2017 3766 τὴν

430 3794 665 3866 θεότητα
689 3795 990 3866 ποιήσομεν
1018 3793 1138 3848 ἀντὶ
1165 3791 1263 3846 τοῦ
1295 3790 1409 3855 νοῦ,
1437 3792 1533 3845 καὶ
1560 3790 1658 3861 τὴν
1692 3791 1894 3861 σάρκα,
1922 3788 2018 3843 καὶ

427 3886 530 3957 τὴν
561 3887 771 3958 ψυχήν
805 3886 882 3946 ὠς
914 3882 1055 3938 εἷναι
1092 3883 1296 3938 τέλειον
1329 3882 1615 3951 ἄνθρωπον
1665 3882 1731 3936 ὲκ
1781 3881 2013 3954 σαρκὸς.

432 3977 525 4031 καὶ
551 3976 752 4047 ψυχῆς,
785 3976 880 4030 καὶ
913 3974 1185 4046 θεότητος,
1206 3975 1326 4028 ἀντί⁵
1353 3974 1446 4028 τοῦ
1475 3972 1588 4027 νοῦ.
1609 3973 1718 4042 Τῆς
1747 3970 1841 4026 οὖν
1873 3972 2017 4041 φιλο-

429 4070 635 4132 νεικίας
678 4067 1046 4139 γνωσθείσης,
1105 4066 1399 4122 καὶπολλὰ
1438 4068 1470 4137 ἡ
1481 4064 1598 4135 μῶν
1644 4066 1772 4135 περὶ
1821 4063 2013 4117 τούτου

427 4161 840 4231 διαλεχθέντων,
864 4161 960 4215 καὶ
982 4160 1093 4215 ἀπὸ
1125 4159 1348 4234 Γραφῆς
1366 4157 1773 4228 συστησάντων,
1799 4156 1882 4209 ὃτι
1908 4155 2015 4228 χρὴ

426 4251 711 4322 ὁμολογεῖν
743 4251 811 4306 τὰ
845 4251 1021 4307 πάντα
1060 4251 1299 4315 τελείως,
1320 4250 1583 4321 εἰληφότα
1616 4249 1707 4303 τὸν
1749 4248 1881 4302 Θεὸν
1911 4250 2015 4303 Λό-

426 4362 544 4414 γον,
569 4345 791 4409 τελείως
834 4362 894 4398 τε
939 4343 1354 4440 ᾠκονομηκέναι
1402 4345 1461 4398 ὲν
1492 4345 1559 4413 τῇ
1591 4342 2013 4440 ὲνσάριιῳ-παρ-
2048 4386 2089 4440 D

425 4438 612 4509 ουσία,
646 4437 741 4491 καὶ
780 4440 838 4491 ὲν
866 4437 1166 4507 τελειότητι
1214 4434 1442 4505 ταύτην,
1493 4436 1589 4489 καὶ
1642 4435 1783 4503 μετά
1812 4435 1911 4507 τὴν
1950 4438 2013 4489 ἐκ

426 4529 636 4601 νεκρῶν
680 4528 980 4583 ἀνάστασιν
1024 4526 1415 4598 συνηνωκέναι,
1457 4528 1552 4580 καὶ
1596 4525 1823 4592 ἐνδόξως
1853 4544 2012 4579 πνευ-

431 4622 668 4693 ματικὴν
700 4621 872 4693 αὐτὴν
899 4621 1050 4691 ὃλην,
1075 4620 1170 4674 καὶ
1194 4621 1295 4673 οὐκ
1327 4618 1493 4689 ἄλλην
1516 4619 1614 4672 σὺν
1645 4621 1714 4691 τῇ
1753 4618 1858 4689 ίδίᾳ
1894 4618 2012 4673 0-6-

426 4729 550 4783 τητι
570 4753 587 4777 ,
620 4715 679 4767 ὲν
711 4713 889 4783 ἑαυτῷ
920 4711 1207 4784 ἡνωμένην
1237 4711 1382 4782 ἔχειν
1412 4710 1511 4782 τὴν
1553 4710 1682 4781 ὅλην
1712 4710 2011 4776 τελείωσιν,

428 4807 556 4878 μίαν
586 4807 828 4877 Θεότητα
858 4804 1327 4867 ἀποτετελεκέναι,
1361 4802 1456 4857 καὶ
1483 4801 1810 4867 καθέζεσθαι
1843 4804 1902 4854 ὲν
1928 4802 2014 4855 ού-

428 4899 578 4972 ρανῷ
598 4940 613 4963 ,
665 4901 725 4952 ὲν
754 4897 907 4970 δεξιᾷ
936 4897 1034 4951 τοῦ
1083 4898 1298 4969 Πατρὸς
1321 4937 1337 4962 ,
1372 4896 1467 4950 ἐπὶ
1501 4894 1693 4966 θρόνου
1725 4892 1884 4965 δόξης
1910 4894 2009 4962 τῆς

424 4992 591 5045 αὑτοῦ
636 4990 807 5046 ἀϊδίου
856 4989 1175 5062 κυριότητος
1218 5005 1278 5042 τε
1330 4988 1425 5042 καὶ
1470 4986 1747 5057 βασιλείας
1766 5002 1780 5016 ·
1827 4984 2012 5038 λοιπὸν

425 5082 732 5154 ἀνέστημεν
757 5083 832 5154 μὴ
859 5082 1182 5144 πεπεικότες
1207 5080 1494 5151 ἀμφότερα
1525 5079 1594 5133 τὰ
1624 5079 1765 5151 μέρη
1796 5077 1885 5131 διὰ
1913 5078 2013 5148 τὴν

426 5176 798 5249 προκειμένην
826 5174 1179 5243 φιλονεικίαν.
1212 5174 1482 5244 Νενόηται
1522 5172 1580 5225 δὲ
1606 5175 1757 5243 ἡμῖν,
1793 5172 1875 5225 ὅτι
1902 5171 2013 5224 ἀπὸ

422 5271 618 5325 τούτου
658 5269 757 5339 οὐχ
796 5269 985 5322 ’ἑνεκεν
1027 5267 1122 5321 τοῦ
1171 5266 1265 5320 νοῦ
1305 5268 1489 5331 αὐτοῖς
1539 5268 1569 5319 6
1628 5266 1787 5333 λόγος
1807 5303 1823 5326 9
1874 5264 2013 5319 ἀλλά

425 5364 533 5417 ἀπὸ
563 5360 659 5416 τοῦ
685 5361 781 5415 νοῦ
816 5360 1004 5432 ἔτερόν
1042 5361 1161 5413 ἐστι
1189 5357 1253 5411 τὸ
1278 5357 1552 5431 φρόνημα.
1588 5356 1728 5411 Ῑιοτὲ
1757 5355 1868 5427 γὰρ
1909 5354 2009 5425 οὐχ

423 5452 738 5525 ὡμολόγουν
753 5450 876 5505 οὔτε
890 5451 1071 5521 ψυχὴν
1090 5447 1251 5503 αὐτόν
1273 5448 1572 5518 εἰληφέναι.
1592 5446 1654 5499 Ἦ
1662 5447 1779 5517 μῶν
1805 5446 1860 5500 δὲ
1876 5443 2010 5499 ἀνθ-

424 5544 831 5615 υποφερόντων,
879 5543 976 5596 καὶ
1010 5542 1311 5611 λεγόντων’
1356 5541 1399 5592 Τ
1406 5540 1421 5592 ί
1474 5539 1582 5611 γάρ
1616 5539 1765 5591 ἐστιν
1790 5544 1819 5591 6
1847 5536 2008 5604 νοῦς;

438 5634 766 5687 ’Υπόστασιν
783 5633 987 5687 τούτων
1007 5636 1024 5662 ¹
1055 5631 1302 5702 νομίζετε
1330 5625 1470 5683 εἶναι
1492 5632 1553 5683 ἐν
1581 5628 1659 5699 τῷ
1692 5626 1966 5699 ἀνθρώπῳ
1991 5647 2005 5694 ;

424 5724 637 5780 Οὐκοῦν
666 5724 959 5789 πολλοστός
1003 5726 1151 5777 ἐστιν
1180 5725 1209 5775 6
1238 5721 1541 5793 ἄνθρωπος.
1577 5717 1710 5774 Εἶτα
1741 5722 1893 5792 παρά
1923 5738 2004 5777 τι-

501 5843 518 5874 *
550 5838 862 5913 Lege-udum
894 5851 977 5896 est
998 5834 1209 5896 τοῦτον.

2123 3143 2356 3201 Omnino
2400 3147 2689 3217 perfectus
2720 3148 2885 3203 homo
2950 3148 3207 3206 Christus
3244 3151 3475 3206 exstitit.
3505 3149 3706 3206 Deinde

2121 3248 2409 3308 postquam
2442 3238 2510 3293 de
2545 3241 2728 3294 anima
2756 3249 2810 3295 et
2847 3254 3014 3296 carne
3040 3242 3309 3297 sciscitati
3332 3257 3549 3307 sumus,
3588 3249 3706 3296 tum

2119 3331 2337 3384 demum
2378 3330 2524 3385 istud
2551 3332 2620 3385 ab
2653 3347 2718 3386 eo
2755 3333 3112 3402 quzesivimus
3148 3351 3161 3387 :
3209 3333 3513 3387 Mentcmne
3551 3333 3704 3388 Chri-

2120 3430 2241 3477 stus
2274 3421 2538 3476 Dominus
2571 3425 2818 3494 aceepit?
2845 3424 2976 3481 Sine
3013 3427 3120 3480 ulla
3152 3427 3506 3481 cunctatione
3540 3442 3678 3497 nega

2119 3513 2217 3565 vit.
2265 3510 2402 3567 Tum
2448 3529 2549 3569 nos
2603 3530 2668 3568 ex
2716 3516 2949 3571 adverso
3013 3536 3027 3571 :
3096 3516 3331 3583 Quinam
3379 3518 3544 3588 igitur
3584 3533 3697 3589 pero

2121 3601 2323 3657 fectum
2368 3604 2522 3658 illum
2571 3605 2847 3662 hominem
2884 3606 3058 3680 fuisse
3087 3610 3319 3665 censes?
3357 3610 3439 3664 Ad
3472 3610 3590 3665 hare
3619 3610 3706 3665 ille

2120 3695 2347 3750 intimos
2380 3697 2548 3752 animi
2583 3699 2669 3753 sui
2702 3714 2901 3755 sensus
2944 3702 3106 3757 nobis
3138 3704 3358 3775 aperuit
3393 3720 3407 3757 :
3458 3701 3524 3757 Et
3560 3714 3704 3759 eate-

2117 3801 2245 3849 nus,
2297 3786 2496 3856 inquit.
2541 3789 2846 3860 perfectum
2897 3792 3176 3848 hominem
3223 3794 3396 3851 fuisse
3442 3793 3705 3862 dicimus,

2118 3878 2166 3931 si
2199 3877 2538 3934 divinitatem
2570 3882 2644 3935 illi
2685 3882 2806 3937 loco
2849 3885 3049 3945 mentis
3100 3886 3467 3950 ascribamus,
3496 3895 3551 3942 et
3587 3903 3703 3943 car—

2117 3984 2262 4032 nem,
2291 3978 2455 4041 atque
2483 3973 2722 4028 animam
2763 3974 3162 4046 adjungamus,
3206 3964 3391 4033 sic'ut
3430 3979 3706 4048 perfectus

2116 4060 2281 4115 homo
2308 4077 2375 4117 ex
2414 4078 2600 4129 carne,
2644 4067 2850 4129 anima,
2892 4067 3201 4131 divinitate,
3246 4084 3369 4138 quae
3401 4070 3472 4125 sit
3508 4070 3705 4126 mentis

2116 4155 2315 4218 instar,
2339 4157 2591 4212 exsistat.
2624 4156 2737 4212 Hoc
2757 4159 2924 4230 igitur
2948 4160 3109 4215 modo
3137 4161 3478 4231 deprehensa
3521 4163 3575 4217 in
3614 4163 3705 4218 illo

2117 4256 2265 4301 tanta
2288 4250 2659 4306 contentioids
2684 4252 2928 4318 libidine,
2948 4268 3072 4307 cum
3088 4252 3154 4307 ad
3180 4268 3299 4308 eam
3324 4269 3436 4310 rem
3456 4254 3705 4325 pluribus

2116 4338 2580 4408 disputassemus,
2615 4342 2827 4412 1017
2868 4352 2921 4398 et
2957 4359 3022 4399 ex
3060 4358 3343 4398 sacrarum
3371 4341 3704 4399 Litterarum

2120 4433 2451 4488 auctoritate
2476 4436 3017 4504 comprobassemus,
3048 4438 3364 4492 necessario
3408 4437 3569 4493 fateri
3599 4452 3704 4494 nos

2119 4534 2376 4596 oportere
2404 4567 2420 4591 ,
2451 4528 2634 4581 omnia
2664 4543 2694 4581 a
2726 4526 2915 4583 Verbo
2946 4528 3184 4599 perfecte
3220 4530 3390 4586 fuisse
3421 4539 3702 4602 suscepta,

2117 4627 2172 4673 et
2198 4620 2252 4673 in
2293 4630 2571 4689 assumpta
2602 4636 2771 4676 carne
2798 4621 3040 4692 perfecte
3071 4622 3260 4679 itidem
3294 4624 3701 4689 administrata,

2117 4725 2280 4779 quam
2315 4719 2445 4780 post
2494 4726 2731 4766 resurret
2752 4714 2957 4767 tionem
3006 4727 3161 4768 suam
3195 4713 3435 4783 perfecte
3466 4713 3572 4769 sibi
3611 4727 3702 4768 co-

2118 4801 2322 4872 pularit
2347 4821 2361 4856 :
2394 4801 2530 4857 adeo
2553 4809 2612 4856 ut
2638 4805 2886 4858 eamdem
2921 4802 3084 4857 modo
3106 4803 3451 4873 spiritualem
3476 4803 3702 4860 omnino

2117 4894 2385 4949 redditam
2410 4936 2427 4957 ,
2469 4911 2580 4948 nim
2646 4895 2810 4948 aliam
2871 4910 2937 4950 ae
2978 4881 3288 4959 diversam,
3319 4910 3445 4950 cum
3481 4895 3701 4967 propria

2118 4987 2403 5042 divinitate
2434 4987 2488 5040 in
2518 4988 2817 5056 semetipso
2847 4986 3197 5057 eonjunctam
3254 4987 3466 5051 habeat,
3498 4995 3554 5042 et
3593 5001 3700 5040 una

2118 5093 2185 5133 ex
2229 5079 2321 5132 illa
2353 5079 2695 5148 perfectione
2729 5078 2998 5135 divinitas
3030 5086 3368 5151 consurgat;
3404 5088 3570 5149 atque
3610 5068 3700 5134 illa

2121 5179 2402 5240 postrema
2439 5178 2635 5225 natura
2666 5170 2733 5224 ad
2775 5169 3058 5227 dexteram
3088 5171 3268 5227 Patris
3294 5170 3351 5225 in
3373 5172 3536 5236 caelo,
3559 5178 3618 5225 et
3646 5172 3699 5226 in

2119 5265 2470 5336 sempiternae
2524 5262 2919 5319 dominationis
2977 5279 3042 5318 ae
3088 5262 3242 5335 regni
3308 5262 3699 5334 augustissimo

2119 5356 2320 5411 throno
2348 5354 2655 5411 consideat.
2701 5354 2827 5409 llaec
2859 5355 2948 5410 ubi
2980 5355 3365 5422 disseruimus,
3402 5369 3527 5410 cum
3561 5354 3682 5409 utri

2116 5464 2224 5517 que
2254 5448 2396 5518 parti
2448 5456 2672 5518 propter
2700 5447 3009 5503 animorum
3046 5432 3405 5518 pertinaciam
3466 5457 3696 5505 conten-

2119 5543 2436 5609 tionemque
2470 5540 2604 5593 nihil
2638 5540 3118 5611 persuaderemus,
3162 5556 3220 5595 re
3262 5540 3466 5595 iuncta
3493 5541 3695 5597 disces-

2119 5629 2315 5685 simus.
2367 5629 2708 5685 lntelleetnm
2760 5645 2890 5685 vero
2940 5632 3087 5686 istud
3138 5641 3247 5696 est,
3297 5648 3407 5687 non
3459 5634 3528 5688 de
3577 5634 3695 5689 sola

2090 5713 2300 5778 'mcnte
2366 5722 2796 5792 disputationem
2852 5719 2993 5777 bane
3041 5723 3167 5781 illos
3218 5724 3536 5797 ingressos,
3600 5724 3693 5782 sed
