4134 6392
431 424 538 480 675

1827 424 1886 479 S.
1929 423 2270 483 EPlPllANll

3598 427 3703 483 (575

431 546 629 610 praeter
652 535 783 590 illud
805 533 872 589 de
898 543 1100 598 mente,
1125 537 1272 590 aliud
1300 549 1524 606 quoque
1555 535 1753 602 dogma
1777 541 2000 594 sectari.

2113 559 2197 596 σιν
2251 541 2540 612 ἐνομίζετο
2589 535 2728 595 εἶναι
2771 539 2832 594 τὸ
2873 539 3111 611 πνεῦμα,
3159 539 3220 593 τὸ
3253 539 3340 594 ἀεὶ
3377 540 3435 593 ὲν
3467 541 3534 611 τῇ
3583 537 3706 612 θείᾳ

405 629 714 690 interdum
767 627 912 682 enim
949 643 1016 680 ne
1051 627 1290 681 animam
1341 628 1560 698 quidem
1607 629 1887 685 Christum
1921 647 2012 688 as-

429 721 736 790 sumpsisse
788 718 1052 772 ferebant.
1095 718 1302 772 Contra
1348 735 1473 790 quze
1523 719 1657 774 illud
1707 722 2012 792 objicieba-

429 828 554 866 mus
585 829 598 866 :
632 811 771 876 Quid
820 809 1040 863 tandem
1087 811 1291 879 putatis
1327 827 1452 867 esse
1489 815 1764 868 mentem?
1800 814 2018 869 Utrum-

430 921 556 959 nam
587 903 907 975 hypostasin
939 919 1066 959 esse
1089 904 1384 974 quamdam
1416 907 1473 960 in
1496 906 1717 964 homine
1745 910 2014 964 creditis?

431 997 708 1066 Multiplex
741 1004 824 1050 est
857 996 1020 1061 igitur
1059 997 1240 1051 homo.
1285 997 1366 1052 Ad
1405 999 1516 1054 hzec
1555 1003 1836 1057 nonnullis
1893 1004 2014 1073 pla-

2119 635 2333 706 Γραφῇ,
2360 637 2418 688 ὲν
2439 633 2516 704 τῷ
2542 631 2814 705 ἀνθρώπῳ
2842 632 3119 703 ᾀδόμενον.
3153 631 3283 683 Ὅτε
3311 630 3369 683 δὲ
3397 629 3573 694 ὲδείξα
3585 645 3700 698 μεν;

2121 725 2196 788 ὼς
2219 726 2315 795 οὑχ
2345 727 2373 777 6
2396 724 2520 788 νοῦς
2546 725 2663 778 ἐστι
2691 725 2752 776 τὸ
2783 723 3021 794 πνεῦμα,
3040 722 3134 776 τοῦ
3170 721 3490 775 Ἀποστόλου
3515 719 3704 789 σαφῶς

2120 815 2398 884 λέγοντος⁸
2435 815 2612 869 Ψαλῶ
2647 814 2727 880 τῷ
2755 815 2869 878 νοῒ,
2911 813 3088 882 ψαλῶ
3119 811 3197 878 τῷ
3226 815 3535 881 πνεύματι.
3590 813 3703 865 Ἐν-

2120 906 2312 960 τεῦθεν
2342 906 2527 960 πολλοὶ
2555 907 2652 976 μὲν
2682 903 2838 977 ῆσανι
2855 907 2904 958 οἱ
2939 906 3089 974 λόγοι
3113 923 3126 936 ο
3149 905 3249 958 οὑκ
3275 904 3619 976 ἠδυνήθημεν
3645 903 3699 956 δὲ

2123 1001 2317 1063 αὐτοὺς
2348 1003 2532 1054 πεῖσαι
2560 999 3018 1067 φιλονεικοῦντας.

428 1091 608 1152 cebat,
644 1089 776 1142 nihil
805 1104 928 1143 esse
962 1097 1196 1145 mentem
1233 1091 1382 1146 aliud
1413 1108 1577 1164 quam
1612 1096 1884 1165 spiritum,
1921 1097 2011 1167 qui
2052 1095 2262 1148 homini
2293 1095 2498 1164 passim
2533 1093 2585 1147 in
2624 1093 2930 1162 Scripturis
2978 1091 3267 1146 tribuitur.
3316 1089 3517 1145 Verum
3576 1106 3698 1144 cum

430 1191 666 1235 mentem
741 1196 1088 1250 nequaquam
1137 1182 1391 1248 spiritum
1446 1199 1570 1241 esse
1644 1187 2199 1253 demonstraremus,
2261 1202 2327 1240 ex
2409 1181 2474 1239 eo
2534 1185 2680 1254 quod
2757 1186 2964 1239 diserte
3038 1183 3262 1252 scripsit
3347 1181 3689 1252 Apostolus:

429 1267 674 1325 Psallam
709 1283 898 1334 mente,
949 1272 1180 1340 psallam
1208 1283 1258 1328 et
1292 1275 1517 1343 spiritu'
1551 1295 1564 1342 ;

429 1363 571 1417 tiose
610 1366 954 1420 certantibus
992 1365 1324 1435 persuadere
1357 1369 1658 1436 potuimus.

497 1457 686 1514 XXIV.
729 1457 926 1514 Postea
966 1474 1097 1513 vero
1130 1474 1256 1513 cum
1303 1461 1602 1515 nonnullos
1637 1478 1705 1518 ex
1751 1462 1821 1517 iis
1861 1462 2006 1516 hunc

429 1550 482 1603 in
524 1550 742 1603 modum
780 1550 1222 1620 aggrederentur.
1261 1551 1402 1618 Quid
1437 1553 1696 1609 tandem?
1726 1553 1864 1609 Num
1907 1555 2006 1626 hy-

428 1644 673 1710 postasin
705 1655 826 1695 esse
877 1649 1111 1696 mentem
1157 1644 1449 1699 asseritis?
1491 1645 1578 1700 cui
1610 1661 1734 1699 cum
1777 1647 1847 1700 ita
1889 1649 2006 1716 qui-

427 1732 552 1784 dam
609 1739 1008 1794 occurrerent,
1064 1741 1121 1784 ut
1169 1733 1487 1804 hypostasin
1541 1743 1802 1803 negarent
1851 1751 2007 1800 esse;

426 1823 570 1892 quod
597 1824 675 1877 eis
707 1838 1183 1892 persuaseramus,
1221 1840 1329 1877 non
1365 1825 1417 1876 id
1456 1840 1579 1878 esse
1625 1833 1883 1888 mentem.
1912 1842 2009 1879 ne-

425 1931 530 1984 que
578 1916 822 1982 spiritum
879 1914 1068 1981 illum,
1116 1916 1207 1985 qui
1253 1916 1556 1986 appellatur
1592 1915 1852 1980 hominis,
1883 1933 2005 1971 cum

423 2008 687 2074 scriptum
722 2006 795 2059 sit
829 2025 841 2058 :
879 2006 1122 2059 Psallam
1176 2018 1348 2061 mente
1374 2047 1389 2071 ,
1433 2008 1662 2077 psallam
1709 2019 1756 2061 et
1791 2010 2009 2081 spiritu;

423 2114 548 2151 cum
596 2098 864 2152 adversus
915 2098 1028 2152 haec
1081 2100 1214 2153 nihil
1267 2100 1532 2155 haberent
1584 2101 1729 2171 quod
1773 2116 2010 2172 oppone-

423 2202 546 2247 rent
587 2211 600 2246 :
656 2202 771 2246 tum
805 2211 998 2264 urgere
1031 2195 1112 2250 sic
1145 2197 1417 2266 carpimus
1445 2216 1457 2251 :
1487 2195 1545 2250 Si
1574 2212 1726 2253 mens
1760 2214 1869 2252 non
1912 2199 2010 2270 hy-

424 2288 662 2356 postasis
688 2297 806 2351 est,
841 2289 934 2341 sed
966 2289 1135 2343 totius
1175 2289 1489 2360 hypostasis
1522 2299 1724 2346 nostrae
1757 2293 2006 2362 quzedam

425 2379 625 2436 motio.
661 2393 785 2432 cum
818 2379 1098 2434 Christum
1141 2389 1378 2435 mentem
1426 2393 1551 2436 esse
1594 2383 1698 2436 hac
1739 2397 1803 2436 ex
1851 2392 2008 2453 parte

421 2469 626 2526 velitis.
656 2469 904 2524 emndetn
940 2471 1166 2525 minime
1233 2467 1625 2527 subsistentem
1673 2473 1900 2544 ﬁngitis,
1942 2490 2006 2528 ac

421 2561 602 2615 verbis
665 2569 825 2616 tenus
856 2569 910 2616 et
943 2563 1124 2632 specie
1151 2571 1327 2616 totum
1358 2565 1491 2619 illud
1521 2568 1796 2636 negmium
1827 2568 2006 2620 incar—

421 2651 661 2706 nationis
685 2653 910 2708 obiisse.
945 2652 1129 2709 Nihilo
1162 2655 1338 2726 magis
1373 2655 1440 2710 ad
1471 2657 1588 2711 haec
1621 2659 1890 2713 rationem
1923 2659 2006 2712 ul-

421 2744 528 2796 lam
571 2745 840 2799 extricare
887 2755 1161 2816 poterant.
1205 2746 1283 2800 Ex
1331 2748 1398 2803 iis
1430 2749 1589 2819 longe
1647 2750 2005 2806 acerbissimo

419 2835 609 2890 dolore
661 2851 725 2889 ac
755 2837 1004 2892 molestia
1031 2852 1226 2893 sumus
1260 2837 1462 2903 allecti,
1515 2842 1658 2910 quod
1697 2841 1838 2895 inter
1865 2857 2005 2912 pra:-

419 2928 600 2983 claros
630 2928 752 2982 i'llos
803 2943 868 2982 ac
923 2929 1083 2983 laude
1115 2929 1308 2999 dignos
1340 2929 1538 2986 fratres
1575 2939 1794 2988 nostros
1838 2941 2004 2988 tantae

420 3020 808 3075 contentiones
856 3035 919 3074 ac
971 3020 1278 3076 simultates
1314 3021 1754 3088 intercederent,
1791 3034 1848 3078 ut
1880 3042 2003 3096 per-

420 3121 612 3180 petuas
662 3110 715 3163 in
772 3125 874 3164 nos
925 3110 1303 3165 dissensiones
1354 3113 1860 3184 importunissimus
1912 3119 2002 3172 ille

421 3201 644 3256 humani
685 3201 901 3268 generis
930 3201 1107 3256 hostis
1142 3200 1394 3257 diabolus
1457 3205 1733 3260 immittat.
1787 3209 2003 3280 1018
2030 3247 2074 3302 υ

420 3293 486 3346 Ει
506 3309 635 3348 vero
657 3295 753 3348 tali
786 3294 841 3348 in
871 3296 1075 3349 erroris
1105 3305 1449 3366 argumento,
1478 3297 1696 3365 fratres,
1724 3304 1993 3372 prmcipua

418 3385 667 3455 quaedam
699 3384 851 3438 fraus
879 3385 1376 3442 circumveniendis
1409 3389 1688 3443 hominum
1724 3393 1997 3446 mentibus

419 3485 690 3531 versatur.
734 3475 848 3532 Nisi
897 3478 1042 3531 enim
1075 3477 1143 3534 de
1176 3494 1240 3533 ea
1291 3495 1350 3534 re
1400 3482 1553 3535 initio
1587 3481 1725 3537 foret
1763 3485 1997 3538 excitata

419 3569 750 3638 disputatio,
782 3569 1253 3639 simplicissimum
1281 3563 1542 3642 quiddam
1572 3583 1710 3630 erat.
1755 3575 1997 3646 Ecquam

418 3661 565 3714 enim
603 3659 809 3714 mundo
849 3661 1068 3714 novitas
1099 3661 1213 3715 haec
1249 3663 1536 3717 utilitatem
1572 3667 1876 3720 conscivit?
1905 3674 2000 3720 aut

419 3751 550 3820 quid
591 3751 848 3806 Ecclesiae
883 3752 1129 3821 profuit?
1165 3751 1357 3809 Nonne
1397 3755 1756 3812 vehementer
1791 3759 1998 3822 nocuit,

422 3858 544 3896 cum
588 3843 908 3897 intestinum
971 3845 1159 3898 odium
1218 3847 1660 3918 simultatemque
1707 3850 2003 3904 conllarit?

422 3933 527 3988 Sed
559 3935 650 3988 ubi
679 3935 845 4004 semel
881 3934 1078 4003 dogma
1115 3935 1248 3988 illud
1280 3937 1446 4008 etrapit
1479 3954 1777 4009 emergere,
1815 3941 2000 3994 formi-

421 4026 834 4082 dolosissimum
870 4029 1099 4083 exstitit.
1151 4028 1270 4084 Non
1323 4031 1468 4085 enim
1503 4030 1570 4083 ad
1604 4032 2000 4102 expeditiorem

424 4119 664 4188 aliquam
697 4119 892 4174 salutis
921 4128 1122 4174 nostra:
1154 4121 1296 4174 viam
1355 4136 1419 4174 ac
1444 4123 1711 4176 rationem
1745 4123 2002 4177 refertur.

419 4207 746 4277 Quicunque
774 4224 906 4262 vero
935 4225 1042 4262 non
1074 4210 1126 4263 in
1165 4209 1264 4263 hac
1296 4209 1456 4263 modo
1492 4221 1664 4280 parte,
1715 4209 1811 4264 sed
1837 4213 1918 4265 vel
1947 4211 2002 4264 in

421 4297 699 4352 levissima
747 4299 925 4367 aliqua
974 4300 1255 4352 veritatem
1298 4299 1521 4354 minime
1576 4299 1886 4370 proﬁtetur,
1939 4301 2004 4354 ll-

421 4384 545 4439 dem
583 4385 628 4440 is
656 4384 901 4455 ejurasse
931 4387 1269 4443 censebitur.
1316 4387 1528 4458 Quippe
1572 4405 1638 4443 ne
1671 4387 1725 4442 in
1776 4389 2003 4444 minimo

429 4474 647 4544 quidem
681 4491 712 4529 a
744 4477 993 4531 veritatis
1023 4478 1107 4530 via
1154 4476 1444 4532 deﬂectere
1477 4488 1713 4549 oportet.
1747 4479 2000 4550 Quapro-

1615 1278 1820 1334 multus
1851 1295 1913 1333 ea
1948 1286 2017 1328 de
2052 1295 2110 1333 re
2139 1280 2300 1333 nobis
2346 1284 2511 1331 natus
2538 1285 2621 1330 est
2647 1290 2855 1340 sermo,
2893 1291 2992 1330 nec
3050 1275 3184 1345 ipsis
3228 1282 3410 1329 tamen
3467 1282 3696 1328 conten-

2182 1461 2309 1514 KA'.
2354 1453 2489 1512 Εἶτα
2531 1457 2692 1511 πάλιν
2737 1459 2879 1512 τισὶν
2927 1457 3086 1528 ἡμῶν
3127 1457 3422 1526 λεγόντων·
3467 1457 3533 1509 Τί
3563 1459 3695 1530 γάρς

2118 1551 2414 1606 ὑπόστασιν
2473 1549 2562 1604 τὸν
2579 1550 2704 1604 νοῦν
2731 1549 2867 1604 εἶναι
2887 1551 3102 1619 λέγετε;
3134 1551 3306 1602 Τινῶν
3332 1551 3386 1603 δὲ
3404 1551 3581 1603 αὐτῶν
3610 1552 3697 1604 λε-

2113 1642 2319 1710 γόντων
2349 1641 2422 1712 μὴ
2453 1635 2590 1693 εἶναι
2625 1641 2922 1693 ὑπόστασιν
2941 1681 2955 1703 ,
2993 1639 3099 1692 ἀπὸ
3128 1640 3222 1692 τοῦ
3268 1641 3417 1709 ἡμᾶς
3441 1640 3698 1694 πεπεικέ-

2109 1751 2196 1788 ναι
2238 1735 2454 1798 αὑτοὺς,
2486 1736 2566 1788 ὅτι
2612 1735 2672 1788 ού
2703 1733 2810 1805 χρὴ
2840 1732 3081 1802 νομίζειν
3117 1732 3297 1795 αὑτὸν,
3344 1732 3467 1784 οὔτε
3507 1733 3571 1785 τὸ
3600 1751 3699 1785 κα-

2109 1825 2372 1896 λούμενον
2403 1825 2720 1893 ἀνθρώπου
2764 1824 3020 1892 πνεῦμα,
3056 1823 3143 1876 διὰ
3179 1824 3238 1875 τὸ
3279 1825 3484 1876 εἰπεῖν·
3519 1821 3698 1876 Ψα.1ῶ

2112 1917 2194 1983 τῷ
2225 1917 2342 1977 νοῒ,
2373 1917 2550 1985 ψαλῶ
2582 1916 2679 1969 καὶ
2710 1913 2790 1980 τῷ
2819 1918 3133 1985 πνεύματι,
3163 1915 3236 1986 μὴ
3267 1917 3498 1986 ἐχόντων
3519 1915 3697 1969 αὐτῶν

2113 2009 2250 2079 πρὸς
2272 2009 2429 2062 τοῦτο
2456 2010 2508 2061 τί
2542 2008 2742 2078 λέγειν,
2773 2008 3032 2077 ἐλέγομεν
3057 2022 3070 2035 ·
3102 2008 3312 2062 Οὐκοῦν
3347 2011 3395 2060 εἰ
3427 2009 3525 2061 οὑκ
3551 2009 3696 2061 ἐστιν

2115 2103 2411 2165 ὑπόστασις
2444 2104 2473 2154 6
2515 2102 2672 2165 νοῦς,
2727 2100 2865 2153 ἀλλὰ
2912 2100 3124 2168 κίνησις
3168 2101 3267 2170 τῆς
3313 2099 3468 2170 ἡμῶν
3517 2101 3696 2169 πάσης

2115 2193 2482 2256 ὑποστάσεως,
2527 2193 2652 2245 νοῦν
2677 2193 2731 2245 δὲ
2763 2193 2950 2258 λέγετε
2982 2191 3072 2243 τὸν
3101 2191 3334 2262 Χριστὸν
3365 2191 3506 2244 κατὰ
3538 2191 3695 2244 τοῦτο

2111 2285 2172 2338 τὸ
2195 2279 2357 2356 μέρος
2379 2284 2515 2353 ’ἄρα
2541 2281 2633 2337 οὖν
2668 2282 3008 2352 φαντάζεσθε
3038 2284 3410 2336 ἀνυπόστατον
3441 2279 3578 2336 εἶναι
3603 2282 3694 2335 τὸν

2113 2375 2367 2446 Χριστὸν,
2403 2375 2497 2427 xui.
2530 2375 2690 2444 μόνον
2729 2375 2832 2436 ἕως
2863 2373 3022 2440 λόγου
3052 2376 3144 2425 καὶ
3169 2373 3441 2444 δοκήσεως
3474 2372 3573 2444 τὴν
3609 2374 3695 2424 ὲν-

2109 2463 2312 2533 δημίαν
2339 2463 2440 2532 τῆς
2468 2462 2732 2534 ὲνσάρκου
2786 2461 3087 2532 παρουσίας
3121 2462 3283 2514 αὑτὸν
3334 2461 3689 2532 πεποιηκότα.

2124 2554 2396 2617 Ὡσαύτως
2415 2555 2515 2607 οὑκ
2543 2551 2688 2624 εἶχον
2717 2553 3010 2607 ἀποδοῦναι
3037 2554 3213 2622 λόγον.
3241 2556 3351 2608 Καὶ
3374 2555 3539 2626 πολλὴ
3563 2559 3694 2626 ἡμῖν

2111 2647 2301 2714 γέγονε
2330 2647 2451 2699 τότε
2483 2644 2703 2716 λυπηρὰ
2748 2649 2780 2715 ή
2824 2647 2922 2716 τῆς
2953 2646 3100 2715 ζωῆς
3129 2647 3481 2710 κατάστασις,
3515 2649 3596 2700 ὃτι
3635 2651 3693 2700 ἐν

2110 2741 2222 2800 τοῖς
2255 2738 2676 2810 προειρημένοις
2715 2737 2965 2805 ἀδελφοῖς
3004 2737 3098 2789 καὶ
3128 2740 3432 2801 ἐπαινετοῖς
3465 2738 3693 2809 ἐϐλήθη-

2113 2847 2212 2882 σαν
2241 2829 2428 2892 άπλῶς
2454 2829 2798 2898 φιλονεικίαι,
2832 2830 2919 2883 ἵνα
2950 2830 3258 2892 διαστάσεις
3307 2831 3365 2882 ἐν
3403 2832 3534 2900 ἡμῖν
3559 2832 3694 2885 πάν-

2109 2939 2231 2976 τοτε
2259 2927 2288 2976 6
2322 2921 2725 2993 προειρημένος
2755 2921 2863 2974 τῶν
2895 2921 3200 2993 ἀνθρώπων
3228 2922 3484 2991 πολέμιος
3513 2923 3694 2975 διάϐο-

2111 3013 2199 3077 λος
2226 3013 2609 3086 ἐξεργάσηται.
2636 3014 2811 3084 Πολλὴ
2845 3013 2902 3067 δέ
2933 3016 3048 3066 ζεστι
3082 3013 3183 3083 τῆς
3208 3013 3462 3084 τοιαύτης
3493 3013 3689 3075 αἰτίας,

2112 3107 2362 3176 ἀδελφοὶ,
2393 3109 2426 3178 ή
2458 3108 2576 3160 κατ’
2610 3105 2817 3160 ἔννοιαν
2849 3106 3043 3176 βλάϐη.
3077 3107 3140 3159 Εἰ
3170 3105 3268 3176 μὲν
3295 3106 3406 3176 γὰρ
3435 3106 3494 3173 ἐξ
3520 3107 3692 3178 ἀρχῆς

2111 3202 2238 3270 περὶ
2263 3199 2454 3252 τούτου
2484 3200 2584 3252 οὑκ
2613 3197 2836 3269 ἐκινήθη
2887 3197 3064 3266 λόγος,
3098 3198 3470 3253 ἁπλούστατον
3498 3197 3564 3270 ἢν
3584 3216 3599 3231 ·
3639 3207 3693 3252 τί

2108 3291 2218 3362 γὰρ
2250 3291 2406 3344 τοῦτο
2435 3291 2526 3343 τὸν
2557 3290 2759 3360 κόσμον
2792 3290 2968 3360 ὢνησε
2997 3289 3058 3342 τὸ
3087 3289 3490 3360 καινοτόμημα,
3522 3291 3555 3362 ἢ
3594 3289 3694 3360 τὴν

2115 3383 2441 3454 Ἐκκλησίαν
2472 3383 2786 3454 ώφέλησεν;
2825 3383 2897 3434 Ἦ
2943 3383 3062 3451 οὑχὶ
3095 3382 3297 3451 μᾶλλον
3326 3383 3548 3452 ἔϐλαψε,
3598 3386 3686 3453 μῖ-

2103 3493 2192 3540 σος
2224 3476 2316 3528 καὶ
2350 3476 2537 3528 στάσιν
2562 3475 2964 3546 ὲργασάμενον;
3001 3474 3218 3546 Ἐπειδὴ
3242 3474 3297 3526 δὲ
3322 3477 3351 3528 6
3378 3475 3534 3542 λόγος
3571 3489 3696 3544 προ-

2103 3568 2328 3638 εϐλήθη,
2365 3567 2594 3638 φοϐερὸς
2639 3567 2884 3635 γέγονεν.
2935 3567 3010 3618 0i.-
3054 3565 3164 3636 γάρ
3207 3569 3290 3629 εἰς
3335 3567 3394 3620 τὸ
3439 3569 3692 3639 κρεῖσσον

2102 3663 2201 3732 τῆς
2227 3661 2383 3732 ήμῶν
2410 3660 2704 3732 σωτηρίας.
2743 3661 3009 3729 Ἀρνησις
3035 3660 3143 3728 γάρ
3171 3659 3317 3711 ἐστιν
3344 3659 3405 3711 οὑ
3439 3659 3599 3729 μόνον
3631 3659 3690 3710 ὲν

2103 3755 2277 3825 τούτῳ
2311 3753 2388 3824 τῷ
2439 3754 2593 3825 μέρει
2641 3752 2716 3823 τῷ
2768 3752 2841 3824 μὴ
2887 3752 3256 3822 ὁμολογοῦντι,
3306 3750 3442 3804 ἀλλὰ
3494 3752 3589 3804 καὶ
3632 3753 3692 3803 ἐν

2109 3846 2434 3918 βραχυτάτῳ
2463 3845 2589 3900 τινί.
2620 3845 2694 3897 Οὐ
2720 3843 2826 3914 χρὴ
2856 3842 2964 3913 γὰρ
2993 3843 3116 3895 οὑδὲ
3147 3841 3250 3894 κᾶν
3277 3843 3334 3895 ὲν
3365 3842 3444 3911 τῷ
3470 3839 3690 3910 τυχόντι

2106 3936 2544 4010 παρεξέρχεσθαι
2577 3936 2676 4005 τῆς
2703 3934 2823 3988 ὁδοῦ
2847 3935 2946 4004 τῆς
2977 3932 3259 4003 ἀληθείας.
3288 3931 3546 4002 Λέξωμεν
3579 3933 3690 3984 τοί-

2106 4049 2203 4084 νυν
2233 4031 2327 4084 καὶ
2357 4029 2497 4083 κατὰ
2527 4027 2734 4098 ταύτης
2761 4028 2860 4098 τῆς
2896 4026 3225 4091 ὑποθέσεως,
3269 4024 3580 4094 βουλόμενοι
3613 4024 3688 4094 μὴ

2107 4124 2212 4189 ἔξω
2246 4123 2344 4193 τῆς
2379 4121 2594 4175 ἑαυτῶν
2623 4119 2770 4191 ζωῆς
2804 4119 3027 4190 βαίνειν,
3078 4117 3212 4188 μηδὲ
3239 4116 3330 4169 τὸν
3354 4115 3557 4168 κανόνα
3585 4132 3652 4168 κα
3681 4147 3684 4149 λ

2105 4213 2463 4283 ταλιμπάνειν
2493 4211 2592 4282 τῆς
2628 4210 2786 4279 ἁγίας
2822 4209 2957 4262 Θεοῦ
3001 4208 3329 4278 Ἑκκλησίας
3361 4207 3456 4259 καὶ
3505 4205 3688 4275 ὁμολο·

2107 4305 2252 4374 γίας.
2286 4304 2472 4356 Οὑδενὶ
2514 4303 2622 4374 γὰρ
2671 4302 2892 4355 πώποτε
2925 4301 3034 4353 τῶν
3076 4299 3322 4353 παλαιῶν
3350 4297 3507 4350 τοῦτο
3536 4296 3689 4368 εἴρη-

2107 4415 2217 4459 ται,
2235 4395 2358 4448 οὗτε
2385 4397 2657 4467 προφήτῃ,
2677 4392 2800 4447 οὔτε
2829 4391 3131 4462 ἁποστόλῳ,
3162 4389 3286 4444 οὔτε
3306 4389 3684 4458 εὑαγγελιστῇ,

2108 4487 2169 4542 οὑ
2203 4505 2309 4542 τινι
2332 4486 2440 4541 τῶν
2487 4485 2788 4557 ἐξηγητῶν,
2841 4485 2945 4548 ἓως
3000 4483 3200 4536 τούτων
3246 4482 3354 4534 τῶν
3403 4481 3685 4551 ἡμετέρων

424 4577 545 4638 pter
571 4568 734 4622 etiam
775 4568 1041 4622 adversus
1091 4568 1405 4638 opinionem
1439 4569 1585 4622 illam
1633 4569 1999 4640 disputemus,

2108 4580 2344 4651 χρόνων
2372 4578 2430 4644 ἐξ
2459 4572 2519 4631 οῦ
2551 4577 2744 4649 καιροῦ
2780 4576 2888 4630 ἀπὸ
2919 4574 3012 4628 τοῦ
3065 4573 3461 4646 προειρημένου
3494 4571 3686 4639 λογιω-

421 4674 546 4714 eum
572 4674 671 4714 nec
707 4659 1007 4714 abhorrere
1036 4675 1066 4713 a
1094 4661 1206 4714 vita
1235 4669 1445 4725 nostra,
1471 4677 1648 4732 neque
1681 4671 1884 4717 sancta:
1907 4662 2002 4717 Dei

422 4750 680 4805 Ecclesia.
713 4750 945 4820 ﬁdeique
977 4752 1217 4821 regulam
1264 4752 1517 4808 deserere
1549 4756 1698 4808 omni
1748 4770 1853 4825 ope
1883 4763 2000 4809 stu-

423 4841 668 4896 dcainus.
706 4840 899 4896 Nullus
945 4843 1091 4895 enim
1129 4859 1367 4913 unquam
1416 4861 1482 4898 ex
1538 4846 1814 4901 veteribus
1861 4847 1996 4902 illud

423 4933 660 4986 asseruit
689 4950 704 4986 :
736 4948 844 4985 non
886 4933 1174 5002 propheta,
1209 4950 1316 4987 non
1354 4937 1666 5004 apostolus,
1701 4952 1810 4992 non
1837 4953 2000 4992 evan-

423 5025 648 5091 gelista,
688 5040 796 5078 non
833 5025 1192 5094 interpretum
1225 5028 1460 5098 aliquis,
1493 5032 1587 5098 qui
1623 5029 1689 5083 ad
1744 5040 1995 5085 nostrum

425 5128 598 5184 usque
644 5122 860 5183 tempus
908 5117 1276 5180 exstiterunt;
1336 5134 1364 5169 a
1395 5133 1505 5186 quo
1545 5119 1849 5188 sOpiiistica
1909 5121 1999 5174 illa

423 5206 870 5276 cavillatoriaque
911 5222 1016 5260 vos
1054 5223 1119 5262 ex
1163 5209 1525 5264 eruditissimi
1565 5212 1710 5266 illius
1761 5213 2000 5268 hominis

423 5312 520 5353 ore
576 5298 863 5369 processit.
927 5297 1045 5354 Non
1093 5299 1237 5353 enim
1303 5301 1634 5356 mediocrem
1691 5305 2000 5358 litterarum

425 5390 710 5444 scientiam
742 5388 916 5442 fuerat
945 5389 1032 5443 ille
1061 5398 1418 5455 consecutus,
1467 5407 1592 5445 cum
1620 5400 1673 5446 et
1701 5393 2001 5448 humanio-

425 5483 577 5536 ribus
627 5481 941 5551 Graecisque
971 5467 1279 5551 disciplinis
1309 5489 1457 5538 esset
1484 5485 1761 5550 excultus,
1806 5493 1861 5539 et
1888 5486 2000 5539 dia-

428 5577 674 5652 lecticam
708 5592 769 5632 ac
800 5577 1155 5647 sophisticam
1199 5586 1371 5632 artem
1421 5579 1477 5633 in
1513 5581 1706 5650 primis
1740 5581 1992 5648 calleret;

2098 4673 2260 4726 τάτου
2294 4671 2484 4739 ἀνδρὸς
2528 4671 2588 4722 τὸ
2625 4669 2865 4723 τοιοῦτον
2897 4666 3208 4736 σοφιστικὸν
3231 4665 3471 4735 προῆλθε
3506 4663 3680 4734 ῥῆμα.

2103 4764 2322 4835 Παιδείᾳ
2355 4763 2464 4835 γὰρ
2495 4764 2557 4815 οὑ
2592 4766 2660 4833 τῇ
2689 4761 2922 4832 τυχούσῃ
2961 4762 2990 4812 ὁ
3044 4761 3184 4829 ἀνὴρ
3217 4757 3536 4829 ὲξήσκηται,
3575 4756 3684 4808 ἀπὸ

2100 4858 2198 4926 τῆς
2225 4857 2332 4908 τῶν
2365 4856 2536 4924 λόγων
2567 4851 3009 4926 προπαιδεύσεώς
3031 4869 3092 4904 τε
3125 4852 3218 4904 καὶ
3263 4848 3583 4919 Ἑλληνικῆς
3604 4845 3682 4900 δι-

2099 4947 2392 5010 δασκαλίας
2414 4947 2753 5018 ὁρμώμενος,
2791 4944 2970 4998 πᾶσάν
2999 4960 3060 4996 τε
3089 4941 3434 5006 διαλεκτικὴν
3464 4941 3558 4992 καὶ
3587 4955 3681 4990 σο·-

2105 5039 2360 5108 φιστικὴν
2403 5038 2852 5107 πεπαιδευμένος·
2897 5035 3030 5088 ἀλλὰ
3075 5033 3170 5088 καὶ
3226 5033 3315 5087 τὸν
3361 5031 3518 5086 ἄλλον
3567 5031 3681 5101 βίον

2099 5131 2456 5201 σεμνότατος,
2502 5131 2596 5182 καὶ
2629 5130 2738 5181 τῶν
2768 5129 2906 5198 πρὸς
2932 5125 3244 5198 ὀρθοδόξους
3273 5125 3361 5177 ἀεὶ
3393 5126 3451 5175 ὲν
3489 5123 3678 5192 ἀγάπῃ

2098 5224 2156 5274 ὲν
2179 5221 2379 5292 πρώτῳ
2408 5220 2626 5290 ἀριθμῷ
2661 5221 3002 5290 ταττόμενος,
3025 5218 3130 5280 ἓως
3160 5217 3349 5270 τούτου
3383 5215 3477 5268 τοῦ
3521 5215 3681 5280 λόγου

2098 5311 2384 5382 διέμεινεν.
2426 5312 2584 5363 Ἀλλὰ
2620 5311 2714 5364 καὶ
2740 5310 2953 5380 ὲξορίαν
2979 5309 3260 5378 ὑπέμεινε,
3282 5307 3368 5359 διὰ
3393 5306 3453 5359 τὸ
3477 5305 3551 5376 μῆ
3571 5308 3683 5367 τοῖς

2114 5402 2410 5472 Ἀρειανοῖς
2450 5401 2886 5470 συγκαταθεῖναι.
2945 5401 3056 5453 Καὶ
3108 5400 3159 5452 τί
3201 5417 3266 5470 με
3329 5399 3412 5450 δεῖ
3472 5397 3680 5464 λέγειντ

2103 5494 2279 5565 Πολλὴ
2312 5495 2466 5564 ἡμῶν
2505 5497 2537 5564 ἡ
2567 5494 2708 5564 λύπη
2731 5534 2744 5557 ,
2783 5493 2878 5547 καὶ
2904 5493 3097 5556 πένθος
3123 5494 3155 5562 ἡ
3183 5491 3294 5561 ζωὴ
3319 5533 3333 5554 ,
3371 5491 3452 5542 ὅτι
3497 5487 3685 5542 λυπεῖν

2102 5585 2289 5638 εἴωθεν
2317 5587 2345 5638 6
2373 5586 2617 5649 διάϐολος
2643 5588 2788 5656 ἡμᾶς
2817 5586 2934 5648 ἀεὶ,
2977 5583 3051 5646 ὡς
3095 5583 3192 5654 ἤδη
3224 5582 3482 5643 πολλάκις
3511 5577 3681 5634 εἷπον.

423 5676 572 5726 esset
604 5669 746 5724 idem
777 5683 941 5739 porro
986 5670 1260 5742 praecipua
1290 5673 1358 5743 in
1401 5674 1550 5728 omni
1599 5674 1706 5728 vita
1755 5676 2024 5746 gravitate
2056 5679 2314 5748 prmditus
2347 5720 2362 5743 ,
2411 5681 2518 5736 imo
2556 5695 2680 5735 vero
2728 5688 2778 5735 et
2831 5678 3152 5734 orthodoxis
3212 5677 3491 5742 erunibus,
3532 5683 3681 5730 ante-

505 5825 569 5880 ιι
605 5828 730 5881 (lor.
763 5845 877 5892 xw,
927 5829 1010 5883 l5.
