4134 6392
415 362 521 420 δῖ’]

1019 368 1387 427 Αονειιευε
1424 369 1771 429 ιιΑιιιΕει-ςε
1806 328 1996 429 usi

2100 371 2266 428 TOM.
2309 370 2471 429 ll.'--
2506 370 2785 429 HERES.
2824 369 3081 429 LXXVII.

3580 368 3688 433 67S

413 491 580 548 quam
621 475 931 533 istiusmodi
966 477 1161 551 dogma
1200 489 1550 553 proponeret,
1590 482 1751 554 longe
1798 482 2183 540 cbarissimus.
2238 483 2553 550 Quinetiam
2592 490 2648 540 et
2705 483 2961 540 exsilium
3025 481 3303 557 sustinuit
3346 481 3493 555 quod
3522 481 3685 539 Aria-

415 573 502 628 nis
534 574 794 629 assentiri
835 574 1024 632 nollet.
1069 574 1175 632 Sed
1204 578 1336 648 quid
1384 579 1579 635 attinet
1607 579 1859 649 pluribus
1899 580 2001 634 ista
2058 578 2361 649 prosequi?
2418 578 2672 651 Magnum
2732 578 2959 645 omnino
2993 576 3238 633 dolorem
3281 592 3350 633 ea
3389 593 3483 637 res
3521 577 3690 635 nobis

424 668 631 733 attulit,
675 675 731 723 et
777 669 1030 724 acerbam
1066 672 1232 725 vitam
1276 673 1532 739 reddidit,
1585 674 1845 744 quoniam
1895 674 2148 730 diabolus
2177 675 2427 731 molestia
2460 690 2587 743 nos,
2617 681 2679 730 ut
2705 690 2850 746 saepe
2890 674 3050 740 dixit,
3092 675 3233 732 solet
3270 674 3506 732 allicere.

481 765 613 819 KE'.
641 763 912 837 Ἀρξομαι
958 766 1139 820 τοίνυν
1171 771 1300 840 περὶ
1340 768 1531 824 τούτου
1571 768 1666 825 τοῦ
1709 769 1875 844 ῥητοῦ
1902 769 1995 825 λέ-

2180 769 2345 826 XXV.
2389 769 2495 826 Sed
2517 759 2670 826 'nunc
2697 770 2766 826 de
2795 771 2900 826 hoc
2928 778 3250 841 argumento
3273 768 3556 840 disputare
3590 785 3685 843 ag-

413 874 549 928 γειν,
567 857 657 913 ἴνα
685 857 853 929 μηδέν
880 875 955 922 τι,
970 859 1045 923 ὡς
1066 858 1223 931 ἔφην,
1246 861 1347 930 τῆς
1370 861 1627 933 ἀληθείας
1649 862 1994 936 παραλείψω.

412 951 479 1003 Τί
507 953 656 1021 ἡμᾶς
679 950 928 1021 ὠφέλησε
955 952 1017 1004 τὸ
1047 951 1448 1023 παρεκϐάλλειν
1485 956 1578 1009 τὸν
1602 955 1728 1010 νοῦν
1757 956 1867 1010 ἀπὸ
1896 956 1996 1027 τῆς

412 1046 679 1117 ινσάρκου
706 1045 1009 1117 παρουσίας
1037 1046 1305 1117 Χριστοῦ;
1347 1048 1412 1101 Εἰ
1441 1048 1550 1118 γάρ
1590 1049 1729 1111 ὅλως
1750 1048 1845 1102 τοῦ
1878 1048 1999 1121 βοη-

414 1138 599 1208 θῆσαι,
632 1137 698 1191 ἵν’
733 1136 906 1201 οὕτως
930 1138 1088 1200 εῐπω,
1131 1136 1210 1209 τῷ
1236 1139 1424 1211 Κυρίῳ
1462 1139 1623 1211 ήμῶν
1658 1139 1834 1209 Ἰησοῦ
1866 1141 2000 1211 Χρι-

415 1229 524 1301 στῷ
544 1230 638 1284 καὶ
663 1228 783 1301 Θεῴ
817 1230 976 1301 Λόγῳ
1011 1232 1107 1284 καὶ
1146 1230 1260 1301 Υἰῷ
1319 1231 1454 1286 θεοῦ
1523 1235 1552 1286 ό
1609 1233 1877 1305 ὑμέτερος
1913 1233 2001 1287 λο-

412 1320 611 1390 γισμὸς
655 1321 925 1392 προήχθη,
963 1321 1054 1374 ἵνα
1107 1321 1183 1393 μὴ
1217 1323 1463 1394 εἴπωμεν
1509 1323 1672 1379 αὑτὸν
1721 1324 2000 1396 εἰληφέναι

408 1412 559 1481 νοῦν,
593 1414 741 1477 ὅπως
774 1412 849 1484 μὴ
877 1414 1162 1484 νοήσωμεν
1206 1414 1501 1469 ἐλάττωσιν
1545 1416 1672 1487 περί
1702 1416 1801 1487 τὴν
1832 1413 1997 1470 αὐτοῦ

412 1502 675 1575 θεότητα·
704 1503 886 1574 πολλῷ
936 1503 1136 1574 μᾶλλον
1178 1506 1571 1579 προτιμότερον
1610 1507 1766 1579 ήμῶν
1800 1508 2002 1579 τυγχά-

410 1609 563 1649 νουσι
591 1595 882 1664 Μανιχαῖοι
935 1593 1027 1647 καὶ
1061 1595 1478 1667 Μαρκιωνισταὶ
1515 1597 1611 1651 καὶ
1662 1598 1818 1652 ἄλλαι
1847 1600 2002 1671 αἱρέ-

413 1702 546 1751 σεις,
573 1686 647 1757 μὴ
679 1686 859 1757 σάρκα
893 1687 1041 1758 αὐτῴ
1069 1689 1407 1759 προσάπτειν
1440 1690 1775 1762 βουλόμενοι,
1800 1692 1889 1746 ἴνα
1924 1693 1999 1764 μὴ

410 1779 707 1833 ἐλάττωσιν
733 1781 798 1851 τῇ
823 1779 1038 1850 θεότητι
1066 1781 1231 1835 αὑτοῦ
1264 1785 1747 1855 περιποιήσωνται.
1776 1784 1916 1838 Ἀλλ’
1937 1786 1999 1839 οὐ

410 1871 554 1924 κατὰ
596 1870 695 1940 τὴν
741 1870 852 1923 τῶν
900 1871 1204 1943 ἀνθρώπων
1254 1873 1510 1945 βούλησιν
1542 1878 1575 1945 ἡ
1611 1875 1838 1947 ἀλήθεια
1888 1876 2001 1947 ἔχει

409 1964 510 2035 τὴν
543 1963 793 2035 δύναμιν,
827 1963 961 2018 ἀλλά
989 1964 1131 2020 κατά
1170 1966 1269 2037 τὴν
1299 1967 1473 2039 αὐτῆς
1506 1967 2000 2042 διακυϐερνητικὴν

412 2053 604 2124 σοφίαν
650 2055 743 2109 καὶ
793 2056 1144 2127 οἰκονομικὴν
1185 2058 1585 2129 ἀκαταληψίαν.
1623 2061 1814 2114 Τοίνυν
1844 2061 2000 2132 ήμῶν

2104 862 2346 934 gredior,
2377 878 2446 919 ne
2474 863 2662 929 ullam,
2691 872 2750 917 ut
2777 862 2933 917 initio
2958 861 3171 927 monui,
3196 861 3445 917 veritatis
3477 868 3687 932 partem

2106 955 2536 1024 praetermittam.
2584 952 2728 1021 Quid
2767 954 2934 1026 igitur
2980 969 3082 1010 nos
3145 952 3392 1023 adjuvat,
3426 952 3575 1024 quod
3619 954 3689 1009 ab

2102 1057 2385 1115 assumpta
2422 1046 2662 1102 hominis
2721 1047 2777 1100 in
2805 1045 3028 1102 Christo
3077 1054 3275 1101 natura
3319 1055 3557 1101 mentem
3590 1061 3690 1100 ex-

2101 1136 2418 1193 cludimus?
2447 1135 2584 1192 Nam
2628 1138 2676 1192 si
2723 1153 2789 1192 eo
2832 1138 3093 1209 cogitatio
3122 1147 3312 1194 nostra
3347 1134 3688 1208 perducitur,

2104 1236 2166 1283 ιιι
2190 1228 2424 1286 Domino
2450 1236 2641 1286 nostro
2670 1227 2801 1285 Jesu
2837 1230 3059 1286 Christo
3094 1244 3159 1284 ac
3190 1229 3300 1285 Deo
3341 1227 3522 1284 Verbo
3566 1228 3685 1284 Dei-

2103 1339 2211 1394 que
2253 1323 2413 1388 Filio,
2453 1332 2513 1378 ut
2545 1324 2620 1378 ita
2654 1324 2884 1380 dixerim
2906 1364 2922 1388 ,
2956 1324 3295 1388 subveniret,
3348 1324 3417 1391 si,
3444 1323 3689 1393 inquam,

2103 1424 2340 1471 mentem
2398 1415 2519 1470 ideo
2566 1415 2717 1469 illum
2768 1415 3134 1485 assumpsisse
3176 1429 3462 1484 negemus,
3504 1421 3562 1466 ut
3596 1427 3688 1475 ne,

2104 1507 2251 1578 quod
2292 1507 2357 1562 ad
2388 1506 2734 1563 divinitatem
2786 1509 3046 1578 pertinet,
3083 1506 3343 1562 inferiore
3375 1507 3528 1560 illum
3568 1521 3692 1562 esse

2105 1600 2226 1655 loco
2256 1600 2504 1655 dicamus
2535 1641 2550 1663 ,
2583 1600 2744 1671 longe
2782 1601 2941 1656 nobis
2968 1600 3337 1671 anteponendi
3371 1610 3533 1656 erunt
3570 1597 3689 1652 Ma-

2104 1692 2300 1747 nichaei
2350 1706 2415 1746 ac
2480 1689 2846 1747 Marcionistae
2880 1703 3195 1762 caeterxque
3244 1691 3502 1755 haereses,
3538 1704 3684 1761 quae,

2103 1799 2173 1838 ne
2218 1784 2455 1838 divinam
2488 1784 2831 1853 majestalem
2867 1783 3194 1840 imminuere
3221 1783 3531 1846 videantur,
3566 1798 3691 1838 car-

2104 1891 2228 1932 nem
2278 1877 2329 1931 ei
2368 1875 2716 1930 tribuendam
2770 1892 2893 1932 esse
2938 1892 3046 1932 non
3096 1876 3434 1932 existimant.
3485 1873 3689 1931 Verum

2103 1984 2214 2023 non
2262 1984 2331 2024 ex
2378 1968 2659 2022 hominum
2704 1969 2987 2025 voluntate
3022 1970 3270 2024 veritatis
3320 1967 3537 2038 1019
3575 1984 3693 2023 sus.

2106 2075 2275 2130 pensa
2302 2062 2385 2114 vis
2422 2069 2526 2124 est,
2562 2060 2659 2115 sed
2685 2076 2751 2115 ex
2782 2059 3028 2127 ejusdem
3053 2060 3441 2131 gubernatrice
3475 2059 3693 2130 sapien-

410 2143 584 2207 οὕτως
627 2145 1052 2218 ὁμολογούντων,
1101 2148 1192 2201 καὶ
1247 2150 1322 2220 μὴ
1369 2152 1511 2204 κατά
1561 2152 1652 2205 τὸν
1701 2154 1996 2224 Μανιχαίον

2106 2153 2204 2217 tia,
2239 2151 2774 2223 administrandique
2821 2151 3118 2216 facultate,
3170 2166 3293 2221 quae
3329 2151 3497 2205 nullo
3529 2148 3692 2206 modo

410 2235 642 2306 ἑχόντων
688 2238 770 2305 (οὐ
814 2239 973 2309 χάριν
1026 2237 1136 2310 γὰρ
1187 2242 1395 2304 ἐκεῖνος
1445 2240 1627 2305 δὼσει,
1679 2242 1850 2296 δοκῶν
1911 2247 1993 2309 είς

411 2328 632 2382 ἔπαινον
673 2329 913 2400 Χριστοῦ
948 2330 1128 2401 σάρκα
1170 2329 1350 2400 λέγειν
1382 2331 1547 2385 αὑτὸν
1587 2333 1661 2403 μὴ
1695 2334 1998 2405 εἰληφέναι,

409 2418 545 2472 ἀλλά
584 2418 786 2489 μᾶλλον
829 2422 927 2491 τῆς
960 2419 1218 2491 ἀληθείας
1249 2426 1531 2486 πεσεῖται,
1562 2425 1785 2496 δοκήσει
1812 2428 2003 2499 ὁμολο-

408 2512 521 2579 γῶν
556 2512 655 2584 τὴν
687 2513 949 2584 ἐνσαρκον
981 2513 1219 2583 Χριστοῦ
1264 2515 1590 2587 παρουσίαν)
1612 2534 1626 2548 ·
1654 2517 1796 2572 οὕτω
1820 2520 1915 2575 καὶ
1943 2523 2003 2574 ὲν

409 2603 489 2676 τῷ
519 2605 746 2678 παρόντι
778 2608 892 2669 τοῖς
942 2605 1231 2677 ἡμετέροις
1264 2607 1515 2677 ἀδελφοῖς
1540 2607 1693 2664 ἔσται
1718 2612 1752 2681 ἡ
1786 2611 2001 2682 χυδαιοο

408 2698 565 2769 λογία
622 2698 825 2770 ματαία
869 2699 1030 2771 χάρις
1055 2698 1421 2772 τυγχάνουσα.
1476 2700 1836 2771 Ὠμολόγηται
1887 2702 2001 2772 γὰρ

409 2792 541 2863 παρ’
571 2791 755 2855 αὐτοῖς
781 2808 840 2844 τε
878 2792 974 2845 καὶ
1001 2792 1131 2863 παρ’
1167 2792 1319 2864 ήμῖν,
1362 2790 1460 2845 ὲάν
1511 2791 1586 2864 μὴ
1614 2791 1841 2847 θέλωσιν
1885 2794 2002 2848 ἑτέ-

412 2902 522 2957 ρως
553 2886 791 2957 φρονεῖν,
823 2882 1006 2949 καθώς
1031 2901 1177 2948 τινες
1214 2883 1474 2949 πολλάκις
1516 2885 1611 2938 ἀπ’
1637 2885 1819 2940 αὐτῶν
1847 2886 2000 2951 ὄντες

409 2976 652 3029 ἑάλωσαν
682 2975 1015 3047 πιεζόμενοι,
1036 2974 1125 3029 διὰ
1154 2974 1314 3029 τοῦτο
1345 2975 1441 3029 καὶ
1468 2974 1791 3047 ἀρνούμενοι
1820 2978 1999 3050 σάρκα

408 3068 667 3140 ἀληθινὴν
690 3068 783 3122 τὸν
828 3068 1062 3139 Χριστὸν
1095 3067 1412 3139 εἰληφέναι·
1453 3066 1531 3131 ὡς
1572 3068 1685 3123 ἀνω
1718 3085 1809 3140 μοι
1855 3070 2001 3140 εἴρη-

407 3179 521 3223 ται,
555 3162 637 3215 ὅτι
662 3161 804 3224 τινὲς
834 3160 1141 3232 ἐτόλμησαν
1189 3157 1373 3227 λέγειν
1398 3157 1689 3230 όμοούσιον
1729 3154 1871 3214 εἶναι
1898 3159 1998 3232 τὴν

411 3236 590 3326 σάρκα
614 3256 682 3326 τῇ
725 3252 890 3307 αὑτοῦ
916 3251 1151 3323 θεότητι.
1190 3250 1330 3304 Ἀλλ’
1362 3252 1564 3305 ἐκεῖνοι
1594 3251 1694 3323 μὲν
1725 3251 1999 3324 παρεκόα-

407 3345 687 3401 λέσθωσαν
719 3346 795 3408 ὼς
824 3344 1184 3417 μεταγνόντες
1203 3383 1218 3407 ,
1260 3345 1356 3398 καὶ
1384 3344 1737 3416 ἐλεγχθέντες
1784 3345 1877 3398 ἐπὶ
1916 3344 1997 3416 τῷ

406 3435 634 3507 τοιούτῳ
660 3437 834 3508 ἀτοπή
844 3454 995 3507 ματι,
1022 3434 1174 3507 παρὰ
1200 3437 1311 3500 τοῖς
1335 3436 1464 3506 περὶ
1496 3436 1699 3508 σαρκὸς
1725 3438 1783 3491 ὲν
1813 3436 1996 3499 αὐτοῖς

2098 2244 2494 2314 comprehendi
2545 2252 2771 2315 potest,
2830 2243 3174 2300 aestimanda.
3230 2242 3503 2309 Quocirca
3564 2256 3691 2296 cum

2104 2337 2374 2404 ejusmodi
2424 2338 2496 2393 sit
2544 2338 2668 2394 ﬁdei
2722 2346 2926 2407 nostrae
2977 2336 3279 2407 professio,
3329 2350 3507 2405 neque
3564 2348 3691 2388 cum

2106 2429 2409 2487 Manicbaao
2440 2432 2744 2488 sentiamus
2795 2433 2927 2503 (non
2967 2431 3113 2486 enim
3142 2429 3436 2501 gratiﬁcari
3471 2428 3562 2483 ille
3593 2441 3693 2497 pu-

2104 2522 2302 2578 tandus
2332 2529 2455 2586 est,
2501 2539 2626 2578 cum
2674 2522 2743 2577 ad
2783 2522 3048 2592 majorem
3100 2520 3308 2576 Christi
3343 2518 3690 2575 commcnda-

2103 2612 2305 2667 tionem
2336 2628 2561 2668 carnem
2595 2612 2645 2669 ei
2687 2612 2963 2680 detrahit;
3019 2612 3113 2668 sed
3159 2626 3190 2665 a
3235 2610 3469 2667 veritate
3506 2608 3701 2685 patius.

2102 2706 2383 2771 abhorret,
2442 2705 2575 2760 dum
2626 2705 2776 2760 illius
2828 2704 3266 2760 incarnationem
3326 2700 3511 2772 specie
3572 2698 3690 2755 sola

2101 2805 2355 2853 constare
2407 2796 2634 2868 docet):
2695 2796 2887 2851 eodem
2944 2795 3109 2866 plane
3167 2790 3333 2846 modo
3392 2789 3692 2846 vanissima

2103 2888 2333 2943 fratrum
2369 2895 2689 2942 nostrorum
2739 2887 2844 2941 erit
2894 2886 2986 2941 illa
3032 2884 3375 2955 disputatio,
3425 2881 3689 2937 inanissi-

2101 2991 2359 3046 mumque
2391 2976 2531 3031 bene
2552 2979 2622 3031 de
2649 2974 2872 3030 Christo
2897 2975 3145 3031 merendi
3175 2972 3445 3029 studium.
3472 2970 3690 3026 Etenim

2101 3075 2209 3120 tam
2245 3065 2321 3119 illi
2349 3081 2515 3136 quam
2547 3082 2648 3122 nos
2679 3067 2784 3137 ipsi
2815 3068 2881 3122 de
2905 3081 3074 3122 carne
3102 3063 3310 3120 Christi
3339 3063 3571 3119 veritate
3602 3079 3687 3118 re-

2099 3165 2185 3212 cte
2219 3158 2489 3213 sentimus
2512 3200 2528 3224 ,
2562 3158 2669 3213 nisi
2704 3157 2844 3213 forte
2893 3159 3054 3214 aliter
3104 3165 3349 3214 statuere
3378 3156 3686 3222 voluerint;
3761 3186 3778 3203 ο

2100 3250 2558 3321 quemadmodum
2580 3252 2826 3307 nonnulli
2854 3266 2997 3321 saepe
3021 3266 3084 3307 ex
3108 3250 3326 3305 illorum
3348 3263 3580 3304 numero
3596 3262 3689 3302 ar-

2100 3350 2483 3412 gumentorum
2510 3341 2563 3396 vi
2592 3342 2764 3397 coacti
2791 3340 3142 3411 convictique
3164 3348 3315 3405 sunt,
3354 3351 3413 3395 ut
3441 3354 3626 3395 veram
3657 3354 3689 3392 ιι

2098 3433 2321 3488 Christo
2343 3448 2564 3489 carnem
2584 3440 2921 3504 assumptam
2953 3432 3186 3488 inliciari
3206 3432 3491 3497 auderent,
3510 3437 3571 3484 ut
3593 3444 3693 3485 an-

409 3494 909 3600 za‘Aég'tppovofiot.
956 3494 1185 3590 [Ϊάντως
1225 3494 1334 3598 γάρ
1372 3494 1474 3580 που
1517 3527 1547 3579 ὁ
1569 3494 1742 3590 asta;
1770 3494 1993 3581 sOXaGé;

2100 3534 2183 3581 tea
2198 3524 2457 3587 diximus.
2474 3541 2540 3581 eo
2562 3526 2771 3580 sciliCet
2791 3523 3055 3580 adductos
3075 3523 3362 3595 quosdam,
3384 3531 3442 3577 ut
3466 3537 3688 3578 carnem

410 3637 602 3684 στατος
641 3618 1046 3690 Ἀπολλινάριος
1073 3618 1174 3671 οὐκ
1201 3618 1513 3689 ἀρνήσεται.

2104 3616 2383 3672 divinitati
2430 3617 2957 3673 consubstantialem
2997 3616 3257 3672 lacerent.
3302 3614 3410 3672 Sed
3467 3624 3690 3687 praeter-

409 3714 657 3770 mittendi
706 3729 738 3768 a
785 3713 946 3769 nobis
978 3714 1056 3768 illi
1090 3719 1253 3775 sunt,
1291 3720 1479 3782 utpote
1533 3712 1628 3783 qui
1663 3712 1997 3769 sententiam
2041 3714 2398 3779 mutaverint,
2425 3721 2479 3769 et
2510 3729 2540 3767 a
2573 3714 2789 3769 caeteris
2836 3729 2901 3768 ex
2960 3711 3152 3767 eodem
3206 3727 3369 3784 grege
3392 3711 3460 3767 dc
3483 3709 3691 3766 Christi

408 3821 574 3859 carne
623 3820 732 3859 non
782 3805 923 3859 male
992 3803 1361 3860 sentientibus
1421 3810 1533 3857 tam
1612 3802 1915 3859 absurdum
1973 3801 2044 3858 ob
2076 3819 2320 3859 errorem
2381 3803 2653 3859 conlutati
2715 3804 2845 3859 sint.
2901 3800 3008 3859 Sed
3052 3800 3315 3873 quidquid
3345 3801 3418 3858 sit
3446 3800 3514 3856 de
3545 3799 3689 3864 aliis,

409 3905 559 3967 certe
591 3898 1036 3969 religiosissimus
1066 3895 1201 3950 illud
1229 3911 1340 3950 non
1374 3895 1598 3964 negabit
1631 3894 1987 3966 Apollinaris.

479 3990 624 4055 ΚΦ.
647 3988 711 4041 Ei
740 3986 921 4041 τοίνυν
953 3986 1134 4058 σάρκα
1157 3985 1379 4056 εἴληφεν
1416 3982 1585 4037 ἐλθὼν
1613 3984 1642 4035 ὁ
1674 3984 1870 4053 Λόγος,
1895 3987 1989 4039 καὶ

406 4081 515 4135 ἀπὸ
538 4080 756 4153 Μαρίας
780 4082 839 4133 ὲν
864 4078 1115 4151 ἀληθείᾳ,
1150 4079 1252 4131 οὑκ
1280 4076 1389 4132 ἀπὸ
1422 4075 1739 4147 σπέρματος
1773 4077 1982 4148 ἀνδρὸς,

404 4174 542 4230 ἀλλά
570 4173 659 4239 διά
685 4171 1001 4243 Πνεύματος
1048 4170 1227 4239 ἁγίου,
1254 4168 1650 4241 ὲγκυμονηθεὶς
1679 4168 1735 4222 δὲ
1763 4170 1820 4222 ὲν
1860 4168 1995 4239 ἀλη-

405 4268 549 4341 θείᾳ,
580 4267 674 4321 καὶ
705 4263 1157 4335 ἀναπλασάμενος
1184 4261 1403 4327 ἑαυτοῦ,
1438 4262 1515 4327 ὡς
1547 4262 1681 4327 Θεὸς
1736 4263 1831 4317 καὶ
1864 4262 1996 4317 πλά-

407 4376 539 4431 στης
571 4358 647 4413 ὣν
688 4357 783 4411 τοῦ
821 4354 1247 4429 πρωτοπλάστου
1289 4352 1579 4426 ἀνθρώπου
1610 4354 1707 4409 καὶ
1738 4354 1958 4408 πάντων
1977 4368 1993 4385 ⁸

2166 3978 2357 4034 XXVI.
2402 3977 2585 4047 Quare
2609 3993 2735 4033 cum
2760 3977 3001 4034 Verbum
3035 3978 3129 4034 Dei
3159 3977 3379 4036 coalitus
3402 3978 3688 4052 delapsum

2102 4086 2221 4125 vere
2264 4087 2330 4126 ex
2371 4070 2541 4124 Maria
2585 4067 2834 4141 Virgine,
2887 4085 2995 4124 non
3040 4084 3107 4124 ex
3137 4070 3283 4125 virili
3317 4071 3551 4137 semine,
3592 4073 3687 4129 sed

2096 4158 2164 4214 de
2194 4158 2403 4230 Spiritu
2442 4166 2637 4214 sancto
2692 4172 2914 4214 carnem
2954 4159 3278 4226 susceperit,
3320 4163 3375 4212 et
3427 4156 3482 4211 in
3535 4158 3682 4213 illius

2102 4259 2262 4306 utero
2302 4266 2361 4303 re
2388 4250 2505 4319 ipsa
2529 4257 2774 4321 gestatus
2806 4248 2898 4312 sit,
2932 4262 2994 4301 ac
3030 4246 3135 4302 sibi
3162 4261 3366 4316 corpus
3394 4245 3684 4314 ellinxerit,

2107 4350 2300 4413 utpote
2335 4340 2502 4405 Deus,
2545 4355 2609 4395 ac
2650 4348 2761 4394 tam
2791 4338 2953 4409 primi
2998 4337 3172 4392 nostri
3212 4337 3477 4407 parentis,
3525 4351 3688 4407 quau

404 4428 515 4524 ἄρα
536 4469 601 4522 γε
622 4451 724 4505 οὐκ
749 4428 1034 4521 ἠλαττώθη
1064 4448 1235 4502 ἐλθὼν
1267 4448 1296 4500 ὁ
1319 4447 1511 4517 Λόγος,
1543 4446 1659 4501 ἀλλ’
1691 4446 1905 4518 ἔμεινεν
1932 4447 1992 4500 ὲν

2101 4438 2437 4507 reliquarum
2493 4442 2741 4490 omnium
2766 4446 2951 4487 rerum
2979 4430 3137 4485 lictor
3170 4443 3236 4483 ac
3277 4428 3551 4495 conditor,
3577 4443 3689 4483 non

522 4520 631 4617 ἰδίᾳ
674 4543 931 4616 ἀτρέπτῳ
960 4520 1142 4611 φύσει.
1176 4540 1251 4594 Οὐ
1294 4537 1405 4610 γὰρ
1455 4537 1634 4592 λαϐὼν
1677 4538 1775 4611 τὴν
1810 4538 1991 4611 σάρκα

2100 4530 2287 4601 utique
2326 4528 2489 4584 Verbi
2535 4528 2685 4583 illius
2724 4535 2809 4580 est
2838 4524 3126 4579 imminuta
3179 4522 3442 4591 dignitas,
3492 4521 3586 4578 sed
3631 4520 3688 4576 in

645 4613 994 4702 ὑπέστη,ὼς
1042 4628 1326 4701 ὁμοοόσιος
1354 4626 1473 4698 Θεῷ
1502 4628 1713 4699 Πατρὶ,
1761 4627 1856 4682 καὶ
1892 4627 1993 4681 οὐκ

2100 4623 2321 4695 propria
2368 4630 2424 4678 et
2465 4620 2792 4676 immutabili
2836 4624 3035 4673 natura
3093 4616 3351 4687 perstitit.
3381 4613 3688 4669 Nam'cum

402 4727 684 4800 ἀλλότριος
736 4724 891 4797 παρὰ
938 4724 1030 4776 τὸν
1080 4721 1303 4793 Πατέρα
1352 4720 1447 4774 καὶ
1488 4720 1550 4773 τὺ
1608 4720 1763 4789 ἅγιον
1820 4717 1988 4773 αὑτοῦ

2100 4732 2321 4773 carnem
2362 4713 2563 4777 induit,
2598 4712 2807 4767 nullam
2853 4708 3295 4764 vicissitudinem
3330 4713 3418 4761 est
3462 4719 3685 4776 passus,

403 4819 648 4892 Πνεῦμα.
697 4819 762 4873 Εἰ
791 4816 970 4873 τοίνυν
997 4815 1343 4887 ὡμολόγηται
1387 4812 1574 4883 σαφῶς
1613 4812 1794 4882 σάρκα
1824 4813 1987 4867 αὐτὸν

401 4910 704 4982 εἰληφέναι,
732 4910 830 4963 καὶ
862 4906 1122 4980 ήδρύνθαι
1143 4947 1158 4972 ,
1194 4906 1304 4977 ἄρα
1343 4905 1444 4959 οὐκ
1475 4904 1633 4969 ὲκτὺς
1668 4903 1848 4976 ψυχῆς
1869 4921 1994 4975 τυγ-

401 5002 578 5075 χάνει.
607 5001 726 5055 Πᾶν
750 5001 861 5071 γάρ
883 4998 946 5052 τὸ
969 4997 1357 5069 ἀδρυνόμενον,
1385 4994 1526 5066 πλὴν
1552 4993 1665 5049 τῶν
1692 4995 1989 5065 ἀκινήτων,

401 5097 467 5148 ὲκ
496 5094 674 5165 ψυχῆς
712 5093 809 5147 καὶ¹
850 5088 1101 5161 σώματος
1129 5087 1427 5158 συνέστηκε
1447 5126 1462 5151 ,
1497 5085 1642 5140 κατά
1670 5085 1731 5138 τὸ
1760 5084 1991 5156 εἰρημέ-

400 5203 492 5241 νον
510 5204 526 5219 ·
555 5187 618 5240 '0
637 5184 707 5239 δὲ
740 5182 982 5253 Ἰησοῦς
1012 5179 1386 5250 προέκοπτεν
1412 5177 1484 5232 ἐν
1512 5178 1703 5246 σοφίᾳ
1723 5178 1822 5231 καί
1852 5178 1991 5244 ἠλι-

399 5280 536 5348 κίᾳ·
570 5279 659 5332 ἵνα
689 5276 842 5350 δείξῃ
869 5275 966 5347 τὴν
988 5273 1208 5345 ἡλικίαν
1238 5269 1329 5325 διὰ
1349 5269 1449 5342 τὴν
1480 5269 1692 5341 σάρκαο
1720 5267 1908 5339 ήλικία
1932 5266 1991 5321 δὲ

401 5370 509 5426 ἀπὸ
535 5371 636 5441 τῆς
667 5368 866 5439 ψυχῆς,
906 5367 982 5430 ὡς
1025 5364 1184 5436 ἔφην,
1243 5362 1339 5417 καὶ
1375 5361 1627 5433 σώματος
1663 5358 1986 5453 τελειοῦται.

402 5461 560 5517 Μετὰ
589 5461 648 5514 δὲ
687 5460 749 5512 τὸ
788 5460 987 5520 εἰπεῖν,
1037 5454 1385 5527 Προέκοπτεν
1418 5453 1626 5525 ἡλικίᾳ,
1683 5449 1994 5513 ἀκολούθως

403 5554 556 5626 φησι,
595 5552 706 5605 Καὶ
733 5550 914 5621 σοφίᾳ.
952 5548 1011 5601 '0
1037 5547 1113 5601 ὢν
1154 5546 1212 5599 δὲ
1243 5545 1403 5615 σοφία
1437 5544 1673 5616 Πατρὸς,
1710 5542 1827 5607 πῶς
1860 5559 1993 5614 προσ

403 5647 632 5702 έκοπτεν
663 5645 722 5696 ὲν
753 5641 937 5713 σοφίᾳ,
967 5642 1015 5695 εἰ
1044 5639 1324 5713 ἀλλότριον
1360 5634 1428 5709 ἦν
1461 5638 1523 5692 τὸ
1555 5635 1749 5701 σκεῦος
1778 5634 1871 5691 νοῦ
1898 5637 1994 5691 ἀνο-

473 5805 493 5837 ⁸
528 5801 661 5858 ωε.
689 5816 752 5867 ιι,
783 5799 874 5857 52.

2100 4822 2159 4869 ut
2185 4812 2280 4884 qui
2313 4809 2427 4865 Deo
2481 4806 2631 4862 Patri
2678 4803 3169 4861 consubstantialis
3222 4800 3476 4863 exsistat,
3518 4814 3623 4855 nec
3655 4815 3686 4852 a

2098 4903 2233 4967 Deo,
2258 4901 2345 4957 vel
2371 4900 2442 4954 ab
2472 4899 2620 4953 illius
2647 4895 2856 4968 Spiritu
2888 4903 3081 4951 sancto
3111 4892 3389 4956 diversus,
3430 4898 3525 4944 aut
3553 4890 3687 4965 alie-

2096 5010 2224 5050 nus.
2251 4990 2462 5059 Quodsi
2494 4987 2641 5044 istud
2681 4988 2736 5041 in
2768 4984 3028 5041 confesso
3078 4991 3202 5049 est,
3259 4996 3503 5037 carnem
3527 4980 3683 5036 illum

2091 5087 2342 5143 induisse
2400 5090 2566 5153 atque
2602 5081 2944 5134 incrementa
2985 5077 3220 5147 cepisse,
3263 5074 3461 5128 animae
3488 5087 3686 5143 expers

2089 5195 2214 5236 esse
2252 5193 2364 5233 non
2402 5182 2603 5246 potest.
2629 5169 2909 5240 Quidquid
2949 5169 3096 5223 enim
3148 5166 3433 5229 adolescit,
3478 5164 3524 5218 si
3575 5165 3682 5217 ini-

2090 5271 2323 5326 mobiles
2365 5283 2455 5324 res
2501 5265 2771 5336 excipias,
2828 5262 3010 5315 anima
3063 5265 3281 5315 constat
3321 5265 3377 5313 et
3426 5271 3679 5325 corpore.

2090 5360 2170 5417 Eo
2204 5375 2372 5432 porro
2397 5359 2698 5429 Scriptura:
2736 5354 2903 5410 verba
2939 5353 3031 5408 illa
3073 5350 3362 5406 referenda
3394 5356 3520 5403 sunt
3549 5346 3671 5401 ελο-

2091 5470 2182 5508 sus
2209 5460 2387 5506 autem
2416 5450 2684 5505 crescebat
2711 5447 2976 5518 sapientia
2997 5454 3047 5498 et
3076 5453 3234 5498 (etate
3258 5443 3296 5495 ⁸.
3328 5440 3429 5495 Ubi
3462 5446 3685 5510 propter

2090 5559 2334 5611 carnem,
2375 5549 2590 5599 aetatem
2629 5539 2993 5611 signiﬁcavit;
3025 5544 3158 5593 aetas
3196 5549 3327 5590 vero
3367 5548 3434 5588 ex
3474 5531 3679 5595 anima,

2091 5636 2171 5689 uti
2199 5633 2337 5701 dixi,
2360 5640 2415 5690 et
2436 5646 2671 5703 corpore
2694 5628 2996 5703 perﬁcitur.
3034 5628 3110 5683 Ac
3136 5632 3493 5698 posteaquam
3521 5628 3680 5677 aetate
