4134 6392
441 413 550 470 διο

1863 418 1922 475 S.
1969 417 2312 474 EPIPIIANII

3609 417 3718 479 680

443 531 592 588 illum
629 531 965 602 processisse
1005 533 1163 601 dixit,
1199 543 1588 600 consentanee,
1639 535 1708 592 Et
1740 537 2006 610 sapientia

2143 537 2450 610 θρωπίνου;
2489 539 2600 594 Καὶ
2645 542 2693 594 εί
2736 541 2864 596 ἄνευ
2909 542 3029 605 νοὸς
3061 539 3346 612 ἐτύγχανε,
3399 539 3521 604 πῶς
3555 541 3716 611 σοφία

441 623 704 678 subdidit.
735 621 854 678 Jam
891 639 1019 679 vero
1053 626 1148 696 qui
1193 626 1464 696 sapientia
1489 625 1670 682 Patris
1711 635 1882 690 esset,
1911 629 2038 698 qui-

441 729 565 769 nam
609 715 755 769 ullas.
795 715 1076 785 sapientia:
1121 718 1539 788 progressiones
1593 718 1794 780 habere
1837 723 2031 790 potuit,

441 805 486 862 si
521 805 590 861 ab
631 807 873 860 humana
907 819 1089 864 mente
1122 809 1402 866 diversum
1431 826 1528 866 vas
1561 811 1716 875 illud,
1751 821 1808 866 ut
1843 814 1916 867 ita
1944 813 2030 868 di-

439 913 584 963 cam,
632 899 770 952 fuit?
800 899 876 954 Ac
919 901 966 956 si
1017 905 1218 958 mentis
1255 919 1450 974 expers
1487 905 1702 976 1020
1725 907 2027 971 exstiterit,

439 991 532 1060 qui
579 989 694 1044 ﬁeri
743 993 944 1062 potuit,
1009 1002 1068 1048 ut
1134 996 1404 1066 sapientia
1449 1013 1684 1068 corpore
1734 999 2030 1069 animaque

441 1100 762 1154 progressus
797 1085 1042 1140 faceret?
1069 1086 1256 1152 Vides,
1289 1105 1452 1159 quam
1485 1089 1700 1156 detorta
1748 1092 1988 1146 violenta
2009 1121 2028 1134 ο

439 1191 545 1244 que
576 1177 647 1230 sit
681 1177 898 1230 illorum
920 1182 1214 1245 sententia,
1245 1196 1479 1248 quorum
1509 1197 1662 1236 mens
1685 1197 1716 1235 a
1749 1189 1900 1236 recto
1935 1199 2026 1237 ve-

441 1265 619 1320 ritatis
653 1267 845 1323 itinere
891 1269 1145 1324 deﬂexit?
1172 1273 1238 1324 At
1270 1275 1438 1336 enim,
1473 1275 1746 1342 inquiunt,
1783 1283 2022 1330 mentem

437 1353 645 1410 idcirco
693 1359 844 1410 illum
888 1361 1200 1430 suscepisse
1251 1379 1418 1434 nego:
1476 1365 1680 1435 alioqui
1724 1367 2024 1435 cupiditate

436 1445 590 1500 illum
637 1447 796 1516 allici,
831 1451 910 1504 vel
953 1452 1158 1506 irritari
1208 1469 1341 1508 sane
1379 1455 1646 1518 dicamus,
1695 1471 1822 1510 cum
1867 1473 2022 1513 mens

437 1539 551 1604 illa,
582 1555 704 1608 quae
744 1541 904 1596 nobis
957 1543 1118 1608 inest,
1169 1545 1445 1599 variarum
1489 1561 1672 1600 rerum
1715 1547 2020 1617 cupiditate

437 1639 705 1687 teneatur.
741 1635 826 1700 Et,
857 1645 914 1689 ut
939 1653 1050 1691 uno
1075 1638 1242 1692 verbo
1271 1637 1471 1702 dicam,
1505 1639 1642 1693 mira
1671 1649 1757 1696 est
1789 1642 2016 1696 istorum

437 1725 720 1779 hominum
771 1729 1062 1798 argutandi
1105 1744 1170 1784 ac
1201 1731 1506 1784 ‘cavillandi.
1553 1732 1761 1786 libido:
1792 1733 2018 1802 perinde

435 1831 501 1870 ac
536 1818 800 1887 scriptum
836 1829 959 1874 est:
993 1818 1144 1874 Fecit
1181 1821 1318 1877 Deus
1353 1823 1644 1893 simplicem
1708 1833 1758 1880 et
1791 1825 2016 1894 pruden-

2137 633 2196 684 ὲν
2227 631 2370 702 ψυχῇ
2397 632 2490 686 καὶ
2529 631 2743 704 σώματι
2783 633 3124 704 προέκοπτε;
3161 635 3272 686 Καὶ
3297 633 3430 704 ὁρᾷς
3461 631 3605 704 πόση
3634 633 3716 698 τίς

2138 724 2254 776 ἐστι
2295 723 2630 796 βεϐιασμένη
2665 725 2870 778 διάνοια
2904 724 3015 778 τῶν
3054 725 3147 778 τὸν
3175 723 3300 778 νοῦν
3337 723 3718 795 παραϐαλλόνε

2134 833 2280 882 των;
2342 818 2524 882 Ἀλλὰ,
2575 820 2774 890 φησὶν,
2827 820 2888 872 ού
2926 819 3090 887 λέγω,
3157 819 3238 872 ὅτι
3311 815 3441 870 νοῦν
3492 817 3714 888 εἴληφεν

2132 908 2500 980 ἀνθρώπινον·
2560 912 2682 964 ἐπεὶ
2737 913 3052 982 ποιήσωμεν
3103 911 3264 964 αὐτὸν
3321 907 3712 979 ἐπιθυμοῦντα,

2130 1001 2534 1074 ἐρεθιζόμενον
2570 1003 2758 1076 ἐπειδὴ
2783 1004 2890 1076 γάρ
2921 1006 2978 1056 ὲν
3013 1006 3142 1074 ἡμῖν
3164 1003 3510 1074 ἐπιθυμητὴς
3539 1004 3568 1056 ὁ
3593 1001 3716 1066 νοῦς

2129 1097 2406 1164 τυγχάνει.
2469 1097 2580 1148 Καὶ
2629 1095 2817 1159 ἁπλῶς
2863 1096 3031 1167 πολλὴ
3077 1095 3184 1148 τῶν
3234 1093 3539 1166 ἀνθρώπων
3595 1095 3716 1164 ὲρε-

2131 1187 2335 1257 σχελία,
2353 1187 2429 1250 ὡς
2449 1187 2672 1260 εἴρηκεν
2687 1205 2699 1216 ·
2733 1189 3060 1254 Ἐποίησεν
3083 1191 3115 1242 ό
3139 1187 3284 1254 Θεὸς
3307 1187 3548 1242 ἁπλοῦν
3575 1203 3720 1240 συν-

2125 1279 2267 1333 ετὸν
2311 1280 2665 1348 ἄνθρωπον·
2705 1281 2875 1335 αὐτοὶ
2905 1281 2973 1332 δε
2999 1281 3300 1348 ἐποίησαν
3345 1279 3582 1345 ἑαυτοῖς
3611 1283 3716 1334 .10-

2125 1371 2381 1441 γισμοὺς
2449 1374 2741 1439 πολλούς.
2803 1373 2864 1425 Εἰ
2920 1373 3028 1444 γὰρ
3084 1374 3253 1436 ὅλως,
3309 1371 3717 1443 ὁμολογούντων

2125 1463 2282 1534 ἡμῶν
2314 1464 2438 1517 νοῦν
2477 1465 2762 1536 εἰληφέναι
2800 1465 2892 1517 τὸν
2931 1463 3304 1535 ἀνθρώπινον,
3332 1465 3598 1535 νοήσομεν
3635 1467 3716 1529 είς

2124 1557 2314 1608 ἑαυτὸν
2364 1556 2462 1626 τῆς
2502 1557 2778 1628 ἡμετέρας
2825 1556 3175 1619 ἐλαττώσεως
3223 1555 3290 1608 τὰ
3327 1555 3501 1628 μέρη,
3535 1554 3716 1626 πολλῷ

2125 1648 2348 1718 μᾶλλον,
2377 1649 2786 1719 ὁμολογούντων
2819 1649 2976 1720 ἡμῶν
3009 1651 3188 1720 σάρκα
3217 1649 3382 1702 αὑτὸν
3407 1649 3712 1720 εἰληφέναι,

2127 1741 2372 1812 δώσομεν
2400 1743 2544 1795 κατά
2577 1742 2636 1794 τὸ
2661 1743 2824 1814 μέρος
2851 1742 3027 1805 τοῦτο,
3051 1743 3194 1794 κατά
3219 1742 3311 1794 τὸν
3343 1741 3510 1794 αὑτὸν
3533 1741 3712 1808 λόγον,

2117 1835 2199 1887 ὅτι
2235 1836 2292 1886 ὲν
2327 1835 2490 1905 σαρκὶ
2531 1833 2838 1904 ἠλάττωται
2867 1851 2881 1864 ·
2917 1834 3055 1904 ὅπερ
3091 1833 3168 1903 μὴ
3207 1832 3450 1902 γένοιτοε
3509 1831 3597 1892 Ὡς
3621 1827 3714 1884 οὖν

437 1921 538 1963 tem
562 1911 858 1976 hominem;
887 1911 977 1964 sed
1003 1913 1106 1980 ipsi
1131 1914 1308 1968 varias
1344 1915 1444 1966 sibi
1475 1915 1817 1985 cogitationes
1843 1919 2012 1986 ﬁnxe-

2121 1927 2178 1978 ὲν
2198 1927 2264 1994 τῇ
2291 1925 2456 1995 σαρκὶ
2483 1924 2791 1995 ἠλαττώθη,
2821 1924 3024 1996 καίπερ
3056 1922 3317 1996 ἀληθινὴν
3346 1923 3526 1994 σάρκα
3549 1921 3708 1992 ἔχων,

437 2004 615 2055 runt‘.
653 2001 786 2055 Nam
832 2003 877 2056 si
919 2019 984 2057 ex
1028 2018 1094 2057 eo
1142 2005 1288 2074 quod
1327 2006 1624 2060 humanam
1663 2009 1740 2061 illi
1779 2017 2016 2064 mentem

441 2093 804 2158 attribuimus,
867 2103 1086 2150 nostros
1135 2096 1313 2152 eidem
1367 2097 1621 2154 defectus
1669 2099 2014 2172 attingamus,

441 2200 558 2241 cum
605 2193 660 2242 et
699 2187 880 2258 ipsum
921 2203 1144 2244 carnem
1196 2189 1446 2246 induisse
1503 2191 1792 2258 fateamur,
1843 2193 2018 2248 multo

445 2279 618 2350 magis
663 2279 766 2334 hac
811 2297 874 2336 ex
918 2289 1090 2350 parte,
1138 2282 1182 2338 si
1221 2283 1436 2338 illorum
1477 2285 1828 2340 sermonibus
1868 2288 2022 2340 adhi-

446 2373 622 2427 benda
672 2371 806 2426 fides
851 2381 956 2437 est,
1013 2375 1334 2432 imminutus
1391 2377 1554 2432 debet
1597 2379 1766 2432 videri
1817 2397 1832 2433 :
1874 2379 2020 2448 quod

435 2465 654 2534 quidem
689 2465 852 2530 absit,
909 2475 970 2518 ut
1009 2483 1248 2538 unquam
1307 2469 1614 2538 opinemur.
1649 2469 2016 2535 Quamobrem

429 2560 508 2612 uti
540 2555 774 2613 Verbum
822 2561 1026 2614 nullam
1060 2563 1112 2616 in
1142 2577 1308 2616 carne
1331 2561 1750 2616 diminutionem
1790 2577 2016 2632 passum

427 2658 536 2716 est,
574 2657 792 2710 tametsi
825 2671 1010 2708 veram
1039 2653 1142 2708 sibi
1169 2665 1392 2708 carnem
1426 2653 1768 2722 imposuerit,
1811 2656 1886 2708 ita
1915 2671 2016 2709 nec

429 2741 486 2796 in
517 2743 756 2798 humana
789 2754 969 2800 mente
999 2745 1298 2816 quidquam
1335 2744 1616 2816 cogitavit,
1655 2745 1802 2815 quod
1833 2747 2016 2802 minus

2127 2016 2294 2071 ἐλθὼν
2327 2020 2354 2070 6
2387 2016 2576 2085 Λόγος,
2621 2017 2741 2070 οὐδὲ
2787 2019 2846 2070 ὲν
2877 2015 2957 2088 τῷ
2997 2017 3073 2086 νῷ
3111 2015 3180 2068 τὰ
3227 2015 3300 2086 μὴ
3333 2013 3613 2086 πρέποντα
3644 2014 3710 2084 τῇ

2127 2107 2291 2164 αὐτοῦ
2316 2108 2528 2179 θεότητι
2553 2109 2923 2178 διανενόηται·
2948 2107 3062 2162 ἀλλ’
3090 2108 3189 2160 ὅσα
3211 2102 3278 2178 ἦν
3301 2105 3499 2176 εὔλογα
3549 2105 3714 2174 σαρκὶ

2127 2201 2221 2252 καὶ
2247 2198 2415 2269 ψυχῇ,
2453 2199 2546 2252 καὶ
2574 2199 2649 2270 νῷ
2679 2197 3025 2270 ἀνθρωπίνῳ,
3057 2197 3230 2250 ταῦτα
3265 2197 3512 2250 ἐπετέλει
3540 2194 3714 2249 ἐλθὼν

2127 2293 2157 2344 6
2201 2291 2443 2363 Κύριος,
2485 2291 2572 2344 ἵνα
2623 2291 2697 2362 μὴ
2743 2289 2953 2361 ταράξῃ
2993 2288 3094 2359 τῆς
3139 2287 3401 2359 ἀληθινῆς
3440 2287 3712 2358 ἐνσάρκου

2131 2384 2433 2455 παρουσίας
2479 2383 2579 2454 τὴν
2613 2381 2957 2436 ἀκολουθίαν.
3009 2379 3244 2448 Εύλογον
3277 2379 3388 2450 γὰρ
3437 2375 3506 2450 ἦν
3550 2380 3713 2432 πεῖνα

2127 2477 2220 2530 καὶ⁵
2245 2476 2394 2546 δίψα,
2434 2477 2526 2529 καὶ
2561 2475 2804 2544 κάματος
2849 2474 2945 2527 καὶ
2995 2471 3184 2536 ὕπνος,
3213 2471 3492 2541 ὁδοιπορία
3527 2487 3584 2522 τε
3617 2469 3711 2522 καὶ

2125 2567 2294 2639 λύπη,
2334 2567 2612 2638 κλαυθμὸς
2653 2567 2748 2620 καὶ
2793 2567 3144 2637 ἐμϐρίμησις.
3183 2563 3368 2618 Ταῦτα
3403 2564 3460 2616 δὲ
3489 2563 3713 2617 ἀκολού-

2124 2660 2231 2723 θως
2259 2662 2316 2714 ὲν
2347 2659 2496 2730 αὐτῷ
2517 2659 2836 2712 τελεσθέντα
2871 2657 3068 2727 εὔλογα
3099 2659 3200 2726 τῆς
3225 2656 3495 2727 ὲνσάρκου
3519 2655 3706 2726 ἀληθι-

2125 2751 2220 2820 νῆς
2253 2751 2558 2822 παρουσίας
2597 2751 2894 2820 ὑπέφηνεν.

425 2841 574 2888 esset
626 2835 915 2892 divinitate
961 2837 1228 2908 dignum;
1287 2837 1382 2894 sed
1438 2853 1502 2892 ea
1553 2837 1842 2902 duntaxat,
1891 2855 2013 2910 quae
2039 2845 2214 2907 carni,
2247 2845 2449 2899 animae
2501 2857 2556 2899 et
2604 2844 2860 2898 humanae
2889 2843 3061 2898 menti
3119 2847 3496 2896 consentanea
3555 2837 3712 2892 vide-

424 2931 648 2998 bantur,
687 2933 955 2990 accedens
1005 2934 1266 2992 Dominus
1312 2935 1606 3006 expressit,
1647 2951 1714 2989 ne
1747 2951 1890 2990 verae
1919 2953 2032 2993 sua:
2066 2939 2464 2996 incarnationis
2481 2941 2730 2994 ordinem
2765 2941 3074 3010 seriemque
3123 2937 3496 3009 perturbaret.
3537 2936 3708 2994 Erant

425 3043 592 3098 porro
659 3027 762 3082 ista
829 3037 1258 3084 consentanea:

1308 3029 1503 3091 fames,
1560 3029 1724 3096 sitis,
1793 3029 2061 3102 fatigatio,
2120 3049 2369 3101 somnus,
2435 3035 2827 3106 peregrinatio,
2873 3033 3052 3096 dolor,
3117 3033 3299 3094 ﬂetus,
3355 3029 3707 3101 indignatio,

421 3133 564 3187 qum,
595 3127 654 3171 ut
698 3133 798 3188 par
840 3127 980 3183 erat,
1025 3123 1080 3174 in
1134 3135 1256 3176 sese
1287 3119 1530 3190 perfecta
1575 3134 1700 3174 cum
1737 3120 2001 3188 hominis,
2059 3139 2222 3194 quam
2281 3142 2472 3182 revera
2529 3115 2852 3198 susceperat
2907 3133 3105 3180 natura
3142 3123 3460 3194 conjuncta,
3506 3137 3709 3176 conve-

421 3207 742 3278 nientiaque
775 3209 1127 3264 monstravit.

494 3299 709 3356 XXVII.
751 3299 940 3370 Neque
981 3299 1127 3353 enim
1162 3300 1426 3371 scriptum
1461 3311 1546 3359 est
1589 3305 1800 3374 uspiam
1839 3317 2004 3373 prava

2187 3299 2310 3356 KZ'.
2337 3302 2412 3355 Οὐ
2437 3301 2546 3371 γὰρ
2573 3302 3000 3371 γέγραπται,ὃτι
3034 3301 3383 3372 ἐπεθύμησεν
3407 3303 3707 3376 ἐπιθυμίαν

421 3393 578 3448 illum
637 3393 937 3465 cupiditate
991 3391 1164 3448 fuisse
1222 3404 1557 3466 correptum.
1624 3395 1768 3464 Quin
1832 3397 2013 3466 potius

420 3489 628 3560 optima
663 3489 818 3542 illum
853 3488 1126 3558 cupiditas
1159 3487 1324 3558 cepit,
1361 3504 1486 3542 cum
1519 3490 1594 3542 ita
1629 3489 1846 3544 locutus
1876 3497 1960 3544 est
1995 3509 2007 3544 :

420 3584 698 3640 Desiderio
749 3584 1042 3638 desideravi
1087 3583 1184 3638 hoc
1225 3584 1423 3652 pascha
1473 3587 1798 3640 manducare
1847 3587 2013 3641 vobis-

421 3693 542 3731 cum
565 3679 606 3730 ².
653 3677 820 3746 Atqui
851 3675 1182 3732 desiderium
1229 3695 1406 3750 neque
1437 3693 1466 3732 a
1523 3679 1806 3734 divinitate
1847 3679 2012 3750 proii-

422 3769 674 3834 ciscitur,
699 3785 878 3838 neque
905 3785 971 3824 ex
1007 3769 1124 3824 sola
1155 3785 1342 3835 carne,
1378 3781 1471 3826 aut
1499 3787 1565 3826 ex
1589 3773 1773 3826 anima
1810 3773 2012 3828 mentis

423 3871 668 3932 experte,
707 3859 805 3916 sed
849 3875 878 3914 a
911 3859 1158 3932 perfecta
1191 3861 1428 3918 hominis
1457 3871 1676 3926 natura,
1722 3879 1843 3933 qum
1883 3879 2012 3918 cor-

423 3967 527 4022 pus
560 3959 614 4007 et
643 3961 878 4008 mentem
915 3970 982 4011 ac
1053 3953 1324 4024 quidquid
1356 3953 1500 4008 inest
1523 3953 1577 4006 in
1615 3953 1836 4008 homine
1861 3969 2012 4008 com-

421 4045 698 4114 plectitur.
760 4043 857 4102 llis
905 4047 1054 4102 enim
1113 4047 1390 4112 omnibus,
1453 4061 1708 4116 corpore,
1761 4047 2007 4116 inquam,

423 4136 608 4190 anima
651 4143 705 4191 et
732 4145 934 4209 mente,
951 4154 1016 4193 ac
1069 4139 1321 4208 reliquis,
1363 4153 1484 4208 quae
1512 4137 1566 4192 in
1604 4137 1824 4192 homine
1859 4147 2008 4200 sunt,

421 4231 682 4285 omnibus
727 4231 1016 4300 praeditum
1059 4229 1299 4285 Verbum
1344 4229 1591 4294 advenit;
1643 4229 1688 4285 si
1724 4238 2007 4300 peccatum

429 4335 494 4378 ac
527 4321 800 4378 defectum
832 4338 1050 4378 omnem
1083 4323 1346 4393 excipias,
1395 4337 1494 4394 pro
1536 4337 1601 4378 eo
1633 4337 1698 4376 ac
1740 4323 2006 4391 scriptum

424 4421 542 4468 est:
572 4413 828 4468 Tentatus
853 4432 947 4483 per
973 4415 1148 4468 omnia
1173 4425 1227 4468 ut
1247 4415 1424 4478 homo,
1444 4423 1636 4481 printer
1673 4423 1948 4484 peccatum
1965 4413 2004 4466 ⁸,

417 4505 626 4574 Quodsi
673 4508 856 4562 omnia
896 4514 1157 4577 expertus
1214 4515 1335 4574 est,
1401 4523 1632 4562 necesse
1685 4514 1768 4562 est
1822 4506 2007 4561 omnia

418 4613 586 4670 penes
633 4595 875 4654 Verbum
929 4598 1120 4654 fuisse.
1175 4597 1376 4653 Verum
1422 4613 1546 4652 cum
1609 4599 1724 4652 hanc
1779 4597 2006 4652 haberet

2115 3395 2344 3466 φαύλην.
2387 3393 2623 3465 Ἀγαθὴν
2667 3393 2724 3447 δὲ
2753 3393 3048 3464 ἐπιθυμίαν
3095 3393 3448 3464 ἐπεθύμησε,
3487 3397 3702 3468 φήσαςο

2127 3488 2440 3553 Ἐπιθυμίᾳ
2481 3485 2834 3554 ἐπεθύμησα
2887 3487 3063 3540 τοῦτο
3113 3485 3180 3539 τὸ
3232 3487 3443 3557 πάσχα
3491 3491 3707 3560 φαγεῖν

2107 3579 2237 3648 μεθ’
2279 3577 2465 3647 ὑμῶν.
2513 3577 2807 3648 Ἐπιθυμία
2841 3577 2898 3631 δὲ
2941 3579 3006 3630 ὲκ
3053 3579 3306 3649 θεότητος
3355 3581 3415 3633 οὐ
3467 3584 3704 3652 γίνεται,

2111 3672 2235 3725 οὐδὲ
2267 3672 2331 3724 ὲκ
2357 3671 2560 3742 σαρκὸς
2603 3672 2920 3742 μονωτάτης
2945 3711 2959 3734 ,
2991 3672 3112 3724 οὐδὲ
3145 3675 3206 3724 ἐκ
3240 3673 3420 3744 ψυχῆς
3449 3675 3704 3747 ἀνοήτου,

2111 3765 2246 3818 ἀλλὰ
2289 3767 2352 3818 ὲκ
2391 3764 2603 3828 τελείας
2652 3763 3120 3836 ἐνανθρωπήσεως
3161 3765 3414 3836 σώματος
3459 3767 3552 3820 καὶ
3609 3767 3704 3820 τοῦ

2111 3859 2202 3911 νοῦ
2223 3898 2238 3922 ,
2269 3859 2362 3911 καὶ
2391 3857 2594 3921 παντὸς
2627 3851 2835 3920 οὗτινος
2874 3857 2967 3910 τοῦ
3013 3860 3069 3912 ὲν
3108 3857 3381 3930 ἀνθρώπῳ
3409 3859 3706 3930 τυγχάνον-

2109 3967 2220 4012 τος.
2275 3951 2440 4020 Ἔσχε
2490 3951 2600 4020 γὰρ
2648 3947 2824 4002 ταῦτα
2871 3947 3040 4002 ἐλθὼν
3096 3950 3125 4002 6
3176 3950 3348 4018 Λόγος
3399 3949 3561 4022 σῶμα
3610 3953 3705 4006 καὶ

2109 4041 2287 4113 ψυχὴν
2346 4041 2441 4095 καὶ
2493 4041 2616 4094 νοῦν
2674 4041 2769 4094 καὶ⁹
2813 4041 2992 4094 πάντα
3023 4041 3076 4094 εἴ
3117 4041 3170 4093 τι
3201 4041 3349 4094 ἐστιν
3379 4041 3702 4116 ἄνθρωπος,

2110 4135 2279 4204 χωρὶς
2303 4133 2601 4204 ἁμαρτίας,
2641 4133 2811 4204 χωρὶς
2855 4132 3264 4202 ἐλαττώματος·
3303 4134 3445 4187 κατά
3469 4135 3528 4187 τὸ
3553 4137 3704 4207 εἰρη-

2113 4227 2273 4298 μένον
2292 4242 2304 4254 ·
2371 4225 2814 4294 Πεπειραμένος
2842 4225 2993 4278 κατὰ
3025 4225 3224 4279 πάντα
3262 4227 3342 4292 ὡς
3365 4227 3698 4296 ἅνθρωπος,

2111 4319 2287 4388 χωρὶς
2303 4318 2610 4388 ἁμαρτίας.
2633 4319 2692 4371 Εἰ
2709 4317 2765 4372 δὲ
2782 4319 2850 4372 τα
2868 4317 3044 4371 πάντα
3064 4319 3418 4390 πεπείραται,
3431 4319 3499 4373 τά
3523 4321 3701 4373 πάντα

2111 4411 2266 4482 ἔσχεν
2320 4410 2488 4464 ἐλθὼν
2533 4413 2561 4464 6
2591 4411 2782 4479 Λόγος.
2833 4411 3016 4464 Πάντα
3049 4413 3106 4464 δὲ
3165 4411 3326 4482 ἔχων,
3364 4413 3609 4484 ἀήττητα
3641 4413 3703 4468 ἐν

2110 4503 2260 4574 αὑτῷ
2285 4499 2373 4574 ἦν,
2415 4503 2656 4575 ἄχραντά
2681 4519 2740 4556 τε
2775 4503 3078 4574 διετήρεσε,
3111 4503 3312 4566 τέλειος
3341 4501 3415 4556 ὢν
3448 4503 3602 4568 Θεὸς,
3633 4505 3701 4557 ἐκ

2111 4594 2310 4665 σαρκὸς
2324 4611 2552 4664 γεγεννη
2563 4594 2743 4665 μένος,
2765 4595 2858 4648 καὶ
2875 4594 3094 4658 τελείως
3107 4596 3174 4648 τὰ
3189 4595 3366 4648 πάντα
3380 4594 3486 4664 πλη
3496 4593 3699 4664 ρὼσας,

417 4691 622 4754 omnia,
653 4691 842 4746 eadem
879 4704 1062 4745 tamen
1115 4689 1170 4744 in
1208 4689 1328 4759 ipso
1397 4691 1647 4760 superari
1695 4705 1806 4744 non
1849 4697 2002 4760 pote—

2118 4689 2187 4750 ὼς
2249 4686 2544 4759 πληρωτὴς
2576 4685 2652 4738 ὢν
2687 4685 2809 4739 ὅλου
2859 4685 2954 4738 τοῦ
3001 4687 3248 4752 σκεύους,
3304 4688 3377 4758 μὴ
3421 4685 3698 4758 μερισθει-

417 4793 649 4852 rant,-et
680 4786 800 4842 sine
828 4785 937 4838 ulla
967 4785 1090 4840 labe
1117 4791 1333 4840 servata
1377 4792 1524 4847 sunt,
1560 4799 1683 4839 cum
1716 4785 2002 4855 perfectus

416 4885 565 4933 esset
600 4876 742 4932 Deus
769 4892 836 4930 ex
876 4891 1043 4931 carne
1069 4877 1310 4948 genitus,
1333 4876 1427 4946 qui
1465 4877 1706 4946 perfecte
1751 4877 2002 4946 implevit

416 4969 625 5030 omnia,
659 4968 867 5038 1021
903 4975 1162 5038 tanquam
1202 4965 1427 5038 perfecti
1471 4967 1620 5022 vasis
1667 4966 1866 5021 artifex
1902 4985 1915 5021 :
1945 4967 1998 5021 in

415 5075 528 5131 quo
565 5075 741 5129 neque
786 5072 918 5112 caro
967 5057 1149 5112 minus
1195 5057 1544 5112 convenienti
1595 5057 1780 5128 aliquo
1819 5057 2002 5112 studio

415 5153 592 5208 divisa
629 5151 725 5214 sit,
757 5167 858 5206 nec
881 5151 996 5218 ipse
1033 5150 1212 5204 alieno
1243 5150 1426 5219 aliquo
1457 5149 1656 5204 mentis
1680 5165 1867 5214 sensu,
1899 5163 2000 5203 cu-

410 5243 654 5314 jusmodi
709 5243 766 5297 in
806 5243 967 5298 nobis
1018 5243 1284 5306 cernitur,
1336 5243 1409 5297 sit
1463 5242 1799 5297 abstractus.
1847 5241 2000 5296 Mens

410 5339 558 5392 enim
593 5343 780 5392 nostra
804 5351 916 5390 non
942 5335 1010 5389 ad
1041 5341 1328 5405 peceatum
1365 5333 1789 5404 perpetrandum
1830 5333 1994 5388 insita

411 5427 571 5482 nobis
601 5435 704 5490 est,
729 5425 828 5481 sed
855 5425 922 5480 ad
942 5441 1132 5480 earum
1151 5441 1356 5488 rerum,
1376 5439 1498 5494 quae
1526 5425 1582 5478 in
1613 5425 1771 5480 nobis
1794 5433 1995 5478 utram-

410 5535 518 5588 que
546 5519 599 5572 in
635 5527 846 5589 partem
886 5517 1326 5582 considerantur,
1359 5517 1836 5588 contemplandum
1869 5533 1996 5586 per-

417 5611 722 5675 rectionem,
773 5627 986 5666 necnon
1029 5620 1083 5668 ct
1136 5610 1312 5664 oilicia
1367 5610 1616 5690 justitiae,
1651 5611 1736 5665 vel
1783 5611 1831 5665 ei
1865 5627 1990 5666 con-

413 5705 579 5757 traria
611 5703 1005 5774 dignoscenda.
1058 5703 1269 5774 Quippe
1313 5704 1513 5760 mentis
1563 5711 1646 5760 est
1693 5705 1860 5759 verba
1907 5705 1992 5758 di-

382 5869 387 5877 '
483 5857 502 5888 ¹
532 5856 711 5914 Eccle.
737 5873 833 5922 γη,
857 5859 946 5912 '50.
1022 5861 1042 5888 '
1079 5857 1207 5913 Luc.
1245 5873 1377 5922 xxii,
1417 5859 1496 5913 l5.
1576 5858 1594 5890 ³
1627 5858 1790 5916 Hebr.
1825 5875 1898 5926 Iv,
1931 5859 2012 5914 l3.

2112 4795 2210 4850 σης
2239 4779 2337 4849 τῆς
2359 4779 2560 4849 σαρκὸς
2586 4777 2942 4848 ἀναρμόστως
2965 4781 2987 4808 ⁸
3007 4777 3372 4848 ἐπιτηδεύσει,
3403 4777 3477 4848 μὴ
3499 4777 3702 4849 παρελ-

2111 4867 2332 4932 κυσθε“ις
2368 4869 2446 4939 τῷ
2500 4867 2592 4921 τοῦ
2641 4868 2732 4921 νοῦ
2766 4867 2964 4938 ἀλλοίῳ
2992 4870 3048 4920 ἐν
3079 4869 3208 4940 ἡμῖν
3239 4871 3568 4940 φρονήματι.
3621 4871 3698 4922 Οὺ

2109 4963 2218 5034 γὰρ
2251 4965 2280 5016 6
2305 4962 2428 5025 νοῦς
2457 4961 2615 5034 ἡμῶν
2649 4964 2732 5025 είς
2765 4963 2825 5014 τὸ
2855 4961 3189 5033 ἁμαρτάνειν
3217 4963 3349 5032 ἡμῖν
3383 4961 3696 5034 γεγένηται,

2109 5055 2246 5108 ἀλλὰ
2277 5054 2364 5108 διὰ
2404 5055 2466 5107 τὸ
2517 5057 2738 5108 σκοπεῖν
2779 5055 2888 5108 τῶν
2934 5056 2991 5108 ὲν
3030 5057 3159 5126 ἡμῖν
3197 5053 3698 5126 ἀναθεωρουμένων

2110 5149 2230 5201 κατ’
2277 5149 2481 5219 ἀμφοῖν
2527 5147 2869 5220 πραγμάτων
2917 5147 2986 5200 τά
3019 5148 3219 5213 τέλεια,
3257 5148 3350 5200 καὶ
3390 5149 3489 5219 τὴν
3524 5149 3694 5218 ἐργα-

2109 5240 2228 5292 σίαν
2257 5241 2356 5309 τῆς
2389 5238 2755 5309 δικαιοσύνης,
2792 5241 3183 5309 ἐναντιότητος.
3221 5239 3365 5303 Νοῦς
3395 5239 3416 5271 ⁸
3454 5239 3551 5310 μὲν
3585 5238 3694 5310 γὰρ

2109 5335 2326 5405 ῥήματα
2377 5333 2678 5404 διακρίνει,
2731 5333 2940 5404 λάρυγξ
2989 5333 3045 5386 δὲ
3103 5335 3224 5386 σῖτα
3282 5333 3538 5400 γεύεται·
3597 5332 3694 5384 καὶ

2103 5425 2378 5495 ὀφθαλμὸς
2429 5427 2700 5489 κατανοεῖ,
2751 5426 2846 5478 καί
2887 5425 3012 5488 νοῦς
3060 5427 3178 5497 ὁρᾷ.
3221 5425 3453 5496 Ὅρασις
3512 5425 3694 5478 τοίνυν

2103 5517 2198 5570 καὶ
2231 5517 2418 5586 γεῦσις
2451 5517 2544 5570 καὶ
2576 5517 2846 5588 διάκρισις
2888 5519 2916 5570 6
2975 5517 3100 5582 νοῦς
3160 5520 3217 5570 ἐν
3260 5519 3392 5588 ἡμῖν
3436 5518 3671 5588 ὑπάρχει

2097 5611 2162 5662 ἐκ
2204 5609 2339 5662 Θεοῦ
2372 5611 2504 5680 ἡμῖν
2539 5611 2956 5682 κεχαρισμένος.
2994 5610 3162 5664 Οὔπω
3207 5610 3263 5664 δὲ
3299 5609 3691 5679 συγκαταθετι-

2096 5704 2190 5767 κὸς
2227 5703 2335 5757 τῶν
2385 5704 2472 5756 ἀεὶ
2519 5705 2840 5774 γινομένων,
2886 5704 2984 5758 ἐὰν
3031 5705 3112 5775 μὴ-
3143 5703 3276 5778 θέλῃ
3319 5705 3347 5757 6
3379 5701 3666 5779 ἄνθρωπος

2089 5859 2109 5890 ³
2141 5856 2198 5913 F.
2227 5859 2575 5930 ἀναρμόστῳ.
2651 5859 2672 5892 ³
2709 5860 2880 5932 Vulgo
2911 5857 3044 5932 οῦς.⁸
