4134 6392
444 421 550 480 683

1881 418 1937 476 S.
1982 414 2324 474 EPIPHANII

3613 409 3724 471 684

418 537 552 591 Ilius
579 543 666 591 est
695 533 969 590 infuscata
991 534 1288 604 majestas?
1313 532 1448 588 Nam
1480 549 1604 590 cum
1635 533 1815 590 adhuc
1838 535 2021 592 infans

2127 538 2283 606 τησ“ις
2331 530 2558 602 βασιλεῖ,
2611 533 2644 602 ὴ
2689 530 2816 602 περὶ
2859 527 3024 584 αὐτοῦ
3073 527 3364 600 ἀπόκρισις
3395 525 3492 581 καὶ
3529 528 3723 598 ὁμολο-

413 639 628 691 esset,
681 638 734 682 et
794 628 989 683 alienis
1046 620 1287 682 brachiis
1347 635 1695 696 gestaretur,
1755 642 1908 682 nova:
1955 627 2025 683 ab

419 719 668 774 ‘Oriente
701 720 872 774 stella:
932 721 1237 791 prodigium
1273 721 1561 790 apparuit‘
1598 720 1783 790 :quod
1829 721 2024 776 subse-

442 822 605 867 cutus
654 812 914 883 deinceps
960 828 1243 880 magorum
1301 814 1567 868 adventus
1595 855 1611 879 ,
1670 813 1919 870 adoratio
1967 819 2022 868 et

421 901 954 975 vobsequium.'Tum
1004 905 1072 958 ab
1107 921 1232 975 rege
1277 903 1420 959 facta
1458 921 1488 960 a
1536 903 1746 960 Scribis
1791 906 2021 976 inquisi-

440 999 540 1062 tio,
567 997 993 1065 eorumdemque
1031 1012 1357 1067 responsum
1401 1011 1464 1052 ac
1526 998 1770 1052 veritatis
1809 996 2023 1053 confes-

441 1091 546 1146 sio.
581 1088 811 1158 Reliqua
843 1087 1059 1142 demum
1104 1088 1208 1141 alia
1243 1102 1366 1158 qum
1403 1094 1803 1156 consequenter
1856 1100 2023 1156 expo-

440 1189 668 1247 nuntur,
715 1183 846 1253 quid
894 1181 1168 1236 divinitati
1221 1181 1366 1235 illius
1409 1178 1629 1234 officere
1682 1179 2024 1249 potuerunt?

411 1272 726 1340 ‘Quodnam
763 1287 891 1327 vero
925 1279 984 1325 ut
1014 1271 1070 1325 in
1113 1271 1270 1326 nobis
1303 1269 1582 1334 usuvenit,
1617 1269 1803 1324 carnis
1830 1269 2018 1324 deten-

413 1369 540 1429 -tio,
606 1366 752 1420 velut
799 1365 1232 1436 integumentum
1297 1364 1372 1417 illi
1419 1369 1474 1418 et
1526 1362 1871 1416 involucrum
1925 1363 2026 1416 ob-

421 1458 642 1511 duxit?
688 1456 824 1511 Nam
869 1467 924 1513 et
967 1463 1345 1527 tempestatem
1381 1469 1504 1508 cum
1537 1455 1734 1517 ventis,
1781 1467 1845 1507 ac
1889 1453 2028 1508 mari

439 1549 730 1618 increpat'
760 1566 772 1600 :
808 1562 907 1602 nec
935 1547 1120 1602 divina
1161 1547 1308 1600 illius
1331 1552 1595 1614 potestas,
1631 1557 1754 1597 cum
1791 1541 1844 1595 id
1877 1541 2027 1612 quod

438 1649 652 1694 natura:
686 1653 799 1694 suae
830 1648 1259 1693 consentaneum
1290 1645 1373 1690 est
1404 1634 1659 1698 ediceret,
1688 1633 1872 1688 carnis
1897 1634 2005 1687 ulla

419 1735 780 1803 contagione.
791 1731 1243 1802 praepediebatur.
1265 1730 1407 1796 Quin
1425 1729 1588 1783 etiam
1607 1743 1733 1782 cum
1754 1743 1852 1782 sua
1874 1728 2028 1782 carni

2129 627 2246 696 γία.
2283 629 2364 681 Τά
2407 627 2458 680 δὲ
2505 626 2638 679 ἄλλα
2668 626 2868 689 πάντα,
2905 625 3007 678 ὅσα
3039 623 3284 696 περιέχει
3331 625 3364 693 ή
3409 622 3724 685 ἀκολουθία,

2128 723 2181 774 τί
2224 720 2494 790 ἐνέσκηψε
2535 723 2602 792 τῇ
2633 718 2800 773 αὑτοῦ
2853 718 3100 788 θεότητι;
3153 717 3312 770 Ποῖον
3365 715 3726 785 ἐπικάλυμμα

2129 813 2310 883 ἔσχεν,
2343 813 2420 876 ὡς
2453 816 2509 866 ἐν
2540 814 2691 884 ἡμῖν,
2723 812 2756 882 ἡ
2797 811 2999 882 σαρκὸς
3029 810 3232 879 κατοχή
3261 823 3276 873 ;
3335 807 3596 877 Ἐπιτιμᾷ
3626 807 3726 876 μὲν

2127 904 2383 968 κλύδωνι,
2414 905 2509 958 καὶ
2537 907 2653 968 τοῖς
2697 903 2942 974 ἀνέμοις,
2976 901 3072 956 καὶ
3101 904 3167 971 τῇ
3200 899 3468 972 Θαλάσσῃ,
3506 901 3601 952 καὶ
3625 899 3728 952 οὐκ

2127 997 2380 1068 ἑπέχεται
2409 996 2517 1050 ἀπὸ
2543 995 2646 1066 τῆς
2688 995 2892 1067 σαρκὸς
2937 995 2970 1064 ή
3015 993 3114 1063 τῆς
3163 991 3329 1046 αὐτοῦ
3358 991 3612 1062 θεότητος
3636 990 3728 1043 δύο

2125 1107 2310 1160 ναμις,
2369 1089 2696 1143 ὲπιτελοῦσα
2749 1089 2811 1142 τὸ
2866 1087 3009 1142 κατά
3071 1087 3233 1156 φύσιν
3291 1087 3392 1157 τῆς
3449 1084 3726 1156 θεότητος.

2139 1181 2300 1236 Ἀλλὰ
2361 1182 2458 1236 καὶ
2501 1181 2666 1250 ὄγκου
2711 1182 2807 1234 καὶ
2840 1179 3039 1251 βάρους
3067 1180 3166 1251 τῆς
3205 1178 3408 1250 σαρκὸς
3445 1177 3726 1249 ὑπαρχού-

2132 1291 2252 1344 σης,
2283 1275 2344 1328 οὐ
2375 1273 2532 1345 βάρει
2574 1273 2879 1344 συνέχεται.
2912 1274 3215 1345 Περιπατεῖ
3240 1273 3354 1344 γὰρ
3379 1273 3454 1335 ὡς
3483 1272 3574 1324 ἐπὶ
3610 1272 3727 1334 τοῖς

2129 1365 2338 1430 ὕδασιν,
2374 1367 2450 1431 ὡς
2482 1369 2753 1438 ἄτρεπτος
2800 1365 2952 1429 Θεὸς,
2987 1365 3046 1419 ἐν
3092 1365 3256 1437 σαρκὶ
3297 1364 3394 1436 μὲν
3439 1363 3724 1434 ὑπάρχων,

2127 1459 2229 1512 οὐκ
2271 1458 2380 1512 ἀπὸ
2414 1460 2618 1530 σαρκὸς
2649 1457 2707 1510 δὲ
2753 1456 3158 1528 ἀλλοιούμενος.
3208 1455 3314 1510 Καὶ
3347 1455 3504 1509 καλεῖ
3534 1456 3722 1525 φωνῇ’

2127 1548 2374 1619 Λάζαρε,
2410 1551 2587 1620 δεῦρο
2617 1551 2734 1616 ἔξω
2753 1567 2767 1581 ο
2796 1551 2898 1604 οὐκ
2920 1549 3197 1604 ἀντίθετον
3227 1549 3368 1619 ἔχων
3391 1548 3493 1620 τὴν
3519 1549 3726 1618 σάρκα,

2127 1641 2248 1694 οὐδὲ
2276 1643 2377 1713 τῆς
2408 1642 2663 1715 θεότητος
2695 1645 2753 1696 ὲν
2785 1645 2948 1716 σαρκὶ
2984 1646 3050 1715 τῇ
3093 1643 3276 1715 τελείᾳ
3305 1641 3716 1716 ἐνανθρωπήεει

2129 1732 2552 1807 δεδουλωμένης.

438 1826 613 1881 moles
663 1825 1015 1896 gravitasque
1070 1831 1384 1886 constaret,
1447 1834 1792 1890 nequaquam
1844 1828 2025 1875 tamen
2067 1821 2183 1880 haec
2230 1827 2383 1881 illum
2424 1829 2671 1900 gravitas
2747 1827 3068 1884 retardavit.
3147 1826 3284 1882 Nam
3331 1841 3499 1897 supra
3551 1838 3726 1894 aquas

441 1919 792 1983 ambulavit",
831 1921 908 1972 uti
951 1917 1342 1971 immutabilem
1389 1915 1557 1971 Deum
1608 1931 1707 1985 par
1749 1922 1887 1979 erat,
1924 1917 2016 1985 qui
2065 1920 2146 1974 sic
2185 1920 2239 1975 in
2265 1938 2432 1978 carne
2467 1925 2812 1986 versabatur,
2845 1923 2992 1978 nulla
3070 1932 3125 1979 ut
3173 1924 3226 1978 in
3290 1923 3469 1992 ipsum
3519 1936 3586 1974 ex
3632 1919 3721 1971 illa

445 2013 677 2068 mutatio
721 2009 1082 2074 redundaret.
1128 2004 1317 2076 Itaque
1367 2014 1420 2059 et
1465 2013 1722 2059 contenta
1764 2020 1898 2058 voce
1946 2006 2028 2060 sic
2067 2011 2378 2067 exclamat:
2411 2012 2638 2076 Lazare,
2683 2017 2798 2069 veni
2821 2017 2968 2085 foras
2990 2017 3032 2070 δ.
3067 2014 3124 2068 ln
3155 2030 3264 2086 quo
3329 2027 3553 2068 carnem
3616 2009 3722 2064 sibi

439 2111 831 2172 repugnantem
883 2097 1108 2150 minime
1139 2104 1222 2150 est
1262 2105 1554 2165 expertus;
1606 2109 1783 2162 neque
1822 2095 2081 2154 divinitas
2114 2099 2232 2170 ipsa
2282 2102 2337 2158 in
2411 2119 2596 2170 carne,
2668 2107 3022 2178 perfectaque
3067 2106 3308 2162 hominis
3369 2113 3565 2159 natura
3635 2117 3724 2158 re-

439 2193 627 2246 sidens
655 2191 802 2245 velut
836 2189 1099 2244 servitute
1127 2187 1362 2257 quadam
1391 2194 1477 2240 est
1517 2201 1803 2256 oppressa.

509 2282 704 2339 XXIX.
745 2281 1049 2337 Possunzus
1097 2291 1151 2335 et
1207 2281 1312 2334 alia
1354 2279 1636 2348 complura
1684 2279 2022 2334 subtexere:

2202 2280 2331 2336 ΚΘ’.
2362 2285 2472 2336 Καὶ
2514 2285 2686 2339 πολλά
2714 2285 2805 2356 μοί
2843 2289 2959 2340 ἐστι
2988 2285 3082 2340 τοῦ
3116 2286 3296 2354 λέγειν
3320 2304 3331 2316 ’
3365 2286 3499 2340 ἀλλὰ
3532 2288 3626 2342 καὶ
3655 2289 3723 2344 ἐκ

436 2378 586 2432 velut
621 2375 766 2445 quod
816 2390 848 2428 a
895 2375 1131 2429 mortuis
1163 2373 1436 2428 excitatus
1475 2380 1580 2432 est,
1631 2370 1780 2440 quod
1830 2370 2026 2426 infero-

438 2482 560 2520 rum
594 2467 835 2519 claustra
873 2463 1154 2534 perfregit,
1185 2462 1329 2532 quod
1359 2461 1700 2530 captivorum
1741 2476 1936 2532 agmen
1970 2463 2025 2515 in

436 2565 760 2629 potestatem
786 2556 993 2626 redegit
1015 2567 1069 2609 et
1091 2555 1282 2610 eduxit
1303 2554 1323 2584 "
1359 2592 1372 2616 ,
1399 2552 1544 2622 quod
1596 2555 1756 2607 tertia
1788 2554 1874 2608 die
1899 2569 2024 2606 cum

355 2687 358 2690 .
426 2665 604 2704 carne
639 2663 738 2703 sua
787 2648 1155 2712 sanctissima,
1205 2659 1420 2700 necnon
1457 2653 1512 2698 et
1544 2643 1756 2714 1023
1818 2645 2022 2708 anima,

436 2747 640 2804 ruente,
683 2751 746 2792 ac
773 2744 888 2791 toto
911 2735 1148 2806 denique
1176 2750 1305 2791 vase
1335 2735 1452 2805 ipso
1503 2736 1770 2799 surrexit;
1803 2742 1857 2790 et
1899 2749 2025 2790 cum

433 2832 726 2888 divinitate
754 2828 1046 2900 copulatus
1066 2827 1230 2882 homo
1261 2828 1540 2897 perfectus
1565 2826 1799 2891 exstitit,
1831 2825 2027 2880 huma-

439 2939 683 2994 namque
712 2932 966 2977 naturam
1000 2919 1069 2974 ad
1097 2919 1403 2974 divinitatis
1429 2919 1772 2974 consortium
1801 2919 1981 2975 evexit
2008 2939 2022 2975 :

436 3017 575 3072 adeo
611 3024 669 3070 ut
711 3029 861 3072 mors
887 3013 993 3085 ipsi
1033 3028 1142 3066 non
1174 3012 1494 3067 dominetur
1532 3012 1830 3081 amplius'.
1859 3011 2028 3082 Igitur

429 3126 562 3164 cum
597 3109 886 3164 divinitate
927 3105 1280 3176 conjunctus,
1325 3106 1472 3176 quod
1529 3121 1777 3161 crassum
1822 3115 1941 3160 erat
1973 3114 2027 3160 et

450 3213 767 3256 concretum
793 3240 808 3265 ,
865 3208 1029 3254 tenue
1071 3215 1135 3252 ac
1176 3198 1378 3253 subtile
1433 3198 1690 3261 reddidit,
1733 3207 1846 3251 tum
1899 3213 2023 3252 cum

417 3295 644 3349 iclausis
685 3293 899 3348 foribus
948 3293 1232 3362 ingressus
1283 3299 1405 3356 est;
1443 3299 1500 3346 et
1572 3306 1698 3345 cum
1739 3291 2021 3355 intrasset,

411 3401 661 3441 ~carnem
693 3393 748 3441 et
809 3399 937 3440 ossa
977 3383 1325 3447 monstravit,
1358 3392 1418 3437 ut
1446 3391 1502 3436 et
1537 3384 1832 3437 salutarem
1869 3397 2024 3438 suam

422 3479 738 3550 .potentiam
769 3477 1106 3542 ostenderet,
1139 3485 1192 3530 et
1219 3476 1364 3546 quod
1391 3477 1506 3546 spei
1535 3484 1741 3530 nostra:
1770 3476 2025 3546 proposi-

417 3582 554 3625 tum
609 3579 692 3626 est
750 3570 1070 3629 exhiberet.
1115 3572 1447 3639 planumque
1495 3568 1698 3622 faceret
1748 3568 1931 3621 omnia
1992 3582 2022 3620 a

437 3663 623 3718 Verbo
653 3669 779 3732 post
808 3670 1118 3731 susceptam
1166 3676 1386 3715 carnem
1431 3675 1554 3715 esse
1586 3657 1848 3730 perfecta.
1885 3658 2024 3712 Plve-

437 3765 585 3809 terea
616 3753 806 3808 eodem
838 3752 931 3806 illo
958 3767 1188 3822 corpore
1217 3751 1504 3822 magnifice
1535 3752 1787 3807 sublatus
1833 3753 1887 3806 in
1913 3766 2024 3806 caa-

438 3847 550 3898 lum
584 3845 649 3898 ad
694 3842 872 3898 Patris
903 3844 1183 3898 dexteram
1223 3842 1492 3908 consedit,
1544 3858 1655 3898 non
1706 3844 1847 3898 mole
1885 3860 2025 3913 prae-

420 3946 698 4008 9‘avatus
744 3937 1013 4006 corporis,
1058 3942 1153 3989 aut
1185 3949 1312 3988 vero
1357 3948 1590 4004 corpore
1641 3933 1762 4005 ipso
1805 3935 2023 4006 penitus

439 4030 765 4094 exsolutus,
827 4028 922 4085 sed
975 4029 1118 4084 idem
1174 4029 1353 4099 ipsum
1402 4028 1648 4098 spiritale
1711 4030 2020 4085 suscitavit.

435 4125 594 4192 Quod
627 4125 672 4179 si
707 4134 953 4178 nostrum
993 4122 1123 4176 illud
1157 4138 1356 4192 corpus
1388 4123 1440 4176 in
1473 4111 1828 4193 corruptione
1858 4124 2024 4178 semi-

429 4224 627 4278 natur,
680 4215 854 4284 surgit
896 4214 951 4266 in
984 4213 1428 4282 incorruptione,
1476 4215 1779 4268 seminatur
1819 4229 2022 4286 corpus

442 4306 701 4369 animale,
727 4306 973 4376 Spiritale
995 4319 1197 4375 corpus
1219 4305 1551 4359 excitatur":
1581 4313 1788 4375 quanto
1817 4305 1870 4360 id
1901 4321 2018 4358 ma-

441 4402 527 4471 gis
555 4401 624 4455 de
651 4400 915 4470 unigeniti
947 4396 1069 4452 Filii
1097 4397 1188 4452 Dei
1225 4412 1457 4468 corpore
1494 4413 1592 4468 par
1615 4406 1701 4453 est
1729 4398 2024 4452 arbitrari?

436 4492 736 4564 Propterea
769 4492 915 4548 istud
948 4491 1228 4560 impletum
1271 4498 1356 4544 est
1382 4507 1394 4542 :
1420 4487 1543 4543 Non
1585 4490 1736 4543 dabis
1781 4500 2020 4543 sanctum

445 4600 593 4643 tuum
624 4589 796 4643 videre
840 4592 1248 4655 corruptionem,
1293 4600 1455 4655 neque
1485 4585 1744 4655 relinques
1784 4588 2022 4639 animam

443 4699 610 4737 meam
660 4683 715 4735 in
763 4679 972 4750 inferno
994 4680 1037 4732 ⁸.
1078 4678 1257 4748 Atque
1306 4677 1422 4731 haec
1465 4678 1685 4747 quidem
1727 4680 1910 4732 omnia
1955 4677 2024 4731 de

435 4774 686 4846 perfecta
732 4773 974 4828 hominis
1021 4779 1217 4824 natura
1250 4769 1318 4824 ab
1348 4769 1443 4823 illo
1477 4780 1729 4840 suscepta
1763 4786 1828 4824 eo
1859 4786 1888 4823 a
1937 4786 2023 4824 me

441 4869 720 4938 disputata
760 4873 906 4930 sunt,
951 4881 1020 4920 ne
1063 4865 1151 4919 cui
1183 4863 1391 4918 veniret
1419 4864 1473 4916 in
1518 4871 1774 4922 mentem,
1815 4878 1911 4931 pro
1955 4877 2022 4916 eo

2131 2371 2341 2443 νεκρῶν
2388 2376 2710 2443 ἀνίσταται,
2747 2379 2843 2431 καὶ
2893 2377 3254 2449 ἀναμοχλεύει
3292 2378 3362 2431 τά
3399 2379 3519 2433 καθ’
3566 2379 3722 2452 ᾅδου,

2129 2464 2223 2516 καὶ
2251 2466 2386 2519 ἑλὼν
2413 2468 2681 2538 ἀνήνεγκε
2711 2469 2809 2541 τὴν
2835 2470 3235 2541 αἰχμαλωσίαν,
3275 2472 3368 2524 καὶ
3397 2472 3635 2537 ἀναστὰς
3659 2474 3723 2527 τὸ

2127 2560 2427 2631 τριήμερον
2455 2563 2512 2612 ὲν
2533 2562 2670 2634 αὐτῇ
2695 2566 2762 2634 τῇ
2794 2563 2926 2634 ἁγίᾳ
2949 2563 3133 2634 σαρκὶ,
3169 2563 3264 2616 καὶ
3294 2562 3438 2635 ψυχῇ
3465 2567 3530 2635 τῇ
3564 2565 3718 2637 ἁγίᾳ,

2129 2650 2223 2701 καὶ
2269 2649 2380 2719 νῷ,
2436 2651 2532 2704 καὶ⁷
2565 2651 2728 2704 παντὶ
2772 2651 2851 2721 τῷ
2904 2651 3128 2716 σκεύει,
3167 2651 3264 2704 καὶ
3313 2653 3370 2705 ὲν
3405 2655 3470 2723 τῇ
3507 2651 3721 2722 θεότητι

2129 2739 2406 2810 ἡνωμένος
2434 2780 2449 2803 ,
2503 2740 2709 2805 τέλειος
2745 2743 2968 2812 γέγονεν
3031 2742 3317 2813 ἄνθρωπος
3346 2782 3360 2804 ,
3414 2741 3721 2805 συνενὼσας

2127 2831 2226 2902 τὴν
2259 2831 2671 2903 ἐνανθρώπησιν
2704 2833 2898 2887 ἑαυτοῦ
2920 2835 2984 2904 τῇ
3016 2833 3253 2903 θεότητι,
3287 2833 3520 2887 θανάτου
3553 2834 3720 2888 αὐτοῦ

2132 2924 2331 2996 μηκέτι
2361 2925 2728 2996 κυριεύοντος.
2771 2926 2850 2997 Τῇ
2888 2925 2946 2978 δὲ
2979 2925 3196 2996 θεότητι
3236 2926 3636 2997 συνηνωμένος,
3659 2926 3721 2980 τὸ

2129 3023 2445 3094 παχυμερὲς
2477 3021 2811 3094 λεπτομερὲς
2839 3021 3096 3086 ὲτελείου,
3129 3021 3510 3092 εἰσερχόμενος
3541 3021 3720 3093 θυρῶν

2129 3113 2553 3184 κεκλεισμένων,
2611 3113 2706 3166 καὶ
2745 3112 2884 3184 μετὰ
2931 3113 3030 3183 τὴν
3068 3113 3269 3166 εἴσοδον
3301 3113 3513 3177 δεικνὺς
3541 3115 3719 3185 σάρκα

2129 3204 2224 3258 καὶ
2249 3204 2428 3265 ὀστέα.
2460 3205 2547 3259 ἴνα
2573 3204 2631 3257 τὸ
2667 3207 2934 3275 σωτήριον
2968 3206 3069 3276 τῆς
3121 3205 3406 3276 δυνάμεως
3435 3207 3711 3279 ὑποφάντγ

2129 3297 2215 3350 ἴνα
2240 3297 2339 3369 τὴν
2372 3296 2528 3367 ἡμῶν
2560 3297 2752 3351 ἐλπίδα
2791 3297 3045 3370 ὑποδείξῃ
3072 3340 3086 3362 ,
3124 3298 3205 3350 ὅτι
3256 3298 3323 3351 τὰ
3374 3299 3555 3352 πάντα
3602 3300 3720 3352 ἑτε-

2126 3386 2352 3440 λείωσεν
2405 3387 2576 3440 ἐλθὼν
2610 3389 2638 3442 ὁ
2673 3387 2861 3456 Λόγος.
2926 3388 3036 3440 Καὶ
3085 3390 3143 3439 ἐν
3197 3387 3345 3458 αὐτῷ
3378 3388 3455 3457 τῷ
3503 3389 3720 3459 σώματι

2128 3479 2462 3548 ἀναληφθεὶς
2525 3479 2750 3545 ἐνδόξως
2799 3479 3051 3533 ἐκάθισεν
3076 3481 3133 3532 ἐν
3162 3479 3312 3550 δεξιᾷ
3343 3479 3438 3532 τοῦ
3479 3481 3716 3552 Πατρός,

2128 3571 2228 3624 οὐκ
2253 3572 2360 3624 ἀπὸ
2391 3571 2484 3624 τοῦ
2529 3572 2695 3640 ὄγκου
2730 3572 3052 3642 πιεζόμενος
3077 3612 3090 3635 ,
3135 3572 3236 3625 οὐκ
3274 3572 3432 3635 ἐκτὸς
3470 3572 3564 3624 τοῦ
3610 3571 3717 3624 σώ-

2129 3680 2298 3734 ματος
2327 3662 2585 3734 ὑπάρχων
2610 3704 2624 3726 ,
2654 3663 2715 3715 τὸ
2753 3663 2808 3716 δὲ
2849 3663 3012 3734 σῶμα
3054 3663 3428 3734 πνευματικὸν
3474 3665 3714 3737 ἐγείρας.

2125 3758 2190 3811 Εἰ
2221 3758 2284 3810 τὸ
2339 3758 2604 3828 ἡμέτερον
2645 3757 2932 3828 σπείρεται
2972 3759 3028 3810 ὲν
3061 3758 3275 3828 φθορᾷ,
3333 3757 3608 3829 ἐγείρεται
3657 3759 3718 3810 ἐν

2125 3848 2406 3920 ἀφθαρσίᾳ
2428 3866 2440 3879 ·
2473 3849 2756 3920 σπείρεται
2791 3847 2951 3919 σῶμα
2971 3848 3224 3919 ψυχικὸν,
3249 3849 3526 3920 ἐγείρεται
3559 3849 3718 3921 σῶμα

2125 3938 2512 4012 πνευματικόν·
2549 3939 2700 4010 πόσῳ
2732 3956 2796 4007 γε
2854 3939 3053 4010 μᾶλλον
3095 3939 3190 3993 τοῦ
3230 3941 3552 4012 μονογενοῦς
3585 3941 3716 3995 Υίοῦ

2125 4033 2218 4086 τοῦ
2269 4032 2440 4098 Θεοῢ;
2487 4034 2578 4086 Διὸ
2616 4032 3004 4104 πεπλήρωται·
3052 4037 3134 4088 Οὺ
3157 4034 3373 4101 δώσεις
3406 4035 3514 4089 τὸν
3544 4035 3720 4090 ὅσιόν

2125 4141 2241 4180 σου
2288 4124 2436 4179 ἰδεῖν
2468 4124 2834 4194 διαφθορὰν,
2887 4125 3031 4179 οὐδὲ
3080 4127 3285 4194 ἐάσεις
3340 4128 3458 4196 τὴν
3502 4127 3720 4198 ψυχήν

2119 4233 2239 4285 μου
2275 4217 2362 4280 εἰς
2395 4214 2567 4282 ᾅδην.
2613 4215 2771 4267 Ἀλλὰ
2802 4214 2974 4270 ταῦτὰ
3013 4234 3100 4288 μοι
3140 4219 3318 4271 πάντα
3348 4219 3476 4290 περὶ
3507 4221 3608 4291 τῆς
3636 4233 3718 4273 τε·

2124 4309 2273 4372 λείας
2327 4307 2492 4361 αὐτοῦ
2536 4307 3000 4380 ἐνανθρωπήσεως
3049 4309 3301 4382 εἴρηται,
3345 4311 3430 4363 ἴνα
3467 4313 3538 4382 μή
3570 4329 3716 4376 τινες

2125 4399 2388 4472 νομίσωσι
2409 4440 2424 4463 ,
2457 4398 2544 4452 διὰ
2581 4398 2642 4451 τὸ
2675 4400 2854 4470 σάρκα
2882 4399 3044 4455 αὑτὸν
3099 4401 3446 4473 ἀνειληφέναι
3476 4402 3714 4468 τελείαν,

2129 4492 2203 4563 μὴ
2252 4491 2361 4561 ἄρα
2415 4491 2509 4543 καὶ
2553 4489 2621 4542 τὰ
2657 4490 2756 4558 τῆς
2791 4491 2992 4562 σαρκὸς
3026 4491 3198 4559 ἄλογα
3231 4493 3487 4564 ἔπραξεν.
3523 4494 3717 4559 Οὐδεὶς

2126 4585 2231 4656 γὰρ
2261 4583 2368 4635 τῶν
2399 4581 2640 4644 εὐσεϐῶς
2676 4581 3042 4635 πιστευόντων
3086 4584 3167 4648 εἰς
3200 4585 3364 4637 αὐτὸν
3395 4586 3553 4639 τοῦτο
3582 4591 3714 4651 νοεῖ,

2125 4675 2159 4745 ἢ
2190 4674 2358 4743 λέγει.
2389 4674 2454 4726 Ei
2482 4673 2538 4725 δὲ
2565 4672 2742 4736 οὐδεὶς
2779 4676 2890 4726 νοεῖ
2927 4673 3057 4743 περὶ
3087 4675 3252 4727 αὐτοῦ
3281 4675 3352 4729 τὰ
3383 4677 3482 4746 τῆς
3514 4676 3718 4747 σαρκὸς

2126 4769 2297 4835 ἄλογα
2356 4765 2735 4838 πεπραχέναι,
2787 4765 2910 4820 οὔτε
2957 4769 3026 4821 τὰ
3071 4768 3167 4822 τοῦ
3213 4768 3305 4824 νοῦ
3344 4770 3516 4839 ἄλογα
3553 4771 3718 4825 αὑτὸν

2128 4858 2488 4927 πεποιηκέναι
2518 4857 2781 4926 νοήσειεν.
2820 4859 2931 4910 Καὶ
2960 4859 3044 4911 ὃτι
3075 4859 3172 4928 μὲν
3206 4860 3425 4924 τελείως
3451 4859 3721 4931 ἐνηνθρῶ-

443 4961 588 5032 quod
626 4959 926 5030 perlectam
971 4972 1194 5012 carnem
1230 4956 1490 5021 induerit,
1530 4971 1593 5010 ea
1625 4956 1742 5024 ipsa
1778 4971 2017 5024 quoque,

2131 4967 2304 5020 πησεν
2333 4947 2502 5000 ἐλθὼν
2555 4950 2582 5001 ό
2627 4948 2823 5017 Λόγος,
2855 4948 3012 5002 τοῦτο
3049 4949 3232 5019 δῆλον.
3269 4951 3379 5003 Καὶ
3409 4950 3504 5003 ὲάν
3545 4953 3719 5004 εἴπω-

441 5073 563 5128 quae
603 5055 667 5108 ad
700 5067 921 5108 carnem
950 5052 1250 5121 pertinent,
1291 5049 1528 5104 absurda
1561 5049 2021 5118 abhorrentiaque

442 5147 788 5220 praestitisse.
832 5143 1001 5198 Nemo
1045 5143 1217 5204 enim,
1266 5141 1358 5211 qui
1401 5141 1619 5212 quidem
1674 5142 1924 5211 religiose
1956 5141 2024 5195 de

441 5243 535 5298 illa
572 5241 792 5302 sentiat,
823 5239 891 5293 de
930 5252 994 5292 eo
1034 5235 1301 5306 ejusmodi
1329 5236 1587 5305 quiddam
1623 5235 1806 5288 animo
1836 5236 2024 5289 conci-

442 5334 577 5405 piat,
627 5340 721 5386 aut
753 5328 937 5386 verbis
979 5327 1268 5396 exprimat.
1303 5324 1461 5391 Quod
1509 5325 1555 5380 si
1587 5339 1748 5379 nemo
1792 5333 1894 5390 est,
1930 5325 2023 5394 qui

442 5426 643 5484 rationi
671 5423 946 5479 contraria
975 5431 1028 5477 et
1063 5420 1302 5478 absurda
1336 5419 1426 5472 illa
1455 5417 1640 5473 carnis
1669 5416 1846 5471 ollicia
1879 5432 2021 5487 pra:-

441 5519 651 5577 stitisse
674 5518 826 5572 illum
858 5517 1156 5578 existimet,
1191 5530 1260 5570 ne
1293 5528 1355 5568 ea
1378 5510 1598 5582 quidem
1632 5525 1754 5581 qua:
1780 5525 1808 5563 a
1838 5518 2022 5565 mente

441 5613 899 5683 proficiscuntur,
956 5609 1162 5663 absona
1209 5616 1263 5663 et
1315 5604 1667 5660 abhorrentia
1723 5603 2020 5673 perfecisse

444 5701 721 5772 putandus
747 5707 850 5755 est.
876 5696 994 5754 Jam
1029 5712 1157 5752 vero
1179 5695 1272 5750 Dei
1304 5694 1540 5750 Verbum
1571 5692 1816 5765 perfecte
1850 5694 2022 5747 homi-

514 5814 529 5844 ¹
567 5811 755 5866 Matth.
791 5827 852 5876 11,
887 5810 911 5864 1
943 5825 1061 5880 sqq.

2133 5061 2229 5118 μεν
2255 5041 2496 5104 τελείως,
2525 5040 2586 5093 οὐ
2609 5040 2703 5094 δύο
2728 5043 2996 5113 Χριστοὺς
3024 5042 3316 5113 ἔχομεν,οὐ
3343 5043 3436 5096 δύο
3459 5043 3720 5112 βασιλέας

2131 5138 2293 5198 Υίοὺς
2321 5134 2478 5197 Θεοῦ,
2503 5133 2639 5186 ἀλλὰ
2660 5132 2750 5187 τὸν
2784 5134 2948 5188 αὑτὸν
2981 5134 3114 5188 Θεὸν
3135 5176 3148 5198 ,
3186 5134 3278 5188 τὸν
3307 5135 3470 5189 αὑτὸν
3502 5135 3719 5206 ἄνθρω-

2131 5245 2263 5283 πον·
2301 5229 2401 5297 οὐχ
2448 5226 2523 5289 ὡς
2557 5229 2614 5280 ὲν
2672 5226 2945 5298 ἀνθρώπῳ
3004 5229 3288 5298 οίκήσαντι
3317 5230 3360 5292 ⁸,
3408 5229 3523 5282 ἀλλ’
3550 5228 3718 5281 αὐτὸν

2129 5323 2248 5377 ὅλον
2283 5319 2778 5390 ὲνανθρωπήσαντα
2803 5360 2816 5382 ,
2846 5321 2946 5374 οὐκ
2973 5321 3258 5393 ἄνθρωπον
3293 5321 3424 5374 ὄντα
3446 5361 3461 5385 ,
3494 5320 3718 5374 ἐλθόντα

2129 5415 2210 5477 είς
2240 5414 2524 5484 προκοπὴν
2565 5410 2818 5481 θεότητος
2840 5452 2854 5477 ,
2901 5411 3039 5466 ἀλλά
3073 5413 3204 5466 Θεὸν
3234 5414 3327 5466 ἀπ’
3356 5413 3602 5484 οὐρανῶν
3632 5412 3719 5464 ἐλ-
3744 5419 3748 5423 ’

2132 5507 2331 5571 θόντα,
2381 5506 2474 5558 καὶ
2541 5505 2620 5566 εἰς
2675 5505 2865 5557 ἑαυτὸν
2918 5505 3374 5576 ἀναπλασὰμενον
3423 5505 3522 5576 τὴν
3581 5504 3718 5557 ίδίαν

2127 5596 2540 5668 ὲνανθρώπησιν
2570 5593 2715 5647 κατὰ
2745 5594 2844 5665 τὴν
2872 5595 3039 5648 αὑτοῦ
3082 5597 3312 5667 δυνατὴν
3343 5595 3574 5664 θεότητα
3596 5610 3610 5623 °
3641 5594 3719 5658 ὡς

2127 5691 2292 5761 λέγει,
2319 5690 2399 5742 ὅτι
2425 5688 2618 5758 Λόγος
2646 5687 2804 5757 σὰρξ
2837 5689 3096 5758 ἐγένετο.
3124 5689 3198 5742 Τὸ
3227 5689 3305 5754 δὲ,
3337 5688 3526 5756 Λόγος
3559 5684 3720 5753 σὰρξ

1139 5811 1159 5840 ³
1195 5807 1325 5862 Luc.
1364 5823 1481 5870 VIII,
1515 5807 1606 5861 24.
1683 5804 1926 5859 'Matth.
1959 5821 2023 5858 xr

2127 5804 2189 5857 ιϐ.
2267 5801 2471 5874 δέοοη.
2501 5817 2583 5874 xu,
2608 5801 2695 5854 43.
2774 5803 2794 5834 ⁵
2827 5801 3026 5874 Ephes.
3067 5819 3138 5868 tv,
3172 5801 3226 5857 8.
3303 5801 3324 5833 ⁸
3352 5799 3515 5857 Rom.
3546 5816 3622 5868 vl,
3663 5798 3720 5854 9.

441 5883 514 5941 Ἰ
551 5883 681 5938 Cor.
742 5871 848 5950 xv,
889 5871 1076 5935 423‘
1111 5879 1258 5935 Psal.
1294 5895 1383 5945 xv,
1416 5879 1661 5946 lO;Act.
1691 5893 1755 5946 ιι,
1786 5877 1893 5946 51;
1923 5891 2021 5932 xm

2127 5877 2162 5930 i.
2245 5875 2276 5928 ⁸.
2301 5871 2363 5927 F.
2397 5872 2720 5943 οἰκήσαντα.
