4134 6392
477 357 584 417 685

1076 361 1443 419 ADVERSUS
1476 360 1820 418 HIERESES
1854 355 1979 417 LIB.
2021 360 2108 418 111.
2150 356 2311 418 ΤΟΜ.
2355 362 2496 418 ll.--
2535 358 2804 418 HERES.
2843 358 3099 416 LXXVII.

3622 350 3731 414 683

479 471 742 540 ἐγένετο,
778 471 864 523 ἵνα
918 472 992 541 μή
1031 489 1176 535 τινες
1221 472 1515 544 νομίσωσιν
1540 513 1556 537 ,
1590 473 1673 526 ὅτι
1715 473 1930 543 πρῶτος
1958 474 2053 527 ἄν-

2182 489 2281 528 rem
2311 489 2431 528 esse
2469 471 2669 526 factum
2714 486 2873 526 nemo
2905 487 3014 525 non
3059 463 3334 538 intelligit.
3373 464 3508 522 Cum
3542 478 3724 524 autem

481 563 696 632 θρωπος
750 558 847 634 ἦν,
887 564 980 616 καὶ
1031 558 1161 633 ἦλθε
1215 565 1449 634 Χριστὸς
1493 566 1574 628 εἰς
1617 565 1921 636 ἄνθρωπον.
1956 564 2054 617 Διὰ

481 650 638 704 τοῦτο
663 652 832 720 Λόγον
863 651 1075 722 πρῶτον
1103 652 1259 718 ἔταξε
1287 653 1346 706 τὸ
1373 652 1514 706 θεῖον
1541 653 1890 723 Εὐαγγέλιον.
1918 650 2056 708 Εἶτα

483 744 580 814 τὴν
614 744 790 815 σάρκα
826 742 1206 814 ὡμολόγησεν,
1242 747 1325 798 ὅτι
1381 746 1444 799 ’0
1481 747 1668 814 Λόγος
1721 745 1877 814 σὰρξ
1931 745 2057 815 ἐτέ-

482 851 639 887 vero.
685 834 758 886 Οὐ
791 833 898 904 γὰρ
927 829 1077 886 εἶπεν
1101 874 1116 898 ,
1165 836 1229 887 Ἡ
1265 835 1401 906 σὰρξ
1451 837 1623 904 Λόγος
1673 838 1921 906 ἐγένετο,
1969 838 2056 890 ἵνα

481 924 633 995 δείξῃ
658 924 871 996 πρῶτον
897 925 1068 993 Λόγον
1097 928 1191 979 ἀπ’
1213 927 1460 998 οὐρανῶν
1491 928 1734 991 ἐλθόντα,
1762 931 1840 993 εἰς
1867 928 2057 984 ἑαυτὸν

485 1015 543 1066 δὲ
594 1016 974 1088 ὑποστήσαντα
1006 1019 1105 1090 τὴν
1158 1019 1336 1091 σάρκα
1375 1021 1482 1074 ἀπὸ
1540 1021 1641 1091 τῆς
1694 1023 1908 1094 μήτρας
1961 1024 2058 1093 τῆς

479 1106 647 1185 ’ἁγίας
682 1107 956 1178 Παρθένου
987 1149 1002 1174 ,
1032 1112 1127 1164 καὶ
1165 1113 1343 1165 πᾶσαν
1376 1110 1473 1182 τὴν
1524 1113 1939 1184 ὲνανθρώπησιν
1971 1130 2062 1165 τε·

487 1194 646 1258 λείως
679 1197 759 1258 εἰς
789 1197 980 1250 ἑαυτὸν
1013 1199 1481 1270 άναπλασάμενον.
1519 1200 1636 1254 Κᾶν
1674 1217 1734 1252 τε
1766 1200 1876 1272 γὰρ
1908 1201 2059 1270 εἴπῃ,

501 1285 565 1338 '0
595 1286 784 1356 Λόγος
810 1288 966 1357 σὰρξ
995 1289 1232 1360 ἐγένετο
1257 1329 1273 1355 ,
1308 1291 1406 1361 οὐχ
1457 1292 1538 1344 ὅτι
1593 1292 1801 1364 ἐτράπη
1836 1294 1865 1345 6
1892 1293 2063 1360 Λόγος

489 1379 571 1439 εἰς
621 1377 832 1448 σάρκα,
880 1381 975 1433 καὶ
1013 1381 1236 1450 γέγονεν
1290 1381 1319 1433 6
1361 1381 1530 1450 Λόγος
1573 1381 1739 1455 σὰρξ,
1801 1381 1900 1453 ἢή
1950 1383 2066 1435 θεό-

490 1483 591 1538 της
647 1469 946 1541 μετεϐλήθη
1001 1473 1083 1536 εἰς
1131 1473 1345 1542 σάρκα·
1397 1472 1534 1531 ἀλλὰ
1571 1475 1668 1527 σὺν
1727 1476 1794 1545 τῇ
1852 1473 2065 1544 θεότητι

493 1555 652 1610 ἔλαϐε
686 1560 785 1631 τὴν
835 1561 971 1614 ἰδίαν
1011 1561 1176 1616 αὐτοῦ
1214 1562 1625 1636 ὲνανθρώπησιν
1668 1563 1837 1618 ἐλθὼν
1869 1568 1898 1619 6
1934 1566 2065 1630 Θεὸς

494 1649 690 1717 Λόγος.

2164 565 2462 635 perfectum
2494 565 2747 627 dicimus,
2784 579 2900 617 non
2932 563 3074 616 duos
3120 560 3328 614 idcirco
3363 558 3614 615 Christos
3652 575 3737 615 as-

2153 657 2421 719 serimus,
2473 658 2556 710 vel
2585 656 2722 710 duos
2772 669 2927 724 reges
2973 652 3065 709 Dei
3115 651 3303 714 Filios,
3349 653 3444 708 sed
3484 651 3737 708 eumdem

2163 740 2356 808 Deum,
2390 753 2444 800 et
2479 745 2732 800 eumdem
2764 745 3075 800 hominem:
3115 759 3225 798 non
3256 744 3376 798 ideo
3412 745 3555 814 quod
3591 745 3738 798 habi-

2164 837 2294 889 tarit
2323 835 2378 890 in
2419 837 2658 900 homine,
2694 838 2791 894 sed
2823 839 2970 909 quod
3017 838 3134 908 ipse
3172 846 3321 894 totus
3355 839 3518 892 homo
3551 838 3625 894 sit
3659 837 3740 890 fa-

2166 935 2309 982 ctus.
2343 925 2529 996 Neque
2557 943 2722 998 porro
2749 943 2960 984 merum
2996 931 3147 984 illum
3176 930 3448 984 hominem
3480 944 3738 1000 progres-

2167 1018 2322 1072 sione
2360 1018 2594 1088 quadam
2642 1019 2710 1073 ad
2760 1020 3062 1075 divinitatis
3103 1021 3471 1076 conditionem
3515 1033 3742 1092 proces~

2167 1109 2308 1165 sisse
2349 1110 2660 1165 credimus:
2689 1111 2784 1166 sed
2828 1111 2999 1166 Deum
3047 1127 3078 1166 e
3107 1111 3249 1165 coelo
3288 1110 3590 1180 delapsum,
3640 1125 3740 1180 pro

2169 1201 2472 1256 divinitatis
2514 1216 2626 1256 suae
2681 1203 2958 1271 potentia,
3011 1217 3165 1256 suam
3213 1202 3315 1257 sibi
3368 1202 3606 1258 hominis
3659 1202 3743 1257 af-

2170 1276 2395 1348 ﬁnxisse
2423 1303 2693 1347 naturam.
2725 1292 2782 1347 ld
2813 1293 2959 1363 quod
2990 1291 3288 1362 Scriptum
3319 1293 3411 1347 illa
3447 1295 3614 1347 verba
3647 1293 3743 1348 de-

2170 1386 2420 1439 clarant:
2458 1384 2681 1439 Verbum
2708 1402 2832 1440 caro
2861 1385 3062 1455 factum
3100 1397 3176 1440 est
3199 1388 3238 1440 ¹.
3273 1385 3405 1452 Quae
3433 1385 3638 1441 idcirco
3669 1387 3744 1440 ita

2171 1486 2435 1546 concepta
2465 1485 2614 1540 Sunt,
2645 1494 2714 1532 ne
2747 1479 3020 1549 quispiam
3051 1479 3152 1535 sibi
3187 1478 3325 1533 forte
3355 1481 3743 1550 persuaderet,

2173 1567 2409 1636 primum
2445 1568 2720 1624 hominem
2752 1570 3054 1633 exstitisse,
3091 1571 3145 1624 in
3179 1585 3411 1642 eumque
3445 1579 3634 1642 postea
3668 1573 3744 1627 in-

2172 1659 2382 1716 fudisse
2431 1676 2491 1717 se
2540 1660 2840 1717 Christum.
2877 1660 2958 1716 Ob
3009 1661 3065 1716 id
3107 1660 3345 1718 Verbum
3395 1664 3576 1734 primo
3623 1666 3748 1720 loco

497 1753 909 1799 sacrosanctum
953 1745 1302 1816 Evangelium
1340 1748 1558 1818 posuit;
1604 1748 1802 1805 deinde
1835 1749 1968 1820 quid
2012 1751 2080 1806 de
2117 1765 2284 1807 carne
2325 1753 2676 1822 proﬁteretur
2727 1753 2963 1823 subjecit
3003 1775 3015 1810 :
3060 1753 3306 1820 Verbum,
3364 1755 3562 1826 inquit,
3622 1772 3748 1810 caro

497 1833 698 1902 factum
747 1847 858 1890 est.
918 1836 1130 1908 1024
1154 1835 1270 1893 Non
1318 1840 1476 1903 dixit,
1527 1838 1668 1896 Caro
1710 1839 1948 1896 Verbum
2011 1849 2096 1898 est
2165 1841 2330 1908 facta,
2366 1858 2476 1915 quo
2529 1845 2787 1900 nimirum
2846 1842 3080 1899 Verbum
3139 1845 3388 1916 inprimis
3438 1845 3748 1901 ostenderet

499 1929 854 1987 descendisse
881 1931 949 1987 de
984 1934 1144 2000 coelo,
1183 1934 1396 2004 sibique
1441 1951 1659 1991 carnem
1692 1952 1723 1992 e
1765 1951 1924 1992 sacro
1953 1936 2200 2010 Virginis
2243 1948 2398 1995 utero
2439 1940 2742 2006 formasse,
2802 1947 2966 2003 atque
3019 1955 3234 1997 omnem
3277 1943 3333 1997 in
3401 1957 3524 1998 sese
3574 1941 3746 2012 perfe-

496 2031 589 2078 cte
649 2031 897 2078 naturam
945 2025 1181 2081 hominis
1215 2027 1576 2098 expressisse.
1623 2028 1760 2084 Cum
1809 2031 1954 2084 enim
1994 2033 2069 2086 ita
2110 2033 2372 2103 loquitur,
2410 2031 2638 2088 Verbum
2665 2049 2790 2087 caro
2819 2033 3022 2102 factum
3043 2043 3144 2097 est,
3171 2048 3278 2088 non
3329 2033 3460 2088 illud
3519 2033 3744 2099 indicat,

501 2117 741 2173 Verbum
774 2119 828 2172 in
872 2133 1095 2174 carnem
1135 2119 1308 2176 fuisse
1336 2136 1685 2186 conversum,
1729 2132 1823 2177 aut
1857 2125 1913 2178 in
1951 2139 2070 2179 eam
2112 2127 2338 2180 omnino
2385 2128 2673 2191 transisse,
2729 2128 2844 2182 sive
2882 2127 3222 2182 divinitatem
3259 2128 3316 2182 in
3352 2142 3574 2183 carnem
3629 2144 3751 2185 esse

504 2221 789 2276 mutatam,
818 2226 1009 2265 verum
1038 2227 1162 2266 cum
1204 2212 1490 2272 divinitate
1525 2215 1768 2273 Verbum
1799 2223 2077 2289 propriam
2120 2219 2362 2275 hominis
2391 2220 2762 2290 assumpsisse
2785 2227 3058 2275 naturam.

575 2305 654 2356 A'.
685 2301 794 2358 Καὶ
831 2303 1191 2372 προέκοπτε,
1233 2309 1395 2377 φησιν
1419 2349 1434 2373 ,
1468 2309 1540 2362 ἐν
1589 2310 1794 2376 ἡλικίᾳ
1843 2309 2075 2378 Ἰησοῦς

2259 2310 2426 2367 XXX.
2463 2311 2602 2378 Quin
2644 2312 2806 2367 etiam
2833 2308 3164 2379 procedebat,
3193 2308 3388 2379 inquit,
3417 2307 3574 2364 Jesus
3599 2319 3752 2364 (etate

505 2395 607 2448 καὶ
636 2396 842 2464 σοφίᾳ.
904 2397 960 2449 ’0
993 2397 1050 2450 δὲ
1097 2399 1221 2452 νοῦν
1275 2400 1349 2470 μὴ
1395 2399 1532 2470 ἔχων
1588 2401 1926 2471 ἀνθρώπινον
1961 2404 2080 2467 πῶς

510 2485 813 2556 προέκοπτε
841 2503 855 2552 ;
891 2486 1072 2550 καθὼς
1099 2488 1198 2559 ἤδη
1237 2507 1324 2559 μοι
1359 2490 1605 2560 εἴρηται·
1639 2491 1714 2554 ὡς
1741 2492 1833 2545 καὶ
1869 2509 2080 2562 μαρτυ-

509 2579 596 2647 ρεῖ
643 2575 816 2646 τούτῳ
865 2576 942 2648 τῷ
991 2576 1132 2648 λόγῳ
1174 2581 1203 2631 6
1257 2578 1410 2647 ἆγιος
1463 2581 1556 2633 τοῦ
1616 2581 1751 2635 Θεοῦ
1798 2586 2081 2656 προφήτης

520 2666 746 2731 Ἡσαΐας
763 2668 958 2736 φήσας·
978 2668 1123 2722 Ἰδοὺ
1151 2669 1410 2736 συνήσει
1441 2673 1474 2724 ό
1502 2671 1642 2738 παῖς
1658 2690 1778 2741 μου
1799 2677 1832 2728 ό
1860 2675 2084 2744 ἀγαπη-

511 2759 632 2824 τὸς,
651 2760 741 2828 ἐφ’
765 2753 813 2826 ᾧ
833 2761 1155 2830 εὐδόκησα.
1187 2764 1295 2816 Καὶ
1323 2766 1474 2836 ὁρᾷς,
1504 2765 1669 2818 ὅτιτὸ
1688 2767 1949 2836 συνήσει
1987 2769 2082 2821 ἐπὶ

510 2850 719 2905 τελείαν
753 2853 1162 2925 ὲνανθρώπησιν
1193 2855 1452 2926 φέρεται;
1489 2857 1562 2908 Οὐ
1610 2857 1832 2914 δύναται
1862 2859 1972 2932 γάρ
2000 2878 2082 2925 τις

515 2943 750 2996 συνιέναι
778 2944 900 2998 νοῦν
942 2945 1017 3018 μὴ
1070 2945 1240 3016 ἔχωνο
1278 2945 1402 3002 οὔτε
1435 2949 1528 3003 ἐπὶ
1559 2954 1624 3022 τῇ
1661 2951 1875 3022 θεότητι
1923 2953 2082 3006 τοῦτο

514 3032 834 3104 πληροῦται,
865 3037 979 3089 Οὐκ
1001 3036 1219 3108 ἐπιδεὴς
1251 3037 1359 3109 γὰρ
1393 3040 1659 3104 συνέσεως
1684 3043 1717 3112 ἡ
1747 3039 1884 3096 οὖσα
1926 3043 2084 3096 αὐτο-

517 3121 762 3189 σύνεσις,
795 3125 916 3178 οὐδὲ
955 3126 1224 3180 ἐπιδέεται
1269 3130 1458 3198 σοφίας
1501 3133 1534 3201 ἡ
1581 3128 1714 3185 οὖσα
1749 3134 2077 3204 αὐτοσοφία·

515 3214 650 3269 ἀλλὰ
668 3216 730 3269 τὸ
749 3217 1011 3284 συνήσει
1040 3219 1133 3272 ἐπὶ
1164 3220 1242 3290 τῷ
1275 3221 1349 3292 νῷ
1386 3222 1709 3295 ἀνθρωπίνῳ
1723 3205 2080 3294 λαμϐάνεται.

518 3305 687 3359 Πόθεν
724 3309 780 3361 δὲ
810 3309 1019 3372 ὲπείνα,
1049 3310 1171 3379 λέγε
1213 3329 1321 3382 μοι.
1362 3314 1423 3366 Εἰ
1466 3315 1564 3384 μὲν
1595 3315 1706 3386 γὰρ
1742 3315 1880 3386 σὰρξ
1925 3317 2083 3387 μόνον

515 3393 603 3467 ἦν,
639 3397 757 3461 πῶς
789 3399 1018 3466 ἠδύνατο
1053 3401 1352 3473 μνησθῆναι
1385 3405 1615 3475 πείνης;
1656 3407 1752 3459 καὶ
1783 3409 1832 3459 εἰ
1866 3410 1930 3460 ὲκ
1977 3407 2081 3477 ψυ-

517 3487 617 3556 χῆς
662 3490 754 3541 καὶ
807 3488 1054 3560 σώματος
1079 3489 1147 3562 ἦν
1184 3494 1384 3564 μόνης,
1425 3497 1601 3567 ψυχῆς
1645 3499 1717 3568 μὴ
1753 3498 1981 3570 ἐχούσης
2024 3499 2084 3551 τὸ

517 3577 733 3647 λογικὸν
755 3579 848 3632 τοῦ
885 3581 997 3646 νοῦ,
1030 3583 1119 3636 τὸν
1156 3584 1412 3656 λογισμὸν
1448 3591 1546 3658 τῆς
1579 3589 2041 3661 ἐνανθρωπήσεως
2065 3607 2078 3620 ·

519 3669 580 3721 οὐ
618 3669 707 3721 τὸν
738 3670 940 3738 φαῦλον
971 3673 1146 3741 λέγω,
1177 3675 1310 3730 ἀλλὰ
1337 3678 1427 3730 τὸν
1458 3679 1551 3732 ἐπὶ
1583 3683 1649 3750 τῇ
1683 3681 1888 3752 εὐλόγῳ
1923 3683 2083 3753 χρείᾳ

518 3762 847 3832 τεταγμένον
876 3769 1306 3839 συμπρεπόντως
1333 3773 1398 3841 τῇ
1432 3771 1640 3842 θεότητι
1671 3789 1684 3802 ·
1712 3773 1826 3836 πῶς
1856 3775 2083 3844 ἠδύνατο

520 3853 793 3918 πεινάσαι,
822 3855 854 3926 ἦ
885 3856 1225 3929 διανοηθῆναι
1248 3865 1467 3926 πεῖνανς
1491 3863 1661 3917 Πόθεν
1685 3865 1741 3917 δὲ
1767 3865 2083 3937 λελύπηται,

518 3945 640 4012 λέγε
664 3963 772 4015 μοι,
806 3947 981 4018 ψυχῆς
1013 3949 1086 4020 μὴ
1119 3951 1349 4023 ἐχούσης
1379 3953 1522 4016 νοῦν,
1555 3955 1734 4008 καὶτὸ
1757 3956 2083 4024 λογίζεσθαι,

519 4036 712 4104 ἀλόγου
739 4038 914 4109 ψυχῆς
943 4039 1136 4111 οὔσης,
1168 4042 1200 4113 ἢ
1238 4045 1437 4116 σαρκὸς
1469 4046 1677 4116 ἀψύχου
1712 4047 1914 4117 06611;;
1950 4048 2086 4106 Οὔτε

521 4124 624 4177 ὑπὸ
661 4125 834 4197 λύπην
862 4129 1186 4194 ὑπέπιπτεν,
1213 4131 1335 4184 οὔτε
1377 4137 1455 4197 εἰς
1479 4135 1735 4204 ἀθυμίαν.
1770 4138 1880 4189 Καὶ
1914 4125 2086 4194 πολλά

519 4217 665 4268 ἐστιν
694 4215 728 4270 ἃ
761 4217 864 4288 χρὴ
890 4221 1038 4290 ἡμᾶς
1073 4221 1484 4292 διανοουμένους
1521 4225 1736 4286 εἰδέναι,
1773 4227 1852 4278 ὅτι
1878 4226 1948 4279 τά
1995 4245 2085 4281 σο-

521 4310 749 4375 φιστικὰ
783 4312 1011 4381 περιττὰ
1041 4315 1313 4384 τυγχάνει,
1353 4317 1445 4368 καὶ
1490 4317 1712 4387 πλήττει
1743 4318 1940 4387 μᾶλλον
1963 4322 2088 4383 τοὺς

522 4399 661 4470 ὑπὲρ
692 4400 754 4453 τό
792 4401 907 4454 δέον
957 4403 1309 4474 βουλομένους
1340 4407 1662 4461 διανοεῖσθαι
1692 4451 1705 4473 ,
1737 4411 1828 4462 καὶ
1862 4411 1935 4479 μὴ
1989 4429 2087 4478 με·

519 4491 668 4559 τρεῖν
701 4492 924 4556 ἑαυτοὺς
961 4496 1018 4546 ἐν
1050 4494 1127 4566 τῷ
1163 4495 1344 4567 μέτρῳ
1379 4496 1456 4566 τῷ
1498 4499 1627 4568 ἡμῖν
1665 4499 1808 4552 κατὰ
1834 4500 2089 4570 παραίνε-

520 4599 605 4634 σιν
652 4584 926 4654 εἰρημένῳ
953 4585 1062 4638 ἀπὸ
1107 4586 1201 4640 τοῦ
1250 4588 1553 4656 άγιωτάτου
1597 4590 1917 4643 Ἀποστόλου
1944 4629 1959 4654 ,
1995 4590 2088 4644 τοῦ

519 4674 787 4742 φήσαντος
806 4716 820 4740 ,
852 4676 947 4744 Μὴ
976 4677 1371 4746 ὑπερφρονεῖν
1393 4682 1542 4748 παρὸ
1573 4679 1668 4733 δεῖ
1688 4681 1952 4749 φρονεῖν.

520 4779 756 4820 interere
781 4770 1026 4822 contrahi
1071 4770 1262 4838 potuit.
1302 4769 1440 4824 Sunt
1469 4781 1522 4826 et
1571 4773 1676 4825 alia
1727 4774 1943 4842 generis
1998 4774 2243 4842 ejusdem
2301 4775 2701 4844 quamplurima

2189 2411 2249 2448 ae
2275 2397 2536 2464 sapientia
2558 2397 2602 2450 ¹.
2629 2397 2787 2466 Atqui
2818 2396 2863 2448 si
2896 2397 3131 2450 humana
3158 2405 3336 2449 mente
3367 2403 3597 2460 careret,
3629 2412 3752 2465 pro-

2183 2488 2373 2542 cedere
2394 2489 2485 2557 qui
2521 2489 2696 2557 potuit
2720 2488 2742 2538 ?
2764 2494 2822 2540 ut
2853 2503 2883 2540 a
2913 2487 3071 2541 nobis
3123 2497 3248 2541 ante
3280 2486 3615 2552 disputatum
3646 2495 3752 2542 est.

2184 2574 2286 2630 Cui
2315 2583 2369 2630 et
2423 2589 2650 2632 sanctus
2681 2575 2776 2630 Dei
2807 2577 3070 2646 propheta
3106 2575 3276 2630 Isaias
3304 2576 3633 2645 astipulatur
3665 2575 3752 2632 his

2184 2666 2366 2720 verbis
2401 2685 2414 2721 :
2455 2665 2586 2720 Ecce
2621 2667 2875 2737 intelliget
2904 2684 3081 2721 servus
3119 2683 3262 2720 meus
3290 2665 3532 2733 dilectus,
3574 2667 3629 2721 in
3656 2683 3756 2737 quo

2189 2759 2319 2813 mihi
2370 2759 2549 2829 placui
2576 2761 2618 2814 ⁸.
2672 2759 2774 2815 Ubi
2815 2775 2917 2815 vox
2990 2761 3104 2825 illa,
3143 2761 3419 2831 intelliget,
3465 2761 3532 2815 ad
3580 2760 3756 2830 perfe-

2187 2860 2332 2905 ctam
2369 2852 2606 2906 hominis
2627 2858 2879 2905 naturam
2923 2852 3178 2906 refertur.
3203 2851 3321 2906 Non
3361 2852 3506 2907 enim
3553 2851 3758 2907 intelli-

2186 2959 2314 3015 gere
2375 2943 2663 3012 quisquam
2715 2950 2914 3012 potest,
2968 2943 3075 2997 nisi
3126 2953 3307 2998 mente
3363 2945 3434 2998 sit
3476 2944 3756 3014 praeditus,

2186 3051 2290 3092 nec
2335 3037 2390 3089 in
2444 3035 2731 3090 divinitate
2774 3042 2957 3105 potest
3016 3034 3162 3090 istud
3208 3035 3444 3104 impleri.
3488 3033 3756 3100 Quoniam

2188 3143 2290 3184 nec
2346 3127 2700 3198 intelligentia
2747 3127 2990 3196 indiget,
3045 3141 3166 3195 quae
3203 3127 3319 3196 ipsa
3375 3141 3471 3196 per
3509 3141 3632 3182 sese
3685 3128 3761 3182 sit

2188 3219 2546 3290 intelligentia
2573 3234 2587 3283 ;
2631 3233 2807 3286 neque
2840 3218 3109 3286 sapientia
3139 3231 3280 3286 opus
3312 3217 3496 3282 habet,
3531 3233 3652 3286 qua:
3673 3227 3759 3272 est

2189 3313 2306 3382 ipsa
2345 3312 2611 3384 sapientia
2659 3329 2672 3363 :
2722 3309 2865 3363 unde
2934 3308 3272 3377 intelligendi
3316 3308 3640 3362 vocabulum
3691 3310 3757 3363 ad

2192 3405 2485 3458 humanam
2540 3409 2773 3457 mentem
2822 3403 3133 3458 necessario
3177 3402 3425 3471 pertinet.
3491 3401 3761 3456 Praeterea

2192 3495 2314 3550 volo
2345 3495 2475 3548 illud
2526 3493 2658 3547 mihi
2699 3491 2872 3550 dicas.
2917 3490 3371 3561 quemadmodum
3412 3490 3622 3544 esurire
3663 3505 3760 3559 po-

2191 3587 2380 3640 tuerit.
2437 3583 2571 3637 Nam
2621 3584 2667 3638 si
2723 3583 2858 3636 nihil
2902 3589 3102 3652 praeter
3130 3597 3344 3636 carnem
3383 3582 3592 3644 habuit,
3631 3596 3762 3650 quo-

2189 3677 2355 3733 modo
2397 3675 2559 3730 famis
2616 3672 2897 3730 recordari
2955 3675 3174 3744 potuit?
3231 3681 3326 3748 aut
3378 3674 3424 3726 si
3470 3689 3536 3727 ex
3581 3674 3763 3727 anima

2191 3768 2306 3823 sola
2335 3773 2617 3821 constaret
2677 3773 2732 3820 et
2773 3779 3024 3835 corpore,
3063 3767 3135 3818 ita
3168 3771 3228 3818 ut
3261 3764 3520 3818 facultate
3556 3764 3646 3817 illa
3673 3779 3764 3819 ca-

2190 3866 2338 3916 reret
2365 3859 2568 3920 anima,
2601 3872 2722 3927 quae
2753 3859 2964 3911 ratione
3003 3857 3228 3924 praedita
3261 3865 3362 3919 est,
3388 3855 3489 3909 hoc
3521 3863 3605 3910 est
3637 3870 3762 3924 pro-

2193 3950 2314 4018 pria
2356 3957 2538 4002 mente
2588 3947 2826 4002 hominis
2867 3957 2922 4002 et
2963 3947 3313 4016 intelligentia
3363 3948 3494 4016 (quo
3548 3947 3765 4001 nomine

2195 4056 2305 4096 non
2353 4040 2701 4109 depravatam
2764 4039 2911 4092 illam
2965 4039 3263 4108 significari
3307 4038 3450 4104 volo,
3503 4038 3597 4092 sed
3642 4051 3765 4090 eam

2193 4147 2314 4202 qua:
2351 4131 2418 4184 ad
2471 4131 2729 4185 honestos
2779 4131 2902 4184 vita
2948 4145 3083 4184 usus
3114 4127 3397 4198 ofﬁciaque
3440 4128 3762 4198 requiritur,

2195 4240 2422 4294 quaeque
2447 4225 2582 4278 nihil
2622 4224 2805 4287 habet,
2833 4221 2979 4292 quod
3005 4222 3353 4276 Divinitatem
3386 4235 3491 4275 non
3522 4220 3762 4287 deceat),

2197 4318 2289 4386 qui
2347 4317 2566 4371 tandem
2615 4317 2846 4379 esurire,
2891 4317 2973 4370 vel
3000 4315 3236 4370 esuriem
3269 4314 3512 4384 cogitare
3546 4311 3764 4382 potuit?

2196 4407 2394 4463 Dolore
2430 4424 2556 4463 vero
2579 4409 2854 4479 quomodo
2884 4407 3060 4478 potuit
3085 4405 3244 4470 allici,
3279 4407 3324 4461 si
3350 4406 3530 4458 anima
3582 4411 3764 4458 mente

2197 4516 2262 4554 ac
2315 4501 2677 4554 ratiocinandi
2736 4500 2996 4554 facultate
3025 4499 3285 4553 destituta
3329 4495 3512 4558 fuerit,
3565 4502 3624 4548 ut
3670 4502 3764 4547 aut.

2196 4591 2425 4645 rationis
2469 4607 2664 4659 expers
2710 4599 2876 4651 esset,
2935 4596 3030 4642 aut
3078 4590 3314 4641 animam
3361 4601 3489 4640 caro
3543 4584 3751 4637 nullam

2195 4681 2456 4736 haberet?
2501 4681 2656 4735 Certe
2687 4682 2732 4734 si
2756 4679 3024 4748 ejusumdi
3073 4678 3192 4742 fuit,
3243 4678 3431 4732 dolore
3475 4675 3624 4729 nullo
3657 4674 3743 4727 vel

2753 4791 2766 4824 :
2828 4772 3030 4842 quibus
3076 4772 3258 4825 animo
3325 4768 3759 4838 comprehensis,

518 4859 925 4928 intelligendmn
956 4861 1089 4913 illud
1120 4863 1276 4917 nobis
1305 4872 1426 4928 est;
1470 4864 1736 4932 ejusmodi
1774 4865 2147 4921 cavillationes
2211 4875 2266 4919 et
2300 4865 2564 4935 argutias,
2609 4864 2800 4918 inanes
2861 4879 2922 4917 ac
2985 4875 3421 4931 supervacaneas
3487 4874 3631 4922 esse,
3691 4867 3746 4913 et

519 4951 588 5005 ad
628 4952 842 5004 illorum
894 4949 1164 5006 feriendus
1207 4952 1418 5007 animos
1465 4962 1710 5022 spectare
1746 4955 1948 5022 potius.
2004 4955 2095 5023 qui
2138 4955 2276 5007 ultra
2323 4969 2481 5022 quam
2519 4968 2617 5021 par
2665 4959 2748 5005 est
2799 4951 2992 5004 efferre
3039 4967 3098 5005 se
3143 4946 3497 5019 intelligendo
3546 4947 3765 5011 volunt,

521 5059 693 5112 neque
734 5057 792 5095 se
833 5057 898 5096 eo
940 5043 1114 5096 metiri
1152 5041 1371 5096 modulo
1428 5057 1490 5094 ac
1519 5057 1792 5105 mensura,
1824 5041 1888 5095 ad
1918 5059 2080 5112 quam
2125 5059 2224 5098 nos
2259 5041 2639 5096 sanctissimus
2700 5039 2951 5092 hortatur
3007 5038 3322 5108 Apostolus,
3374 5053 3496 5091 cum
3531 5039 3610 5090 sic
3656 5037 3766 5089 ad-

519 5141 743 5189 monet:
781 5130 858 5185 Ne
895 5132 1161 5200 sapiamus
1202 5141 1549 5199 prwterquam
1586 5130 1724 5200 quod
1756 5141 1957 5198 oportet
2004 5148 2184 5201 sapere
2210 5131 2250 5186 ".

591 5226 716 5279 AA'.
747 5225 974 5295 Φέρουσι
1005 5223 1060 5275 δὲ
1085 5225 1216 5293 ἡμῖν
1266 5223 1359 5274 καὶ
1383 5219 1552 5284 λέξεις
1593 5220 1764 5286 τινὰς,
1796 5222 1900 5285 ὅτι,
1932 5222 2075 5292 φησὶ

2274 5221 2484 5293 1025
2532 5220 2725 5276 XXXI.
2766 5222 2976 5277 Atenim
3007 5220 3297 5274 nonnullas
3331 5216 3627 5289 Scripturaa
3661 5232 3768 5272 no-

527 5316 717 5387 Ἠμεῖς
740 5315 807 5368 δὲ
830 5316 979 5368 γοῦν
1006 5312 1259 5381 Χριστοῦ
1279 5314 1514 5382 ἔχομεν.
1545 5313 1650 5365 Καί
1675 5331 1854 5382 φασιν·
1909 5315 2070 5383 Ὁρᾷς

2200 5315 2282 5369 bis
2333 5316 2686 5371 auctoritates
2735 5315 3019 5382 objiciunt.
3069 5313 3388 5382 Cujusinodi
3438 5311 3584 5367 istud
3635 5321 3762 5366 est:

519 5411 600 5461 ὅτι
630 5407 720 5462 τοῦ
747 5407 980 5478 Χριστοῦ
1012 5407 1040 5458 ὁ
1073 5406 1195 5468 νοῦς
1225 5405 1408 5475 ἕτερος
1459 5404 1612 5475 παρὰ
1647 5405 1736 5458 τὸν
1773 5405 2042 5475 ἡμέτερον

2201 5405 2315 5460 Nos
2350 5414 2524 5459 autem
2551 5416 2769 5459 mentem
2797 5405 2995 5460 Christi
3020 5404 3267 5458 habemus
3286 5406 3307 5437 ⁵
3325 5443 3336 5456 .
3372 5403 3438 5456 Ει
3464 5422 3478 5457 :
3506 5401 3768 5468 Videsne,

520 5501 629 5553 Καὶ
674 5498 719 5551 ὢ
749 5499 913 5569 πολλὴ
951 5497 1058 5555 τῶν
1092 5495 1391 5568 ἀνθρώπων
1439 5496 1732 5567 ἁφελότηςῑ
1795 5497 1916 5549 Ὅτι
1952 5498 2031 5559 εἰς
2062 5497 2075 5548 ἓ

2198 5497 2474 5566 inquiunt,
2507 5497 2708 5553 Christi
2751 5505 2985 5551 mentem
3019 5511 3048 5549 a
3079 5503 3267 5549 nostra
3299 5509 3422 5550 esse
3451 5493 3765 5549 diversam?

519 5591 778 5663 ἑκάτερος
805 5591 1052 5662 βούλεται
1083 5590 1250 5642 κλίνει
1271 5605 1283 5618 ·
1313 5589 1406 5642 καὶ
1433 5591 1488 5642 ἐν
1517 5582 1560 5656 ᾧ
1584 5588 1731 5640 δοκεῖ
1754 5587 2067 5658 σοφίζεσθαι

2200 5587 2244 5643 Ο
2270 5588 2553 5642 mirificam
2604 5588 2883 5641 hominum
2933 5586 3301 5657 imperitiam!
3346 5583 3480 5640 Nam
3512 5584 3578 5639 ad
3615 5581 3763 5654 quod

597 5742 616 5774 ⁸
646 5741 802 5797 Joan.
835 5756 875 5806 ι,
914 5740 999 5794 14.
1076 5741 1096 5770 ¹
1130 5739 1261 5794 Luc.
1290 5755 1348 5807 ιι,
1385 5739 1473 5793 52.
1552 5740 1571 5771 ³
1603 5737 1706 5794 lsa.
1742 5741 1958 5805 ηιμ-1.
2038 5741 2058 5770 ’⁵

2185 5753 2240 5807 ιι.
2277 5755 2372 5807 χιι,
2414 5739 2466 5794 5.
2543 5739 2560 5769 ⁵
2588 5737 2748 5792 lCor.
2789 5753 2849 5802 ιι,
2890 5736 2978 5790 16.
