4134 6392
394 389 514 447 Ὄ87

1828 332 1871 435 8
1931 370 2277 430 EPIPIlANll

3570 370 3678 426 688

411 509 610 575 cuique
641 505 853 560 libitum
884 512 968 560 est
1017 502 1312 575 Scriptur.c
1360 514 1646 557 sermones
1679 509 1993 552 accommoo

2105 489 2302 561 μᾶλλον
2337 487 2552 560 ἰδιώτης
2583 488 2918 561 εὑρίσκεται.
2964 489 3029 542 Ἥ
3038 487 3154 560 μῶν
3182 487 3292 561 γὰρ
3325 487 3494 543 ὅντων
3537 489 3681 542 ἰδιω-

412 600 507 652 dat
533 616 546 652 :
576 604 629 652 et
659 596 712 650 in
739 611 850 665 quo
875 592 1111 649 callidus
1136 602 1191 647 et
1224 599 1452 663 argutus
1495 604 1619 645 esse
1659 584 1896 650 videtur,
1940 584 1996 638 in

412 705 481 745 eo
518 689 640 759 ipso
691 685 846 741 rudis
902 693 1067 755 atque
1114 685 1404 755 imperitus
1455 681 1723 737 cernitur.
1784 677 1997 733 Etenim

414 782 562 856 quod
597 780 666 837 ad
710 795 812 835 nos
850 779 1067 844 attinet,
1094 778 1188 848 qui
1222 774 1462 846 imperiti
1493 786 1748 829 sermone
1780 783 1995 832 sumus,

415 892 527 933 non
566 872 822 936 scientia,
856 869 935 923 uti
974 870 1244 938 scriptum
1275 875 1360 921 est
1392 866 1431 928 ¹,
1473 863 1677 934 quique
1702 872 1756 917 et
1784 860 1996 915 medio-

414 986 542 1027 cres
595 966 889 1024 admodum
944 978 1161 1027 sumus,
1213 968 1268 1015 et
1316 957 1630 1014 istiusmodi
1685 954 1994 1019 hominum,

406 1063 512 1136 .qui
542 1062 611 1116 ab
637 1059 947 1116 eruditione
981 1052 1316 1126 paratissimi
1354 1057 1503 1114 sunt,
1538 1048 1874 1103 admiramur
1913 1045 1999 1100 in-

404 1156 599 1229 genia.
633 1153 816 1208 animo
856 1137 1706 1215 vehementer’ohstupescimus,
1749 1137 1894 1212 quod
1929 1138 1999 1193 ad

401 1248 637 1302 inanem
712 1259 775 1299 ac
817 1240 1151 1312 pertinacem
1182 1252 1342 1292 suum
1373 1236 1538 1291 istum
1568 1247 1814 1290 errorem
1846 1244 1998 1287 asse-

406 1336 739 1399 ~verandum,
787 1335 941 1389 illum
986 1330 1210 1388 omnino
1255 1327 1555 1398 Scriptura:
1590 1326 1770 1381 locum
1802 1321 2000 1378 aﬂ'erre

400 1447 527 1488 ~non
569 1428 962 1491 dubitaverint,
1009 1440 1134 1480 cum
1164 1440 1233 1479 ne
1266 1422 1547 1477 minimam
1579 1419 1799 1490 quidem
1838 1416 1999 1472 istius

402 1521 692 1594 dogmatis
753 1518 1203 1588 signiﬁcationem
1233 1513 1451 1568 habeat.
1489 1509 1603 1564 Nos
1628 1511 1790 1576 enim,
1825 1507 2001 1580 inquit

414 1619 733 1689 Apostolus,
780 1611 979 1669 Christi
1027 1618 1251 1664 mentem
1308 1606 1579 1660 habemus.
1622 1603 1788 1675 Igitur
1816 1604 1836 1634 ’
1865 1601 1997 1673 quid

417 1709 641 1764 tandem
681 1705 936 1762 Christus
972 1703 1065 1769 sit,
1107 1701 1426 1771 Christique
1457 1714 1612 1754 mens
1645 1699 1711 1753 de
1741 1696 1849 1753 illis
1875 1711 1999 1768 per-

418 1800 629 1856 contari
667 1814 768 1855 nos
793 1805 1029 1869 Oportet.
1062 1795 1176 1849 Iloe
1200 1793 1419 1866 quidem
1452 1793 1506 1847 in
1546 1792 1668 1848 loco
1698 1790 1845 1845 aliud
1870 1804 1996 1846 esse

416 1895 719 1956 Christum,
776 1890 922 1945 aliud
978 1888 1182 1943 Christi
1230 1887 1596 1950 divinitatem,
1632 1882 1889 1938 arbitrari
1940 1895 2000 1938 se

416 1968 818 2044 demonstrant.
877 1983 955 2038 Ac
1005 1982 1053 2039 si
1109 1980 1310 2037 mentis
1353 1980 1474 2034 loco
1511 1979 1794 2034 Christum
1851 1976 2001 2032 acci-

416 2078 593 2149 piant,
621 2075 904 2132 Christum
955 2087 1084 2127 vero
1129 2072 1300 2127 solam
1338 2086 1370 2125 a
1409 2070 1632 2127 Christo
1678 2076 1996 2141 susceptam

417 2168 660 2227 hominis
685 2176 935 2223 naturam
965 2165 1259 2236 appellent,
1304 2162 1360 2218 in
1398 2163 1562 2218 aliam
1596 2177 1699 2218 nos
1732 2161 1999 2233 quaestio-

415 2276 541 2315 nem
573 2258 895 2327 conjiciunt.
947 2254 1105 2322 Quod
1163 2254 1331 2325 igitur
1387 2260 1512 2324 post
1565 2253 1997 2309 incarnationem

416 2352 513 2408 Dei
545 2350 786 2407 Verbum
818 2364 883 2404 ac
938 2347 1032 2403 Dei
1067 2345 1240 2404 Filius
1271 2347 1602 2410 declaretur,
1633 2345 1990 2417 perspicuum

417 2454 540 2513 est;
586 2459 650 2498 ac
693 2441 909 2497 tametsi
947 2441 1211 2495 nonnulla
1254 2439 1323 2496 de
1368 2454 1427 2496 ea
1474 2439 1789 2496 testimonia
1842 2445 1999 2495 aute-

421 2538 712 2599 ccsscrint,
749 2535 950 2605 quibus
986 2534 1069 2588 vel
1109 2543 1236 2588 ante
1268 2533 1702 2588 incarnationem
1739 2530 1998 2588 Christus

408 2628 680 2701 appellari
712 2627 949 2689 videtur,
986 2626 1043 2679 in
1072 2624 1190 2695 ipsa
1221 2623 1581 2680 nihilominus
1612 2624 1995 2681 incarnatione

419 2724 791 2792 complentur.
862 2716 1134 2773 Caeterum
1201 2732 1375 2787 neque
1435 2715 1696 2772 divinitas
1755 2716 1824 2771 ab
1879 2717 2000 2787 ipsa

408 2815 624 2872 Christi
656 2813 1021 2887 appellatione
1055 2810 1379 2873 secluditur.
1415 2826 1594 2881 neque
1638 2811 1786 2866 illius
1819 2810 2000 2866 incar-

402 2918 569 2966 natio
597 2922 648 2965 et
699 2908 939 2962 humana
984 2914 1239 2974 suscepta
1282 2913 1480 2958 natura
1534 2904 1655 2959 sine
1697 2904 1792 2959 tali
1844 2919 2002 2959 voca-

403 3001 549 3058 ‘bulo
604 3000 966 3057 nominatur:
1001 2999 1146 3053 velut
1198 2997 1256 3051 in
1307 2997 1401 3051 illo
1454 2996 1575 3051 loco
1619 3004 1880 3051 constat:
1919 2993 2003 3051 Ne

393 3098 615 3150 dixeris
648 3095 703 3149 in
736 3092 893 3148 corde
925 3100 1015 3146 tuo
1049 3107 1067 3144 :
1110 3090 1244 3156 Quis
1280 3089 1519 3145 ascendit
1558 3092 1613 3144 in
1644 3090 1876 3145 caelum?
1904 3088 2001 3145 hoc

2098 579 2207 634 τῶν
2234 579 2312 651 τῷ
2337 580 2482 651 λόγῳ
2501 621 2516 646 ,
2558 580 2675 635 ἀλλ’
2703 581 2765 634 οὑ
2799 583 2866 651 τῇ
2906 580 3104 648 γνώσει
3123 622 3137 645 ,
3192 578 3334 634 κατὰ
3369 579 3429 633 τὸ
3458 580 3683 652 εἰρημέ-

2099 690 2210 738 νον,
2239 672 2485 745 βραχέων
2510 673 2567 727 δὲ
2607 673 2811 745 σφόδρα
2843 672 3031 739 ὄντων,
3068 672 3456 745 θαυμαζόντων
3484 672 3540 726 δὲ
3572 672 3681 727 τῶν

2098 767 2357 821 τοιούτων
2404 767 2498 823 ἀνθ
2510 767 2706 839 ρώπων
2725 805 2741 833 ,
2774 766 2867 820 καὶ
2891 765 2997 819 ἀπὸ
3024 765 3199 834 λόγων
3229 764 3564 836 ὁρμωμένων
3590 762 3683 817 τὸν

2100 858 2224 913 νοῦν
2250 900 2265 925 ,
2310 859 2545 931 ἀπορίας
2586 859 2719 929 ἡμῖν
2771 857 3107 921 κατάστασις
3141 857 3268 927 περὶ
3316 856 3414 927 τὴν
3445 854 3682 909 διάνοιαν

2103 951 2387 1023 συμϐαίνει
2411 992 2426 1017 ,
2457 953 2539 1006 ὅτι
2591 951 2652 1006 τὸ
2686 951 2848 1023 ῥητὸν
2895 951 3056 1005 τοῦτο
3092 952 3172 1015 είς
3208 949 3547 1020 παράστασιν
3582 947 3682 1016 τῆς

2100 1043 2357 1116 τοιαύτης
2391 1043 2571 1099 αὑτῶν
2629 1043 2816 1107 ἁπλῶς
2871 1044 3049 1115 ἀργῆς
3105 1042 3436 1113 φιλονεικίας
3468 1039 3684 1111 λαμϐά-

2101 1154 2280 1193 νουσιν
2330 1138 2496 1203 ὅλως,
2530 1137 2626 1192 τοῦ
2676 1137 3003 1210 πράγματος
3057 1136 3133 1209 μὴ
3184 1136 3399 1208 ἔχοντος
3448 1135 3683 1206 ἔμφασιν

2101 1230 2559 1287 ὲπικοινωνοῦσαν
2616 1234 2683 1305 τῇ
2738 1231 2965 1305 τοιαύτῃ
3026 1231 3229 1302 σχέσει.
3295 1228 3497 1299 Ἡμεῖς
3548 1227 3681 1298 γὰρ,

2101 1324 2266 1395 φησὶ,
2313 1324 2466 1379 νοῦν
2493 1323 2754 1393 Χριστοῦ
2781 1326 3021 1396 ἔχομεν.
3054 1324 3119 1378 Τί
3144 1324 3203 1378 δὲ
3227 1324 3334 1395 ἄρα
3361 1323 3446 1396 εῐη
3478 1323 3507 1376 6
3546 1324 3683 1394 Χρι-

2103 1416 2228 1480 στὸς
2250 1457 2265 1480 ,
2297 1417 2427 1489 παρ’
2459 1418 2643 1482 αὑτοῖς
2671 1418 2972 1492 ἐρωτητέω
3000 1458 3015 1483 ,
3064 1417 3099 1489 ἤ
3146 1419 3175 1470 6
3203 1416 3328 1481 νοῦς
3360 1415 3598 1489 Χριστοῦ
3627 1414 3684 1470 τί

2102 1510 2211 1584 ἄρα
2245 1510 2354 1583 εἴη.
2397 1510 2663 1566 Ἐνταῦθα
2704 1512 2761 1567 δὲ
2792 1512 3181 1581 ὑποφαίνουσιν
3208 1511 3395 1583 ἕτερον
3420 1510 3512 1566 τὸν
3549 1511 3686 1582 Χρι-

2104 1606 2228 1658 στον
2257 1601 2397 1660 εἶναι
2423 1607 2742 1676 νενοηκότες
2767 1645 2782 1673 ,
2813 1606 2906 1660 καὶ
2950 1606 3141 1677 ἑτέραν
3173 1605 3272 1677 τὴν
3299 1602 3465 1658 αὑτοῦ
3499 1603 3687 1675 θεότη-

2103 1715 2190 1752 τα.
2221 1699 2286 1752 Et
2324 1697 2433 1771 γὰρ
2456 1698 2576 1752 ἀντὶ
2609 1698 2703 1752 τοῦ
2728 1698 2819 1752 νοῦ
2844 1698 2935 1753 τὸν
2963 1697 3196 1770 Χριστὸν
3222 1696 3684 1769 ὑπολαμϐάνουσι,

2104 1790 2339 1864 Χριστὸν
2369 1790 2427 1845 δὲ
2464 1790 2561 1863 τὴν
2594 1790 2857 1863 ενσαρκον
2910 1791 3078 1863 μόνην
3115 1789 3354 1861 Χριστοῦ
3381 1790 3686 1862 παρουσίαν

2101 1883 2495 1955 ὀνομάζουσιν·
2549 1884 2658 1959 ἄρα
2691 1884 2853 1938 πάλιν
2899 1887 2982 1948 εἰς
3033 1883 3228 1955 ἑτέραν
3273 1883 3499 1954 ζήτησιν
3537 1883 3687 1954 ἡμᾶς

2101 1977 2256 2045 ἄγειν
2291 1976 2610 2048 πειρῶνται.
2641 1977 2754 2032 Καὶ
2780 1977 2862 2031 ὅτι
2896 1977 2994 2048 μὲν
3019 1972 3112 2031 οῦν
3151 1976 3260 2031 ἀπὸ
3289 1976 3389 2046 τῆς
3414 1976 3684 2047 ὲνσάρκου

2102 2068 2407 2139 παρουσίας
2456 2068 2590 2134 Θεὸς
2626 2070 2799 2140 Λόγος
2852 2072 2948 2126 καὶ
2995 2070 3126 2135 Υἱὸς
3192 2069 3289 2124 τοῦ
3331 2069 3467 2125 Θεοῦ
3512 2070 3688 2143 ἑρμη-

2102 2159 2316 2216 νεύεται
2340 2202 2355 2228 ,
2399 2161 2558 2233 δῆλον
2577 2179 2591 2194 ·
2628 2164 2676 2217 εί
2724 2163 2818 2217 καὶ
2847 2162 3087 2236 προῆγον
3118 2164 3248 2234 περὶ
3279 2162 3447 2217 αὑτοῦ
3476 2176 3687 2236 μαρτν-

2103 2252 2240 2327 ρίαι,
2276 2252 2369 2307 τὸν
2416 2254 2653 2326 Χριστὸν
2685 2253 2851 2309 αὑτὸν
2876 2253 3161 2308 καλεῖσθαι
3187 2254 3282 2309 καὶ
3319 2254 3428 2326 πρὸ
3452 2254 3552 2325 τῆς
3598 2255 3689 2308 ὲν-

2104 2346 2306 2418 σάρκου
2340 2346 2643 2418 παρουσίας
2666 2385 2684 2413 ,
2719 2348 2776 2400 ὲν
2815 2349 2882 2419 τῇ
2932 2347 3206 2419 παρουσίᾳ
3255 2346 3644 2419 πεπλήρωνται
3666 2360 3686 2378 ·

2104 2442 2240 2511 μήτε
2291 2439 2390 2510 τῆς
2445 2439 2698 2511 θεότητος
2726 2439 2886 2503 ὲκτὸς
2912 2439 3148 2514 Χριστοῦ
3189 2440 3541 2511 ὑπαρχούσης
3567 2438 3686 2494 ὀνό-

2105 2549 2306 2604 ματος,
2345 2534 2482 2603 μήτε
2519 2533 2785 2604 ὲνσάρκου
2818 2533 3151 2605 παρουσίας,
3201 2533 3297 2588 καὶ
3329 2532 3495 2587 αὑτοῦ
3530 2536 3687 2588 ἐναν-

2102 2624 2472 2697 θρωπήσεως,
2505 2626 2634 2680 ἄνευ
2678 2625 2779 2695 τῆς
2815 2624 3070 2697 τοιαύτης
3101 2625 3397 2697 ὀνομασίας
3425 2625 3686 2697 ὀνομαζο-

2104 2718 2305 2789 μένης·
2355 2719 2429 2782 ὡς
2482 2717 2625 2773 κατὰ
2673 2718 2735 2772 τὸ
2783 2717 3105 2789 εἰρημένον·
3157 2718 3257 2786 Μὴ
3289 2718 3472 2787 εῑπῃς
3506 2718 3577 2772 ἐν
3611 2716 3687 2787 τῇ

2102 2809 2318 2878 καρδίᾳ
2351 2824 2467 2864 σου
2492 2825 2506 2839 ·
2567 2809 2664 2876 Τίς
2690 2808 3056 2876 ἀναϐήσεται
3104 2812 3193 2876 είς
3241 2808 3350 2863 τὸν
3385 2809 3686 2877 οὺρανόνς

2102 2900 2377 2955 τουτέστι
2417 2902 2681 2971 Χριστὸν
2706 2901 3095 2972 καταγαγεῖν·
3134 2901 3175 2971 ἢ
3212 2901 3306 2969 τίς
3348 2901 3684 2970 καταϐήσε-

2103 3010 2198 3048 ται
2232 2996 2322 3061 είς
2357 2993 2472 3062 τὴν
2517 2994 2828 3061 ἅϐυσσον;
2859 2993 3134 3049 τουτέστι
3181 2994 3441 3065 Χριστὸν
3468 2995 3689 3065 ἀναγα-

2104 3087 2232 3158 γεῖν
2273 3089 2342 3141 ἐκ
2381 3088 2630 3157 νεκρῶν.
2660 3090 2770 3142 Καὶ
2819 3089 2982 3142 πάλιν
3027 3091 3056 3142 ό
3105 3088 3268 3152 αὑτὸς
3321 3088 3471 3157 λέγει
3499 3106 3514 3120 ·
3553 3090 3689 3145 Ἵνα

415 3199 493 3240 est
526 3186 799 3241 Christum
834 3182 1136 3247 deducere;
1172 3191 1263 3236 aut
1298 3184 1414 3251 quis
1458 3181 1732 3237 descendet
1764 3183 1819 3236 in
1850 3183 1999 3253 abys-

2105 3178 2449 3249 γινώσκωσί
2477 3196 2553 3234 σε
2581 3182 2689 3234 τὸν
2716 3181 2912 3251 μόνον
2950 3182 3241 3250 ἀληθινὸν
3266 3182 3416 3236 Θεὸν
3439 3222 3455 3246 ,
3486 3182 3584 3236 καί
3615 3182 3689 3236 ὃν

392 3276 574 3331 ιδιιιηξ)
603 3274 698 3328 hoc
733 3282 813 3329 est
837 3272 1108 3328 Christum
1139 3288 1167 3326 e
1208 3272 1430 3326 mortuis
1466 3270 1719 3328 deducere
1740 3273 1782 3327 ⁸.
1853 3272 2000 3329 Prte-

414 3376 568 3423 terea
604 3366 744 3423 idem
772 3365 890 3436 ipse
929 3366 1011 3422 sic
1047 3365 1333 3436 loquitur:
1365 3362 1432 3418 Ut
1486 3374 1803 3436 cognoscant
1834 3375 1882 3418 te
1910 3382 2000 3419 so-

390 3496 393 3501 η
418 3460 530 3515 tum
559 3460 747 3523 Deum,
776 3468 825 3515 et
855 3475 1006 3530 quem
1048 3459 1245 3513 misisti
1281 3457 1468 3513 Iesum
1495 3457 1770 3513 Christum
1791 3462 1833 3510 ι.
1870 3457 2002 3525 Qua:

418 3551 637 3621 quidem
676 3567 802 3616 vox,
849 3549 1068 3611 misisti,
1102 3562 1226 3602 cum
1265 3547 1333 3603 de
1366 3548 1576 3602 caelesti
1614 3547 1704 3601 illa
1741 3548 2004 3602 missione

420 3642 742 3712 accipienda
776 3641 873 3705 sit,
904 3640 972 3697 ab
1001 3656 1067 3697 eo
1101 3648 1281 3695 tamen
1309 3639 1452 3710 quod
1488 3639 1687 3695 Petrus
1715 3639 1875 3705 dixit,
1910 3656 2002 3695 se-

396 3734 600 3805 .parari
636 3750 744 3788 non
781 3732 942 3789 debet
973 3749 986 3786 :
1019 3729 1207 3786 Iesum
1255 3729 1623 3786 Nazaramum
1663 3734 1834 3788 uirum
1880 3748 2003 3802 pro-

402 3828 603 3879 immm
663 3823 717 3878 in
779 3824 923 3880 vobis
973 3825 1226 3897 prodigiis
1265 3842 1327 3879 ac
1372 3826 1535 3895 signis
1557 3826 1600 3890 ⁸,
1651 3842 1803 3895 quem
1850 3827 2003 3880 unxit

426 3916 563 3969 Deus
599 3913 807 3984 Spiritu
831 3926 1014 3971 sancto
1041 3917 1062 3948 ‘
1089 3935 1101 3972 :
1129 3932 1194 3972 ac
1219 3917 1428 3988 reliqua
1465 3916 1519 3972 id
1553 3933 1750 3988 genus.

492 4014 711 4070 XXXII.
754 4014 860 4069 Sed
888 4030 987 4070 nec
1023 4015 1109 4071 his
1138 4015 1357 4086 quidem
1403 4019 1644 4072 contenti
1686 4017 2003 4074 suavissimi

421 4109 504 4165 tili
540 4109 740 4165 fratres
765 4108 964 4174 nostri,
995 4124 1120 4164 cum
1171 4109 1304 4164 illud
1348 4110 1451 4165 sibi
1495 4111 1663 4166 semel
1710 4126 2006 4181 proposue-

418 4203 555 4266 rint,
610 4211 671 4255 ut
716 4202 771 4256 in
817 4201 1073 4257 omnibus
1116 4201 1580 4271 opiniosissimam
1644 4218 1801 4258 suam
1844 4202 2005 4257 nobis

419 4294 789 4356 pervicaciam
847 4300 1146 4364 opponant,
1196 4294 1363 4348 etiam
1412 4295 1756 4350 divinitatem
1791 4295 2007 4367 1026

422 4383 631 4441 Christi
681 4400 902 4454 passam
944 4399 1067 4440 esse
1103 4399 1319 4439 summa
1364 4401 1489 4442 cum
1531 4386 1759 4442 audacia
1807 4390 2007 4458 praedi-

422 4485 572 4532 cant.
632 4476 713 4531 Ad
765 4475 910 4547 quod
960 4476 1069 4531 illis
1120 4476 1368 4546 Apostoli
1424 4479 1604 4535 verbis
1655 4479 2001 4535 abutuntur:

2105 3272 2471 3339 ἀπέστειλας
2515 3274 2762 3342 Ἰησοῦν
2780 3276 3058 3342 Χριστόν.
3093 3276 3166 3329 Τὸ
3210 3276 3267 3329 δὲ
3297 3276 3684 3341 ἀπέστειλας.

2103 3362 2311 3418 ἄνωθεν
2363 3364 2485 3436 ἔχον
2536 3366 2633 3437 τὴν
2681 3367 2915 3438 θεωρίαν
2941 3407 2956 3433 ,
3008 3368 3124 3422 ἀλλ’
3152 3369 3253 3422 οὑκ
3299 3369 3460 3431 ἐκτὸς
3490 3368 3550 3422 ὃν
3580 3369 3688 3421 τῶν

2104 3455 2209 3509 ὑπὸ
2248 3457 2457 3528 Πέτρου
2505 3459 2811 3529 είρημένων
2844 3500 2859 3522 ,
2905 3460 2989 3513 ὃτι
3042 3460 3286 3528 Ἰησοῦν
3338 3460 3450 3514 τὸν
3498 3458 3691 3522 Ναζω-

2096 3547 2301 3616 ραῖον,
2359 3548 2550 3618 ἄνδρα
2604 3550 3107 3622 ἀποδεδειγμένον
3158 3554 3246 3619 είς
3284 3551 3441 3621 ὑμᾶς
3484 3551 3687 3622 τέρασι

2105 3643 2204 3696 καί
2261 3646 2572 3713 σημείοις,
2637 3645 2710 3700 ὃν
2764 3646 3012 3715 ἔχρισεν
3092 3651 3126 3701 ό
3187 3648 3333 3712 Θεὸς
3390 3650 3688 3715 Πνεύματι

2105 3734 2252 3805 ἁγίῳ
2277 3752 2288 3763 ·
2320 3738 2414 3790 καὶ
2451 3736 2520 3791 τὰ
2548 3738 2758 3802 τούτοις
2786 3740 2969 3810 ὃμοια.

2176 4007 2301 4063 AB'.
2336 4002 2470 4061 Εἶτα
2506 4006 2563 4061 δὲ
2591 4007 2755 4063 πάλιν
2795 4009 2846 4062 οί
2878 4009 3206 4077 γλυκύτατοι
3249 4011 3407 4083 ήμῶν
3444 4014 3687 4084 ἀδελφοὶ,
3763 4016 3767 4018 ν

2108 4100 2425 4171 βουλόμενοι
2477 4102 2618 4155 κατὰ
2654 4102 2831 4156 πάντα
2879 4103 3219 4172 φιλονείκους
3253 4107 3384 4176 ἡμῖν
3414 4108 3691 4180 εἰσφέρειν

2103 4194 2377 4259 διανοίας,
2424 4196 2516 4249 καὶ
2568 4196 2666 4266 τὴν
2701 4196 2863 4250 αὑτοῦ
2917 4196 3147 4268 Θεότητα
3184 4198 3516 4253 πεπονθυῖαν
3539 4240 3554 4265 ,
3590 4201 3691 4254 οὑκ

2107 4289 2428 4361 ἁτολμήτως
2451 4289 2812 4361 κηρύττουσιν
2840 4293 2904 4344 ὲκ
2932 4290 3025 4343 τοῦ
3057 4290 3219 4363 ῥητοῦ
3247 4292 3342 4346 τοῦ
3373 4294 3688 4369 είρημένρυ·

2110 4386 2179 4437 El
2211 4382 2320 4453 γὰρ
2352 4381 2664 4453 ἔγνωσαν,
2715 4386 2826 4438 οὐκ
2857 4384 2934 4437 ἂν
2966 4384 3074 4438 τὸν
3105 4387 3325 4453 Κύριον
3362 4386 3472 4453 τῆς
3506 4386 3692 4455 δόξης

2109 4474 2517 4543 ἐσταύρωσαν.
2554 4476 2711 4539 Τινὲς
2739 4476 2796 4529 δὲ
2827 4476 2935 4530 τῶν
2966 4476 3131 4531 αὑτοῦ
3161 4478 3366 4532 παίδων
3406 4480 3481 4550 μὴ
3511 4478 3693 4534 νοοῦν-

406 4568 486 4623 -8ί
547 4568 689 4622 enim
736 4567 1121 4637 cognovissent,
1162 4584 1433 4637 nunquam
1474 4568 1760 4623 Dominum
1817 4570 2000 4641 gloria:

2111 4583 2201 4629 τες
2227 4566 2404 4630 τοῦτο,
2430 4565 2506 4630 ὡς
2531 4562 2703 4637 οἶμαι,
2739 4568 2877 4638 μετὰ
2905 4568 3012 4622 τῶν
3043 4569 3217 4623 ἄλλων
3241 4570 3690 4643 προϐαλλόμενοι,

407 4659 885 4726 cruciﬁxissent’.
932 4659 1010 4713 Ac
1060 4674 1177 4713 mea
1229 4660 1448 4728 quidem
1510 4663 1783 4716 sententia
1835 4662 2006 4733 aliqui

424 4752 757 4821 Apollinaris
785 4751 1063 4825 discipuli,
1097 4752 1189 4822 qui
1218 4752 1399 4806 minus
1425 4752 1573 4807 istud
1611 4753 2007 4824 intelligerent,

414 4857 550 4896 cum
592 4841 715 4897 aliis
758 4843 1044 4898 erroribus
1090 4843 1237 4897 hunc
1277 4844 1456 4913 ipsum
1489 4854 1878 4918 proponentes,
1917 4863 2006 4900 ar-

426 4935 601 5005 gutuli
634 4935 828 4989 volunt
852 4935 1047 4991 videri.
1084 4934 1251 4991 Miror
1284 4939 1428 4992 enim
1461 4940 1507 4993 si
1535 4940 1807 5008 ejusmodi
1842 4943 2003 5011 quid-

425 5026 572 5095 piam
604 5025 672 5080 ιιι)
698 5042 765 5081 eo
802 5026 968 5084 fuerit
1011 5036 1306 5082 assertum.
1345 5027 1533 5100 Neque
1560 5046 1690 5087 vero
1722 5032 2004 5087 admiran-

2112 4655 2391 4726 βούλονται
2449 4656 2884 4725 ἐπισοφίζεσθαι.
2932 4657 3211 4729 Θαυμάζω
3267 4660 3376 4732 γὰρ
3427 4662 3477 4713 εί
3529 4662 3695 4727 αὐτὸς

2110 4748 2283 4812 οὑτως
2315 4749 2536 4818 φάσκει.
2590 4750 2665 4801 Οὐ
2693 4749 3004 4821 θαυμαστὸν
3032 4750 3184 4821 γὰρ,
3225 4751 3322 4806 ἐὰν
3348 4754 3477 4826 εἴπῃ
3509 4757 3541 4824 ὴ
3574 4753 3695 4807 θεία

2110 4842 2302 4913 Γραφὴ
2344 4843 2436 4895 τὸν
2463 4841 2666 4915 Κύριον
2696 4844 2796 4913 τῆς
2821 4843 2978 4915 δόξης
3013 4843 3411 4913 ἐσταυρῶσθαι.
3446 4846 3555 4899 Καὶ
3584 4845 3694 4917 γὰρ

2112 4935 2208 4988 καὶ
2232 4933 2434 5006 Κύριον
2473 4935 2632 5007 δόξης
2651 4937 3021 5008 ὁμολογοῦμεν
3053 4941 3147 4991 καὶ
3181 4939 3350 5009 αὑτὴν
3373 4939 3472 5009 τὴν
3495 4940 3693 5011 ἐνσαρ-

2119 5044 2212 5080 κον
2239 5030 2543 5099 παρουσίαν
2564 5046 2578 5059 ·
2607 5031 2666 5083 οὑ
2701 5030 2810 5103 γὰρ
2861 5031 3116 5103 διῄρηται
3154 5031 3264 5084 ἀπὸ
3297 5032 3394 5103 τῆς
3442 5033 3697 5104 θεότητος

427 5116 556 5173 dum
586 5128 693 5184 est,
740 5119 885 5190 quod
944 5117 1228 5190 Scriptura
1281 5137 1437 5177 sacra
1483 5123 1774 5181 Dominum
1822 5127 2000 5197 gloriu'.

2113 5123 2145 5193 ἡ
2184 5121 2449 5194 ἔνσαρκος
2498 5125 2772 5196 παρουσία
2795 5142 2809 5155 ·
2845 5126 2941 5196 τῆς
2990 5126 3226 5197 ἑκάστης
3261 5126 3573 5190 ὑποθέσεως
3606 5128 3697 5180 εὑ-

428 5209 749 5265 cruciﬁxum
793 5226 916 5267 esse
956 5210 1175 5266 dixerit.
1236 5212 1515 5283 Siquidem
1568 5224 1622 5270 et
1667 5228 2000 5288 assumptam

2111 5213 2285 5283 λόγως
2347 5217 2646 5289 νοουμένης
2679 5257 2694 5279 ,
2753 5218 2848 5271 καὶ
2898 5221 2990 5272 ἐπὶ
3048 5219 3107 5272 τὸ
3163 5220 3296 5273 αὑτὸ
3355 5219 3456 5289 τῆς
3516 5220 3697 5290 πάσης

428 5301 668 5355 hominis
723 5308 977 5355 naturam
1023 5303 1211 5373 gloria:
1263 5303 1552 5360 Dominum
1612 5308 2000 5377 appellamus:

2112 5309 2496 5380 πραγματείας
2522 5312 2601 5374 εἰς
2627 5312 2757 5382 μίαν
2789 5312 3100 5384 οἰκονομίαν
3131 5313 3226 5366 καὶ
3259 5314 3389 5383 μίαν
3420 5313 3696 5384 τελειότη-

426 5396 627 5465 quippe
654 5411 776 5465 qua:
799 5396 868 5449 ab
897 5388 1182 5451 dihinitate
1211 5398 1434 5453 minime
1469 5411 1721 5469 separata
1763 5400 1853 5455 sit.
1895 5400 2000 5455 Nec

2112 5417 2183 5454 τα
2219 5405 2352 5472 ἡμῖν
2380 5404 2785 5476 συνηνωμὲνης.
2814 5405 3064 5476 Παοητὸς
3116 5407 3224 5476 γάρ
3266 5408 3396 5476 ἡμῖν
3430 5405 3699 5476 κηρύττε-

430 5489 598 5543 ullum
645 5489 700 5542 in
740 5504 805 5544 eo
832 5504 1032 5561 genere
1080 5504 1240 5559 opus.
1298 5508 1393 5544 aut
1453 5501 1835 5562 argumentum
1902 5503 2000 5558 est,

2112 5512 2204 5549 ται
2232 5497 2467 5567 Χριστὸς
2512 5498 2607 5550 καὶ
2634 5498 2967 5562 πιστεύεται,
3018 5499 3079 5552 οὑ
3104 5498 3225 5552 καθ’
3261 5500 3455 5552 ἑαυτὸν
3484 5496 3696 5559 παθὼν,

427 5584 573 5653 quod
605 5598 710 5637 non
738 5584 1026 5639 commode
1056 5587 1230 5655 possit
1270 5586 1495 5656 intelligi
1522 5604 1536 5653 ;
1562 5588 1807 5659 adeoque
1835 5598 2000 5645 totum

2113 5587 2233 5641 οὑδὲ
2282 5589 2362 5641 ὅτι
2409 5589 2563 5652 ἄλλος
2591 5591 2738 5643 ἐστὶν
2765 5593 2792 5644 6
2831 5590 3114 5655 πεπονθὼς
3141 5633 3155 5655 ,
3200 5590 3291 5645 καὶ
3329 5590 3486 5654 ἄλλος
3523 5593 3551 5643 ὁ
3587 5591 3699 5642 Κύ-

428 5675 825 5733 incarnationis
854 5678 1132 5749 negotium
1162 5679 1227 5734 ad
1295 5695 1460 5735 unam
1509 5683 1868 5755 eamdemque
1907 5686 2000 5739 ad-

2116 5697 2265 5751 ριος,
2313 5681 2433 5734 οὐδὲ
2487 5683 2568 5735 ὄτι
2627 5684 2660 5752 ἡ
2696 5682 2887 5753 θεότης
2936 5680 3203 5735 πέπονθεν
3231 5697 3244 5710 ·
3286 5679 3424 5733 ἀλλὰ
3462 5677 3699 5732 πέπονῦε

497 5837 517 5865 ¹
550 5829 593 5885 ιι
611 5833 733 5888 Cor.
762 5852 835 5900 xz,
867 5835 920 5890 6.
998 5838 1017 5868 ³
1050 5836 1217 5891 lCor.
1247 5838 1418 5903 11,16.
1486 5836 1821 5913 'Roui.x,6.
1889 5846 1910 5878 "
1949 5844 2000 5902 Ι(

2105 5861 2263 5912 .ιινιι,
2289 5847 2343 5903 ’5.
2421 5848 2579 5901 “Act.
2617 5863 2674 5910 ιι,
2701 5846 2793 5901 20.
2870 5847 3029 5902 ‘Act.
3065 5863 3116 5911 κ,
3148 5844 3239 5901 58.
3313 5844 3336 5878 '
3366 5842 3532 5899 ICor.
3558 5858 3698 5909 “,3.
3803 5849 3808 5854 ’
