4134 6392
513 380 622 440 689

1169 384 1537 443 ADVEhSUS
1576 380 1923 440 liAEliESES
1954 386 2086 439 ΜΒ.
2132 382 2218 438 Ill.
2258 381 2422 438 ΤΟΜ.
2465 381 2507 435 ll
2609 377 2882 435 HIERES.
2925 375 3182 431 LXXVII.

3684 375 3810 433 690-“

466 533 471 538 ~
517 502 617 573 μὲν
648 501 678 554 ὁ
708 498 914 573 Κύριος
947 501 1103 572 ἡμῶν
1144 500 1351 573 Ἰησοῦς
1390 504 1626 574 Χριστὸς
1652 542 1667 567 ,
1721 503 1823 574 τῆς
1852 501 2103 572 θεότητος

2222 500 2677 556 ministrationem
2714 496 3216 568 perfectionemque
3267 491 3565 561 conspirat.
3599 491 3788 561 Itaque

513 593 789 663 ἀτρέπτου
827 593 1097 665 μενούσης
1134 611 1215 658 τε,
1251 597 1346 650 καὶ
1387 596 1635 660 ἀπαθοῦς
1658 637 1673 660 ,
1704 595 2022 666 πασχούσης
2051 595 2109 649 δὲ

515 688 573 740 ἓν
598 688 664 758 τῇ
707 686 893 757 σαρκὶ,
922 686 1019 740 καί¹
1050 686 1298 751 ἀπαθοῦς
1331 688 1618 759 μενούσης.
1648 691 1712 742 Et
1738 689 1847 761 γάρ
1869 689 2107 743 ἀπέθανε

512 776 753 849 Χριστὸς
782 777 922 849 ὑπὲρ
950 777 1130 849 ἡμῶν,
1166 781 1261 833 καὶ
1282 779 1452 844 ὄντως
1482 780 1775 846 ἀπέθανεν,
1800 781 1899 852 οὐχ
1931 781 1965 851 ἡ
1996 780 2107 834 θεό-

512 884 613 939 της
659 867 934 922 ἀπέθανεν
960 909 975 934 ,
1017 868 1156 923 ἀλλά
1206 869 1477 924 ἀπέθανεν
1515 871 1574 926 ὲν
1624 872 1821 943 σαρκὶ,
1858 870 2000 925 κατά
2044 870 2107 924 τὸ

516 959 809 1031 εἰρημένον
830 977 845 992 ο
880 959 1250 1027 Θανατωθεὶς
1275 961 1457 1029 σαρκὶ
1481 1001 1494 1024 ,
1531 960 1907 1028 ζωοποιηθεὶς
1933 960 2002 1014 δὲ
2024 959 2107 1026 τῷ

512 1053 806 1120 πνεύματι
830 1068 845 1083 ·
895 1052 992 1106 καὶ
1039 1051 1202 1106 πάλιν
1229 1067 1245 1083 °
1295 1053 1557 1122 Χριστοῦ
1602 1053 1903 1120 παθόντος
1952 1055 2105 1123 ὑπὲρ

510 1141 682 1208 ἡμῶν
710 1143 913 1211 σαρκί.

2212 591 2489 662 patibilem
2516 605 2618 645 nos
2656 589 2936 644 Christum
2971 587 3351 657 praedicamus,
3380 598 3443 638 ac
3470 583 3784 639 credimus:

2212 700 2321 739 non
2353 685 2496 754 quod
2529 700 2626 755 per
2652 698 2774 739 sese
2802 682 2875 737 sit
2900 695 3127 752 passus,
3165 694 3345 749 neque
3375 677 3523 748 quod
3552 677 3693 732 alius
3717 680 3789 733 sit

2212 793 2243 831 a
2277 778 2515 847 patiente
2568 777 2854 839 Dominus,
2914 790 3091 845 neque
3143 774 3291 845 quod
3350 772 3534 827 divina
3590 782 3789 827 natura

2210 884 2374 940 passa
2405 870 2477 925 sit
2513 889 2525 923 :
2580 885 2765 924 verum
2800 870 2873 923 ita
2902 866 3165 922 Dominus
3206 873 3394 921 noster
3437 863 3596 919 Jesus
3630 865 3791 918 Citri-

2210 969 2330 1017 stus
2370 976 2567 1032 passus
2594 970 2702 1025 est,
2738 970 2797 1015 ut
2829 961 3001 1030 ipsius
3032 959 3290 1014 divinitas
3323 957 3642 1012 mutationis
3673 971 3792 1010 om-

2209 1054 2299 1108 nis
2314 1063 2379 1121 .et
2418 1052 2688 1123 passionis
2720 1067 2917 1121 expers
2954 1050 3313 1105 nihilominus
3345 1051 3401 1104 itt
3431 1064 3595 1104 cruce
3636 1057 3791 1119 pate-

2212 1157 2384 1211 retur,
2418 1156 2472 1199 et
2504 1145 2622 1214 ipsa
2668 1144 2874 1198 nullam
2924 1144 2979 1197 in
3020 1158 3141 1199 sese
3174 1145 3485 1213 passionem
3514 1143 3794 1213 experire-

432 1309 444 1317 .
512 1240 623 1287 tur.
658 1234 815 1300 Quod
840 1235 985 1290 enim
1013 1234 1270 1292 Christus
1328 1244 1519 1293 nostra
1547 1249 1714 1291 causa
1749 1245 2002 1291 mortuus
2047 1243 2155 1302 est,
2213 1252 2451 1308 vereque
2505 1244 2782 1298 mortuus,
2834 1250 2940 1289 non
2996 1236 3052 1289 in
3105 1235 3447 1291 divinitatem
3498 1250 3648 1291 mors
3696 1234 3790 1290 illa

511 1328 746 1395 cecidit;
787 1331 881 1384 sed
917 1330 971 1384 in
1005 1345 1170 1386 carne
1209 1338 1461 1385 mortuus
1490 1338 1617 1395 est,
1670 1329 2129 1400 quemadmodum
2196 1332 2461 1399 scriptum
2505 1339 2632 1385 est:
2685 1327 3045 1399 Mortiﬁcatus
3089 1344 3248 1383 carne
3272 1366 3287 1393 ,
3340 1327 3633 1397 viviﬁcatus
3685 1344 3784 1382 au-

513 1427 625 1474 tem
693 1420 945 1488 spiritu”.
1000 1419 1174 1475 Item:
1225 1419 1438 1475 Christo
1487 1437 1646 1491 passo
1700 1437 1796 1490 pro
1853 1422 2001 1475 nobis
2052 1421 2109 1474 in
2144 1435 2303 1474 carne
2330 1420 2370 1474 ³.

582 1513 926 1583 Θαυμαστίῖκ
957 1515 1093 1585 ἡμῖν
1139 1515 1486 1588 ὡμολόγηται
1527 1513 1815 1579 πεπονθὼς
1863 1516 1923 1568 ὲν
1964 1514 2098 1584 ἀληι

511 1600 669 1673 θείᾳ,
696 1603 790 1656 καὶ
814 1601 1033 1674 ἀπαθὴς
1066 1604 1124 1656 ἐν
1157 1603 1388 1675 ἀληθείᾳ
1411 1621 1425 1636 ·
1466 1604 1565 1675 τῆς
1590 1603 1844 1677 θεότητος
1879 1603 1952 1676 μὴ
1990 1622 2099 1658 πα-

514 1694 717 1766 θούσης
739 1695 826 1750 διά
851 1696 911 1750 τὸ
937 1697 1207 1768 ἄτρεπτον
1226 1739 1242 1764 ,
1290 1700 1385 1753 καὶ
1412 1699 1620 1763 ἀπαθὲς
1637 1740 1653 1763 ,
1685 1699 1779 1753 καὶ
1816 1699 2100 1771 όμοούσιον

511 1788 594 1856 τῷ
642 1787 853 1861 Πατρί’
899 1789 1185 1862 παθούσης
1230 1790 1287 1844 δὲ
1322 1791 1422 1861 τῆς
1457 1790 1693 1862 σαρκὸς,
1733 1791 1829 1845 καὶ
1856 1791 1918 1844 οὐ
1949 1808 2104 1863 μερι-

516 1878 740 1953 σθείσης
771 1880 872 1951 τῆς
918 1880 1169 1954 θεότητος
1201 1882 1310 1937 ἀπὸ
1364 1884 1464 1955 τῆς
1494 1883 1763 1955 ὲνσάρκου
1798 1884 2102 1953 παρουσίας

514 1971 576 2025 ὲν
599 1970 679 2043 τῷ
720 1971 904 2028 πάθει.
936 1973 1113 2046 Συνῆν
1142 1973 1254 2047 γάρ
1292 1974 1389 2029 καὶ
1421 1977 1454 2045 ἡ
1487 1973 1712 2047 θεότης,
1748 1975 1843 2028 καὶ
1875 1976 1908 2043 ἡ
1942 1977 2099 2029 ἐναν-

517 2061 827 2135 θρώπησις,
869 2065 959 2118 ὅτε
992 2066 1086 2119 ἐπὶ
1135 2064 1213 2137 τῷ
1252 2064 1470 2137 σταυρῷ
1500 2064 1706 2136 ἔπασχε
1743 2065 1842 2137 μὲν
1868 2063 2103 2137 Χριστὸς

517 2155 702 2227 σαρκὶ,
735 2156 952 2229 ἀπαθὴς
978 2157 1035 2211 δὲ
1069 2156 1252 2229 ἔμεινε
1275 2157 1492 2230 θεότητι
1520 2176 1534 2189 ο
1569 2159 1659 2213 ἵνα
1696 2159 1797 2230 τὴν
1820 2159 2103 2214 δικαίωσιν

519 2247 719 2319 μηκέτι
743 2249 805 2301 ὲν
835 2248 1001 2318 σαρκὶ⁵
1034 2248 1193 2319 μόνον
1220 2248 1435 2321 ἔχωμεν
1452 2289 1466 2314 ,
1493 2249 1630 2304 ἀλλά
1654 2251 1714 2304 ἐν
1749 2253 1815 2323 τῇ
1843 2249 2058 2321 θεότητι
2082 2263 2098 2279 ⁶

516 2338 614 2391 καὶ⁹
645 2338 734 2392 ῐνα
761 2339 820 2392 ὲν
844 2341 915 2411 τῇ
970 2338 1186 2411 θεότητι
1214 2341 1312 2394 καὶ
1351 2342 1413 2396 ὲν
1445 2344 1512 2413 τῇ
1556 2342 1721 2414 σαρκὶ
1757 2343 1876 2395 κατ’
1900 2342 2104 2413 ἀμφοῖν

514 2431 649 2500 ἡμῖν
690 2431 938 2501 σωτηρία
965 2430 1212 2502 γένηται.
1266 2432 1342 2485 Οὐ
1384 2431 1495 2505 γὰρ
1522 2432 1682 2503 ψιλὸς
1728 2435 1860 2504 ἡμῖν
1888 2432 2102 2504 ἀνθρω-

515 2534 620 2583 πος
662 2520 692 2573 ὁ
718 2520 955 2592 Χριστὸς
978 2560 994 2585 ,
1024 2520 1138 2574 ἀλλ’
1168 2522 1197 2575 ὁ
1235 2523 1409 2597 Λόγος
1459 2523 1826 2587 ὲνυπόστατος
1851 2564 1866 2586 ,
1911 2522 2106 2595 ἔνσοιερ-

515 2627 642 2676 κος,
669 2611 766 2665 καὶ
800 2612 933 2676 Θεὸς
969 2612 1256 2684 ἄνθρωπος
1286 2612 1528 2682 γεγονὼς
1559 2615 1618 2666 ὲν
1654 2612 1903 2685 ἀληθείᾳ,
1945 2611 2104 2685 ἡμῶν

521 2702 598 2773 μὴ
650 2701 884 2773 ἐχόντων
930 2702 1032 2774 τὴν
1082 2702 1274 2757 ἐλπίδα
1307 2704 1395 2757 ἐπ’
1434 2702 1722 2775 ἄνθρωπον
1748 2742 1764 2766 ,
1799 2701 1914 2757 ἀλλ’
1946 2705 2005 2757 ὲν
2035 2704 2103 2774 τῇ

518 2791 769 2864 θεότητι·
801 2794 893 2848 καὶ
915 2794 1073 2866 ἡμῶν
1110 2795 1186 2865 μὴ
1219 2795 1456 2866 ἐχόντων
1494 2795 1629 2849 Θεὸν
1662 2795 1961 2865 πάσχοντα,
1987 2793 2102 2848 ἀλλ’

516 2884 703 2956 ἀπαθῆ
722 2901 735 2915 ·
775 2885 932 2951 ὲκτδς
955 2886 1013 2941 δὲ
1045 2886 1253 2952 πάθους
1283 2888 1383 2958 τὴν
1414 2889 1689 2960 σωτηρίαν
1716 2887 1874 2959 ἡμῶν
1900 2889 1976 2960 μὴ
2005 2904 2104 2940 πε-

517 2974 787 3048 ποιηκότα
810 3018 828 3044 ,
861 2978 979 3032 ἀλλ’
1028 2980 1087 3032 ὲν
1130 2978 1209 3049 τῷ
1263 2981 1402 3051 ὑπὲρ
1434 2980 1591 3051 ἡμῶν
1621 2980 1914 3035 ἀποθανεῖν
1940 3022 1955 3048 ,
2007 2981 2104 3037 καὶ

517 3069 713 3124 ἑαυτὸν
740 3070 1106 3142 προσενέγκαι
1127 3070 1205 3143 τῷ
1229 3069 1626 3144 Πατρὶθυσίαν
1654 3072 1797 3143 ὑπὲρ
1829 3073 1940 3126 τῶν
1967 3075 2105 3146 ἡμε-

515 3155 692 3234 τέρων
717 3162 906 3234 ψυχῶν
925 3203 941 3227 ,
973 3164 1034 3217 ὲν
1065 3162 1145 3234 τῷ
1174 3164 1366 3235 αἵματι
1400 3164 1565 3219 αὐτοῦ
1602 3164 1905 3236 καθαρίσας
1933 3167 2101 3237 ἡμᾶς,

521 3251 716 3323 σχίσας
748 3253 812 3306 τὸ
842 3252 964 3308 καθ’
1000 3251 1160 3324 ἡμῶν
1188 3254 1553 3325 χειρόγραφον
1605 3254 1701 3307 καί¹
1746 3254 2109 3328 προσηλώσας

517 3342 652 3397 αὐτὸ
698 3343 778 3417 τῷ
809 3344 1066 3418 σταυρῷ,
1115 3344 1302 3410 καθὼς
1352 3345 1533 3417 πάντη
1570 3347 1605 3418 ἡ
1642 3346 1831 3418 Γραφὴ
1863 3346 2104 3401 διδάσκει

518 3438 688 3510 ἡμᾶς.

2276 1512 2641 1580 Quamobrem
2687 1510 2954 1583 singulari
2984 1510 3220 1581 quadam
3279 1518 3335 1566 et
3363 1510 3667 1567 admirabili
3696 1526 3786 1567 ra-

2206 1604 2357 1661 tione
2384 1620 2512 1661 vere
2542 1619 2769 1676 passum
2801 1604 2953 1658 illum
2984 1618 3109 1658 esse
3148 1603 3492 1669 conﬁtemur,
3536 1612 3592 1659 et
3632 1619 3788 1659 eum—

2208 1695 2333 1752 dem
2389 1704 2573 1751 tamen
2618 1711 2746 1751 vere
2794 1694 3070 1766 passionis
3118 1702 3436 1765 expertem:
3465 1695 3613 1767 quod
3653 1697 3797 1752 nihil:

2210 1789 2475 1845 divinitas
2515 1790 2635 1861 ipsa
2680 1791 2921 1859 patiatur
2948 1830 2964 1856 ,
3003 1790 3264 1860 quoniam
3299 1790 3368 1846 ab
3392 1790 3541 1845 omni
3581 1791 3797 1848 vicissi-

2209 1884 2401 1938 tudine
2451 1891 2507 1937 et
2535 1881 2797 1952 passione
2837 1880 3101 1936 immunis
3139 1890 3242 1947 est,
3283 1881 3643 1954 ejusdemque
3665 1897 3795 1938 cum

2206 1973 2369 2030 Patre
2402 1973 2740 2030 substantiae.
2794 1971 2874 2027 [ta
2919 1990 3085 2043 porro
3142 1988 3359 2043 passam
3402 1989 3527 2031 esse
3571 1990 3795 2031 carnem

2209 2066 2532 2133 asserimus,
2567 2074 2627 2121 ut
2651 2067 2705 2121 in
2738 2067 2858 2137 ipsa
2886 2065 3243 2137 perpessione
3279 2066 3541 2124 divinitas
3581 2082 3797 2140 nequa-

2209 2173 2374 2230 quam
2424 2158 2494 2214 ab
2539 2164 2823 2229 assumpta
2867 2158 3110 2214 hominis
3154 2167 3352 2213 natura
3404 2159 3654 2230 sejuncta
3697 2161 3790 2219 sit.

2211 2249 2350 2305 Tum
2381 2249 2527 2305 enim
2556 2250 2818 2306 divinitas
2843 2264 2971 2305 cum
2999 2249 3239 2304 humana
3268 2257 3466 2307 natura
3500 2253 3796 2323 conjuncta

2216 2341 2341 2405 fuit,
2369 2340 2590 2412 quando
2619 2341 2875 2397 Christus
2915 2342 2970 2396 in
2998 2357 3163 2398 cruce
3214 2341 3441 2399 suﬁixus
3467 2358 3631 2399 carne
3670 2360 3796 2410 pas-

2214 2446 2310 2487 sus
2338 2439 2451 2498 est,
2503 2431 2638 2486 nihil
2660 2433 2778 2502 ipsa
2815 2431 3103 2486 divinitate
3143 2431 3414 2501 patiente,
3464 2447 3573 2502 quo
3599 2432 3798 2501 justiﬁ-

2211 2524 2354 2579 catio
2384 2531 2574 2579 nostra
2603 2538 2715 2578 non
2747 2523 2986 2593 amplius
3010 2524 3066 2578 in
3097 2524 3216 2579 sola
3238 2537 3426 2588 carne,
3492 2523 3589 2578 sed
3630 2525 3796 2578 etiam

2210 2616 2266 2670 in
2319 2615 2609 2671 divinitate
2650 2615 3004 2679 consisteret,
3056 2622 3220 2685 atque
3251 2622 3313 2669 ut
3342 2628 3372 2668 a
3403 2613 3690 2669 divinitate
3718 2615 3798 2669 si-

2212 2707 2327 2761 mul
2373 2714 2429 2762 et
2457 2722 2624 2762 carne
2667 2708 2818 2762 salus
2863 2716 3055 2762 nostra
3082 2705 3543 2777 proﬁcisceretur.
3580 2704 3795 2762 Etenim

2210 2798 2469 2855 Christus
2530 2814 2643 2854 non
2697 2799 2929 2870 simplex
2969 2814 3034 2854 ac
3075 2798 3258 2854 nudus
3291 2798 3456 2852 homo
3513 2797 3631 2864 fuit,
3701 2798 3797 2854 sed

2211 2889 2455 2947 Verbum
2506 2892 2853 2955 subsistens,
2894 2891 3263 2959 incarnatum,
3322 2906 3387 2946 ac
3437 2889 3581 2947 Deus
3634 2892 3798 2947 homo

2212 2999 2407 3040 revera
2450 2983 2654 3051 factus,
2703 2994 2764 3040 ut
2804 3000 2954 3055 spem
3000 2992 3249 3040 nostram
3298 2999 3407 3038 non
3456 2985 3692 3056 amplius
3739 2986 3797 3040 in

2211 3075 2452 3145 homine,
2501 3078 2598 3133 sed
2644 3078 2698 3133 in
2739 3076 3025 3132 divinitate
3069 3077 3440 3150 collocemus,
3486 3095 3662 3149 neque
3700 3095 3797 3150 pa-

2213 3170 2439 3225 tientem
2472 3169 2665 3232 Deum,
2702 3170 2798 3227 sed
2838 3185 2864 3223 a
2892 3169 3251 3241 perpessioue
3297 3172 3445 3226 omni
3495 3171 3796 3227 immunem

2222 3260 2545 3317 habeamus.
2584 3262 2798 3333 1027
2830 3260 2934 3329 Qui
2983 3261 3203 3332 quidem
3251 3277 3361 3317 non
3404 3262 3522 3319 sine
3569 3279 3797 3335 perpes-

2220 3352 2377 3407 sione
2407 3353 2637 3409 salutem
2672 3354 2834 3408 nobis
2868 3353 3135 3418 attulerit,
3169 3354 3264 3410 sed
3297 3354 3351 3409 in
3386 3355 3670 3412 moriendo
3695 3372 3817 3427 pro.

2222 3445 2408 3511 nobis,
2444 3461 2614 3517 seque
2636 3445 2748 3502 Deo
2779 3445 2924 3501 Patri
2956 3462 3057 3519 pro
3081 3448 3288 3504 nostris
3313 3449 3601 3506 animabus
3631 3450 3823 3507 sacri-.

521 3531 631 3587 ﬁcii
658 3531 836 3587 instar
862 3531 1142 3589 oﬁ'erendo
1174 3533 1518 3604 praestiterit,
1543 3548 1669 3589 cum
1708 3548 1812 3589 nos
1862 3532 2132 3604 sanguine
2165 3548 2267 3590 suo
2298 3538 2627 3607 repurgarit,
2692 3552 2758 3592 ac
2809 3539 3075 3608 scriptum
3122 3549 3314 3595 contra
3361 3554 3464 3595 nos
3512 3540 3825 3614 chirogra-.

521 3628 693 3698 phum
732 3628 1044 3695 disciderit,
1078 3639 1135 3684 et
1164 3629 1316 3684 cruci
1362 3644 1476 3684 suae
1507 3628 1656 3684 istud
1696 3627 1927 3684 aﬁixerit
1951 3628 1974 3661 ⁸
1997 3670 2012 3695 ,

590 3720 712 3774 AI".
746 3720 857 3774 Καὶ
874 3718 1028 3773 ἔσται
1063 3736 1154 3791 μοι
1182 3719 1313 3791 περὶ
1344 3718 1574 3782 τούτων,
1606 3719 1656 3771 εί
1685 3717 1848 3789 χρεία
1867 3720 2102 3786 γένοιτο,

520 3812 603 3874 είς
636 3809 988 3881 παράστασιν
1018 3811 1196 3863 εἰπεῖν
1228 3808 1421 3862 πολλά.
1459 3807 1571 3862 Καὶ
1601 3806 1710 3878 γάρ
1738 3808 1797 3859 ὲν
1820 3806 2005 3871 ἄλλοις
2028 3809 2107 3860 εί-

2057 3628 2113 3684 id
2140 3630 2286 3702 quod
2319 3631 2526 3701 ubique
2547 3629 2829 3702 Scriptura
2861 3638 3113 3686 testatur.

2284 3716 2530 3775 XXXIII.
2570 3717 2829 3782 Possem,
2878 3719 2926 3775 si
2974 3733 3204 3776 necesse
3235 3720 3534 3789 videretur,
3581 3724 3649 3780 ad
3678 3723 3835 3795 ejus.-.

2214 3810 2489 3884 dogmatis
2549 3814 2837 3867 veritatem
2896 3811 3331 3868 conﬁrmandam
3387 3816 3496 3870 alia
3553 3818 3799 3887 proferre

523 3904 793 3976 ρήκαμεν,
835 3903 936 3974 τὴν
982 3900 1217 3973 θεωρίαν
1263 3899 1471 3970 ταύτην
1520 3898 1932 3968 σαφηνίζοντες,
1975 3898 2103 3969 περὶ

2213 3919 2379 3976 quam
2408 3903 2663 3973 plurima.
2697 3900 2791 3957 Sic
2831 3903 2978 3957 enim
3030 3903 3139 3957 alio
3174 3903 3337 3967 loco,
3374 3920 3497 3960 eum
3529 3905 3673 3960 idem
3705 3922 3798 3961 ar-

524 3997 624 4065 τῆς
648 3993 804 4065 ἡμῶν
836 3992 1059 4063 βεϐαίας
1096 3991 1392 4064 σωτηρίας,
1435 3992 1518 4045 ὅτι
1621 3989 1708 4055 Ὠς
1731 3989 1798 4044 ἂν
1828 3992 1894 4044 ὲκ
1924 3992 2103 4061 ῥαντι-

2212 4005 2533 4069 gumentum
2583 4003 3076 4066 pertractaremus,
3131 3994 3201 4049 de
3256 4004 3405 4050 certa
3466 3998 3798 4068 minimeque

523 4087 663 4158 σμοῦ
696 4087 927 4158 αἵματος
955 4087 1210 4157 τυγχάνει
1239 4084 1387 4156 βαφὴ
1407 4086 1465 4137 ὲν
1486 4083 1709 4154 ίματίῳ,
1732 4083 1794 4136 τὸ
1819 4083 1919 4153 μὲν
1944 4082 2103 4152 σῶμα

2213 4089 2379 4145 dubia
2407 4095 2596 4144 nostra
2626 4086 2803 4143 salute
2844 4086 3239 4142 constituimus
3270 4104 3283 4139 :
3320 4085 3797 4153 Quemadmodum

520 4183 624 4234 οὐκ
650 4180 818 4251 ἔϐαψε
852 4180 948 4234 τοῦ
975 4179 1292 4251 φοροῦντος,
1315 4181 1350 4250 ὴ
1377 4178 1436 4231 δὲ
1462 4177 1611 4249 βαφὴ
1633 4176 1728 4231 τοῦ
1764 4176 1983 4247 ἱματίου
2009 4176 2103 4230 οὐκ

2212 4180 2496 4251 sanguinis
2525 4179 2817 4249 aspergine
2842 4178 3012 4234 vestis
3041 4177 3307 4240 inﬁcitur,
3334 4178 3466 4233 licet
3501 4180 3624 4248 ejus
3648 4222 3663 4246 ,
3702 4185 3797 4252 qui

523 4277 603 4338 εἰς
633 4275 697 4327 τὸ
734 4274 947 4345 ἱμάτιον
981 4271 1311 4341 λελόγισται,
1337 4270 1453 4325 ἀλλ’
1474 4272 1556 4333 είς
1586 4269 1677 4324 τὸν
1710 4268 2001 4341 ἄνθρωπον
2017 4268 2103 4322 τὸν

2212 4280 2409 4325 vestem
2428 4269 2805 4339 gerit,corpus
2824 4283 3167 4338 nequaquam
3195 4267 3459 4323 infectum
3477 4269 3570 4335 sit,
3599 4271 3796 4326 nihilo-

522 4364 813 4437 φοροῦντασ
846 4363 990 4418 οὕτω
1020 4364 1117 4418 καὶ
1146 4363 1207 4418 τὸ
1233 4363 1406 4427 πάθος
1434 4365 1501 4434 τῇ
1528 4361 1745 4429 θεότητι
1780 4361 1877 4433 μὲν
1897 4360 1996 4414 οὐκ
2023 4361 2109 4412 ὲνο

521 4457 782 4528 ἔσκηψεν,
817 4455 933 4510 ἀλλ’
960 4458 1020 4509 ὲν
1052 4459 1118 4527 τῇ
1148 4453 1566 4527 ὲνανθρωπήσει
1595 4453 1833 4523 ἐγένετο·
1862 4453 1963 4505 οὐκ
1985 4452 2107 4523 ἐλο-

2215 4362 2399 4416 minus
2432 4360 2524 4414 illa
2567 4360 2739 4415 vestis
2771 4375 2997 4430 aspersa
3048 4359 3262 4414 macula
3291 4376 3399 4414 non
3428 4362 3588 4427 vesti,
3624 4363 3717 4417 sed
3748 4366 3798 4418 oi

2209 4452 2304 4524 qui
2345 4459 2551 4507 vestem
2582 4453 2745 4523 gerit,
2772 4453 3071 4517 tribuitur;
3107 4450 3297 4506 eodem
3330 4452 3493 4506 modo
3527 4454 3650 4507 licet
3679 4471 3797 4523 per-

522 4550 685 4621 γίσθη
723 4550 783 4603 δὲ
814 4551 881 4621 τῇ
920 4548 1336 4620 ὲνανθρωπήσει
1389 4547 1548 4619 μόνη·
1599 4545 1713 4600 ἀλλ’
1747 4545 1834 4599 ἵνα
1865 4545 1940 4616 μὴ
1969 4543 2103 4614 πλη-

2212 4541 2396 4612 pessio
2420 4542 2476 4596 in
2517 4541 2856 4596 divinitatem
2910 4556 3019 4595 non
3059 4540 3392 4604 incubuerit,
3425 4543 3517 4597 sed
3547 4543 3829 4600 humanm

525 4642 672 4714 ρωθῇ
705 4643 762 4694 ἐν
792 4643 861 4712 τῇ
896 4640 1142 4711 σωτηρίᾳ
1178 4639 1281 4707 τῆς
1315 4637 1629 4709 οἰκονομίας
1677 4637 1759 4702 τὸ,
1824 4638 2100 4690 Ἐπικατ-

522 4734 741 4804 άρατος
781 4733 920 4800 πᾶς,
951 4732 1019 4800 ὃς
1057 4733 1183 4801 ἔχει
1223 4732 1339 4799 τὴν
1373 4729 1596 4786 ἐλπίδα
1623 4730 1716 4783 ἐπ’
1767 4727 2103 4797 ἄνθρωπον.

534 4827 676 4881 Ἀλλ’
707 4826 961 4897 ἐλογίσθη
995 4825 1092 4880 καὶ
1117 4827 1198 4889 είς
1216 4825 1315 4894 τὴν
1338 4823 1593 4894 θεότητα,
1617 4821 1718 4891 τῆς
1746 4820 2001 4891 θεότητος
2026 4817 2102 4890 μὴ

522 4918 861 4989 πασχούσης,
891 4917 980 4969 ἵνα
1014 4918 1072 4969 ὲν
1101 4918 1169 4987 τῇ
1212 4915 1426 4986 θεότητι
1466 4911 1689 4983 λογισθῇ
1732 4913 1798 4982 τῇ
1839 4909 1976 4983 ἁγία
2005 4909 2101 4962 τοῦ

518 5011 655 5066 Θεοῦ
692 5011 990 5083 Ἐκκλησία
1031 5008 1125 5064 τοῦ
1183 5008 1392 5071 πάθους
1421 5009 1456 5078 ἡ
1492 5005 1757 5078 σωτηρία.
1818 5004 1981 5058 Ἀλλά
2003 5003 2104 5057 πά-

519 5105 604 5157 λιν
641 5104 714 5175 μὴ
745 5101 968 5174 λεξίθηρ
1000 5101 1076 5155 ὢν
1101 5118 1187 5166 τις
1212 5100 1405 5154 ἑαυτὸν
1434 5097 1640 5171 θελήσῃ
1671 5096 1872 5168 μᾶλλον
1904 5096 2099 5150 συλλο-

2215 4634 2485 4689 duntaxat
2531 4644 2743 4689 naturae
2787 4635 3103 4705 contigerit,
3148 4648 3257 4687 non
3306 4633 3432 4689 huic
3480 4642 3663 4690 tanten
3694 4635 3799 4692 soli

2213 4726 2584 4793 tribuendam,
2620 4740 2810 4781 verum
2836 4741 2904 4780 tte
2938 4725 2992 4778 in
3028 4726 3371 4796 procuranda
3408 4741 3504 4795 per
3541 4725 3801 4781 incarna-

2214 4817 2421 4872 tionem
2458 4815 2621 4872 Verbi
2675 4817 2854 4871 salute
2898 4824 3116 4883 nostra,
3166 4817 3221 4869 in
3253 4816 3402 4869 illant
3445 4816 3823 4874 incurramus.

2210 4909 2510 4979 Scriptura?
2537 4910 2869 4964 sententiam
2910 4928 2923 4963 :
2960 4907 3278 4962 Maledictus
3308 4908 3500 4971 omnis,
3532 4909 3623 4979 qui
3651 4924 3796 4979 spem

2206 4999 2358 5055 habet
2375 5001 2430 5054 in
2448 5000 2712 5054 homine“.
2740 4997 3042 5069 Propterea
3076 4998 3346 5054 divinitati
3362 4998 3523 5054 etiam
3553 4999 3793 5069 imputa-

2213 5104 2340 5158 tur,
2387 5107 2512 5147 cum
2552 5092 2689 5146 nihil
2730 5093 2847 5163 ipsa
2884 5106 2984 5160 per
3012 5105 3134 5146 sese
3157 5093 3417 5160 patiatur,
3470 5096 3530 5143 ut
3568 5090 3807 5147 humani

520 5190 800 5258 τίσασθαι,
844 5191 879 5261 ἢ
899 5192 917 5224 ⁸
964 5191 1093 5262 περὶ
1127 5190 1191 5244 τὸ
1222 5190 1454 5259 αἴνιγμα
1483 5188 1579 5241 τοῦ
1613 5186 1982 5258 ὁμοιώματος.
2021 5185 2097 5240 Οὐ

2212 5182 2421 5252 generis
2446 5183 2597 5237 salus
2628 5197 2726 5252 per
2756 5181 2962 5237 Christi
2993 5180 3309 5251 passionem
3349 5180 3622 5250 acquisita
3652 5194 3683 5233 a
3714 5194 3807 5236 sa-

522 5278 631 5349 γάρ
663 5279 813 5332 πᾶσα
841 5279 1127 5350 παραϐολὴ
1165 5281 1225 5333 ὲν
1254 5281 1319 5349 τῇ
1360 5279 1551 5349 Γραφῇ
1587 5276 1684 5347 ὅλῃ
1723 5275 2101 5346 λαμϐάνεται,

522 5370 600 5433 ὡς
623 5369 706 5434 τὸ,
737 5371 1012 5440 Σκύμνος
1037 5370 1286 5436 λέοντος
1319 5368 1528 5431 Ἰούδα,
1550 5366 1639 5421 διά
1664 5368 1726 5421 τὸ
1754 5368 2104 5439 ἰσχυρότερον

520 5459 618 5514 τοῦ
651 5459 792 5526 ζώου
823 5463 919 5515 καὶ
945 5461 1391 5531 βασιλικώτατον,
1417 5459 1534 5514 ἀλλ’
1557 5459 1677 5530 οὐχὶ
1696 5458 1786 5512 διά
1814 5459 1876 5512 τὸ
1899 5458 2101 5528 ἄλογον

524 5553 622 5607 καὶ
644 5555 1002 5626 ἀρπακτικόν.
1029 5555 1186 5610 Οὕτω
1220 5554 1315 5609 καὶ
1344 5554 1439 5607 ἐπὶ
1466 5553 1560 5607 τοῦ
1600 5553 1845 5624 ἱματίου,
1882 5552 1984 5606 οὐκ
2010 5554 2102 5604 ὲν-

522 5642 811 5715 δυομένου,
831 5647 925 5699 καὶ
957 5645 1304 5717 ὲκδυομένου’
1340 5645 1454 5699 ἀλλ’
1487 5643 1635 5711 ἅπαξ
1670 5643 1815 5699 κατά
1850 5642 1912 5697 τὸ
1946 5644 2103 5714 είρη-

2207 5284 2499 5331 crosancta
2525 5274 2617 5331 Dei
2655 5274 2902 5330 Ecclesia
2937 5273 3210 5328 divinitati
3245 5288 3466 5345 quoque
3495 5274 3791 5327 tribuatur.

2207 5364 2416 5421 Vereor
2443 5383 2510 5422 ne
2540 5367 2675 5437 quis.
2711 5382 2779 5422 ex
2810 5367 2922 5421 illis
2953 5379 3151 5419 vocum
3189 5365 3572 5435 captatoribus
3614 5363 3793 5419 subti-

2206 5461 2330 5515 liori
2381 5460 2803 5515 ratiocinatione
2849 5458 3208 5528 semetipsum
3272 5457 3555 5528 implicare
3615 5456 3790 5518 malit,

2208 5566 2372 5621 quam
2398 5553 2618 5605 allatam
2643 5566 2675 5604 a
2715 5551 2877 5607 nobis
2917 5549 3333 5607 similitudinem
3378 5555 3537 5604 caute
3567 5561 3633 5602 ac
3662 5560 3793 5617 pruo

2208 5644 2401 5698 denter
2429 5642 2701 5712 accipere.
2733 5639 2922 5712 Neque
2953 5640 3101 5696 enim
3143 5641 3253 5695 ulla
3284 5638 3461 5696 sacris
3485 5638 3538 5693 in
3565 5635 3796 5694 Litteris

597 5805 614 5838 ί
648 5803 872 5862 Mutilus
895 5805 1068 5862 locus.
1145 5807 1164 5838 ³
1194 5803 1214 5859 ι
1246 5803 1387 5861 Pctr.
1433 5820 1511 5872 ιιι,
1547 5806 1635 5859 l8.
1708 5803 1727 5836 ³
1755 5800 1779 5857 ι
1811 5801 1953 5859 Petr.
1991 5817 2064 5868 tv,

2232 5800 2256 5833 δ
2285 5798 2498 5858 Coloss.
2522 5816 2584 5868 tt,
2620 5801 2706 5856 14.
2790 5801 2811 5834 ⁸
2846 5796 2957 5855 Jer.
2999 5815 3133 5869 xvn,
3167 5800 3220 5857 5.
