4134 6392
380 389 498 444 Ὃ87

1811 330 1855 433 S
1916 369 2261 429 EPIPIlANll

3555 370 3662 425 διεδ

395 506 595 573 cuique
625 504 838 558 libitum
868 511 951 559 est
1001 500 1297 573 Scriptura:
1345 513 1630 556 sermones
1663 508 1978 551 accommo-

2088 488 2286 560 μᾶλλον
2321 486 2537 559 ἰδιώτης
2567 488 2903 560 εὑρίσκεται.
2949 486 3139 559 Ἥμῶν
3167 487 3276 561 γὰρ
3309 486 3478 542 ὄντων
3521 489 3665 542 ἰδιω-

397 599 491 651 dat
518 614 530 650 :
560 602 614 650 et
643 594 697 648 in
723 609 834 663 quo
859 591 1096 647 callidus
1120 601 1176 646 et
1209 598 1436 661 argutus
1479 603 1604 643 esse
1644 583 1881 649 videtur,
1924 583 1981 637 in

394 703 466 743 eo
503 687 624 758 ipso
674 683 830 740 rudis
886 691 1052 754 atque
1099 684 1388 753 imperitus
1439 680 1707 736 cernitur.
1768 676 1982 731 Etenim

398 781 546 854 quod
581 779 651 835 ad
694 794 797 833 nos
834 778 1051 843 attinet,
1078 777 1173 846 qui
1206 772 1447 844 imperiti
1477 784 1733 829 sermone
1764 782 1979 832 sumus,

400 891 511 931 non
550 870 807 934 scientia,
841 867 919 922 uti
959 868 1228 937 scriptum
1260 874 1344 919 est
1376 864 1416 927 ‘,
1457 861 1661 932 quique
1686 870 1741 916 et
1769 859 1981 915 medio-

400 984 527 1025 cres
580 964 873 1022 admodum
929 976 1145 1025 sumus,
1198 966 1252 1014 et
1300 956 1614 1012 istiusmodi
1669 953 1979 1018 hominum,

390 1061 496 1133 .qui
526 1060 596 1114 ah
621 1057 931 1114 eruditione
965 1051 1300 1125 paratissimi
1338 1057 1488 1113 sunt,
1521 1047 1858 1101 admiramur
1897 1045 1983 1099 in-

390 1154 582 1227 genia.
617 1151 800 1207 animo
841 1136 1690 1213 vehenienler'ohstupescimus,
1732 1136 1879 1211 quod
1913 1136 1982 1193 ad

386 1246 621 1301 inanem
696 1256 759 1297 ac
800 1238 1135 1311 pertinacem
1166 1250 1326 1290 suum
1356 1235 1522 1290 istum
1553 1246 1798 1289 errorem
1830 1243 1983 1286 asse-

390 1335 723 1397 verandum,
771 1333 925 1387 illum
969 1328 1194 1386 omnino
1239 1326 1539 1397 Scriptura:
1574 1324 1754 1381 locum
1786 1321 1984 1376 aﬂ‘erre

384 1445 512 1486 mon
553 1427 946 1489 dubitaverint,
993 1438 1118 1479 cum
1149 1438 1217 1478 ne
1250 1421 1531 1475 minimam
1563 1418 1783 1489 quidem
1822 1416 1983 1471 istius

384 1519 677 1592 [dogmatis
736 1516 1187 1586 signiﬁcationem
1217 1511 1434 1567 haheat.
1473 1508 1587 1563 Nos
1612 1510 1774 1574 enim,
1808 1506 1985 1578 inquit

398 1617 716 1687 Apostolus,
764 1610 963 1667 Christi
1011 1616 1235 1662 mentem
1291 1605 1563 1659 habemus.
1606 1602 1772 1673 Igitur
1800 1602 1820 1633 ’
1848 1600 1981 1672 quid

401 1707 624 1761 tandem
665 1703 920 1761 Christus
955 1702 1049 1767 sit,
1091 1700 1410 1769 Christique
1440 1713 1596 1753 mens
1629 1697 1695 1752 de
1725 1696 1833 1752 illis
1858 1710 1983 1767 per-

402 1799 613 1854 contari
651 1812 752 1853 nos
777 1804 1012 1868 Oportet.
1046 1793 1160 1848 lloc
1183 1791 1402 1864 quidem
1435 1792 1490 1846 in
1530 1791 1651 1846 loco
1682 1789 1828 1844 aliud
1854 1802 1980 1845 esse

399 1893 702 1955 Christum,
760 1889 905 1943 aliud
961 1886 1167 1942 Christi
1214 1885 1580 1949 divinitatem,
1616 1881 1873 1937 arbitrari
1923 1894 1984 1937 se

400 1964 801 2042 demonstrant.
860 1982 939 2037 Ac
989 1980 1036 2037 si
1092 1979 1293 2036 mentis
1336 1979 1458 2034 loco
1495 1977 1777 2032 Christum
1835 1974 1985 2031 acci-

399 2076 577 2147 piant,
604 2073 887 2130 Christum
938 2085 1068 2126 vero
1113 2071 1283 2126 solam
1322 2084 1354 2124 a
1393 2068 1615 2126 Christo
1662 2076 1980 2140 susceptam

401 2166 643 2225 hominis
668 2175 919 2221 naturam
948 2163 1242 2235 appellent,
1287 2161 1343 2216 in
1382 2162 1546 2216 aliam
1580 2176 1683 2217 nos
1715 2159 1982 2232 quaestio—

400 2274 525 2313 nem
556 2256 878 2325 conjiciunt.
930 2252 1088 2320 Quod
1146 2253 1314 2323 igitur
1370 2259 1495 2323 post
1549 2251 1980 2308 incarnationem

400 2350 496 2406 Dei
528 2348 769 2405 Verbum
802 2361 866 2402 ac
921 2345 1015 2401 Dei
1050 2343 1223 2402 Filius
1255 2345 1585 2408 declaretur,
1618 2343 1972 2415 perspicuum

400 2452 524 2510 est;
569 2457 633 2496 ac
676 2439 893 2494 tametsi
930 2439 1193 2493 nonnulla
1237 2437 1306 2494 de
1351 2453 1411 2494 ea
1456 2437 1772 2494 testimonia
1825 2444 1983 2493 ante-

403 2536 696 2597 cesserint,
731 2533 933 2603 quibus
969 2532 1052 2587 vel
1092 2541 1219 2585 ante
1251 2531 1685 2586 incarnationem
1723 2529 1981 2586 Christus

390 2626 663 2699 appellari
694 2624 932 2687 videtur,
969 2624 1026 2677 in
1056 2622 1173 2693 ipsa
1204 2622 1564 2678 nihilominus
1595 2622 1978 2679 incarnatione

402 2722 774 2790 complentur.
845 2714 1117 2770 Caeterum
1184 2730 1358 2785 neque
1418 2714 1680 2770 divinitas
1738 2713 1807 2770 ab
1862 2715 1983 2786 ipsa

392 2813 607 2870 Christi
639 2811 1004 2884 appellatione
1038 2808 1362 2871 secluditur.
1397 2824 1577 2880 neque
1621 2810 1769 2865 illius
1801 2809 1983 2865 incar—

385 2916 552 2964 natio
580 2920 631 2963 et
682 2906 921 2960 humana
967 2912 1222 2972 suscepta
1265 2911 1463 2956 natura
1517 2902 1638 2958 sine
1679 2902 1774 2958 tali
1827 2917 1985 2957 voca-

400 2999 531 3056 bulo
586 2998 949 3054 nominatur:
984 2997 1129 3051 velut
1181 2995 1239 3049 in
1290 2995 1384 3049 illo
1437 2995 1558 3050 loco
1601 3003 1863 3050 constat:
1903 2992 1986 3049 Ne

376 3096 598 3148 dixeris
631 3093 686 3147 in
719 3089 875 3147 corde
907 3098 997 3144 tuo
1031 3105 1049 3143 :
1093 3088 1227 3155 Quis
1263 3088 1501 3144 ascendit
1541 3090 1595 3143 in
1628 3089 1858 3143 caelum?
1887 3087 1984 3144 hoc

2082 578 2192 633 τῶν
2219 578 2297 651 τῷ
2321 579 2466 650 λόγῳ
2486 620 2500 645 ,
2542 579 2659 634 ἀλλ’
2687 580 2749 632 οὑ
2783 582 2850 651 τῇ
2890 579 3122 647 γνώσει,
3176 579 3319 633 κατὰ
3352 578 3413 632 τὸ
3441 580 3667 651 εἰρημέ-

2084 689 2194 738 νον,
2223 671 2468 745 βραχέων
2494 672 2551 726 δὲ
2591 672 2795 745 σφόδρα
2826 672 3015 739 ὅντων,
3052 671 3439 744 θαυμαζόντων
3467 673 3524 726 δὲ
3556 672 3665 727 τῶν

2082 766 2341 820 τοιούτων
2388 765 2690 838 ἀνθρώπων
2709 805 2725 832 ,
2758 765 2852 819 καὶ
2875 765 2981 819 ἀπὸ
3008 764 3183 834 λόγων
3212 764 3548 836 ὁρμωμένων
3574 762 3667 817 τὸν

2084 857 2208 911 νοῦν
2234 899 2249 924 ,
2294 858 2529 931 ἀπορίας
2570 859 2703 929 ἡμῖν
2755 857 3091 920 κατάστασις
3125 856 3252 927 περὶ
3300 855 3397 926 τὴν
3429 854 3666 909 διάνοιαν

2087 950 2371 1022 συμϐαίνει
2395 991 2410 1016 ,
2441 952 2523 1005 ὅτι
2575 950 2636 1005 τὸ
2670 950 2832 1022 ῥητὸν
2878 950 3040 1004 τοῦτο
3076 952 3156 1014 εἰς
3192 949 3531 1020 παράστασιν
3565 947 3666 1017 τῆς

2085 1042 2341 1115 τοιαύτης
2375 1043 2554 1098 αὐτῶν
2614 1043 2800 1107 ἁπλῶς
2856 1044 3033 1115 ἀργῆς
3089 1042 3420 1113 φιλονεικίας
3452 1039 3668 1112 λαμϐά-

2084 1153 2264 1192 νουσιν
2314 1137 2480 1202 ὅλως,
2514 1137 2609 1191 τοῦ
2660 1136 2986 1210 πράγματος
3040 1136 3116 1209 μὴ
3168 1136 3383 1207 ἔχοντος
3431 1134 3667 1206 ἔμφασιν

2085 1229 2543 1286 ἐπικοινωνοῦσαν
2600 1234 2667 1304 τῇ
2722 1230 2950 1305 τοιαύτῃ
3010 1230 3213 1302 σχέσει.
3279 1228 3481 1299 Ἡμεῖς
3531 1227 3664 1298 τὰρ,

2085 1322 2250 1394 φησὶ,
2297 1323 2450 1378 νοῦν
2476 1323 2737 1392 Χριστοῦ
2765 1325 3004 1396 ἔχομεν.
3038 1323 3103 1377 Τί
3127 1323 3186 1377 δὲ
3211 1324 3318 1395 ipa
3345 1323 3430 1396 εἴη
3461 1323 3490 1375 6
3529 1323 3667 1393 Χρι-

2087 1415 2212 1479 στὸς
2234 1456 2249 1479 ,
2281 1416 2410 1488 παρ’
2442 1417 2627 1480 αὑτοῖς
2655 1418 2955 1491 ὲρωτητέον
2983 1457 2998 1483 ,
3048 1416 3083 1488 ἦ
3130 1418 3159 1470 6
3187 1415 3312 1481 νοῦς
3344 1414 3581 1488 Χριστοῦ
3610 1413 3667 1469 τί

2086 1509 2195 1583 ἄρα
2228 1509 2337 1582 εἰη.
2381 1509 2647 1566 Ἐνταῦθα
2687 1510 2744 1567 δὲ
2775 1511 3164 1581 ὑποφαίνουσιν
3192 1510 3379 1582 ἓτερον
3404 1509 3496 1566 τὸν
3532 1511 3670 1582 Χρι-

2088 1604 2212 1658 στόν
2241 1600 2381 1659 εἶναι
2407 1606 2725 1675 νενοηκότες
2750 1644 2766 1673 ,
2796 1606 2890 1659 καὶ
2934 1605 3125 1676 ἑτέραν
3157 1605 3256 1676 τὴν
3284 1602 3448 1657 αὑτοῦ
3483 1603 3670 1675 Θεότη-

2087 1714 2174 1751 τα.
2206 1698 2270 1751 Εἰ
2308 1696 2417 1770 γὰρ
2439 1697 2559 1752 ἀντὶ
2592 1697 2687 1751 τοῦ
2712 1697 2803 1751 νοῦ
2827 1698 2918 1753 τὸν
2947 1696 3179 1769 Χριστὸν
3206 1696 3667 1769 ὑπολαμϐάνουσι,

2088 1790 2323 1863 Χριστὸν
2352 1790 2411 1844 δὲ
2448 1790 2545 1862 τὴν
2578 1789 2841 1863 ἔνσαρκον
2893 1791 3061 1863 μόνην
3098 1789 3338 1861 Χριστοῦ
3365 1789 3668 1861 παρουσίαν

2085 1882 2478 1954 ὀνομάζουσιν·
2532 1883 2642 1958 ἄρα
2674 1883 2837 1937 πάλιν
2882 1886 2965 1948 είς
3017 1883 3212 1954 ἑτέραν
3257 1882 3483 1953 ζήτησιν
3521 1882 3669 1953 ἡμᾶς

2085 1976 2239 2044 ἄγειν
2274 1976 2593 2047 πειρῶνται.
2624 1976 2737 2031 Καὶ
2764 1976 2845 2030 ὄτι
2879 1976 2978 2047 μὲν
3002 1971 3096 2030 οὖν
3134 1975 3243 2030 ἀπὸ
3272 1975 3374 2046 τῆς
3397 1976 3667 2046 ὲνσάρκου

2085 2067 2390 2138 παρουσίας
2439 2067 2573 2133 Θεὸς
2609 2069 2781 2139 Λόγος
2835 2071 2931 2125 καὶ
2979 2069 3110 2134 Υἱὸς
3175 2068 3271 2124 τοῦ
3314 2068 3450 2123 Θεοῦ
3496 2069 3669 2142 ἑρμη-

2085 2159 2300 2215 νεύεται
2323 2201 2339 2227 ,
2382 2160 2541 2232 δῆλον
2561 2178 2574 2193 ·
2611 2163 2659 2215 εί
2708 2162 2802 2216 καὶ
2830 2162 3070 2236 προῆγον
3101 2163 3231 2233 περὶ
3262 2162 3429 2217 αὑτοῦ
3459 2176 3668 2235 μαρτυ-

2087 2251 2223 2326 ρίαι,
2259 2251 2353 2305 τὸν
2399 2252 2637 2324 Χριστὸν
2668 2253 2835 2309 αὑτὸν
2859 2252 3144 2307 καλεῖσθαι
3170 2253 3265 2309 καὶ
3302 2254 3410 2325 πρὸ
3435 2253 3534 2324 τῆς
3580 2255 3672 2307 ὲν-

2087 2345 2288 2417 σάρκου
2323 2344 2625 2417 παρουσίας
2649 2384 2667 2411 ,
2702 2347 2760 2399 ἐν
2798 2348 2864 2418 τῇ
2916 2346 3189 2418 παρουσία
3239 2345 3626 2419 πεπλήρωνται
3649 2360 3668 2378 ·

2087 2441 2224 2510 μήτε
2274 2438 2374 2509 τῆς
2429 2438 2682 2510 θεότητος
2710 2438 2870 2503 ἐκτὸς
2895 2438 3131 2513 Χριστοῦ
3172 2440 3523 2510 ὑπαρχούσης
3549 2438 3669 2493 ὀνό-

2088 2548 2289 2603 ματος,
2328 2534 2465 2602 μήτε
2502 2532 2769 2603 ὲνσάρκου
2801 2532 3135 2605 παρουσίας,
3184 2533 3279 2587 καὶ
3311 2532 3478 2586 αὑτοῦ
3512 2535 3670 2588 ἐναν-

2085 2623 2421 2697 θρωπήσεως
2441 2665 2456 2690 ,
2487 2625 2617 2679 ἄνευ
2661 2624 2762 2694 τῆς
2798 2623 3053 2696 τοιαύτης
3084 2624 3380 2696 ὀνομασίας
3408 2624 3669 2697 ὀνομαζο-

2088 2717 2288 2788 μένης·
2338 2718 2412 2781 ὡς
2465 2716 2608 2772 κατὰ
2655 2717 2718 2770 τὸ
2765 2717 3088 2788 εἰρημένον·
3140 2717 3240 2785 Μὴ
3272 2718 3454 2786 εἴπῃς
3488 2718 3559 2771 ἐν
3594 2715 3670 2786 τῇ

2084 2807 2301 2877 καρδίᾳ
2333 2823 2450 2863 σου
2474 2824 2489 2838 ·
2550 2808 2647 2875 Τίς
2673 2808 3039 2875 ἀναϐήσεται
3087 2811 3176 2876 εἰς
3224 2807 3333 2863 τὸν
3367 2808 3669 2877 οὺρανόν;

2084 2900 2361 2955 τουτέστι
2399 2901 2663 2970 Χριστὸν
2690 2900 3079 2972 καταγαγεῖν·
3117 2900 3157 2970 ἢ
3195 2900 3288 2968 τίς
3330 2901 3667 2969 καταϐήσε-

2086 3009 2181 3047 ται
2215 2995 2304 3060 εὶς
2340 2992 2455 3061 τὴν
2500 2993 2811 3060 ἀϐυσσον;
2842 2992 3117 3048 τουτέστι
3164 2993 3423 3064 Χριστὸν
3449 2994 3671 3064 ἀναγα-

2087 3086 2215 3157 γεῖν
2256 3088 2325 3140 ἐκ
2364 3088 2613 3156 νεκρῶν.
2642 3089 2753 3142 Καὶ
2801 3088 2964 3141 πάλιν
3009 3090 3039 3142 6
3088 3088 3251 3151 αὑτὸς
3304 3087 3453 3157 λέγει
3481 3104 3495 3119 ·
3535 3089 3672 3144 Ἵνα

397 3198 476 3239 est
508 3184 782 3239 Christum
816 3180 1119 3245 deducere;
1155 3190 1246 3235 aut
1280 3183 1396 3249 quis
1440 3179 1715 3236 descendet
1746 3182 1802 3235 in
1832 3182 1982 3253 abys-

2088 3178 2432 3248 γινώσκωσί
2460 3195 2535 3233 σε
2563 3181 2672 3234 τὸν
2699 3181 2895 3250 μόνον
2932 3181 3224 3250 ἀληθινὸν
3249 3181 3398 3235 Θεὸν
3422 3222 3437 3246 ,
3467 3182 3566 3235 καί
3597 3181 3673 3235 ὃν

374 3274 557 3328 ιδιιηιζν
586 3272 680 3326 hoc
716 3280 795 3327 est
819 3270 1090 3326 Christum
1121 3287 1149 3324 e
1190 3271 1413 3325 mortuis
1448 3270 1765 3327 deducere’.
1836 3271 1983 3328 Prin-

398 3374 550 3421 terea
586 3365 727 3421 idem
754 3364 872 3435 ipse
912 3363 994 3420 sic
1030 3362 1274 3434 loquitur
1302 3381 1316 3418 :
1348 3361 1415 3417 Ut
1469 3373 1786 3434 cognoscant
1817 3373 1864 3417 te
1893 3381 1982 3419 so-

372 3496 375 3499 ν
401 3458 512 3513 lum
542 3458 729 3522 Deum,
758 3466 807 3514 et
837 3473 989 3529 quem
1031 3457 1227 3511 misisti
1265 3455 1450 3512 Iesum
1478 3456 1752 3512 Christum
1774 3461 1816 3510 δ.
1852 3456 1984 3523 Qua:

400 3549 620 3619 quidem
658 3564 784 3614 vox,
831 3546 1051 3609 misisti,
1084 3560 1209 3601 eum
1247 3545 1316 3601 de
1348 3547 1558 3601 emlesti
1596 3546 1687 3600 illa
1724 3546 1986 3600 missione

402 3640 724 3709 accipienda
758 3639 855 3703 sit,
886 3639 954 3694 ah
983 3654 1049 3695 eo
1083 3647 1263 3693 tamen
1291 3638 1434 3709 quod
1470 3637 1669 3694 Petrus
1697 3638 1857 3704 dixit,
1893 3654 1984 3694 se-

378 3733 583 3802 ,pamri
618 3747 726 3785 non
764 3731 969 3787 debet:
1001 3727 1190 3785 Iesum
1238 3728 1605 3785 Nazuramum
1646 3732 1817 3786 virum
1862 3746 1987 3801 pro-

384 3826 584 3876 'butimt
645 3821 700 3876 iu
761 3822 905 3878 vobis
955 3824 1208 3895 prodigiis
1247 3839 1309 3877 ac
1355 3824 1517 3893 signis
1539 3824 1583 3889 ⁵,
1633 3840 1786 3893 quem
1832 3827 1986 3879 unxit

409 3914 545 3967 Deus
581 3912 789 3983 Spiritu
813 3925 996 3970 sancto
1023 3915 1044 3946 ⁸
1071 3934 1083 3971 :
1111 3931 1177 3970 ac
1202 3916 1409 3986 reliqua
1448 3915 1501 3970 id
1536 3931 1732 3987 genus.

474 4012 693 4069 XXXII.
736 4012 842 4069 Sed
871 4028 970 4069 nec
1005 4013 1092 4070 his
1121 4013 1340 4085 quidem
1386 4017 1626 4071 contenti
1668 4017 1984 4073 suavissimi

403 4108 486 4164 illi
523 4107 722 4163 fratres
747 4106 946 4172 nostri,
977 4122 1102 4161 cum
1153 4108 1287 4162 illud
1330 4108 1435 4163 sibi
1478 4109 1645 4165 semel
1693 4124 1987 4180 proposue-

401 4201 537 4264 rint,
592 4208 653 4253 ut
698 4201 754 4254 in
799 4199 1055 4255 omnibus
1098 4200 1562 4270 opiniosissimam
1626 4217 1783 4256 suam
1828 4201 1987 4257 nobis

401 4292 771 4354 pervicaciam
829 4299 1128 4363 opponant,
1178 4293 1345 4347 etiam
1394 4293 1738 4349 divinitatem
1774 4294 1989 4366 1026

404 4381 612 4439 Christi
662 4397 884 4453 passam
926 4397 1049 4439 esse
1086 4397 1300 4438 summa
1346 4399 1470 4440 eum
1513 4384 1741 4441 audacia
1789 4388 1989 4456 praedi-

403 4484 554 4530 aant.
614 4474 695 4530 Ad
747 4474 893 4545 quod
942 4474 1051 4530 illis
1102 4475 1351 4545 Apostoli
1406 4477 1586 4533 verbis
1637 4478 1983 4533 abutuntur:

2087 3271 2454 3339 ἀπέστειλας
2497 3273 2745 3341 Ἰησοῦν
2763 3276 3040 3341 Χριστόν.
3075 3276 3148 3329 Τὸ
3193 3275 3251 3329 δὲ
3279 3275 3667 3341 ἀπέστειλας,

2086 3361 2293 3417 ἄνωθεν
2345 3364 2468 3435 ἔχον
2518 3365 2616 3437 τὴν
2664 3366 2898 3437 θεωρίαν
2924 3406 2939 3432 ,
2990 3367 3107 3421 ἀλλ’
3135 3368 3235 3422 οὑκ
3281 3369 3442 3431 ἐκτὸς
3473 3368 3532 3422 ὃν
3562 3368 3671 3421 τῶν

2087 3454 2192 3507 ὑπὸ
2231 3456 2439 3527 Πέτρου
2488 3458 2793 3528 εἰρημένων
2827 3499 2841 3522 ,
2889 3460 2972 3512 ὅτι
3025 3459 3268 3527 Ἰησοῦν
3320 3459 3431 3514 τὸν
3480 3458 3673 3521 Ναζω-

2078 3546 2283 3614 ραῖον,
2341 3547 2533 3617 ἄνδρα
2585 3549 3089 3621 ἀποδεδειγμένον
3140 3554 3228 3619 εἰς
3266 3550 3423 3621 ὑμᾶς
3467 3550 3669 3622 τέρασι

2088 3642 2186 3695 καὶ
2244 3644 2554 3712 σημείοις,
2619 3644 2692 3699 ὃν
2746 3645 2994 3715 ἔχρισεν
3075 3650 3108 3701 ό
3169 3647 3315 3713 Θεὸς
3371 3649 3671 3714 Πνεύματι

2087 3732 2270 3804 ἁγίῳ·
2303 3737 2397 3789 καὶ
2433 3735 2503 3790 τὰ
2530 3737 2740 3802 τούτοις
2768 3739 2951 3809 ὃμοια.

2158 4006 2283 4062 ΛΒ¹.
2318 4001 2452 4060 Εἶτα
2488 4005 2546 4060 δὲ
2573 4006 2737 4062 πάλιν
2777 4008 2827 4061 οἰ
2859 4008 3188 4077 γλυκύτατοι
3231 4011 3389 4083 ἡμῶν
3426 4013 3670 4083 ἀδελφοὶ,

2090 4098 2407 4170 βουλόμενοι
2459 4101 2600 4155 κατὰ
2636 4101 2813 4156 πάντα
2862 4102 3200 4172 φιλονείκους
3235 4106 3365 4176 ἡμῖν
3396 4107 3673 4179 εἰσφέρειν

2086 4193 2359 4259 διανοίας,
2406 4194 2499 4248 καὶ
2550 4195 2649 4265 τὴν
2683 4195 2845 4249 αὑτοῦ
2900 4196 3129 4267 Θεότητα
3166 4198 3498 4253 πεπονθυῖαν
3521 4239 3537 4265 ,
3572 4200 3674 4253 οὑκ

2089 4288 2410 4360 ἀτολμήτως
2433 4288 2794 4360 κηρύττουσιν
2821 4293 2885 4343 ὲκ
2914 4290 3006 4343 τοῦ
3038 4290 3201 4363 ῥητοῦ
3228 4292 3323 4345 τοῦ
3355 4294 3670 4369 εἰρημένρυ·

2092 4384 2161 4436 Εἰ
2193 4382 2303 4451 γὰρ
2334 4380 2646 4452 ἔγνωσαν,
2697 4385 2808 4437 οὐκ
2839 4383 2916 4437 ἂν
2948 4384 3056 4437 τὸν
3087 4387 3308 4452 Κύριον
3344 4385 3454 4453 τῆς
3488 4386 3675 4456 δόξης

2091 4473 2500 4542 ἐσταύρωσαν.
2536 4475 2693 4538 Τινὲς
2721 4475 2778 4528 δὲ
2809 4475 2917 4530 τῶν
2948 4476 3113 4530 αὑτοῦ
3143 4477 3348 4531 παίδων
3387 4479 3462 4550 μὴ
3492 4478 3675 4534 νοοῦν-

388 4566 468 4620 .Si
529 4566 671 4620 enim
718 4565 1103 4635 cognovissent,
1144 4583 1415 4636 nunquam
1456 4566 1743 4622 Dominum
1799 4568 1984 4640 gloria

2093 4581 2183 4628 τες
2209 4564 2386 4629 τοῦτο,
2412 4564 2489 4628 ὡς
2513 4560 2685 4636 οἶμαι,
2722 4567 2859 4637 μετὰ
2886 4567 2995 4621 τῶν
3025 4568 3198 4622 ἄλλων
3223 4570 3672 4642 προϐαλλόμενοι,

389 4657 867 4724 cruciﬁxiuent’.
914 4657 992 4711 Ac
1042 4673 1158 4712 mea
1211 4659 1430 4728 quidem
1492 4662 1765 4715 sententia
1817 4661 1988 4731 aliqui

406 4750 739 4819 Apollinaris
767 4749 1045 4823 discipuli,
1079 4751 1171 4820 qui
1200 4751 1381 4805 minus
1408 4751 1554 4806 istud
1593 4752 1989 4823 intelligerent,

396 4855 532 4894 cum
574 4839 698 4894 aliis
740 4841 1026 4897 erroribus
1071 4842 1218 4896 hunc
1258 4843 1437 4912 ipsum
1469 4853 1860 4917 proponentes,
1899 4862 1987 4899 ar—

408 4933 583 5003 gutuli
616 4934 805 4987 volunt
834 4934 1029 4989 videri.
1065 4933 1233 4989 Miror
1266 4938 1409 4991 enim
1443 4939 1488 4992 si
1516 4940 1789 5007 ejusmodi
1823 4942 1985 5010 quid‘

407 5024 553 5093 piam
586 5023 654 5078 ab
680 5039 747 5079 eo
784 5024 950 5081 fuerit
993 5036 1288 5081 assertum.
1327 5026 1515 5100 Neque
1542 5045 1671 5085 vero
1703 5031 1986 5085 admiran-

408 5114 538 5171 dum
569 5126 675 5182 est,
722 5118 869 5187 quod
926 5116 1209 5189 Scriptura
1262 5136 1419 5176 sacra
1465 5122 1755 5179 Dominum
1804 5126 1990 5195 gloriae

410 5207 731 5263 cruciﬁxum
775 5224 898 5264 esse
938 5209 1157 5264 dixerit.
1218 5211 1498 5282 Siquidem
1549 5222 1604 5269 et
1648 5227 1987 5287 assumptam

410 5299 650 5353 hominis
704 5305 958 5352 naturam
1004 5301 1192 5371 gloria:
1244 5302 1534 5359 Dominum
1594 5307 1984 5376 appellamus:

408 5393 609 5462 quippe
636 5409 757 5462 qua:
781 5393 850 5447 ab
879 5386 1164 5449 diiinitate
1192 5396 1415 5451 minime
1451 5410 1702 5467 separata
1745 5400 1835 5453 sit.
1876 5398 1990 5454 Nec

411 5486 581 5540 ullum
627 5487 682 5540 in
722 5502 787 5541 eo
814 5502 1013 5559 genere
1062 5502 1222 5557 Opus.
1280 5507 1374 5543 aut
1435 5500 1816 5559 argumentum
1883 5501 1990 5557 est,

409 5582 555 5650 quod
586 5596 693 5635 non
720 5582 1007 5637 commode
1038 5584 1212 5653 possit
1251 5585 1477 5654 intelligi
1504 5602 1517 5651 ;
1543 5587 1788 5658 adeoque
1816 5597 1989 5644 totum

411 5672 807 5730 incarnationis
836 5676 1113 5746 negotium
1143 5678 1209 5732 ad
1276 5693 1441 5732 unam
1490 5681 1850 5753 eamdemque
1888 5685 1988 5738 ad-

480 5833 500 5862 ι
532 5826 575 5882 ιι
593 5829 716 5885 Cor.
743 5848 817 5897 xx,
848 5832 902 5887 6.
980 5836 998 5866 ³
1030 5834 1198 5889 lCor.
1229 5836 1399 5902 11,16.
1467 5834 1803 5911 'Roin.x,6.
1870 5844 1891 5876 ⁸
1930 5843 1984 5900 Je

2088 5859 2245 5909 .xvn,
2271 5845 2324 5902 5.
2403 5846 2561 5899 “Aet.
2599 5862 2655 5909 ιι,
2682 5844 2773 5899 20.
2851 5845 3009 5900 “Act.
3046 5862 3096 5909 τι,
3129 5843 3220 5900 58.
3295 5843 3317 5878 ⁷
3347 5840 3513 5898 lCor.
3539 5857 3679 5908 me.
3783 5849 3788 5853 '

2094 4653 2373 4725 βούλονται
2431 4654 2866 4724 ὲπισοφίζεσθαι.
2914 4656 3193 4728 Θαυμάζω
3248 4659 3359 4731 γὰρ
3409 4661 3458 4713 εί
3511 4661 3676 4726 αὑτὸς

2091 4747 2265 4811 οὕτως
2298 4748 2519 4817 ῳὰτκει.
2572 4749 2646 4800 Οὑ
2675 4748 2986 4820 θαυμαστὸν
3015 4750 3124 4820 γὰρ
3151 4790 3166 4815 ,
3207 4751 3303 4805 ἐὰν
3329 4753 3459 4826 εἴπῃ
3491 4756 3523 4824 ὴ
3555 4753 3677 4806 θεία

2091 4841 2284 4912 Γραφὴ
2326 4841 2418 4894 τὸν
2445 4840 2648 4914 Κύριον
2677 4842 2777 4913 τῆς
2803 4842 2960 4913 δόξης
2994 4842 3393 4912 ἐσταυρῶσθαι.
3427 4846 3537 4898 Καὶ
3565 4844 3675 4917 γὰρ

2093 4934 2190 4987 καὶ
2213 4932 2416 5005 Κύριον
2454 4934 2614 5006 δόξης
2632 4936 3002 5007 ὁμολογοῦμεν
3034 4940 3129 4990 καὶ
3163 4938 3332 5009 αὑτὴν
3354 4938 3452 5008 τὴν
3476 4939 3675 5011 ἒνσαρ-

2100 5043 2193 5079 κον
2221 5028 2525 5098 παρουσίαν
2545 5045 2559 5058 ·
2589 5030 2649 5082 οὑ
2682 5029 2791 5102 γὰρ
2843 5030 3097 5101 διῄρηται
3135 5030 3246 5083 ἀπὸ
3278 5032 3375 5102 τῆς
3423 5032 3678 5103 θεότητος

2094 5122 2126 5191 ὴ
2166 5119 2431 5193 ἔνσαρκος
2480 5123 2754 5195 παρουσία
2777 5141 2790 5154 ·
2826 5124 2922 5195 τῆς
2971 5124 3207 5195 ἑκάστης
3242 5124 3554 5189 ὑποθέσεως
3588 5126 3677 5179 εύ-

2093 5212 2267 5282 λόγως
2328 5216 2627 5288 νοουμένης
2661 5256 2676 5277 ,
2735 5217 2829 5270 καὶ
2880 5220 2972 5271 ἐπὶ
3030 5219 3089 5271 τὸ
3144 5219 3277 5272 αὐτὸ
3336 5218 3439 5288 τῆς
3498 5219 3678 5290 πάσης

2094 5308 2478 5379 πραγματείας
2503 5311 2582 5373 είς
2609 5310 2738 5381 μίαν
2770 5311 3082 5383 οἰκονομίαν
3113 5312 3208 5365 καὶ
3241 5313 3370 5383 μίαν
3401 5312 3678 5383 τελειότη-

2094 5417 2164 5453 τα
2201 5403 2333 5470 ἡμῖν
2361 5403 2766 5475 συνηνωμένης.
2795 5404 3045 5475 Παθητὸς
3098 5406 3206 5475 γὰρ
3247 5407 3377 5475 ήμίν
3411 5404 3681 5475 κηρύττε-

2094 5511 2185 5547 ται
2214 5495 2448 5566 Χριστὸς
2494 5496 2589 5549 καὶ
2615 5497 2949 5561 πιστεύεται,
3000 5499 3060 5551 οὑ
3085 5497 3206 5551 καθ’
3243 5499 3436 5552 ἑαυτὸν
3466 5495 3677 5558 παθὼν,

2095 5586 2215 5639 οὑδὲ
2264 5588 2344 5640 ὅτι
2389 5587 2545 5650 ἄλλος
2573 5590 2719 5642 ἐστὶν
2746 5592 2774 5643 6
2812 5589 3095 5653 πεπονθὼς
3122 5632 3136 5651 ,
3182 5590 3273 5643 καὶ
3309 5590 3467 5653 ἄλλος
3505 5592 3533 5642 ὁ
3568 5590 3680 5641 Κύ-

2098 5696 2246 5750 ριος,
2295 5680 2415 5733 οὑδὲ
2468 5682 2549 5733 ὅτι
2608 5683 2641 5751 ἡ
2678 5681 2868 5751 θεότης
2917 5680 3185 5734 πέπονθεν
3213 5696 3225 5708 ·
3268 5678 3405 5732 ἀλλὰ
3442 5676 3680 5731 sti-{7:03.03
