4134 6392
524 379 633 438 689

1181 384 1546 442 ADVEhSUS
1587 380 1933 439 ιικΕιιιιδΕεν
1965 386 2096 438 ΜΒ.
2143 382 2228 436 Ill.
2269 380 2432 436 ΤΟΜ.
2476 380 2517 434 ll
2619 377 2892 434 HIERES.
2936 374 3192 430 LXXVII.

3694 374 3814 431 694}

477 532 482 534 -
528 501 627 571 μὲν
659 499 688 552 ό
719 497 924 572 Κύριος
958 500 1114 570 ἡμῶν
1155 501 1362 572 Ἰησοῦς
1400 503 1636 573 Χριστὸς
1663 542 1677 564 ,
1732 502 1832 572 τῆς
1863 501 2114 572 θεότητος

2232 499 2686 555 ministrationem
2725 495 3226 566 perfectionemque
3277 490 3575 560 ccnspirat.
3611 491 3798 560 Itaque

524 593 799 662 ἀτρέπτου
838 592 1107 664 μενούσης
1145 611 1225 657 τε,
1262 597 1356 648 καὶ
1398 595 1645 659 ἀπαθοῦς
1669 637 1683 658 ,
1715 594 2032 664 πασχούσης
2063 594 2119 647 δὲ

525 687 583 738 ὲν
609 687 674 757 τῇ
719 685 904 756 σαρκὶ,
934 685 1029 738 καὶ
1062 685 1308 750 ἀπαθοῦς
1341 689 1629 758 μενούσης.
1659 690 1722 741 El
1749 689 1857 759 γὰρ
1881 689 2117 742 ἀπέθανε

524 775 763 847 Χριστὸς
793 777 932 848 ὑπὲρ
962 777 1140 848 ἡμῶν,
1177 780 1271 831 καὶ
1293 778 1462 842 ὅντως
1493 780 1785 844 ἀπέθανεν,
1811 781 1908 850 οὐχ
1942 781 1975 850 ἡ
2007 779 2117 832 θεό-

523 884 624 936 της
671 866 944 921 ἀπέθανεν
971 908 986 932 ,
1029 867 1167 921 ἀλλὰ
1217 869 1487 923 ἀπέθανεν
1527 871 1584 924 ὲν
1636 871 1832 942 σαρκὶ,
1869 869 2010 924 κατὰ
2055 869 2117 922 τὸ

527 959 820 1029 εἰρημένον
841 976 856 991 ο
891 958 1260 1025 Θανατωθεὶς
1285 961 1467 1028 σαρκὶ
1491 1001 1505 1022 ,
1542 960 1917 1026 ζωοποιηθεὶς
1944 959 2013 1013 δὲ
2036 958 2117 1025 τῷ

524 1052 856 1120 πνεύματιο
905 1052 1002 1105 καὶ
1050 1050 1213 1105 πάλιν
1241 1066 1256 1082 ο
1307 1053 1568 1121 Χριστοῦ
1613 1052 1914 1119 παθόντος
1963 1054 2115 1122 ὑπὲρ

521 1141 692 1207 ἡμῶν
721 1142 924 1210 σαρκί.

2223 591 2498 660 patibilem
2527 605 2628 644 nos
2667 589 2946 642 Christum
2982 586 3361 655 praedicamus,
3391 598 3454 637 ac
3481 583 3794 637 credimus:

2223 699 2330 738 non
2363 685 2506 754 quod
2539 700 2636 754 per
2663 698 2784 738 sese
2813 682 2884 736 sit
2910 695 3137 750 passus,
3176 694 3355 748 neque
3386 676 3533 747 quod
3563 677 3703 730 alius
3728 679 3800 731 sit

2223 793 2253 830 a
2288 778 2525 846 patiente
2579 776 2864 838 Dominus,
2925 790 3101 844 neque
3154 773 3301 844 quod
3361 771 3544 826 divina
3601 781 3799 825 natura

2222 884 2383 938 passa
2416 869 2487 923 sit
2523 887 2535 922 :
2591 885 2774 923 verum
2810 869 2882 921 ita
2913 866 3175 920 Dominus
3217 873 3404 920 noster
3447 863 3606 918 Jesus
3641 864 3801 917 Chri-

2221 969 2340 1016 stus
2379 975 2577 1031 passus
2605 969 2711 1022 est,
2749 970 2806 1013 ut
2839 960 3011 1029 ipsius
3043 958 3300 1012 divinitas
3334 956 3652 1010 mutationis
3684 971 3802 1008 om-

2220 1053 2308 1106 nis
2325 1062 2389 1118 ,ct
2429 1051 2698 1121 passionis
2731 1067 2926 1120 expers
2966 1050 3322 1103 nihilominus
3356 1051 3411 1103 in
3441 1063 3605 1102 cruce
3647 1056 3801 1118 pate-

2223 1156 2394 1210 retur,
2429 1155 2482 1198 et
2515 1145 2631 1213 ipsa
2679 1144 2884 1197 nullam
2935 1143 2989 1196 in
3031 1158 3151 1197 sese
3185 1144 3495 1212 passionem
3525 1142 3803 1212 experire-

444 1309 454 1316 _
524 1239 633 1286 tur.
669 1233 825 1298 Quod
851 1234 995 1288 enim
1024 1233 1280 1291 Christus
1340 1243 1529 1291 nostra
1558 1249 1724 1290 causa
1759 1245 2012 1290 mortuus
2058 1243 2165 1300 est,
2224 1251 2461 1306 vereque
2516 1243 2792 1298 mortuus,
2845 1250 2951 1288 non
3008 1235 3062 1288 in
3117 1234 3457 1289 divinitatem
3509 1249 3658 1289 mors
3707 1233 3800 1288 illa

522 1327 756 1394 cecidit;
798 1331 891 1382 sed
928 1330 981 1383 in
1017 1345 1181 1385 carne
1221 1337 1471 1383 mortuus
1501 1337 1584 1385 est
1613 1372 1628 1393 ,
1681 1329 2138 1399 quemadmodum
2207 1331 2471 1398 scriptum
2516 1338 2642 1384 est:
2696 1326 3055 1397 Mortiﬁcatus
3100 1343 3257 1381 carne
3283 1365 3298 1392 ,
3351 1326 3642 1395 viviﬁcatus
3696 1343 3794 1380 au-

525 1427 635 1472 tem
704 1419 954 1487 spiritu”.
1011 1418 1184 1473 ltem:
1237 1419 1449 1474 Christo
1498 1437 1656 1489 passo
1711 1437 1806 1489 pro
1865 1421 2011 1473 nobis
2063 1421 2118 1473 in
2155 1435 2313 1473 carne
2341 1419 2381 1473 ³.

594 1512 936 1582 Gaupactt'ug
969 1515 1104 1583 ἡμῖν
1151 1514 1496 1586 ὡμολόγηται
1538 1513 1824 1578 πεπονθὼς
1874 1515 1934 1566 ὲν
1975 1514 2108 1583 ἀλη-

523 1600 679 1672 θείᾳ.
707 1603 801 1654 καὶ
825 1600 1044 1672 ἀπαθὴς
1078 1604 1135 1655 ἐν
1168 1603 1398 1674 ἀληθείᾳ
1421 1621 1436 1634 '
1477 1604 1574 1674 τῆς
1601 1603 1854 1675 θεότητος
1889 1603 1963 1674 μὴ
2001 1621 2109 1656 πα-

525 1693 727 1766 θούσης
750 1695 836 1749 διὰ
862 1695 922 1748 τὸ
949 1696 1218 1766 ἄτρεπτον
1238 1738 1252 1762 ,
1302 1699 1396 1751 καὶ
1423 1699 1630 1762 ἀπαθὲς
1648 1739 1662 1761 ,
1696 1699 1790 1751 καὶ
1827 1698 2110 1769 όμοούσιον

522 1787 604 1855 τῷ
653 1787 863 1859 Πατρί·
911 1788 1194 1861 παθούσης
1242 1789 1298 1843 δὲ
1333 1790 1432 1860 τῆς
1468 1790 1703 1860 σαρκὸς,
1745 1790 1839 1844 καὶ
1867 1791 1928 1842 οὐ
1961 1807 2114 1862 μερι-

526 1877 750 1951 σθείσης
782 1880 883 1950 τῆς
929 1879 1180 1953 θεότητος
1213 1882 1321 1935 ἀπὸ
1375 1883 1474 1953 τῆς
1505 1883 1774 1954 ὲνσάρκου
1809 1883 2112 1951 παρουσίας

525 1971 586 2024 ὲν
610 1971 689 2042 τῷ
731 1971 915 2027 πάθει.
947 1973 1124 2044 Συνῆν
1153 1972 1264 2046 γάρ
1303 1973 1399 2026 καὶ
1433 1976 1464 2044 ἠ
1498 1972 1722 2044 θεότης,
1758 1974 1854 2026 xui.
1887 1975 1918 2042 ἠ
1952 1975 2110 2027 ὲναν-

528 2060 837 2134 θρώπησις,
880 2065 968 2117 ὅτε
1003 2065 1096 2117 ἐπὶ
1146 2063 1224 2135 τῷ
1264 2063 1481 2136 σταυρῷ
1512 2064 1716 2134 ἔπασχε
1754 2064 1852 2135 μὲν
1879 2063 2113 2135 Χριστὸς

528 2155 713 2225 σαρκὶ,
745 2155 962 2228 ἀπαθὴς
989 2156 1046 2209 δὲ
1080 2156 1262 2228 ἔμεινε
1286 2156 1502 2228 θεότητι
1531 2175 1544 2188 ·
1581 2158 1670 2212 ἵνα
1707 2157 1807 2228 τὴν
1831 2158 2113 2212 δικαίωσιν

530 2247 730 2318 μηκέτι
754 2248 815 2300 ὲν
847 2248 1011 2316 σαρκὶ
1045 2248 1204 2318 μόνον
1231 2247 1476 2319 ἔχωμεν,
1504 2248 1640 2303 ἀλλά
1665 2251 1724 2303 ὲν
1760 2252 1826 2321 τῇ
1855 2249 2068 2319 θεότητι
2093 2263 2110 2278 ’

527 2337 624 2390 καὶ
657 2337 744 2390 ἵνα
773 2339 830 2391 ὲν
857 2340 926 2409 τῇ
981 2338 1196 2410 θεότητι
1227 2340 1322 2393 καὶ
1362 2341 1423 2394 ὲν
1456 2343 1522 2411 τῇ
1567 2341 1731 2412 σαρκὶ
1767 2342 1886 2394 κατ’
1911 2342 2114 2410 ἀμφοῖν

525 2431 660 2499 ἡμῖν
702 2430 949 2499 σωτηρία.
975 2429 1223 2500 γένηται.
1278 2430 1352 2483 Οὐ
1396 2431 1505 2503 γὰρ
1533 2431 1692 2501 ψιλὸς
1739 2434 1870 2502 ἡμῖν
1900 2431 2112 2503 ἄνθρω-

527 2534 630 2582 πος
673 2520 703 2572 ό
730 2519 966 2590 Χριστὸς
990 2560 1004 2584 ,
1035 2520 1148 2572 ἀλλ’
1180 2521 1208 2573 ό
1247 2521 1420 2590 Λόγος
1471 2522 1836 2586 ὲνυπόστατος
1861 2563 1876 2585 ,
1923 2521 2116 2594 ἕνσαηρ-

527 2627 652 2674 κος,
680 2611 777 2664 καὶ
811 2611 943 2675 Θεὸς
980 2611 1266 2683 ἅνθρωπος
1297 2611 1538 2680 γεγονὼς
1571 2613 1628 2664 ἐν
1665 2611 1914 2683 ἀληθείᾳ,
1957 2610 2115 2683 ἡμῶν

533 2701 608 2772 μὴ
663 2700 896 2771 ἐχόντων
942 2703 1042 2772 τὴν
1093 2701 1284 2756 ἐλπίδα
1317 2704 1406 2756 ἐπ’
1445 2701 1732 2774 ἄνθρωπον
1760 2742 1774 2764 ,
1811 2701 1924 2755 ἀλλ’
1957 2705 2014 2755 ὲν
2046 2704 2113 2772 τῇ

529 2791 746 2862 θεότητι
765 2808 780 2824 ·
812 2793 904 2846 καὶ
927 2793 1084 2864 ἡμῶν
1121 2794 1196 2864 μὴ
1230 2795 1466 2864 ἐχόντων
1505 2793 1640 2847 Θεὸν
1674 2795 1971 2864 πάσχοντα,
1999 2793 2112 2846 ἀλλ’

528 2883 714 2955 ἀπαθῆ
733 2900 746 2914 ⁸
786 2884 943 2949 ὲκτδς
967 2885 1024 2939 δὲ
1057 2885 1263 2950 πάθους
1295 2887 1394 2956 τὴν
1426 2887 1700 2958 σωτηρίαν
1728 2885 1885 2957 ἡμῶν
1911 2887 1987 2959 μὴ
2016 2904 2115 2939 πε-

529 2974 798 3046 ποιηκότα
821 3018 838 3043 ,
873 2977 989 3030 ἀλλ’
1039 2979 1098 3031 ὲν
1141 2977 1220 3047 τῷ
1274 2979 1413 3049 ὑπὲρ
1445 2979 1602 3050 ἡμῶν
1632 2979 1925 3033 ἀποθανεῖν
1951 3021 1966 3046 ,
2019 2981 2115 3034 καὶ

529 3069 724 3122 ἑαυτὸν
752 3070 1117 3141 προσενέγκαι
1139 3069 1216 3141 τῷ
1241 3070 1417 3142 Πατρὶ
1444 3068 1637 3124 θυσίαν
1665 3071 1808 3141 ὑπὲρ
1841 3072 1950 3125 τῶν
1979 3074 2116 3143 ἡμε-

527 3156 702 3232 τέρων
729 3161 916 3233 ψυχῶν
937 3203 952 3225 ,
985 3163 1044 3215 ὲν
1076 3162 1156 3233 τῷ
1186 3163 1376 3234 αἵματι
1411 3163 1576 3217 αὐτοῦ
1614 3163 1916 3234 καθαρίσας
1945 3166 2112 3236 ἡμᾶς,

533 3251 726 3322 σχίσας
761 3252 823 3304 τὸ
854 3251 975 3306 καθ’
1012 3250 1171 3322 ἡμῶν
1199 3254 1564 3324 χειρόγραφον
1616 3253 1711 3306 καὶ
1758 3253 2120 3326 προσηλώσας

529 3343 662 3395 αὐτὸ
710 3343 788 3415 τῷ
821 3343 1076 3416 σταυρῷ,
1127 3343 1312 3408 καθὼς
1364 3344 1542 3416 πάντη
1581 3347 1616 3416 ἡ
1655 3345 1842 3417 Γραφὴ
1875 3344 2114 3400 διδάσκει

529 3438 698 3508 ἡμᾶς·

2287 1512 2651 1578 Quamobrem
2698 1509 2963 1580 singulari
2995 1509 3229 1580 quadam
3289 1517 3345 1565 et
3373 1509 3678 1566 admirabili
3707 1526 3796 1565 ra-

2215 1603 2367 1659 tione
2395 1619 2522 1659 vere
2553 1619 2779 1674 passu-m
2812 1603 2962 1656 illum
2996 1616 3119 1657 esse
3159 1601 3502 1666 conﬁtemur,
3547 1611 3602 1658 et
3643 1619 3797 1658 eum-

2219 1695 2344 1750 dem
2400 1703 2583 1750 tamen
2629 1710 2756 1750 vere
2805 1693 3080 1764 passionis
3129 1702 3446 1763 expertem:
3477 1694 3623 1764 quod
3664 1695 3799 1750 nihil

2221 1788 2485 1844 divinitas
2527 1789 2646 1858 ipsa
2691 1789 2932 1857 patiatur
2959 1829 2974 1855 ,
3014 1789 3274 1858 quoniam
3310 1789 3379 1844 ab
3404 1789 3551 1844 omni
3592 1790 3806 1846 vicissi-

2221 1883 2411 1936 tudine
2461 1890 2516 1936 et
2546 1881 2807 1951 passione
2849 1880 3110 1934 immunis
3150 1889 3252 1946 est,
3294 1880 3652 1952 ejusdemque
3676 1897 3800 1937 cum

2217 1972 2380 2028 Patre
2413 1972 2750 2028 substantiae.
2805 1971 2884 2026 lta
2931 1989 3095 2042 porro
3154 1987 3370 2042 passam
3413 1989 3536 2029 esse
3582 1989 3804 2029 carnem

2220 2066 2542 2131 asserimus,
2578 2073 2638 2119 ut
2662 2065 2716 2119 in
2749 2066 2867 2135 ipsa
2898 2065 3254 2135 perpessione
3291 2065 3552 2122 divinitas
3593 2081 3808 2139 nequa-

2220 2172 2384 2228 quam
2435 2158 2504 2212 ab
2551 2164 2832 2227 assumpta
2878 2157 3120 2212 hominis
3165 2166 3362 2212 natura
3415 2158 3665 2229 sejuncta
3708 2160 3800 2217 sit.

2223 2248 2360 2303 Tum
2392 2248 2538 2303 enim
2567 2249 2828 2304 divinitas
2854 2263 2980 2303 cum
3011 2248 3250 2303 humana
3279 2257 3476 2305 natura
3511 2252 3807 2321 conjuncta

2227 2341 2351 2402 fuit,
2381 2339 2600 2410 quando
2629 2340 2885 2396 Christus
2927 2341 2980 2394 in
3010 2357 3173 2396 cruce
3225 2339 3452 2398 sullixus
3477 2357 3641 2397 carne
3681 2359 3806 2408 pas-

2225 2446 2321 2485 sus
2350 2438 2461 2496 est,
2514 2430 2648 2484 nihil
2672 2432 2789 2500 ipsa
2826 2430 3113 2484 divinitate
3155 2430 3425 2499 patiente,
3476 2446 3584 2500 quo
3610 2431 3808 2500 justiﬁ-

2221 2523 2364 2578 catio
2395 2530 2584 2577 nostra
2615 2537 2726 2576 non
2758 2522 2996 2591 amplius
3022 2523 3076 2576 in
3109 2523 3226 2577 sola
3249 2537 3436 2587 carne,
3503 2521 3598 2577 sed
3641 2523 3807 2576 etiam

2222 2615 2277 2668 in
2330 2615 2620 2670 divinitate
2661 2614 3014 2677 consisteret,
3067 2621 3231 2683 atque
3262 2621 3323 2667 ut
3354 2628 3382 2666 a
3414 2613 3702 2668 divinitate
3730 2613 3809 2667 si-

2223 2705 2338 2759 mul
2385 2713 2439 2760 et
2468 2721 2634 2761 carne
2677 2707 2828 2760 salus
2874 2715 3065 2760 nostra
3094 2705 3554 2774 proﬁcisceretur.
3591 2703 3805 2760 Etenim

2221 2797 2480 2853 Christus
2541 2813 2653 2852 non
2708 2798 2938 2868 simplex
2980 2813 3044 2852 ac
3086 2797 3269 2852 nudus
3302 2797 3466 2850 homo
3524 2796 3642 2862 fuit,
3713 2797 3808 2852 sed

2221 2888 2466 2945 Verbum
2517 2891 2864 2953 subsistens,
2905 2890 3274 2957 incarnatum,
3333 2905 3397 2944 ac
3449 2888 3592 2945 Deus
3645 2891 3808 2946 homo

2223 2998 2417 3038 revera
2462 2981 2664 3049 factus,
2715 2993 2775 3038 ut
2815 2999 2965 3053 spem
3012 2991 3260 3038 nostram
3309 2997 3418 3036 non
3468 2984 3702 3054 amplius
3751 2985 3808 3038 in

2223 3075 2462 3143 homine,
2513 3077 2608 3131 sed
2655 3077 2708 3131 in
2750 3076 3036 3130 divinitate
3080 3077 3451 3148 collocemus,
3498 3094 3673 3147 neque
3711 3093 3808 3148 pa-

2225 3169 2450 3223 tientem
2484 3168 2676 3231 Deum,
2713 3169 2808 3225 sed
2850 3184 2875 3221 a
2904 3169 3262 3239 perpessione
3308 3172 3456 3224 omni
3507 3170 3806 3225 immunem

2233 3259 2555 3315 habeamus.
2596 3261 2808 3331 1027
2841 3260 2944 3326 Qui
2994 3260 3214 3330 quidem
3262 3277 3372 3316 non
3415 3261 3534 3317 sine
3580 3279 3807 3334 perpes-

2231 3352 2387 3406 sione
2418 3352 2648 3407 salutem
2684 3354 2844 3406 nobis
2880 3353 3146 3416 attulerit,
3181 3353 3275 3408 sed
3309 3354 3362 3407 in
3397 3355 3680 3410 moriendo
3707 3371 3828 3425 pro.

2234 3445 2418 3510 nobis,
2455 3461 2624 3516 seque
2649 3445 2760 3500 Deo
2789 3445 2934 3500 Patri
2967 3462 3068 3517 pro
3092 3447 3299 3503 nostris
3324 3448 3610 3504 animabus
3642 3450 3808 3504 sacri-

533 3530 642 3586 ﬁcii
670 3530 846 3586 instar
873 3530 1154 3588 offerendo
1184 3531 1528 3602 praistiterit,
1553 3547 1679 3587 cum
1720 3547 1823 3588 nos
1873 3531 2143 3602 sanguine
2177 3548 2278 3589 suo
2309 3537 2638 3606 repurgarit,
2705 3551 2768 3590 ac
2821 3537 3085 3606 scriptum
3134 3548 3324 3593 contra
3372 3553 3475 3593 nos
3523 3539 3835 3612 chirogram

533 3628 702 3696 phum
744 3627 1054 3693 disciderit,
1089 3637 1145 3682 et
1175 3629 1328 3682 cruci
1373 3643 1486 3682 suae
1518 3627 1666 3682 istud
1707 3626 1938 3682 allixerit
1962 3628 1984 3658 ⁸
2008 3669 2023 3694 ,
2069 3628 2124 3683 id
2151 3629 2296 3700 quod
2331 3630 2537 3699 ubique
2558 3628 2839 3700 Scriptura
2873 3637 3124 3685 testatur.

602 3720 723 3772 Al".
758 3719 868 3772 Καὶ
885 3717 1039 3772 ἔσται
1075 3735 1164 3789 μοι
1193 3718 1324 3789 περὶ
1355 3717 1584 3780 τούτων,
1618 3719 1666 3770 εἰ
1698 3717 1859 3787 χρεία
1878 3719 2112 3784 γένοιτο,

531 3811 614 3872 είς
648 3809 998 3880 παράστασιν
1029 3811 1206 3861 εἰπεῖν
1239 3807 1432 3861 πολλά.
1469 3807 1582 3860 Καὶ
1612 3805 1721 3876 γὰρ
1749 3807 1808 3858 ὲν
1831 3805 2015 3870 ἄλλοις
2039 3808 2118 3858 εί-

535 3903 804 3975 ρήκαμεν,
847 3901 947 3972 τὴν
994 3899 1228 3972 θεωρίαν
1275 3898 1482 3969 ταύτην
1532 3897 1942 3967 σαφηνίζοντες,
1987 3897 2117 3968 περὶ

535 3997 634 4063 τῆς
660 3993 815 4064 ἡμῶν
848 3992 1070 4062 βεϐαίας
1108 3991 1402 4062 σωτηρίας,
1447 3992 1530 4044 ὅτι
1632 3989 1719 4053 Ὡς
1743 3989 1808 4042 ἂν
1840 3991 1905 4042 ἐκ
1935 3991 2117 4059 ῥαντι-

534 4086 674 4156 σμοῦ
707 4087 938 4156 αἵματος
966 4087 1221 4155 τυγχάνει
1251 4083 1397 4154 βαφὴ
1419 4087 1475 4136 ἐν
1497 4082 1720 4153 ίματίῳ,
1745 4082 1804 4134 τὸ
1831 4081 1930 4152 μὲν
1956 4081 2116 4151 σῶμα

532 4181 635 4233 οὐκ
663 4179 828 4249 ἔϐαψε
863 4179 958 4233 τοῦ
987 4178 1302 4249 φοροῦντος,
1327 4179 1361 4248 ἡ
1389 4178 1446 4229 δὲ
1473 4176 1621 4247 βαφὴ
1645 4175 1738 4229 τοῦ
1776 4176 1994 4246 ἱματίου
2020 4175 2121 4228 οὐκ

535 4276 614 4336 εἰς
645 4273 708 4325 τὸ
745 4272 958 4343 ίμάτιον
993 4271 1322 4339 λελόγισται,
1349 4268 1464 4323 ἀλλ’
1486 4270 1568 4332 είς
1597 4268 1688 4322 τὸν
1722 4267 2012 4338 ἄνθρωπον
2029 4267 2119 4320 τὸν

534 4364 823 4436 φοροῦντα·
858 4363 1001 4416 οὕτω
1033 4363 1129 4416 καὶ¹
1157 4362 1218 4416 τὸ
1245 4362 1416 4425 πάθος
1445 4363 1512 4431 τῇ
1540 4360 1756 4427 θεότητι
1791 4360 1888 4431 μὲν
1908 4359 2006 4413 οὐκ
2035 4360 2120 4411 ὲν-

533 4456 793 4526 ἐσκηψεν,
829 4454 944 4508 ἀλλ’
971 4457 1031 4508 ὲν
1064 4457 1129 4526 τῇ
1160 4453 1577 4525 ὲνανθρωπησει
1606 4453 1844 4520 ἐγένετο·
1873 4451 1973 4504 οὐκ
1997 4451 2118 4522 ἐλο-

2297 3715 2541 3774 XXXlll.
2581 3716 2839 3780 Possem,
2889 3718 2937 3773 si
2987 3732 3214 3774 necesse
3247 3719 3545 3786 videretur,
3593 3723 3659 3779 ad
3689 3723 3840 3794 ejus.

2225 3810 2500 3883 dogmatis
2560 3814 2847 3865 veritatem
2908 3810 3341 3866 conﬁrmandam
3399 3815 3508 3868 alia
3565 3817 3810 3885 proferre

2224 3919 2390 3974 quam
2421 3902 2674 3972 plurima.
2709 3899 2801 3955 Sic
2843 3902 2988 3956 enim
3041 3903 3150 3956 alio
3186 3902 3342 3965 loco,
3386 3919 3508 3958 eum
3542 3905 3683 3959 idem
3717 3921 3809 3958 ar-

2224 4005 2544 4068 gumentum
2595 4003 3087 4064 pertractaremus,
3143 3993 3212 4047 de
3267 4003 3416 4048 certa
3477 3997 3809 4066 minimeque

2224 4088 2390 4143 dubia
2419 4094 2608 4142 nostra
2637 4086 2814 4141 salute
2855 4085 3250 4140 constituimus
3282 4103 3294 4137 :
3332 4083 3808 4151 Quemadmodum

2221 4179 2507 4250 sanguinis
2536 4178 2828 4248 aspergine
2854 4177 3022 4232 vestis
3054 4177 3318 4238 inficitur,
3346 4178 3477 4231 licet
3512 4179 3634 4246 ejus
3659 4221 3674 4244 ,
3713 4183 3808 4250 qui

2219 4279 2420 4323 vestem
2440 4268 2816 4337 gerit,corpus
2835 4282 3177 4336 nequaquam
3207 4266 3468 4320 infectum
3489 4268 3580 4333 sit,
3610 4270 3806 4322 nihilo-

2227 4361 2410 4415 minus
2445 4359 2535 4412 illa
2579 4359 2750 4414 vestis
2783 4375 3009 4428 aspersa
3059 4358 3272 4412 macula
3303 4375 3410 4412 non
3440 4361 3599 4424 vesti,
3635 4361 3728 4414 sed
3759 4364 3808 4416 ci

2221 4452 2315 4522 qui
2358 4459 2562 4505 vestem
2594 4452 2756 4521 gerit,
2783 4451 3082 4515 tribuitur;
3119 4449 3308 4503 eodem
3341 4451 3504 4503 modo
3539 4453 3661 4504 licet
3690 4470 3807 4521 per-

533 4549 696 4620 γίσθη
735 4549 793 4602 δὲ
825 4550 892 4619 τῇ
932 4547 1346 4618 ὲνανθρωπήσει
1400 4546 1558 4617 μόνῃ·
1611 4545 1724 4598 ἀλλ’
1758 4544 1845 4597 ἵνα
1877 4543 1950 4614 μὴ
1981 4543 2114 4612 πλη-

2223 4540 2407 4610 pessio
2432 4541 2487 4594 in
2529 4540 2866 4594 divinitatem
2921 4555 3030 4593 non
3071 4538 3402 4600 incubuerit,
3435 4541 3527 4594 sed
3559 4542 3811 4597 humana:

535 4641 683 4713 ρωθῇ
717 4643 773 4693 ἐν
804 4642 871 4710 τῇ
909 4639 1153 4709 σωτηρίᾳ
1189 4638 1292 4705 τῆς
1327 4636 1640 4707 οἰκονομίας
1689 4636 1770 4700 τὸ,
1836 4637 2110 4688 Ἐπικατ-

534 4734 751 4802 άρατος
793 4732 931 4798 πᾶς,
962 4731 1030 4798 ὃς
1069 4731 1193 4800 ἔχει
1235 4730 1350 4797 τὴν
1385 4728 1606 4784 ἐλπίδα
1635 4729 1726 4781 ἐπ’
1779 4726 2114 4795 ἄνθρωπον.

547 4827 686 4880 Ἀλλ’
719 4825 972 4895 ἐλογίσθη
1007 4825 1103 4878 καὶ
1129 4826 1209 4887 εἰς
1228 4824 1326 4892 τὴν
1349 4822 1603 4892 θεότητα,
1629 4819 1728 4889 τῆς
1758 4819 2012 4890 θεότητος
2038 4816 2113 4888 μὴ

534 4917 871 4987 πασχούσης,
902 4916 991 4968 ἵνα
1025 4917 1083 4967 ὲν
1113 4917 1180 4985 τῇ
1223 4913 1437 4984 θεότητι
1477 4910 1699 4981 λογισθῇ
1743 4912 1809 4981 τῇ
1851 4908 1987 4981 ἀγίσ.
2017 4908 2112 4960 τοῦ

530 5011 666 5064 Θεοῦ
704 5009 1000 5081 Ἐκκλησία
1043 5007 1136 5062 τοῦ
1195 5006 1403 5069 πάθους
1433 5008 1467 5076 ἡ
1503 5004 1768 5076 σωτηρία.
1830 5003 1992 5056 Ἀλλά
2015 5002 2114 5055 πά-

531 5105 614 5156 λιν
653 5102 725 5173 μὴ
757 5101 978 5173 λεείθηρ
1012 5100 1087 5154 ὢν
1113 5117 1198 5164 τις
1224 5099 1416 5152 ἑαυτὸν
1446 5096 1651 5169 θελήσῃ
1682 5094 1883 5166 μᾶλλον
1916 5095 2109 5148 συλλο-

532 5189 810 5257 γίσασθαι,
855 5191 889 5260 ἢ
911 5191 928 5222 ⁸
976 5191 1104 5260 περὶ
1139 5189 1201 5242 τὸ
1233 5189 1465 5257 αἴνιγμα
1495 5186 1590 5238 τοῦ
1624 5185 1993 5255 όμοιώματος.
2033 5184 2108 5238 Οὐ

533 5277 642 5347 γάρ
675 5278 824 5330 πᾶσα
853 5277 1138 5349 παραϐολὴ
1177 5281 1235 5331 ὲν
1266 5279 1330 5347 τῇ
1373 5278 1562 5346 Γραφῇ
1599 5275 1694 5345 ὅλῃ
1735 5274 2075 5345 λαμϐάνεται
2096 5313 2112 5336 ,

535 5369 611 5431 ὼς
635 5368 716 5431 τὸ,
749 5371 1023 5438 Σκύμνος
1049 5369 1297 5434 ,λέοντος
1331 5367 1539 5429 Ἰούδα,
1562 5365 1650 5419 διὰ
1677 5366 1737 5419 τὸ
1765 5367 2114 5437 ἰσχυρότερον

531 5458 629 5512 τοῦ
663 5457 803 5524 ζώου
834 5461 930 5513 καὶ
957 5460 1402 5530 βασιλικώτατον,
1429 5458 1545 5511 ἀλλ’
1569 5458 1688 5527 οὐχὶ
1709 5457 1797 5510 διὰ
1826 5457 1887 5510 τὸ
1911 5457 2112 5526 ἄλογον

536 5552 634 5606 καὶ⁹
657 5553 1013 5624 ἁρπακτικὸν.
1041 5553 1197 5608 Οὕτω
1232 5553 1326 5607 καὶ
1357 5553 1450 5604 ἐπὶ
1479 5551 1572 5605 τοῦ
1613 5551 1856 5622 ἱματίου,
1893 5551 1994 5604 οὐκ
2022 5552 2112 5602 ὲν-

534 5641 821 5714 δυομένου,
842 5645 936 5697 καὶ
969 5643 1316 5715 ὲκδυομένου’
1353 5643 1465 5697 ἀλλ’
1499 5641 1646 5708 ἅπαξ
1681 5641 1826 5696 κατά
1862 5641 1923 5694 τὸ
1958 5643 2114 5711 εἰρη-

2227 4633 2496 4688 duntaxat
2543 4643 2752 4687 natura:
2798 4634 3113 4703 contigerit,
3160 4647 3266 4685 non
3317 4632 3442 4686 huic
3491 4641 3672 4688 tamen
3704 4633 3809 4689 soli

2225 4725 2596 4790 tribuendam,
2633 4739 2820 4779 verum
2848 4741 2915 4778 ne
2950 4725 3004 4776 in
3040 4725 3382 4794 procuranda
3418 4739 3513 4793 per
3552 4723 3811 4779 incarna-

2226 4816 2432 4870 tionem
2470 4814 2633 4870 Verbi
2687 4816 2865 4870 salutc
2911 4823 3126 4881 nostra,
3178 4816 3231 4867 in
3264 4815 3412 4867 illam
3457 4814 3833 4871 incurramus.

2221 4908 2521 4977 Scripturaé
2549 4909 2880 4962 sententiam
2923 4927 2934 4960 :
2973 4905 3288 4960 Maledictus
3319 4906 3510 4969 omnis,
3543 4907 3634 4976 qui
3662 4923 3806 4976 spem

2217 4998 2369 5053 habet
2387 5000 2441 5052 in
2461 4999 2722 5053 homine“.
2752 4997 3053 5067 PrOpterea
3088 4997 3533 5052 divinitatietiam
3564 4997 3802 5066 imputa-

2225 5103 2352 5157 tur,
2399 5106 2523 5145 cum
2564 5091 2700 5144 nihil
2742 5091 2858 5161 ipsa
2897 5105 2994 5159 per
3024 5104 3144 5144 sese
3169 5091 3428 5158 patiatur,
3481 5093 3540 5140 ut
3579 5087 3818 5144 humani

2215 5181 2432 5250 generis
2458 5181 2608 5236 salus
2641 5197 2737 5250 per
2767 5181 2974 5235 Christi
3005 5179 3320 5249 passionem
3360 5177 3631 5247 acquisita
3663 5192 3692 5230 a
3725 5192 3816 5233 sa-

2219 5283 2509 5328 crosancta
2537 5273 2627 5329 Dei
2667 5273 2913 5328 Ecclesia
2948 5272 3220 5326 divinitati
3257 5286 3476 5342 quoque
3505 5271 3800 5324 tribuatur.

2219 5363 2427 5419 Vereor
2454 5382 2520 5420 ne
2551 5366 2677 5435 quis
2722 5382 2789 5420 ex
2822 5365 2934 5419 illis
2965 5379 3162 5418 vocum
3201 5363 3582 5432 captatoribus
3624 5361 3802 5415 subti-

2217 5459 2340 5512 liori
2394 5459 2815 5512 ratiocinatione
2861 5457 3219 5526 semetipsum
3283 5455 3564 5524 implicare
3625 5453 3799 5514 malit,

2219 5565 2382 5619 quam
2410 5551 2628 5602 allatam
2655 5565 2685 5603 a
2726 5549 2889 5605 nobis
2929 5547 3343 5604 similitudinem
3389 5553 3547 5600 caute
3577 5557 3642 5597 ac
3671 5557 3802 5612 pru«

2220 5642 2411 5696 denter
2440 5641 2712 5710 accipere.
2745 5638 2934 5710 Neque
2965 5639 3112 5694 enint
3155 5639 3263 5692 ulla
3296 5637 3471 5693 sacris
3495 5636 3547 5689 in
3575 5633 3805 5690 Litteris

608 5805 625 5836 ¹
660 5801 883 5860 Mutilus
907 5804 1080 5860 locus.
1157 5805 1175 5836 ¹
1207 5802 1225 5857 l
1257 5803 1398 5858 l’ctt'.
1445 5819 1522 5869 ιιι,
1560 5804 1646 5857 18.
1721 5801 1738 5834 ³
1767 5799 1790 5854 ι
1823 5800 1964 5856 Petr.
2003 5815 2074 5866 tv,

2244 5799 2266 5830 ⁵
2297 5797 2510 5856 Coloss.
2535 5814 2595 5866 ιι,
2632 5799 2717 5854 14.
2802 5800 2822 5832 ³
2857 5795 2968 5853 Jer.
3012 5813 3145 5866 xvu,
3179 5798 3231 5854 5.
