4134 6392
377 332 480 392 691

1798 341 1856 398 S.
1900 339 2238 397 EPIPHAMI

3540 339 3650 396 692

379 452 692 508 similitudo
743 461 871 533 tota_
899 468 963 508 ac
1025 455 1244 525 penitus
1285 467 1606 528 usurpatur,
1645 460 1794 515 velut
1837 476 1961 515 cum

2071 461 2251 532 μένον⁶
2285 462 2663 530 Εὺπρέπειαν
2693 462 3047 517 ἐνεδύσατοο
3090 463 3150 516 τὸ
3186 461 3242 516 δὲ
3274 458 3520 533 δεύτερον
3555 460 3653 512 ἑν-

377 545 586 601 dicitur
623 564 637 600 :
680 521 902 602 Catulus
935 521 1098 602 leonis
1118 547 1266 602 Juda
1298 551 1335 606 ‘.
1369 521 1565 622 ln-quo
1593 521 1601 525 ⁷
1631 552 1964 610 fortitudinis

377 653 448 695 ac
490 641 652 711 regiae
669 641 1334 709 cujusdanuexcellentiae,
1359 661 1480 716 quae
1511 647 1563 700 in
1594 647 1682 700 illa
1708 646 1822 702 fera
1847 663 1966 703 cer-

379 732 556 795 nitur,
608 731 796 787 habita
846 735 987 789 ratio
1020 744 1141 797 est;
1193 752 1295 792 nec
1334 737 1467 791 illud
1507 748 1810 808 spectatum
1855 751 1960 804 est,

381 823 530 892 quod
566 823 799 880 rationis
844 842 1041 897 expers
1079 829 1151 883 sit
1196 844 1260 882 ac
1297 844 1488 900 rapax.
1521 829 1611 886 Sic
1641 840 1695 886 et
1730 832 1786 885 in
1814 841 1965 888 veste

383 914 523 968 nihil
552 914 684 969 illud
715 916 782 971 ad
821 919 1090 973 rationem
1139 930 1385 975 nostram
1431 923 1687 991 pertinet,
1727 923 1873 993 quod
1909 924 1963 979 id

379 1007 532 1062 indui
587 1007 825 1077 exuique
876 1010 1070 1064 soleat.
1123 1008 1301 1065 Semel
1351 1012 1519 1076 enim,
1586 1021 1646 1067 ut
1693 1017 1961 1098 scrjptum

375 1105 481 1164 est,
527 1097 766 1153 decorem
817 1099 1028 1163 induit;
1067 1101 1264 1156 deinde
1305 1117 1435 1156 vero
1469 1104 1716 1158 virtutem
1750 1097 1960 1168 induit,

377 1205 441 1242 ac
469 1191 746 1257 prwcinxit
778 1207 832 1246 se
859 1191 900 1243 ¹.
933 1190 991 1245 In
1014 1207 1123 1262 quo
1144 1191 1391 1262 Apostoli
1425 1193 1518 1246 illa
1539 1209 1641 1248 vox
1663 1195 1920 1264 impletur
1947 1214 1957 1248 :

378 1278 502 1335 Non
534 1281 644 1344 iam
672 1284 938 1338 moritur:
974 1300 1115 1339 mors
1144 1283 1228 1340 illi
1262 1284 1409 1339 ultra
1453 1303 1556 1342 non
1586 1286 1892 1341 dominatur
1917 1288 1957 1341 ³.

373 1374 508 1441 Quae
537 1390 663 1429 cum
705 1376 782 1430 ita
829 1391 952 1434 sese
1004 1377 1276 1444 habeant,
1313 1379 1416 1433 hoc
1470 1378 1537 1432 ad
1569 1379 1653 1433 sui
1695 1379 1964 1448 dogmatis

372 1469 744 1539 patrocinium
789 1469 988 1526 fratres
1027 1471 1205 1525 nostri
1249 1470 1538 1540 proferunt
1575 1489 1589 1526 :
1627 1469 1741 1526 Nos
1787 1481 1963 1524 autem

373 1571 597 1616 mentem
653 1560 854 1619 Christi
910 1563 1160 1620 habemus
1192 1568 1232 1618 ⁵.
1278 1565 1396 1630 Quo
1449 1579 1517 1618 ex
1576 1563 1793 1618 illorum
1847 1579 1962 1617 ser-

372 1668 558 1717 mone,
601 1668 763 1724 quem
799 1655 852 1711 in
887 1669 953 1711 eo
987 1665 1315 1726 argumento
1351 1665 1653 1724 usurpant,
1691 1655 1963 1723 suspicari

373 1743 520 1808 licet.
539 1745 766 1800 alteram
797 1745 920 1801 illos
948 1745 1154 1802 Christi
1173 1754 1409 1801 mentem
1429 1759 1676 1801 asserere
1697 1744 1957 1799 voluisse.

2069 553 2328 608 εδύσατο
2358 555 2635 624 δύναμιν,
2664 557 2764 610 καὶ
2788 555 3120 617 διεζώσατο·
3147 553 3528 624 πληρουμένης
3556 553 3650 605 ἐπὶ

2072 645 2248 717 τούτῳ
2300 647 2394 701 τοῦ
2447 649 2754 717 ἀγιωτάτου
2813 648 3134 702 Ἀποστόλου
3178 648 3277 718 τῆς
3321 646 3524 717 φωνῆς,
3565 646 3646 698 τό·

2072 739 2285 793 οὐκέτι
2323 739 2718 807 ἀποθνήσκει,
2769 741 3025 806 θάνατος
3073 739 3262 794 αὐτοῦ
3305 737 3503 792 οὐκέτι
3542 755 3646 792 κυ-

2061 831 2272 896 ριεύει.
2305 831 2498 883 Τοίνυν
2536 830 2741 884 τούτων
2776 831 2946 895 οὕτως
2987 831 3243 901 ἐχόντων,
3290 828 3565 898 βούλονται
3598 828 3650 879 οἱ

2071 920 2293 989 ἀδελφοὶ
2317 921 2476 991 ήμῶν
2500 923 2580 984 εἰς
2603 923 2947 992 παράστασιν
2971 924 3099 992 ἡμῖν
3121 920 3329 992 φέρειν,
3352 920 3433 971 ὃτι
3463 917 3650 987 Ἡμεῖς

2071 1007 2140 1060 δὲ
2167 1009 2319 1063 νοῦν
2342 1009 2601 1077 Χριστοῦ
2629 1011 2868 1081 ἔχομεν.
2900 1011 3057 1064 Κατὰ
3081 1011 3138 1064 δὲ
3161 1011 3249 1063 τὸν
3271 1009 3426 1077 λόγον
3447 1009 3646 1071 αὑτῶν,

2064 1103 2156 1154 τὸν
2185 1103 2279 1155 ἐπὶ
2308 1105 2374 1174 τῇ
2411 1102 2615 1176 θεωρίᾳ
2652 1106 2824 1178 ταύτῃ
2866 1102 3229 1177 φραζόμενον,
3281 1105 3360 1166 είς
3398 1102 3649 1155 ὑπόνοιαν

2069 1195 2219 1264 ἡμᾶς
2246 1193 2494 1265 φέρουσι,
2535 1195 2609 1267 μὴ
2635 1197 2776 1267 τάχα
2811 1198 3130 1266 νενοήκασιν
3159 1196 3234 1259 ὡς
3269 1195 3364 1248 τοῦ
3398 1193 3488 1248 νοῦ
3528 1193 3646 1246 ἐτέ-

2041 1351 2046 1356 α
2073 1302 2164 1355 ρου
2191 1286 2344 1349 ὄντος
2367 1285 2461 1341 τοῦ
2496 1288 2753 1356 Χριστοῦ.
2790 1289 2852 1341 Ei
2883 1289 2940 1342 δὲ
2963 1289 3022 1341 οὑ
3056 1288 3359 1356 λογίζονται
3390 1286 3547 1350 ὲκτὸς
3572 1279 3651 1338 εῖ-

2073 1396 2161 1432 ναι
2201 1378 2298 1449 τὴν
2339 1379 2571 1451 Θεότητα
2598 1382 2695 1451 τῆς
2730 1381 3216 1452 ὲνανθρωπήσεως,
3253 1379 3388 1433 ἀλλά
3423 1379 3547 1450 μίαν
3573 1375 3650 1432 εἵ-

2068 1489 2155 1524 ναι
2183 1471 2282 1542 τὴν
2315 1474 2650 1544 οἰκονομίαν,
2681 1474 2734 1526 τί
2773 1475 2878 1545 ἄρα
2917 1475 3072 1528 ἔσται
3105 1473 3494 1546 περισσότερον
3523 1471 3649 1536 νοῦς

2067 1559 2306 1632 Χριστοῦ
2339 1565 2367 1616 6
2397 1563 2717 1634 λεγόμενος;
2768 1566 2859 1637 Μὴ
2893 1565 3002 1636 ἄρα
3045 1565 3168 1618 καθ’
3216 1564 3405 1618 ἑαυτὸν
3444 1565 3472 1615 6
3515 1562 3651 1626 Θεὸς

2075 1655 2251 1723 Λόγος
2280 1656 2420 1719 ἐστὶ,
2461 1656 2535 1728 μὴ
2561 1657 2698 1729 ἔχων
2725 1659 2847 1712 νοῦν
2880 1657 3238 1729 ἀνθρώπινον,
3277 1658 3352 1721 ὥς
3382 1674 3563 1725 φασιν.
3589 1656 3649 1707 ὲν

2071 1750 2137 1817 τῇ
2173 1748 2425 1820 ὲνσάρκῳ
2468 1752 2778 1823 παρουσίᾳ;
2824 1750 2967 1804 Νοῦν
3000 1752 3055 1804 δὲ
3094 1752 3280 1821 ἕτερον
3311 1749 3422 1820 ἔχει
3451 1750 3479 1800 6
3509 1746 3647 1818 Χρι-

375 1837 483 1894 Sed
517 1839 561 1895 si
597 1839 939 1898 divinitatem
975 1839 1046 1894 ab
1091 1838 1471 1894 incarnatione
1514 1853 1623 1893 non
1676 1845 1953 1906 separant,

2068 1838 2191 1902 στὸς
2236 1841 2386 1912 παρὰ
2433 1821 2557 1912 τὴν
2585 1821 2748 1896 αὑτοῦ
2805 1844 3104 1906 ὑπόστασιν
3141 1843 3241 1906 τῆς
3279 1841 3561 1910 Θεότητος,
3613 1837 3648 1909 ἢ

373 1931 472 1988 sed
533 1933 757 1992 unicum
810 1947 874 1987 ac
928 1931 1156 2002 simplex
1226 1930 1624 1987 incarnationis
1677 1929 1953 1998 negotium

372 2024 508 2084 illud
536 2039 661 2080 esse
709 2032 924 2094 putant,
971 2023 1102 2094 quid
1135 2023 1354 2078 tandem
1384 2021 1646 2077 eximium
1677 2021 1767 2073 illa
1793 2059 1806 2079 ,
1837 2034 1957 2089 qua:

2065 1931 2522 2001 καταχρηστικῶς
2547 1932 2706 1986 είωθε
2743 1935 2849 1987 πᾶν
2883 1935 3035 2005 ῥῆμα
3060 1934 3363 2004 ὑπέρογκον
3393 1928 3650 1998 λέγεσθαι

2068 2021 2201 2090 ἡμῖν
2234 2023 2315 2085 είς
2348 2025 2693 2095 παράστασιν
2722 2025 2832 2080 τῶν
2863 2030 2920 2080 ὲν
2955 2029 3087 2098 ἡμῖν
3115 2024 3540 2098 πληρουμένωνς

371 2117 597 2181 dicitur,
631 2116 836 2172 Christi
881 2131 1036 2171 mens
1084 2115 1347 2170 habebit?
1394 2114 1476 2166 An
1530 2128 1626 2182 per
1673 2126 1733 2165 se
1778 2109 1957 2180 ipsum
1992 2108 2085 2164 Dei
2120 2108 2360 2167 Verbum
2393 2115 2645 2180 exsistit,
2681 2132 2781 2172 nec
2847 2117 3088 2171 humana
3132 2124 3313 2172 mente
3368 2117 3421 2169 in
3461 2115 3650 2169 incar-

372 2210 592 2266 natione
653 2208 938 2280 prazditum
993 2209 1111 2263 est?
1163 2222 1284 2278 quae
1335 2214 1421 2261 est
1478 2205 1694 2259 illorum
1753 2201 1958 2271 opinio.
2029 2202 2245 2274 1028
2316 2206 2402 2259 An
2453 2207 2560 2260 alia
2613 2218 2810 2278 przeter
2862 2208 3166 2264 divinitatis
3215 2209 3534 2281 hypostasin
3589 2208 3646 2261 in

373 2303 601 2359 Christo
657 2319 813 2358 mens
868 2300 1116 2357 residet?
1159 2300 1242 2353 An
1303 2298 1487 2369 potius
1535 2295 1834 2365 Scriptum
1875 2292 1965 2346 ille
1997 2307 2118 2348 mos
2144 2304 2250 2361 est,
2285 2303 2344 2348 ut
2366 2295 2432 2350 ad
2464 2311 2529 2349 ea
2561 2312 2683 2366 quae
2716 2298 2771 2353 in
2807 2299 2965 2354 nobis
3010 2308 3296 2370 geruntur,
3347 2299 3418 2354 ob
3459 2299 3649 2354 oculos

373 2397 632 2468 ponenda
664 2394 1056 2467 grandioribus
1085 2391 1267 2446 verbis
1296 2388 1518 2442 utatur?

451 2487 691 2544 XXXIV.
723 2487 858 2542 Nam
894 2489 939 2544 si
974 2503 1097 2542 vere
1128 2484 1277 2554 loqui
1318 2484 1572 2537 volumus
1599 2521 1613 2542 ,
1642 2482 1766 2550 pius
1803 2477 1964 2549 quili-

373 2585 466 2642 bet
493 2583 661 2638 vitam
699 2596 856 2636 suam
907 2595 1015 2633 non
1047 2593 1113 2633 ex
1153 2577 1393 2630 humana
1433 2581 1615 2628 mente
1671 2578 1961 2639 temperat,

371 2676 470 2736 sed
500 2691 568 2730 ex
593 2689 658 2732 ea
698 2689 822 2742 qua:
848 2670 1055 2727 Christi
1092 2669 1312 2740 propria
1344 2675 1451 2732 est,
1498 2678 1727 2736 quaeque
1760 2663 1828 2717 ab
1865 2677 1960 2716 eo-

371 2770 496 2823 dem
529 2766 796 2838 sapientia
823 2764 1100 2834 repletur,
1123 2777 1247 2832 qua:
1279 2759 1503 2814 Christo
1534 2765 1760 2828 propter
1790 2753 1956 2824 justi-

373 2861 509 2913 tiam
560 2857 918 2920 attribuitur,
977 2869 1099 2925 quae
1150 2869 1245 2923 per
1281 2851 1402 2907 ﬁdei
1452 2849 1850 2921 professionem
1905 2846 1961 2898 in

370 2950 597 3006 Christo
635 2948 810 3012 vivit,
854 2962 978 3017 quae
1009 2947 1366 3002 honestorum
1405 2957 1632 3012 operum
1681 2940 1961 2994 funCtione

371 3060 473 3113 per
521 3042 807 3098 Christum
867 3041 1102 3101 salutem
1163 3037 1495 3107 assequitur.
1549 3033 1674 3088 Haec
1725 3040 1808 3088 est
1869 3031 1958 3084 illa

368 3135 580 3192 Christi
617 3149 794 3196 mens,
838 3147 961 3202 qua:
993 3132 1073 3185 sic
1125 3130 1179 3183 in
1232 3128 1390 3188 nobis
1431 3127 1613 3181 inesse
1663 3130 1864 3194 potest,
1899 3130 1959 3175 ut

369 3228 653 3282 Christum
685 3226 825 3281 certi
851 3225 1087 3293 alicujus
1107 3222 1209 3279 loci
1233 3221 1457 3290 regione
1482 3217 1705 3272 minime
1728 3218 1962 3269 circum-
1989 3200 2036 3261 C

368 3321 600 3382 scribat.
625 3318 761 3374 Nam
790 3319 996 3388 ubique
1028 3323 1158 3372 sunt
1187 3314 1367 3378 Pater,
1393 3320 1446 3368 et
1471 3311 1664 3373 Filius,
1698 3317 1752 3362 et
1780 3307 1957 3378 Spiri-

370 3426 463 3472 tus
486 3421 734 3477 sanctus,
763 3419 818 3468 et
853 3411 1088 3482 spiritali
1122 3407 1361 3479 quodam
1403 3406 1567 3460 modo
1607 3405 1662 3458 in
1687 3403 1844 3457 nobis
1863 3417 1961 3455 ex-

369 3510 602 3574 sistunt,
647 3507 693 3562 si
716 3506 824 3561 illis
848 3520 972 3561 esse
995 3503 1146 3574 digni
1177 3503 1428 3556 velimus.
1470 3499 1657 3569 Neque
1683 3513 1809 3553 vero
1839 3497 1960 3552 loco

370 3599 487 3653 ullo
531 3597 617 3652 vel
660 3597 781 3665 ipse
831 3594 1201 3655 concluditur,
1265 3591 1348 3646 vel
1407 3590 1582 3660 ipsius
1634 3588 1814 3651 Pater,
1866 3595 1960 3641 aut

373 3689 617 3760 Spiritus
645 3698 894 3750 sanctus.
932 3685 1026 3742 sed
1061 3693 1282 3755 propter
1311 3683 1616 3738 divinitatis
1658 3682 1832 3752 ipsius
1863 3695 1960 3750 po-

369 3780 601 3836 tentiam
644 3779 701 3832 in
755 3777 1015 3832 omnibus
1063 3775 1323 3839 exsistit;
1377 3786 1554 3841 neque
1596 3778 1779 3824 tamen
1832 3782 1958 3822 cum

371 3871 484 3927 ulla
534 3870 799 3926 miscetur
824 3909 840 3935 ,
875 3869 1022 3938 quod
1068 3874 1124 3922 et
1164 3866 1312 3920 illius
1353 3862 1660 3920 substantia
1711 3875 1958 3915 commu-

371 3963 592 4022 nionem
619 3975 837 4016 omnem
881 3974 945 4014 ac
1003 3958 1470 4028 comparationem
1497 3963 1736 4025 superet,
1765 3960 1820 4008 et
1846 3954 1960 4007 sin-

375 4069 507 4110 cera
557 4053 631 4108 sit
676 4060 841 4122 atque
887 4051 1038 4106 omni
1089 4051 1265 4119 major
1299 4047 1794 4119 comprehensione
1823 4046 1960 4101 divi—

371 4145 682 4202 nitas.Cum
699 4152 881 4200 autem
897 4143 1032 4198 dicit
1046 4143 1373 4213 Apostolus:
1393 4139 1506 4194 Nos
1523 4139 1723 4196 Christi
1738 4146 1960 4194 mentem

379 4237 668 4300 habemus,
718 4236 850 4306 quid
917 4234 1136 4290 tandem
1172 4232 1642 4290 existimabimus?
1678 4229 1817 4284 Num
1870 4229 1961 4284 ille

371 4329 689 4400 propriam,
721 4328 826 4382 hoc
871 4334 956 4383 est
1002 4327 1296 4381 humanam
1346 4334 1582 4382 mentem
1623 4321 1850 4382 habuit?
1877 4322 1959 4380 An

370 4421 580 4477 Christi
630 4429 867 4476 mentem
927 4421 983 4474 in
1037 4435 1161 4476 sese
1201 4418 1422 4480 ferens,
1463 4417 1666 4472 amissa
1715 4415 1956 4486 pr0pria,

369 4514 494 4584 ejus
528 4513 676 4566 illam
715 4513 837 4567 loco
875 4512 1185 4568 obtinuisse
1219 4509 1497 4580 putandus
1532 4509 1656 4564 est?
1692 4506 1812 4562 Non
1843 4509 1956 4578 opi-

372 4619 516 4669 nor;
564 4618 664 4658 nec
691 4611 776 4658 est
813 4604 1136 4672 quisquam,
1168 4601 1263 4671 qui
1305 4600 1418 4655 haec
1461 4600 1682 4662 audiat,
1722 4598 1818 4668 qui
1849 4614 1960 4651 non

373 4697 709 4767 peculiarem
755 4696 832 4749 illi
885 4694 1058 4750 fuisse
1112 4702 1348 4750 mentem
1403 4692 1721 4754 arbitretur,
1766 4697 1964 4761 praeter

371 4803 538 4858 quam
571 4787 778 4843 Christi
811 4801 1031 4856 quoque
1073 4795 1258 4841 mente
1295 4785 1620 4854 repleretur,
1655 4783 1748 4852 qui
1782 4797 1841 4836 se
1879 4797 1965 4835 re-

372 4871 614 4948 ligionis,
652 4879 897 4935 scientiae
951 4893 1014 4933 ac
1043 4877 1242 4938 divinae
1311 4876 1598 4946 cujusdam
1639 4883 1692 4929 et
1723 4874 1966 4932 caelestis

370 4972 501 5025 vita:
530 4971 872 5027 ornamentis
913 4971 1170 5026 alliceret.
1207 4969 1554 5038 Quapropter
1581 4967 1648 5031 si,
1688 4981 1811 5019 cum
1839 4980 1965 5033 pro-

373 5065 551 5137 priam
597 5064 845 5126 haberet,
877 5063 1080 5117 Christi
1131 5063 1356 5132 insuper
1403 5061 1494 5113 ille
1525 5065 1768 5114 mentem
1809 5073 1962 5112 com-

375 5161 570 5229 plexus
611 5167 718 5221 est,
759 5172 1109 5227 consequens
1141 5166 1245 5217 est,
1282 5154 1565 5210 Christum
1610 5153 1788 5222 ipsum
1825 5149 1961 5206 Ver-

374 5251 505 5304 bum
531 5260 770 5304 mentem
795 5260 918 5304 esse
943 5290 958 5312 ,
991 5248 1037 5303 si
1065 5247 1285 5317 quidem
1325 5247 1400 5300 ita
1423 5245 1571 5315 loqui
1597 5245 1745 5300 licet.
1779 5244 1962 5309 Quan-

373 5343 672 5416 doquidem
718 5342 999 5397 nonnullis
1045 5343 1224 5398 visum
1272 5348 1357 5396 est
1402 5347 1638 5394 mentem
1685 5339 1960 5408 appellare

376 5435 568 5496 Deum.
609 5434 722 5504 Ego
764 5451 898 5490 vero
923 5442 1167 5488 mentem
1196 5440 1442 5486 nostram
1490 5432 1810 5501 hypostasin
1839 5446 1962 5486 esse

375 5545 486 5591 non
506 5529 767 5595 arbitror,
781 5544 960 5599 neque
979 5544 1043 5582 ex
1068 5525 1326 5581 Ecclesiae
1346 5524 1469 5579 ﬁliis
1490 5525 1629 5579 alius
1647 5525 1959 5593 quisquam,

377 5621 476 5682 sed
538 5620 887 5676 efﬁcientiam
938 5618 1255 5690 quamdam,
1309 5631 1431 5686 quae
1465 5616 1519 5668 in
1571 5615 1730 5669 nobis
1775 5630 1804 5667 a
1852 5613 1963 5669 Deo

458 5780 472 5819 ³
513 5775 645 5836 Gen.
688 5793 835 5843 xmx,
865 5777 916 5833 9.
995 5778 1013 5809 ²
1041 5775 1186 5834 Psal.
1219 5790 1348 5842 xcu,
1387 5776 1436 5831 1.

2139 2473 2258 2527 ΛΔ’.
2303 2475 2414 2527 Καὶ
2445 2475 2554 2546 γὰρ
2594 2475 2674 2546 τῷ
2715 2475 2814 2546 μὲν
2845 2476 2960 2530 δντι
2989 2479 3096 2540 πᾶς
3130 2477 3388 2550 Θεοσεϐὴς
3416 2482 3476 2533 οὑ
3509 2483 3651 2536 κατὰ

2066 2565 2157 2619 τὸν
2201 2563 2327 2618 νοῦν
2372 2567 2464 2619 τὸν
2514 2566 2858 2639 ἀνθρώπινον
2913 2570 3276 2636 πολιτεύεται,
3325 2571 3460 2625 ἀλλὰ
3513 2574 3651 2627 κατά

2063 2657 2156 2708 τὸν
2187 2657 2280 2710 τοῦ
2309 2657 2568 2728 Χριστοῦ,
2611 2658 2702 2712 τὸν
2739 2659 2844 2712 ὑπὸ
2904 2660 3139 2731 Χριστοῦ
3178 2661 3552 2734 πληρούμενον
3582 2667 3647 2735 τῇ

2067 2749 2302 2811 συνέσει,
2341 2749 2433 2802 τὸν
2483 2749 2630 2802 κατά
2663 2751 2754 2804 τὸν
2785 2752 3022 2822 Χριστὸν
3071 2753 3417 2824 λογιζόμενον
3466 2757 3525 2808 ὲν
3572 2757 3651 2809 δι-

2069 2843 2354 2917 καιοσύνῃ,
2385 2845 2478 2898 τὸν
2513 2847 2571 2900 ὲν
2605 2846 2832 2917 Χριστῷ
2864 2847 3326 2918 πεπολιτευμένον
3361 2852 3427 2920 τῇ
3462 2849 3650 2920 ὁμαλοο

2069 2937 2186 3007 γίᾳ,
2226 2937 2318 2990 τὸν
2345 2937 2436 2992 διὰ
2463 2938 2700 3010 Χριστὸν
2729 2940 3036 3010 σωζόμενον
3062 2940 3120 2993 ὲν
3143 2943 3208 3011 τῇ
3235 2941 3646 3012 δικαιοπραγίᾳ.

2070 3025 2240 3094 Οὗτος
2275 3031 2386 3102 γάρ
2415 3034 2565 3087 ἐστιν
2599 3034 2627 3085 ὁ
2655 3033 2780 3097 νοῦς
2818 3031 3081 3105 Χριστοῦ,
3114 3035 3143 3086 6
3175 3035 3233 3086 ὲν
3257 3035 3388 3104 ἡμῖν
3413 3032 3649 3104 δυνάμε-

2066 3144 2154 3189 νος
2181 3122 2341 3192 εἶναι,
2388 3128 2481 3180 xui
2509 3129 2568 3180 ἐν
2604 3126 2754 3197 τόπῳ
2780 3127 3112 3198 περιεκτικῷ
3154 3126 3245 3180 τὸν
3287 3127 3520 3200 Χριστὸν
3574 3129 3649 3198 μὴ

2068 3221 2336 3290 κατέχειν.
2365 3221 2546 3291 Πάντη
2575 3221 2684 3292 γάρ
2719 3222 2864 3272 ἐστιν
2897 3221 2925 3272 6
2953 3221 3165 3292 Πατὴρ,
3197 3223 3290 3274 xui
3317 3224 3346 3274 6
3378 3221 3528 3285 Υἱὸς,
3558 3222 3653 3275 xui

2069 3312 2226 3381 ἅγιον
2259 3312 2508 3382 Πνεῦμα,
2546 3314 2640 3366 xui
2680 3316 2737 3366 ἐν
2781 3314 2912 3383 ἡμῖν
2953 3313 3188 3384 ὑπάρχει
3238 3313 3648 3386 πνευματικῶς,

2070 3405 2165 3457 ἐὰν
2190 3404 2356 3457 αὑτοῦ
2383 3404 2520 3470 ἄξιοι
2554 3405 2857 3476 γενώμεθα·
2901 3405 2961 3459 οῦ
2994 3424 3141 3470 τινος
3177 3407 3345 3461 τόπου
3375 3408 3650 3478 περικλεί-

2071 3513 2224 3559 οντος
2254 3496 2436 3560 αὑτὸν,
2462 3497 2555 3550 xui
2585 3498 2676 3550 τὸν
2702 3497 2867 3553 αὑτοῦ
2894 3499 3136 3569 Πατέρα,
3171 3501 3266 3552 καὶ
3293 3501 3354 3552 τὸ
3376 3499 3530 3568 ἆγιον
3555 3501 3651 3554 αὑ-

2068 3587 2163 3640 τοῦ
2211 3587 2458 3658 Πνεῦμα’
2494 3591 2560 3660 τῇ
2604 3589 2661 3642 δὲ
2703 3590 2930 3660 δυνάμει
2969 3591 3071 3662 τῆς
3101 3590 3266 3645 αὑτοῦ
3307 3592 3557 3663 θεότητος
3594 3595 3650 3645 ἐν

2069 3678 2241 3731 ἆπασι
2275 3678 2561 3747 τυγχάνων
2604 3680 2742 3745 ἐστὶ,
2785 3681 2880 3735 xui
2909 3681 3118 3753 ἀμιγὴς
3146 3683 3366 3736 πάντων
3393 3683 3532 3746 ἐστὶ,
3559 3684 3652 3737 διὰ

2068 3767 2170 3839 τὴν
2187 3769 2349 3822 αὑτοῦ
2373 3770 2851 3842 ἀσυγκοινώνητόν
2875 3789 2933 3825 τε
2962 3774 3056 3826 καὶ
3081 3774 3412 3845 ἀσύγκριτον
3440 3775 3648 3842 οὐσίαν,

2075 3861 2168 3915 xui
2211 3863 2488 3934 ἀκραιφνῆ
2535 3864 2628 3916 καὶ
2672 3865 3054 3935 ἀκατάληπτον
3092 3866 3339 3936 θεότητα.
3405 3867 3573 3920 Ὅταν
3604 3868 3649 3920 δ’

2068 3957 2198 4030 εἴπῃ
2244 3961 2272 4010 6
2317 3957 2656 4020 Ἀπόστολος·
2700 3958 2890 4026 Ἡμεῖς
2930 3957 2998 4010 δὲ
3025 3957 3177 4011 νοῦν
3213 3957 3472 4027 Χριστοῦ
3512 3958 3650 4027 ἐχο-

2061 4067 2197 4119 μεν’
2228 4045 2340 4121 ἆρά
2372 4065 2436 4117 γε
2471 4050 2523 4102 τί
2569 4049 2930 4121 λογισόμεθα;
2967 4046 3096 4120 Εἶχε
3125 4050 3217 4103 τὸν
3261 4050 3391 4104 ἴδιον
3436 4049 3650 4122 ἀνθρὼ-

2069 4156 2254 4206 πινον;
2291 4143 2359 4194 Ἢ
2389 4141 2484 4193 τοῦ
2519 4139 2755 4212 Χριστοῦ
2799 4140 3207 4212 ἐμφορούμενος
3240 4140 3385 4207 νοῦν,
3425 4140 3515 4193 τὸν
3551 4139 3651 4211 μὲν

2070 4232 2202 4284 ίδιον
2255 4231 2613 4295 ἁπεὸἁλλετο,
2660 4232 2786 4286 νοῦν
2830 4231 2886 4284 δὲ
2933 4231 3171 4303 Χριστοῦ
3209 4227 3354 4303 εἶχεν
3388 4233 3510 4289 ἀντὶ
3552 4232 3649 4286 τοῦ

2073 4324 2238 4388 ἰδίου;
2271 4324 2346 4377 Οὑ
2373 4323 2609 4387 πάντως.
2647 4323 3108 4394 Συνομολογήσειε
3137 4323 3246 4396 γὰρ
3277 4324 3505 4388 ἕκαστος
3541 4324 3652 4378 τῶν

2073 4414 2401 4478 ἀκουόντων,
2438 4416 2522 4468 ὅτι
2562 4415 2654 4468 τὸν
2696 4415 2794 4485 μὲν
2833 4414 2960 4467 ἴδιον
2998 4410 3135 4485 εἶχε,
3177 4415 3270 4468 τοῦ
3312 4434 3371 4469 τε
3413 4416 3650 4488 Χριστοῦ

2072 4507 2403 4578 ἐνεφορεῖτο,
2438 4506 2531 4560 τοῦ
2565 4508 2942 4577 κοσμήσαντος
2968 4507 3130 4560 αὑτὸν
3161 4508 3302 4562 κατὰ
3336 4508 3434 4580 τὴν
3467 4508 3652 4563 Θεοσέη

2077 4601 2232 4653 σειαν
2255 4600 2349 4652 xui
2372 4598 2595 4666 γνῶσιν,
2621 4600 2716 4652 καὶ
2742 4599 2878 4653 Θεοῦ
2916 4601 3192 4654 πολιτείαν
3223 4602 3562 4673 ἐπουράνιον.
3591 4603 3654 4657 El

2073 4689 2273 4753 τοίνυν,
2301 4689 2390 4743 τὸν
2416 4689 2545 4743 ἴδιον
2570 4691 2709 4761 ἔχων
2739 4691 2885 4754 νοῦν,
2909 4693 3148 4764 Χριστοῦ
3179 4693 3484 4763 ἐνεφορεῖτο
3505 4692 3650 4760 νοῦν,

2068 4785 2176 4856 ἀρα
2216 4801 2281 4852 γε
2329 4784 2424 4836 xui
2466 4783 2704 4854 Χριστὸς
2744 4783 2906 4849 αὑτὸς
2942 4787 2971 4838 ὁ
3019 4786 3191 4854 Λόγος
3237 4785 3358 4848 νοῦς
3391 4782 3478 4857 ἦν’
3511 4787 3649 4854 εἴγε

2069 4879 2242 4943 οὕτως
2265 4878 2329 4949 δὴ
2350 4879 2548 4948 λέγειν’
2575 4879 2762 4950 ἐπειδὴ
2784 4895 2894 4932 τισι
2917 4879 3075 4933 τοῦτο
3102 4879 3269 4944 ἔδειξε
3287 4881 3307 4911 ⁸
3324 4879 3446 4934 νοῦν
3467 4879 3652 4934 καλεῖν

2074 4970 2229 5024 Θεόν.
2276 4969 2421 5038 Ἐγὼ
2449 4971 2506 5022 δὲ
2537 4971 2627 5023 τὸν
2657 4969 2782 5023 νοῦν
2810 4971 2899 5023 τὸν
2928 4971 3194 5042 ἡμέτερον
3227 4971 3323 5041 οὐχ
3354 4971 3653 5026 ὑπόστασιν

2069 5063 2331 5133 ἠγοῦμαι,
2386 5062 2507 5116 οὑδέ
2560 5079 2642 5125 τις
2690 5060 2798 5116 τῶν
2841 5062 2971 5115 υἱῶν
3011 5063 3114 5133 τῆς
3151 5063 3498 5134 Ἐκκλησίας,
3535 5061 3649 5114 ἀλλ’

2068 5154 2348 5226 ἐνέργειαν
2377 5170 2497 5206 τινα
2524 5154 2588 5207 ὲκ
2607 5153 2740 5206 Θεοῦ
2765 5154 2822 5206 ὲν
2843 5156 2976 5225 ἡμῖν
3000 5153 3290 5225 δεδομένην
3316 5201 3318 5204 .
3343 5154 3436 5208 καὶ
3461 5149 3646 5208 οὖσαν.

2070 5245 2174 5298 Τὸν
2209 5246 2266 5298 δὲ
2295 5243 2530 5313 Χριστὸν
2565 5243 2863 5298 ὑπόστασιν
2895 5242 3059 5312 λέγω,
3095 5243 3170 5307 ὡς
3203 5244 3296 5297 xui
3324 5243 3523 5306 πάντες
3555 5261 3648 5295 πι-

2073 5339 2189 5390 στοὶ
2211 5335 2555 5407 ὁμολογοῦσι,
2589 5336 2684 5390 καὶ
2705 5335 2836 5388 Θεὸν
2869 5335 3138 5407 ὁμολογῶ,
3169 5337 3262 5389 xui
3293 5337 3423 5389 ὅντα
3446 5336 3651 5408 Κύριον

2069 5434 2133 5484 ἐκ
2154 5431 2368 5502 Πατρὸς
2389 5431 2811 5501 γεγεννημένον,
2839 5429 3044 5483 τέλειον
3071 5431 3136 5482 ὲκ
3167 5427 3393 5490 τελείου,
3418 5428 3512 5481 xui
3534 5427 3650 5496 φῶς

2063 5523 2128 5575 ἐκ
2172 5522 2368 5590 φωτὸς,
2416 5523 2510 5574 καὶ
2543 5521 2676 5574 Θεὸν
2709 5523 2772 5574 ἐκ
2804 5521 2962 5575 Θεοῦ.
3010 5520 3147 5574 Ἀλλ’
3195 5521 3344 5590 ὅμως
3385 5521 3526 5573 κατά
3558 5519 3651 5573 τὸν

2064 5613 2243 5666 αὑτῶν
2274 5612 2452 5680 λόγον,
2496 5614 2524 5664 ὁ
2571 5611 2651 5665 ’ὢν
2695 5614 2755 5664 ὲν
2799 5613 2978 5684 ἑαυτῴ
3027 5612 3170 5676 νοῦς,
3217 5611 3403 5684 ὥσπερ
3439 5612 3467 5664 6
3495 5610 3649 5681 ἅγιος

1517 5774 1535 5807 ³
1560 5771 1719 5834 Rom.
1747 5790 1819 5842 νι,
1846 5772 1898 5830 9.
1979 5773 1999 5807 δ
2028 5771 2049 5830 l
2078 5773 2203 5832 Cor.
2237 5789 2297 5838 ιι,
2333 5771 2416 5828 16.
2494 5773 2514 5804 ⁸
2547 5770 2607 5828 F.
2637 5771 2801 5842 ἔδοξε.
