4134 6392
516 290 622 347 695
1209 294 1585 354 ADVERSUS
1621 299 1787 355 "AER
1797 301 1963 360 ESES
2001 304 2102 360 LIB

2208 309 2246 365 i.
2279 299 2440 366 ΤΟΜ.
2486 310 2550 366 li.
2573 311 2934 369 —H£RES.
2970 312 3225 369 LXXVII.
3695 319 3804 376 σοι

527 406 854 472 Ἀπόστολος
877 407 1115 464 διδάσκει
1142 413 1269 484 περὶ
1291 414 1483 475 αὐτοῦ,
1516 416 1596 468 ὃτι
1631 411 1834 487 Ἡμεῖς
1851 419 1919 472 δὲ
1947 420 2100 475 νοῦν

2209 441 2470 482 concessa
2516 430 2774 484 resideat.
2828 429 3102 486 Christum
3142 444 3274 484 vero
3321 429 3636 501 hypostasin
3674 446 3803 487 esse

512 499 773 566 Χριστοῦ
804 499 1044 570 ἔχομεν,
1075 497 1224 573 εἶχεν
1257 506 1421 569 αὐτὸς
1447 508 1541 560 κα)¹
1569 510 1618 560 oi
1644 510 1734 562 ὑπ’
1763 509 1930 564 αὑτοῦ
1964 529 2102 584 μαρ-

2211 515 2357 580 dico,
2391 526 2525 574 utet
2557 518 2740 575 ﬁdeles
2769 535 2960 576 omnes
2989 521 3320 577 conﬁtentur
3398 497 3454 577 et
3479 520 3646 577 Deum
3674 538 3801 578 esse

511 591 840 662 τυρούμενοι
867 593 957 648 τὸν
989 595 1119 649 ἴδιον
1157 598 1371 652 ἑαυτῶν
1402 601 1544 655 νοῦν.
1589 603 1712 656 Καὶ·
1725 603 1890 658 πάλιν
1918 605 2102 674 ἐνεφο-

2213 610 2492 678 protiteor.
2517 625 2580 665 ac
2615 610 2903 667 Dominum
2932 627 2960 666 a
2999 611 3162 667 Patre
3196 613 3460 684 genitum,
3495 613 3796 683 perfectum

519 682 714 756 ροῦντο
739 684 834 738 τοῦ
868 687 1110 758 Χριστοῦ
1145 688 1260 753 νοῦ,
1301 690 1475 756 οὕτως
1512 693 1820 768 δυναμένης
1872 697 1974 768 τῆς
2005 699 2106 770 χά-

517 789 665 844 ριτος
687 775 852 829 αὐτοῦ
883 779 941 829 ὲν
972 778 1188 844 ἑαυτοῖς
1211 781 1570 838 τελειοῦσθαι.

2211 713 2242 753 e
2267 699 2533 770 perfecto,
2572 703 2755 757 lumen
2790 703 2856 759 de
2882 705 3109 770 lumine,
3141 703 3308 758 Deum
3333 705 3399 759 de
3422 703 3549 759 Deo.
3574 704 3800 759 Verum-

2212 799 2394 846 tamen
2429 809 2496 848 ex
2525 795 2715 850 eadem
2750 798 2961 852 ratione
2999 797 3090 852 ille
3120 798 3254 867 ipse,
3286 797 3380 868 qui
3407 798 3462 851 in
3491 798 3798 856 sese'mens

510 875 652 930 erat,
697 874 756 922 ut
777 869 845 924 de
881 870 976 924 illo
1009 880 1239 942 sanctus
1269 873 1569 944 Apostolus
1597 878 1794 942 docet,
1836 897 1961 935 cum
1995 884 2112 937 ait:
2157 881 2273 938 Nos
2331 894 2507 940 autem
2554 886 2755 941 Christi
2814 898 3035 943 mentem
3083 889 3364 953 habemus,
3408 889 3642 943 habebat
3685 899 3796 943 tam

517 958 638 1029 ipse
670 975 835 1030 quam
874 961 933 1026 ii,
967 962 1036 1018 de
1058 965 1260 1034 quibus
1301 967 1648 1032 testificatur,
1704 973 1983 1043 propriam
2023 975 2132 1030 sibi
2193 985 2456 1032 mentem.
2519 979 2735 1050 1029
2786 979 2864 1034 Ac
2918 997 3136 1036 rursum
3176 981 3382 1036 Christi
3449 998 3606 1038 mens
3666 983 3795 1038 illos

513 1050 796 1122 implebat,
866 1069 989 1108 cum
1018 1055 1120 1109 hoc
1155 1057 1318 1111 modo
1351 1059 1499 1115 illius
1531 1062 1585 1115 in
1623 1063 1758 1132 ipsis
1791 1067 1967 1135 gratia
1993 1069 2184 1137 perlici
2206 1076 2406 1139 posset.

583 1142 706 1199 AE'.
755 1147 895 1218 Ἀρα
924 1141 1019 1199 οὖν
1049 1148 1200 1202 οὐδὲν
1233 1149 1421 1204 διοίσει
1447 1154 1556 1207 ἀπὸ
1594 1155 1690 1208 τοῦ
1732 1157 2102 1231 κατάντικρυς

2278 1159 2498 1216 XXXV.
2541 1160 2685 1216 Nihil
2733 1163 2896 1233 igitur
2957 1179 2986 1217 a
3042 1165 3318 1234 proposita
3371 1167 3793 1222 similitudinum

510 1235 864 1308 ὁμοιώματος
884 1237 946 1291 τὸ
973 1239 1066 1291 καὶ
1095 1240 1187 1292 ἐπὶ
1216 1241 1453 1312 Χριστοῦ
1480 1243 1641 1298 τοῦτο
1670 1244 1995 1316 λαμϐάνειν,
2019 1249 2102 1301 ὅτι

2206 1252 2486 1317 abhorret,
2519 1254 2661 1308 idem
2699 1263 2757 1308 ut
2790 1256 2855 1310 ad
2891 1255 3172 1310 Christum
3204 1258 3605 1314 transferamus
3636 1277 3795 1314 eum-

515 1327 750 1398 Χριστὸς
779 1328 854 1384 ὢν
897 1330 956 1382 ὲν
990 1331 1170 1402 ἑαυτῷ
1201 1331 1354 1397 Θεὸς,
1403 1336 1452 1387 εί
1493 1337 1588 1390 καὶ
1627 1341 1843 1409 μετεῖχε
1875 1339 1966 1393 νοῦ
2009 1341 2102 1394 ἀν-

2205 1358 2312 1414 que
2333 1350 2662 1407 statuamus,
2713 1359 2837 1398 cum
2892 1343 2945 1397 in
3003 1359 3124 1399 sese
3163 1343 3306 1399 Deus
3343 1354 3523 1411 esset,
3572 1347 3794 1401 tametsi

513 1418 814 1490 θρωπίνου,
854 1419 930 1483 ὼς
963 1421 1059 1474 καὶ
1091 1423 1295 1493 σαρκὸς
1331 1425 1565 1496 μετέσχε
1590 1427 1686 1480 καὶ
1725 1427 1978 1500 αἵματος,
2007 1431 2102 1484 καὶ

2205 1434 2409 1488 mentis
2468 1441 2616 1489 eSSet
2669 1435 2924 1489 humanae
2976 1435 3279 1506 particeps,
3330 1437 3794 1504 quemadmodum

512 1510 691 1582 ψυχὴν
715 1508 829 1582 εἶχε
855 1511 954 1584 τὴν
984 1512 1356 1586 ἀνθρωπείαν,
1384 1517 1445 1570 ού
1478 1516 1696 1584 πάντως
1723 1520 1832 1574 ἀπὸ
1857 1520 1950 1573 τοῦ
1983 1522 2102 1585 νοὸς

2205 1527 2386 1582 carnis
2439 1541 2502 1582 ac
2561 1528 2846 1598 sanguinis
2906 1527 3028 1589 fuit,
3079 1537 3134 1583 et
3209 1529 3504 1583 humanam
3564 1530 3792 1585 haberet

512 1605 959 1676 ᾐχμαλωτεύετοο
1010 1609 1074 1661 Εἰ
1103 1607 1213 1680 γὰρ
1241 1611 1269 1663 ὁ
1303 1611 1443 1664 κατὰ
1475 1611 1637 1681 φύσιν
1675 1613 1806 1666 ἴδιον
1847 1614 1971 1667 νοῦν
2005 1632 2098 1669 κε-

2208 1619 2471 1682 animam,
2510 1620 2662 1674 nullo
2701 1628 2881 1674 tamen
2911 1621 3075 1675 modo
3115 1621 3184 1676 ab
3213 1636 3275 1677 ea
3307 1633 3487 1677 mente
3519 1621 3572 1675 in
3614 1623 3793 1692 capti-

514 1696 798 1786 κτημένοςὶ
829 1698 1153 1764 Ἀπόστολος
1199 1701 1290 1754 τὸν
1338 1702 1704 1775 ἀνθρώπινον,
1757 1707 1852 1758 καὶ
1896 1706 1989 1760 τὸν
2035 1709 2101 1761 ὲκ

2208 1711 2452 1777 vitalem,
2515 1720 2576 1766 ut
2628 1712 2702 1765 ita
2758 1713 2959 1774 dicam,
3003 1727 3069 1768 ac
3123 1714 3444 1770 servitutem
3484 1715 3790 1768 redactum.

515 1781 868 1861 συμμετοχῆς
914 1790 1144 1864 δωρεᾶς,
1194 1794 1288 1846 καὶ
1333 1797 1696 1868 χαρίσματος,
1747 1800 1841 1852 καὶ
1880 1799 2100 1870 χάριτος

2206 1799 2342 1856 Nam
2392 1802 2438 1856 si
2473 1801 2768 1872 Apostolus
2795 1842 2810 1867 ,
2862 1803 2951 1858 cui
2989 1804 3208 1874 propria
3263 1804 3513 1874 quaedam
3563 1821 3718 1860 mens
3761 1821 3793 1859 a

508 1883 698 1938 οὐκέτι
722 1886 866 1938 κατὰ
887 1885 977 1939 τὸν
998 1885 1124 1940 νοῦν
1143 1888 1234 1940 τὸν
1253 1889 1382 1942 ἴδιον
1409 1890 1769 1958 ἐπολιτεύετο,
1799 1893 1911 1946 ἀλλ’
1940 1895 2102 1965 ὑπερ-

2205 1900 2405 1947 natura
2462 1901 2582 1948 erat
2625 1894 2815 1958 insita,
2857 1894 3094 1950 humana
3154 1896 3408 1951 videlicet
3463 1910 3526 1950 ac
3596 1905 3794 1967 praeter

513 1976 774 2048 ϐαινούσῃ
799 1979 908 2030 τινὶ
936 1977 1154 2048 φύσεως
1183 1982 1374 2052 ἀγωγῇ
1406 1982 1485 2053 τῷ
1507 1984 1744 2056 Χριστοῦ
1776 1985 1852 2056 νῷ
1880 2003 2101 2041 κατεκο-

2205 1985 2377 2056 ipsam
2419 1986 2546 2051 alia,
2579 2001 2741 2057 quam
2774 2002 2840 2042 ex
2870 1988 3114 2043 caelestis
3147 1987 3274 2042 doni
3309 2003 3372 2042 ac
3400 1989 3589 2058 gratiae
3621 1989 3792 2044 bene-

514 2071 724 2139 σμεῖτοο
758 2070 910 2140 πόσῳ
939 2087 1002 2139 γε
1039 2071 1239 2141 μᾶλλον
1263 2073 1291 2124 ό
1320 2072 1454 2136 Θεὸς
1474 2074 1649 2143 Λόγος
1678 2077 1736 2128 ὲν
1765 2075 1943 2148 ἑαυτῷ
1961 2077 2102 2148 ἔχων

511 2160 611 2232 τὴν
638 2163 820 2216 πᾶσαν
849 2161 1164 2234 τελειότητα
1198 2165 1538 2229 αύτοτέλειος
1578 2165 1676 2232 ὢν,
1721 2168 1979 2234 αὐτόθεος
2002 2169 2098 2236 ὢν,

509 2253 894 2324 αὑτοδύναμις,
939 2253 1220 2318 αύτονοῦς,
1262 2256 1537 2326 αύτόφως,
1581 2252 1813 2312 καὶτοῦ
1849 2260 1965 2326 νοῦ,
2007 2263 2102 2316 καὶ

512 2343 715 2408 παντὸς
763 2343 1013 2415 σώματος
1050 2345 1343 2419 πληρωτὴς
1388 2347 1623 2417 ἐγένετο,
1670 2351 1868 2422 μᾶλλον
1914 2352 1969 2406 δὲ
2009 2370 2102 2406 τε·

511 2434 763 2507 λειωτὴς,
798 2437 893 2490 καὶ
921 2439 979 2491 ὲν
1008 2437 1180 2492 ἅπασι
1221 2437 1312 2492 διὰ
1351 2439 1451 2510 τῆς
1495 2440 1658 2494 αὐτοῦ
1693 2443 1961 2515 ὲνσάρκου
1997 2463 2103 2500 πα-

512 2529 736 2601 ρουσίας
762 2530 896 2600 ἡμῖν
924 2529 986 2582 τὸ
1008 2532 1277 2602 σωτήριον
1307 2531 1692 2602 ὲξειργάσατος
1726 2535 2101 2604 Παρενεκτέον

509 2621 690 2675 τοίνυν
726 2620 818 2674 τὸν
849 2620 1093 2675 τοιοῦτον
1123 2621 1302 2692 λόγον,
1350 2623 1425 2696 μὴ
1471 2623 1665 2695 ἔχοντα
1699 2625 1935 2698 ἔμφασιν
1974 2631 2103 2702 περὶ

510 2713 610 2783 τῆς
637 2712 897 2784 τοιαύτης
926 2713 1258 2780 ὑποθέσεως,
1286 2718 1381 2770 καὶ
1406 2719 1772 2788 παρενεκτέον
1798 2721 1860 2773 τὸ
1885 2721 1960 2792 μὴ
1982 2724 2105 2792 ὁμο-

509 2805 690 2874 λογεῖν
717 2806 897 2860 πάντα
918 2807 1103 2861 τέλεια
1135 2809 1194 2861 ὲν
1228 2808 1451 2880 Χριστῷ
1479 2811 1606 2864 ἄνευ
1639 2812 1932 2885 ἁμαρτίας.
1961 2814 2105 2867 Πάν-

510 2915 580 2952 τα
609 2899 719 2972 γάρ
742 2899 1017 2970 ἀληθινῶς
1047 2901 1307 2973 ἐποίησεν
1338 2901 1507 2958 ἐλθὼν
1537 2906 1566 2957 ὁ
1595 2905 1791 2974 Λόγος,
1823 2905 1890 2959 τά
1913 2925 2106 2979 προγε-

509 2990 810 3062 γραμμένα
835 2991 966 3063 περὶ
984 2991 1152 3046 αὑτοῦ
1175 2991 1420 3058 τελειῶν,
1453 2994 1596 3049 κατά
1617 2996 1678 3050 τὸ
1697 2999 2100 3071 γεγραμμένον

2204 2077 2428 2148 ﬁciique
2454 2079 2882 2149 participatione
2909 2087 3184 2145 traxerat;
3222 2095 3330 2133 non
3355 2081 3468 2148 jam
3497 2080 3792 2150 admentis

2202 2184 2316 2226 suae
2361 2169 2741 2240 praescriptum
2773 2170 2942 2224 vitam
2975 2169 3247 2240 dirigebat
3270 2186 3450 2238 suam,
3484 2171 3582 2227 sed
3611 2172 3794 2226 excel-

2205 2264 2338 2320 lenti
2381 2263 2619 2334 quodam
2675 2269 2887 2319 naturae
2931 2264 3187 2319 instituto
3236 2263 3537 2334 ductuque,
3584 2262 3792 2318 Christi

2203 2363 2385 2411 mente
2417 2355 2712 2426 insignitus
2743 2363 2798 2410 et
2831 2368 3058 2410 ornatus
3085 2363 3226 2420 erat,
3249 2365 3456 2426 quanto
3487 2355 3664 2426 magis
3693 2353 3792 2408 Dei

2204 2446 2470 2513 Verbum,
2507 2447 2655 2517 quod
2688 2448 2742 2502 in
2777 2463 2900 2503 sese
2928 2447 3321 2518 perfectionem
3364 2463 3583 2503 omnem
3609 2447 3791 2503 conti-

2204 2547 2318 2603 net,
2352 2540 2462 2594 imo
2513 2541 2631 2610 ipsa
2679 2538 2945 2610 perfectio
2993 2549 3096 2603 est,
3147 2541 3264 2611 ipse
3314 2556 3411 2611 per
3459 2554 3582 2595 sese
3624 2538 3790 2603 Deus,

2203 2634 2380 2688 virtus
2425 2635 2543 2704 ipsa
2567 2675 2582 2700 ,
2613 2649 2770 2688 mens
2816 2634 2933 2703 ipsa
2955 2673 2970 2698 ,
3004 2634 3186 2688 lumen
3223 2634 3428 2704 ipsum,
3457 2641 3693 2688 mentem
3728 2647 3796 2686 ac

2211 2733 2385 2778 totum
2416 2740 2619 2795 corpus
2649 2726 2962 2796 complevit,
2997 2727 3080 2780 vel
3108 2726 3337 2797 perfecit
3377 2726 3582 2796 potius,
3609 2732 3664 2780 et
3693 2739 3796 2780 sua

2205 2817 2368 2873 nobis
2405 2817 2790 2877 incarnatione
2824 2819 3158 2875 cumulatam
3202 2818 3355 2874 omni
3395 2833 3463 2873 ex
3508 2825 3667 2889 parte
3703 2831 3796 2872 sa-

2206 2906 2373 2963 lutem
2410 2909 2644 2964 attulit?
2680 2909 2778 2964 Est
2810 2909 2978 2980 igitur
3008 2909 3226 2962 illorum
3263 2909 3370 2963 iste
3407 2923 3587 2964 sermo
3626 2922 3795 2977 repu-

2205 2997 2464 3058 diandus.
2499 2998 2594 3068 qui
2618 2999 2828 3053 nullam
2860 2997 3138 3068 dogmatis
3161 2996 3311 3052 illius
3338 2996 3796 3068 significationem

523 3080 671 3136 Ἰδοὺ
700 3081 738 3149 ἡ
768 3083 1067 3151 παρθένος
1090 3084 1161 3138 ἐν
1189 3087 1400 3154 γαστρί
1434 3086 1578 3152 ἕξει,
1616 3090 1711 3144 καὶ
1740 3091 1808 3144 τά
1855 3090 2004 3163 ἑξῆς·
2037 3094 2095 3147 ἐν

2209 3092 2373 3146 habet
2393 3131 2407 3154 ,
2442 3090 2863 3162 cavendumque
2893 3105 2962 3146 ne
2989 3104 3101 3144 non
3126 3089 3310 3144 omnia
3341 3090 3397 3144 in
3423 3089 3644 3145 Christo
3672 3103 3796 3159 por-

509 3171 741 3244 ἀληθείᾳ
773 3174 1192 3247 ὲγκυμονηθεὶς,
1229 3179 1326 3232 καὶ
1354 3179 1454 3233 ούκ
1489 3181 1546 3233 ἐν
1575 3181 1815 3254 δοκήσει,
1854 3185 2096 3257 συλλαμ-

513 3266 811 3339 ϐανόμενος
841 3270 899 3322 ἐν
929 3271 1129 3343 γαστρὶ
1163 3273 1222 3324 ἐν
1255 3272 1517 3346 ἀληθείᾳ,
1552 3275 1804 3348 ἐνδημῶν
1837 3279 2000 3350 σαρκὶ
2035 3282 2094 3334 ὲν

513 3361 760 3434 ἀληθείᾳ,
791 3362 970 3435 σάρκα
1004 3363 1144 3436 ἔχων
1174 3365 1270 3419 καὶ
1288 3365 1467 3439 ψυχὴν
1499 3370 1554 3421 ἐν
1583 3370 1831 3442 ἀληθείᾳ,
1859 3373 1952 3426 καὶ
1971 3372 2096 3426 νοῦν

512 3454 572 3507 ἐν
595 3453 846 3526 ἀληθείᾳ,
881 3455 978 3509 καὶ
1006 3458 1185 3511 πάντα
1220 3458 1274 3511 εἴ
1303 3460 1356 3513 τί
1383 3462 1531 3515 ἐστιν
1560 3462 1848 3534 ἄνθρωπος
1879 3467 1937 3520 ἐν
1962 3466 2096 3538 άλη-

515 3545 658 3619 θείᾳ,
684 3547 852 3619 χωρὶς
875 3549 1172 3621 ἁμαρτίας
1202 3553 1296 3604 καὶ
1322 3555 1721 3626 γεγεννημένος
1747 3558 1812 3611 ὲκ
1839 3558 2098 3631 παρθενι-

513 3639 618 3707 κῆς
650 3639 889 3711 μήτρας,
925 3642 1020 3694 καὶ
1054 3642 1214 3709 ἁγίας
1245 3643 1522 3714 Παρθένου
1547 3647 1605 3700 ἐν
1631 3648 1881 3720 ἀληθείᾳ,
1914 3650 2014 3704 οὐκ
2033 3652 2098 3705 ὲκ

514 3729 830 3802 σπέρματος
870 3731 1083 3804 ἀνδρὸς,
1125 3735 1182 3789 ὲν
1219 3733 1449 3807 ἀληθείᾳ
1488 3737 1546 3790 δὲ
1589 3739 1768 3810 σάρκα
1807 3739 1967 3811 ἔχων,
2007 3742 2100 3796 καὶ

510 3821 710 3895 ψυχὴν,
742 3823 838 3877 καὶ
876 3824 1023 3891 νοῦν,
1059 3827 1135 3891 ὼς
1177 3827 1338 3900 ἔφην,
1391 3832 1485 3886 καὶ
1523 3831 1611 3885 διὰ
1656 3832 1765 3886 τῶν
1800 3835 2099 3889 τοκετικῶν

512 3915 696 3986 πόρων
729 3915 787 3970 ἐν
820 3915 1047 3988 ἀληθείᾳ
1090 3910 1479 3993 εὑρισκόμενος
1501 3922 1544 3988 ί,
1599 3923 1693 3978 καὶ
1738 3925 1797 3980 ἐν
1836 3925 2014 3999 φάτνῃ
2041 3927 2099 3980 ὲν

508 4003 744 4076 ἀληθείᾳ
771 4007 1278 4080 σπαργανούμενος,
1304 4011 1408 4066 ὑπὸ
1429 4013 1644 4085 Μαρίας
1675 4014 2096 4088 βασταζόμενος,

516 4097 613 4152 ’.αἱ
641 4098 700 4150 ὲν
724 4098 986 4172 Αἰγύπτῳ
1013 4103 1436 4174 κατερχόμενος,
1462 4107 1554 4159 καὶ
1577 4107 1672 4160 ἀπ’
1701 4107 1978 4177 Αἰγύπτου
2009 4127 2103 4180 με·

508 4190 908 4262 τιφερόμενος,
937 4194 1032 4247 καὶ
1071 4197 1151 4259 είς
1183 4195 1438 4268 Ναζαρὲτ
1472 4199 1973 4272 ἀναστρεφόμενος,
2003 4203 2101 4258 καὶ

511 4284 572 4336 ὲν
608 4284 849 4359 Ἰορδάνῃ
875 4290 1341 4361 παραγενόμενος,
1369 4293 1465 4346 καὶ
1487 4293 1594 4346 ὑπὸ
1629 4295 1876 4348 Ἰωάννου
1907 4295 2102 4366 βαπτι-

514 4373 762 4445 ζόμενος,
805 4377 901 4430 καὶ
936 4377 1041 4430 ὑπὸ
1070 4378 1316 4434 διαϐόλου
1347 4383 1762 4456 πειραζόμενος,
1798 4386 1892 4440 καὶ
1925 4386 2102 4459 μαθητ

513 4466 612 4531 τάς
635 4468 994 4540 ἐκλεγόμενος
1019 4472 1078 4524 ὲν
1115 4471 1369 4544 ἀληθείᾳ,
1417 4448 1512 4529 καὶ
1546 4448 1823 4546 βασιλείαν
1854 4448 2099 4549 ούρανιῖξν
2132 4448 2177 4505 D

514 4555 780 4630 κηρύξας·
801 4559 877 4622 ὼς
901 4557 971 4612 τὰ
994 4560 1174 4616 πάντα
1200 4564 1258 4617 ἐν
1285 4563 1516 4636 ἀληθείᾳ
1541 4566 1880 4638 εὑρίσκεταιο
1907 4569 2013 4623 ύπό
2038 4587 2098 4624 τε

525 4648 700 4705 Ἰούδα
725 4651 1175 4730 παραδιδόμενος,
1207 4657 1301 4709 καὶ
1330 4657 1438 4710 ὑπὸ
1479 4658 1752 4713 Ἰουδαίων
1786 4661 2101 4733 συλλαμϐα-

513 4741 760 4814 νόμενος,
792 4745 1003 4816 Ποντίῳ
1029 4746 1247 4820 Πιλάτῳ
1273 4751 1742 4823 προσφερόμενος,
1770 4754 1866 4808 καὶ
1889 4755 1980 4807 ὑπ’
2004 4756 2104 4810 αὐ-

512 4832 608 4887 τοῦ
638 4832 853 4907 θανάτῳ
882 4839 1368 4910 κατακρινόμενος,
1399 4840 1618 4914 σταυρῷ
1651 4844 2100 4916 παραδιδόμενος,

513 4925 694 4995 Διψῶ,
721 4928 916 4997 λέγων,
948 4929 1068 4984 δότε
1104 4948 1194 5001 μοι
1227 4936 1396 4996 πιεῖν,
1431 4936 1488 4987 ἐν
1515 4935 1748 5008 ἀληθείᾳ
1779 4936 2099 5008 λαμϐάνων,

511 5016 633 5082 ὄξος
664 5019 803 5091 μετά
834 5020 997 5092 χολῆς
1031 5023 1346 5094 γευόμενος,
1375 5026 1471 5079 καὶ
1507 5027 1706 5098 μηκέτι
1735 5031 1898 5084 ποτὸν
1932 5048 2105 5104 προσ-

516 5108 747 5180 ιέμενος,
821 5112 1042 5184 σταυρῷ
1076 5115 1590 5186 προσπηγνύμενος,
1623 5119 1680 5172 ὲν
1715 5119 1946 5193 ἀληθείᾳ
1973 5122 2104 5193 κρά-

513 5200 642 5265 ζων,
693 5202 838 5268 Hall,
891 5205 1036 5271 Ἠλὶ,
1067 5205 1231 5276 λημᾶ
1262 5209 1617 5277 σαϐαχθανὶ,
1641 5212 1699 5265 ἐν
1729 5212 1954 5286 ἀληθείᾳ
1981 5216 2106 5269 κλί-

511 5311 635 5348 νων
657 5295 774 5363 τὴν
796 5298 1096 5367 κεφαλὴν,
1127 5299 1226 5353 καὶ
1251 5299 1544 5366 ἐκπνέων,
1568 5304 1625 5356 ἐν
1649 5303 1879 5376 ἀληθείᾳ
1910 5305 1970 5358 τὸ
1997 5307 2103 5360 σῶ-

517 5405 596 5457 μα
635 5389 1066 5461 καθαιρούμενος
1083 5394 1126 5455 ³,
1158 5392 1253 5446 καὶ
1299 5392 1709 5464 λαμϐανόμενον
1751 5397 1810 5448 ἐν
1847 5395 2096 5469 ἀληθείᾳ,

512 5481 606 5533 καὶ
637 5480 984 5553 ἑλισσόμενον
1015 5485 1120 5536 ὑπὸ
1146 5485 1240 5538 τοῦ
1276 5486 1495 5557 Ἰωσὴφ,
1523 5486 1616 5540 καὶ
1647 5490 1706 5541 ἐν
1735 5489 1978 5560 μνήματι
2015 5507 2099 5542 τι-

515 5571 742 5645 θέμενον
770 5576 830 5628 ὲν
854 5575 1102 5648 ἀληθείᾳ,
1132 5577 1264 5650 λίθῳ
1293 5566 1715 5651 ἠσφαλισμένον·
1757 5583 2096 5654 κατερχόμε-

517 5681 602 5728 νος
628 5669 685 5719 ἐν
701 5664 919 5738 θεότητι
951 5668 1048 5722 σὺν
1075 5667 1221 5741 ψυχῇ
1267 5673 1346 5734 εἰς
1362 5671 1511 5743 ᾅδου,
1545 5675 1639 5727 καὶ
1666 5673 1808 5728 λύων
1841 5675 2080 5747 πεπεδη-

2206 3182 2372 3245 fecta,
2410 3187 2609 3252 praster
2645 3192 2934 3253 peccatum
2957 3221 2972 3245 ,
3007 3195 3344 3236 asseramus.
3384 3179 3671 3250 Siquidem
3710 3180 3795 3236 di-

2202 3275 2390 3330 vinum
2425 3274 2558 3329 illud
2623 3273 2864 3330 Verbum
2917 3273 3102 3329 omnia
3165 3273 3346 3343 reipsa
3402 3273 3692 3342 praestitit,
3735 3279 3794 3329 et

2204 3382 2325 3437 quae
2351 3367 2420 3422 de
2461 3382 2520 3423 se
2561 3367 2682 3437 ipso
2715 3366 2809 3421 diu
2842 3373 2969 3422 ante
3006 3364 3210 3435 scripta
3259 3363 3477 3419 fuerant
3502 3363 3746 3434 implevit
3776 3403 3792 3427 ,

2204 3462 2281 3516 uti
2317 3476 2535 3517 sacrum
2561 3461 2694 3515 illud
2720 3460 3043 3515 vaticinium
3079 3459 3456 3514 demonstrat:
3490 3456 3624 3510 Ecce
3651 3455 3795 3525 virgo

2205 3555 2457 3623 concipiet
2483 3554 2526 3618 ³,
2559 3561 2664 3608 etc.
2695 3553 2832 3608 Tum
2860 3567 2990 3608 vero
3019 3552 3223 3622 reipsa,
3255 3566 3366 3604 non
3399 3549 3589 3619 specie
3628 3555 3794 3603 tenus

2206 3655 2454 3716 gestatus
2493 3647 2547 3700 in
2590 3655 2778 3708 utero,
2810 3645 2864 3700 in
2915 3660 3025 3715 quo
3055 3655 3110 3700 et
3160 3659 3353 3700 revera
3389 3643 3753 3714 genitus-erat
3776 3681 3790 3704 ,

2206 3739 2508 3796 secundum
2538 3753 2659 3808 quas
2689 3753 2816 3793 vere
2855 3737 3000 3793 inter
3035 3737 3287 3792 homines
3315 3750 3438 3790 cum
3475 3749 3642 3789 carne
3671 3749 3796 3788 ver-

2207 3840 2362 3888 satus
2393 3839 2477 3888 est
2509 3847 2787 3898 :carnem,
2818 3832 3057 3886 animam
3107 3845 3171 3886 ac
3235 3838 3472 3884 mentem
3493 3869 3508 3894 ,
3540 3836 3612 3882 eL
3633 3827 3796 3897 quid-

2207 3926 2337 3996 quid
2383 3924 2534 3980 aliud
2586 3925 2750 3978 homo
2801 3931 2926 3988 est,
2979 3930 3178 3994 praeter
3212 3929 3516 3991 peccatum,
3566 3919 3622 3973 in
3673 3931 3796 3973 sese

2208 4016 2551 4087 complexus.
2583 4015 2732 4070 idem
2758 4030 2826 4070 ex
2861 4013 3107 4084 Virginis
3139 4019 3316 4076 utero,
3347 4025 3379 4067 e
3416 4013 3791 4069 sacrosancta,

2209 4109 2460 4179 inquam,
2488 4107 2736 4178 Virgine.
2770 4122 2878 4161 non
2904 4121 2970 4160 ex
2991 4105 3136 4158 virili
3167 4111 3310 4168 satu,
3336 4116 3523 4157 revera
3552 4100 3790 4166 genitus.

2208 4201 2333 4268 Qui,
2377 4209 2436 4256 ut
2465 4201 2599 4264 dixi,
2650 4215 2838 4263 carne,
2869 4199 3048 4253 anima
3103 4204 3158 4252 et.
3223 4205 3405 4251 mente
3443 4196 3622 4265 reipsa
3660 4209 3793 4250 con-

2207 4301 2382 4357 stans,
2435 4307 2530 4362 per
2575 4291 2862 4346 naturales
2890 4287 3313 4360 parturientium
3364 4293 3575 4341 meatus
3604 4300 3796 4340 revera

2207 4383 2433 4456 prodiit,
2481 4390 2536 4437 et
2570 4384 2625 4436 in
2685 4381 2914 4450 praesepi
2965 4379 3152 4434 fasciis
3199 4377 3511 4444 obvolutus,
3546 4393 3574 4430 a
3623 4376 3796 4434 Maria

2205 4483 2472 4546 gestatus,
2508 4480 2633 4544 post
2666 4473 2782 4528 haec
2838 4473 2895 4526 in
2926 4469 3222 4542 {Egyptum
3271 4467 3610 4523 descendens
3651 4467 3795 4521 indi-

2205 4569 2330 4623 dcm
2364 4573 2676 4637 reportatus
2711 4571 2830 4629 est;
2865 4563 3063 4618 deinde
3089 4559 3342 4614 Nazareti
3369 4558 3594 4628 degens,
3629 4566 3794 4628 atque

2206 4661 2339 4716 hinc
2377 4659 2446 4713 ad
2480 4657 2775 4712 Jordanem
2811 4653 3117 4718 accedens,
3151 4667 3182 4706 a
3215 4650 3426 4706 Joanne
3463 4652 3790 4719 baptizatus,

2207 4762 2262 4811 et
2297 4761 2541 4810 tentatus
2577 4767 2607 4806 a
2640 4749 2886 4814 diabolo,
2917 4763 3047 4803 vere
3076 4746 3185 4802 sibi
3238 4745 3538 4815 discipulos
3572 4742 3804 4806 ascivit,

2207 4862 2272 4903 ac
2299 4848 2563 4902 cmlorum
2603 4860 2832 4916 regnum
2865 4843 3192 4899 denuntiare
3221 4841 3409 4911 coepit,
3430 4839 3794 4917 quemadmo-

2207 4940 2336 4994 dum
2366 4948 2422 4995 et
2446 4939 2551 4993 alia
2587 4937 2770 4992 omnia
2793 4937 2996 5007 reipsa,
3028 4950 3136 4989 non
3167 4933 3288 4989 iicte
3341 4932 3606 5000 suscepit.
3631 4930 3796 4992 Velut

2205 5049 2332 5089 cum
2376 5041 2430 5089 et
2465 5049 2496 5087 a
2533 5031 2673 5087 Juda
2705 5031 2971 5101 proditus,
3021 5028 3234 5099 1030
3270 5039 3372 5082 eta
3396 5026 3602 5087 Juda-is
3642 5041 3792 5081 eont-

2207 5124 2549 5196 prehensus,
2591 5123 2808 5178 oblatus
2846 5120 3042 5175 Pontio
3071 5119 3299 5182 Pilato,
3324 5127 3376 5173 et
3412 5119 3580 5173 abeo
3617 5127 3792 5170 morte

2211 5217 2528 5274 damnatus.
2588 5222 2752 5283 atque
2800 5215 2854 5267 in
2897 5226 3063 5266 cruce
3115 5209 3342 5266 suﬂixus
3392 5218 3495 5265 est.
3560 5208 3793 5262 Perinde

2209 5309 2350 5363 bona
2383 5318 2436 5363 et
2474 5308 2607 5362 illud
2639 5307 2741 5361 lide
2768 5307 2907 5361 dixit
2950 5324 2964 5359 :
3006 5303 3145 5360 Sitio
3176 5303 3220 5369 ⁸,
3258 5303 3386 5358 date
3419 5303 3552 5356 mihi
3581 5301 3788 5365 bibere,

2207 5411 2262 5454 et
2309 5401 2454 5470 quod
2508 5402 2750 5456 oblatum
2783 5407 2902 5455 erat
2933 5407 3148 5455 acetum
3179 5413 3305 5454 cum
3347 5397 3471 5453 felle
3505 5400 3684 5469 cepit,
3726 5413 3791 5451 ac

2206 5494 2535 5564 degustavit,
2560 5510 2738 5564 neque
2766 5493 3064 5564 quidquam
3095 5501 3258 5564 potus
3283 5493 3518 5562 amplius
3544 5491 3786 5560 admisit.

2209 5581 2314 5637 Sed
2339 5591 2394 5637 et
2426 5582 2619 5638 afﬁxus
2648 5584 2798 5637 cruci
2833 5598 3020 5639 revera
3049 5581 3131 5638 sic
3156 5582 3482 5636 exclamavit
3510 5603 3523 5635 ι
3557 5579 3644 5633 Eli
3678 5579 3786 5641 Eli,

2193 5676 2393 5728 lamma
2417 5675 2773 5730 subactltant’.
2794 5672 2942 5735 Inde,
2966 5682 3120 5740 caput
3147 5673 3410 5727 inclinans
3436 5672 3782 5741 exspiravit".

585 5762 606 5795 ¹
639 5761 702 5818 F.
742 5762 1077 5835 τικτόμενος.
1155 5766 1174 5796 ²
1207 5764 1268 5820 F.
1307 5767 1752 5842 καθαιρούμενον.
1826 5772 1972 5828 ’isa.
2008 5787 2102 5840 vn,

2205 5816 2217 5829 .
2286 5773 2305 5805 ‘
2334 5771 2493 5828 Joan.
2522 5788 2634 5838 xix,
2665 5773 2754 5828 ‘28.
2833 5771 3063 5828 “Matth.
3102 5786 3274 5839 xxvn,
3315 5770 3406 5827 46.
3482 5770 3654 5826 “ibid.
3695 5770 3794 5830 50..
