4134 6392
387 297 496 355 695

1796 304 1853 362 S.
1898 306 2234 363 EPlPllANll

3538 313 3644 372 696

389 410 530 466 Tum
587 410 828 481 ejusdem
870 429 1071 484 corpus
1123 431 1247 471 vere
1291 415 1360 472 de
1407 433 1573 474 cruce
1620 417 1964 488 detractum,

2078 422 2269 493 μένους
2298 422 2356 474 ἐν
2383 421 2605 493 ἀνδρείᾳ
2637 422 2732 475 καὶ
2764 422 2822 475 ἐν
2850 421 3100 492 δυνάμει,
3127 423 3491 495 ἀνερχόμενος
3511 425 3643 491 Θεὸς

389 504 644 559 manibus
670 515 1088 568 contt'ertatum,
1113 525 1140 560 a
1166 507 1404 579 Josepho
1429 511 1608 568 linteis
1636 513 1962 582 involutum,

388 595 529 649 etin
581 609 996 652 monumentum
1053 617 1241 655 revera
1295 601 1607 673 depositum
1645 625 1658 660 :
1700 607 1786 660 cui
1827 607 1966 676 lapis

391 685 458 739 ad
512 687 930 743 custodiendum
983 689 1257 746 obductus
1285 703 1390 747 est.
1428 695 1570 759 Quin
1613 696 1776 751 etiam
1816 705 1871 751 et
1900 698 1968 752 ad

388 775 598 832 inferos
628 778 799 848 ipsius
825 779 1082 836 divinitas
1113 798 1238 835 eum
1274 783 1457 837 anima
1497 783 1812 852 descendit,
1845 804 1967 842 eos-

387 883 516 937 que,
553 869 646 938 qui
678 870 844 923 vincti
870 869 981 924 illic
1021 872 1424 940 attinebantur,
1465 891 1516 927 vt
1544 891 1644 929 sua
1669 892 1733 930 ac
1774 886 1969 948 poten-

387 959 464 1013 tia
495 960 746 1014 liberavit
771 981 783 1014 :
817 970 931 1016 tum
958 962 1098 1019 idem
1125 963 1217 1019 Dei
1239 964 1474 1021 Verbum
1510 984 1635 1022 cum
1662 971 1842 1023 anima
1869 987 1968 1026 sua

389 1052 735 1106 sanctissima
771 1068 990 1108 sursum
1019 1071 1334 1126 emergens,
1375 1066 1430 1111 et
1455 1059 1798 1128 captivorum
1829 1078 1969 1132 quos

387 1144 686 1214 eripuerat,
735 1147 1001 1201 comitatu
1063 1157 1252 1218 septus
1310 1157 1433 1219 post
1474 1150 1714 1206 triduum
1777 1169 1966 1210 revera

387 1248 514 1288 cum
551 1249 817 1306 corpore,
860 1238 1042 1292 anima
1068 1279 1084 1300 ,
1119 1239 1364 1310 adeoque
1397 1248 1512 1295 toto
1543 1243 1664 1313 ipso
1705 1246 1849 1299 velut
1881 1249 1966 1300 in-

388 1332 697 1381 strumento
720 1329 959 1383 surrexit
1000 1345 1030 1383 a
1072 1332 1338 1398 mortuis;
1372 1332 1570 1388 deinde
1604 1335 1967 1408 quadraginta

387 1415 584 1470 diebus
611 1432 735 1471 cum
765 1418 1053 1490 discipulis
1083 1432 1335 1478 versatus
1360 1436 1444 1479 est
1481 1444 1493 1479 :
1530 1428 1732 1495 qui-bus
1759 1444 1882 1482 cum
1915 1430 1966 1483 in

387 1503 669 1562 Olivarum
730 1519 916 1566 monte
960 1527 1146 1568 revera
1193 1515 1600 1580 benedixisset,
1653 1520 1709 1573 in
1765 1522 1967 1576 cmlum

386 1598 684 1656 subvectus
729 1609 849 1665 est,
905 1617 1140 1674 eumque
1172 1606 1427 1676 discipuli
1483 1609 1550 1663 ad
1587 1613 1760 1667 nubes
1796 1629 1969 1683 usque

386 1690 716 1748 subeuntem
743 1694 1018 1761 viderunt,
1051 1705 1105 1751 et
1152 1697 1217 1752 ad
1251 1697 1432 1756 Patris
1469 1701 1748 1760 dexteram
1780 1721 1966 1760 revera

2067 513 2240 581 Λόγος
2269 513 2364 565 σὺν
2392 513 2537 584 ψυχῇ
2561 515 2629 586 τῇ
2655 511 2808 584 ἀγίᾳ,
2837 514 2954 585 μεθ’
2980 511 3048 587 ἦς
3070 515 3336 587 ἐρρύσατο
3366 517 3647 587 αἰχμαλω-

2069 605 2212 669 σίας,
2241 604 2304 657 τὸ
2329 606 2628 677 τριήμερον
2667 608 2724 659 ἐν
2767 606 2995 676 ἀληθείᾳ
3035 607 3381 678 ἐγειρόμενος
3413 610 3510 660 σὺν
3541 608 3648 662 σώ-

2072 713 2224 766 ματι,
2260 698 2356 750 καὶ
2383 697 2551 768 ψυχῇ,
2589 698 2684 751 καὶ
2727 700 2889 751 παντί
2917 697 2995 768 τῷ
3037 699 3254 769 ὀργάνῳ
3291 700 3348 752 ἐν
3395 698 3645 771 ἀληθείᾳ,

2070 788 2456 858 εὑρισκόμενος
2501 789 2639 859 μετὰ
2670 789 2779 842 τῶν
2811 789 3067 860 μαθητῶν
3110 791 3210 861 τὴν
3244 791 3616 862 τεσσαρακονθ
3635 821 3647 830 -

2070 881 2296 951 ήμερον,
2342 881 2578 949 εὐλογῶν
2610 897 2669 933 τε
2706 883 2903 944 αὐτοὺς
2931 883 2990 934 ἐν
3018 881 3094 954 τῷ
3119 883 3235 954 δρει
3268 883 3374 936 τῶν
3417 883 3643 938 Ἐλαιῶν

2070 974 2128 1026 ἐν
2162 974 2412 1046 ἀληθεία,
2441 975 2802 1046 ἀνερχόμενος
2829 976 2908 1039 είς
2928 975 3156 1045 οὐρανὸν
3181 977 3239 1028 ὲν
3263 975 3509 1048 ἀληθείᾳ,
3540 977 3648 1030 τῶν

2073 1065 2331 1137 μαθητῶν
2361 1067 2526 1121 αὑτὸν
2566 1067 2915 1138 θεωρούντων
2948 1068 3051 1132 ἐως
3093 1068 3201 1122 τῶν
3241 1069 3479 1138 νεφελῶν
3517 1071 3650 1124 ἀνα·

2069 1157 2477 1230 λαμϐανόμενον
2518 1162 2576 1214 ἐν
2615 1161 2865 1232 ἀληθείᾳ.
2891 1160 3253 1225 καθεσθέντα,
3291 1162 3388 1216 καί⁵
3421 1161 3649 1224 καθεζό-

2073 1266 2232 1318 μενον
2270 1252 2328 1302 ἐν
2356 1251 2506 1321 δεξιᾷ
2537 1251 2631 1304 τοῦ
2661 1253 2874 1323 Πατρὸς
2917 1254 2974 1304 ἐν
3015 1253 3263 1324 ἀληθεία,
3312 1256 3370 1307 ἐν
3399 1252 3549 1323 αύτῷ
3572 1252 3651 1322 τῷ

2073 1341 2306 1410 σώματι,
2339 1344 2433 1395 καὶ
2458 1346 2525 1414 τῇ
2551 1343 2784 1414 θεότητι,
2816 1346 2875 1397 ἐν
2905 1345 3040 1416 αὐτῇ
3069 1348 3136 1416 τῇ
3171 1346 3354 1416 τελείᾳ
3380 1345 3649 1415 ἐνανθρω-

2070 1435 2255 1504 πήσει,
2360 1437 2634 1506 συνήνωσε
2662 1435 2730 1488 τὰ
2757 1435 2854 1489 ὅλα
2881 1438 2960 1500 εἰς
2988 1436 3064 1499 ἓν,
3105 1437 3197 1489 καὶ
3248 1434 3375 1505 μίαν
3406 1452 3652 1505 πνευμα-

2069 1527 2226 1598 τικὴν
2241 1527 2538 1594 τελείωσιν,
2567 1529 2698 1592 Θεὸς
2727 1528 2802 1582 ὢν
2825 1530 2882 1582 ἐν
2912 1529 3040 1600 δόξῃ
3065 1529 3444 1598 καθεξόμενος,
3469 1530 3650 1597 κρῖναι

2069 1618 2276 1683 ζῶντας
2328 1621 2422 1674 καὶ
2472 1623 2733 1692 νεκροὺς,
2785 1622 3081 1693 ἐρχόμενος
3129 1623 3186 1674 ἐν
3233 1620 3484 1693 ἀληθεία.
3540 1619 3653 1674 Καὶ

2067 1712 2218 1766 οὐδέν
2265 1714 2381 1766 ἐστι
2427 1714 2902 1786 παρηλλαγμένον,
2949 1715 3084 1769 ἀλλὰ
3123 1715 3300 1768 πάντα
3351 1713 3534 1767 τέλεια
3561 1729 3650 1766 τε-

385 1785 794 1851 considentem,
819 1803 1051 1860 corpore
1102 1791 1244 1862 ipso,
1294 1793 1600 1858 divinitate,
1635 1811 1700 1850 ac
1740 1805 1854 1851 tota
1883 1799 1964 1854 de-

2071 1803 2232 1868 λείως
2259 1807 2317 1857 ἐν
2347 1807 2498 1878 αὐτῷ
2527 1785 2586 1861 ἐν
2606 1807 2902 1878 τελειότητι
2923 1808 3277 1878 εἰργασμένα.

385 1877 556 1944 nique
583 1892 748 1946 quam
786 1890 1165 1950 assumpserat
1199 1881 1437 1938 hominis
1475 1892 1672 1938 natura
1701 1901 1714 1938 :
1769 1901 1880 1954 quo
1914 1887 1969 1940 in
2005 1887 2404 1948 lncarnationis
2435 1877 2698 1964 mysterio
2728 1894 2783 1948 in
2814 1877 2985 1950 unum
3045 1877 3251 1958 omnia,
3282 1902 3336 1949 et
3384 1895 3436 1947 in
3491 1906 3640 1947 eam-

383 1969 507 2055 dem
558 1969 860 2038 spiritalem
900 1971 1290 2040 perfectionem
1325 1976 1644 2044 conjunxit,
1707 1977 1848 2032 Deus
1903 1980 2091 2050 utique
2143 1983 2198 2036 in
2250 1985 2424 2055 gloria
2487 1987 2785 2042 considens
2829 1995 2885 2043 et
2937 1986 3004 2040 ad
3069 1988 3222 2042 vivos
3282 2000 3641 2052 mortuosque

354 2052 709 2144 [iudicandos
743 2079 868 2119 vere
898 2067 1193 2136 aliquando
1217 2076 1499 2125 venturus.
1531 2068 1677 2124 Nihil
1705 2071 1873 2142 igitur
1898 2073 1954 2127 in
1991 2074 2084 2132 illo
2105 2052 2382 2133 diversum
2428 2094 2490 2133 ac
2521 2080 2843 2152 discrepans
2898 2081 3004 2144 e'st,
3067 2078 3164 2136 sed
3197 2081 3382 2133 otnnia
3438 2077 3491 2130 in
3534 2076 3654 2144 ipso

382 2151 621 2222 perfecta
690 2157 1032 2230 perfecteque
1062 2176 1291 2230 prorsus
1315 2164 1610 2219 elaborata.

454 2272 696 2329 XXXVI.
741 2274 847 2330 Sed
878 2292 1003 2331 cum
1033 2279 1100 2334 de
1133 2279 1220 2335 his
1244 2281 1461 2337 abunde
1498 2283 1765 2340 hactenus
1791 2286 1974 2356 egisse

382 2363 690 2431 videamur,
733 2383 854 2436 qua:
897 2369 1040 2425 dicta
1101 2381 1231 2426 sunt
1271 2389 1396 2428 esse
1444 2376 1584 2430 satis
1613 2377 1968 2432 arbitramur.

385 2456 519 2525 Quae
547 2475 677 2514 vero
711 2460 780 2516 de
801 2463 1014 2517 caeteris
1039 2465 1356 2520 vanissimis
1392 2467 1608 2522 illorum
1625 2469 1972 2539 dogmatibus

381 2562 449 2600 ex
473 2547 706 2602 aliorum
736 2551 1053 2606 narratione
1082 2551 1398 2619 didicimus,
1431 2557 1754 2626 explicanda
1779 2574 1973 2614 neces-

384 2641 533 2694 sario
576 2652 724 2696 sunt.
762 2643 1088 2714 Quanquam
1144 2646 1217 2700 ita
1249 2648 1363 2702 haec
1405 2649 1475 2703 ab
1537 2650 1647 2706 illis
1682 2651 1968 2720 praedicari

383 2733 627 2788 nondum
670 2737 896 2791 omnino
948 2753 1272 2808 persuasum
1329 2741 1616 2799 habemus.
1675 2744 1968 2815 Uteunque

383 2842 514 2880 vero
548 2842 607 2882 se
634 2843 724 2884 res
758 2829 974 2894 habeat,
1009 2847 1132 2902 quae
1152 2833 1220 2887 ab
1237 2833 1362 2888 aliis
1394 2835 1697 2904 accipimus
1724 2852 1834 2891 non
1863 2836 1968 2893 dis-

383 2919 692 2974 simulanda
729 2925 1062 2992 putavimus.
1096 2923 1209 2978 lloc
1239 2927 1384 2980 enim
1416 2927 1688 2983 allirmare
1719 2929 1967 2999 plerique

2143 2287 2284 2352 ΔΕΓ.
2314 2285 2510 2349 Καλῶς
2541 2285 2595 2339 δέ
2630 2286 2772 2357 ἔχειν
2801 2286 2928 2356 περὶ
2956 2287 3162 2338 τούτων
3182 2285 3524 2354 νομίσαντες,
3548 2283 3654 2348 ἕως

2069 2378 2261 2430 τούτου
2301 2379 2430 2449 περὶ
2467 2377 2674 2431 τούτων
2699 2377 2952 2449 εἰρῆσθαι
2978 2376 3399 2447 ἐδικαιώσαμεν.
3429 2375 3568 2448 Περὶ
3594 2374 3652 2427 δὲ

2067 2462 2144 2523 ὧν
2173 2469 2520 2541 ὲνηχήθημεν
2552 2470 2716 2524 πάλιν
2746 2467 3168 2539 περιττολογιῶν
3195 2467 3302 2521 τῶν
3337 2469 3406 2521 τὰ
3429 2467 3652 2520 τοιαῦτα

2069 2563 2356 2632 λεγόντων,
2385 2563 2679 2630 ἀναγκαῖον
2710 2563 2803 2616 καὶ
2830 2561 2970 2615 αύτά
3003 2560 3300 2624 ὑποδεῖξαι.
3331 2561 3406 2612 Οὐ
3436 2561 3578 2612 πάνυ
3597 2558 3651 2612 δὲ

2068 2652 2537 2723 πεπιστεύκαμεν,
2560 2653 2642 2705 ὅτι
2663 2652 2834 2715 οὕτως
2857 2651 2988 2724 παρ’
3014 2653 3197 2713 αὐτοῖς
3224 2649 3428 2721 ᾅδεται.
3461 2651 3652 2718 Ὅμως

2074 2740 2144 2794 τὰ
2177 2740 2508 2812 ἐνηχηθέντα
2537 2741 2598 2793 ού
2636 2741 3008 2811 σιωπήσομεν.
3055 2740 3212 2802 Τινὲς
3245 2739 3352 2811 γὰρ
3387 2739 3479 2792 καὶ
3505 2740 3652 2791 ἐτόλ-

2071 2851 2250 2905 μησαν
2280 2833 2476 2902 λέγειν,
2513 2835 2593 2886 ὅτι
2620 2833 2783 2887 πάλιν
2814 2833 2958 2896 τινὲς
2985 2832 3045 2898 ἐξ
3075 2833 3252 2885 αύτῶν
3281 2833 3499 2900 λέγουσι
3526 2831 3652 2901 περὶ

2067 2925 2306 2996 Μαρίας,
2344 2926 2482 2994 μετά
2518 2926 2578 2978 τὸ
2609 2925 2995 2996 γεγεννηκέναι
3027 2926 3133 2996 τὸν⁶
3152 2925 3406 2996 Χριστὸν,
3433 2925 3654 2976 ἐπισυν-

382 3023 494 3067 non
525 3011 814 3078 dubitant,
847 3015 1113 3084 quosdam
1153 3032 1217 3070 ex
1269 3017 1377 3072 illis
1413 3018 1467 3071 in
1498 3033 1561 3072 ea
1595 3035 1718 3074 esse
1746 3027 1964 3074 senten-

2069 3017 2238 3088 ἧφθαι
2267 3017 2418 3089 ἀνδρί
2445 3017 2523 3088 τῷ
2565 3018 2783 3088 Ἰωσήφ.
2832 3016 3108 3087 Θαυμάζω
3151 3017 3208 3070 δὲ
3256 3018 3304 3069 εἰ
3358 3017 3450 3068 καὶ
3500 3013 3653 3067 αὐτοὶ

381 3103 478 3168 tia,
515 3101 733 3157 Mariam
775 3113 897 3172 post
913 3104 1116 3158 editum
1139 3105 1414 3161 Christum
1437 3123 1560 3160 cum
1583 3107 1822 3178 Josepho
1851 3108 1965 3163 viro

382 3208 487 3248 suo
515 3195 969 3251 consuetudinem
1009 3196 1294 3252 habuisse.
1322 3197 1478 3264 Quod
1512 3199 1580 3252 ab
1614 3199 1726 3254 illis
1749 3215 1963 3255 asseve-

381 3285 494 3340 rari
516 3287 814 3355 permirum
849 3287 978 3341 mihi
1009 3288 1240 3343 videtur.
1275 3289 1385 3346 Nec
1407 3290 1609 3346 desunt
1639 3292 1754 3352 alii,
1785 3293 1877 3362 qui
1910 3292 1965 3346 in

380 3375 573 3430 eodem
611 3393 802 3434 errore
851 3388 1162 3445 versantur,
1217 3398 1359 3452 quos
1406 3383 1551 3438 inter
1581 3383 1967 3439 schistnaticos

388 3468 595 3540 1031
636 3473 1046 3528 numeravimus
1079 3475 1134 3528 in
1172 3489 1236 3529 ea
1267 3475 1530 3544 epistola,
1565 3490 1728 3545 quam
1759 3476 1968 3530 amico-

383 3574 508 3614 rum
548 3561 771 3616 hortatu
807 3562 1073 3620 adversus
1117 3567 1266 3621 illius
1297 3567 1568 3638 dogmatis
1607 3578 1871 3638 patronos
1899 3567 1967 3622 ad

2073 3109 2229 3162 τοῦτο
2249 3109 2513 3179 λέγουσιν.
2545 3109 2661 3162 Εἰσί
2685 3108 2740 3161 δὲ
2769 3110 2817 3162 οἰ
2840 3107 2996 3162 τοῦτο
3018 3109 3290 3177 λέγοντες,
3318 3107 3413 3172 οὓς
3434 3108 3528 3160 καὶ
3557 3109 3654 3160 αύ-

2073 3203 2198 3265 τοὺς
2223 3203 2280 3254 ἐν
2303 3206 2414 3265 τοίς
2443 3201 2736 3272 σχίσμασιν
2762 3201 3170 3272 ὴριθμήσαμεν,
3199 3200 3536 3271 αἰτηθέντες,
3559 3200 3652 3252 καὶ

2075 3292 2385 3364 γράψαντες
2406 3291 2694 3362 ἐπιστολὴν
2722 3293 2778 3344 ἐν
2808 3293 2874 3362 τῇ
2913 3291 3144 3360 Ἀραϐίᾳ.
3174 3289 3311 3362 πρός
3333 3306 3484 3351 τινας
3509 3289 3653 3365 κατὰ

2073 3384 2181 3436 τῶν
2209 3383 2365 3437 τοῦτο
2391 3383 2675 3452 λεγόντων.
2711 3382 2889 3436 Πολλά
2916 3383 2973 3436 δέ
2997 3384 3177 3436 ἐκεῖσε
3205 3383 3334 3452 περὶ
3362 3380 3551 3434 τούτου
3575 3381 3652 3433 εί-

2076 3477 2323 3547 ρήκαμεν
2345 3477 2403 3528 ἐν
2427 3478 2492 3546 τῇ
2528 3477 2646 3529 κατ’
2675 3476 2872 3538 αὐτοὺς
2906 3474 3182 3531 ὑποθέσει.
3223 3473 3470 3546 Καθεξῆς
3501 3474 3559 3528 δέ
3593 3474 3653 3528 ἐν

2073 3566 2194 3637 Θεῷ
2223 3568 2318 3620 καὶ
2350 3566 2518 3638 αὐτὴν
2548 3566 2852 3631 ἰδιάζουσαν
2881 3565 3266 3631 καθυποτάξω.

382 3657 684 3711 nonnullos
730 3657 786 3709 in
824 3658 1023 3713 Arabia
1053 3660 1380 3730 scripsimus
1421 3680 1434 3715 :
1479 3661 1533 3716 in
1571 3677 1678 3731 qua
1714 3661 1962 3731 pluribus
1993 3675 2184 3716 contra
2216 3661 2340 3715 illos
2392 3659 2460 3713 de
2517 3660 2620 3712 hoc
2687 3668 3012 3729 argumento
3055 3657 3477 3728 disputavimus.
3515 3655 3648 3714 Eam

383 3761 487 3800 nos
519 3760 650 3800 vero
699 3747 963 3813 heresin,
996 3749 1299 3819 Opitulante
1341 3749 1454 3806 Deo
1477 3793 1494 3818 ,
1527 3755 1822 3822 separatim
1865 3769 1929 3806 ac
1961 3767 2062 3808 suo
2089 3752 2213 3806 loco
2245 3758 2433 3820 postea
2478 3765 2872 3820 proponemus.

453 3861 574 3916 Jam
602 3879 731 3917 vero
779 3865 943 3919 etiam
983 3866 1088 3920 hoc
1132 3866 1466 3936 Apollinaris
1513 3883 1636 3924 esse
1686 3869 1967 3923 decretum

357 3953 635 4007 'nonnulli
677 3954 996 4024 praedicant,
1045 3956 1104 4009 in
1150 3957 1320 4026 priori
1371 3957 1774 4011 resurrectione
1822 3959 1968 4012 mille

385 4063 490 4102 nos
539 4061 806 4101 annorum
855 4049 1092 4117 spatium
1151 4049 1343 4104 iisdem
1389 4050 1444 4103 in
1497 4050 1620 4103 vitae
1673 4050 1963 4114 institutis,

384 4141 588 4209 quibus
643 4156 787 4194 nunc
824 4141 1051 4206 utimur,
1103 4158 1226 4196 esse
1260 4141 1645 4208 conlecturos,
1698 4153 1758 4197 ut
1803 4151 1857 4198 et
1899 4145 1968 4198 lev

385 4247 506 4301 gem
546 4247 672 4286 eum
709 4233 832 4288 aliis
875 4234 1229 4289 observemus
1269 4236 1549 4295 omnibus,
1595 4243 1651 4290 et
1693 4235 1958 4304 quidquid

383 4333 468 4379 est
513 4324 569 4377 in
608 4325 830 4390 mundo,
869 4325 1017 4395 quod
1055 4325 1126 4378 ad
1169 4342 1330 4381 usum
1365 4326 1749 4396 quotidianum
1789 4326 1959 4396 perti-

382 4424 498 4479 net,
529 4417 678 4470 velut
711 4418 950 4486 nuptias.
980 4418 1479 4481 circumcisionem,
1513 4433 1577 4472 ac
1611 4428 1809 4472 cetera
1842 4433 1960 4472 om-

2111 3867 2322 3921 ιἊλλοι
2355 3867 2412 3920 δέ
2437 3867 2644 3937 ἔφασαν
2667 3867 2758 3921 τὸν
2786 3867 3016 3938 γέροντα
3048 3865 3348 3937 εἰρηκέναι,
3379 3866 3461 3919 ὃτι
3498 3867 3559 3918 ἐν
3579 3869 3649 3939 τῇ

2067 3963 2256 4033 πρώτῃ
2283 3963 2576 4015 ἀναστάσει
2609 3962 3076 4033 χιλιονταετηρίδα
3109 3960 3234 4014 τινὰ
3271 3961 3650 4032 ἐπιτελοῦμεν,

2063 4055 2177 4116 τοῖς
2204 4053 2386 4116 αὐτοῖς
2410 4051 2910 4123 ἐμπολιτευόμενοι.
2939 4053 3143 4116 ὁποίοις
3171 4053 3264 4105 καὶ⁴
3300 4053 3416 4117 νῦν,
3453 4053 3530 4116 ὡς
3555 4054 3649 4106 καὶ

2064 4147 2226 4215 νόμον
2279 4147 2370 4198 καὶ
2400 4145 2532 4198 ἄλλα
2553 4145 2931 4212 φυλάττοντες,
2963 4145 3054 4198 καὶ
3076 4147 3254 4199 πάντα
3280 4147 3380 4216 τῆς
3402 4147 3649 4217 χρήσεως

2063 4238 2162 4306 τῆς
2193 4239 2250 4288 ἐν
2282 4236 2358 4307 τῷ
2398 4238 2606 4307 κόσμῳ,
2644 4238 2824 4306 γάμου
2848 4254 2908 4290 τε
2933 4239 3024 4290 καὶ
3060 4239 3382 4310 περιτομῆς,
3415 4239 3509 4291 καὶ
3537 4237 3654 4291 τῶν

2065 4328 2241 4383 ἄλλων
2291 4330 2637 4398 μετέχοντες⁶
2668 4331 2804 4400 ὅπερ
2835 4331 2894 4382 οὔ
2931 4331 3071 4384 πάνυ
3105 4333 3236 4402 περὶ
3280 4329 3444 4384 αὐτοῦ
3487 4347 3648 4384 πεπι-

2070 4419 2393 4488 στεύκαμεν.
2439 4420 2526 4484 Ὠς
2553 4419 2610 4473 δέ
2641 4437 2785 4485 τινες
2821 4421 3292 4487 διεϐεϐαιώσαντο,
3324 4421 3484 4475 τοῦτο
3513 4421 3647 4492 ἔφη·

382 4512 498 4572 nia,
553 4509 945 4580 participemus
973 4529 984 4563 :
1017 4511 1326 4579 cujusmodi
1382 4511 1450 4565 ab
1488 4511 1583 4564 illo
1630 4510 1826 4580 dogma
1872 4511 1962 4565 de-

2067 4527 2162 4563 σαν
2191 4513 2353 4566 αὐτὸν
2383 4513 2686 4584 εἰρηκέναι.

382 4603 530 4660 fendi
562 4605 887 4675 persuadere
938 4607 1097 4661 nobis
1129 4608 1352 4662 omnino
1385 4623 1493 4662 non
1520 4622 1814 4677 possumus
1836 4649 1850 4667 .
1886 4622 2200 4677 quanquam
2230 4609 2381 4661 illum
2409 4617 2740 4663 assertorem
2780 4623 2902 4664 esse
2928 4621 2958 4660 a
2991 4607 3270 4662 nonnullis
3304 4622 3641 4677 accepimus.

451 4720 721 4774 Caeterum
753 4721 822 4776 de
852 4721 955 4776 hoc
983 4723 1289 4777 millcnario
1319 4733 1563 4792 tempore
1596 4722 1820 4780 alicubi.
1859 4721 1963 4776 hoc

379 4819 468 4866 est
496 4812 551 4865 in
571 4809 801 4867 Joannis
833 4813 1183 4883 Apocalypsi,
1221 4815 1554 4866 mentionem
1587 4813 1726 4876 lieri,
1758 4821 1812 4867 et
1836 4829 1959 4866 eum

381 4907 582 4960 librum
613 4921 643 4958 a
669 4906 947 4976 plerisque
992 4905 1135 4960 inter
1173 4905 1471 4960 canonicos
1500 4906 1692 4974 recipi,
1719 4904 1959 4974 religiosi

380 4998 633 5053 homines
692 5014 801 5052 non
866 5000 1141 5068 ignorant.
1201 4997 1402 5052 Verum
1470 4999 1542 5050 ita
1609 4999 1956 5066 complures.

381 5089 656 5159 iidemque
688 5089 786 5158 pii,
820 5103 885 5142 ac
926 5087 1257 5158 spiritalium
1291 5103 1476 5142 rerum
1510 5087 1672 5157 periti
1713 5089 1766 5140 in
1810 5087 1958 5142 illius

379 5182 617 5236 lectione
639 5190 955 5247 versantur,
977 5189 1035 5235 ut
1053 5197 1173 5250 quae
1195 5183 1247 5234 in
1267 5181 1385 5248 ipso
1407 5181 1712 5250 spiritalem
1729 5195 1955 5235 sensum

377 5272 667 5326 continent
693 5273 1048 5340 accipientes,
1079 5287 1208 5326 vera
1240 5271 1334 5325 illa
1364 5271 1608 5339 quidem,
1645 5271 1742 5324 sed
1773 5271 1956 5324 alliori

379 5364 614 5429 quadam
651 5365 1008 5432 intelligentia
1039 5365 1308 5432 explicata
1356 5363 1648 5416 fateantur.
1676 5361 1812 5416 Nam
1846 5378 1954 5416 non

379 5454 512 5507 illud
560 5457 738 5510 solum
771 5473 878 5524 quo
928 5457 996 5510 de
1041 5457 1243 5525 agitur,
1300 5456 1393 5509 sed
1439 5466 1491 5509 et
1529 5457 1634 5509 alia
1683 5458 1954 5524 permulta

381 5546 828 5612 profundioribus
857 5548 1143 5602 sententiis
1164 5556 1510 5601 enarrantur.

454 5655 714 5711 XXXVII.
756 5657 914 5712 Nunc
947 5667 1126 5712 autem
1168 5658 1234 5710 ad
1275 5657 1381 5709 alia
1432 5663 1792 5723 properantes
1837 5655 1954 5708 bre-

382 5746 519 5803 vitvr
549 5749 870 5808 admonendi
907 5765 1068 5803 causa
1117 5749 1260 5803 istud
1295 5749 1658 5818 aspersimus,
1711 5763 1818 5817 quo
1862 5762 1951 5802 rc-

2132 4721 2242 4774 Kal.
2274 4721 2356 4774 ὅτι
2397 4722 2496 4793 μὲν
2522 4721 2830 4792 γέγραπται
2869 4722 2997 4792 περὶ
3025 4721 3122 4792 τῆς
3156 4721 3644 4794 χιλιονταετηρίδος

2061 4815 2281 4886 ταύτης,
2330 4817 2413 4868 ὅτι
2458 4817 2517 4868 ἐν
2573 4818 2639 4885 τῇ
2693 4814 3059 4883 Ἀποκαλύψει
3111 4816 3380 4880 Ἰωάννου,
3423 4820 3517 4871 καὶ
3561 4819 3644 4872 ὅτι

2060 4907 2212 4977 παρά
2261 4907 2535 4969 πλείστοις
2577 4908 2608 4976 ἡ
2662 4905 2842 4976 βίϐλος
2880 4908 3310 4977 πεπιστευμένη,
3357 4909 3450 4962 καὶ
3492 4910 3644 4981 παρὰ

2057 5002 2168 5061 τοῖς
2202 4998 2497 5066 θεοσεϐἐσι,
2523 4998 2710 5070 δῆλονο
2741 4999 2838 5070 τὴν
2867 4999 2922 5052 δὲ
2955 4998 3137 5068 βίϐλον
3176 5000 3642 5067 ἀναγινώσκοντες

2057 5095 2104 5143 οί
2149 5091 2412 5154 πλεῖστοι,
2453 5091 2549 5144 καὶ
2599 5091 2871 5156 εὐλαϐεῖς,
2921 5090 3197 5162 περὶ-τῶν
3253 5091 3642 5163 πνευματικῶν

2059 5182 2280 5245 εἰδότες,
2323 5183 2415 5235 καὶ
2460 5184 2518 5234 ἐν
2565 5183 2699 5253 αὐτῇ
2755 5182 3142 5252 πνευματικῶς
3187 5182 3379 5252 ἔχοντα
3433 5182 3646 5253 λαμϐάο·

2058 5292 2262 5338 νοντες,
2301 5275 2476 5344 ἀληθῆ
2528 5275 2626 5345 μὲν
2670 5275 2819 5340 ὄντα,
2867 5276 2923 5326 ἐν
2956 5275 3215 5345 βαθύτητι
3263 5275 3320 5326 δὲ
3352 5274 3643 5342 σαφηνιζὸ-

2063 5385 2197 5436 μενα
2227 5367 2672 5420 πεπιστεύκασιν.
2699 5367 2773 5418 Ού
2805 5368 2962 5437 μόνον
2985 5367 3092 5437 γὰρ
3113 5368 3228 5419 ἐκεῖ
3248 5365 3403 5419 τοῦτο
3435 5366 3643 5436 βαθέως

2057 5461 2293 5530 εἴρηται,
2324 5460 2458 5513 ἀλλὰ
2489 5461 2584 5513 καὶ
2621 5459 2756 5513 ἄλλα
2783 5459 2972 5513 πολλά.

2133 5655 2250 5706 ΛΖ’.
2297 5652 2385 5705 Ἑν
2411 5653 2467 5706 δὲ
2495 5651 2570 5722 τῷ
2603 5652 2829 5723 παρόντι
2866 5650 3046 5720 καιρῴ
3075 5645 3165 5702 διὰ
3209 5653 3306 5720 τὴν
3351 5648 3644 5718 συντομίαν

2065 5746 2222 5817 μόνον
2249 5748 2304 5798 ἐν
2335 5746 2634 5819 ὑπομνήσει
2659 5745 2959 5815 γεγένημαι
2985 5744 3059 5814 τῷ
3079 5743 3239 5814 λόγῳ,
3270 5745 3415 5808 ὅπως
3439 5743 3643 5815 γνῶσιν
