4134 6392
405 314 513 372 697
580 326 589 333 "

1004 319 1372 376 ADVERSUS
1407 320 1744 378 HERESES
1773 322 1900 377 LIB.
1942 323 2029 378 IlI.
2070 323 2231 380 ‘l‘Oil.
2273 324 2425 380 ll.—
2473 321 2741 383 ι-ιλΕιιΕε.
2784 327 3045 385 LXXVII.

3429 326 3646 392 ’698

401 435 453 486 oi
482 433 775 499 θεοσεϐεῖς,
805 434 890 489 ὅτι
932 437 1095 491 παντὶ
1125 437 1430 509 βουλομένῳ
1471 439 1818 508 ὑπερϐαίνειν
1848 441 1975 503 τοὺς

2081 443 2308 510 ligiosus
2333 444 2570 514 quilibet
2604 445 3093 510 animadverteret,
3127 444 3442 517 quicunque
3472 448 3646 502 semel

401 525 562 595 ὅρους
603 526 701 594 τῆς
727 527 889 595 ἁγίας
933 526 1070 582 Θεοῦ
1112 530 1456 601 Ἐκκλησίας,
1501 532 1597 584 καὶ
1623 530 1975 600 παραδόσεως

402 618 501 688 τῆς
548 619 895 689 προφητικῆς
939 620 1033 672 καὶ
1079 621 1464 691 ἀποπολικῆς,
1516 621 1750 685 πίστεώς
1793 639 1852 675 τε
1882 623 1977 676 xui

401 707 749 772 διδασκαλίας
777 708 874 780 τὴν
893 709 1104 775 ἐλπίδα,
1132 711 1240 765 ἀπὸ
1261 712 1359 783 τῆς
1391 712 1517 783 μιᾶς
1549 712 1855 776 ὑποθέσεως
1881 712 1974 766 τοῦ

406 800 626 871 μικροῦ,
655 800 751 854 καὶ
780 800 1009 873 βραχέος
1042 802 1200 870 λόγου
1224 843 1239 869 ,
1278 805 1417 856 κατὰ
1457 803 1518 857 τὸ
1547 805 1850 874 ἀκαριαῖον,
1884 806 1975 859 καὶ

396 894 565 964 ,τυχὸν
625 894 685 947 ὲν
741 893 1075 965 παρεκϐάσει
1133 895 1415 965 γινόμενος
1466 895 1829 966 φρονήματος,
1900 897 1976 957 εἰς

404 985 605 1049 πολλὰς
630 984 814 1039 λοιπὸν
856 985 1190 1055 κενοφωνίας
1234 986 1328 1038 καὶ
1371 986 1642 1057 σφαλερὰς
1671 987 1922 1050 ὑπονοίας
1947 987 1976 1037 ὁ

402 1077 680 1148 λογισμὸς,
714 1076 805 1129 καὶ
836 1077 917 1140 είς
947 1076 1341 1146 ἁναρμόστους,
1373 1077 1467 1130 καὶ
1504 1076 1662 1143 ξένας
1695 1077 1972 1150 ζητήσεις,

402 1170 497 1223 καὶ
530 1169 869 1237 ἀπεράντους
890 1168 1259 1237 γενεαλογίας,
1284 1169 1425 1223 κατὰ
1449 1169 1517 1222 τὰ
1540 1169 1645 1222 ὑπὸ
1674 1170 1769 1223 τοῦ
1809 1171 1976 1224 Ἀπο-

405 1262 594 1314 στόλου
614 1261 896 1333 εἰρημένα,
917 1262 1277 1332 τραπήσεται.
1303 1258 1456 1315 Εἶναι
1476 1261 1584 1331 γὰρ
1603 1262 1762 1315 τοῦτο
1783 1261 1976 1334 εὑηθες

401 1353 562 1417 πολὺ,
586 1354 682 1407 καὶ
720 1354 858 1424 μήτε
886 1352 1076 1424 χρείαν
1112 1352 1234 1423 ἔχον
1265 1353 1581 1425 ἑρμηνείας,
1618 1352 1779 1406 παντὶ
1808 1352 1975 1421 σαφές

401 1446 519 1498 ἐστι
544 1442 621 1514 τῷ
644 1445 856 1497 σύνεσιν
885 1443 1228 1515 κεκτημένῳ,
1258 1444 1340 1497 ὅτι
1366 1444 1485 1496 οὑδὲ
1517 1443 1788 1498 ἐπιδέεται
1814 1444 1979 1515 ζητή-

403 1554 541 1601 σεως
583 1536 866 1609 ἡτοιαύτη
914 1536 1073 1605 σοφία
1115 1538 1210 1589 καὶ
1260 1535 1514 1599 ὑπόθεσις
1561 1533 1655 1588 τοῦ
1699 1534 1874 1602 λόγου.
1913 1534 1976 1585 El

400 1627 509 1698 γὰρ
549 1625 875 1696 έγειρόμεθα
926 1625 1084 1678 πάλιν
1112 1624 1555 1698 περιτέμνεσθαι,
1581 1625 1687 1678 τίνι
1715 1624 1793 1695 τῷ
1835 1623 1978 1694 λόγῳ

399 1722 462 1775 οὑ
500 1720 911 1792 προειλήφαμεν
948 1719 1011 1774 τὸ
1049 1717 1505 1788 περιτέμνεσθαι;
1535 1717 1677 1787 ’Δρα
1707 1711 1800 1769 οῦν
1836 1714 1978 1768 κατὰ

399 1809 559 1866 τοῦτο
582 1810 1005 1883 ἀναγκαιότερος
1028 1812 1044 1841 ³
1070 1812 1103 1881 ή
1113 1808 1229 1880 μῶν
1254 1807 1610 1879 τυγχάνουσιν
1636 1808 1685 1859 οἱ
1713 1804 1977 1858 ἀπεντεῦ-

400 1904 493 1957 θεν
516 1903 578 1956 τὸ
607 1902 810 1956 τέλειον
849 1902 1184 1970 ἐπιγνόντες,
1209 1901 1301 1953 καὶ
1333 1899 1721 1971 προειληφότες
1743 1896 1972 1952 τελειοῦ-

403 1996 548 2062 σθαι,
576 1997 634 2050 ὲν
674 1999 742 2068 τῇ
784 1995 907 2049 τότε
958 1992 1229 2066 μελλούσῃ
1279 1992 1596 2063 τελειότητι.
1639 1990 1749 2045 Ποῦ
1779 1986 1872 2044 οῦν
1918 1988 1981 2042 τὸ

402 2088 554 2159 παρὰ
581 2086 659 2159 τῷ
714 2086 1024 2158 ’Δποστόλῳ
1067 2085 1394 2157 εἰρημένον,
1435 2085 1518 2138 ὅτι
1577 2083 1718 2138 Ἐὰν
1749 2081 1979 2151 περιτέ-

395 2184 653 2252 μνησθε,
669 2180 927 2250 Χριστὸς
961 2179 1116 2250 ὑμᾶς
1134 2180 1313 2233 οὐδὲν
1338 2178 1638 2249 ὠφελήσει
1655 2178 1802 2244 ;καὶ,
1830 2179 1981 2231 Οἵτι-

399 2289 504 2338 νες
534 2273 605 2325 ἐν
629 2273 791 2343 νόμῳ
822 2268 1187 2333 δικαιοῦσθε,
1217 2269 1329 2339 τῆς
1353 2270 1594 2340 χάριτος
1617 2268 1978 2334 ἐξεπέσατε⁶

399 2365 496 2416 καὶ
542 2362 658 2426 πῶς
698 2365 761 2416 τὸ
802 2362 955 2433 παρὰ
999 2360 1078 2431 τῷ
1121 2360 1314 2432 Κυρίῳ
1355 2361 1672 2432 εἰρημένονο
1727 2361 1825 2413 Ἐν
1870 2361 1983 2429 γὰρ

401 2454 478 2523 τῇ
507 2453 839 2509 ἀναστάσει
870 2454 1008 2508 οὔτε
1036 2453 1357 2524 γαμοῦσιν,
1389 2455 1529 2508 οὔτε
1552 2454 1976 2525 γαμίσκονται·

400 2545 565 2599 ἀλλὰ
610 2544 920 2616 ισὰγνγελοί
956 2549 1095 2600 είσι.
1144 2544 1218 2597 Τὸ
1247 2544 1324 2609 δὲ,
1368 2543 1717 2611 Καθήσεσθε
1746 2544 1845 2596 ἐπὶ
1875 2541 1982 2611 τῆς

400 2635 690 2707 τραπέζης
710 2639 817 2693 τοῦ
846 2638 1075 2707 Πατρός
1082 2654 1201 2708 μου
1224 2637 1535 2702 ἐσθίοντες
1558 2636 1658 2689 καί
1678 2636 1978 2701 πίνοντες·

403 2728 521 2792 καὶ,
556 2729 732 2781 Ὅταν
762 2727 906 2782 αὐτὸ
928 2728 1042 2781 πίω
1074 2726 1286 2780 καινὸν
1313 2725 1444 2795 μεθ’
1471 2724 1639 2793 ὑμῶν
1668 2724 1740 2778 ἐν
1764 2722 1840 2792 τῇ
1862 2724 1980 2789 βα-

402 2822 605 2890 σιλείᾳ
634 2820 753 2874 τῶν
774 2818 1066 2889 οὐρανῶν,
1113 2819 1249 2891 μετὰ
1277 2817 1594 2889 προσθήκης
1624 2817 1717 2870 τοῦ
1735 2818 1978 2870 καινόν’

402 2915 502 2969 καὶ
527 2915 609 2978 τὸ,
654 2913 784 2967 Ἐπὶ
810 2914 921 2981 τῆς
952 2910 1372 2982 τραπέζηςτοῆς
1400 2911 1724 2976 ,ϐασιλείας
1743 2949 1758 2973 ,
1796 2910 1982 2981 ἕτερον

402 3008 497 3059 τὸν
529 3006 655 3059 νοῦν
690 3005 961 3076 σημαίνει.
988 3004 1102 3058 Καὶ
1129 3003 1238 3075 γὰρ
1276 3005 1371 3057 καὶ
1397 3002 1549 3056 αὑτοί
1579 3020 1779 3073 φαμεν,
1813 3019 1983 3073 μεμα-

2075 539 2408 593 constitutos
2442 540 2498 591 in
2532 536 3100 602 Ecclesiavterminos,
3130 554 3195 594 ac
3234 541 3569 610 prophetica:
3594 553 3648 597 et

2076 630 2392 698 apostolicae
2446 629 2592 691 ﬁdei,
2644 644 2810 699 quam
2850 629 3109 684 traditam
3165 632 3505 701 accepimus,
3542 632 3650 687 do-

2074 722 2377 792 ctrinmque
2422 738 2573 791 spem
2620 722 2803 792 egredi
2844 724 3097 788 voluerit,
3138 724 3262 791 ejus
3302 725 3546 779 animum
3578 740 3651 781 ex

2076 816 2338 870 levissimi
2370 814 2608 884 alicujus
2654 815 2952 870 occasione
2979 815 3133 880 dicti,
3168 816 3224 868 iu
3252 831 3312 871 re
3340 817 3553 871 modica
3584 830 3650 869 ac

2075 910 2284 964 nullius
2305 924 2444 978 pene
2468 909 2734 963 momenti
2766 924 2796 960 a
2829 908 3104 963 communi
3131 909 3218 962 via
3246 908 3646 971 deflectentem,

2077 999 2146 1054 ad
2181 998 2522 1053 vanissimas
2565 997 2802 1053 subinde
2843 998 3205 1063 assertiones,
3237 998 3650 1068 periculosissi-

2061 1105 2302 1160 ‘masque
2341 1090 2668 1154 sententias,
2711 1097 2768 1144 et
2812 1089 2880 1143 ad
2922 1089 3193 1145 absurdus
3238 1104 3303 1143 ac
3330 1090 3651 1159 peregrinas

2075 1179 2429 1249 qumstiones,
2460 1188 2648 1248 atque,
2675 1187 2738 1233 ut
2759 1178 3058 1248 Apostolus
3085 1178 3332 1249 loquitur
3351 1180 3397 1243 ²,
3423 1180 3653 1234 inextri-

2068 1271 2281 1326 cabiles
2314 1272 2681 1341 genealogias,
2724 1285 2850 1325 esse
2892 1271 3193 1341 lapsurum.
3226 1270 3383 1336 Quod
3431 1269 3651 1340 quidem

2078 1362 2144 1415 ad
2177 1362 2231 1415 id
2258 1360 2325 1416 de
2350 1376 2462 1431 quo
2489 1363 2542 1415 in
2586 1363 2882 1433 praesentia
2911 1376 3095 1416 sermo
3128 1370 3233 1425 est,
3265 1361 3480 1422 attinet.
3511 1361 3654 1415 stqu

2080 1454 2359 1509 tissimum
2428 1455 2575 1509 istud
2634 1470 2794 1520 esse,
2859 1470 3037 1524 neque
3094 1454 3456 1524 esplicatione
3512 1468 3654 1522 opus

2076 1544 2304 1607 habere,
2345 1544 2600 1614 quisquis
2627 1544 2913 1614 paululum
2962 1545 3105 1614 sapit
3141 1544 3403 1599 facillime
3445 1557 3655 1612 cogno-

2075 1635 2200 1699 scit,
2230 1651 2333 1691 nec
2370 1636 2427 1691 in
2458 1635 2732 1705 ejusmodi
2782 1636 3053 1705 sapientia
3082 1636 3450 1705 opinioneque
3486 1635 3652 1705 quid-

2005 1776 2053 1837 B
2080 1742 2245 1797 quam
2282 1742 2428 1793 esse,
2472 1726 2620 1797 quod
2652 1726 3063 1797 inquisitidnem
3091 1726 3383 1781 desideret.
3426 1723 3565 1780 Nam
3604 1723 3655 1781 si

2080 1820 2262 1874 denuo
2291 1826 2352 1873 ut
2382 1816 2843 1873 circumcidamur
2874 1818 3232 1887 resurgimus,
3269 1831 3370 1871 cur
3400 1831 3508 1869 non
3546 1816 3655 1870 cir-

2080 1909 2471 1965 cumcisionem
2515 1909 2941 1964 antevertimus?
2973 1906 3118 1962 Sane
3159 1907 3252 1978 qui
3302 1906 3357 1960 in
3406 1907 3509 1960 hac
3542 1906 3652 1958 vita

2080 2000 2338 2071 idipsum,
2381 2000 2528 2071 quod
2573 1999 2875 2071 perfectum
2916 1999 3169 2060 habetur,
3204 1998 3412 2068 1032
3445 2011 3652 2066 cogno-

2079 2096 2282 2156 verint,
2316 2102 2370 2149 et
2409 2099 2564 2147 tanto
2596 2101 2724 2148 ante
2763 2107 3033 2162 usurpare
3067 2093 3353 2159 cmperiut,
3402 2091 3654 2143 luculen-

2081 2186 2195 2241 tius
2220 2184 2289 2238 ad
2321 2183 2562 2239 futuram
2592 2184 2737 2238 illam
2766 2182 3155 2254 perfectionem
3180 2180 3535 2235 obtinendam
3562 2180 3656 2249 jus

2080 2280 2227 2334 nacti
2272 2284 2446 2338 sunt.
2483 2274 2758 2342 Quorsum
2812 2275 2978 2344 igitur
3027 2273 3095 2328 ab
3147 2272 3404 2341 Apostolo
3448 2271 3656 2325 dictum

2080 2378 2197 2426 est:
2243 2368 2304 2423 Si
2335 2366 2813 2431 circumcidamini,
2851 2364 3097 2421 Christus
3139 2363 3271 2417 nihil
3321 2362 3464 2419 vobis
3495 2360 3662 2430 prod-

2080 2464 2181 2516 erit
2203 2461 2261 2514 '?
2289 2458 2424 2515 Item
2450 2478 2464 2514 :
2493 2458 2599 2525 Qui
2629 2459 2687 2513 in
2709 2458 2818 2528 lege
2834 2457 3237 2527 justificamiui,
3261 2473 3294 2509 a
3313 2456 3492 2526 gratia
3518 2455 3662 2507 exei-

2082 2553 2238 2607 dislis
2260 2552 2303 2605 ’⁵.
2356 2551 2496 2605 Tum
2550 2550 2682 2605 illud
2739 2550 2927 2615 etiam
2959 2549 3263 2603 Salvatoris
3308 2546 3560 2601 dictum:
3597 2543 3663 2597 In

2082 2644 2473 2699 resurrectione
2506 2644 2646 2697 enim
2687 2658 2850 2712 neque
2880 2641 3081 2695 ducunt
3112 2655 3325 2701 uxores,
3369 2653 3530 2707 neque
3565 2652 3665 2689 uu—

2084 2736 2251 2800 bunt;
2285 2735 2376 2790 sed
2408 2734 2636 2805 wquales
2668 2743 2792 2787 sunt
2817 2733 3019 2802 angelis
3042 2733 3083 2785 ⁸.
3119 2730 3278 2797 Quod
3308 2740 3490 2784 autem
3524 2727 3666 2783 scri-

2081 2835 2236 2899 ptum
2268 2835 2355 2882 est
2386 2845 2399 2880 :
2435 2826 2695 2881 Sedebilis
2731 2824 2799 2877 ad
2830 2838 3065 2878 mensam
3126 2821 3310 2875 Patris
3356 2820 3483 2882 mei,
3521 2834 3667 2872 com-

2081 2921 2291 2976 edentes
2332 2928 2383 2973 et
2424 2918 2651 2972 bibentes
2670 2918 2714 2980 ⁶,
2767 2923 2822 2970 et
2869 2914 3044 2970 :Cum
3080 2913 3215 2967 illud
3255 2911 3432 2966 bibam
3477 2926 3666 2965 novum

2082 3015 2350 3069 vobiscum
2377 3012 2433 3065 in
2479 3026 2637 3080 regno
2670 3008 2920 3063 caelorum
2941 3008 2986 3072 ⁷,
3013 3022 3077 3063 ex
3111 3022 3178 3062 eo
3214 3007 3362 3076 quod
3406 3005 3663 3068 additur,

406 3099 633 3170 θηκότες
674 3098 783 3152 ἀπὸ
815 3097 923 3151 τῶν
955 3096 1115 3150 θείων
1158 3096 1352 3164 λόγων,
1402 3094 1702 3167 μετάληψίν
1735 3112 1855 3148 τινα
1884 3094 1979 3148 πό-

2082 3121 2290 3167 novum,
2347 3111 2423 3170 et,
2459 3103 2528 3156 ad
2562 3117 2799 3156 mensam
2828 3100 3006 3170 regni,
3044 3098 3152 3153 alio
3184 3112 3348 3153 sensu
3386 3097 3665 3166 accipien-

410 3205 578 3258 ματος
616 3188 711 3241 καὶ
743 3185 1032 3259 βρώματος
1075 3185 1377 3257 ἀμϐροσίου
1401 3200 1415 3214 ⁸
1466 3186 1594 3257 περὶ
1625 3179 1700 3237 ὧν
1743 3183 1978 3255 εἴρηται,

405 3280 488 3334 ὅτι
523 3282 596 3334 Ἀ
627 3277 935 3348 ὀφθαλμὸς
976 3280 1088 3331 οὐκ
1126 3274 1271 3340 οἶδε,
1306 3276 1406 3329 καί
1443 3271 1555 3342 οὖς
1583 3279 1695 3330 οὐκ
1732 3274 1981 3344 ἤκουσε,

406 3371 505 3426 καὶ
535 3371 635 3425 ἐπὶ
668 3370 920 3439 καρδίαν
944 3369 1258 3437 ἀνθρώπου
1291 3372 1402 3423 οὐκ
1435 3368 1618 3437 ἀνέϐη
1638 3384 1649 3397 ·
1682 3366 1722 3422 ἄ
1744 3368 1987 3439 ἡτοίμα-

405 3480 522 3519 σεν
549 3467 582 3518 d
613 3462 758 3529 Θεὸς
786 3461 912 3528 τοῖς
940 3460 1257 3532 ἀγαπῶσιν
1285 3463 1491 3516 αὐτόν.

481 3737 614 3792 AH'.
656 3734 819 3791 Ἀλλά
860 3752 1044 3807 φησιν,
1074 3737 1158 3789 ὅτι
1240 3734 1464 3808 Πρῶτον
1491 3735 1591 3808 μὲν
1618 3739 1677 3805 ἐν
1698 3738 1763 3808 τῇ
1793 3736 1991 3807 χιλιον-

408 3826 691 3898 ταετηρίδι
719 3826 829 3880 τῶν
860 3824 1107 3895 φυσικῶν
1141 3825 1628 3897 μεταλαμϐάνομεν
1666 3826 1837 3898 ἡδέων
1860 3827 1988 3881 ἄνευ

411 3917 662 3989 καμάτου
712 3918 806 3972 διαὶ
839 3917 1049 3988 λύπης·
1087 3916 1226 3987 μετὰ
1270 3916 1327 3969 δὲ
1360 3916 1458 3989 τὴν
1505 3916 1987 3989 χιλιονταετηρίδα,

410 4012 534 4065 τότε
580 4011 1067 4083 μεταλαμϐάνομεν
1097 4002 1174 4064 ὧν
1206 4008 1442 4081 εἴρηται,
1494 4011 1632 4065 κατά
1664 4010 1725 4063 τὸ
1765 4009 1992 4081 εἰρημέ-

410 4122 504 4159 νον
518 4121 533 4138 ·
558 4105 627 4162 ’Δ
647 4104 958 4174 ὀφθαλμὸς
976 4106 1090 4159 οὐκ
1111 4103 1256 4168 οἶδε,
1274 4104 1373 4158 καὶ
1397 4099 1508 4170 οὖς
1529 4105 1638 4158 οὐκ
1658 4102 1943 4171 ἤκουσεν.
1971 4178 1978 4186 ’

497 4280 796 4345 Ἀντίθετος
839 4280 897 4335 δέ
930 4282 1077 4335 ἐστιν
1106 4281 1137 4333 6
1183 4280 1343 4349 λόγος
1382 4279 1519 4351 πρὸς
1542 4278 1641 4350 τὴν
1669 4280 1849 4333 πᾶσαν
1891 4278 1994 4348 τῆς

414 4373 640 4445 Γραφῆς
670 4372 924 4445 θεωρίαν.
956 4373 1020 4425 El
1062 4372 1170 4443 γὰρ
1199 4373 1228 4425 6
1258 4372 1423 4442 νόμος
1451 4370 1640 4424 οὐδένα
1687 4370 1988 4433 ἐτελείωσε,

2085 3199 2217 3253 dum
2254 3195 2390 3249 illud
2428 3194 2671 3249 videtur.
2721 3191 2938 3262 Quippe
2985 3198 3040 3245 et
3092 3204 3213 3252 nos,
3243 3188 3297 3243 id
3328 3186 3475 3258 quod
3504 3202 3537 3242 e
3578 3201 3667 3241 sa-

2084 3289 2198 3344 cris
2223 3285 2404 3341 Libris
2450 3283 2768 3348 didicimus,
2809 3289 3001 3352 potum
3053 3294 3118 3335 ac
3155 3279 3340 3334 cibum
3374 3280 3665 3349 quemdam

2086 3380 2200 3436 illic
2229 3377 2567 3433 smbrosium
2616 3389 2742 3432 esse
2773 3373 3139 3438 defendimus,
3172 3373 3242 3428 de
3285 3372 3487 3442 quibus
3527 3371 3668 3425 scri-

2086 3475 2242 3539 pturn
2265 3474 2351 3523 est
2381 3484 2399 3521 ι
2420 3465 2553 3532 Qua:
2606 3463 2792 3519 oculus
2814 3479 2919 3518 non
2955 3460 3113 3527 vidit,
3152 3477 3249 3517 nec
3287 3462 3437 3516 auris
3469 3461 3668 3525 audiit,

2087 3576 2249 3631 neque
2290 3560 2346 3613 in
2393 3574 2485 3612 eor
2532 3556 2758 3611 hominis
2796 3553 3175 3620 ascenderunt;
3206 3569 3323 3625 qua:
3347 3554 3669 3624 pra'paravit

2086 3650 2229 3707 Deus
2258 3647 2596 3719 diligentibus
2621 3663 2676 3702 se
2697 3648 2741 3700 ⁸.

2162 3740 2445 3797 XXXVIII.
2489 3740 2596 3795 Sed
2645 3740 2722 3794 ita
2755 3738 2848 3794 ille
2885 3738 3080 3794 statuit
3111 3733 3398 3792 :Primum
3449 3734 3509 3790 in
3548 3742 3666 3789 toto

2089 3835 2185 3890 illo
2209 3832 2523 3888 milieuario
2548 3828 2834 3885 curriculo
2867 3826 3215 3882 naturalibus
3242 3841 3345 3881 nos
3373 3825 3671 3897 voluptati-

2089 3928 2193 3984 bus
2222 3940 2344 3982 esse
2383 3924 2669 3984 fruiturus,
2700 3921 2886 3976 labore
2935 3920 3082 3974 omni
3116 3934 3181 3974 ac
3211 3919 3399 3974 dolore
3420 3919 3659 3980 sublato,

2089 4033 2201 4089 quo
2255 4015 2477 4088 quidem
2538 4014 2757 4069 evoluto
2808 4020 3081 4080 tempore,
3123 4025 3313 4065 eorum
3358 4023 3481 4079 quae
3519 4009 3668 4063 dicta

2090 4118 2239 4175 sunt,
2294 4106 2590 4177 participes
2640 4104 2878 4159 futuros.
2921 4102 3076 4169 Quod
3113 4101 3227 4156 lucc
3273 4102 3439 4156 verba
3482 4100 3667 4155 decla-

2090 4208 2217 4254 rant
2245 4219 2258 4254 :
2290 4200 2424 4265 Quae
2456 4215 2548 4253 nec
2566 4196 2749 4251 oculus
2774 4194 2926 4259 vidit,
2959 4209 3052 4247 nec
3079 4193 3225 4246 auris
3265 4190 3490 4245 audivit.

2162 4289 2364 4346 Verum
2414 4291 2502 4345 hic
2547 4290 2765 4343 illorum
2826 4302 3011 4343 sermo
3061 4283 3319 4339 omnibus
3368 4280 3669 4350 Scriptura

2095 4382 2383 4439 sententiis
2423 4389 2708 4452 repugnat.
2750 4378 2887 4434 Cum
2918 4378 3065 4432 enim
3099 4377 3186 4432 les
3228 4375 3499 4431 neminem
3540 4387 3668 4443 pero

415 4467 579 4538 νόμον
599 4466 657 4520 δὲ
689 4465 831 4538 μετὰ
872 4465 1168 4519 ἀνάστασιν
1202 4463 1492 4534 φυλάττειν
1520 4461 1983 4533 προσταττόμεθα,

2093 4475 2296 4530 fectum
2349 4473 2668 4538 reddiderit,
2725 4478 2780 4526 et
2817 4472 3064 4526 eamdem
3119 4476 3300 4522 tamen
3339 4466 3515 4536 legem
3546 4472 3670 4534 post

415 4561 512 4613 καὶ
535 4560 619 4613 ὅτι
650 4557 805 4626 ἅγιος
845 4556 1008 4627 νόμος
1038 4558 1067 4609 6
1096 4554 1186 4609 διὰ
1223 4553 1504 4616 Μωῦσέως
1541 4552 1645 4605 ὑπὸ
1675 4551 1879 4623 Κυρίου
1911 4551 1995 4605 δο-

417 4654 537 4718 θεὶς
564 4651 915 4721 παιδαγωγὸς
951 4652 1032 4715 είς
1063 4649 1297 4721 Χριστὸν
1323 4650 1453 4719 ἡμῖν
1485 4646 1728 4715 γέγονεν,
1751 4646 1827 4710 ὡς
1862 4647 1995 4700 ὑπο-

396 4746 698 4817 ιδεέστερος
733 4743 843 4798 τῶν
879 4742 1270 4812 τελειουμένων
1292 4740 1371 4811 τῷ
1401 4738 1631 4810 μείζονι,
1666 4740 1761 4793 καὶ
1792 4737 1996 4792 τελειο-

416 4839 564 4909 τάτῳ
628 4836 925 4907 προσάγειν
982 4833 1434 4903 πεπιστευμένος.
1494 4830 1733 4902 Χριστοῦ
1790 4832 1848 4885 δὲ
1898 4831 1993 4885 τοῦ

416 4930 623 4983 τελείου
653 4929 922 4992 ἐλθόντος,
942 4928 1038 4980 καὶ
1064 4925 1355 4987 Δεσπότου,
1386 4925 1482 4976 καὶ
1507 4923 1901 4994 παρειληφότος
1931 4925 1994 4976 ἐκ

418 5023 600 5095 χειρὸς
630 5021 723 5076 τοῦ
758 5020 1276 5091 παιδαγωγήσαντος
1317 5016 1410 5069 τὸν
1432 5016 1805 5085 εἰσαγόμενον,
1834 5032 1993 5068 τουτ-

419 5117 535 5168 έστι
563 5114 672 5167 τῶν
704 5113 914 5167 πιστῶν
954 5112 1053 5182 τὴν
1107 5111 1270 5180 ἁγίαν
1300 5108 1596 5179 Παρθένον,
1636 5109 1731 5160 καὶ¹
1767 5107 1996 5177 Ἐκκλη-

423 5205 566 5269 σίαν,
598 5204 862 5276 καὶήμῶν
877 5203 1229 5273 ὲπιγνόντων,
1262 5202 1352 5255 διὰ
1381 5202 1480 5273 μὲν
1517 5200 1683 5271 νόμου
1713 5200 1809 5253 τοῦ
1840 5199 1996 5253 παιδ-

422 5295 642 5363 αγωγοῦ
685 5295 777 5348 τὸν
838 5292 1062 5365 μείζονα
1111 5294 1207 5346 καὶ
1255 5291 1543 5361 τελειωτὴν
1595 5290 1824 5361 Ἰησοῦν,
1878 5290 1997 5355 πῶς

421 5387 544 5457 οὑχὶ
589 5386 787 5457 μᾶλλον
829 5385 1087 5458 βραχείας
1126 5384 1334 5447 ἐννοίας
1381 5384 1477 5436 καὶ
1510 5383 1762 5453 εὐηθείας
1798 5383 1998 5453 μᾶλλον

422 5477 764 5550 δειχθήσεται
796 5480 825 5530 6
864 5477 1020 5545 λόγος
1057 5475 1164 5530 τῶν
1205 5475 1274 5528 τὰ
1314 5474 1539 5529 τοιαῦτα
1588 5474 1875 5543 λεγόντων,
1913 5476 1998 5529 ὅτι

499 5660 515 5730 _‘
551 5655 609 5712 Ρ.
632 5657 1074 5730 ἀναγκαιότερον2
1167 5658 1187 5688 ³
1216 5654 1472 5730 ΙΤίηιηι,
1630 5655 1682 5730 --³
1712 5655 1829 5710 Gal.
1862 5673 1920 5719 ιι,
1953 5658 2004 5713 5.

427 5727 452 5761 ⁸
483 5727 617 5785 Luc.
650 5723 785 5790 χιιι,
810 5728 897 5784 50.
961 5723 991 5760 ’⁷
1025 5727 1189 5782 Marc.
1222 5743 1329 5789 xw,
1354 5727 1442 5781 :24.
1520 5727 1538 5758 ⁸
1577 5724 1594 5779 I
1623 5723 1747 5780 Cor.
1788 5743 1842 5788 ιι,
1873 5729 1926 5785 9.

2089 4566 2544 4621 resurrectionem
2593 4564 2888 4619 observare
2935 4577 3037 4616 nos
3094 4560 3328 4627 jubeant
3368 4575 3383 4611 :
3431 4569 3669 4626 cumque

2091 4667 2279 4715 sancta
2313 4657 2405 4711 illa
2434 4657 2543 4721 lex,
2577 4671 2743 4727 quam
2786 4669 2882 4725 per
2912 4652 3151 4717 Movsem
3197 4650 3462 4705 Dominus
3504 4646 3668 4703 nobis

2080 4753 2280 4816 edidit,
2337 4751 2617 4822 paedagogi
2667 4766 2769 4806 nos
2821 4748 3038 4804 instar“
3079 4745 3149 4801 ad
3204 4743 3484 4800 Christum
3542 4755 3670 4811 per-

2092 4845 2332 4908 duxerit,
2369 4844 2484 4906 cui,
2525 4843 2674 4913 quod
2715 4843 2877 4912 longe
2927 4838 3196 4895 absolutis
3246 4836 3358 4890 illis
3400 4848 3465 4889 ac
3496 4832 3670 4903 perfe-

2092 4938 2199 4994 ctis
2230 4947 2377 4993 esset
2401 4935 2655 4997 inferior,
2690 4934 2880 4988 datum
2924 4931 3202 5002 negotium
3234 4937 3339 4991 est,
3373 4936 3435 4981 ut
3466 4938 3569 4980 nos
3597 4923 3668 4978 ad

2092 5026 2458 5086 excellentius
2515 5024 2649 5080 illud
2678 5062 2695 5089 ,
2742 5038 2809 5078 ac
2868 5024 3018 5077 velut
3069 5026 3237 5090 caput
3288 5030 3668 5085 summumque

2093 5119 2414 5183 deduceret,
2470 5131 2595 5170 cum
2627 5124 2751 5186 post
2802 5114 2917 5169 haec
2966 5112 3220 5167 Christus
3252 5108 3527 5181 perfectus
3574 5107 3668 5162 ille

2093 5225 2158 5264 ac
2192 5208 2458 5263 Dominus
2492 5205 2793 5268 advenerit,
2815 5218 2880 5258 ac
2896 5204 2963 5257 de
2981 5201 3256 5273 paedagogi
3291 5215 3454 5253 manu
3492 5197 3666 5251 alum-

2094 5317 2226 5355 num
2285 5314 2349 5354 ac
2409 5298 2667 5363 tironem,
2730 5296 2835 5350 hoc
2876 5302 2963 5349 est
3018 5294 3301 5348 collectam
3339 5307 3371 5346 e
3417 5288 3666 5344 fidelibus

2095 5391 2431 5452 Ecclesium,
2488 5389 2636 5443 velut
2681 5387 2976 5458 quamdam
3027 5383 3296 5453 virginem
3352 5378 3664 5448 acceperit;

2097 5484 2234 5539 adeo
2282 5489 2339 5534 ut
2384 5478 2820 5550 praestantiorem
2875 5476 3066 5535 alium,
3102 5471 3359 5525 nimirum
3409 5481 3662 5522 consum-

3242 5637 3373 5696 Luc.
3434 5654 3526 5706 xx,
3578 5634 3658 5694 35

2115 5655 2137 5686 ⁸
2168 5653 2286 5709 Gal.
2327 5668 2381 5709 ν.
2415 5651 2470 5706 4.
2578 5650 2598 5682 ⁸
2637 5647 2824 5704 Matth.
2856 5661 2991 5712 χχιι,
3053 5642 3157 5708 ’50;

2005 5727 2027 5760 ⁹
2051 5725 2167 5781 Gal.
2203 5740 2285 5789 ιιι,
2327 5722 2413 5778 24.
