4134 6392
460 272 570 333 699

1875 279 1930 335 S.
1965 279 2308 339 ΕΡΙΡΗΑΝΙΙ

3639 281 3751 342 700

463 398 733 443 matorem
761 387 976 454 Jesum,
1012 389 1170 455 legis,
1211 391 1291 445 sic
1321 399 1584 463 tanquam
1616 392 1920 465 padagogi,
1966 394 2060 449 be-

2180 398 2312 460 μετὰ
2356 396 2454 469 τῆν
2481 397 2574 452 τοῦ
2607 398 2846 471 Χριστοῦ
2895 398 3174 454 τελείωσιν
3207 397 3366 454 πάλιν
3397 398 3746 468 παιδαγωγοῦ

464 483 664 537 nelicio
717 484 1177 553 cognoverimus;
1220 500 1406 540 nonne
1457 501 1672 540 summa
1723 502 1791 540 ex
1843 488 2051 558 ingenii

467 573 652 643 inopia
703 588 769 628 ac
824 575 1059 628 Stultitia
1104 574 1410 644 profectum
1454 585 1562 640 est,
1598 577 1745 648 quod
1796 578 1866 633 ab
1903 579 2053 634 illius

467 665 740 736 dogmatis
770 668 1016 736 patronis
1057 668 1366 723 asseritur:
1398 678 1523 738 post
1551 671 1808 724 collatam
1839 671 1986 727 illam
2022 686 2054 724 a

477 757 700 812 Christo
732 758 1146 826 perfectionem,
1185 759 1478 831 paedagogo
1507 761 1701 815 iterum
1735 778 1875 831 opus
1911 777 2057 826 esse,

473 860 532 902 ut
568 849 635 904 ad
681 851 863 918 priora
905 852 993 904 illa
1047 851 1222 917 initia,
1255 861 1310 907 et
1354 857 1621 910 elementa
1651 895 1663 919 ,
1719 855 2056 910 doctrinam-

471 953 600 1006 que,
633 953 696 991 ac
725 954 981 993 manuum
1006 941 1412 1011 impositionem
1450 952 1813 1010 revertamur,
1831 953 1891 998 ut
1923 945 2062 998 alic-

473 1031 566 1085 ubi
616 1032 881 1102 scripturn
941 1034 1106 1088 est‘?
1143 1050 1266 1089 cum
1310 1043 1494 1092 tamen
1529 1037 1828 1107 Apostolus
1853 1035 2061 1090 diserte

470 1139 574 1178 nos
619 1124 816 1178 doceat
863 1143 876 1178 :
933 1125 1206 1196 Quidquid
1254 1128 1604 1182 inveteratum
1657 1138 1777 1191 est,
1849 1126 2061 1197 1033

472 1233 536 1269 ac
573 1217 716 1270 senio
737 1218 1316 1288 confcctum,_proxime
1342 1221 1411 1273 ad
1435 1221 1707 1274 interitum
1736 1229 1971 1288 spectare
2002 1219 2057 1283 ’ς

472 1308 620 1378 quod
659 1311 727 1363 de
757 1308 950 1364 Vetere
981 1309 1339 1366 Testamento
1377 1326 1441 1365 ac
1472 1311 1586 1382 lege
1634 1308 2011 1380 pronuntiavit
2045 1325 2058 1360 :

477 1401 954 1474 Translata-terum,
991 1403 1189 1473 inquit,
1230 1403 1550 1470 sacerdotio,
1597 1403 1892 1457 necessario
1923 1401 1984 1469 ﬁt
2015 1409 2066 1454 et

472 1492 602 1562 legis
654 1495 1006 1550 lranslatio'.
1069 1493 1254 1561 Quare
1293 1511 1419 1551 cum
1474 1494 1663 1550 Vetere
1713 1493 2066 1549 Testamento

2155 489 2335 559 χρεία.
2367 491 2515 555 ὅπως
2559 493 2979 565 ἐπιστρέψωμεν
3004 493 3097 545 ἐπὶ
3133 491 3231 562 τὴν
3272 491 3447 562 ἀρχὴν
3467 492 3574 544 τῶν
3607 510 3746 546 στοι-

2155 580 2341 651 χείων,
2377 587 2471 636 καὶ
2518 582 2761 653 διδαχῆς,
2794 584 2889 636 καὶ
2931 583 3230 646 ἐπιθέσεως
3254 581 3452 655 χειρῶν
3472 625 3486 650 ,
3521 583 3663 636 κατὰ
3685 584 3752 637 τὸ

2155 674 2586 744 γεγραμμένον;
2647 677 2833 746 σαφῶς
2883 679 3014 748 ἡμῖν
3061 677 3155 730 τοῦ
3203 676 3521 730 Ἀποστόλου
3561 676 3748 746 λέγον-

2157 777 2270 825 τος,
2321 763 2404 815 ὅτι
2468 762 2598 818 Πᾶν
2650 765 2717 818 τὸ
2770 768 3216 836 παλαιούμενον
3285 766 3385 820 καί
3441 766 3753 836 γηράσκον

2159 855 2342 924 ἐγγὺς
2365 857 2712 928 ἀφανισμοῦ
2742 861 2994 931 γίνεταιο
3025 861 3100 924 ὡς
3130 861 3259 933 περὶ
3285 860 3524 925 Παλαιᾶς
3554 859 3752 930 Διαθή-

2161 963 2266 1017 κης
2300 948 2395 1001 καὶ
2431 949 2772 1018 νομοθεσίας.
2807 951 3258 1022 Μετατιθεμένης
3299 951 3429 1022 γὰρ,
3463 951 3618 1021 φησὶ,
3653 949 3754 1020 τῆς

2166 1037 2467 1108 ἱερωσύνης
2500 1039 2560 1104 ἐξ
2595 1041 2841 1111 ἀνάγκης
2873 1043 2968 1096 καὶ
2994 1043 3160 1113 νόμου
3199 1042 3486 1112 μετάθεσις
3519 1042 3749 1109 γίνεται.

2169 1129 2240 1180 Ἢ
2269 1129 2290 1159 ⁴⁵
2315 1128 2375 1198 ¹δὲ
2413 1131 2672 1204 μετετέθη
2699 1134 2731 1203 ἡ
2769 1132 3002 1200 Παλαιὰ,
3031 1135 3124 1187 καὶ
3166 1132 3515 1202 ἀνεκαινίσθη
3553 1133 3586 1202 ή
3616 1131 3752 1194 Νέαν

2169 1219 2251 1283 τίς
2286 1221 2417 1292 ἡμῖν
2463 1222 2628 1276 πάλιν
2672 1224 2962 1296 τολμηρῶς
3013 1227 3338 1298 παρεισάγοι
3386 1224 3629 1278 Παλαιὰν
3675 1222 3757 1285 είς

2171 1313 2386 1382 χρῆσιν,
2440 1315 2539 1385 τὴν
2580 1318 2790 1388 Καινὴν
2836 1320 2916 1382 εἰς
2967 1319 3271 1372 παλαίωσιν
3312 1317 3756 1389 μετατιθέμενος,

2169 1402 2271 1472 τῆς
2313 1404 2412 1474 μὲν
2442 1407 2664 1477 χάριτος
2697 1411 2994 1464 ἀποπεσεῖν
3024 1409 3482 1482 παρασκευάζων,
3521 1408 3612 1461 καὶ
3652 1407 3762 1459 ἀπὸ

2170 1493 2272 1564 τῆς
2306 1496 2571 1565 ὠφελείας
2606 1502 2844 1573 Χριστοῦ
2873 1504 3024 1575 ἡμᾶς
3064 1503 3351 1575 ἐκτρέπειν
3381 1499 3755 1573 πειρώμενοςς

473 1589 766 1654 translato,
826 1588 1036 1643 Novum
1093 1589 1460 1646 instauratum
1513 1588 1714 1652 fuerit,
1770 1585 1897 1657 quis
1953 1592 2039 1640 est
2085 1585 2314 1641 audacia
2368 1599 2522 1645 tanta
2572 1595 2854 1663 pra‘ditns,
2889 1597 2984 1668 qui
3025 1594 3196 1652 Vetus
3261 1595 3327 1650 ad
3371 1610 3530 1650 usum
3581 1593 3764 1647 denuo

473 1695 735 1738 revocare
791 1683 1122 1749 contendat,
1180 1683 1391 1738 Novum
1447 1691 1626 1737 autem
1689 1682 1756 1736 ad
1815 1681 1982 1737 situm
2049 1686 2492 1755 vetustatemque
2539 1689 2860 1756 transferre,
2904 1699 2964 1746 ut
3027 1700 3082 1747 et
3117 1707 3344 1748 causam
3420 1689 3582 1746 nobis
3623 1701 3762 1758 prae-

478 1776 622 1839 beat,
669 1793 768 1834 cur
816 1778 1136 1835 excidamus
1163 1793 1193 1833 a
1225 1779 1422 1850 gratia,
1451 1786 1510 1833 et
1540 1778 1610 1834 ab
1639 1793 1705 1832 eo
1741 1776 1948 1838 fructu.
1979 1773 2070 1845 qui
2102 1790 2200 1845 per
2253 1777 2534 1837 Christum
2580 1786 2738 1842 nobis
2799 1795 3150 1860 comparatus
3196 1797 3282 1845 est
3305 1827 3320 1854 ,
3364 1795 3613 1843 avertere
3652 1798 3749 1839 co-

477 1872 677 1928 ﬂetur?

550 1965 645 2021 llis
672 1965 910 2021 breviter
935 1965 1001 2021 ad
1044 1981 1170 2021 eum
1201 1964 1423 2020 modum
1465 1963 1776 2034 explicatis,
1817 1977 1940 2033 quae
1967 1974 2070 2015 nos

2245 1957 2539 2029 Συντόμως
2580 1960 2638 2014 δὲ
2684 1961 2858 2018 ταῦτα
2909 1963 2987 2036 τῷ
3024 1965 3168 2038 λόγῳ
3215 1967 3503 2037 διελόντες,
3555 1975 3648 2026 καὶ
3702 1976 3768 2031 τὸ

477 2073 578 2129 pro
610 2057 854 2112 instituti
891 2057 1079 2127 operis
1109 2058 1323 2112 ratione
1349 2056 1488 2111 satis
1509 2071 1635 2111 esse
1663 2053 1970 2117 credimus,
2001 2053 2071 2106 ad

2180 2047 2360 2103 ἱκανὸν
2393 2049 2766 2123 λογισάμενοι,
2811 2054 2899 2108 διὰ
2935 2058 2997 2110 τὸ
3045 2058 3249 2124 πλάτος
3297 2060 3398 2130 τῆς
3437 2064 3764 2130 συντάξεως.

476 2151 690 2219 reliqua
730 2159 1114 2214 transeamus;
1149 2164 1213 2203 ac
1245 2149 1337 2203 Dei
1370 2147 1626 2218 inprimis
1683 2162 1842 2217 opem
1882 2147 2075 2216 implo-

477 2256 686 2306 remus,
727 2251 787 2296 ut
836 2241 904 2296 ad
953 2252 1151 2296 caetera
1191 2241 1514 2311 tractanda,
1565 2239 1876 2296 enarranda
1922 2255 2076 2296 ever-

475 2331 756 2403 tendaque
783 2331 1014 2387 feliciter
1046 2333 1402 2388 accedamus.

678 2443 1052 2500 ADVERSUS
1091 2443 1878 2507 ANTIDICOMARIANITAS.

641 2561 774 2627 Qua:
812 2569 891 2615 est
924 2560 1141 2614 Ita'resis
1183 2557 1409 2623 LVIII,
1440 2561 1544 2614 sive
1577 2558 1730 2614 LXX
1746 2557 1914 2616 VIII.

554 2671 596 2726 l.
639 2668 784 2726 Idem
815 2669 946 2726 illud
979 2670 1176 2742 dogma
1202 2671 1389 2742 (cujus
1427 2681 1734 2728 assertores
1775 2673 1943 2728 etiam
1983 2670 2072 2726 Di-

485 2765 723 2821 mmritae
754 2765 917 2835 vulgo
947 2765 1387 2837 nuncupantur),
1421 2765 1569 2836 quod
1598 2778 1871 2836 suscepta:
1900 2765 2077 2820 homi-

483 2860 574 2914 nis
603 2873 632 2911 a
671 2857 893 2913 Christo
927 2865 1140 2912 natura:
1181 2865 1420 2913 mentem
1455 2859 1722 2923 detrahit,
1755 2860 1894 2914 alias
1925 2859 2080 2914 insu-

483 2963 582 3018 per
609 2949 898 3004 molestias
955 2961 1021 3002 ac
1055 2948 1275 3017 negotia
1309 2952 1540 3018 peperit,
1582 2960 1747 3018 atque
1783 2951 1836 3004 in
1875 2949 2079 3004 Arabia

485 3041 791 3112 praesertim
823 3057 838 3095 :
870 3040 940 3095 de
988 3040 1192 3110 quibus
1245 3040 1520 3109 religiosis
1566 3041 1898 3110 quibusdam
1947 3041 2080 3097 viris

486 3147 682 3189 sumus
733 3131 1025 3186 admoniti.
1080 3131 1159 3185 Ac
1190 3131 1317 3184 licet
1363 3137 1523 3185 antea
1575 3132 1644 3186 de
1687 3131 1877 3187 eodem
1925 3147 2083 3203 argu-

489 3233 679 3280 mento
729 3223 1018 3294 epistolam
1062 3223 1477 3293 scripserimus,
1530 3231 1714 3278 tamen
1763 3223 1909 3294 quod
1963 3225 2080 3279 haac

2175 2140 2268 2192 ἐπὶ
2301 2139 2370 2192 τὰ
2402 2141 2528 2212 ἑξῆς
2559 2143 2748 2214 ἴωμεν,
2778 2147 3074 2216 ἀγαπητοὶ,
3104 2148 3237 2202 Θεὸν
3282 2148 3476 2220 βοηθὸν
3521 2154 3768 2225 συνήθως

2174 2232 2617 2304 ἐπικαλούμενοι,
2668 2238 2747 2300 εἰς
2786 2237 2884 2310 τὴν
2908 2237 3018 2291 τῶν
3059 2239 3262 2294 λοιπῶν
3298 2242 3555 2296 ὑπόθεσίν
3582 2261 3641 2298 τε
3675 2245 3772 2299 καὶ

2177 2321 2470 2390 ὑπόδειξιν,
2506 2327 2601 2379 καὶ
2629 2326 2834 2382 τούτων
2857 2329 3192 2404 ἀνατροπήν.

2391 2445 2579 2497 ΚΑΤΑ
2617 2445 3385 2505 ΑΝΤΙΔΙΚΟΜΑΡΙΑΝΙΤΩΝ
3419 2453 3555 2525 (96),

2247 2557 2644 2625 Πεντηκοστὴ
2677 2558 2882 2629 ὀγδόη,
2917 2561 2957 2627 ἡ
2979 2562 3073 2614 καὶ
3107 2563 3452 2634 ἐπτακοστὴ
3489 2567 3695 2638 ὀγδόη.

2248 2669 2328 2721 A'.
2377 2668 2510 2721 Ἀπὸ
2533 2668 2730 2740 ταύτης
2760 2671 2862 2741 τῆς
2896 2673 3048 2744 παρά
3077 2691 3184 2727 τισι
3214 2677 3543 2748 Διμοιριτῶν
3571 2679 3774 2751 κεκλη-

2183 2761 2372 2831 μένης,
2419 2760 2452 2832 ἢ
2504 2762 2673 2832 χωρὶς
2718 2761 2811 2816 νοῦ
2851 2765 3118 2836 ἑνσάρκου
3169 2767 3410 2838 Χριστοῦ
3469 2770 3773 2840 παρουσίας

2179 2851 2610 2922 ὀνομαζομένης,
2649 2851 2789 2925 ὲφύη
2820 2855 2942 2909 τινὰ
2969 2855 3134 2927 ἕτερα
3169 2859 3494 2928 πράγματα,
3535 2861 3772 2930 μάλιστα

2181 2942 2239 2993 ὲν
2266 2943 2333 3012 τῇ
2382 2941 2647 3014 Ἀραϐία·
2689 2944 2961 3016 ἀνηνέχθη
3003 2946 3061 2998 δὲ
3104 2949 3171 3018 τῇ
3218 2948 3376 3019 ἡμῶν
3420 2953 3774 3024 ταπεινότητι

2181 3033 2313 3104 περὶ
2359 3033 2564 3087 τούτων
2609 3035 2715 3089 ύπό
2757 3039 2920 3090 τινων
2947 3037 3212 3096 εύλα6ῶν.
3246 3041 3357 3094 Καὶ
3408 3044 3625 3115 πρῶτον
3670 3047 3771 3117 μὲν

2182 3122 2471 3196 ἐπιστολὴν
2494 3131 2622 3197 περὶ
2640 3126 2740 3197 τῆς
2762 3127 3070 3192 ὑποθέσεως
3086 3131 3289 3204 ταύτης
3311 3140 3771 3207 γεγραφηκαμεν·

2183 3217 2332 3288 ὅμως
2361 3217 2420 3271 δὲ
2443 3217 2531 3271 διὰ
2555 3219 2653 3289 τῆς
2678 3219 3000 3283 ἀκολουθίας
3028 3221 3123 3273 τοῦ
3147 3223 3383 3294 ἀριθμοῦ
3411 3226 3505 3278 καὶ
3538 3227 3774 3281 ἐνταῦθα

489 3317 722 3373 haeresis
771 3315 968 3372 ordine
1041 3331 1140 3371 suo
1194 3330 1540 3386 numeroque
1599 3318 1898 3381 succedat,
1934 3317 2075 3372 hanc

2180 3311 2354 3382 αὐτὴν
2393 3311 2568 3365 διόλου
2611 3311 2708 3383 τὴν
2749 3313 3040 3385 ἐπιστολὴν
3078 3315 3217 3385 μετὰ
3264 3316 3359 3369 καὶ
3395 3317 3505 3372 τῶν
3537 3319 3774 3388 εὐλόγως

489 3409 666 3478 ipsam
708 3425 809 3464 nos
841 3409 1155 3479 epistolam,
1191 3407 1526 3478 quibusdam
1576 3408 1773 3462 merito
1806 3409 1891 3464 vel
1924 3407 2082 3464 addi-

490 3503 586 3565 tis,
619 3501 701 3556 vel
733 3501 1020 3564 detractis,
1052 3499 1320 3555 adversus
1346 3500 1495 3554 illam
1528 3499 1906 3568 subjicitemus.

565 3594 782 3648 Etenim
840 3609 908 3648 ex
973 3592 1654 3647 Antidicomarianitarum
1720 3607 1883 3662 grege
1942 3609 2082 3647 non-

396 3672 408 3684 ’
497 3686 656 3750 nulli,
707 3685 867 3755 quasi
918 3685 1196 3754 praecipuo
1235 3685 1474 3756 quodam
1528 3686 1582 3739 in
1627 3683 1906 3756 Virginem
1954 3686 2082 3740 odio

495 3785 772 3846 suscepto,
810 3783 868 3829 ut
907 3776 1028 3845 ejus
1058 3777 1288 3846 gloriam
1337 3775 1736 3843 obscurarent,
1770 3778 1887 3832 sive
1935 3778 2083 3832 invi-

496 3868 609 3933 dia,
641 3868 757 3922 sive
779 3869 988 3924 erroris
1016 3867 1264 3924 tenebris
1304 3868 1594 3939 obcaacati,
1627 3885 1739 3940 quo
1766 3871 2082 3925 mortalium

497 3961 714 4016 animos
750 3961 1130 4031 inquinarent,
1160 3977 1227 4016 eo
1258 3961 1591 4018 temeritatis
1626 3963 1904 4033 progressi
1931 3972 2082 4029 sunt,

497 4063 561 4110 ut
607 4055 1018 4110 sanctissimam
1065 4054 1289 4108 Mariam
1321 4061 1446 4125 post
1482 4054 1764 4110 Christum
1801 4057 1856 4110 in
1905 4055 2085 4110 lucem

494 4145 703 4200 editum
741 4162 865 4200 cum
915 4147 1035 4202 viro
1077 4162 1180 4202 suo
1213 4145 1455 4216 Josepbo
1489 4147 1944 4203 consuetudinem
1986 4149 2087 4202 ha-

496 4238 688 4294 buisse
717 4239 986 4294 dicerent.
1026 4238 1202 4304 Quam
1236 4239 1457 4309 quidem
1493 4241 1834 4310 Opinionem,
1884 4250 1947 4296 ut
1988 4257 2082 4296 su-

496 4342 596 4399 pra
630 4326 766 4393 dixi,
818 4328 888 4382 ab
925 4343 1056 4384 sene
1087 4329 1181 4384 illo
1216 4329 1542 4400 Apollinari,
1602 4342 1698 4384 aut
1738 4331 1806 4385 ab
1853 4331 1974 4401 ejus
2002 4332 2085 4386 di-

498 4419 728 4490 scipulis
761 4434 1022 4476 manasse
1048 4421 1371 4490 pradicant,
1407 4422 1475 4476 de
1511 4437 1622 4491 quo
1669 4422 1911 4476 nondum
1953 4421 2087 4476 mihi

496 4510 710 4582 liquido
757 4518 996 4567 constat.
1052 4509 1341 4582 Utcunque
1396 4528 1518 4568 sese
1559 4528 1648 4568 res
1695 4514 1911 4576 habeat,
1961 4528 2086 4567 cum

498 4605 815 4660 necessario
841 4617 871 4656 a
913 4603 1074 4660 nobis
1107 4604 1188 4659 illi
1230 4603 1508 4660 refutandi
1540 4607 1671 4667 sint.
1725 4620 1791 4660 ne
1833 4606 2084 4660 eumdem

497 4695 743 4751 laborem
776 4696 990 4768 1034
1015 4695 1197 4752 denuo
1244 4705 1576 4767 repetamus,
1610 4697 1898 4767 subjiciam
1940 4698 2088 4752 illam

499 4785 792 4855 ipsammet
823 4788 1136 4857 epistolam,
1173 4802 1338 4857 quam
1365 4788 1421 4840 in
1454 4788 1717 4843 Arabiam
1746 4805 1774 4843 a
1808 4805 1892 4843 tne
1925 4799 2088 4846 antea

500 4878 761 4948 scriptam
797 4894 922 4934 esse
953 4880 1272 4934 memoravi.
1301 4879 1434 4947 Quae
1467 4889 1552 4937 est
1581 4883 1854 4951 ejusmodi
1895 4901 1909 4937 :

565 4988 854 5060 Epiphanii
881 4993 1105 5061 epistola
1133 4993 1386 5050 adversus
1421 4995 2020 5050 Autidicomarianitas.

573 5106 641 5160 ll.
686 5105 930 5162 Dominis
961 5107 1095 5163 meis
1125 5109 1418 5178 plurimum
1444 5108 1825 5172 observandis,
1858 5125 1926 5166 ac
1962 5111 2090 5164 cha-

503 5199 744 5256 rissimis
776 5200 925 5265 filiis,
955 5207 1010 5254 et
1040 5199 1272 5258 sinceris
1303 5202 1586 5281 fratribus,
1613 5203 1861 5268 ejusdem
1893 5205 2084 5260 ortho—

504 5294 661 5348 doxa:
692 5292 815 5348 ﬁdei
851 5291 1278 5364 professoribus,
1321 5304 1428 5350 tam
1472 5296 1876 5362 sacerdotibus,
1919 5314 2082 5367 quam

603 5477 620 5509 ⁸
657 5474 819 5531 Hebr.
857 5491 908 5534 v.
942 5475 1047 5539 12;
1079 5491 1152 5541 vt,
1180 5473 1235 5529 2.

581 5631 694 5700 (9(3)
732 5629 1399 5700 Ἀντιδικομαριανιτῶν.
1455 5629 1531 5688 De
1578 5632 2096 5688 Antidicomariani-

511 5704 688 5756 torum
724 5702 992 5774 dogmate,
1029 5703 1171 5774 quod
1203 5701 1526 5759 Jovinianus
1567 5706 1968 5776 propugnabat,
2007 5721 2096 5759 ac-

2187 3401 2391 3473 ταύτην
2416 3403 2437 3434 ⁸
2461 3403 2949 3474 προστεθειμένων,
2971 3405 3004 3476 ἢ
3029 3405 3138 3458 ἀπὸ
3159 3405 3328 3477 αὐτῆς
3351 3407 3774 3479 ὲξαιρουμένων,

2188 3500 2267 3562 είς
2303 3497 2399 3570 τὴν
2431 3499 2644 3570 αἵρεσιν
2673 3498 2928 3570 ἐροῦμεν.

2263 3589 2865 3660 Ἀντιδικομαριανιτῶν
2921 3592 3030 3664 γάρ
3084 3611 3254 3659 τινες,
3301 3593 3493 3668 ῶσπερ
3547 3595 3776 3666 δχθρίαν

2189 3684 2328 3755 πρὸς
2357 3684 2452 3754 τὴν
2480 3685 2754 3756 Παρθένον
2785 3685 3020 3755 ἔχοντες,
3053 3687 3147 3740 καὶ
3177 3686 3491 3756 βουλόμενοι
3518 3704 3781 3740 κατευτεο

2189 3774 2362 3838 λίζειν
2393 3775 2608 3846 ἐκείνης
2637 3775 2696 3828 τὸ
2720 3775 2894 3839 κλέος,
2926 3775 3106 3846 φθόνῳ
3126 3776 3235 3829 τινὶ
3261 3775 3522 3847 ἀρθέντες
3547 3776 3578 3846 ἢ
3615 3776 3778 3844 σφάλο

2194 3886 2347 3939 ματι,
2405 3872 2498 3922 καὶ
2553 3871 2750 3939 χρᾶναι
2809 3869 3124 3940 βουλόμενοι
3170 3868 3408 3932 διανοίας
3449 3869 3775 3940 ἀνθρώπων,

2191 3961 2497 4032 ἐτόλμησαν
2543 3961 2722 4030 λέγειν
2765 3962 2863 4032 τὴν
2910 3963 3072 4030 άγίαν
3107 3962 3325 4034 Μαρίαν
3368 3961 3506 4033 μετὰ
3547 3962 3648 4033 τὴν
3681 3961 3778 4014 τοῦ

2191 4052 2427 4122 Χριστοῦ
2455 4052 2710 4122 γέννησιν
2753 4052 2905 4124 ἀνδρὶ
2935 4051 3224 4124 συνῆφθαι,
3256 4055 3400 4124 φημὶ
3426 4053 3482 4106 δὲ
3521 4052 3670 4124 αὐτῷ
3701 4053 3780 4124 τῷ

2193 4144 2414 4214 Ἰωσήφ.
2445 4144 2581 4196 Φασὶ⁸
2611 4143 2688 4206 δὲ,
2725 4144 2801 4207 ὼς
2833 4143 2946 4196 ἄνω
2981 4161 3070 4214 μοι
3095 4143 3335 4213 εἴρηται,
3371 4144 3454 4196 ὅτι
3481 4143 3576 4196 ἀπ’
3610 4143 3778 4195 αὑτοῦ

2191 4237 2287 4290 τοῦ
2341 4237 2649 4309 πρεσϐύτου
2689 4236 3099 4307 Ἀπολλιναρίου
3147 4236 3405 4306 ἐξήχηται
3447 4235 3475 4287 ό
3521 4234 3700 4304 λόγος,
3744 4234 3779 4304 ἢ

2194 4331 2304 4384 ἀπό
2345 4347 2506 4383 τινων
2549 4329 2660 4383 τῶν
2704 4328 2853 4400 αὐτῷ
2885 4327 3416 4400 μεμαθιίτευμιξνων⁹
3469 4327 3565 4381 καλ¹
3609 4328 3786 4397 ἀμφι-

2193 4424 2395 4480 ϐάλλω.
2428 4425 2566 4497 Περὶ
2597 4425 2656 4478 δὲ
2699 4423 2809 4476 τῶν
2853 4423 3027 4476 ταῦτα
3072 4423 3340 4491 λεγόντων
3384 4421 3631 4491 ἀνάγκην
3672 4419 3784 4490 ἔχω

2194 4516 2397 4586 λέγειν.
2439 4517 2558 4570 Ἴνα
2590 4516 2648 4570 δὲ
2684 4515 2758 4586 μὴ
2787 4516 2865 4577 είς
2903 4513 3153 4586 δεύτερον
3192 4513 3438 4583 κάματον
3464 4511 3655 4564 ἑαυτὸν
3682 4527 3786 4562 πε-

2198 4611 2509 4684 ριδὰλλοιμι
2527 4650 2542 4673 ,
2575 4610 2812 4680 καθεξῆς
2842 4610 2910 4679 ἦν
2939 4610 3200 4678 προεῖπον
3231 4607 3538 4678 γραφεῖσαν
3561 4605 3784 4657 ἐπιστο-

2196 4703 2294 4775 λὴν
2345 4706 2426 4769 είς
2472 4702 2568 4774 τὴν
2625 4702 2872 4774 Ἀράϐων
2917 4699 3101 4772 χώραν
3149 4698 3422 4764 omaso.
3469 4697 3580 4751 Καὶ
3634 4695 3782 4749 ἔστιν

2193 4799 2309 4870 ἥδε’

2203 4997 2559 5066 Ἐπιφανίου
2586 4993 2882 5062 ἐπιστολὴ
2917 4995 3069 5047 κατὰ
3104 4988 3782 5060 Ἀντιδικομαριανιτῶν.

2263 5108 2336 5162 Β’.
2362 5108 2586 5178 Κυρίοις
2618 5125 2719 5177 μου
2758 5105 3110 5178 τιμιωτάτοις
3160 5105 3255 5158 καὶ
3285 5104 3674 5176 ποθηνοτάτοις
3699 5104 3788 5155 τέ-

2192 5220 2360 5266 κνοις,
2395 5203 2488 5256 καὶ
2519 5201 2768 5270 ἀδελφοῖς
2789 5199 3056 5270 γνησίοις,
3087 5197 3181 5250 καὶ
3207 5196 3527 5267 ὁμοπίστοις
3569 5193 3784 5266 όρθοδό-

2195 5298 2306 5362 ξοις
2338 5297 2447 5351 ἀπὺ
2478 5293 2667 5364 ἱερέως
2697 5295 2826 5365 ἄχρι
2852 5292 3071 5357 λαῖκοῦ,
3101 5291 3195 5344 καὶ
3218 5289 3648 5360 κατηχουμένοις
3672 5289 3787 5349 τοῖς

1333 5476 1353 5506 ²
1390 5473 1553 5531 Hebr.
1581 5492 1703 5542 vm,
1742 5476 1827 5532 15.
1906 5477 1926 5510 ³
1961 5476 2074 5532 Heb

2180 5492 2250 5544 ‘ll,
2282 5476 2370 5531 1‘3.
2450 5475 2472 5507 ‘
2501 5473 2563 5531 F.
2599 5475 2668 5528 εί.
2748 5473 2769 5506 ³
2805 5472 2936 5543 Reg.
2966 5471 3159 5525 ταῦτα.
3197 5469 3357 5526 Forte
3384 5469 3576 5541 ταύτῃ.

2204 5642 2392 5688 curate
2441 5632 2682 5702 disputat
2732 5629 3116 5702 Hieronymus.
3173 5627 3789 5702 VideﬁetﬂAmbrosiutn

2205 5719 2328 5758 cum
2361 5704 2483 5760 aliis
2518 5701 2572 5758 in
2605 5702 2764 5768 locis,
2797 5711 2911 5756 tum
2950 5701 3117 5770 Epist.
3217 5711 3268 5756 ct
3303 5701 3355 5766 7,
3381 5701 3469 5756 lib.
3505 5714 3543 5758 r.
