4134 6392
403 293 503 352 701

1012 299 1384 360 ADVERSUS
1422 302 1766 361 HERESES
1803 304 1932 359 LIB.
1971 302 2058 360 III.
2101 304 2264 361 TOM.
2303 305 2460 361 II.—
2493 304 2770 360 HERES.
2804 299 3088 358 LXXVIII.

3577 293 3681 350 702

406 417 552 467 κατὰ
573 413 673 486 τὴν
715 413 977 488 Ἀραϐίαν
1011 418 1329 490 Ἐπιφάνιος
1355 423 1636 496 ἐλάχιστος
1683 429 1991 482 ἐπισκόπων

2097 427 2251 484 Iaicis
2309 437 2362 482 et
2407 427 2842 492 catechumenis,
2887 421 3229 496 Epiphanius
3291 419 3678 490 episc0porum

445 505 642 561 αίοειν.

445 522 500 558 αι
541 523 642 561 ειν.

407 522 440 575 χ
479 523 798 669 ἑαυμάζειν
854 601 1003 656 ἔστιν
1041 605 1100 657 ὲν
1131 605 1210 676 τῷ
1265 609 1491 676 παρόντι
1547 611 1742 682 καιρῷ,
1773 613 1868 665 καὶ
1920 613 1993 684 μὴ

407 688 747 760 θαυμάζειν·
791 692 1092 765 θαυμάζειν
1151 698 1286 768 μὲν,
1337 701 1419 753 ὅτι
1473 702 1565 754 ἐπὶ
1628 705 1693 774 τῇ
1749 705 2005 776 ἡμετέρᾳ-

406 786 571 854 γενεᾷ
593 785 775 839 πάντα
802 787 1106 860 πληροῦται
1131 808 1144 820 ·
1177 793 1270 845 καὶ
1304 792 1378 864 μὴ
1409 792 1709 865 θαυμάζειν
1732 811 1746 824 ο
1786 797 1867 849 δεῖ
1886 797 1994 868 γὰρ

407 875 768 948 πληροῦσθαι.
812 880 1115 953 Ὀσημέραι
1157 883 1264 954 γὰρ
1303 883 1444 938 κατὰ
1489 885 1746 956 πρόθεσιν
1782 887 1878 941 νῦν
1905 889 1994 957 γί-

405 986 558 1023 νεται
577 971 708 1041 ἡμῖν
735 972 801 1025 ὲκ
826 971 1102 1044 λογισμῶν
1123 975 1480 1046 ἀνθρωπίνων
1505 979 1598 1030 καὶ
1621 978 1995 1050 διανοημάτων

408 1063 696 1132 σοφιστικὴ
741 1062 988 1130 ὑπόνοια,
1019 1067 1114 1118 καὶ
1147 1067 1240 1119 ἐπὶ
1276 1067 1336 1119 τὸ
1375 1071 1556 1138 χεῖρον
1588 1072 1991 1142 προκύπτουσα,

406 1152 898 1224 καταλιμπάνουσά
943 1173 1002 1209 τε
1051 1157 1150 1227 τὴν
1206 1159 1566 1233 ἀποστολικὴν
1611 1163 1992 1220 διδασκαλίαν

406 1242 589 1306 καθὼς
617 1245 645 1297 ὁ
671 1244 974 1313 ἁγιώτατος
1014 1247 1337 1314 Ἀπόστολος
1374 1255 1654 1322 προεῖπεν,
1690 1253 1772 1306 ὅτι
1820 1257 1992 1308 Ἀπο-

403 1333 743 1400 στήσοντιιί
791 1353 953 1403 τινες
981 1336 1089 1405 τῆς
1119 1342 1516 1410 ὑγιαινούσης
1560 1342 1954 1411 διδασκαλίας
1977 1385 1992 1409 ,

406 1425 814 1495 προσέχοντες
862 1429 1095 1497 μύθοις,
1152 1431 1250 1484 καὶ
1309 1431 1733 1500 διδασκαλίαις
1792 1434 1996 1504 δαιμο-

401 1515 574 1581 νίων,
624 1517 722 1570 καὶ
775 1516 844 1570 τὰ
898 1517 1048 1586 ἑξῆς.
1097 1517 1166 1570 Εἴ
1205 1535 1258 1572 τι
1295 1519 1406 1592 γὰρ
1437 1520 1516 1574 ἔνι
1547 1521 1864 1593 ἀνερευνᾷν,
1903 1524 1996 1575 καὶ

404 1605 643 1658 ἐπινοεῖν
666 1605 818 1670 ὀδοὺς
857 1607 1122 1678 πονηρὰς,
1158 1607 1332 1663 ταῦτα
1371 1611 1574 1682 μᾶλλον
1600 1613 1996 1678 σπουδάζουσιν

401 1695 452 1748 οἱ
490 1695 790 1768 ἄνθρωποι,
827 1698 974 1771 ἥπερ
1015 1699 1352 1770 πληροῦντες
1397 1702 1494 1774 τὴν
1528 1704 1748 1774 ἐντολὴν
1780 1703 1878 1776 τὴν
1907 1705 1996 1758 λέ-

2096 520 2378 583 minimus,
2413 522 2668 576 salutem.

2172 611 2268 668 Est
2320 613 2426 667 hoc
2489 621 2736 682 tempore
2783 611 2930 681 quod
2982 604 3366 662 admirandum
3421 601 3582 659 simul
3628 608 3682 656 ει

2099 718 2210 756 non
2258 702 2644 756 admirandum
2683 700 2935 756 videatur
2969 696 3392 754 :admirandum
3439 691 3681 764 quidem,

2096 795 2242 864 quod
2279 803 2442 850 relate
2474 803 2666 849 nostra
2699 793 3033 862 impleantur
3059 789 3277 854 omnia;
3305 786 3526 840 minime
3556 799 3684 839 vero

2095 887 2428 952 mirandum,
2479 886 2625 956 quod
2672 887 2863 939 eadem
2915 884 3006 937 illa
3052 880 3267 952 impleri
3319 892 3544 934 necesse
3587 877 3679 930 sit.

2098 976 2313 1032 Etenim
2350 977 2597 1047 quotidie
2632 976 2794 1030 nobis
2830 973 3132 1044 sophistica
3180 972 3365 1040 aliqua
3405 968 3684 1023 cavillatio

2096 1083 2384 1141 perperam
2415 1067 2667 1124 aﬂ‘ectata
2710 1068 2969 1121 humanis
2997 1083 3064 1120 ex
3094 1064 3331 1134 ingeniis
3373 1075 3438 1116 ac
3489 1062 3684 1114 menti-

2095 1161 2202 1215 bus
2235 1161 2494 1230 erumpit,
2543 1171 2709 1231 atque
2741 1161 2795 1214 in
2826 1158 3072 1213 deterius
3099 1167 3391 1226 progressa
3439 1153 3507 1206 ab
3550 1166 3683 1221 apo-

2097 1253 2299 1323 stolica
2328 1252 2582 1307 doctrina
2612 1251 2894 1314 desciscit,
2921 1245 3381 1318 quemadmodum
3404 1242 3685 1312 apostolus

2093 1343 2298 1409 Paulus
2322 1347 2649 1416 prtedixerat
2673 1344 2958 1414 :Deﬁcient
2975 1338 3186 1410 quidem
3209 1355 3240 1391 a
3259 1353 3394 1391 sana
3417 1335 3682 1395 doctrina,

2097 1437 2422 1493 attendentes
2461 1437 2659 1507 fabulis
2707 1445 2756 1491 et
2794 1435 3055 1489 doctrinis
3092 1427 3540 1490 damoniorum’,
3573 1434 3681 1481 etc.

2095 1528 2233 1582 Nam
2279 1530 2325 1584 si
2353 1544 2461 1599 qua
2495 1544 2617 1585 sese
2653 1542 3039 1600 perversarum
3076 1525 3292 1578 viarum
3335 1519 3687 1591 inquirenda-

2095 1635 2218 1672 rum
2278 1626 2443 1690 atque
2505 1617 2993 1690 excogitandarum
3048 1615 3270 1670 occasio
3323 1620 3378 1668 et
3447 1611 3682 1665 lacultas

2099 1709 2390 1774 obtulerit,
2420 1711 2476 1764 in
2514 1725 2580 1764 eo
2615 1710 2798 1781 potius
2843 1707 3126 1762 hominum
3158 1706 3344 1761 studia
3370 1709 3683 1764 versantur,

400 1803 624 1856 γουσαν,
658 1788 802 1842 καλὰ
833 1791 928 1844 καὶ
982 1791 1354 1863 εὐπρόσδεκτα
1384 1794 1569 1865 ζητεῖν
1596 1810 1608 1823 ·
1643 1796 1757 1860 καὶ,
1807 1797 1869 1850 Ὁ
1889 1799 1991 1851 λό-

2094 1816 2257 1872 quam
2284 1817 2350 1856 ex
2372 1809 2649 1871 praecepto
2667 1801 2764 1856 illo
2790 1798 3164 1868 exsequendo,
3182 1797 3330 1867 quod
3357 1797 3590 1850 honesta
3629 1799 3686 1846 et

401 1897 508 1951 τος
559 1881 737 1936 ἅλατι
789 1883 828 1951 ᾖ
883 1885 1238 1955 ἠρτυμένος,
1293 1887 1452 1953 ὅπως
1500 1884 1584 1951 δῷ
1633 1887 1814 1957 χάριν
1865 1887 1990 1955 τοῖς

399 1973 718 2029 ἀκούουσι.
751 1977 862 2029 Καὶ
907 1979 956 2030 εί
1005 1978 1176 2034 ταῦτα
1221 1980 1654 2051 διανοηθείημεν,
1696 1981 1778 2034 ὅτι
1827 1982 1990 2035 πόθεν

403 2065 692 2137 συμϐαίνει
714 2068 841 2120 καθ’
869 2069 1110 2139 ἑκάστην
1144 2071 1356 2142 ἡμέραν
1387 2071 1833 2136 ἀνακαινίξεσθαι
1859 2075 1990 2144 ἡμῖν

398 2156 470 2210 τὰ
508 2157 713 2228 φαῦλα,
776 2160 1013 2230 ἐσόμεθα
1060 2163 1153 2215 καὶ
1200 2163 1355 2216 αὐτοὶ
1405 2163 1482 2226 ὡς
1525 2163 1859 2227 ἀπαίδευτοι,
1896 2165 1991 2218 καὶ

401 2245 481 2318 μὴ
511 2248 868 2319 προσέχοντες
896 2253 1008 2313 τοῖς
1030 2251 1194 2316 θείοις
1233 2253 1328 2305 καὶ
1363 2255 1756 2324 προῤῥητικοῖς
1787 2254 1987 2324 λόγοις.

399 2339 494 2390 Δεῖ
517 2337 627 2408 γὰρ
674 2338 849 2394 ταῦτα
888 2340 1251 2412 πληροῦσθαι.
1302 2345 1390 2397 Ἐν
1421 2343 1593 2398 ἅπασι
1639 2343 1749 2415 γὰρ
1799 2346 1990 2416 μέρεσι

397 2432 500 2502 τῆς
522 2432 760 2497 πίστεως
783 2435 864 2487 δεῖ
884 2434 1151 2488 τελεῖσθαι
1177 2435 1239 2488 τὸ
1268 2437 1555 2508 εἰρημένον
1578 2451 1592 2466 °
1618 2433 1771 2504 1rApa
1797 2438 1992 2492 ἐλθὼν

398 2526 433 2576 ό
475 2524 607 2591 Υἱὸς
628 2525 735 2579 τοῦ
765 2526 1082 2594 ἀνθρώπου
1106 2527 1353 2597 εὑρήσει
1377 2528 1494 2596 τὴν
1521 2529 1733 2582 πίστιν
1758 2529 1858 2583 ἐπὶ
1878 2529 1990 2598 τῆς

397 2615 554 2685 γῆς;
610 2616 723 2672 Ποῦ
760 2618 870 2690 γὰρ
908 2618 1142 2688 ἔφθασεν
1180 2620 1214 2690 ή
1269 2618 1479 2673 διάνοια
1521 2617 1631 2672 τῶν
1684 2617 1988 2690 ἀνθρώπων

398 2711 694 2781 ἐγκειμένη
728 2711 821 2763 ἐπὶ
849 2711 911 2764 τὸ
958 2711 1194 2783 πονηρὸν
1238 2713 1303 2765 ὲκ
1345 2711 1633 2783 νεότητος;
1675 2713 1811 2767 Ποῖα
1845 2711 1988 2784 μέρη

395 2803 497 2874 τῆς
526 2803 763 2867 πίστεως
786 2803 888 2856 οὐκ
930 2803 1248 2868 ἀπώλεσενς
1295 2804 1384 2856 Ἐν
1434 2803 1607 2866 ποίοις
1641 2803 1698 2856 δὲ
1744 2803 1921 2872 λόγοις
1954 2806 1987 2876 ἡ

397 2892 728 2947 κακοδουλία
752 2893 814 2946 τὸ
842 2895 1112 2965 χρήσιμον
1142 2893 1243 2946 οὐκ
1283 2891 1544 2964 ὲτάραξες
1578 2894 1595 2924 ¹
1631 2892 1742 2948 τῶν
1769 2893 1827 2947 δὲ
1854 2911 1989 2965 πρε-

395 2985 781 3047 πωδεστάτων,
812 2986 907 3039 καὶ
929 2987 987 3039 ὲν
1026 2985 1362 3040 καταστάσει
1401 2985 1624 3055 λογικῆς
1657 2983 1892 3054 φύσεως,
1919 2978 1988 3056 ἦς

395 3076 460 3129 τὸ
486 3075 698 3149 πρέπον
724 3071 792 3148 ἦν
813 3076 885 3130 τὰ
916 3077 1090 3148 σεμνὰ
1127 3077 1329 3149 μᾶλλον
1362 3075 1711 3140 διανοεῖσθαι,
1747 3077 1842 3130 καὶ
1866 3076 1989 3129 τού-

395 3184 512 3234 τοις
546 3168 898 3240 προστιθέναι
935 3168 1241 3240 βιάζεσθαι,
1273 3171 1321 3222 εἰ
1360 3169 1455 3223 καὶ
1489 3168 1595 3222 ἔδει
1629 3168 1781 3238 παρὰ
1807 3168 1988 3239 φύσιν,

396 3263 495 3316 καὶ
525 3261 600 3334 μὴ
644 3263 844 3334 μᾶλλον
870 3263 940 3316 τὰ
982 3262 1213 3332 ἀληθινὰ
1244 3265 1323 3324 εἰς
1347 3262 1415 3316 τὰ
1463 3262 1675 3333 ἄσεμνα
1717 3263 1993 3334 παρατρέ-

399 3372 523 3408 πειν
557 3353 914 3426 βιαζομένους
941 3355 1036 3408 ἐπὶ
1064 3355 1125 3408 τὸ
1157 3357 1357 3424 χεῖρον.
1764 3351 1772 3359 ’

2093 1892 2492 1960 approbatione
2511 1891 2674 1960 digna
2701 1906 2951 1961 quaerere
2977 1890 3133 1959 jubet
3156 1889 3209 1953 ις
3237 1896 3329 1941 aut
3358 1888 3533 1940 altero
3557 1885 3682 1938 illo:

2093 1982 2279 2039 Sermo
2309 1992 2478 2039 vester
2511 1983 2624 2038 sale
2652 1985 2722 2038 sit
2740 1981 3004 2048 conditus,
3027 1991 3084 2034 ut
3106 1981 3192 2034 det
3216 1980 3448 2049 gratiam
3472 1975 3688 2029 audien-

2096 2076 2234 2131 tibus
2259 2078 2302 2131 ⁵.
2339 2077 2495 2143 Quod
2545 2077 2590 2133 si
2632 2078 2748 2131 haac
2781 2075 3048 2130 attentius
3088 2074 3272 2127 animo
3297 2071 3644 2126 revolvamus
3669 2103 3688 2130 ,

2095 2169 2247 2226 unde
2275 2171 2391 2235 ﬁat,
2431 2180 2492 2224 ut
2520 2170 2762 2241 pessima
2797 2183 3029 2239 quaeque
3057 2166 3217 2221 nobis
3248 2164 3305 2218 in
3332 2163 3452 2218 dies
3482 2163 3689 2216 instau-

2048 2297 2052 2299 μ
2091 2270 2310 2325 rentur,
2356 2267 2412 2316 et
2459 2275 2562 2316 nos
2611 2261 2718 2330 ipsi
2767 2263 3150 2329 imperitorum
3201 2255 3414 2311 similes
3451 2252 3685 2316 erimus,

2091 2352 2185 2422 qui
2236 2352 2442 2408 divinis
2495 2353 2678 2408 verbis
2756 2362 2810 2407 et
2860 2350 3137 2406 vaticiniis
3194 2349 3438 2401 animum
3503 2345 3688 2399 minus

2092 2444 2472 2500 adhibeamus.
2523 2443 2651 2500 Haec
2683 2445 2828 2499 enim
2861 2442 3076 2513 impleri
3124 2453 3350 2496 necesse
3379 2445 3486 2501 est,
3523 2445 3689 2505 atque

2091 2536 2145 2590 in
2175 2536 2435 2591 omnibus
2463 2535 2586 2590 fidei
2616 2537 2870 2606 partibus
2898 2533 3083 2604 perlici
3117 2531 3264 2602 quod
3299 2529 3507 2583 dictum
3551 2534 3637 2582 est
3669 2543 3684 2578 :

2093 2625 2225 2683 Cum
2274 2629 2470 2683 venerit
2528 2627 2706 2681 Filius
2763 2626 3016 2689 hominis,
3051 2641 3120 2678 an
3160 2622 3319 2693 ﬁdem
3364 2619 3586 2674 inveniet
3633 2617 3690 2670 in

2093 2728 2237 2773 terra
2257 2720 2316 2772 εἳ
2340 2720 2462 2785 Quo
2487 2719 2635 2774 enim
2665 2719 2891 2773 tandem
2920 2717 3204 2772 hominum
3237 2730 3394 2769 mens
3430 2726 3601 2783 prona
3631 2711 3689 2764 in

2090 2804 2294 2858 malum
2323 2805 2393 2859 ab
2423 2814 2613 2862 tenera
2636 2813 2796 2859 mtate
2828 2803 3180 2875 processit’?
3227 2802 3402 2868 Quam
3427 2817 3539 2855 non
3565 2799 3689 2853 lidei

2090 2906 2302 2967 partem
2325 2898 2745 2967 pessumdedit?
2775 2897 3066 2965 Quodnam
3097 2910 3228 2951 vero
3257 2895 3456 2965 dogma
3491 2902 3600 2954 est,
3632 2893 3686 2946 in

2091 3004 2201 3059 quo
2236 2990 2506 3058 perditum
2537 2990 2756 3044 illorum
2791 2989 3122 3060 consilium,
3166 2986 3432 3058 quidquid
3471 2985 3688 3041 fructus

2091 3090 2212 3138 erat
2245 3092 2298 3138 et
2330 3083 2606 3148 utilitatis,
2642 3099 2752 3138 non
2783 3080 3164 3153 perturbarit?
3188 3095 3314 3134 cum
3355 3078 3489 3132 illud
3516 3079 3687 3132 semel

2094 3175 2448 3246 neglexisset,
2473 3176 2620 3245 quod
2652 3176 2901 3246 apprime
2934 3173 3183 3236 decebat,
3213 3180 3268 3226 et
3301 3171 3517 3225 ratione
3552 3184 3688 3238 prae-

2094 3268 2224 3323 dita:
2246 3275 2460 3321 naturae
2479 3267 2645 3322 statui
2671 3273 3104 3322 consentaneum
3136 3273 3253 3318 erat
3284 3283 3298 3318 :
3332 3263 3420 3317 cui
3460 3261 3686 3332 quidem

2089 3357 2220 3411 illud
2263 3359 2445 3426 potius
2488 3357 2867 3421 conveniebat,
2929 3363 2989 3408 ut
3049 3355 3280 3409 honesta
3329 3367 3561 3424 quaeque
3607 3365 3677 3404 ac

397 3445 658 3515 religiosa
692 3445 961 3516 cogitaret
989 3445 1194 3507 animo,
1227 3453 1282 3499 et
1313 3443 1381 3498 ad
1411 3459 1475 3499 ea
1499 3459 1622 3500 sese
1649 3443 1733 3500 vel
1779 3443 2006 3498 invitam
2073 3455 2272 3517 praeter
2328 3457 2580 3502 naturam
2625 3461 2801 3510 suam,
2856 3445 2903 3501 si
2952 3445 3025 3500 ita
3078 3460 3302 3500 necesse
3375 3444 3535 3507 foret,
3593 3455 3688 3494 ac-

397 3536 796 3600 commodaret,
832 3550 998 3606 quam
1056 3534 1268 3607 1035
1301 3543 1359 3589 ut
1399 3535 1467 3589 ad
1531 3534 1805 3590 deteriora
1868 3534 2136 3593 violenter
2181 3539 2394 3593 enitens
2447 3553 2570 3608 qua:
2607 3552 2730 3591 vera
2781 3543 2910 3591 sunt
2951 3535 3018 3590 ad
3054 3535 3305 3606 profana,
3357 3550 3420 3590 ac
3456 3531 3687 3588 ridicula

397 3631 772 3699 detorqueret.

470 3724 543 3778 1".
575 3723 776 3778 Λοιπὸν
811 3722 945 3794 γὰρ,
985 3721 1174 3794 ἐπειδὴ
1210 3723 1389 3776 πάντα
1433 3722 1591 3794 ἡμῶν
1630 3723 1992 3794 πεπλήρωται

397 3816 465 3886 τῇ
498 3815 681 3884 γενεᾷ,
704 3813 774 3867 τά
797 3831 858 3866 τε
887 3813 1205 3884 βλάσφημα,
1229 3813 1322 3866 καὶ
1347 3811 1415 3865 τὰ
1442 3811 1598 3875 ἐκτὸς
1626 3812 1783 3881 ἁγίου
1817 3815 1990 3866 Πνεύ-

402 3920 598 3974 ματος,
627 3902 713 3972 ἐφ’
740 3902 906 3974 ἕτερα
932 3903 1097 3957 πάλιν
1126 3901 1288 3956 καινὰ
1320 3902 1634 3974 τρέπονται.
1663 3903 1727 3955 Οἱ
1762 3902 1860 3972 μὲν
1883 3903 1991 3975 γὰρ

397 3995 492 4047 ⁴ιςὸν
543 3994 762 4064 Πατέρα
814 3992 1218 4064 βλασφημοῦσι,
1247 3993 1338 4047 τὸν
1381 3991 1492 4046 τῶν
1535 3992 1672 4046 ὅλων
1721 3993 1853 4047 Θεὸν
1899 3996 1993 4048 καὶ

397 4085 751 4158 δημιουργὸν,
786 4089 835 4140 οί
876 4087 1020 4156 ἀμφὶ
1044 4087 1144 4156 τὴν
1177 4085 1380 4156 γνῶσιν
1419 4084 1700 4156 λεγόμενοι
1721 4101 1734 4117 ’
1764 4087 1812 4138 οἱ
1851 4088 1897 4139 δ’
1925 4081 1992 4140 αὖ

400 4177 564 4232 πάλιν
595 4179 922 4250 Μαρκίωνες
971 4181 1065 4233 κα)⁸
1129 4179 1466 4250 ’Λρχοντικοὶ
1521 4177 1860 4249 καλούμενοι,
1893 4178 1990 4232 καὶ

399 4273 614 4337 τούτοις
648 4275 698 4327 οἱ
730 4273 1086 4344 συνεπόμενοι
1116 4272 1430 4343 Βιανιχαίοι,
1472 4272 1522 4326 οἱ
1553 4272 1652 4344 τὴν
1694 4271 1988 4343 ὀνομασίαν

399 4367 722 4422 δικαιότατα
769 4367 1053 4438 εἰληφότες
1108 4368 1174 4419 ἐκ
1225 4366 1438 4430 δικαίας
1483 4366 1630 4430 τινὸς
1677 4366 1988 4436 οἰκονομίας

2165 3718 2255 3774 IlI.
2299 3717 2511 3774 Etenim
2549 3725 2913 3789 posteaquam
2964 3713 3428 3785 blasphemiarum
3487 3727 3688 3784 genera

2094 3813 2279 3867 omnia
2302 3827 2366 3866 ac
2395 3826 2736 3881 quaecunque
2764 3824 2794 3863 a
2832 3807 3042 3879 Spiritu
3087 3817 3280 3862 sancto
3319 3807 3496 3860 aliena
3535 3813 3687 3869 sunt,

2097 3905 2152 3958 in
2191 3904 2296 3958 hac
2330 3910 2489 3958 aelate
2514 3913 2704 3957 nostra
2735 3910 2861 3956 sunt
2884 3899 3172 3962 exhausta,
3211 3897 3278 3951 ad
3313 3898 3418 3950 alia
3448 3912 3506 3952 se
3537 3911 3688 3966 quae-

2096 3996 2221 4050 dam
2257 4011 2394 4052 nova
2421 4002 2768 4051 convertunt.
2793 3991 3025 4059 Quidam
3051 3991 3195 4046 enim
3234 3990 3287 4043 in
3327 3987 3543 4043 Patrem
3571 3989 3688 4043 uni-

2097 4104 2381 4145 versorum
2446 4088 2616 4144 Deum
2673 4101 2738 4141 ac
2781 4084 3123 4140 conditorem
3190 4081 3552 4138 contumelias
3599 4080 3686 4150 ja-

2091 4182 2281 4248 ciunt,
2330 4183 2521 4251 quales
2569 4189 2697 4235 sunt
2726 4180 2818 4249 qui
2855 4175 3104 4232 Gnostici
3134 4175 3414 4230 dicuntur.
3441 4171 3512 4226 At
3539 4169 3684 4227 Mar-

2090 4275 2279 4330 ciones
2309 4316 2322 4340 ,
2370 4281 2426 4329 et
2463 4273 2805 4337 Archontici,
2855 4285 3070 4325 necnon
3113 4277 3169 4324 et
3211 4268 3426 4322 illorum
3463 4267 3687 4324 asseclas

2092 4363 2400 4426 Manichaei,
2431 4364 2527 4434 qui
2556 4378 2666 4418 non
2709 4364 2829 4419 sine
2854 4360 3039 4431 divina
3070 4359 3306 4430 quadam
3341 4357 3685 4428 providentia

399 4459 560 4525 Θεοῦ,
595 4457 655 4512 τὸ
686 4458 954 4530 μανιῶδες
977 4458 1178 4530 ovatus
1203 4450 1355 4525 ρῦτοι
1394 4457 1595 4522 πάντες
1632 4457 1770 4529 μετὰ
1808 4457 1991 4510 πλειό-

2095 4457 2366 4513 furiosum
2391 4457 2527 4512 illud
2552 4472 2751 4512 nomen
2784 4454 2964 4511 sortiti
2988 4455 3261 4509 videntur.
3292 4449 3462 4524 Igitur
3488 4465 3682 4505 omnes

401 4569 508 4607 νων
540 4552 828 4625 αἱρέσεων,
869 4552 1110 4617 Καῖνῶν,
1161 4552 1327 4623 φημὶ,
1373 4550 1672 4621 Σητιανῶν,
1723 4549 1993 4621 Μελχισε-

399 4643 687 4710 δεκιανῶν,
735 4643 1144 4716 Κολορϐασίων,
1182 4642 1593 4715 Κερδωνιανῶν,
1627 4644 1723 4696 καὶ
1751 4641 1860 4696 τῶν
1892 4643 1991 4697 ἄλη

401 4736 532 4802 λων,
571 4735 910 4808 βλασφημεῖν
934 4736 954 4766 '
983 4737 1063 4799 εἰς
1099 4735 1190 4788 τὸν
1227 4734 1334 4787 τῶν
1373 4733 1512 4787 ὅλων
1555 4733 1797 4804 Πατέρα,
1827 4735 1886 4787 ὲν
1911 4733 1992 4804 τῷ

402 4830 592 4884 τοῦτον
619 4829 902 4902 ἀρνεῖσθαι
929 4823 1070 4882 εἶναι
1099 4828 1230 4880 Θεὸν
1253 4827 1345 4880 τὸν
1370 4828 1428 4879 ὲν
1461 4827 1612 4896 νόμῳ
1645 4826 1738 4878 καὶ
1770 4827 1828 4878 ἐν
1859 4843 1994 4898 προ-

404 4923 604 4994 φήταις
648 4922 979 4994 λαλήσαντα,
1013 4920 1236 4982 δικαίως
1283 4936 1342 4972 τε
1373 4916 1850 4989 προσκυνούμενον
1888 4917 1994 4970 ὑπὸ

405 5015 624 5069 πάντων
651 5015 987 5084 κτισμάτων,
1015 5012 1090 5076 ὡς
1119 5009 1342 5079 κτίστην
1370 5010 1465 5062 καὶ
1485 5007 1816 5078 δημιουργὸν
1847 5000 1994 5060 οὗτοι

408 5106 549 5179 μετὰ
591 5106 686 5160 τοῦ
723 5105 1066 5176 σεϐάσματος
1111 5104 1356 5175 ἀναιρεῖν
1395 5099 1695 5172 πειρῶνται
1748 5099 1844 5153 καὶ
1895 5099 1992 5170 τὴν

402 5197 755 5251 δεσποτείανο
793 5196 884 5250 τὸν
916 5197 1014 5267 μὲν
1043 5195 1215 5259 ὄντως
1260 5194 1390 5247 ὅντα
1425 5191 1771 5264 ἀρνούμενοι,
1806 5191 1992 5262 ἕτερον

402 5287 462 5343 δὲ
482 5289 574 5342 τὸν
604 5288 681 5360 μὴ
714 5288 844 5342 ὅντα
874 5290 940 5359 τῇ
983 5286 1217 5359 μυθώδει
1250 5284 1430 5339 αὐτῶν
1461 5283 1687 5353 ὑπονοίᾳ
1718 5282 1989 5352 φανταζό-

409 5395 594 5451 μενοι·
634 5380 720 5433 ἵνα
744 5383 808 5433 ὲκ
831 5379 924 5432 τοῦ
956 5378 1104 5442 ὄντος
1135 5379 1367 5440 πέσωσι,
1395 5377 1490 5429 καὶ
1511 5375 1571 5428 ὃν
1598 5373 1884 5428 ὑπονοοῦσι
1916 5373 1991 5445 μὴ

406 5471 660 5545 εὕρωσιν.
696 5471 853 5526 Οὕτω
884 5471 992 5543 γὰρ
1028 5473 1062 5543 ἡ
1107 5470 1369 5544 ληρῳδία,
1410 5468 1504 5524 καὶ
1541 5469 1574 5542 ἡ
1605 5466 1700 5520 τοῦ
1746 5466 1990 5521 διαϐόλου

2088 4549 2180 4605 isti
2212 4564 2336 4604 cum
2367 4549 2646 4620 plerisque
2693 4547 2818 4603 aliis
2849 4546 3172 4608 hazresibus,
3227 4542 3545 4606 Cainorum,
3580 4539 3683 4596 Se-

2087 4642 2365 4696 tianorum
2391 4682 2405 4706 ,
2465 4639 3080 4697 Melchisedecianorum
3109 4675 3124 4700 ,
3190 4633 3634 4691 Colorbasiorum
3664 4671 3680 4693 ,

2087 4732 2584 4797 Cerdonianorum,
2614 4747 2679 4791 ac
2707 4731 2921 4787 caeteris
2946 4730 2998 4784 id
3020 4743 3213 4801 genus,
3247 4724 3498 4780 eumdem
3527 4722 3680 4777 illum

2089 4824 2472 4880 universorum
2525 4823 2747 4879 Patrem
2807 4820 3160 4877 contumeliis
3211 4817 3492 4878 alliciunt,
3547 4815 3680 4869 dum

2090 4916 2270 4986 ipsum
2303 4924 2506 4986 negant
2541 4915 2706 4971 Deum
2741 4915 2895 4970 illum
2931 4911 3244 4977 exstitisse,
3273 4909 3440 4980 quiin
3464 4909 3579 4978 lege
3616 4921 3682 4960 ac

2091 5007 2377 5078 prophetis
2418 5009 2638 5064 locutus
2667 5018 2783 5071 est,
2825 5007 3029 5077 quique
3052 5005 3177 5074 jure
3214 5018 3246 5056 a
3283 5001 3484 5056 creatis
3513 4998 3679 5053 rebus

2092 5102 2372 5166 omnibus,
2407 5110 2667 5172 tanquam
2703 5110 2919 5157 creator
2944 5110 2999 5156 et
3042 5096 3222 5168 opifex
3265 5093 3525 5149 adoratur
3550 5110 3564 5146 :
3593 5106 3682 5145 cu-

2086 5193 2180 5263 jus
2203 5195 2279 5248 illi
2312 5196 2520 5249 cullum
2557 5209 2663 5249 una
2709 5210 2833 5248 cum
2874 5192 3158 5247 dominatu
3197 5203 3261 5242 ac
3292 5191 3559 5256 potestate
3588 5197 3680 5237 co-

2091 5293 2295 5341 nantur
2327 5295 2598 5352 evertere,
2624 5295 2685 5342 ut
2704 5293 2758 5342 et
2787 5273 2962 5351 iIIum,
2990 5283 3084 5354 qui
3113 5296 3300 5336 revera
3333 5286 3436 5340 est,
3463 5276 3680 5345 ejurent

2101 5377 2294 5444 Deum,
2319 5390 2374 5436 et
2404 5381 2661 5445 alterum,
2691 5379 2786 5450 qui
2825 5390 3094 5445 nusquam
3125 5381 3227 5439 est,
3263 5370 3396 5426 falsa
3427 5383 3491 5421 ac
3521 5365 3678 5420 fabu-

2101 5470 2220 5527 losa
2247 5473 2510 5544 opinione
2543 5489 2643 5529 sua
2671 5471 3016 5543 conﬁngant;
3052 5478 3214 5537 atque
3240 5471 3295 5520 et
3311 5475 3498 5517 verum
3523 5457 3675 5512 illum

480 5654 495 5726 ξ
532 5606 730 5710 Deesse
757 5653 1052 5726 quidpiam_
1069 5653 1303 5708 videtur.
1329 5721 1350 5726 Δ
1372 5653 1400 5726 μ’
1429 5649 1487 5707 F.
1524 5651 1922 5726 βλασφημοῦσι.

2092 5649 2290 5712 ITim.
2335 5671 2410 5723 IV,
2448 5655 2497 5711 I.
2578 5655 2600 5688 ‘
2641 5653 2874 5726 Philipp.
2935 5669 3004 5718 Iv,
3065 5649 3116 5705 8.
3233 5646 3252 5677 "
3289 5642 3405 5700 Col.
3474 5656 3546 5705 IV,
3616 5637 3672 5695 6.

409 5721 434 5756 ⁸
473 5721 610 5782 Luc.
653 5721 810 5790 xvni,
837 5721 909 5781 8f
965 5727 985 5758 "
1014 5723 1150 5780 Gen.
1177 5740 1296 5792 vni,
1323 5721 1414 5778 2i.
