4134 6392
484 347 585 403 703

1894 354 1952 410 S.
1997 353 2337 411 EPIPHANII

3633 355 3743 411 7i“

482 473 768 529 tmnttant,
810 473 886 529 et,
931 480 1092 535 quem
1141 466 1280 522 falso
1320 467 1424 522 sibi
1460 477 1796 537 proponunt,
1850 486 2058 540 nequa-

2166 474 2346 544 σπορὰ
2374 471 2484 527 τῶν
2516 472 2689 540 λόγων
2718 470 2972 542 τοιαύτην
3015 471 3173 525 εἰωθε
3221 472 3462 542 ταραχὴν
3496 469 3743 541 ἐμποιεῖν

481 571 644 625 quam
678 556 1231 626 assequantur.‘Nam
1262 560 1373 612 haec
1403 568 1485 614 est
1513 563 1738 630 nugacis
1770 563 1931 618 istius
1955 563 2056 618 do-

480 648 708 711 ctrinae,
755 664 876 717 qme
919 664 983 702 ex
1025 649 1228 703 diaboli
1279 657 1401 704 satu
1455 653 1844 720 proﬁciscitur,
1878 657 1962 709 vis
2007 663 2060 710 et

480 746 698 803 natura,
719 751 775 795 ut
791 743 1268 796 tunmltuationem
1287 758 1349 795 ac
1372 745 1832 812 perturbationem
1855 745 2061 801 immit-

480 840 578 894 tat,
612 841 664 886 et
687 842 1097 902 procreatorum
1132 834 1412 889 hominum
1447 843 1660 890 mentes
1698 838 2062 891 contumelio-

481 925 559 980 sis
605 925 658 978 in
709 923 874 978 Deum
915 926 1340 994 cogitationibus
1377 929 1597 991 excitet,
1654 937 1714 982 ut
1751 928 2062 998 depravatis

477 1016 808 1086 quibusdam
857 1018 1232 1086 opinionibus,
1283 1035 1405 1089 quae
1454 1035 1578 1073 cum
1629 1019 1720 1073 Dei
1769 1021 2062 1090 negatione

477 1108 788 1176 conjunctae
817 1119 966 1174 sunt,
999 1120 1192 1165 contra
1217 1111 1507 1166 Dominum
1534 1128 1693 1166 suum
1727 1114 1925 1169 hostile
1949 1115 2064 1169 bel-

478 1201 590 1254 lum
621 1202 949 1270 suscipiant.
981 1200 1086 1256 Sed
1115 1219 1332 1257 rursum
1368 1205 1514 1257 velut
1548 1205 1784 1275 quodam
1821 1206 1947 1259 hinc
1977 1208 2064 1260 di-

477 1291 656 1344 vortio
694 1290 857 1353 iacto.
908 1293 1154 1346 nonnulli
1196 1295 1356 1347 aliam
1409 1295 1464 1348 in
1509 1304 1719 1364 partem
1775 1295 2064 1350 deﬂectere

479 1395 590 1433 non
627 1379 972 1446 dubitarunt,
1005 1390 1066 1435 ut
1103 1384 1321 1436 unicum
1362 1381 1778 1453 Redemptorem
1807 1398 1966 1439 suum
1998 1398 2063 1439 ac

480 1470 773 1525 Dominum
807 1473 1162 1542 abnegarent.
1193 1474 1530 1542 unigenitum
1585 1476 1814 1530 viventis
1840 1473 1932 1530 Dei
1968 1473 2060 1528 Fi-

477 1562 611 1617 lium
646 1561 833 1617 Jesum
865 1565 1165 1626 Christum,
1213 1567 1305 1634 qui
1342 1566 1410 1618 ab
1432 1566 1622 1619 eodem
1667 1565 1827 1619 Patre
1869 1581 2057 1621 revera

479 1660 710 1712 estsine
741 1659 853 1711 ullo
896 1659 1052 1712 initio
1084 1675 1148 1713 ac
1181 1668 1426 1729 tempore
1469 1662 1716 1727 genitus,
1755 1662 1955 1732 quique
1994 1663 2064 1717 ab

477 1763 566 1813 eo,
609 1757 663 1803 et
693 1765 818 1803 cum
849 1766 914 1804 eo
937 1766 1154 1820 semper
1183 1754 1416 1816 exstitit,
1445 1753 1536 1820 qui
1567 1754 1776 1807 ratione
1799 1753 2057 1822 quadam,

2163 568 2257 620 καὶ
2288 566 2534 630 θόλωσιν,
2567 565 2657 620 διά
2700 564 2974 635 λογισμῶν
3015 563 3350 634 βλασφήμων
3385 566 3743 635 ἐπεγείρουσα

2158 659 2258 728 τὴν
2283 657 2389 710 τῶν
2407 657 2778 726 κεκτισμένων
2794 653 3095 724 ἀνθρώπων
3125 655 3361 708 διάνοιαν
3389 655 3629 728 περὶτοῦ
3653 654 3743 708 αύ-

2161 747 2270 801 τῶν
2322 747 2595 800 Δεσπότου
2652 744 3038 816 στρατεύεσθαι
3069 748 3188 808 ταῖς
3220 748 3419 808 κακαῖς
3466 745 3744 809 ὑπονοίαις

2162 841 2259 892 καὶ
2293 839 2756 910 ὲπαρνησιθεῖαις.
2812 837 2973 891 Ἀλλά
3013 854 3074 906 γε
3106 838 3270 892 πάλιν
3313 839 3379 891 ὲκ
3415 837 3606 891 τούτου
3644 839 3741 916 ὲκ-

2161 932 2465 1003 τραπέντες
2495 932 2657 996 τινες,
2689 931 2772 1000 ἐφ’
2799 931 2962 1000 ἔτερα
2989 929 3224 1000 βαδίζειν
3244 929 3628 998 τετολμήκασι,
3651 928 3744 979 τὸν

2167 1024 2324 1095 μόνον
2355 1011 2701 1094 ἀγὸράσαντα
2739 1023 2937 1084 αὐτοὺς
2962 1020 3238 1091 Δεσπότην
3276 1020 3614 1091 ἀρνούμενοι,
3648 1017 3744 1070 τὸν

2170 1115 2433 1186 μονογενῆ
2466 1114 2638 1167 Παῖδα
2682 1113 2887 1182 Ἰησοῦν
2928 1111 3182 1181 Χριστὸν,
3212 1111 3302 1163 τὸν
3330 1110 3455 1163 Υἰδν
3483 1109 3576 1163 τοῦ
3605 1107 3744 1162 Θεοῦ

2163 1205 2256 1259 τοῦ
2285 1205 2502 1268 ζῶντος,
2532 1204 2623 1257 τὸν
2665 1204 2834 1267 ὅντως
2859 1203 2987 1256 ὄντα
3011 1205 3075 1256 ὲκ
3103 1203 3318 1272 Πατρὸς
3343 1200 3746 1271 γεγεννημένον

2165 1297 2418 1368 ἁνάρχως
2453 1296 2547 1350 καὶ
2587 1296 2850 1366 ἀχρόνως,
2886 1295 2976 1348 τὸν
3017 1294 3104 1347 ἀεὶ
3134 1294 3262 1347 ὄντα
3292 1295 3356 1347 ἐκ
3383 1291 3478 1346 τοῦ
3508 1291 3740 1363 Πατρὸς,

2164 1386 2256 1438 καὶ
2291 1387 2388 1438 σὺν
2427 1383 2604 1456 Πατρὶ
2633 1384 2784 1445 ὄντα,
2826 1383 3222 1453 γεγεννημένον
3249 1381 3306 1435 δὲ
3341 1381 3744 1450 ἀκαταλήπτοις

2165 1478 2258 1530 καὶ
2304 1475 2607 1546 ἀχράντως,
2659 1473 2945 1544 ὁμοούσιον
2985 1473 3064 1544 τῷ
3116 1473 3290 1545 Πατρ“ι
3339 1472 3488 1536 ὄντα,
3519 1473 3614 1525 καὶ
3645 1473 3745 1525 οὐκ

2165 1569 2374 1624 ἀλλοῖον
2421 1567 2570 1639 παρά
2612 1567 2702 1620 τὸν
2747 1567 2988 1636 Πατέρα.
3034 1569 3095 1619 Ol
3152 1566 3248 1636 μὲν
3281 1561 3435 1628 αὖθις
3486 1564 3744 1636 μανέντες

2163 1661 2318 1729 δίκην
2347 1659 2585 1729 λυσσητή
2597 1674 2703 1728 ρων
2733 1657 2910 1710 κυνῶν
2935 1657 3026 1709 ἐπὶ
3058 1655 3148 1708 τὸν
3182 1657 3310 1709 ἴδιον
3337 1655 3516 1710 αὐτῶν
3543 1655 3746 1707 Δεσπό-

2164 1768 2262 1820 την
2285 1748 2578 1804 ὑλακτοῦσι
2599 1766 2613 1779 ο
2646 1747 2896 1818 καθάπερ
2923 1745 2982 1811 έξ
3007 1747 3257 1817 ὑπαρχῆς
3293 1747 3531 1800 Ἰουδαῖοι
3556 1745 3751 1799 τοῦτον

478 1858 602 1911 qua:
633 1843 782 1895 omni
817 1843 1306 1911 comprehensione
1339 1845 1592 1912 superior
1639 1852 1746 1906 est,
1802 1845 1920 1898 sine
1957 1846 2063 1899 ulla

2166 1832 2532 1912 ἀγνοήσαντες
2566 1838 2858 1908 κέκληνται
2905 1839 3070 1902 κύνες
3120 1838 3316 1904 ἔννεοὶ,
3348 1840 3572 1904 εἰκότως
3594 1839 3746 1910 παρὰ

478 1935 860 2004 inquinatione
889 1937 1108 2005 genitus
1139 1945 1224 1990 est
1271 1934 1516 2004 ejusdem
1546 1949 1670 1989 cum
1720 1934 1882 1990 Patre
1933 1936 2063 1991 sub-

2165 1931 2258 1985 τοῦ
2299 1931 2579 2001 προφήτου
2606 1931 2837 2000 ταυτησὶ
2863 1929 2962 1999 τῆς
2993 1930 3308 2000 ἐπωνυμίας
3345 1930 3748 2002 κατηξιωμένοι

480 2028 714 2090 stantim,
759 2042 858 2081 nec
903 2028 972 2080 ab
1003 2043 1068 2082 eo
1115 2028 1227 2080 ullo
1281 2029 1443 2081 modo
1487 2027 1824 2097 discrepans.
1859 2025 2063 2082 Contra

2165 2020 2422 2091 τοῦνομα,
2452 2021 2549 2089 τῆς
2592 2019 2771 2072 αὐτῶν
2796 2021 2924 2088 περὶ
2952 2019 3042 2071 τὸν
3083 2019 3286 2090 Κύριον
3328 2021 3421 2073 καὶ
3444 2021 3542 2090 τὴν
3581 2019 3745 2073 αὐτοῦ

479 2114 630 2171 hunc
684 2118 852 2187 igitur
906 2119 1240 2173 insanientes
1291 2119 1404 2180 alii,
1455 2119 1604 2172 velut
1659 2119 1834 2173 rabidi
1873 2102 2060 2181 canes,

2165 2113 2469 2184 παρουσίαν
2491 2111 2849 2182 ἀναισχύντου
2872 2111 3068 2182 ὁρμῆς,
3097 2110 3172 2174 ὡς
3193 2111 3340 2164 ἐστιν
3361 2111 3560 2182 ἀληθὲς
3593 2111 3742 2166 ἰδεῖν.

482 2205 770 2261 Dominum
830 2224 989 2262 suum
1039 2210 1363 2262 allatrautes
1394 2228 1406 2263 :
1435 2208 1894 2278 quemadmodum
1932 2211 2061 2265 olim

2165 2207 2298 2259 Φασί
2329 2205 2438 2276 γὰρ
2480 2205 2607 2268 τοὺς
2649 2204 2963 2268 λυσσῶντας
2991 2204 3158 2268 κύνας
3189 2205 3406 2267 ὲννεοὺς
3439 2203 3746 2266 καλεῖσθαι,

474 2291 672 2352 Jud:ei,
710 2296 854 2365 quod
889 2298 1038 2350 illum
1069 2298 1403 2368 ignorarent,
1439 2300 1637 2353 tnerito
1667 2300 1806 2353 muti
1840 2315 2006 2356 canes
2034 2315 2063 2353 a

2165 2297 2250 2350 διά
2277 2296 2339 2349 τὸ
2376 2295 2577 2358 νωδοὺς
2604 2295 2979 2349 ἀποτελεῖσθαι
3012 2297 3078 2350 ὲκ
3102 2297 3202 2366 τῆς
3228 2296 3745 2367 καταλιμπανούσης

480 2387 746 2455 propheta
779 2397 1044 2442 vocantur
1067 2391 1107 2443 ¹.
1146 2389 1278 2455 Qua:
1302 2393 1355 2444 in
1385 2391 1506 2446 illos
1533 2391 1820 2460 appellatio
1843 2400 2063 2461 propter

2165 2387 2359 2450 αὐτοὺς
2381 2386 2642 2450 διανοίας.

481 2479 850 2546 impudentem
920 2495 984 2535 ac
1043 2483 1394 2535 temerarium
1454 2482 1668 2552 1036
1731 2482 1947 2537 illorum
2002 2483 2056 2536 in
2094 2479 2413 2541 Dominum,
2474 2487 2530 2532 et
2580 2486 2889 2546 susceptam
2933 2478 3004 2532 ab
3052 2493 3117 2534 eo
3180 2487 3434 2534 naturam
3486 2481 3752 2553 impetum

479 2580 534 2626 et
561 2573 820 2626 insultum
849 2575 973 2642 jure
1001 2572 1303 2636 coul‘ertnr,
1333 2581 1391 2626 ut
1409 2588 1476 2628 ex
1502 2589 1568 2628 eo
1595 2582 1856 2629 constare
1873 2582 2056 2644 potest
2085 2570 2230 2643 quod
2258 2570 2508 2625 rabiosos
2535 2582 2702 2622 canes
2721 2569 2791 2623 ob
2814 2570 2867 2623 id
2893 2578 3075 2624 mutos
3127 2585 3251 2625 esse
3309 2583 3559 2639 narrant,
3613 2588 3750 2644 quo-

480 2666 628 2722 niam
670 2665 788 2734 ipsa
824 2665 946 2718 illos
981 2665 1162 2718 rabies
1191 2665 1482 2720 edentulos
1513 2663 1666 2719 facit.

552 2757 640 2812 ιν.
686 2758 781 2812 Est
807 2759 950 2812 enim
976 2759 1090 2813 haec
1117 2768 1313 2813 natura
1335 2774 1558 2822 canum,
1590 2766 1880 2830 postquam
1911 2758 2064 2814 rabie

479 2851 676 2904 tentati
708 2859 858 2914 sunt,
895 2859 974 2914 ut,
1005 2851 1097 2919 qui
1131 2850 1416 2904 dominum
1445 2859 1625 2915 antea,
1662 2851 1896 2920 ejusque
1923 2850 2063 2904 libe-

480 2959 596 3008 ros,
642 2957 706 2996 ac
747 2943 1078 2996 domesticos
1124 2953 1461 3012 czeterosque
1512 2943 1657 2996 illius
1690 2943 2060 3013 propinquos,

2239 2759 2313 2809 A'.
2341 2754 2498 2809 Οὕτω
2530 2755 2640 2826 γὰρ
2673 2755 2782 2809 τῶν
2811 2755 2988 2810 κυνῶν
3013 2758 3046 2827 ὴ
3079 2756 3242 2825 φύσις
3266 2757 3404 2810 ὲπάν
3437 2760 3517 2822 εἰς
3546 2757 3752 2812 λύσσαΑ

2165 2847 2488 2918 ὲκτραπείη,
2523 2849 2572 2900 οἰ
2609 2848 2740 2901 ποτὲ
2782 2847 3051 2920 δεσπότην
3083 2848 3464 2918 γινώσκοντες,
3500 2852 3594 2904 καὶ
3621 2852 3748 2913 τοὺς

2167 2940 2333 2994 αὑτοῦ
2366 2943 2522 3005 υἰεῖς,
2558 2944 2793 3008 οἰκείους
2823 2962 2881 2997 τε
2912 2946 3008 2998 καὶ
3054 2946 3178 3008 τοὺς
3202 2945 3392 3009 ἄλλους
3425 2947 3631 3009 πάντας
3652 2945 3749 2999 τοῦ

479 3045 534 3089 et
578 3033 876 3089 familiares
917 3041 1313 3105 cognoverant,
1353 3034 1683 3104 simulatque
1727 3035 1922 3088 morbo
1971 3034 2063 3088 illo

2165 3033 2543 3087 οἰκοδεσπότου
2589 3035 2863 3106 γνησίους,
2902 3038 3030 3090 ὅταν
3068 3035 3207 3110 λάὁῃ
3246 3038 3442 3099 αὐτοὺς
3486 3039 3518 3108 ἡ
3557 3037 3748 3108 μανία,

478 3125 713 3195 correpti
740 3132 889 3187 sunt,
920 3125 1167 3178 omnium
1194 3123 1427 3179 istorum
1458 3125 1642 3180 vultus
1673 3124 1889 3178 illorum
1923 3139 2059 3178 ocu-

480 3218 548 3274 lis
580 3217 901 3273 commutati
939 3218 1247 3280 videantur,
1287 3223 1454 3286 atque
1501 3217 1556 3270 in
1593 3225 1754 3272 notos
1791 3217 2057 3281 insiliant,

477 3325 619 3380 quos
649 3318 809 3364 antea
838 3311 1039 3380 partim
1082 3311 1258 3363 cauda
1307 3308 1661 3374 blandiendo,
1697 3310 1893 3379 partim
1939 3325 2061 3364 sese

480 3401 844 3472 subjiciendo,
903 3402 1049 3454 velut
1098 3401 1307 3454 honore
1358 3401 1852 3470 prosequebantur.
1920 3399 2062 3456 Ecce

479 3495 579 3548 tibi
621 3493 794 3547 Judaei
827 3492 925 3552 illi,
958 3493 1050 3560 qui
1083 3501 1136 3544 et
1170 3491 1380 3544 Domini
1429 3491 1721 3544 adventum
1771 3498 2059 3559 exspecta-

481 3590 634 3653 bant,
687 3595 742 3642 et
781 3588 846 3639 ad
883 3585 1264 3652 excipiendum
1314 3598 1578 3652 sponsum
1615 3597 1736 3637 sese
1773 3597 2064 3652 compara-

482 3681 634 3741 bant,
670 3679 760 3748 qui
797 3676 1089 3746 prophetas
1117 3674 1300 3728 videre
1344 3674 1638 3742 cupiebant
1667 3711 1685 3736 ,
1723 3673 1814 3742 qui
1860 3672 2060 3728 divinis

483 3771 712 3825 vocibus
737 3769 1211 3836 obtemperaturos
1243 3780 1302 3819 se
1338 3781 1461 3820 esse
1491 3765 1916 3834 profitebantur,
1965 3766 2060 3835 qui

483 3879 606 3919 cum
637 3861 820 3930 Moyse
849 3862 1153 3929 pactionem
1181 3857 1452 3926 ejusmodi
1486 3856 1730 3911 fecerant
1758 3878 1770 3912 :
1807 3857 1934 3911 Esto
1962 3873 2062 3910 no-

489 3953 566 4007 bis
613 3953 669 4005 in
713 3951 794 4003 his
820 3964 937 4017 qum
967 3957 1088 4002 sunt
1119 3947 1258 4013 apud
1294 3945 1596 4004 Dominum,
1637 3948 1763 4000 item
1793 3964 1806 4000 :
1835 3945 2058 4011 Omnia,

482 4059 800 4114 qua’cunque
846 4040 1042 4093 dixerit
1093 4041 1185 4090 tibi
1219 4038 1498 4100 Dominus,
1529 4036 1802 4091 audiemus
1855 4045 1908 4091 et
1975 4037 2061 4106 [a-

481 4138 679 4190 ciemus
711 4136 770 4190 ’τ
803 4133 900 4198 illi,
952 4132 1196 4202 inquam,
1230 4145 1355 4184 cum
1392 4137 1711 4199 praesentem
1769 4127 2062 4183 Dominum

485 4230 866 4288 intuerentur,
915 4222 1166 4276 veritatis
1212 4235 1504 4290 expressas
1553 4219 1762 4287 species
1801 4233 1866 4272 ac
1904 4228 2063 4274 notas

481 4319 819 4390 ignorantes,
869 4329 1007 4384 quas
1049 4313 1348 4384 prophetae,
1409 4312 1503 4382 qui
1551 4312 1701 4366 illum
1753 4322 2063 4366 antecesse-

2163 3124 2502 3179 ἀλλοιοῦνται
2525 3128 2594 3180 τά
2620 3129 2885 3199 πρόσωπα
2907 3127 3136 3182 ἐνώπιον
3159 3130 3258 3200 τῆς
3280 3128 3459 3183 αὐτῶν
3480 3131 3745 3200 ὁράσεως,

2165 3217 2262 3268 καὶ
2292 3219 2380 3270 ἐπ’
2423 3219 2619 3282 αὐτοὺς
2669 3219 2972 3290 ἐγείρονται
3004 3221 3131 3284 τοὺς
3173 3221 3446 3291 γνησίους,
3477 3221 3572 3284 οὓς
3617 3239 3748 3274 ποτε

2171 3307 2440 3376 τιμῶντες
2464 3312 2530 3380 τῇ
2573 3311 2672 3380 μὲν
2715 3311 2898 3383 κέρκῳ
2928 3312 3162 3376 ἐσαινον,
3192 3315 3300 3376 τοῖς
3324 3312 3379 3365 δὲ
3406 3314 3626 3383 τρόποις
3653 3315 3752 3366 ὑπ-

2163 3399 2474 3454 ετάσσοντο.
2501 3401 2706 3454 Αὐτίκα
2731 3404 2778 3454 οἰ
2795 3401 3199 3472 προσδοκῶντες
3227 3401 3462 3473 Χριστοῦ
3479 3403 3576 3473 τὴν
3604 3419 3748 3473 παρ-

2161 3490 2366 3554 ουσίαν,
2413 3493 2462 3544 οἰ
2501 3491 2909 3563 έτοιμαζόμενοι
2953 3493 3207 3556 δέξασθαι
3255 3494 3346 3545 τὸν
3381 3493 3636 3564 νυμφίον,
3699 3494 3750 3546 οἰ

2161 3583 2446 3651 προφήτας
2475 3581 2755 3652 εὐχόμενοι
2789 3583 3045 3644 κατιδεῖν,
3075 3583 3124 3635 οἰ
3157 3581 3438 3636 πείθεσθαι
3473 3583 3637 3646 Θείοις
3663 3583 3750 3636 λό-

2161 3687 2278 3739 γοις
2312 3673 2697 3744 ὑποσχόμενοι,
2723 3675 2772 3727 οἱ
2802 3674 2880 3746 τῷ
2917 3676 3139 3728 Μωῦσεῖ
3165 3677 3221 3728 ἐν
3249 3675 3488 3747 συνθήκῃ
3521 3675 3750 3748 συνεληο

2161 3763 2381 3828 λυθότες
2405 3766 2447 3825 ⁵,
2484 3767 2570 3819 ὅτι
2628 3767 2822 3821 Feror")
2860 3766 2942 3821 σὺ
2995 3766 3069 3820 τὰ
3120 3768 3270 3834 πρὸς
3326 3769 3577 3835 Κύριονο
3630 3768 3748 3833 καὶ,

2162 3852 2369 3908 Πάντα
2401 3855 2518 3908 ὅσα
2551 3856 2660 3910 ἐὰν
2686 3858 2841 3910 εἵποι
2871 3873 2970 3911 σοι
3009 3861 3041 3912 ό
3078 3859 3314 3924 Κύριος,
3369 3859 3750 3926 ἀκουσόμεθα

2162 3948 2260 4002 καί
2288 3947 2631 4016 ποιήσωμεν
2648 3963 2661 3977 ⁸
2684 3951 2772 4002 ὅτε
2794 3945 2932 4002 εἶδον
2956 3949 3047 4002 τὸν
3071 3949 3250 4001 αὐτῶν
3271 3950 3549 4018 Δεσπότην
3572 3967 3754 4022 παρα-

2162 4037 2476 4108 γενόμενον,
2509 4039 2879 4108 ἀγνοήσαντες
2906 4038 3004 4108 τὴν
3035 4039 3248 4109 μορφὴν
3277 4039 3368 4090 καὶ
3397 4041 3524 4100 τοὺς
3545 4040 3752 4104 τύπους

2162 4130 2260 4199 τῆς
2293 4129 2572 4200 ἀληθείας,
2616 4128 2708 4192 οὒς
2739 4131 2788 4182 οἰ
2834 4129 3108 4201 προφῆται
3158 4129 3264 4199 πρὸ
3292 4129 3457 4182 αὑτοῦ
3499 4133 3556 4182 ὲν
3587 4131 3751 4202 σαρκὶ

2164 4222 2452 4291 γενόμενον
2499 4222 2520 4252 ⁸
2567 4220 2870 4282 διετύπουν,
2923 4221 3305 4291 διεχάραττον,
3357 4221 3744 4290 κατήγγελλον,

2165 4315 2496 4384 ἑσήμαινοψ
2545 4313 2760 4384 πρῶτον
2803 4314 2902 4384 μὲν
2945 4309 3038 4366 οὖν
3077 4312 3226 4382 αὐτῷ
3259 4312 3474 4381 έλεγον·
3515 4314 3611 4379 Τίς
3643 4307 3750 4367 οὗ·

483 4417 634 4473 runt,
669 4403 1054 4466 describendo,
1104 4401 1454 4465 delineando,
1505 4401 1807 4455 nuntiando
1855 4402 2062 4472 signiti-

2166 4422 2268 4470 τος
2298 4404 2366 4471 ὃς
2398 4404 2580 4458 λαλεῖ
2597 4405 2996 4474 βλασφημίας
3012 4421 3030 4467 ;
3061 4404 3247 4458 ἄλλοτε
3274 4405 3328 4458 δὲ
3355 4405 3630 4474 δαιμόνιον
3655 4405 3752 4457 αὑ·-

482 4499 766 4568 candoque
810 4496 1257 4567 praescripserant
1293 4512 1308 4547 :
1349 4494 1583 4563 primum
1633 4493 1746 4547 haec
1797 4492 1851 4546 in
1912 4495 2063 4546 illum

479 4591 731 4662 jecerunt
758 4609 770 4642 :
801 4589 931 4654 Quis
949 4596 1024 4642 est
1065 4588 1148 4640 hic
1173 4625 1188 4648 ,
1232 4586 1322 4656 qui
1367 4585 1600 4656 loquitur
1638 4583 2063 4650 blasphemias’?

484 4685 636 4739 Alias
691 4698 820 4736 vero
872 4680 1196 4735 dtemonium
1252 4678 1450 4732 habere
1517 4677 1668 4730 illum
1719 4675 2062 4744 impudenter

485 4792 549 4829 ac
579 4773 862 4844 praefracta
889 4772 1125 4841 quadam
1168 4771 1397 4823 audacia
1454 4768 1759 4838 jactarunt.
1817 4766 1923 4822 Sed
1959 4782 2062 4822 nec

483 4866 634 4934 ipsos
698 4862 1099 4918 Samaritanum
1163 4859 1414 4914 eumdem
1481 4859 1754 4928 appellare
1789 4857 1982 4928 puduit
2012 4859 2056 4912 ⁵.

485 4955 794 5022 Postremo,
824 4960 882 5007 ut
901 4951 1035 5015 dixi,
1069 4951 1149 5004 sic
1175 4958 1433 5018 tanquam
1453 4947 1625 5002 rabidi
1659 4963 1823 5003 canes
1857 4947 1912 5001 in
1935 4963 2060 5002 eum

483 5049 831 5111 insilierunt,
873 5059 938 5098 ac
968 5058 1166 5097 manus
1199 5040 1522 5106 allixerunt‘,
1574 5038 1628 5094 id
1663 5039 1811 5110 quod
1863 5039 2060 5096 furiosi

556 5189 573 5219 ι
610 5185 715 5242 lsa.
785 5200 895 5250 LVI,
922 5184 1009 5240 10.

560 5354 673 5421 (97)
734 5351 1202 5420 Ἀνακρεμάσας.
1251 5347 1717 5421 Merito‘quidem
1774 5347 2074 5421 mendosus

487 5417 758 5480 visus—est
785 5417 938 5477 locus
963 5417 1066 5476 iste
1090 5440 1104 5476 :
1144 5423 1230 5482 Ὠς
1265 5417 1566 5489 μεμηνότες
1590 5417 1748 5479 κύνες
1773 5417 2074 5489 ἐπανέστη-

491 5513 592 5549 σαν
613 5511 626 5524 °
656 5496 749 5548 καὶ
795 5497 893 5557 τὰς
931 5493 1026 5562 μὲν
1064 5487 1275 5562 χεῖρας
1303 5487 1778 5562 προσέπηξανζὼς
1815 5487 1902 5539 ἀεὶ
1930 5487 2077 5562 μετὰ

491 5569 590 5633 τῆς
626 5565 821 5633 μανίας
844 5569 871 5616 ὁ
908 5557 1695 5633 κύωνζάνακρεμάσας-αὺτοῦ
1725 5557 1826 5633 τᾲς
1863 5561 2072 5633 χεῖρα-ς,

495 5627 594 5687 έπέ
605 5627 788 5704 ρχεται
812 5635 903 5688 καὶ
935 5633 1001 5685 τὰ
1029 5631 1296 5704 πρόσωπα
1321 5627 1597 5704 τῶν-ἰδίων
1621 5627 1784 5704 αὑτοῦ
1803 5627 2078 5704 δεσποτῶν

502 5699 866 5772 καταγλύφειν
907 5705 1008 5756 οὐκ
1054 5699 1390 5772 αἰσχύνεται,
1426 5700 1645 5772 Verum
1675 5699 1835 5772 nullo
1859 5699 2076 5772 negotio

499 5768 775 5828 emendari
795 5782 1023 5844 poterat,
1047 5768 1159 5828 hoc
1173 5768 1351 5836 modo,
1369 5769 1758 5841 ἀνακρεμάσας
1778 5768 1959 5833 αὑτὸν,
1978 5769 2076 5832 τὰς

2168 4496 2259 4549 τὸν
2306 4495 2472 4566 ἔχειν,
2508 4497 2609 4548 οὐκ
2657 4496 3056 4566 αἰσχυνόμενοι,
3106 4497 3504 4567 τετολμήκασιν
3552 4498 3749 4552 εἰπεῖν.

2171 4589 2292 4641 Ἔτι
2334 4589 2390 4641 δὲ
2433 4590 2528 4644 καὶ
2561 4588 2906 4659 Σαμαρείτην
2949 4588 3110 4641 αὐτὸν
3153 4589 3448 4640 ἀποκαλεῖν
3479 4588 3580 4640 ούκ
3613 4589 3752 4658 ἠρυ-

2167 4680 2356 4750 ορίων.
2407 4681 2588 4752 Πέρας
2637 4679 2752 4742 οὖν,
2800 4681 3050 4752 καθάπερ
3083 4699 3173 4750 μοι
3219 4680 3640 4752 προδεδήλωται,
3675 4681 3752 4743 ὼς

2169 4771 2472 4842 μεμηνότες
2520 4771 2681 4834 κύνες
2724 4771 3132 4840 ἐπανέστησανο
3169 4771 3265 4824 καὶ
3297 4770 3394 4832 τὰς
3427 4770 3524 4840 μὲν
3560 4772 3752 4840 χεῖρας

2163 4863 2538 4934 προσέπηξαν,
2562 4865 2637 4928 ὡς
2657 4866 2744 4916 ἀεὶ
2771 4863 2908 4935 μετά
2927 4864 3027 4933 τῆς
3057 4864 3252 4934 μανίας
3273 4866 3300 4916 ὁ
3327 4862 3495 4927 κύων,
3517 4863 3752 4932 ἀνακρε-

2166 4955 2345 5025 μάσας
2371 4956 2484 5025 (97)
2511 4955 2676 5010 αὑτοῦ
2697 4956 2795 5019 τὰς
2821 4959 3030 5028 χεῖρας,
3065 4956 3356 5026 ἐπέρχεται
3375 4957 3468 5009 καὶ
3494 4955 3561 5008 τὰ
3587 4955 3755 5027 πρόσ-

2161 5065 2288 5100 ωπα
2341 5049 2450 5101 τῶν
2497 5049 2642 5103 ἰδίων
2701 5048 2864 5102 αὑτοῦ
2917 5048 3192 5101 δεσποτῶν
3237 5047 3605 5116 καταγλύφειν
3650 5047 3753 5100 οὐκ

1108 5185 1130 5215 ²
1165 5182 1322 5237 Deut.
1350 5181 1513 5244 v,9.7.
1590 5179 1610 5211 ³
1639 5179 1768 5234 Luc.
1792 5197 1842 5243 v,
1875 5180 1964 5235 2|.
2029 5181 2051 5212 ⁸

2165 5200 2238 5242 In.
2272 5205 2393 5253 VIII,
2426 5189 2515 5245 48.
2595 5191 2616 5222 ⁸
2651 5207 2740 5259 γρ.
2777 5188 3203 5259 εἰσεληλυθότες.
3279 5188 3300 5218 ⁸
3340 5185 3399 5240 F.
3431 5187 3750 5257 γενομένου.

2170 5353 2363 5423 χεῖρας
2404 5350 2718 5423 ἐπέρχεται.
2750 5347 2920 5402 ,Ιιιάιυί
2959 5349 3012 5402 in
3053 5347 3331 5423 Christum
3368 5357 3618 5423 tanquam
3660 5364 3754 5400 ra-

2171 5417 2286 5475 bidi
2321 5438 2478 5475 canes
2511 5417 2858 5482 'insilierunt;
2893 5428 2943 5472 et
2972 5435 3158 5471 manus
3200 5417 3410 5487 quidem
3446 5417 3745 5486 aﬁizerunt,

2173 5495 2312 5546 sicut
2360 5507 2560 5560 semper
2599 5491 2834 5559 furiosus
2882 5490 3030 5542 canis
3068 5487 3405 5560 suspendens-_
3435 5503 3510 5549 se,
3565 5503 3750 5560 manas

2175 5562 2399 5625 invadit,
2445 5557 2506 5614 de
2540 5557 2712 5614 vultus
2744 5561 3078 5614 dominorum
3124 5575 3340 5611 suorum
3387 5557 3592 5610 laniare
3621 5557 3755 5610 nihil

2173 5644 2394 5687 veretur.
2426 5634 2792 5698 COTELERIUS,
2828 5631 3065 5686 Monum.
3103 5627 3246 5683 Eccl.
3280 5627 3497 5696 Gra‘cw,
3527 5635 3660 5682 tom.
3685 5627 3758 5692 ιι,

2177 5714 2284 5760 not.
2300 5745 2312 5771 ,
2345 5719 2399 5774 p.
2424 5703 2547 5758 669.
