4134 6392
296 350 401 409 705

916 356 1290 414 ADVERSUS
1329 356 1674 414 HERESES
1711 355 1841 411 LIB.
1882 353 1971 412 III.
2012 352 2177 409 ΤΟΜ.
2218 352 2283 406 11.
2319 383 2390 393 —-
2433 348 2711 405 IIAZRES.
2754 345 3037 404 LXXVIII.

3468 348 3571 405 706

296 474 639 547 αίσχύνεται.
690 478 1027 550 Παρέδωκαν
1076 482 1276 536 ἐκεῖνοι
1324 481 1417 536 τὸν
1456 479 1640 535 αὐτῶν
1679 478 1886 552 Κύριον

1995 489 2157 530 canes
2207 472 2462 527 factitare
2520 471 2739 533 solent,
2796 469 2882 538 qni
2941 465 3289 522 dominorum
3344 479 3571 521 suorum

297 569 377 631 είς
417 567 480 621 τὸ
522 571 927 642 σταυρωθῆναι,
978 572 1266 645 προφήτας
1304 589 1365 627 τε
1409 573 1537 635 τοὺς
1573 572 1885 636 οίκειακοὺς

295 658 391 713 τοῦ
426 659 595 715 αὐτοῦ
621 661 914 727 Δεσπότου,
949 663 1043 717 τὸν
1075 663 1174 735 μὲν
1216 664 1469 737 ἐπρισαν,
1495 663 1588 718 τὸν
1620 663 1677 716 δὲ
1716 661 1885 726 λίθοις

298 751 656 819 κατέλευσαν,
706 752 864 809 ἄλλον
903 753 960 809 δὲ
993 756 1140 827 φόνῳ
1186 755 1460 827 μαχαίρας
1506 755 1882 827 διεχρήσαντο.

295 844 454 899 Μετὰ
474 844 698 909 τούτους
723 846 780 900 δὲ
812 846 1073 911 ὡσαύτως
1104 846 1200 901 νῦν
1228 850 1277 900 οἱ
1303 848 1413 902 νέοι
1459 846 1701 901 Ἰουδαῖοι
1751 844 1880 899 ἀλλ-

298 937 616 1009 επαλλήλως
640 940 707 1011 τῇ
734 939 871 1012 αὐτῇ
898 940 1227 1013 κεχρημένοι
1268 941 1482 1012 ἀγωγῇ,
1519 940 1568 991 οί
1600 938 1697 1008 μὲν
1730 953 1887 1007 φυσι-

297 1029 387 1084 κοὶ
431 1030 674 1084 Ἰουδαῖοι
714 1032 858 1085 κατά
888 1032 1068 1104 σάρκα
1104 1033 1203 1104 μὲν
1236 1032 1565 1104 ¹Ινλρνοήσαντο,
1593 1031 1644 1084 οί
1672 1029 1730 1083 δὲ
1764 1028 1883 1097 νῦν,

298 1123 623 1196 ἀρνούμενοι
653 1125 753 1196 τὴν
777 1125 874 1179 τοῦ
904 1125 1037 1180 Υίοῦ
1069 1125 1165 1179 τοῦ
1189 1126 1326 1181 Θεοῦ
1360 1123 1573 1181 τελείαν
1607 1124 1744 1198 πρὸς
1773 1125 1887 1177 Πα-

296 1218 430 1288 τέρα
461 1216 832 1289 γνησιότητα,
882 1218 1091 1290 κτίσμα
1140 1218 1325 1282 αὐτὸν,
1375 1217 1471 1271 καὶ
1514 1217 1748 1288 ποίημα,
1790 1215 1887 1268 καὶ

298 1308 573 1381 ἀλλότριον
601 1309 814 1384 Πατρδς
855 1310 1172 1365 παντάπασι
1201 1310 1507 1382 μεμηνότες
1537 1310 1631 1365 καὶ
1660 1307 1886 1380 βεϐρον·

295 1399 524 1472 τημένοι
556 1398 916 1466 ἀδιαλείπτως
948 1399 1394 1472 διισχυρίζονται.

370 1657 450 1712 E'.
491 1658 589 1713 Ἐκ
611 1657 817 1713 τούτων
840 1659 899 1713 δὲ
934 1658 1096 1714 πάλιν
1126 1659 1276 1715 ἄλλοι
1313 1659 1544 1730 ἀφέντες
1568 1660 1669 1725 τὰς
1697 1678 1885 1734 προει-

302 1749 547 1821 ρημένας
575 1749 928 1822 βλασφήμους
950 1751 1324 1815 διδασκαλίας,
1350 1750 1535 1816 καθὼς
1564 1754 1759 1817 εἰπεῖν,
1788 1754 1886 1807 αύ-

1987 582 2185 622 manus
2219 581 2285 620 ac
2328 565 2513 620 vultus
2556 564 2904 618 incurrentes
2956 559 3163 613 laniare
3200 556 3338 611 nihil
3380 572 3574 611 veren-

1987 667 2100 723 tur,
2131 659 2212 713 sic
2243 657 2323 711 illi
2353 656 2644 711 Dominum
2682 653 2750 708 ad
2793 652 2979 710 crucis
3030 649 3362 721 supplicium
3404 648 3573 704 tradi-

1986 754 2209 818 derunt,
2240 752 2536 824 prophetas
2562 750 2807 820 ejusdem
2839 748 3174 802 domesticos
3197 742 3393 814 partim
3419 754 3573 798 serra

1986 854 2418 909 consecuerunt,
2460 844 2659 915 partim
2690 840 2964 912 lapidibus
2996 838 3336 898 obruerunt,
3372 832 3572 904 partim

1987 940 2167 1012 gladio
2201 938 2601 994 interfecerunt
2628 936 2645 966 ¹
2667 970 2681 985 .
2698 932 3011 990 Secundum
3049 930 3172 985 illos
3197 942 3326 982 vero
3348 926 3575 997 perinde

1987 1042 2041 1086 et
2092 1029 2253 1085 hodie
2288 1027 2417 1083 novi
2454 1023 2536 1081 lli
2572 1023 2742 1080 Judaei
2792 1021 2985 1079 iisdem
3024 1019 3258 1074 invicem
3305 1015 3575 1072 institutis

1990 1139 2055 1178 ac
2084 1121 2379 1193 disciplina
2415 1118 2656 1183 formati,
2689 1117 2770 1171 uti
2801 1116 2919 1171 veri
2959 1115 3038 1169 illi
3071 1112 3244 1170 Judzei
3280 1109 3573 1165 Dominum

1986 1230 2112 1270 cum
2160 1228 2330 1269 carne
2376 1219 2701 1283 praesentem
2754 1209 3115 1278 abnegarunt,
3168 1206 3245 1259 ita
3297 1203 3402 1272 ipsi
3448 1199 3576 1255 Filii

1987 1303 2084 1359 Dei
2117 1302 2416 1376 perfectam
2442 1316 2567 1357 cum
2599 1297 2763 1354 Patre
2792 1298 3207 1370 germanitatem
3238 1293 3572 1357 inticiantes,

1986 1406 2295 1452 creaturam
2330 1408 2455 1449 esse
2499 1392 2676 1458 illum,
2708 1398 2762 1446 et
2794 1389 3095 1461 opiﬁcium,
3123 1394 3179 1443 et
3208 1400 3238 1440 a
3277 1384 3439 1438 Patre
3477 1398 3575 1452 pe—

1987 1489 2140 1543 nitus
2183 1487 2421 1542 alienum
2465 1482 2661 1538 furiosi
2702 1497 2769 1537 ac
2812 1479 3077 1536 vecordes
3136 1475 3433 1533 identidem
3490 1471 3578 1528 af-

1990 1579 2232 1635 ﬁrmant.

2063 1670 2275 1742 1037
2315 1668 2383 1724 ν.
2423 1667 2530 1723 Alii
2560 1682 2726 1739 porro
2759 1663 3158 1721 contumeliosa
3193 1659 3285 1715 illa
3310 1658 3371 1712 in
3405 1654 3579 1711 Deum

1990 1764 2248 1835 dogmata
2275 1763 2671 1832 relinquentes,
2706 1758 2866 1830 quasi
2896 1757 3135 1812 divinam
3166 1755 3338 1824 ipsam
3362 1751 3417 1805 in
3441 1749 3580 1806 cmlo

296 1839 396 1914 τὴν
423 1842 525 1910 τὴν
559 1842 702 1897 κατὰ
728 1842 890 1912 φύσιν
914 1842 1242 1914 θεασάμενοι
1272 1844 1595 1916 ἐπουράνιον
1624 1843 1882 1916 θεωρίαν,

1995 1864 2262 1921 naturam,
2294 1861 2357 1909 ut
2385 1855 2461 1908 ita
2497 1852 2698 1915 dicam,
2744 1847 3040 1920 aliquando
3071 1842 3423 1916 contemplati
3464 1840 3584 1895 fue-

299 1934 396 1988 καὶ
425 1934 495 1987 τὰ
533 1933 646 1988 άνω
689 1934 1149 2006 ἐμϐατεύσαντες,
1180 1938 1277 1993 καὶ
1321 1938 1886 2010 πολυπραγμονήσαν-

293 2041 409 2091 τες,
437 2025 515 2091 ὡς
540 2026 748 2082 ἀνωθεν
776 2031 1024 2099 ἥκοντες,
1050 2029 1310 2101 αὐθαδείᾳ
1340 2029 1765 2100 ἀπαγγέλλουσι,
1792 2029 1888 2085 καὶ

298 2116 540 2190 ἰσχυρῶς
573 2118 1024 2192 διισχυρίζονται,
1069 2120 1425 2184 ἐκϐάλλοντες
1460 2123 1527 2174 ὲκ
1564 2121 1664 2192 τῆς
1693 2120 1886 2192 θεότη-

296 2227 391 2275 τος
417 2211 480 2265 τὸ
506 2210 663 2280 ἆγιον
696 2212 941 2285 Πνεῦμα.
977 2213 1089 2268 Καὶ
1119 2213 1211 2267 τὸν
1258 2213 1359 2286 μὲν
1404 2213 1626 2286 Πατέρα
1657 2214 1760 2268 οὐκ
1787 2214 1888 2286 ήρ-

297 2318 510 2374 νηνται,
544 2301 669 2356 οὔτε
710 2303 809 2376 τὴν
836 2303 932 2357 τοῦ
976 2302 1107 2358 Υίοῦ
1141 2303 1280 2376 πρὸς
1328 2304 1493 2358 αὐτὸν
1529 2305 1884 2377 γνησιότητα,

295 2394 386 2464 ἐφ’
418 2394 613 2467 ὲτέραν
650 2394 708 2448 δὲ
758 2395 922 2450 πάλιν
952 2394 1072 2450 ὁδὸν
1114 2395 1445 2466 βαδίζουσιν,
1481 2396 1570 2451 ἵνα
1619 2395 1888 2452 πάντοθεν

301 2484 563 2557 πληρωθῇ
590 2484 673 2550 τὸ,
715 2484 1025 2551 Ἐξέλιπεν
1049 2486 1088 2556 ἠ
1122 2487 1328 2554 πίστις
1358 2487 1428 2541 ἐκ
1458 2487 1758 2558 στόματος
1782 2489 1888 2543 αὺ-

297 2575 439 2631 τῶν.
473 2577 538 2630 Τί
567 2578 676 2650 γὰρ
710 2578 824 2632 ἀλλ’
854 2579 887 2651 ἢ
930 2581 1012 2644 είς
1041 2578 1104 2634 τὸ
1130 2578 1358 2649 Πνεῦμα
1395 2578 1458 2633 τὸ
1485 2580 1639 2649 ἆγιον
1677 2579 1886 2645 λοιπὸν,

299 2667 362 2720 τὸ
382 2668 484 2720 οὐκ
515 2667 798 2740 ἀλλότριον
824 2669 1036 2741 Πατρὸς
1080 2669 1174 2722 καί¹
1201 2668 1357 2735 Υἱοῦ,
1385 2669 1447 2722 τὸ
1491 2669 1557 2723 ὲκ
1584 2669 1683 2737 τῆς
1715 2668 1890 2739 αὐτῆς

298 2759 557 2830 θεότητος
582 2760 665 2827 ὃν,
695 2761 790 2814 καὶ
825 2761 901 2833 μὴ
928 2747 1279 2834 ἐνδεχόμενον
1306 2759 1447 2815 εἶναι
1474 2759 1757 2832 ἀλλότριον
1788 2760 1891 2831 τῆς

298 2853 558 2924 θεότητος
582 2894 598 2918 ,
654 2854 971 2925 βούλονται,
1047 2854 1124 2919 ὠς
1179 2855 1335 2909 αὐτοὶ
1413 2854 1664 2920 ἐξουσίαν
1743 2853 1893 2926 ἕχον-

300 2960 413 3007 τες,
451 2943 694 2999 κελεύειν
745 2944 945 3017 μᾶλλον
996 2943 1117 3016 Θεῷ
1163 2945 1312 3018 ἥπερ
1365 2943 1721 3011 κελεύεσθαι;
1776 2944 1893 2998 Οὐκ

225 3118 228 3119 ν
296 3038 684 3110 αἰσχυνόμενοι
711 3039 821 3111 γὰρ
854 3038 1132 3112 ἀλλότριον
1157 3041 1219 3092 τὸ
1266 3039 1496 3111 Πνεῦμα
1525 3038 1769 3108 λέγουσι,
1797 3037 1893 3092 καὶ

302 3125 513 3191 δοῦλον,
543 3129 639 3180 καὶ
663 3129 893 3199 κτίσμα,
920 3130 1015 3184 καὶ
1044 3129 1383 3202 πρόσφατον,
1419 3130 1516 3183 καὶ
1545 3128 1770 3200 ποιητὸν
1798 3129 1894 3182 καὶ

302 3220 357 3271 εἰ
381 3235 434 3272 τι
474 3219 661 3290 ἓτερον
691 3221 917 3292 αίσχρδν
951 3221 1089 3293 πρὸς
1118 3222 1380 3275 ὑπόνοιαν
1412 3222 1541 3294 περὶ¹
1566 3220 1733 3275 αὑτοῦ
1761 3222 1892 3274 ἑαυ-
1919 3203 1962 3261 (ἶ

302 3314 417 3376 τοῖς
454 3312 655 3383 μᾶλλον
695 3313 973 3368 ἐπινοοῦσι
1007 3315 1505 3387 προσπορίσασθαι.
1551 3315 1706 3368 Ἐπεὶ
1735 3310 1892 3385 οὖνὸ

304 3404 513 3475 κόσμος
553 3405 671 3459 νυνὶ
704 3405 876 3469 οὕτως
920 3405 1119 3476 μᾶλλον
1154 3405 1384 3476 πληγεὶς
1418 3405 1634 3477 πληγὴν
1676 3406 1893 3459 ἀνίατον

305 3497 587 3561 ἀπιστίας,
625 3497 713 3551 ἵνα
748 3496 914 3568 μηδέν
940 3514 994 3550 τι
1034 3497 1346 3569 παραλείψῃ
1377 3500 1411 3569 ἡ
1450 3498 1651 3569 ἀνομία
1696 3501 1727 3570 η
1767 3499 1893 3562 τοὺς

303 3587 628 3659 ἀνθρώπους
680 3588 1023 3642 ἀπολλύουσα
1066 3592 1133 3661 τῇ
1179 3591 1459 3662 κακονοίᾳ,
1495 3593 1591 3645 καὶ
1644 3592 1891 3662 ἀπιστίᾳ,

306 3679 404 3733 καὶ
448 3678 723 3752 ἀγνωσία·
763 3676 851 3734 οἷα
896 3681 1024 3746 τοὺς
1060 3681 1476 3754 άποδράσαντας
1502 3684 1604 3755 τῆς
1635 3685 1764 3756 περὶ
1795 3684 1895 3756 τὴν

308 3773 474 3843 ἀγίαν
520 3772 727 3845 Τριάδα
762 3773 1111 3846 βλασφημίας
1153 3777 1233 3839 εἰς
1283 3775 1445 3848 ἕτερα
1477 3777 1703 3848 πάλινή
1747 3777 1894 3848 ἀργὴ

306 3868 403 3919 καὶ
436 3866 765 3930 κακόϐουλος
796 3866 975 3920 ἔννοια
1005 3868 1373 3938 περιέσπασεν
1395 3886 1407 3896 ·
1439 3868 1527 3923 ἵνα
1567 3868 1760 3939 μηδεὶς
1800 3868 1896 3921 λά-

308 3956 392 4009 θοι
423 3958 772 4029 ἁμαρτάνων.
816 3959 990 4011 Κενὸν
1012 3959 1120 4030 γάρ
1150 3975 1204 4012 τι
1239 3957 1423 4012 ἀκούω
1453 3959 1583 4029 περὶ
1609 3959 1707 4029 τῆς
1737 3959 1896 4027 ἁγίας

308 4048 531 4119 Μαρίας
562 4050 664 4119 τῆς
707 4050 1071 4121 ἀειπαρθένου
1101 4050 1223 4104 τινά
1255 4049 1605 4115 διανοεῖσθαι,
1636 4051 1732 4104 καὶ
1773 4050 1896 4103 τολ-

311 4143 421 4214 μᾷν
450 4141 771 4214 βλάσφημόν
792 4161 916 4197 τινα
938 4144 1198 4199 ὑπόνοιαν
1228 4145 1315 4197 ἐπ’
1349 4144 1518 4215 αὐτὴν
1545 4145 1896 4216 ὲνσκήπτειν,

309 4237 392 4298 εἰς
423 4235 485 4288 τὸ
534 4237 598 4289 ἐκ
630 4235 969 4306 πανταχόθεν
1014 4231 1156 4289 εἶναι
1185 4237 1277 4289 τὸν
1310 4236 1500 4307 χρόνον
1542 4235 1700 4307 ἡμῶν
1742 4236 1899 4308 δίκην

308 4326 486 4382 κακοῦ
519 4327 717 4396 ὄφεως,
750 4326 915 4399 θηρὸς
949 4327 1155 4380 ίοόόλου
1178 4327 1236 4380 ὲν
1262 4327 1438 4397 σκότῳ
1468 4326 1896 4397 ὲμφωλεύοντος,

311 4419 409 4472 καὶ
437 4420 550 4480 τοῖς
584 4417 824 4487 δήγμασι
863 4416 1074 4479 πάντας
1107 4416 1480 4488 πειράζοντος,
1510 4417 1600 4469 τὸν
1642 4418 1739 4488 μὲν
1770 4418 1900 4489 περὶ

311 4508 376 4562 τὸ
401 4509 715 4580 πρόσωπον,
749 4508 908 4562 ἀλλον
950 4508 1078 4579 περὶ
1107 4508 1207 4579 τὴν
1250 4508 1510 4579 πτέρναν,
1551 4508 1737 4580 ἓτερον
1771 4511 1900 4580 περὶ

309 4603 413 4676 τὴν
440 4605 600 4674 χεῖρα
620 4619 633 4633 ο
665 4604 753 4655 ἵνα
782 4602 985 4673 μηδένα
1009 4602 1161 4655 λάθοι
1184 4602 1243 4655 τὸ
1270 4602 1449 4673 δῆγμα
1472 4602 1571 4672 τῆς
1602 4604 1860 4667 ἀπιστίας
1881 4619 1893 4630 ·

313 4693 455 4747 ἀλλὰ
484 4695 513 4747 ὀ
544 4695 718 4748 δοκῶν
750 4697 807 4747 ὲν
829 4694 1004 4765 τούτῳ
1034 4694 1335 4765 ἀποδρᾶναι
1370 4695 1571 4766 ἑτέρως
1597 4695 1686 4747 τὸν
1720 4697 1795 4748 ίὺν
1823 4695 1898 4767 μὴ

314 4786 486 4858 λάθῃ·
524 4788 553 4839 ὁ
582 4786 638 4839 δὲ
665 4789 722 4840 ἐν
758 4787 902 4857 ἄλλῳ
928 4787 1055 4857 ὑγιῆ
1081 4786 1218 4857 ἔχων
1243 4787 1342 4857 τὴν
1374 4787 1555 4840 πίστιν
1584 4787 1757 4851 ἄλλως
1782 4805 1901 4853 πως

308 4880 652 4956 βλάπτεσθαι
682 4882 872 4934 ἑαυτὸν
902 4880 1303 4952 προξενήσειεν.

1987 1948 2119 2015 rint,
2144 1957 2197 2002 et
2216 1947 2382 2001 altius
2406 1945 2460 2000 in
2489 1957 2690 1998 arcana
2729 1942 2821 1997 illa
2859 1956 2924 1996 ac
2950 1937 3194 1996 cmlestia
3222 1930 3583 2007 penetrarint,

1989 2053 2055 2094 ac
2096 2038 2385 2108 diligenter
2415 2032 2847 2106 introspexerint
2877 2031 2960 2104 (ut
3002 2045 3035 2086 e
3069 2028 3211 2083 coelo
3257 2034 3415 2097 putes
3458 2036 3584 2078 esse

1988 2129 2290 2200 delapsos),
2317 2134 2641 2196 arroganter
2669 2122 2804 2179 illud
2840 2118 3164 2193 praedicant,
3204 2130 3269 2170 ac
3289 2114 3585 2169 vehemen-

1990 2229 2074 2277 ter
2111 2219 2420 2274 aﬁirmant:
2458 2215 2722 2289 Spiritum
2762 2220 3012 2270 sanctum
3046 2226 3076 2264 a
3104 2206 3409 2264 divinitatis
3434 2219 3585 2260 com»

1990 2311 2252 2367 munione
2291 2307 2679 2381 separandum.
2729 2305 2834 2373 Qui
2864 2319 2988 2359 cum
3033 2315 3210 2373 neque
3236 2297 3452 2353 Patrem
3482 2297 3584 2351 ah-

1989 2409 2211 2478 negent,
2244 2415 2346 2456 nec
2374 2400 2442 2454 ab
2465 2412 2722 2470 germana
2756 2411 2882 2451 cum
2924 2396 3018 2450 illo
3060 2390 3449 2462 conjunctione
3489 2385 3586 2441 Fi-

1990 2495 2126 2550 lium
2165 2494 2501 2564 abjudicent,
2546 2490 2613 2545 ad
2663 2490 2810 2545 aliud
2849 2488 2950 2543 via:
2990 2483 3376 2542 diverticulum
3423 2477 3589 2536 deﬂe-

1991 2595 2172 2653 ctunt,
2208 2594 2271 2642 ut
2318 2585 2546 2641 omnino
2594 2582 2803 2637 dictum
2861 2579 2995 2636 illud
3035 2577 3328 2649 impleatur
3368 2592 3382 2629 :
3417 2571 3589 2628 Periit

1993 2680 2125 2751 ﬁdes
2154 2695 2219 2734 ea:
2249 2694 2338 2733 ore
2371 2677 2667 2748 ipsorum”.
2710 2673 2853 2741 Quid
2880 2671 3026 2727 enim
3047 2667 3194 2724 aliud
3226 2666 3454 2731 faciunt,
3479 2663 3588 2719 nisi

1992 2771 2220 2843 perinde
2249 2785 2314 2825 ac
2354 2769 2399 2825 si
2432 2768 2489 2823 in
2521 2767 2787 2839 Spiritum
2830 2771 3083 2821 sanctum
3113 2761 3207 2831 jus
3237 2774 3302 2814 ac
3344 2764 3592 2829 potesta-

1993 2874 2102 2920 tem
2136 2862 2400 2918 haberent
2437 2860 2551 2931 (qui
2583 2858 2805 2930 quidem
2833 2871 2865 2911 a
2897 2853 3057 2909 Patre
3100 2851 3348 2923 Filioque
3376 2863 3589 2920 nequa-

1993 2972 2159 3029 quam
2203 2953 2438 3019 alienus,
2485 2968 2553 3008 ex
2595 2950 2785 3006 eadem
2829 2955 2915 3004 est
2952 2944 3259 3009 divinitate,
3291 2957 3393 2997 nec
3427 2941 3494 2996 ab
3524 2954 3591 2996 ea

1996 3049 2243 3122 separari
2294 3050 2518 3120 potest),
2556 3046 2630 3098 ita
2680 3043 2791 3117 Deo
2835 3040 3223 3113 praescribere,
3257 3052 3419 3109 quam
3467 3036 3590 3106 ejus

1996 3142 2333 3215 praescriptis
2371 3140 2751 3208 obtemperare
2803 3133 3053 3189 malunt?
3106 3131 3223 3186 Non
3273 3131 3420 3184 enim
3465 3130 3590 3184 illos

1996 3235 2187 3308 pudet,
2223 3235 2462 3288 alienum
2499 3228 2764 3301 Spiritum
2810 3232 3085 3291 sanctum,
3132 3238 3376 3284 servum,
3430 3236 3590 3276 crea-

1985 3323 2196 3393 turam,
2236 3322 2618 3388 recentiorem,
2654 3335 2723 3375 ac
2758 3319 2962 3374 factum
3000 3317 3184 3372 dicere
3206 3356 3222 3380 ,
3256 3330 3319 3369 ac
3359 3314 3404 3369 si
3457 3313 3592 3383 quid

1995 3421 2141 3475 aliud
2168 3418 2236 3474 de
2258 3417 2353 3472 illo
2376 3414 2613 3485 conﬁngi
2637 3420 2793 3483 turpe
2816 3417 3015 3483 potest,
3042 3425 3108 3464 eo
3132 3409 3185 3463 in
3214 3408 3393 3479 ipsum
3417 3408 3591 3462 liben-

1995 3512 2107 3566 tius
2144 3510 2478 3579 excogitare.
2518 3505 2611 3560 Sic
2658 3505 2825 3574 igitur
2865 3502 3104 3557 mundus
3152 3501 3257 3555 iste
3298 3499 3593 3555 vehemen-

1993 3602 2121 3657 tiori
2169 3612 2225 3657 et
2269 3599 2563 3656 insanabili
2618 3595 2956 3651 infidelitatis
3014 3595 3243 3648 vulnere
3292 3591 3590 3648 confossus

1994 3703 2102 3761 est,
2147 3704 2206 3748 ut
2236 3694 2539 3763 iniquitas,
2586 3705 2709 3760 quae
2758 3689 3064 3742 humanum
3123 3700 3298 3757 genus
3343 3685 3595 3741 funditus

1996 3787 2210 3859 perdit,
2258 3786 2394 3840 nihil
2445 3785 2512 3838 ad
2563 3796 2834 3839 summam
2901 3780 3242 3849 nequitiam,
3307 3780 3592 3850 perﬁdiam

1994 3875 2472 3948 ignorantiamque
2513 3871 2914 3943 prietermittat.
2951 3868 3070 3935 Qua
3101 3868 3316 3923 ratione
3349 3868 3593 3924 miseros

1996 3970 2157 4037 istos,
2206 3972 2302 4041 qui
2342 3968 2580 4039 priorem
2621 3965 2768 4019 illam
2803 3965 2856 4017 in
2891 3970 3302 4019 sacrosanctam
3346 3959 3594 4015 Trinita-

1998 4072 2107 4119 tem
2140 4061 2526 4117 contumeliam
2561 4059 2886 4129 effugerant,
2933 4055 3109 4111 otiosa
3145 4070 3210 4109 ac
3252 4053 3595 4124 nequissima

2003 4171 2105 4211 sua
2138 4154 2400 4225 cogitatio
2432 4154 2497 4207 ad
2532 4153 2637 4206 alia
2665 4151 2913 4222 quaedam
2951 4159 3295 4202 transversos
3329 4145 3598 4214 abripuit,

2005 4263 2075 4301 ne
2105 4246 2231 4316 quis
2269 4252 2553 4316 peccatum
2588 4258 2746 4297 suum
2776 4239 3126 4295 dissimulare
3148 4237 3344 4308 possit.
3375 4234 3593 4290 Etenim

2001 4340 2192 4395 nescio
2236 4353 2395 4409 quem
2430 4336 2593 4390 audio
2628 4333 2895 4388 adversus
2938 4329 3344 4386 sanctissimam
3396 4342 3593 4398 perpe-

2002 4440 2265 4501 tuamque
2308 4427 2589 4499 Virginem
2636 4424 2862 4479 Mariam
2908 4421 3158 4477 meditari
3208 4420 3478 4485 nonnihil,
3531 4433 3596 4473 ac

2007 4523 2405 4579 contumeliosa
2441 4518 2677 4590 quadam
2721 4517 2980 4587 Opinione
3023 4515 3173 4569 illius
3207 4512 3470 4567 honorem
3512 4511 3597 4564 in-

2004 4630 2243 4670 cessere.
2279 4613 2358 4667 Ex
2386 4627 2495 4683 quo
2525 4609 2660 4664 illud
2707 4616 2953 4680 apparet,
2993 4616 3239 4662 nostram
3278 4604 3420 4658 hanc
3459 4610 3598 4657 teni-

2006 4715 2277 4776 pestatem
2315 4703 2531 4759 letifero
2568 4701 2787 4757 cuidam
2813 4699 3056 4771 serpenti
3085 4712 3148 4753 ac
3181 4704 3449 4751 venenato
3474 4710 3599 4750 esse

2007 4797 2369 4856 simillimam,
2401 4795 2493 4865 qui
2524 4794 2578 4848 in
2619 4792 2861 4849 tenebris
2890 4791 3217 4845 delitescens
3247 4787 3461 4843 infestis
3487 4801 3598 4839 om-

2008 4905 2107 4946 nes
2131 4891 2407 4945 morsibus
2435 4894 2675 4958 appetat,
2713 4894 2877 4957 atque
2914 4888 2969 4939 in
2997 4883 3160 4953 hujus
3190 4881 3418 4945 vultum,
3449 4879 3598 4933 illius

304 4979 544 5042 calcem,
578 4990 799 5029 manum
848 4975 1073 5029 alterius
1110 4975 1377 5035 incurrat,
1422 4979 1483 5027 ut
1516 4989 1584 5029 ne
1620 4974 1746 5045 quis
1776 4974 2117 5034 infidelitatis
2145 4994 2389 5033 morsum
2423 4979 2644 5049 penitus
2694 4977 2870 5045 possit
2921 4973 3186 5039 evadere;
3245 4969 3341 5025 sed
3400 4969 3493 5038 qui
3542 4968 3604 5030 in,

311 5089 424 5129 uno
455 5082 664 5143 genere
701 5067 853 5121 virus
895 5064 1179 5134 effugerit,
1214 5067 1266 5118 in
1300 5066 1474 5119 altero
1514 5080 1573 5120 se
1606 5068 1674 5120 ab
1707 5083 1773 5121 eo
1803 5069 2113 5125 subducere
2146 5085 2210 5125 ac
2245 5070 2507 5143 Idevitare
2554 5072 2825 5138 nequeat:
2867 5078 2932 5120 ac
2968 5063 3063 5136 qui
3120 5063 3173 5116 in
3230 5060 3353 5117 aliis
3413 5060 3605 5133 incor-_

310 5181 538 5243 ruptam
570 5165 730 5227 ﬁdem
765 5164 989 5228 retinet,
1016 5164 1124 5217 alio
1158 5162 1319 5215 modo
1352 5161 1599 5217 fraudein
1630 5162 1737 5216 sibi
1762 5163 2173 5233 perniciemque
2211 5161 2544 5216 consciscat.

386 5268 477 5332 (ζ’.
531 5260 708 5318 Πόθεν
756 5258 895 5329 αὓτη
947 5258 981 5329 ἡ
1029 5256 1317 5322 κακόνοιας
1371 5255 1542 5309 Πόθεν
1587 5258 1621 5326 ἡ
1676 5256 1913 5328 τοσαύτη

311 5358 523 5427 τόλμα;
552 5355 693 5409 Αὐτὸ
729 5350 797 5405 τὸ
819 5350 991 5420 ὗνομα
1030 5350 1092 5402 οὐ
1125 5350 1414 5420 μαρτυρεῖ,
1445 5348 1506 5400 οὐ
1542 5347 1720 5401 πείθει
1756 5365 1838 5412 σε,
1867 5341 1914 5400 ὧ

312 5448 624 5516 φιλόνεικε;
660 5448 755 5509 Τίς
801 5440 1009 5510 ποτε,ἢ
1041 5441 1099 5492 ἐν
1136 5440 1266 5511 ποίᾳ
1297 5440 1461 5511 γενεᾷ
1487 5438 1791 5510 τετόλμηκε
1815 5456 1916 5492 κα-

314 5544 428 5594 Αεῖν
453 5540 513 5593 τὸ
532 5540 701 5609 ὄνομα
728 5534 956 5609 Μαρίας
978 5532 1077 5602 τῆς
1105 5532 1287 5600 ἁγίας,
1313 5534 1407 5586 καὶ
1435 5532 1787 5606 ἐρωτώμενος
1811 5532 1914 5585 οὐκ

312 5633 480 5696 εὐθὺς
524 5633 799 5704 ἐπήνεγκε
846 5635 936 5691 τὸ,
977 5624 1283 5696 Παρθένον;
1318 5625 1379 5689 ἐξ
1422 5624 1603 5679 αὐτῶν
1648 5624 1757 5697 γὰρ
1804 5623 1912 5678 τῶν

389 5796 408 5823 ⁸
449 5795 614 5849 Ilrhr.
659 5811 735 5858 ιιι,
767 5791 854 5848 57.
934 5792 960 5824 τ
985 5786 1105 5844 Jcr.
1141 5785 1354 5848 vu,28.

2093 5254 2180 5309 Vl.
2227 5253 2508 5310 Undenam
2535 5268 2664 5309 vero
2687 5254 2802 5308 haec
2823 5249 3144 5321 improbitas
3167 5246 3426 5302 emersit?
3445 5244 3601 5302 Unde

2018 5353 2171 5402 tanta
2206 5347 2459 5417 prorupit
2505 5344 2788 5408 audaciai
2816 5342 3009 5399 Nonne
3051 5339 3133 5394 vel
3180 5338 3358 5408 ipsum
3400 5352 3606 5400 nomen

2018 5438 2235 5495 abunde
2260 5437 2622 5494 testificatur?
2650 5434 2768 5490 Non
2794 5436 2913 5500 tibi,
2940 5435 3104 5488 homo
3126 5429 3564 5500 pervicacissith
3581 5468 3597 5489 ,

2018 5532 2165 5587 istud
2200 5532 2381 5601 ipsum
2419 5530 2750 5602 persuadet?
2773 5528 2920 5596 Quis
2950 5529 3061 5582 ullo
3105 5523 3318 5594 1038
3356 5530 3601 5591 tempore

2019 5640 2262 5696 unquam
2295 5626 2528 5691 exstitit,
2577 5624 2673 5695 qui
2713 5631 2916 5678 sant-ut:
2951 5620 3133 5675 Maria:
3174 5609 3392 5673 nomen
3416 5614 3607 5685 appet;
