4134 6392
292 349 399 408 705

913 355 1288 412 ADVERSUS
1326 355 1673 411 HERESES
1710 353 1839 409 LlB.
1880 350 1970 409 lll.
2010 349 2176 407 TOM.
2216 350 2281 404 ll.
2317 380 2388 390 —
2431 345 2709 403 HAERES.
2753 343 3036 401 LXXVIII.

3467 345 3570 402 706

292 473 637 546 αἰσχύνεται.
689 476 1026 549 Παρέδωκαν
1074 481 1274 535 ἐκεῖνοι
1323 478 1416 534 τὸν
1454 477 1638 535 αὐτῶν
1676 476 1884 550 Κύριον

1995 487 2156 527 canes
2206 470 2460 525 factitare
2518 469 2737 530 solent,
2794 466 2881 535 qui
2940 462 3286 519 dominorum
3342 476 3569 519 suorum

293 567 376 630 είς
417 566 478 620 τὸ
521 569 925 641 σταυρωθῆναι,
976 571 1264 644 προφήτας
1302 588 1363 624 τε
1407 571 1535 633 τοὺς
1572 570 1883 633 οἱκειακοὺς

292 657 390 712 τοῦ
425 658 593 714 αὐτοῦ
620 660 912 725 Δεσπότου,
948 662 1041 716 τὸν
1073 662 1172 734 μὲν
1215 662 1468 734 έπρισαν,
1493 661 1587 717 τὸν
1618 661 1675 714 δὲ
1715 659 1884 724 λίθοις

295 751 654 819 κατέλευσαν,
704 750 862 807 ἄλλον
901 752 958 807 δὲ
992 754 1139 826 φόνῳ
1185 753 1459 825 μαχαίρας
1504 753 1880 824 διεχρήσαντο.

293 843 453 898 Μετὰ
473 843 697 907 τούτους
722 844 778 898 δὲ
810 845 1071 910 ὡσαύτως
1102 844 1198 900 νῦν
1226 848 1275 899 οἱ
1302 846 1412 900 νέοι
1457 844 1700 899 Ἰουδαῖοι
1750 842 1879 897 ἀλλ-

294 936 614 1008 επαλλήλως
638 938 706 1009 τῇ
733 937 869 1010 αὐτῇ
896 939 1226 1011 κεχρημένοι
1267 940 1482 1009 ἀγωγῇ,
1517 938 1567 989 οἱ
1598 935 1696 1007 μὲν
1728 952 1886 1005 φυσι-

294 1028 386 1082 κοὶ
430 1029 673 1083 Ἰουδαῖοι
712 1030 857 1084 κατὰ
886 1030 1067 1103 σάρκα
1103 1031 1202 1102 μὲν
1235 1031 1564 1102 ἠρνήσαντο,
1592 1029 1643 1082 oi.
1671 1027 1729 1081 δὲ
1762 1026 1881 1095 νῦν,

295 1122 622 1195 ἀρνούμενοι
651 1123 751 1195 τὴν
776 1124 872 1178 τοῦ
902 1123 1036 1178 Υίοῦ
1068 1124 1164 1178 τοῦ
1188 1124 1325 1179 Θεοῦ
1358 1122 1571 1178 τελείαν
1606 1123 1743 1196 πρὸς
1771 1122 1886 1176 Πα-

294 1217 430 1287 τέρα
461 1215 831 1288 γνησιότητα,
881 1216 1090 1288 κτίσμα
1139 1216 1324 1281 αὑτὸν,
1374 1215 1470 1270 καὶ
1512 1214 1747 1285 ποίημα,
1789 1212 1886 1266 καί

295 1307 572 1380 ἀλλότριον
599 1308 812 1382 Πατρὺς
853 1309 1172 1364 παντάπασι
1200 1308 1506 1381 μεμηνότες
1537 1308 1630 1362 καὶ
1660 1304 1885 1377 βεϐρον·

294 1397 523 1471 τημένοι
555 1397 915 1464 ἀδιαλείπτως
947 1397 1393 1470 διισχυρίξονται.

370 1655 449 1711 Ε’.
490 1657 587 1711 Ἐκ
610 1655 815 1711 τούτων
839 1656 899 1711 δὲ
934 1657 1096 1712 πάλιν
1126 1657 1276 1713 ἄλλοι
1312 1657 1544 1727 ἀφέντες
1567 1658 1669 1723 τὰς
1696 1676 1884 1732 προει-

300 1748 546 1820 ρημένας
574 1748 927 1820 βλασφήμους
949 1749 1323 1813 διδασκαλίας,
1350 1748 1535 1813 καθὼς
1563 1752 1758 1815 εἰπεῖν,
1787 1751 1886 1805 αύ-

1985 579 2184 619 manus
2217 578 2283 618 ac
2326 563 2512 617 vultus
2553 562 2902 616 incurrentes
2954 556 3161 610 laniare
3199 553 3337 608 nihil
3379 569 3572 608 veren-

1985 664 2099 721 tur,
2129 657 2212 711 sic
2241 655 2320 709 illi
2351 654 2644 708 Dominum
2681 651 2748 705 ad
2792 649 2978 707 crucis
3029 646 3361 718 supplicium
3403 644 3572 700 tradi-

1984 752 2207 816 derunt,
2238 750 2534 821 prophetas
2561 747 2806 817 ejusdem
2838 745 3173 799 domesticos
3196 739 3392 811 partim
3417 751 3572 795 serra

1985 852 2417 907 consecuerunt,
2459 841 2658 913 partim
2688 838 2963 909 lapidibus
2994 835 3300 890 obruerunt
3320 871 3335 896 ,
3371 829 3572 901 partim

1985 938 2166 1010 gladio
2199 935 2599 991 interfecerunt
2626 933 2644 963 ί
2665 967 2680 982 .
2697 929 3010 987 Secundum
3048 927 3170 982 illos
3196 939 3325 979 vero
3347 922 3574 994 perinde

1986 1039 2041 1084 et
2091 1027 2252 1082 hodie
2286 1025 2417 1081 novi
2453 1020 2535 1079 lli
2570 1021 2741 1077 Judaei
2790 1018 2984 1076 iisdem
3023 1016 3257 1071 invicem
3304 1011 3574 1068 institutis

1988 1136 2053 1176 ac
2082 1118 2378 1190 disciplina
2413 1116 2655 1181 formati,
2687 1114 2768 1168 uti
2800 1113 2917 1169 veri
2958 1112 3038 1165 illi
3070 1109 3243 1166 Judaei
3278 1106 3572 1162 Dominum

1986 1228 2112 1268 cum
2159 1225 2329 1266 carne
2374 1216 2699 1281 praesentem
2753 1206 3114 1276 abnegarunt.
3167 1203 3245 1257 ita
3296 1199 3401 1269 ipsi
3447 1196 3575 1252 Filii

1986 1301 2083 1356 Dei
2116 1299 2415 1373 perfectam
2440 1313 2565 1354 eum
2598 1294 2762 1351 Patre
2791 1295 3207 1367 germanitatem
3237 1290 3572 1354 inliciantes,

1985 1404 2294 1449 creaturam
2328 1406 2454 1447 esse
2497 1389 2674 1455 illum,
2707 1396 2761 1443 et
2793 1386 3094 1458 opificium,
3123 1391 3178 1439 et
3206 1398 3237 1437 a
3276 1380 3438 1435 Patre
3475 1394 3574 1449 pe—

1987 1486 2139 1540 nitus
2182 1484 2420 1540 alienum
2464 1480 2659 1536 furiosi
2701 1494 2768 1534 ac
2811 1475 3077 1533 vecordes
3135 1472 3432 1530 identidem
3489 1467 3577 1525 al-

1989 1576 2231 1632 ﬁrmant.

2062 1667 2275 1740 1037
2314 1665 2383 1721 ν.
2422 1664 2530 1720 Alii
2559 1678 2725 1736 porro
2758 1659 3157 1718 contumeliosa
3192 1656 3283 1712 illa
3308 1655 3369 1710 in
3405 1651 3578 1708 Deum

1989 1762 2247 1832 dogmata
2274 1760 2670 1829 relinquentes,
2705 1755 2865 1827 quasi
2895 1753 3135 1809 divinam
3165 1752 3338 1821 ipsam
3362 1748 3416 1802 in
3440 1745 3579 1803 coelo

294 1838 395 1912 τὴν
422 1840 523 1910 τὴν
556 1841 700 1895 κατά
727 1840 889 1911 φύσιν
914 1841 1241 1912 θεασάμενοι
1272 1843 1594 1914 ἐπουράνιον
1624 1841 1881 1914 θεωρίαν,

1995 1862 2262 1918 naturam,
2293 1858 2356 1905 ut
2384 1852 2461 1905 ita
2496 1849 2697 1912 dicam,
2743 1845 3039 1917 aliquando
3070 1839 3422 1912 contemplati
3464 1836 3583 1891 fue-

298 1932 395 1987 καὶ
424 1932 494 1986 τὰ
532 1932 646 1986 ἄνω
688 1932 1148 2005 ὲμδατεύσαντες,
1180 1936 1276 1991 καὶ
1320 1936 1886 2008 πολυπραγμονήσαν-

291 2040 409 2090 τες,
436 2024 515 2089 ὡς
539 2024 747 2080 ἄνωθεν
775 2029 1023 2098 ἥκοντες,
1049 2028 1309 2099 αὐθαδείᾳ
1341 2027 1765 2097 ἀπαγγέλλουσι,
1792 2027 1886 2083 καὶ

297 2115 540 2188 ἰσχυρῶς
572 2116 1023 2190 διισχυρίζονται,
1068 2119 1425 2182 ἐκϐάλλοντες
1459 2121 1526 2172 ὲκ
1564 2120 1663 2190 τῆς
1692 2117 1885 2190 θεότη-

295 2226 391 2273 τος
416 2209 479 2263 τὸ
505 2209 662 2278 ἆγιον
695 2210 940 2282 Πνεῦμα.
976 2212 1087 2266 Καὶ
1119 2212 1210 2266 τὸν
1257 2211 1359 2284 μὲν
1403 2211 1626 2284 Πατέρα
1657 2212 1759 2265 οὐκ
1786 2212 1886 2283 ήρ-

296 2317 509 2373 νηνται,
544 2299 668 2354 οὔτε
709 2301 809 2374 τὴν
836 2301 931 2355 τοῦ
975 2300 1106 2356 Υίοῢ
1140 2302 1280 2375 πρὸς
1327 2302 1492 2356 αὐτὸν
1529 2303 1884 2374 γνησιότητα,

294 2392 385 2463 ἐφ’
417 2393 613 2465 ἑτέραν
649 2393 707 2447 δὲ
758 2393 922 2448 πάλιν
952 2393 1071 2448 ὁδὸν
1114 2393 1445 2465 βαδίζουσιν,
1480 2394 1570 2449 ἵνα
1618 2393 1887 2449 πάντοθεν

301 2483 563 2556 πληρωθῇ
589 2483 673 2548 τὸ,
714 2482 1025 2549 Ἐξέλιπεν
1049 2484 1089 2554 ἡ
1122 2486 1328 2552 πίστις
1357 2486 1428 2539 ἐκ
1457 2485 1759 2556 στόματος
1781 2487 1888 2541 αὐ-

298 2574 438 2630 τῶν.
473 2576 538 2629 Τί
566 2577 675 2649 γὰρ
710 2576 823 2630 ἀλλ’
854 2578 887 2649 ἢ
930 2580 1012 2642 εἰς
1041 2577 1104 2632 τὸ
1130 2577 1358 2648 Πνεῦμα
1394 2577 1458 2631 τὸ
1485 2578 1639 2647 ἅγιον
1677 2577 1886 2643 λοιπὸν,

298 2665 363 2719 τὸ
382 2666 484 2719 οὐκ
516 2666 798 2738 ἀλλότριον
823 2667 1036 2739 Πατρὸς
1080 2668 1174 2720 καὶ
1200 2666 1357 2733 Υίοῦ,
1385 2666 1447 2720 τὸ
1491 2668 1557 2720 ὲκ
1583 2667 1682 2735 τῆς
1715 2666 1889 2737 αὐτῆς

298 2759 556 2829 θεότητος
582 2758 664 2827 ὃν,
694 2760 790 2813 καὶ
825 2760 901 2832 μὴ
927 2744 1278 2832 ἐνδεχόμενον
1306 2757 1447 2813 εῑναι
1475 2757 1758 2831 ἀλλότριον
1788 2758 1891 2828 τῆς

298 2852 557 2923 θεότητος
582 2892 598 2917 ,
654 2852 933 2924 βούλονται
956 2893 971 2919 ,
1047 2853 1123 2918 ὡς
1179 2853 1335 2908 αὐτοὶ
1412 2852 1664 2919 ἐξουσίαν
1743 2850 1893 2924 ἕχον-

300 2959 413 3006 τες,
451 2942 695 2997 κελεύειν
746 2943 945 3015 μᾶλλον
996 2942 1117 3014 Θεῷ
1163 2943 1312 3017 ήπερ
1365 2942 1721 3008 κελεύεσθαι;
1776 2941 1893 2996 Οὐκ

297 3036 684 3108 αἰσχυνόμενοι
711 3037 821 3110 γὰρ
854 3037 1132 3110 ἀλλότριον
1156 3038 1220 3091 τὸ
1267 3037 1496 3109 Πνεῦμα
1525 3036 1768 3105 λέγουσι,
1797 3034 1893 3090 καὶ

301 3124 513 3190 δοῦλον,
543 3127 639 3179 καὶ
664 3128 893 3198 κτίσμα,
921 3128 1015 3182 καὶ
1044 3127 1384 3199 πρόσφατον,
1420 3128 1516 3181 καὶ
1545 3127 1770 3197 ποιητὸν
1797 3126 1894 3180 καὶ

1986 1945 2118 2012 rint,
2143 1954 2197 1999 et
2215 1944 2380 1998 altius
2405 1943 2459 1997 in
2488 1954 2689 1996 arcana
2729 1939 2820 1993 illa
2859 1953 2924 1993 ac
2949 1933 3194 1993 caelestia
3222 1929 3578 2004 penetrarint,

1988 2051 2054 2092 ac
2095 2035 2385 2106 diligenter
2414 2030 2847 2103 introspexerint
2877 2028 2960 2101 (ut
3002 2042 3034 2082 e
3068 2024 3211 2080 caelo
3257 2031 3415 2093 putes
3458 2033 3584 2074 esse

1988 2127 2289 2197 delapsos),
2317 2131 2641 2193 arroganter
2668 2118 2803 2176 illud
2839 2115 3164 2190 praedicant,
3203 2127 3268 2166 ac
3289 2111 3584 2166 vehemen-

1989 2227 2073 2274 ter
2110 2217 2420 2272 aﬂirmant:
2457 2213 2721 2286 Spiritum
2761 2217 3012 2267 sanctum
3046 2222 3076 2261 a
3104 2203 3408 2261 divinitatis
3435 2216 3585 2257 com-

1989 2309 2251 2364 munione
2290 2305 2679 2378 separandum.
2729 2302 2834 2370 ριιί
2864 2316 2988 2356 cum
3032 2312 3210 2370 neque
3236 2294 3452 2351 Patrem
3482 2294 3584 2348 ab-

1988 2406 2210 2475 negent,
2244 2413 2346 2453 nec
2374 2396 2442 2451 ab
2464 2409 2721 2467 germana
2755 2408 2881 2449 cum
2924 2392 3018 2446 illo
3059 2386 3449 2459 conjunctione
3488 2382 3586 2438 Fi-

1989 2473 2125 2548 lium
2164 2491 2501 2562 abjudieent,
2547 2487 2613 2542 ad
2662 2486 2811 2542 aliud
2849 2485 2949 2540 vite
2990 2480 3377 2539 diverticulum
3422 2473 3589 2533 defle-

1990 2592 2171 2651 ctunt,
2209 2592 2271 2639 ut
2317 2582 2546 2638 omnino
2593 2579 2802 2635 dictum
2860 2576 2995 2632 illud
3035 2574 3327 2646 impleatur
3369 2589 3382 2625 :
3416 2568 3589 2625 Periit

1992 2678 2125 2749 ﬁdes
2154 2692 2219 2730 ea;
2248 2691 2338 2730 ore
2371 2674 2667 2745 ipsorum’.
2710 2669 2853 2738 Quid
2881 2668 3026 2724 enim
3047 2664 3195 2721 aliud
3226 2663 3453 2727 faciunt,
3479 2660 3588 2716 nisi

1991 2769 2219 2841 perinde
2250 2783 2314 2823 ac
2354 2766 2399 2822 si
2432 2766 2490 2820 in
2521 2764 2787 2836 Spiritmn
2830 2769 3082 2818 sanctum
3113 2759 3207 2829 jus
3237 2771 3302 2811 ac
3345 2760 3591 2826 potesta-

1993 2872 2102 2918 tem
2136 2860 2400 2916 haberent
2437 2858 2552 2929 (qui
2583 2855 2805 2928 quidem
2833 2868 2864 2907 a
2896 2851 3056 2906 Patre
3100 2848 3348 2920 Filioque
3376 2859 3588 2917 nequa-

1992 2969 2159 3026 quam
2202 2953 2439 3017 alienus,
2485 2965 2554 3005 ex
2595 2947 2785 3004 eadem
2829 2953 2915 3001 est
2951 2942 3259 3006 divinitate,
3290 2954 3393 2994 nec
3426 2937 3495 2992 ab
3524 2950 3591 2991 ea

1996 3047 2243 3119 separari
2294 3047 2518 3118 potest),
2556 3044 2630 3096 ita
2680 3040 2791 3114 Deo
2835 3038 3223 3110 praescribere,
3257 3050 3419 3106 quam
3467 3033 3590 3103 ejus

1996 3139 2333 3213 praescriptis
2371 3138 2751 3206 obtemperare
2802 3130 3053 3186 malunt?
3106 3129 3223 3183 Non
3273 3128 3419 3181 enim
3464 3126 3589 3181 illos

302 3219 357 3270 εί
382 3234 434 3270 τι
475 3217 662 3290 ἕτερον
691 3220 916 3291 αἰσχρὸν
952 3219 1089 3291 πρὸς
1118 3220 1381 3273 ὑπόνοιαν
1412 3220 1541 3292 περὶ
1566 3218 1732 3273 αὐτοῦ
1762 3220 1891 3272 ἐαυ-

1997 3233 2186 3305 pudet,
2223 3232 2462 3285 alienum
2499 3226 2765 3298 Spiritum
2810 3230 3086 3288 sanctum,
3132 3235 3375 3281 servum,
3430 3232 3590 3273 erea-

302 3313 417 3374 τοῖι,
455 3311 656 3381 μᾶλλον
696 3312 974 3366 ἐπινοοῦσι
1007 3313 1505 3385 προσπορίσασθαι.
1551 3312 1706 3366 Ἐπεὶ
1735 3308 1892 3382 οὖνὸ

304 3402 513 3473 κόσμος
554 3404 672 3458 νυνὶ
705 3404 876 3467 οὕτως
920 3404 1119 3475 μᾶλλον
1154 3404 1385 3475 πληγεὶς
1419 3403 1634 3475 πληγὴν
1676 3403 1893 3457 ἀνίατον

306 3495 586 3560 ἀπιστίας,
626 3495 713 3550 ἵνα
749 3495 914 3566 μηδέν
940 3513 994 3549 τι
1035 3495 1346 3567 παραλείψῃ
1377 3498 1411 3567 ή
1451 3497 1651 3567 ἀνομία
1696 3498 1727 3568 ή
1767 3497 1893 3560 τοὺς

304 3586 629 3658 ἀνθρώπους
681 3586 1023 3641 ἀπολλύουσα
1066 3591 1134 3659 τῇ
1179 3589 1459 3660 κακονοίᾳ,
1495 3591 1591 3643 καὶ
1644 3590 1891 3660 ἀπιστίᾳ,

307 3678 405 3732 καὶ
449 3676 724 3750 ἀγνωσία·
764 3674 852 3732 οἷα
896 3680 1024 3744 τοὺς
1061 3680 1476 3752 ἀποδράσαντας
1502 3682 1605 3752 τῆς
1635 3683 1764 3754 περὶ
1794 3683 1895 3753 τήν

310 3772 475 3842 ἁγίαν
521 3771 727 3844 Τριάδα
762 3772 1111 3846 βλασφημίας
1153 3776 1234 3837 είς
1283 3773 1446 3846 ἕτερα
1477 3774 1703 3846 πάλινή
1747 3775 1894 3847 ἀργὴ

308 3867 404 3918 καὶ
436 3864 765 3928 κακόϐουλος
797 3864 975 3919 ἔννοια
1006 3867 1373 3937 περιέσπασεν
1395 3884 1408 3895 ·
1440 3867 1527 3921 ἵνα
1567 3866 1760 3937 μηδεὶς
1800 3866 1897 3920 λά-

310 3955 393 4008 θοι
424 3957 773 4028 ἁμαρτάνων.
817 3958 991 4011 Κενὸν
1013 3958 1121 4029 γάρ
1150 3974 1205 4011 τι
1240 3956 1423 4011 ἀκούω
1454 3958 1583 4026 περὶ
1610 3957 1708 4027 τῆς
1738 3957 1897 4025 ἁγίας

311 4047 532 4118 Μαρίας
563 4048 665 4119 τῆς
708 4049 1072 4121 ἀειπαρθένου
1103 4048 1223 4103 τινὰ
1255 4048 1605 4114 διανοεῖσθαι,
1637 4050 1733 4102 καὶ
1772 4048 1897 4102 τολ-

314 4142 422 4213 μᾷν
452 4140 771 4213 βλάσφημόν
793 4160 916 4196 τινα
938 4142 1198 4197 ὑπόνοιαν
1229 4143 1315 4196 ἐπ’
1349 4143 1518 4213 αὐτὴν
1545 4144 1897 4214 ὲνσκήπτειν,

312 4236 393 4296 εἰς
424 4235 486 4286 τὸ
534 4236 599 4288 ὲκ
631 4235 969 4305 πανταχόθεν
1014 4230 1156 4288 εἶναι
1185 4236 1277 4287 τὸν
1309 4235 1500 4306 χρόνον
1542 4234 1701 4305 ἡμῶν
1741 4234 1899 4307 δίκην

312 4326 488 4380 κακοῦ
520 4326 717 4395 ὄφεως,
751 4325 915 4397 θηρὸς
950 4326 1155 4378 ίοϐόλου
1178 4327 1236 4379 ὲν
1263 4325 1438 4395 σκότῳ
1468 4324 1897 4396 ὲμφωλεύοντος,

314 4418 551 4479 καὶτοῖς
584 4416 825 4486 δήγμασι
864 4415 1074 4478 πάντας
1107 4416 1480 4487 πειράζοντος,
1510 4415 1600 4468 τὸν
1643 4416 1740 4486 μὲν
1770 4416 1900 4487 περὶ

314 4507 377 4561 τὸ
402 4507 716 4579 πρόσωπον,
750 4507 908 4561 ἄλλον
951 4508 1079 4578 περὶ
1107 4507 1207 4578 τὴν
1251 4507 1510 4578 πτέρναν,
1552 4507 1737 4578 ’έτερον
1771 4509 1900 4578 περὶ

314 4602 413 4674 τὴν
441 4604 601 4673 χεῖρα
620 4618 634 4631 °
666 4602 753 4654 ἵνα
783 4601 985 4673 μηδένα
1009 4601 1161 4654 λάθοι
1184 4601 1244 4654 τὸ
1271 4601 1450 4672 δῆγμα
1472 4601 1571 4672 τῆς
1602 4602 1861 4665 ἀπιστίας
1881 4617 1894 4629 ⁸

317 4692 456 4746 ἀλλὰ
486 4694 515 4746 ὁ
546 4694 719 4748 δοκῶν
751 4695 809 4747 ὲν
829 4694 1005 4764 τούτῳ
1034 4694 1336 4765 ἀποδρᾶναι
1371 4694 1572 4765 ἑτέρως
1598 4694 1686 4746 τὸν
1720 4696 1796 4747 ίὸν
1823 4693 1899 4765 μὴ

319 4785 488 4857 λάθῃ·
525 4787 554 4839 ό
583 4786 638 4839 δὲ
666 4789 723 4839 ἐν
759 4786 903 4857 ἄλλῳ
928 4786 1056 4857 ὑγιῆ
1081 4786 1219 4857 ἔχων
1244 4787 1343 4857 τὴν
1374 4787 1556 4839 πίστιν
1585 4786 1758 4850 ἄλλως
1783 4804 1902 4851 πως

313 4879 653 4955 βλάπτεσθαι
683 4881 872 4934 ἑαυτὸν
903 4880 1304 4951 προξενήσειεν.

1985 3321 2196 3390 turam,
2237 3321 2618 3386 recentiorem,
2654 3333 2724 3373 ac
2759 3316 2962 3371 factum
3000 3314 3223 3377 dicere,
3256 3327 3320 3365 ac
3359 3311 3405 3366 si
3457 3310 3592 3380 quid

1994 3419 2141 3473 aliud
2167 3416 2236 3471 de
2259 3415 2354 3469 illo
2376 3412 2613 3482 contingi
2638 3417 2794 3481 turpe
2816 3415 3015 3480 potest,
3042 3422 3108 3461 eo
3131 3406 3185 3460 in
3214 3405 3393 3476 ipsum
3418 3404 3592 3481 libene

1995 3510 2107 3563 tius
2144 3508 2478 3577 excogitare.
2519 3503 2611 3557 Sic
2659 3502 2825 3572 igitur
2865 3498 3104 3554 mundus
3151 3498 3257 3552 iste
3297 3478 3592 3552 vehentem

1993 3600 2121 3654 tiori
2170 3610 2225 3655 et
2269 3596 2563 3653 insanabili
2618 3593 2957 3649 inﬁdelitatis
3015 3592 3243 3645 vulnere
3292 3588 3590 3644 confossus

1995 3701 2102 3758 est,
2148 3701 2206 3746 ut
2236 3692 2539 3761 iniquitas,
2586 3702 2710 3758 quae
2759 3686 3065 3740 humanum
3124 3697 3299 3754 genus
3343 3681 3596 3738 [inlidatus

1996 3785 2210 3857 perdit,
2259 3784 2394 3838 nihil
2445 3782 2512 3835 ad
2563 3794 2833 3837 summam
2901 3777 3243 3848 nequitiam,
3308 3777 3593 3847 perfidiam

1994 3873 2473 3946 ignorantiamque
2513 3868 2914 3941 przetermittat.
2951 3865 3070 3932 Qua
3101 3866 3316 3921 ratione
3349 3865 3593 3921 miseros

1996 3968 2158 4035 iStos,
2206 3969 2302 4038 qui
2342 3967 2580 4036 priorem
2622 3963 2768 4017 illam
2803 3962 2857 4015 in
2891 3967 3303 4016 sacrosanctam
3346 3956 3595 4013 Trinitav

1998 4070 2108 4116 tem
2141 4058 2526 4115 contumeliam
2561 4057 2887 4126 ell‘ugerant,
2934 4053 3110 4108 otiosa
3145 4068 3211 4106 ac
3252 4050 3596 4122 nequissima

2004 4169 2105 4209 sua
2138 4152 2401 4224 cogitatio
2432 4152 2497 4205 ad
2532 4150 2636 4203 alia
2666 4148 2913 4219 quaedam
2951 4157 3296 4199 transversos
3330 4143 3599 4211 abripuit,

2006 4261 2076 4299 ne
2105 4244 2231 4314 quis
2269 4251 2554 4313 peccatum
2588 4256 2747 4295 suum
2776 4237 3127 4292 dissimulare
3148 4234 3345 4306 possit.
3376 4232 3595 4287 Etenim

2001 4338 2192 4393 nescio
2237 4351 2396 4407 quem
2430 4334 2593 4387 audio
2628 4331 2895 4385 adversus
2939 4327 3344 4384 sanctissimam
3398 4340 3594 4395 perpe-

2002 4438 2266 4498 tuamque
2308 4425 2589 4497 Virginem
2637 4421 2863 4476 Mariam
2910 4419 3159 4475 meditari
3210 4417 3480 4483 nonnihil,
3532 4431 3598 4471 ac

2007 4520 2405 4577 contumeliosa
2442 4515 2678 4588 quadam
2722 4514 2981 4585 opinione
3024 4513 3175 4567 illius
3208 4510 3472 4565 honorem
3513 4509 3599 4562 in-

2005 4628 2243 4669 cessere.
2280 4611 2359 4664 Ex
2386 4624 2496 4680 quo
2526 4607 2661 4662 illud
2708 4614 2953 4677 apparet,
2994 4614 3241 4659 nostram
3279 4602 3421 4656 hanc
3461 4607 3600 4655 tem-

2007 4713 2277 4775 pestatem
2316 4701 2531 4756 letilero
2569 4699 2787 4755 cuidam
2814 4696 3056 4768 serpenti
3085 4710 3149 4751 ac
3182 4701 3450 4750 venenato
3476 4708 3600 4748 esse

2008 4795 2370 4855 simillimam.
2402 4793 2493 4863 qui
2523 4791 2580 4846 in
2620 4790 2861 4846 tenebris
2891 4788 3218 4843 delitescens
3248 4784 3463 4840 infestis
3488 4799 3599 4837 om-

2008 4903 2107 4944 nes
2133 4888 2408 4943 morsibus
2436 4892 2675 4956 appetat,
2713 4891 2877 4955 atque
2915 4885 2970 4936 in
2997 4880 3161 4951 hujus
3192 4878 3420 4943 vultum,
3450 4877 3599 4931 illius

310 4978 545 5041 calcem,
580 4989 800 5029 manum
848 4975 1074 5028 alterius
1111 4975 1378 5035 incurrat,
1424 4978 1483 5027 ut
1516 4988 1585 5028 ne
1621 4974 1746 5043 quis
1777 4973 2118 5033 infidelitatis
2145 4992 2390 5032 morsum
2423 4976 2645 5047 penitus
2696 4975 2871 5043 possit
2922 4971 3187 5037 evadere;
3246 4967 3343 5023 sed
3401 4966 3495 5037 qui
3543 4966 3605 5027 in

315 5088 426 5128 uno
457 5082 664 5142 genere
702 5067 853 5121 virus
896 5064 1180 5134 elfugerit,
1215 5067 1267 5119 in
1301 5067 1475 5119 altero
1515 5080 1573 5120 se
1607 5067 1674 5119 ab
1707 5081 1775 5120 eo
1804 5068 2114 5123 subducere
2147 5083 2210 5123 ac
2246 5068 2507 5142 .devitare
2555 5070 2825 5135 nequeat:
2868 5077 2933 5117 ac
2969 5061 3064 5133 qui
3121 5060 3175 5115 in
3232 5058 3355 5114 aliis
3415 5059 3601 5111 incor-

314 5181 539 5243 ruptam
571 5165 730 5227 lidem
765 5164 990 5227 retinet,
1016 5164 1126 5217 alio
1159 5162 1320 5216 modo
1352 5161 1599 5216 fraudem
1630 5161 1738 5216 sibi
1763 5162 2174 5232 perniciemque
2211 5134 2545 5214 consciscat.
2643 5128 2661 5135 ’
2987 5128 3003 5133 —
3462 5146 3463 5149 “
3604 5128 3607 5133 Ι

388 5268 478 5332 (τ’.
532 5260 709 5318 Πόθεν
757 5257 896 5330 αὕτη
948 5258 982 5329 ή
1029 5256 1318 5321 κακόνοια;
1372 5254 1542 5309 Πόθεν
1588 5257 1621 5325 ή
1676 5255 1914 5327 τοσαύτη

315 5358 524 5427 τόλμας
554 5356 694 5409 Αὐτὸ
729 5350 797 5405 τὸ
820 5351 992 5421 ὄνομα
1031 5350 1093 5402 ού
1126 5350 1415 5420 μαρτυρεῖ,
1446 5348 1507 5400 ού
1543 5347 1720 5400 πείθει
1757 5364 1839 5412 σε,
1868 5340 1915 5399 ὦ

315 5448 624 5515 φιλόνεικε;
660 5448 756 5509 Τίς
802 5458 953 5508 ποτε,
978 5440 1010 5511 ἢ
1041 5441 1100 5492 ἐν
1137 5441 1268 5511 ποίᾳ
1298 5441 1463 5510 γενεᾷ
1488 5438 1792 5509 τετόλμηκε
1816 5455 1917 5491 κα-

317 5543 430 5594 λεῖν
453 5540 514 5592 τὸ
532 5540 702 5610 ὄνομα
729 5535 957 5610 Μαρίας
979 5532 1078 5602 τῆς
1106 5533 1288 5602 ἁγίας,
1313 5534 1408 5586 καὶ
1436 5531 1788 5606 ἐρωτώμενος
1811 5532 1915 5585 οὐκ

315 5633 481 5696 εὐθὺς
526 5634 800 5704 ἐπήνεγκε
847 5636 937 5690 τὸ,
977 5625 1285 5697 Παρθένον;
1319 5625 1380 5690 ἐξ
1423 5624 1604 5679 αὐτῶν
1649 5624 1758 5696 γὰρ
1804 5623 1912 5677 τῶιΙ

391 5797 410 5824 ⁸
451 5795 615 5850 Πρω.
659 5812 737 5858 ιι,
768 5793 855 5848 '57.
935 5793 962 5824 '
987 5786 1106 5844 Jcr.
1141 5786 1355 5849 vu,28.

2093 5253 2181 5309 Vl.
2227 5251 2509 5308 Undenam
2536 5266 2665 5306 vero
2688 5251 2802 5305 haec
2823 5246 3146 5318 improbitas
3169 5245 3428 5301 emersit?
3447 5243 3603 5301 Unde

2018 5353 2171 5400 tanta
2208 5345 2460 5416 prorupit
2505 5342 2767 5397 audacia?
2818 5339 3009 5395 Nonne
3050 5337 3135 5392 vel
3181 5337 3360 5406 ipsum
3402 5350 3609 5399 nomen

2018 5437 2237 5495 abunde
2261 5435 2623 5493 testilicatur?
2651 5432 2769 5489 Non
2795 5434 2914 5497 tibi,
2941 5432 3105 5486 homo
3128 5428 3567 5499 pervicacissime
3584 5467 3599 5487 ,

2019 5531 2166 5587 istud
2201 5531 2382 5600 ipsum
2419 5526 2921 5601 persuadet?-Quis
2951 5526 3062 5579 ullo
3106 5521 3320 5593 1033
3358 5528 3605 5590 tempore

2020 5639 2262 5696 unquam
2296 5624 2529 5689 exstitit,
2578 5622 2673 5693 qui
2713 5628 2917 5676 sancta:
2950 5618 3134 5672 Maria:
3176 5608 3394 5671 nomen'
3418 5614 3609 5685 κιρροὶ-ὲ
