4134 6392
517 405 618 465 νοτ

1924 409 1982 466 S.
2028 405 2368 463 ΕΡΙΡΙΙᾹΝΙΙ

3680 412 3791 471 708

515 528 630 585 lare
663 529 908 597 auderet,
943 538 996 586 et
1023 547 1131 586 non
1164 541 1388 603 rogatus
1418 533 1651 589 subinde
1678 533 1921 605 Virginis
1950 547 2102 586 voca-

2209 532 2473 585 ἐπιθέτων
2521 529 2802 602 ὀνομάτων
2848 529 2940 585 καὶ
2989 530 3087 602 τῆς
3139 529 3343 604 ἀρετῆς
3396 531 3678 602 ὑποφαίνει
3732 534 3792 587 τὰ

516 621 705 676 bulum
735 623 1034 694 adjiceret?
1064 621 1200 678 Nam
1238 627 1294 680 in
1328 626 1606 695 adjunctis
1646 625 1959 681 istiusmodi
2009 640 2100 680 vo-

516 712 673 767 cibus
705 712 925 768 virtutis
961 714 1163 769 indicia
1192 715 1492 771 collucent.
1539 715 1753 787 Quippe
1783 717 1954 786 justis
1988 732 2104 771 om-

515 801 701 864 nibus,
744 818 844 873 pro
873 818 940 858 eo
965 819 1032 858 ac
1061 804 1308 875 singulos
1334 804 1586 871 decebat,
1619 821 1719 859 sua
1747 807 1946 875 cuique
1973 813 2102 860 sunt

514 893 795 964 dignitatis
846 896 1109 951 attributa
1164 897 1411 952 nomina.
1445 895 1522 952 Ita
1565 897 1878 953 Abrahamo
1941 898 2102 953 amici

513 981 608 1037 Dei
653 985 848 1040 titulus
893 989 1344 1043 accommodatus
1380 997 1462 1044 est
1487 990 1526 1056 ',
1562 1005 1740 1078 neque
1777 993 1824 1044 is
1859 1005 2099 1061 unquam

512 1073 830 1129 intercidet.
863 1074 1034 1132 Jacob
1058 1093 1188 1133 vero
1216 1072 1437 1130 Israelit
1460 1081 1480 1110 ³
1510 1072 1814 1150 cognomen
1846 1081 1966 1137 sine
1991 1083 2100 1135 ulla

511 1166 818 1222 mutatione
851 1183 1199 1224 concessum.
1231 1169 1478 1238 Apostoli
1515 1186 1734 1242 quoque
1777 1170 2098 1246 Boanerges,

512 1251 617 1307 hoc
645 1262 750 1321 est,
785 1257 1009 1310 tonitrui
1031 1254 1136 1326 ﬁlii
1166 1256 1204 1323 ³,
1232 1259 1500 1314 nominati
1534 1270 1683 1324 sunt,
1714 1277 1816 1316 nec
1845 1262 1954 1316 ulla
1977 1261 2099 1315 dies

511 1359 713 1400 nomen
775 1346 921 1402 istud
969 1349 1303 1405 obliterabit.
1354 1349 1447 1406 Sic
1494 1362 1686 1408 sancta
1719 1351 1890 1408 Maria
1936 1352 2104 1427 Virgo

510 1448 896 1506 nuncupatur,
938 1455 1040 1494 nec
1089 1442 1386 1512 appellatio
1437 1443 1541 1498 ista
1595 1445 1894 1516 aliquando
1949 1461 2103 1501 com-

510 1528 835 1584 mutabitur.
865 1527 990 1585 Haac
1020 1533 1165 1586 enim
1193 1543 1457 1604 perpetuo
1489 1535 1807 1608 incorrupta
1844 1553 2102 1608 perman-

511 1620 604 1678 sit.
640 1621 751 1676 Cur
789 1623 956 1694 igitur
992 1641 1088 1681 vos
1120 1638 1318 1681 natura
1369 1628 1488 1698 ipsa
1525 1645 1633 1682 non
1676 1629 1880 1686 docet?
1915 1629 1960 1685 Ο
2013 1631 2103 1686 in.

511 1712 757 1770 auditam
824 1716 1136 1772 insaniam!
1205 1735 1237 1774 ο
1293 1729 1683 1790 praeposteram
1761 1722 2096 1778 novitatem!

513 1806 681 1861 Multa
712 1817 843 1862 sunt
885 1818 1170 1879 praeterea,
1207 1828 1329 1882 quae
1366 1813 1564 1883 priscis
1607 1815 1946 1885 temporibus
1983 1833 2100 1870 ma-

505 1899 658 1970 jores
696 1902 871 1956 nostri
903 1918 1248 1974 nequaquam
1279 1906 1520 1975 aggressi
1566 1915 1714 1962 sunt.
1761 1906 1934 1963 Hodie
1974 1925 2104 1964 vero

511 1994 654 2047 alius
687 1994 742 2047 in
764 2003 1105 2065 assumptam
1139 2011 1168 2048 a
1195 1995 1416 2050 Christo
1449 2009 1706 2052 naturam
1739 2001 2106 2056 contumelio-

511 2101 608 2140 sus
637 2096 742 2152 est,
779 2093 833 2139 et
853 2087 1116 2140 inusitata
1136 2087 1385 2156 qumdam
1413 2088 1480 2143 de
1507 2089 1794 2146 divinitate
1822 2092 1938 2162 ipsa
1965 2110 2106 2164 prm-

511 2175 685 2241 dicat;
740 2176 882 2231 alius
939 2177 1116 2246 ipsum
1167 2170 1300 2230 illud
1357 2179 1756 2235 incarnationis
1827 2185 2102 2253 negotium

509 2284 769 2323 mancum
814 2277 978 2340 atque
1027 2269 1409 2340 imperfectum
1454 2273 1778 2340 constituit;
1825 2276 1968 2330 alius
2018 2293 2105 2332 re-

510 2362 856 2416 surrectione
906 2371 1248 2416 mortuorum
1296 2363 1624 2432 oﬂ'enditur;
1676 2367 1816 2422 alius
1863 2367 2102 2438 denique

509 2454 658 2508 aliud
682 2455 786 2510 sibi
811 2455 878 2508 ad
909 2457 1339 2527 oppugnandum
1372 2459 1583 2528 arripit.
1633 2458 1678 2514 Ο
1719 2461 2097 2516 turbulentum

508 2559 760 2601 nostrum
785 2551 1044 2602 saaculum
1071 2589 1085 2612 ,
1126 2548 1182 2602 in
1211 2564 1321 2619 quo
1356 2549 1642 2604 hominum
1679 2553 1787 2606 vita
1820 2570 2095 2608 summum

510 2637 565 2691 itt
599 2639 896 2693 discrimen
948 2638 1263 2702 adducitur,
1313 2655 1434 2709 qua:
1477 2643 1720 2712 undique
1765 2644 2024 2711 pessimis
2065 2659 2096 2697 a

509 2730 756 2786 daemone
802 2733 1114 2802 propagatis
1163 2733 1484 2803 Opinionum
1527 2735 1807 2789 erroribus
1847 2751 1911 2789 ac
1970 2751 2096 2806 per-

510 2822 652 2876 ﬁdite
699 2825 1025 2877 commentis
1080 2824 1362 2877 obruitm'!
1415 2822 1666 2890 Quanam
1726 2842 1857 2881 vero
1918 2826 2100 2883 fronte

2204 625 2502 694 τεκμήρια.
2539 623 2855 694 Ἀξιώματα
2888 625 2986 693 μὲν
3022 622 3132 694 γάρ
3165 623 3471 693 ὀνομασιῶν
3507 624 3794 695 εἰλήφασιν

2202 717 2253 768 oi
2294 715 2491 769 δίκαιοι
2525 715 2740 784 ἑκάστῳ
2773 715 3112 786 πρεπόντως,
3149 715 3245 768 καὶ
3286 715 3361 779 ὡς
3403 714 3634 786 ἥρμοζε.
3681 716 3793 770 Καὶ

2203 805 2282 877 τῷ
2323 806 2421 877 μὲν
2462 806 2714 878 Ἀϐραάμ
2754 805 3056 878 προσετέθη
3088 805 3171 868 τὸ,
3200 807 3378 874 φίλος
3403 807 3574 873 Θεοῦ,
3605 807 3702 860 καὶ
3730 809 3793 860 οὐ

2203 899 2616 970 διαλυθήσεται·
2649 900 2726 971 τῷ
2751 899 2809 953 δὲ
2860 899 3075 967 Ἰακὼϐ,
3109 900 3169 952 τὸ
3205 899 3453 968 Ἰσραὴλ
3487 901 3792 965 καλεῖσθαι,

2204 991 2298 1044 καὶ
2349 991 2448 1044 οὐκ
2491 990 2950 1062 ἀλλοιωθήσεται·
3011 992 3106 1044 καὶ
3157 993 3274 1055 τοῖς
3331 992 3674 1056 ἀποστόλοις,
3730 992 3795 1045 τὸ

2198 1084 2550 1154 βοανεργὲς,
2585 1086 2884 1150 τουτέστιν,
2925 1083 3043 1139 υἱοὶ
3069 1084 3360 1153 βροντῆς,
3391 1085 3483 1138 καὶ
3525 1087 3624 1138 οὐκ
3657 1087 3789 1139 ἀπο-

2204 1178 2737 1249 καταλειφθήσεται·
2770 1178 2864 1231 καὶ
2891 1176 2956 1250 τῇ
2987 1178 3118 1250 ἁγίᾳ
3139 1179 3326 1249 Μαρίᾳ¹
3357 1177 3438 1242 τὸ,
3467 1177 3793 1246 Παρθένος,

2203 1271 2301 1323 καὶ
2325 1270 2384 1322 οὐ
2415 1271 2782 1340 τραπήσεται.
2829 1267 3131 1340 Ἀχραντος
3151 1269 3258 1342 γάρ
3289 1269 3554 1340 διέμεινεν
3581 1271 3614 1340 ἡ
3639 1270 3792 1336 ἁγία.

2203 1363 2352 1434 Αὐτὴ
2382 1364 2415 1434 ή
2462 1363 2622 1431 φύσις
2651 1363 2712 1416 οὐ
2755 1358 2996 1416 διδάσκει
3027 1363 3206 1432 ὑμᾶς;
3235 1363 3300 1416 ’Ὠ
3329 1362 3522 1433 καινῆς
3556 1361 3788 1434 μανίαςί

2203 1453 2250 1507 ὣ
2297 1455 2502 1510 καινῶν
2534 1454 2914 1526 πραγμάτωνί
2948 1454 3126 1510 Πολλά
3163 1454 3220 1508 δέ
3247 1456 3393 1508 ἐστιν
3443 1455 3625 1525 ἕτερα,
3657 1453 3706 1508 ἀ
3731 1454 3792 1506 ὲν

2202 1550 2316 1610 τοῖς
2363 1547 2614 1612 παλαιοῖς
2664 1549 2874 1620 χρόνοις
2919 1548 3018 1601 οὐκ
3057 1548 3330 1620 ἐτολμήθη
3376 1549 3490 1611 τοῖς
3531 1548 3788 1619 πατράσι.

2203 1639 2316 1693 Νῦν
2341 1639 2398 1692 δὲ
2428 1639 2585 1702 ἄλλος
2621 1639 2720 1709 μὲν
2754 1639 3068 1712 βλασφημεῖ
3105 1643 3185 1705 είς
3217 1641 3317 1713 τὴν
3354 1641 3618 1712 ἕνσαρκον
3652 1641 3793 1712 Χριο

2206 1731 2332 1784 στοῦ
2365 1731 2697 1804 παρουσίαν,
2721 1733 2884 1804 ἔτερα
2910 1732 3084 1786 λαλῶν
3107 1735 3187 1795 είς
3210 1733 3377 1803 αὐτὴν
3409 1732 3507 1802 τὴν
3530 1729 3790 1801 θεότητα·

2204 1822 2364 1886 ἄλλος
2407 1822 2464 1874 δὲ
2514 1823 2705 1894 ἐλλιπῆ
2741 1827 2976 1877 ποιεῖται
3025 1824 3083 1876 ὲν
3112 1823 3289 1894 ἑαυτῷ
3329 1822 3429 1894 τὴν
3460 1822 3560 1890 τῆς
3611 1821 3796 1893 πάσης

2135 1898 2176 1951 Β
2205 1916 2471 1986 ἐνσάρκου
2519 1916 2824 1986 παρουσίας
2863 1916 3248 1986 πραγματείαν
3269 1930 3282 1943 ⁸
3314 1915 3502 1984 ἔτερος
3539 1913 3596 1967 δὲ
3633 1915 3691 1966 ὲν
3723 1916 3793 1984 τῇ

2204 2005 2498 2058 ἀναστάσει
2542 2004 2800 2074 ἁσχάλλει
2840 2004 2950 2057 τῶν
2989 2005 3198 2076 νεκρῶν
3222 2021 3236 2036 ·
3272 2005 3458 2074 ἕτερος
3503 2004 3559 2057 δὲ
3605 2003 3790 2075 μέρος.

2205 2097 2316 2148 Καὶ
2350 2095 2709 2160 ἁπαξαπλῶς,
2739 2096 2785 2150 ῶ
2830 2097 2928 2168 τῆς
2959 2096 3116 2168 ήμῶν
3151 2095 3526 2166 τεθολωμένης
3556 2097 3791 2164 γενεᾶς1

2202 2183 2271 2260 ἦς
2309 2190 2344 2260 ἡ
2379 2188 2492 2259 ζωὴ
2527 2190 2586 2240 έν
2627 2189 2858 2258 κινδύνῳ
2898 2189 3188 2252 διάκειται,
3229 2190 3293 2241 ὲκ
3321 2187 3654 2257 πανταχόθεν
3699 2203 3795 2240 πε-

2207 2279 2601 2352 ριαντλουμένη
2641 2283 2840 2343 κακαῖς
2871 2279 2976 2332 ὑπὸ
3007 2279 3252 2333 διαϐόλου
3301 2280 3628 2348 ὲπισποραῖς
3672 2277 3794 2332 δια-

2204 2371 2494 2442 νοημάτων
2535 2388 2595 2424 τε
2624 2374 2719 2425 καὶ
2759 2372 3037 2442 λογισμῶν
3079 2371 3463 2434 κακοπιστίας.
3505 2371 3629 2434 Πῶς
3670 2369 3795 2423 101—

2205 2462 2346 2532 μῶσι
2392 2463 2488 2534 τὴν
2537 2465 2804 2536 ἄχραντον
2849 2466 3149 2537 Παρθένον,
3180 2465 3272 2518 καὶ
3323 2463 3421 2534 τὴν
3475 2465 3795 2533 οἰκητήριον

2204 2553 2634 2619 καταξιωθείσαν
2662 2555 2915 2623 γενέσθαι
2943 2556 3036 2610 τοῦ
3056 2555 3205 2622 Υίοῦ,
3225 2555 3322 2626 τὴν
3345 2557 3423 2619 είς
3450 2555 3613 2607 ταυτὺ
3635 2553 3797 2608 τοῦτο

2204 2644 2550 2716 ὲκλεχθεῖσαν
2584 2650 2647 2701 ὲκ
2678 2649 2787 2701 τῶν
2821 2649 3096 2720 μυριάδων
3148 2648 3386 2720 Ἰσραὴλ,
3423 2648 3571 2709 ὅπως
3601 2645 3796 2710 σκεῦος

2205 2738 2300 2790 καὶ
2325 2741 2640 2811 οἰκητήριον
2664 2739 2966 2812 ἠξιωμένος
3010 2743 3090 2807 είς
3119 2744 3340 2812 σημεῖον
3384 2741 3544 2810 μόνον
3571 2737 3795 2811 ὑπάρξῃ

2205 2832 2444 2884 τοκετῶν
2468 2833 2524 2899 ’⁵;

509 2915 886 2984 incorruptam
945 2915 1091 2967 illam
1155 2909 1431 2985 Virginem
1487 2917 1907 2986 aggrediuntur,
1957 2935 2079 2990 qua:
2129 2918 2222 2974 Dei
2264 2920 2387 2976 Filii
2418 2923 2758 2978 domicilium
2816 2939 2940 2978 esse
2996 2923 3235 2987 meruit,
3304 2939 3511 2994 quaee:
3583 2921 3796 2978 inﬁnito

509 3003 880 3060 lsraelitarum
906 3021 1132 3060 numero
1155 3006 1220 3061 ad
1248 3007 1300 3060 id
1326 3022 1494 3060 unum
1515 3015 1600 3062 est
1626 3009 1818 3075 electa,
1853 3019 1912 3064 ut
1937 3026 2031 3066 vas
2072 3011 2351 3082 quoddam
2405 3023 2460 3069 et
2502 3016 2766 3070 habitatio
2827 3015 2921 3070 uni
2979 3024 3127 3072 esset
3183 3015 3370 3070 divino
3429 3017 3612 3087 partui
3659 3031 3796 3072 con-

511 3108 726 3157 secrata
755 3104 778 3156 ?

588 3192 701 3252 V'l-lo.
747 3195 861 3251 lloc
892 3197 1037 3252 enim
1079 3205 1232 3252 certo
1270 3213 1337 3252 ex
1371 3208 1597 3253 auctore
1646 3198 1901 3268 cognovi,
1959 3212 2098 3251 non-

2270 3197 2344 3251 Z'.
2386 3198 2637 3250 ’Ἤκουσα
2686 3196 2796 3268 γάρ
2847 3197 3000 3267 παρά
3048 3213 3212 3260 τινος,
3252 3195 3327 3260 ῶς
3361 3214 3506 3261 τινες
3551 3196 3797 3268 τολμῶσι

510 3291 694 3343 nullos
729 3290 783 3344 ιιι
829 3290 896 3345 de
939 3292 1030 3344 illa
1080 3290 1347 3346 allirmare
1387 3307 1724 3347 ausos‘esse
1759 3310 1772 3345 :
1812 3301 2100 3362 postquam

513 3384 851 3437 Salvatorem
886 3385 1127 3453 peperit,
1175 3399 1300 3437 cum
1348 3385 1466 3438 viro
1516 3382 1972 3438 consuetudinem
2006 3381 2104 3434 ha-

421 3469 432 3492 ’
511 3475 724 3529 buisse.
763 3476 917 3540 Quod
949 3476 1204 3544 equidem
1237 3477 1420 3532 minus
1445 3476 1710 3530 admiror.
1742 3474 1878 3528 Nam
1907 3490 2097 3529 eorum

511 3569 754 3632 inscitia,
783 3569 875 3638 qui
903 3585 1078 3638 neque
1107 3584 1293 3624 sacras
1323 3568 1558 3624 Litteras
1591 3576 1852 3623 accurate
1879 3567 2100 3633 callent,

512 3676 691 3730 neque
724 3661 776 3714 in
812 3671 1056 3715 veterum
1098 3662 1454 3715 historiarum
1501 3662 1734 3716 lectione
1785 3661 1900 3713 triti
1948 3669 2100 3722 sunt,

514 3750 617 3804 hos
651 3750 798 3819 ipsos
825 3751 896 3805 ab
925 3753 1046 3805 aliis
1087 3751 1154 3804 ad
1198 3753 1301 3806 alia
1337 3752 1600 3808 transfert
1629 3762 1681 3806 et
1711 3751 1947 3822 abripit,
1977 3765 2101 3804 cum

515 3854 583 3892 ex
623 3840 840 3909 ingenio
878 3857 978 3896 suo
1023 3857 1085 3895 ac
1126 3850 1307 3897 mente
1348 3844 1594 3898 veritatis
1631 3842 1858 3912 vestigia
1911 3857 2106 3896 conse-

514 3938 758 3982 ctantur.
800 3929 858 3984 In
891 3932 1082 4000 primis
1120 3933 1304 4002 itaque
1331 3949 1454 3987 cum
1482 3934 1639 3987 beata
1680 3933 1841 4002 Virgo
1867 3930 2106 4002 Josepho

515 4021 714 4075 tradita
748 4031 852 4087 est,
887 4039 996 4091 quo
1037 4023 1184 4076 illam
1224 4025 1388 4079 sortis
1427 4024 1730 4079 necessitas
1773 4023 2102 4086 adduxerat,

515 4129 859 4184 nequaquam
911 4117 960 4170 ei
1016 4117 1085 4170 ad
1133 4118 1538 4187 copulationem
1586 4127 1671 4172 est
1713 4131 2004 4179 concessa,
2057 4116 2104 4172 si

516 4208 661 4277 quod
690 4225 776 4264 res
811 4217 894 4264 est
938 4223 1256 4263 asseverare
1303 4210 1576 4273 volumus,
1622 4224 1747 4264 cum
1782 4209 1971 4278 utique
2021 4209 2105 4262 vi-

517 4302 660 4356 duus
691 4308 856 4356 esset.
895 4299 1001 4355 Sed
1035 4307 1257 4370 propter
1288 4301 1458 4371 legem
1492 4309 1674 4357 tamen
1707 4301 1791 4354 vir
1824 4301 1973 4355 illius
2010 4315 2106 4369 ap-

515 4392 770 4462 pellatur.
804 4391 977 4446 Porro
1015 4409 1080 4448 ex
1112 4391 1343 4447 Judaica
1387 4392 1604 4463 1039
1643 4393 1939 4446 traditione
1970 4406 2107 4445 con-

517 4493 814 4553 sequenter
847 4485 991 4538 istud
1022 4485 1354 4550 ostenditur,
1389 4501 1532 4548 non,
1558 4491 1616 4537 ut
1645 4498 1771 4537 cum
1800 4483 1892 4536 illo
1934 4497 2105 4552 copu-

2209 3291 2337 3360 περὶ
2386 3290 2592 3361 ταύτης
2639 3289 2838 3358 λέγειν.
2873 3291 2956 3342 ὅτι
3011 3289 3147 3359 μετά
3178 3288 3237 3342 τὸ
3281 3289 3670 3360 γεγεννηκέναι
3702 3289 3795 3342 τὸν

2208 3381 2438 3451 Σῶτῆρα
2486 3380 2731 3451 συνήφθη
2767 3380 2939 3451 ἀνδρί.
2973 3381 3082 3432 Καὶ
3109 3380 3170 3432 οὐ
3205 3379 3492 3449 θαυμάζω.
3539 3379 3650 3432 'Aal.
3686 3379 3799 3452 γὰρ

2208 3465 2240 3542 ἡ
2274 3471 2466 3540 ἄγνοια
2508 3470 2617 3522 τῶν
2652 3472 2725 3540 μὴ
2760 3471 2828 3523 τὰ
2864 3469 3069 3541 ἀκριϐῆ
3120 3471 3437 3536 ἐγνωκότων
3475 3469 3583 3523 τῶν
3637 3469 3797 3524 θείων

2205 3562 2460 3633 Γραφῶν,
2487 3561 2621 3631 μηδὲ
2648 3559 2909 3631 ἱστορίαις
2943 3560 3445 3630 προσεγγισάντων,
3474 3559 3567 3628 ἀφ’
3595 3559 3801 3629 ἐτέρων

2207 3658 2286 3718 εἰς
2327 3655 2488 3722 ’ἐτερα
2538 3653 2746 3724 τρέπει,
2781 3653 2873 3705 καὶ
2917 3654 3182 3724 περισπᾷ,
3214 3653 3305 3706 τὸν
3350 3653 3599 3706 ἀσπιδίου
3630 3652 3651 3683 ⁵
3679 3653 3800 3717 νοὸς

2209 3747 2534 3818 βουλόμενόν
2569 3765 2621 3799 τι
2655 3747 2784 3818 περὶ
2813 3747 2912 3817 τῆς
2936 3746 3196 3816 ἀληθείας
3223 3746 3547 3817 ἰχνηλατεῖν.
3575 3745 3798 3817 Πρῶτον

2207 3839 2316 3909 γὰρ
2343 3839 2431 3891 ὅτε
2461 3839 2494 3909 ή
2529 3837 2803 3908 Παρθένος
2845 3838 3164 3908 παρεδίδοτο
3207 3837 3285 3906 τῷ
3329 3837 3548 3908 Ἰωσήφ,
3583 3836 3800 3908 κλήρων

2207 3933 2287 3994 είς
2328 3930 2489 3984 τοῦτο
2536 3931 2965 3998 ἀναγκασάντων
3009 3928 3180 4000 αὐτὴν
3210 3930 3387 3999 ήκειν,
3429 3930 3491 3981 οὐ
3523 3928 3801 4001 παρεδόθη

2207 4020 2357 4092 αὑτῴ
2395 4013 2475 4084 εἰς
2509 4022 2825 4090 συνάφειαν,
2859 4023 2908 4072 εἰ
2947 4019 3028 4072 δεῖ
3063 4020 3132 4072 τά
3163 4019 3340 4091 ἀληθῆ
3375 4019 3576 4088 λέγειν,
3612 4020 3801 4092 ἐπειδὴ

2209 4113 2378 4185 χῆρος
2403 4110 2490 4184 ἦν.
2528 4113 2688 4165 Ἀλλά
2714 4113 2805 4166 διὰ
2831 4113 2920 4164 τὸν
2948 4112 3111 4182 νόμον
3134 4113 3230 4182 μὲν
3252 4112 3392 4184 ἀνὴρ
3418 4112 3680 4182 κέκληται
3702 4112 3801 4182 τῆς

2207 4206 2377 4276 αὐτῆς
2397 4223 2411 4236 ο
2445 4205 2586 4258 κοιτά
2607 4205 2661 4258 δὲ
2697 4206 2794 4274 τὴν
2822 4203 3142 4258 ἀκολουθίαν
3169 4204 3233 4256 ὲκ
3260 4203 3361 4274 τῆς
3381 4203 3490 4256 τῶν
3531 4203 3801 4258 Ἰουδαίων

2209 4298 2556 4369 παραδόσεως
2589 4297 2884 4360 δείκνυται,
2925 4295 2999 4358 ὡς
3028 4297 3125 4366 οὐχ
3158 4297 3344 4349 ἕνεκεν
3374 4294 3469 4348 τοῦ
3505 4295 3802 4367 ζευχθῆναι

2208 4389 2359 4460 αὐτῷ
2399 4388 2716 4458 παρεδίδοτο
2749 4387 2898 4458 αὐτῷ
2937 4389 2969 4457 ή
3018 4387 3315 4458 Παρθένος,
3356 4388 3470 4440 ἀλλ’
3503 4389 3652 4452 ὅπως
3680 4388 3800 4441 δια-

2211 4479 2510 4549 φυλαχθείη
2546 4481 2624 4540 si;
2668 4479 2966 4550 μαρτύριον
3007 4478 3113 4531 τῶν
3153 4479 3447 4550 ἐσομένων,
3483 4479 3566 4532 ὅτι
3611 4480 3671 4532 οὐ
3710 4480 3804 4533 νό-

514 4578 746 4641 larctur,
799 4577 1073 4648 Virginem
1123 4577 1173 4631 ei
1230 4577 1403 4632 fuisse
1451 4577 1734 4644 traditam,
1789 4575 1886 4630 sed
1938 4585 1994 4629 ut
2041 4576 2102 4630 ad

2215 4571 2305 4635 θος
2344 4574 2376 4642 ή
2415 4571 2515 4642 τῆς
2546 4572 2812 4643 ὲνσάρκου
2867 4571 3170 4642 παρουσίας
3205 4574 3490 4644 οἰκονομία
3527 4573 3804 4646 ἐπεδήμη-

515 4668 826 4723 futurorum
871 4665 1245 4724 testimonium
1295 4678 1646 4734 servaretur,
1702 4668 1989 4738 palamque
2022 4667 2108 4722 ﬁe-

517 4770 622 4825 ret,
665 4770 975 4832 susceptam
1007 4761 1248 4816 hominis
1278 4777 1308 4815 a
1340 4760 1449 4816 Deo
1480 4769 1732 4814 naturam
1783 4774 1891 4813 non
1945 4759 2106 4811 adul-

515 4857 749 4910 terinam
780 4871 844 4909 ac
886 4858 1132 4925 spuriam
1163 4854 1334 4910 fuisse
1355 4896 1369 4920 ,
1415 4855 1510 4910 sed
1541 4853 1871 4909 certissimis
1903 4851 2104 4906 suﬂra-

516 4949 770 5018 gantibus
797 4947 1128 5002 testimoniis
1176 4947 1294 5002 sine
1321 4948 1462 5001 virili
1490 4957 1634 5012 satu,
1667 4947 1907 5016 Spiritus
1930 4945 2105 4999 sancti

514 5037 568 5088 vi
617 5043 672 5089 et
713 5035 999 5090 ellicientia
1037 5037 1422 5091 constitutam.
1472 5035 1761 5102 Quomodo
1795 5036 1941 5090 enim
1991 5043 2105 5088 tam

517 5125 689 5182 effeta:
765 5143 932 5182 senex
1013 5129 1188 5183 aetatis
1265 5129 1534 5197 virginem
1607 5129 1809 5182 habere
1876 5143 2101 5182 uxorem

517 5219 714 5288 potuit,
772 5220 864 5288 qui
920 5227 1003 5274 tot:
1051 5221 1213 5276 annis
1257 5231 1418 5274 antea
1471 5222 1642 5288 priori
1690 5220 1925 5290 conjuge
1957 5227 2104 5274 esset

517 5313 790 5368 orbatus?
829 5313 1111 5382 Siquidem
1140 5313 1227 5367 hic
1262 5314 1379 5382 ipse
1401 5311 1674 5383 Josephus
1713 5310 1969 5382 Cleophaa
2000 5310 2104 5363 fra-

517 5415 624 5470 ter,
654 5405 842 5461 Jacobi
873 5406 1016 5462 lilius
1032 5414 1396 5478 cognomento
1424 5404 1737 5472 Pantheris,
1763 5403 2099 5468 fuitzambo,

591 5564 752 5622 'Jac.
811 5583 874 5630 ιι,
914 5566 1004 5620 25.

520 5635 676 5692 ἰδίου.

1115 5567 1135 5597 ³
1176 5565 1311 5620 Gen.
1351 5579 1522 5627 xxx”,
1553 5563 1644 5618 9.3.
1744 5563 1764 5594 ³
1805 5560 1972 5618 Marc.
2004 5578 2106 5628 ιιι,

593 5793 706 5863 (98)
736 5789 923 5860 Οὗτος
947 5796 1062 5864 μὲν·
1086 5795 1194 5864 γὰρ
1225 5797 1256 5848 ό
1291 5793 1532 5862 Ἰωσήφ.
1573 5794 1646 5847 De
1684 5793 1786 5847 hac
1815 5786 2103 5863 Epiphanii

521 5869 809 5934 “nitentia,
836 5877 887 5921 et
921 5874 1139 5936 quinam
1173 5867 1384 5922 υυιιιίιιί
1418 5869 1613 5921 fratres
1649 5864 1726 5919 illi
1757 5865 1980 5931 fuerint,
2012 5879 2103 5918 co-

2215 4683 2326 4728 σεν,
2386 4665 2522 4719 άλλά
2577 4667 3049 4738 μεμαρτυρημένη
3097 4671 3154 4720 ἐν
3198 4666 3451 4738 ἀληθείᾳ,
3497 4667 3655 4730 ἐκτὸς
3703 4668 3804 4738 μὲν

2215 4757 2526 4827 σπέρματος
2563 4739 2775 4828 ἀνδρὸς.
2809 4759 2866 4809 ἐν
2903 4758 3180 4828 Πνεύματι
3213 4759 3353 4830 ἀγίῳ
3385 4758 3805 4830 οἰκονομηθεῖσα

2213 4851 2270 4902 ὲν
2316 4848 2562 4920 ἀληθείᾳ.
2625 4849 2747 4913 Πῶς
2787 4851 2894 4922 γὰρ
2950 4851 3184 4921 ἠδύνατο
3236 4853 3264 4904 ὁ
3317 4851 3572 4915 τοσοῦτος
3619 4852 3804 4923 γέρων

2214 4942 2482 5014 παρθένον
2524 4942 2665 5008 ἕξειν
2722 4948 2978 5010 γυναῖκα,
3013 4943 3087 4996 ὢν
3140 4945 3248 4998 ἀπὸ
3282 4944 3507 5016 πρώτης
3542 4935 3803 5012 γυναικὸς

2213 5034 2379 5106 χῆρος
2406 5035 2644 5087 τοσαῦτα
2675 5035 2807 5105 ἕτη;
2839 5031 3007 5098 Οὗτος
3061 5037 3157 5107 μὲν
3190 5037 3299 5107 γὰρ
3348 5039 3376 5090 ὁ
3445 5038 3643 5106 Ἰωσὴφ
3691 5037 3804 5105 (98)

2212 5128 2440 5196 ἀδελφὸς
2465 5129 2674 5197 γίνεται
2705 5129 2798 5182 τοῦ
2835 5130 3062 5194 Κλωπᾶ,
3103 5125 3170 5201 ἧν
3210 5130 3268 5184 δὲ
3305 5130 3421 5194 υἱὸς
3449 5129 3544 5182 τοῦ
3581 5128 3802 5191 Ἰακὼϐ,

2213 5218 2441 5290 ἐπίκλην
2481 5220 2538 5272 δὲ
2585 5221 2810 5292 Πάνθηρ
2865 5211 3222 5293 καλουμένου.
3285 5223 3611 5293 Ἀμφότεροι
3655 5214 3806 5273 οὗτοι

2210 5311 2319 5364 ἀπὸ
2341 5310 2434 5363 τοῦ
2467 5313 2748 5382 Πάνθηρος
2781 5313 3008 5384 ἐπίκλην
3056 5311 3370 5382 γεννῶνται.

2141 5402 2386 5473 inquam,
2414 5403 2491 5458 illi
2522 5403 2795 5460 Panthere
2823 5416 2978 5476 patre
3012 5407 3126 5460 nati
3153 5415 3302 5461 sunt.

2147 5561 2233 5615 17.
2311 5562 2333 5593 ⁵
2366 5562 2428 5617 F.
2469 5565 2550 5626 εἰς
2609 5565 2753 5618 θεῖον
2789 5566 2947 5635 μόνον
2988 5567 3080 5618 ὑπ.
3136 5566 3378 5619 τοκετὸν.
3455 5567 3477 5597 ³
3525 5565 3655 5620 Cor.
3699 5563 3805 5620 ἀπ’

2212 5791 2424 5861 piosam
2467 5789 2635 5846 ha‘bes
2665 5789 3094 5861 disputationem
3115 5789 3180 5861 in
3210 5789 3487 5858 Apparalu
3527 5787 3598 5842 ad
3622 5788 3803 5845 Anno-

2215 5858 2287 5917 t'es
2314 5860 2725 5929 ecclesiasticos,
2757 5858 2810 5915 ιι.
2843 5858 2955 5928 LX,
2992 5873 3056 5914 ac
3092 5860 3375 5930 deinceps.
