4134 6392
356 320 463 384 1'09

940 323 1311 384 ADVERSUS
1348 328 1692 389 ΗΕΒΕὸΕὸ
1727 333 1856 389 LIB.
1897 332 1985 389 ΙΙΙ.
2029 331 2193 392 ΤΟΜ.
2232 332 2302 388 Il.
2341 364 2413 378 —
2450 333 2728 391 HERES.
2771 335 3064 393 LXXVIII.

3530 341 3639 400 710

429 437 595 510 Ἔσχε
626 435 682 490 δὲ
709 430 862 503 οὗτος
905 441 934 494 ό
974 442 1176 514 Ἰωσὴφ
1208 442 1308 516 τὴν
1359 443 1459 516 μὲν
1493 444 1718 520 πρώτην
1771 447 1932 503 αὐτοῦ

2112 449 2384 506 Caeterum
2405 448 2677 521 Josephus
2705 452 2939 523 primam
2958 467 2989 506 e
3013 452 3159 508 tribu
3179 451 3334 510 ludas
3351 449 3640 525 coniugem

353 529 591 596 γυναῖκα
641 529 705 583 ὲκ
760 532 862 601 τῆς
913 532 1090 605 φυλῆς
1157 534 1346 602 Ἰούδα,
1401 536 1496 593 καὶ
1548 541 1766 593 κυΐσκει
1799 540 1948 612 αύτῷ

351 618 493 691 αὕτη
520 620 717 686 παῖδας
747 620 841 675 τὸν
868 623 1101 695 ἀριθμὸν
1135 625 1216 694 ἒξ,
1245 628 1519 702 τέσσαρας
1551 630 1652 700 μὲν
1682 632 1944 704 ἄρρενας,

350 710 577 781 θηλείας
622 711 680 765 δὲ
716 711 845 766 δύοο
902 713 1154 789 καθάπερ
1195 719 1258 772 τὸ
1304 721 1640 791 Εὑαγγέλιον
1691 723 1755 776 τὸ
1797 721 1957 795 ,κατά’

348 804 581 876 Μάρκον
611 805 707 858 καὶ
744 805 887 861 κατὰ
946 808 1199 881 Ἰωάννην
1232 813 1594 886 ὲσαφήνισαν.
1628 817 1795 888 Ἔσχε
1844 817 1946 889 μὲν

348 892 447 952 οὖν
517 897 864 968 πρωτότοκον
934 900 1027 954 τὸν
1104 902 1362 960 Ἰάκωὸον
1431 905 1524 960 τὸν
1582 909 1945 982 ἐπικληθέντα

362 989 624 1053 Ὡόλίαν,
679 990 1117 1062 ἑρμηνευόμενον
1154 989 1353 1066 τεῖχος
1394 996 1531 1069 (99),
1586 999 1680 1053 καὶ
1737 1000 1945 1056 δίκαιον

349 1080 736 1152 ἐπικληθέντα,
766 1080 1091 1155 Ναζωραῖον
1117 1084 1177 1138 δὲ
1204 1084 1356 1153 ὅντα,
1401 1088 1540 1162 ὅπερ
1580 1090 1943 1161 ἑρμηνεύεται

335 1170 526 1243 ἅγιος.
563 1173 674 1228 Καὶ
713 1173 931 1246 πρῶτος
970 1166 1129 1240 οὗτος
1159 1177 1351 1251 εἴληφε
1380 1179 1480 1252 τὴν
1524 1181 1795 1254 καθέδραν
1841 1182 1944 1255 τῆς

346 1265 677 1338 ἐπισκοπῆς,
717 1261 763 1337 ᾧ
808 1267 1143 1323 πεπίστευκε
1180 1269 1387 1343 Κύριος
1415 1272 1507 1326 τὸν
1541 1272 1731 1345 θρόνον
1773 1274 1940 1329 αύτοῢ

346 1356 443 1410 ἐπὶ
470 1356 571 1427 τῆς
614 1357 721 1427 γῆς
756 1357 995 1431 πρώτην
1030 1359 1091 1424 ὃς
1122 1360 1219 1415 xal
1290 1363 1540 1418 ἐκαλεῖτο
1590 1367 1624 1420 ὁ
1675 1364 1942 1436 ἁδελφὸς

344 1447 455 1502 ’τοῦ
500 1450 758 1519 Κυρίου’
805 1451 1057 1524 καθάπερ
1115 1453 1210 1507 καὶ
1260 1455 1289 1507 ὁ
1350 1455 1673 1522 Ἀπόστολος
1729 1458 1940 1530 συνᾴδει

346 1538 583 1605 τούτοις,
617 1534 719 1594 ὧδέ
758 1558 862 1595 που
895 1541 1070 1612 λέγων
1088 1560 1104 1576 ο
1138 1545 1382 1614 Ἕτερον
1413 1545 1483 1599 δὲ
1527 1545 1645 1605 τῶν
1681 1548 1943 1602 ἀποστό-

344 1633 478 1687 λων
504 1634 617 1687 οὐκ
642 1630 827 1697 εἶδον,
858 1636 913 1687 εὶ
933 1633 1025 1705 μὴ
1074 1635 1355 1691 Ἰάκωϐον
1389 1637 1498 1690 τὸν
1530 1637 1800 1709 ἀδελφὸν
1831 1639 1939 1693 τοῦ

344 1724 589 1793 Κυρίου,
636 1727 732 1778 xal
759 1727 828 1780 τὰ
862 1725 1013 1797 ἑξῆς.
1062 1727 1314 1798 Ἀδελφὸς
1338 1728 1395 1782 δὲ
1419 1727 1514 1783 τοῦ
1549 1731 1754 1801 Κυρίου
1784 1726 1940 1795 οὗτος

344 1817 588 1912 καλεῖται
633 1817 725 1871 διὰ
751 1818 813 1871 τὸ
861 1818 1187 1912 όμότροφον,
1234 1820 1355 1892 οὐχὶ
1397 1820 1536 1874 κατὰ
1571 1821 1753 1912 φύσιν,
1799 1822 1937 1878 ἀλλά
1966 1821 2033 1912 θ’

343 1907 487 1962 κατά
506 1907 687 1980 χάριν.
718 1907 910 1979 Μαρία
942 1908 1039 1980 μὲν
1069 1908 1199 1980 γὰρ,
1233 1910 1569 1981 ἁρμοσθείσα
1599 1911 1678 1982 τῷ
1711 1911 1929 1985 Ἰωσὴφ,

342 2000 520 2055 ἐδόκει
552 2001 689 2071 γυνὴ
722 1995 862 2054 εἶναι
897 2000 991 2054 τοῦ
1021 2001 1236 2074 ἀνδρὸς,
1274 2002 1350 2074 μὴ
1373 2002 1573 2074 ἔχουσα
1607 2004 1745 2075 πρὸς
1770 2004 1932 2060 αὐτὸν

343 2093 616 2164 σωμάτων
664 2092 996 2162 συνάφειανο
1044 2093 1111 2147 ἐκ
1152 2093 1353 2164 ταύτης
1395 2095 1453 2149 δὲ
1486 2095 1587 2166 τῆς
1618 2096 1934 2162 ὑποθέσεως

341 2187 377 2256 η
412 2186 711 2256 γειτνίασις
757 2184 1076 2257 ἀγχιστείας
1115 2185 1225 2239 τῶν
1269 2186 1405 2241 υἱῶν
1446 2188 1643 2262 Ἰωσὴφ
1678 2188 1814 2262 πρὸς
1842 2189 1963 2243 "tow

340 2278 575 2350 Σωτῆρα
606 2280 664 2332 ὲν
702 2276 949 2348 ἀδελφῶν
979 2277 1131 2345 τάξει
1161 2278 1448 2351 κέκληταιο
1515 2280 1712 2351 μᾶλλον
1746 2280 1803 2335 δὲ
1840 2280 1936 2336 καὶ

340 2369 620 2443 ἐλογίσθη.
681 2371 772 2434 Ὠς
822 2370 932 2441 γὰρ
972 2370 1068 2424 καὶ
1106 2370 1267 2435 αὐτὸς
1318 2371 1347 2423 6
1393 2371 1614 2444 Ἰωσὴφ,
1672 2371 1748 2445 μὴ
1788 2372 1934 2444 σχὼν

340 2461 626 2515 κοινωνίαν
670 2460 808 2533 πρὸς
841 2461 942 2532 τὴν
982 2461 1238 2533 γέννησιν
1283 2461 1382 2534 τὴν
1430 2462 1572 2516 κατά
1610 2462 1790 2534 σάρκα
1832 2454 1928 2516 τοῦ

340 2554 616 2626 Σωτῆρος,
646 2555 704 2608 ὲν
729 2553 881 2620 τάξει
907 2554 1112 2626 πατρὸς
1141 2555 1413 2624 λογίζεται
1443 2556 1563 2609 κατ’
1583 2555 1893 2627 οἰκονομίαν
1910 2573 1925 2586 ο

341 2645 527 2710 καθὼς
566 2645 717 2714 λέγει
761 2645 979 2708 Λουκᾶς
1030 2645 1422 2716 εύαγγελιστὴς
1460 2645 1589 2716 περὶ
1632 2645 1796 2699 αὐτοῦ
1834 2645 1930 2700 τοῦ

341 2737 613 2810 Σωτῆρος,
673 2737 755 2790 ὅτι
811 2738 918 2791 Ὧν
966 2737 1126 2802 υίὸς,
1174 2739 1256 2803 ὡς
1299 2737 1617 2807 ἐνομίζετο,
1683 2738 1926 2809 Ἰωσήφ.

352 2829 443 2893 Ὦς
468 2828 564 2882 καὶ
594 2827 732 2899 αὑτὴ
772 2829 806 2901 ἡ
840 2829 1073 2900 Μαριὰμ
1103 2828 1207 2901 ἔφη
1246 2828 1382 2902 πρὸς
1410 2829 1569 2883 αύτδν
1593 2831 1652 2883 ὲν
1685 2829 1764 2901 τῷ
1789 2830 1933 2885 κατά

338 2920 555 2975 Λουκᾶν
596 2919 947 2992 Εὐαγγελίῳ·
1006 2920 1164 2975 Ἰδοὺ
1194 2920 1331 2992 ἐγὼ,
1374 2922 1472 2976 καὶ
1507 2926 1543 2977 ὁ
1573 2922 1770 2992 πατήρ
1808 2940 1928 2978 σου

337 3013 662 3083 ἐζητοῦμέν
693 3027 768 3068 σε
814 3012 1198 3083 ὀδυνώμενοι.
1255 3014 1352 3078 Τίς
1397 3011 1491 3067 οὖν
1526 3013 1592 3070 ἂν
1645 3015 1789 3069 εἴποι
1837 3014 1931 3068 τὸν

347 3103 551 3174 Ἰωσὴφ
597 3103 812 3175 πατέρα
860 3103 956 3158 τοῦ
1007 3104 1236 3177 Κυρίου,
1283 3104 1343 3170 ὃς
1392 3105 1543 3158 οὐδὲν
1591 3106 1729 3177 πρὸς
1768 3106 1930 3160 αὑτὸν

2050 541 2263 606 habuit,
2287 557 2318 596 e
2340 555 2448 610 qua
2483 556 2580 597 sex
2612 543 2812 597 liberos
2851 543 3116 613 suscepit,
3161 558 3343 599 mares
3378 552 3637 613 quatuor,

2048 632 2281 689 feminas
2324 633 2462 689 duas
2492 652 2517 699 ε,
2533 633 2585 688 id
2620 634 2766 704 quod
2799 626 2965 688 Marci
2993 620 3058 689 ac
3106 632 3338 692 Joannis
3380 634 3634 705 Evange-

2048 723 2119 778 lia
2158 723 2462 778 declarant.
2496 721 2716 779 Primus
2745 740 2814 780 ex
2853 726 3003 779 omni
3039 725 3211 796 Stirpe
3247 735 3410 780 natus
3448 724 3527 780 illi
3574 724 3642 779 ﬁ-

2047 814 2155 869 lius
2192 822 2276 870 est
2325 813 2602 880 Jacobus,
2651 822 3015 886 cognomento
3057 815 3245 871 Oblias
3281 814 3463 887 (quod
3516 832 3640 869 mu-

2045 922 2185 972 rum,
2216 906 2301 962 vel
2334 906 2614 962 castellum
2642 906 2989 977 interpretari
3020 907 3207 979 licet),
3234 908 3328 979 qui
3368 916 3421 964 et
3435 908 3626 979 justus

2045 1000 2350 1070 appellatus
2383 1007 2491 1065 est,
2522 1006 2578 1056 et
2604 997 2897 1055 Nazaraeus
2931 998 3064 1066 fuit,
3110 1000 3259 1071 quod
3304 1000 3634 1056 vocabulum

2046 1084 2292 1147 sanctum
2354 1091 2648 1164 signiﬁcat.
2682 1091 2829 1149 idem
2873 1093 2966 1149 ille
3005 1093 3218 1165 primus
3266 1094 3637 1166 episcopalem

2043 1179 2364 1236 cathedram
2390 1182 2556 1253 cepit,
2588 1198 2713 1238 cum
2747 1183 2799 1239 ei
2825 1193 2954 1239 ante
2982 1192 3215 1242 caeteros
3242 1200 3438 1243 omnes
3469 1201 3635 1241 suum

2043 1269 2099 1325 iu
2132 1270 2298 1328 terris
2326 1272 2584 1327 thronum
2615 1272 2884 1330 Dominus
2905 1273 3245 1332 tradidisset.
3272 1274 3379 1343 Qui
3408 1277 3634 1347 quidem

2041 1359 2258 1417 Domini
2288 1362 2460 1419 frater
2479 1370 2566 1420 est
2586 1363 2749 1435 vulgo
2770 1365 3109 1422 nominatus.
3135 1365 3345 1434 Quibus
3372 1367 3636 1423 omnibus

2041 1454 2372 1524 astipulatur
2405 1453 2702 1526 Apostolus
2735 1456 2823 1513 his
2864 1457 3090 1514 verbis:
3123 1458 3304 1513 Alium
3347 1470 3524 1539 autem
3567 1474 3634 1514 ea:

2024 1536 2297 1616 apostolis
2340 1545 2447 1601 vidi
2493 1548 2776 1613 neminem,
2814 1550 2919 1604 nisi
2949 1546 3213 1604 Iacobum
3257 1536 3482 1620 fratrem
3515 1551 3632 1605 Do-

2039 1638 2237 1703 mini’,
2273 1645 2382 1694 etc.
2416 1637 2618 1694 Verum
2652 1638 2870 1695 Domini
2914 1641 3007 1697 ille
3050 1640 3220 1698 frater
3269 1642 3342 1698 ob
3382 1657 3634 1697 commu-

2038 1745 2163 1785 nem
2193 1730 2600 1796 educationem,
2642 1747 2754 1787 non
2783 1741 2999 1799 natura,
3031 1737 3127 1790 sed
3170 1736 3346 1808 gratia
3375 1745 3628 1791 vocatur.

2037 1821 2174 1875 Nam
2218 1820 2388 1877 Maria
2420 1838 2546 1878 cum
2579 1821 2820 1896 Josepho
2860 1825 3182 1897 conjuncta,
3215 1828 3315 1883 viri
3342 1844 3480 1883 uxor
3507 1843 3632 1884 esse

2042 1912 2350 1982 videbatur,
2386 1931 2512 1970 cum
2544 1917 2756 1972 nullum
2790 1917 2933 1973 inter
2962 1920 3112 1989 ipsos
3153 1934 3446 1990 corporum
3477 1935 3631 1974 com-

2037 2007 2303 2061 mercium
2354 2007 2664 2063 interesset.
2715 2006 2794 2062 Ex
2839 2024 2949 2079 quo
2990 2010 3083 2064 illa
3124 2007 3344 2081 Iosephi
3390 2011 3629 2066 filiorum

2036 2111 2160 2152 cum
2195 2096 2482 2155 Salvatore
2513 2099 2943 2171 propinquitatis
2972 2101 3205 2157 allinitas
3227 2111 3311 2158 est
3333 2111 3483 2168 nata,
3507 2117 3631 2174 qua)

2036 2186 2336 2245 fraternam
2392 2190 2815 2261 appellationem
2857 2190 3149 2260 obtineret,
3196 2193 3282 2248 vel
3330 2209 3395 2248 ea
3434 2195 3630 2264 potius

2033 2281 2447 2337 necessitudine
2492 2291 2836 2338 censeretur.
2872 2280 2943 2338 Ut
2971 2282 3117 2338 enim
3137 2268 3434 2354 °Josephus
3484 2284 3629 2355 ipse,

2036 2374 2167 2428 licet
2195 2374 2332 2428 nihil
2356 2373 2583 2430 haberet
2605 2390 2730 2429 cum
2754 2371 3056 2430 Salvatorls
3077 2373 3381 2430 secundum
3404 2389 3629 2432 carnem

2037 2468 2252 2539 origine
2274 2482 2591 2533 commune,
2622 2475 2777 2523 certa
2812 2478 2995 2525 tamen
3029 2468 3388 2540 providentiae
3411 2471 3628 2527 ratione

2034 2560 2156 2616 loco
2190 2560 2363 2631 patris
2389 2568 2475 2615 est
2499 2560 2741 2627 habitus,
2769 2560 3231 2632 quemadmodum
3260 2560 3440 2619 Lucas
3462 2578 3631 2619 evan-

2032 2653 2227 2724 gelista
2249 2652 2318 2708 de
2343 2653 2626 2709 Salvatore
2657 2653 2776 2724 ipso
2807 2661 3042 2709 testatur
3068 2671 3081 2707 :
3112 2651 3216 2719 Qui
3243 2664 3382 2720 erat,
3410 2654 3625 2726 inquit,

2031 2744 2213 2813 ﬁlius,
2249 2754 2308 2798 ut
2348 2743 2683 2808 credebatur,
2718 2742 2917 2814 Ioseph
2949 2745 2991 2801 ³.
3045 2744 3152 2800 Sed
3195 2754 3250 2802 et
3293 2745 3466 2801 Maria
3509 2747 3628 2816 ipsa

2033 2837 2187 2891 illum
2221 2837 2507 2907 alloquens
2550 2836 2606 2891 in
2651 2836 2945 2908 Evangelio
2993 2835 3156 2892 Luca:
3197 2837 3339 2893 idem
3385 2840 3625 2894 asserit:

2031 2921 2167 2978 Ecce
2210 2940 2303 2995 ego
2338 2933 2389 2978 et
2431 2932 2582 2994 pater
2627 2933 2748 2980 tuus
2808 2924 3043 2980 dolentes
3084 2926 3452 2996 quaerebamus
3501 2940 3548 2984 te
3578 2929 3624 2983 ⁸.

2031 3012 2168 3080 Quis
2198 3014 2366 3085 igitur
2390 3011 2690 3085 Josephum
2717 3014 2932 3070 Domini
2959 3023 3165 3085 patrem
3192 3017 3389 3073 audeat
3410 3019 3624 3087 dicere,

2029 3119 2266 3173 quocum
2297 3105 2505 3159 nullam
2565 3107 2822 3177 principii
2870 3114 2965 3162 aut
3006 3122 3188 3164 causas
3218 3110 3486 3166 rationem
3520 3112 3621 3167 ha-

339 3191 484 3266 εἷχεν
512 3195 704 3260 αἴτιον,
741 3195 977 3266 μάλιστα
1001 3195 1103 3268 τῆς
1134 3196 1402 3269 ὲνσάρκου
1432 3199 1736 3270 παρουσίας
1770 3199 1927 3265 ἐκτὸς

2031 3192 2214 3259 bebat,
2258 3210 2383 3248 cum
2426 3195 2736 3251 incarnatio
2765 3198 2882 3267 ipsa
2928 3198 3050 3253 sine
3090 3198 3235 3253 virili
3268 3201 3478 3256 semine
3507 3218 3626 3273 per-

341 3286 660 3359 σπέρματος
685 3288 874 3360 ἀνδρὸς
904 3289 1288 3362 ὑπαρχούσης;
1336 3289 1495 3343 Ἀλλά
1534 3290 1623 3345 διὰ
1652 3292 1753 3364 τῆς
1778 3295 1927 3347 οἰκο-

2031 3283 2173 3339 fecta
2228 3283 2726 3356 administrataque
2782 3285 2987 3339 fuerit?
3040 3284 3182 3353 Sed,
3227 3285 3441 3359 1040
3474 3289 3623 3359 quod

335 3380 534 3452 νομίας
559 3377 748 3433 τοῦτον
779 3379 971 3451 εἴληφε
996 3380 1087 3434 τὸν
1118 3380 1319 3453 κλῆρον
1359 3382 1427 3436 τὰ
1460 3383 1783 3455 πράγματα.

340 3610 343 3611 ,
409 3560 492 3618 H'.
544 3563 587 3615 Τ
593 3563 731 3617 ίκτει
784 3562 886 3634 μὲν
929 3561 1119 3617 τοῦτον
1167 3562 1260 3617 τὸν
1301 3561 1557 3617 Ἰάκωϐον
1608 3562 1776 3633 ἐγγύς
1821 3582 1924 3620 που

335 3655 468 3729 περὶ
530 3655 624 3726 ἐτη
676 3653 918 3725 γεγονὼς
974 3654 1386 3727 τεσσαράκοντα
1440 3656 1610 3710 πλείω
1675 3657 1921 3712 ἐλάσσω·

338 3751 458 3821 μετ’
497 3749 658 3804 αὐτὸν
689 3750 745 3803 δὲ
777 3748 986 3818 γίνεται
1018 3751 1147 3811 παῖς
1189 3747 1344 3819 Ἰωσῆ
1393 3747 1724 3819 καλούμενος
1743 3766 1757 3781 ο
1804 3746 1924 3804 εἶτα

339 3843 459 3912 μετ’
492 3840 655 3895 αὐτὸν
700 3839 963 3910 Συμεώνο
1010 3838 1201 3892 ἔπειτα
1229 3837 1432 3902 Ἰούδας
1452 3855 1466 3869 ’
1504 3838 1599 3891 καὶ
1635 3838 1728 3892 δύο
1761 3838 1926 3909 θυγα-

334 3932 514 4004 τέρες,
542 3933 574 4002 ἠ
619 3932 809 4002 Μαρία
844 3930 938 3983 καὶ
974 3932 1007 4002 ἡ
1058 3928 1294 4000 Σαλώμη
1323 3927 1656 4000 καλουμένη.
1693 3929 1804 3983 Kal
1834 3929 1922 3982 τέ-

333 4024 534 4096 θνηκεν
567 4022 734 4077 αὑτοῦ
769 4026 803 4094 ἡ
844 4025 1015 4095 γυνή⁸
1040 4022 1134 4075 καὶ
1169 4020 1307 4092 μετά
1339 4019 1433 4092 ἔτη
1458 4019 1628 4073 πολλά
1657 4020 1924 4095 λαμϐάνει

334 4117 433 4188 τὴν
464 4115 683 4187 Μαρίαν
714 4115 902 4186 χῆρος,
933 4112 1189 4182 κατάγων
1221 4111 1438 4184 ἡλικίαν
1472 4111 1599 4182 περί
1637 4129 1739 4165 που
1768 4112 1923 4181 ὀγδο..

334 4207 540 4277 ἥκοντα
573 4204 710 4259 έτῶν
761 4205 856 4258 καὶ
902 4204 1090 4275 πρόσω
1134 4203 1162 4256 ὁ
1209 4202 1372 4273 ἀνήρ.
1428 4200 1538 4253 Καὶ
1572 4200 1711 4271 μετά
1750 4198 1923 4254 ταῦτα

333 4300 602 4371 λαμϐάνει
655 4298 752 4371 τὴν
806 4297 1047 4367 Μαρίαν,
1092 4294 1168 4358 ὡς
1220 4296 1316 4347 καὶ
1365 4296 1424 4346 ἐν
1474 4292 1556 4365 τῷ
1604 4293 1922 4365 Εὐαγγελίῳ

333 4393 485 4465 λέγει
510 4409 522 4424 ·
576 4390 1079 4459 Μνηστευθείσης
1113 4390 1258 4459 γὰρ,
1308 4386 1477 4456 φησὶ,
1529 4384 1641 4454 τῆς
1670 4385 1918 4455 Μαρίας.

337 4488 450 4540 Καὶ
482 4485 583 4538 οὐκ
616 4481 758 4547 εἷπε,
791 4482 1161 4553 Γαμηθείσης.
1197 4478 1308 4532 Kal
1355 4477 1515 4531 πάλιν
1545 4477 1752 4532 ἄλλοτεο
1792 4481 1918 4532 Οὐκ

2027 3375 2384 3447 providentiae
2436 3377 2579 3431 ratio
2628 3376 2977 3447 postulabat,
3028 3393 3093 3433 ea
3146 3381 3312 3434 rebus
3362 3386 3448 3435 est
3498 3394 3624 3435 sors

2026 3478 2192 3539 atque
2220 3468 2467 3524 conditio
2490 3469 2720 3524 tributa.
2918 3464 2919 3467 “

2097 3559 2238 3616 Vill.
2279 3560 2467 3617 Redeo
2505 3561 2575 3615 ad
2613 3559 2880 3617 Jacobum
2926 3560 3101 3624 illum,
3143 3577 3305 3632 quem
3348 3559 3624 3633 Iosephus

2025 3668 2200 3708 annos
2246 3654 2370 3723 plus
2402 3654 2585 3708 minus
2617 3660 2779 3708 natus
2812 3668 2880 3707 XL
2908 3653 3114 3724 genuit.
3150 3656 3281 3708 Post
3312 3654 3458 3709 hunc
3481 3656 3622 3712 alius

2024 3744 2076 3799 ei
2124 3744 2270 3799 filius
2308 3744 2575 3809 nascitur,
2622 3743 2712 3797 cui
2752 3740 2883 3798 Jose
2932 3757 3131 3798 nomen
3178 3742 3298 3797 fuit.
3336 3741 3468 3799 lude
3514 3742 3621 3817 Sy-

2025 3851 2185 3892 meon
2217 3851 2281 3890 ac
2308 3834 2512 3899 Judas;
2556 3835 2677 3890 filize
2708 3851 2836 3891 vero
2886 3837 3040 3903 duae,
3074 3835 3245 3890 Maria
3281 3842 3335 3890 et
3377 3833 3617 3893 Salome.

2026 3928 2168 3984 Tum
2199 3937 2415 3983 mortua
2447 3944 2638 3993 uxore,
2680 3930 2870 3985 multis
2900 3937 3025 4000 post
3058 3931 3219 3983 annis
3253 3928 3452 3984 viduus
3494 3930 3619 3984 Ma-

2026 4021 2163 4075 riam
2210 4019 2389 4082 duxit,
2437 4035 2564 4075 cum
2613 4021 3005 4091 octogesimum
3050 4030 3214 4089 atque
3259 4034 3325 4074 eo
3380 4023 3618 4091 amplius

2026 4107 2235 4167 annum
2269 4112 2564 4183 attigisset.
2603 4112 2852 4178 Mariam,
2887 4113 3131 4182 inquam,
3164 4111 3217 4165 id
3251 4114 3432 4167 aetatis
3466 4127 3620 4168 acce-

2024 4205 2125 4275 pit,
2155 4212 2212 4258 ut
2248 4204 2599 4276 Ev'angelium
2630 4214 2823 4258 narrat
2853 4224 2866 4259 :
2910 4203 3043 4258 Cum
3081 4213 3236 4268 esset,
3262 4205 3460 4275 inquit,
3508 4206 3607 4259 de-

2026 4305 2281 4364 sponsala
2315 4296 2497 4351 Maria
2516 4299 2558 4351 ⁵.
2596 4294 2715 4350 Nan
2766 4297 2918 4363 dicit,
2962 4312 3085 4355 cum
3131 4296 3431 4365 nupsisset.
3481 4297 3613 4350 IIem

1981 4386 2135 4442 'alio
2172 4390 2294 4443 loco
2326 4408 2339 4443 :
2372 4391 2490 4443 Non
2539 4390 2778 4460 cognovit
2824 4388 3047 4445 illam“.
3103 4386 3260 4442 Subit
3313 4402 3444 4441 vero
3490 4389 3615 4441 illos

2023 4476 2217 4536 omnes
2262 4481 2552 4546 admirari,
2589 4482 2682 4552 qui
2727 4495 2925 4551 pravas
2965 4480 3232 4550 quasdam
3286 4480 3612 4546 occasioni-8

335 4580 467 4651 ᾔδει
497 4577 710 4644 αὐτήν.
756 4576 1047 4647 Θαυμάσαι
1082 4574 1141 4627 δὲ
1197 4573 1342 4627 ἐστιν
1386 4573 1480 4626 ἐπὶ
1527 4574 1713 4635 πᾶσιν,
1742 4568 1824 4636 οἷς
1866 4574 1921 4626 αἱ

2031 4589 2093 4629 ac
2124 4574 2336 4645 species
2362 4582 2666 4644 captantes.
2697 4588 2886 4627 eorum
2910 4589 3031 4643 qua:
3054 4573 3188 4627 nihil
3220 4572 3360 4627 scire
3385 4574 3607 4635 attinet,

336 4672 636 4744 προφάσεις
674 4668 951 4741 θηρῶνται
997 4668 1052 4722 αἱ
1104 4668 1338 4739 πονηραὶ
1369 4669 1409 4733 ί,
1442 4669 1535 4721 καὶ
1571 4662 1646 4722 ὧν
1672 4671 1772 4723 οὐκ
1801 4668 1918 4721 ἐστι

334 4765 494 4837 χρεία
520 4763 745 4836 ἐρευνᾷν
786 4761 885 4825 τὰς
921 4760 1120 4825 αἰτίας,
1150 4761 1245 4814 καὶ
1270 4758 1453 4832 ζητεῖν
1490 4762 1559 4815 τὰ
1604 4762 1680 4835 μὴ
1725 4760 1917 4832 ζητού-

334 4875 497 4928 μενα,
527 4855 634 4909 ἀπὸ
667 4855 723 4908 δὲ
751 4852 859 4907 τῶν
907 4852 1219 4921 ἀναγκαίων
1256 4853 1550 4924 τρέπεσθαι
1596 4855 1689 4907 ἐπὶ
1724 4853 1916 4925 μωρὰς

332 4948 612 5020 ζητήσεις,
661 4945 746 4997 ἵνα
791 4943 1010 5006 πάντως
1060 4960 1163 4996 που
1198 4943 1262 4996 ὲκ
1295 4930 1634 5015 πανταχόθεν
1668 4944 1912 5017 συναφθῇ

328 5039 465 5107 ἡμῖν
496 5034 717 5109 ὄλεθρος
743 5032 1000 5095 ἀπιστίας
1033 5032 1128 5085 καὶ
1157 5031 1505 5105 βλασφημίας
1532 5032 1621 5086 διὰ
1648 5033 1748 5098 τάς
1779 5034 1916 5106 πρὸς

329 5131 458 5192 τοὺς
504 5128 694 5197 ἁγίους
730 5123 971 5195 ἀτιμίας.
1020 5124 1131 5177 Καὶ
1175 5123 1389 5196 πρῶτον
1432 5124 1531 5196 μὲν
1575 5120 1668 5179 οὖν
1702 5125 1915 5197 ἐλέγχει

329 5221 529 5284 αὐτοὺς
588 5215 925 5289 πανταχόθεν
971 5217 1005 5286 ή
1051 5214 1361 5281 ἀκολουθία,
1409 5216 1490 5269 ὃτι
1546 5215 1764 5286 πρῶτον
1816 5216 1914 5287 μὲν

329 5312 510 5384 γέρων
568 5310 711 5382 ὑπὲρ
779 5307 1108 5378 ὀγδοήκοντα
1158 5307 1253 5379 ἔτη
1318 5304 1559 5376 γεγονὼς
1606 5306 1706 5360 οὐκ
1752 5304 1913 5359 ἔλαϐε

2024 4681 2225 4721 causas
2266 4665 2628 4736 investigarit,
2676 4679 2740 4719 ac
2789 4680 2912 4734 qua:
2946 4664 3170 4718 minime
3214 4667 3611 4734 perscrutanda

2028 4764 2160 4812 sunt
2204 4757 2527 4827 inquirunt,
2563 4766 2618 4811 et
2658 4770 2689 4808 a
2732 4755 3063 4811 necessariis
3106 4754 3271 4810 rebus
3311 4750 3379 4809 ad
3413 4756 3612 4809 stultas

2033 4850 2368 4921 quaestiones
2398 4865 2519 4904 sese
2549 4855 2900 4912 convertunt,
2934 4858 2993 4902 ut
3028 4863 3095 4902 ex
3140 4862 3202 4901 ea
3239 4862 3360 4918 quae
3402 4850 3612 4904 sanctis

2025 4940 2350 5010 imponitur,
2399 4937 2720 5009 ignominia,
2773 4937 3109 4992 inﬁdelitatis
3154 4952 3220 4991 ex
3261 4936 3410 4990 omni
3455 4946 3611 5006 parte

2024 5032 2183 5086 nobis
2217 5044 2279 5084 ac
2312 5029 2662 5100 blasphemia:
2694 5028 2989 5097 perniciem
3021 5036 3184 5097 atque
3219 5028 3450 5082 exitium
3508 5029 3611 5081 im~

2024 5130 2265 5193 portent.
2306 5121 2579 5188 Quocirca
2638 5122 2879 5192 primum
2931 5121 3055 5176 illos
3102 5122 3181 5175 rei
3228 5120 3397 5175 series
3448 5128 3609 5191 atque

2022 5214 2160 5270 ordo
2217 5215 2333 5285 ipse
2375 5215 2677 5281 convincit,
2737 5213 2883 5284 quod
2936 5213 3188 5284 inprimis
3235 5212 3397 5268 homo
3444 5229 3608 5269 senex

2022 5320 2190 5378 supra
2227 5321 2371 5360 Lux
2411 5321 2588 5362 annos
2617 5314 2782 5361 natus
2816 5306 3083 5377 virginem
3116 5304 3185 5359 ad
3223 5320 3383 5359 usum
3411 5321 3599 5377 corpo-

403 5471 421 5502 ι
460 5468 588 5525 Cor.
615 5469 667 5521 οἱ
695 5434 944 5537 πονηροίί
1017 5467 1039 5498 ⁹
1080 5463 1199 5520 Gal.
1230 5478 1271 5528 ι,
1304 5462 1391 5519 l9.
1469 5461 1491 5494 ³
1520 5460 1656 5517 Luc.
1687 5477 1770 5529 tu,
1797 5461 1890 5517 23.

2031 5461 2161 5519 Luc.
2192 5477 2256 5527 ll,
2287 5462 2380 5519 48.
2457 5464 2478 5496 ³
2512 5462 2705 5520 Matth.
2732 5479 2773 5529 ι,
2805 5462 2889 5519 l8.
2962 5464 2983 5497 ⁶
3012 5463 3145 5519 ibid.
3179 5462 3269 5518 26.

404 5626 517 5697 (99)
546 5628 787 5681 Ὡϐλίαν
807 5624 1288 5697 ἑρμηνευόμενον
1303 5618 1732 5697 τεῒχοςζμοιίυξ
1748 5635 1915 5697 quam

330 5691 670 5767 Regi-sippus
709 5691 851 5765 apud
873 5691 1210 5767 ‘Eusehliib.
1238 5707 1299 5767 ll,
1331 5707 1452 5761 cap.
1485 5691 1578 5755 23,
1620 5691 1767 5746 unde
1800 5691 1919 5767 haec

329 5761 620 5840 desumpta
654 5761 817 5834 sunt;
851 5767 945 5837 qui
989 5763 1208 5818 Ὦὸλίαν
1237 5763 1627 5833 interpretatur
1657 5761 1919 5834 περιοχὴν

2016 5621 2111 5674 τοῦ
2140 5620 2294 5695 λαοῦ,
2333 5625 2428 5676 καὶ
2467 5621 2838 5695 δικαιοσύνην.
2880 5619 2987 5678 Sed
3017 5630 3101 5679 est
3142 5620 3408 5678 chraice
3434 5597 3601 5689 ηὖξεν

2019 5708 2141 5759 arx,
2177 5694 2294 5749 sive
2322 5694 2545 5749 munitio
2586 5692 2707 5750 Dei.
