4134 6392
561 367 662 427 707

1967 372 2025 429 S.
2071 368 2412 426 EPIPHANH

3723 377 3836 435 708

558 491 674 547 lare
707 492 951 559 auderet,
986 501 1039 549 et
1066 509 1174 549 non
1207 504 1432 565 rogatus
1461 495 1694 552 subinde
1722 496 1964 568 Virginis
1993 511 2143 549 voea-

2253 495 2516 548 ὲπιοέτων
2565 491 2846 566 ὀνομάτων
2892 493 2984 549 καὶ
3033 494 3131 566 τῆς
3183 493 3386 568 ἀρετῆς
3439 495 3721 566 ὑποφαίνει
3775 498 3836 551 τὰ

559 583 749 638 bulum
779 585 1077 657 adjiceret?
1107 585 1243 641 Nam
1281 590 1337 642 in
1372 588 1649 658 adjunctis
1690 588 2001 644 istiusmodi
2053 604 2143 643 vo-

559 675 716 730 cibus
748 675 968 731 virtutis
1004 677 1206 732 indicia
1235 678 1536 734 collucent.
1582 678 1796 750 Quippe
1827 679 1997 749 justis
2031 695 2147 734 om-

558 763 744 827 nibus,
787 780 887 834 pro
917 780 983 820 eo
1009 781 1074 821 ac
1103 767 1351 838 singulos
1377 767 1629 833 decebat,
1663 783 1762 822 sua
1789 770 1988 838 cuique
2017 776 2145 822 sunt

557 855 837 926 dignitatis
889 859 1153 914 attributa
1207 859 1453 915 nomina.
1489 859 1565 914 Ita
1608 860 1922 916 Abrahamo
1983 861 2145 916 amici

556 943 650 999 Dei
695 947 891 1002 titulus
936 951 1386 1006 accommodatus
1423 960 1504 1006 est
1531 953 1568 1020 ί,
1605 968 1782 1040 neque
1820 956 1867 1006 is
1902 969 2142 1024 unquam

555 1035 872 1092 intercidet.
905 1037 1077 1096 Jacob
1101 1055 1230 1096 vero
1259 1035 1480 1094 Israelis
1503 1043 1522 1073 '
1553 1035 1857 1114 cognomen
1889 1044 2009 1100 sine
2034 1045 2143 1098 ulla

553 1128 861 1184 mutatione
894 1146 1242 1187 concessum.
1274 1132 1520 1201 Apzistoli
1557 1149 1776 1205 quoque
1819 1133 2140 1209 Boauerges,

555 1214 660 1269 hoc
688 1224 792 1283 est,
827 1219 1051 1273 tonitrut'
1073 1217 1178 1289 ﬁlii
1208 1219 1246 1286 ⁸,
1275 1223 1542 1278 nominati
1576 1233 1726 1288 sunt,
1756 1240 1859 1280 nec
1888 1225 1996 1279 ulla
2019 1225 2141 1279 dies

554 1322 755 1362 nomen
817 1309 963 1365 istud
1011 1311 1346 1368 obliterabit.
1397 1312 1490 1369 Sic
1536 1325 1728 1371 sancta
1761 1315 1933 1372 Maria
1979 1315 2146 1391 Virgo

553 1410 938 1469 nuncupatur,
981 1418 1082 1456 nec
1131 1405 1428 1474 appellatio
1479 1406 1584 1462 ista
1637 1409 1936 1479 aliquando
1991 1424 2146 1464 com-

552 1490 877 1547 mutabitur.
907 1490 1033 1547 Haac
1061 1495 1207 1549 enim
1235 1507 1499 1566 perpetuo
1532 1499 1849 1571 incorrupta
1886 1517 2144 1571 perman-

553 1582 647 1640 sit.
682 1583 794 1639 Cur
831 1585 998 1656 igitur
1034 1604 1130 1643 vos
1162 1600 1360 1644 natura
1411 1591 1530 1662 ipsa
1567 1608 1675 1646 non
1717 1593 1922 1649 docet?
1956 1593 2002 1649 Ο
2055 1595 2144 1649 in-

553 1675 799 1732 auditam
866 1678 1178 1734 insaniam!
1246 1698 1278 1736 ο
1335 1692 1725 1752 praeposteram
1803 1687 2138 1742 novitatem!

554 1767 723 1823 Multa
755 1779 885 1825 sunt
926 1780 1212 1841 pra’terea,
1249 1791 1371 1844 qua:
1408 1776 1606 1845 priscis
1649 1779 1988 1848 temporibus
2024 1797 2142 1834 ma-

2247 588 2546 658 τεκμήρια.
2583 587 2898 658 Ἀξιώματα
2932 588 3030 657 μὲν
3066 587 3176 658 γὰρ
3208 587 3514 658 ὀνομασιῶν
3551 588 3838 660 εἰλήφασιν

2245 680 2296 732 οἱ
2337 679 2534 732 δίκαιοι
2568 679 2783 748 ἑκάστῳ
2816 679 3156 750 πρεπόντως,
3193 679 3288 732 καὶ
3329 679 3405 744 ὼς
3446 678 3678 751 ἥρμοζε.
3723 681 3837 735 Καὶ

2246 768 2325 840 τῷ
2366 771 2465 840 μὲν
2505 770 2758 842 Ἀϐραὰμ
2797 769 3100 842 προσετέθη
3131 769 3214 833 τὸ,
3243 772 3421 839 φίλος
3447 771 3617 837 Θεοῦ,
3649 771 3745 825 καὶ
3773 773 3837 825 οὐ

2246 862 2658 933 διαλυθήσεται·
2691 864 2769 935 τῷ
2795 862 2852 917 δὲ
2903 863 3118 932 Ἰακὼϐ,
3152 865 3212 917 τὸ
3248 864 3496 934 Ἰσραὴλ
3531 865 3835 930 καλεῖσθαι,

2247 955 2341 1007 καὶ
2391 955 2491 1007 οὐκ
2533 953 2994 1026 ἀλλοιωθήσεται·
3055 957 3149 1008 καὶ
3201 958 3316 1020 τοῖς
3374 956 3717 1021 ἀποστόλοις,
3773 957 3838 1010 τὸ

2241 1047 2592 1117 βοανεργὲς,
2628 1050 2927 1114 τουτέστιν,
2969 1049 3086 1103 υἱοὶ
3112 1049 3402 1118 βροντῆς,
3434 1051 3526 1102 καὶ
3567 1051 3668 1103 οὐκ
3700 1053 3833 1104 ἀποο

2247 1141 2780 1213 καταλειφθήσεται·
2813 1142 2908 1196 καὶ
2935 1140 3000 1214 τῇ
3031 1143 3161 1214 ἁγίᾳ
3182 1143 3369 1214 Μαρίᾳ
3400 1142 3480 1206 τὸ,
3511 1142 3836 1211 Παρθένος,

2246 1234 2343 1286 καὶ
2368 1234 2428 1286 οὐ
2459 1235 2824 1304 τραπήσεται.
2872 1233 3174 1304 Ἀχραντος
3193 1234 3300 1307 γὰρ
3331 1233 3598 1304 διέμεινεν
3624 1237 3657 1305 ή
3681 1235 3834 1302 άγία.

2245 1327 2394 1397 Αὐτὴ
2425 1327 2458 1398 ή
2505 1326 2665 1396 φύσις
2694 1326 2755 1380 οὐ
2798 1323 3039 1380 διδάσκει
3071 1327 3248 1397 ὐμᾶς;
3278 1328 3342 1380 Ὢ
3371 1327 3564 1398 καινῆς
3599 1326 3831 1398 μανίαςί

2246 1417 2292 1471 ὣ
2340 1419 2544 1474 καινῶν
2577 1419 2957 1490 πραγμάτωνί
2990 1418 3170 1474 Πολλὰ
3205 1418 3263 1472 δέ
3290 1421 3436 1472 ἐστιν
3485 1420 3668 1490 ἕτερα,
3699 1418 3748 1473 ἀ·
3775 1419 3836 1472 ὲν

2245 1513 2358 1574 τοῖς
2406 1511 2657 1576 παλαιοῖς
2706 1513 2916 1584 χρόνοις
2961 1512 3061 1566 οὐκ
3101 1512 3374 1585 ἐτολμήθη
3419 1514 3532 1576 τοῖς
3573 1513 3831 1584 πατράσι.

2245 1603 2358 1656 Νῦν
2384 1603 2440 1656 δὲ
2471 1603 2627 1666 ἄλλος
2664 1604 2763 1674 μὲν
2797 1603 3111 1677 βλασφημεῖ
3147 1608 3228 1669 είς
3260 1607 3359 1678 τὴν
3396 1605 3660 1678 ένσαρκον
3695 1606 3836 1676 Χριο

2248 1695 2374 1749 στοῦ
2407 1695 2740 1768 παρουσίαν,
2764 1697 2927 1768 ἕτερα
2953 1697 3127 1750 λαλῶν
3149 1700 3230 1760 είς
3253 1697 3420 1767 αὐτὴν
3452 1697 3550 1768 τὴν
3573 1695 3833 1766 θεότητα⁶

2246 1786 2406 1850 ἄλλος
2450 1786 2507 1838 δὲ
2556 1787 2748 1858 ἐλλιπῆ
2784 1791 3019 1842 ποιεῖται
3068 1789 3126 1841 ὲν
3155 1787 3332 1859 ἑαυτῷ
3371 1788 3471 1858 τήν
3503 1787 3603 1854 τῆς
3653 1787 3838 1858 πάσης

547 1861 700 1932 jores
739 1865 913 1918 nostri
945 1880 1290 1936 nequaquam
1321 1869 1561 1938 aggressi
1608 1878 1756 1924 sunt.
1803 1869 1976 1927 Hodie
2017 1888 2143 1928 vero

2247 1879 2514 1950 ένσάρκου
2561 1881 2867 1950 παρουσίας
2905 1881 3324 1951 πραγματείαν
3357 1880 3544 1950 ἕτερος
3582 1879 3638 1932 δὲ
3675 1879 3733 1931 ὲν
3765 1881 3836 1948 τῇ

552 1956 696 2010 alius
729 1956 784 2009 in
805 1965 1148 2027 assumptam
1181 1974 1210 2011 a
1237 1958 1458 2013 Christo
1491 1971 1748 2015 naturam
1780 1965 2148 2020 contumelio-

554 2063 650 2102 sus
679 2059 784 2114 eSt,
820 2055 875 2101 et
895 2049 1156 2102 inusitata
1178 2049 1427 2119 quaedam
1455 2051 1522 2106 de
1549 2052 1836 2109 divinitate
1864 2055 1980 2125 ipsa
2006 2073 2149 2127 prae-

552 2137 726 2203 dicat;
781 2138 923 2194 alius
981 2139 1158 2208 ipsum
1209 2133 1342 2193 illud
1398 2141 1798 2198 incarnationis
1869 2149 2145 2216 negotium

550 2246 810 2285 mancum
855 2239 1019 2302 atque
1068 2231 1450 2302 imperfectum
1495 2237 1820 2303 constituit;
1867 2240 2010 2294 alius
2059 2257 2147 2296 re-

551 2323 897 2378 surrectione
948 2334 1289 2379 mortuorum
1337 2325 1666 2396 offenditur;
1718 2331 1858 2386 alius
1905 2331 2144 2402 denique

551 2416 699 2469 aliud
723 2417 827 2471 sibi
853 2417 918 2471 ad
950 2419 1380 2489 oppugnandum
1413 2421 1624 2490 arripit.
1675 2421 1719 2477 Ο
1760 2425 2139 2480 turbulentum

550 2520 801 2562 nostrum
826 2512 1086 2564 saeculum
1113 2551 1126 2574 ,
1167 2510 1224 2564 in
1253 2527 1362 2582 quo
1397 2512 1683 2567 hominum
1721 2517 1829 2569 vita
1862 2533 2136 2572 summum

551 2598 607 2652 in
641 2601 938 2655 discrimen
989 2601 1304 2665 adducitur,
1355 2617 1476 2671 qua:
1518 2605 1761 2676 undique
1807 2608 2066 2675 pessimis
2107 2623 2138 2661 a

550 2691 798 2748 daemone
843 2695 1155 2763 propagatis
1205 2695 1524 2765 opinionum
1568 2699 1849 2753 erroribus
1889 2715 1952 2753 ac
2011 2716 2138 2770 per-

551 2783 693 2837 ﬁdiae
740 2786 1066 2839 commentis
1121 2785 1404 2839 obruitur!
1457 2785 1708 2852 Quanam
1768 2805 1898 2845 vero
1959 2789 2141 2847 fronte

2246 1969 2540 2022 ἀναστάσει
2584 1969 2843 2039 ἀσχάλλει
2883 1969 2992 2022 τῶν
3032 1970 3279 2041 νεκρῶν·
3314 1970 3500 2040 ἕτερος
3545 1969 3600 2022 δὲ

2247 2061 2358 2113 Καὶ
2392 2059 2751 2125 ἁπαξαπλῶς,
2782 2061 2828 2114 ῶ
2872 2062 2971 2133 τῆς
3001 2061 3160 2132 ήμῶν
3194 2061 3567 2131 τεθολωμένης
3599 2062 3832 2129 γενεᾶςῑ

2244 2147 2314 2224 ἦς
2351 2155 2386 2224 ή
2421 2152 2536 2223 ζωὴ
2569 2155 2628 2205 ὲν
2669 2154 2900 2222 κινδύνῳ
2940 2154 3230 2217 διάκειται,
3272 2155 3336 2206 ὲκ
3363 2151 3696 2222 πανταχόθεν
3740 2169 3838 2204 πε-

2248 2243 2643 2316 ριαντλουμένη
2683 2247 2881 2307 κακαῖς
2913 2243 3018 2297 ὑπὸ
3049 2243 3295 2298 διαὸόλου
3343 2245 3670 2313 ὲπισποραῖς
3714 2243 3835 2297 δια-

2246 2336 2536 2406 νοημάτων
2577 2352 2636 2388 τε
2666 2339 2760 2390 καὶ
2801 2336 3079 2407 λογισμῶν
3122 2336 3505 2399 κακοπιστίας.
3546 2335 3670 2399 Πῶς
3711 2335 3837 2388 τολ-

2247 2426 2388 2496 μῶσι
2433 2427 2530 2499 τήν
2579 2429 2847 2500 ἄχραντον
2891 2431 3191 2502 Παρθένον,
3222 2429 3314 2482 καὶ
3365 2427 3463 2499 τὴν
3516 2429 3838 2498 οἰκητήριον

2246 2517 2676 2583 καταξιωθεῖσαν
2703 2519 2957 2588 γενέσθαι
2985 2520 3078 2574 τοῦ
3097 2520 3246 2587 Υίοῦ,
3266 2520 3364 2591 τὴν
3387 2523 3463 2584 είς
3491 2519 3654 2572 ταυτὸ
3676 2518 3840 2573 τοῦτο

2245 2609 2592 2680 ἐκλεχθεῖσαν
2625 2615 2690 2666 ὲκ
2719 2614 2828 2666 τῶν
2863 2613 3138 2684 μυριάδων
3190 2613 3427 2685 Ἰσραὴλ,
3465 2613 3612 2674 ὃπως
3642 2610 3838 2675 σκεῦος

2247 2702 2341 2754 καὶ
2367 2705 2682 2775 οἰκητήριον
2705 2704 3008 2776 ήξιωμένος
3052 2707 3132 2772 εἰς
3160 2709 3382 2776 σημεῖον
3426 2705 3585 2775 μόνον
3612 2703 3838 2776 ὑπάρξῃ

2247 2795 2486 2848 τοκετῶν
2509 2796 2565 2863 δς

549 2876 928 2946 incorruptam
987 2877 1132 2930 illam
1197 2869 1473 2948 Virginem
1529 2880 1948 2949 aggrediuntur,
1998 2899 2121 2953 qua:
2170 2882 2263 2938 Dei
2305 2884 2428 2940 Filii
2459 2887 2799 2942 domicilium
2857 2903 2982 2942 esse
3037 2888 3276 2952 meruit,
3345 2904 3553 2959 quate:
3624 2887 3838 2943 inﬁnito

549 2965 920 3022 lsraelitarum
946 2983 1174 3023 numero
1196 2969 1262 3024 ad
1289 2970 1341 3023 id
1367 2985 1535 3024 unum
1557 2978 1640 3025 est
1667 2973 1860 3038 electa,
1895 2983 1954 3028 ut
1977 2989 2072 3029 vas
2113 2975 2392 3046 quoddam
2446 2987 2500 3033 et
2543 2979 2807 3035 habitatio
2868 2980 2962 3034 uni
3020 2989 3168 3036 esset
3224 2979 3411 3035 divino
3470 2981 3652 3052 partui
3699 2996 3838 3037 con-

551 3070 766 3119 secrata
796 3066 818 3119 ?

628 3155 742 3214 ’νἹ-Ιε.
787 3157 902 3213 lloc
933 3161 1078 3215 enim
1121 3169 1273 3215 certo
1311 3176 1376 3215 ex
1412 3171 1638 3216 auctore
1687 3162 1942 3232 cognovi,
1999 3175 2139 3215 non-

2311 3161 2384 3215 Z'.
2427 3162 2678 3214 Ἵῐκουσα
2727 3161 2837 3234 γάρ
2889 3162 3041 3232 παρά
3089 3178 3254 3226 τινος,
3293 3160 3368 3225 ῶς
3402 3179 3548 3226 τινες
3592 3161 3840 3234 τολμῶσι

551 3253 735 3306 nullos
770 3252 824 3306 id
869 3253 938 3308 de
979 3255 1070 3306 illa
1121 3253 1388 3309 allirmare
1427 3271 1765 3310 ausos-esse
1800 3273 1812 3309 :
1853 3265 2142 3326 postquam

554 3346 892 3399 Salvatorem
927 3347 1168 3416 peperit,
1215 3363 1340 3400 cum
1389 3349 1507 3402 viro
1557 3346 2013 3402 consuetudinem
2047 3346 2145 3398 ha-

461 3431 472 3454 ¹
551 3438 764 3492 buisse.
803 3438 957 3503 Quod
990 3439 1245 3507 equidem
1278 3441 1460 3495 minus
1486 3439 1752 3494 admiror.
1783 3437 1919 3492 Nam
1947 3454 2138 3493 eorum

553 3531 794 3594 inscitia,
824 3531 915 3600 qni
943 3547 1118 3600 neque
1147 3547 1334 3586 sacras
1363 3531 1599 3587 Litteras
1632 3540 1892 3586 accurate
1919 3531 2141 3598 callent,

553 3638 732 3692 neque
765 3623 817 3676 in
852 3633 1096 3676 veterum
1139 3625 1494 3678 historiarum
1542 3625 1775 3679 lectione
1825 3625 1940 3677 triti
1989 3633 2141 3686 sunt,

555 3712 658 3766 hos
691 3712 838 3781 ipsos
865 3713 936 3767 ab
965 3715 1086 3767 aliis
1127 3713 1194 3767 ad
1238 3716 1342 3768 alia
1378 3715 1640 3771 transfert
1670 3726 1722 3770 et
1752 3715 1987 3786 abripit,
2017 3730 2142 3768 cum

555 3816 622 3855 ex
663 3801 880 3872 ingenio
918 3819 1019 3858 suo
1063 3819 1125 3858 ac
1167 3813 1347 3860 mente
1389 3807 1636 3861 veritatis
1672 3806 1898 3876 vestigia
1951 3821 2146 3860 conse-

555 3901 798 3945 ctantur.
840 3891 898 3947 In
931 3895 1122 3963 primis
1161 3895 1345 3966 itaque
1372 3913 1496 3950 cum
1523 3897 1680 3951 beata
1721 3896 1881 3966 Virgo
1908 3894 2146 3966 Josepho

554 3983 754 4037 tradita
788 3992 892 4049 est,
927 4003 1036 4054 quo
1078 3987 1224 4040 illam
1265 3988 1428 4042 sortis
1468 3988 1770 4042 necessitas
1813 3987 2142 4051 adduxerat,

555 4091 899 4146 nequaquam
951 4081 999 4132 ei
1056 4079 1125 4132 ad
1174 4081 1578 4149 copulationem
1627 4091 1712 4135 est
1753 4095 2045 4142 concessa,
2098 4079 2144 4135 si

556 4171 701 4240 quod
729 4187 816 4226 res
851 4178 934 4226 est
978 4187 1297 4226 asseverare
1343 4173 1617 4236 volumus,
1662 4188 1787 4227 cum
1823 4173 2011 4241 utique
2061 4171 2145 4224 vi-

557 4264 700 4318 duus
730 4271 896 4318 esset.
935 4262 1041 4317 Sed
1075 4269 1298 4333 propter
1329 4264 1498 4334 legem
1533 4273 1716 4320 tamen
1747 4264 1831 4317 vir
1863 4264 2012 4318 illius
2050 4278 2146 4332 ap-

555 4355 810 4424 pellatur.
843 4354 1016 4408 Porro
1055 4372 1120 4411 ex
1153 4355 1384 4410 Judaica
1427 4355 1644 4426 1039
1683 4355 1978 4409 traditione
2009 4369 2146 4408 con-

557 4455 854 4515 sequenter
886 4448 1030 4501 istud
1062 4448 1394 4512 ostenditur,
1428 4464 1563 4511 non,
1599 4454 1656 4500 ut
1685 4461 1810 4500 cum
1839 4445 1932 4498 illo
1974 4460 2145 4515 cepu-

2250 3255 2378 3324 περὶ
2427 3255 2632 3325 ταύτης
2680 3254 2879 3323 λέγειν,
2915 3255 2997 3306 δτι
3051 3254 3188 3324 μετά
3218 3253 3278 3307 τὸ
3323 3254 3710 3324 γεγεννηκέναι
3742 3255 3836 3308 τὸν

2249 3345 2478 3416 Σωτῆρα
2527 3345 2772 3416 συνήφθη
2807 3345 2980 3416 ἀνδρί.
3014 3347 3123 3398 Καὶ
3150 3345 3211 3397 οὐ
3246 3344 3534 3414 θαυμάζω.
3579 3345 3690 3397 Ἀεὶ
3727 3345 3841 3418 γὰρ

2248 3439 2281 3507 ή
2315 3436 2506 3504 ἄγνοια
2548 3435 2657 3487 τῶν
2693 3437 2766 3505 μὴ
2801 3436 2868 3488 τά
2905 3435 3110 3506 ἀκριϐῆ
3161 3436 3478 3502 ἐγνωκότων
3516 3435 3623 3488 τῶν
3677 3435 3839 3490 θείων

2247 3527 2500 3598 Γραφῶν,
2528 3525 2661 3596 μηδὲ
2689 3525 2950 3596 ἱστορίαις
2984 3525 3486 3596 προσεγγισάντων,
3515 3525 3608 3594 ἀφ’
3636 3525 3841 3595 ἐτέρων

2248 3623 2326 3683 εἰς
2367 3620 2529 3688 ’έτερα
2579 3619 2786 3689 τρέπει,
2821 3618 2914 3670 καὶ
2958 3619 3223 3689 περισπᾷ,
3255 3619 3346 3671 τὸν
3391 3618 3640 3672 ἀσπιδὶου
3671 3618 3692 3648 ⁸
3720 3619 3841 3683 νοὸς

2250 3711 2574 3783 βουλόμενόν
2609 3729 2661 3764 τι
2696 3712 2824 3782 περὶ
2853 3713 2952 3782 τῆς
2976 3711 3236 3782 ἀληθείας
3264 3711 3587 3782 ἰχνηλατεῖν.
3616 3711 3840 3782 Πρῶτον

2247 3804 2357 3874 γὰρ
2383 3804 2471 3856 ὅτε
2501 3804 2534 3874 ή
2569 3803 2843 3872 Παρθένος
2885 3803 3205 3874 παρεδίδοτο
3248 3803 3326 3872 τῷ
3369 3802 3589 3874 Ἰωσήφ,
3623 3802 3842 3874 κλήρων

2247 3898 2326 3959 είς
2368 3895 2529 3948 τοῦτο
2576 3896 3005 3963 ἀναγκασάντων
3049 3894 3221 3966 αὐτὴν
3250 3895 3428 3965 ήκειν,
3470 3895 3532 3947 οὺ
3564 3893 3841 3966 παρεδόθη

2249 3985 2397 4056 αὐτῷ
2435 3989 2514 4049 εἰς
2550 3986 2866 4055 συνάφειαν,
2899 3989 2948 4038 εἰ
2988 3985 3069 4037 δεῖ
3104 3985 3172 4038 τὰ
3203 3984 3379 4057 ἀληθῆ
3415 3985 3616 4054 λέγειν,
3652 3986 3842 4058 ἐπειδὴ

2249 4078 2418 4149 χῆρος
2442 4074 2529 4148 ἦν.
2567 4078 2728 4130 Ἀλλά
2754 4078 2844 4130 διὰ
2871 4077 2961 4130 τὸν
2988 4077 3151 4148 νόμον
3175 4079 3270 4148 μὲν
3292 4077 3431 4149 ἀνὴρ
3457 4077 3719 4147 κέκληται
3742 4077 3842 4147 τῆς

2247 4171 2417 4240 αὐτῆς
2437 4187 2451 4200 ο
2485 4169 2626 4223 κατά
2647 4169 2701 4222 δὲ
2736 4171 2834 4239 τὴν
2863 4169 3182 4222 ἀκολουθίαν
3209 4169 3272 4222 ὲκ
3300 4168 3401 4239 τῆς
3421 4168 3530 4221 τῶν
3571 4169 3842 4224 Ἰουδαίων

2248 4261 2596 4332 παραδόσεως
2629 4261 2924 4325 δείκνυται,
2965 4261 3039 4323 ὡς
3068 4262 3165 4331 οὐχ
3198 4262 3383 4314 ἕνεκεν
3414 4260 3508 4314 τοῦ
3545 4259 3844 4331 ζευχθῆναι

2248 4352 2399 4422 αὐτῷ
2438 4352 2756 4422 παρεδίδοτο
2789 4352 2938 4422 αὐτῷ
2977 4354 3009 4422 ή
3059 4352 3354 4423 Παρθένος,
3395 4353 3510 4405 ἀλλ’
3543 4355 3690 4416 ὃπως
3718 4353 3841 4406 δια-

2251 4442 2550 4512 φυλαχθείη
2586 4445 2664 4504 είς
2708 4444 3006 4514 μαρτύριον
3047 4443 3152 4496 τῶν
3193 4444 3486 4514 ἐσομένων,
3523 4444 3604 4497 ὄτι
3649 4444 3710 4497 οὐ
3749 4445 3844 4497 νό-

553 4540 785 4603 laretur,
839 4540 1112 4611 Virginem
1163 4540 1213 4594 ei
1270 4539 1442 4594 fuisse
1491 4539 1773 4604 traditam,
1829 4537 1925 4593 sed
1978 4547 2034 4591 ut
2080 4539 2143 4592 ad

2255 4534 2344 4598 θος
2384 4537 2416 4606 ή
2454 4535 2555 4605 τῆς
2586 4537 2852 4606 ἐνσάρκου
2908 4536 3209 4607 παρουσίας
3245 4538 3528 4609 οἰκονομία
3567 4538 3845 4610 ἐπεδήμη-

556 4630 866 4686 futurorum
911 4627 1285 4686 testimonium
1335 4641 1685 4696 servaretur,
1741 4631 2028 4700 palamque
2060 4629 2148 4684 ﬁe-

555 4733 661 4787 ret,
705 4733 1014 4795 susceptam
1047 4724 1288 4779 hominis
1317 4740 1348 4778 a
1380 4723 1488 4778 Deo
1519 4731 1772 4777 naturam
1822 4736 1930 4776 non
1985 4722 2145 4775 adul-

555 4819 788 4872 terinam
820 4834 884 4871 ac
925 4820 1172 4888 spuriam
1203 4817 1374 4873 fuisse
1395 4858 1408 4882 ,
1455 4817 1550 4873 sed
1580 4815 1910 4871 certissimis
1942 4814 2143 4869 sullra-

555 4911 810 4980 gantibns
837 4911 1167 4965 testimoniis
1215 4910 1334 4965 sine
1361 4910 1501 4964 virili
1530 4920 1672 4975 satu,
1706 4909 1946 4979 Spiritus
1969 4909 2144 4963 sancti

554 4998 607 5050 vi
657 5005 712 5051 et
751 4997 1038 5053 ellicicntia
1077 4999 1461 5054 constitutam.
1511 4998 1800 5064 Quomodo
1834 4999 1980 5052 enim
2029 5006 2144 5051 tam

555 5087 728 5145 effeta:
804 5106 971 5145 senex
1053 5093 1227 5146 aetatis
1304 5091 1573 5160 virginem
1646 5091 1847 5145 habere
1915 5105 2140 5145 uxorem

556 5181 753 5250 potuit,
811 5183 903 5252 qui
959 5190 1041 5237 tot
1089 5183 1252 5239 anuis
1296 5194 1457 5237 antea
1510 5184 1681 5252 priori
1729 5183 1963 5253 conjuge
1995 5190 2143 5238 esset

556 5275 829 5330 orbatus?
867 5276 1149 5346 Siquidem
1179 5277 1266 5330 hic
1301 5277 1418 5346 ipse
1439 5273 1713 5346 Joseplius
1751 5274 2007 5344 Cleophae
2039 5273 2144 5327 fra-

2255 4646 2365 4691 σεν,
2425 4629 2562 4682 ἀλλά
2616 4631 3088 4702 μεμαρτυρημὲνη
3137 4635 3192 4684 έν
3237 4631 3490 4704 ἀληθείᾳ,
3536 4632 3692 4695 ἐκτὸς
3742 4633 3844 4703 μὲν

2254 4720 2565 4791 σπέρματος
2603 4721 2815 4791 ἀνδρὸς,
2849 4723 2906 4772 έν
2943 4722 3219 4792 Πνεύματι
3253 4723 3392 4794 ἁγίῳ
3425 4723 3846 4795 οίκονομηθεῖσα

2253 4815 2310 4866 ὲν
2355 4813 2602 4884 ἀληθείᾳ.
2665 4813 2787 4876 Πῶς
2827 4814 2934 4886 γὰρ
2989 4814 3223 4884 ἠδύνατο
3275 4818 3303 4868 ὁ
3356 4815 3610 4880 τοσοῦτος
3659 4816 3844 4888 γέρων

2254 4906 2521 4978 παρθένον
2563 4905 2705 4972 ’έξειν
2762 4911 3017 4974 γυναῖκα,
3053 4907 3126 4960 ῶν
3179 4909 3287 4962 ἀπὸ
3322 4908 3546 4982 πρώτης
3581 4909 3843 4978 γυναικὸς

2252 4998 2418 5070 χῆρος
2445 4999 2683 5052 τοσαῦτα
2714 4999 2846 5069 έτη;
2878 4996 3046 5064 Οὗτος
3099 5001 3196 5072 μὲν
3229 5001 3338 5072 γὰρ
3387 5004 3416 5055 ό
3484 5003 3681 5072 Ἰωσήφ
3729 5003 3843 5070 (98)

2251 5092 2478 5160 ἀδελφὸς
2504 5093 2713 5160 γίνεται
2745 5093 2838 5146 τοῦ
2874 5094 3102 5159 Κλωπᾶ,
3142 5089 3210 5166 ἦν
3250 5096 3306 5150 δὲ
3344 5096 3460 5159 υἱὸς
3489 5094 3582 5148 τοῦ
3619 5093 3842 5155 Ἰακὼϐ,

2252 5182 2480 5254 ἐπίκλην
2521 5184 2576 5236 δὲ
2624 5185 2849 5257 Πάνθηρ
2904 5175 3262 5258 καλουμένου.
3323 5189 3649 5259 Ἀμφότεροι
3692 5179 3845 5239 οὗτοι

2250 5275 2358 5327 ἀπὸ
2381 5274 2474 5327 τοῦ
2506 5276 2788 5347 Πάνθηρος
2821 5278 3047 5348 ἐπίκλην
3095 5276 3410 5348 γεννῶνται.

557 5377 663 5433 ter,
693 5367 881 5424 Jacobi
912 5370 1055 5425 [ilius
1071 5377 1434 5440 cognomento
1463 5368 1774 5434 Pantheris,
1801 5366 2138 5430 luitzambo,
2180 5365 2426 5437 inquam,
2453 5367 2530 5422 illi
2561 5367 2835 5424 Panthere
2863 5381 3017 5441 patre
3051 5373 3165 5426 nati
3192 5381 3342 5427 sunt.

629 5527 791 5585 'Jac.
849 5547 912 5593 ιι,
953 5529 1042 5584 95.
1154 5530 1173 5560 ²
1214 5528 1349 5582 Gen.
1390 5542 1560 5590 mm,
1591 5526 1682 5580 ‘23.

559 5598 715 5654 ἰδίου.

631 5755 744 5824 (98)
773 5752 960 5822 Οὗτος
984 5758 1233 5827 μὲνγὰρ
1263 5761 1295 5811 ὁ
1329 5756 1570 5825 Ἰωσήφ.
1611 5757 1684 5810 De
1722 5755 1824 5810 hac
1853 5749 2142 5827 Epiphanii

559 5831 847 5897 sententia,
873 5839 925 5884 et
958 5846 1177 5899 quinam
1212 5830 1423 5884 liutnini
1457 5832 1652 5884 fratres
1687 5828 1764 5882 illi
1794 5829 2018 5894 fuerint,
2050 5844 2142 5882 co-

1781 5525 1802 5556 ³
1842 5523 2010 5581 Marc.
2043 5541 2102 5580 Ill
2129 5563 2143 5591 ,

2247 5526 2272 5580 ’.
2350 5526 2372 5557 ⁸
2405 5526 2466 5582 F.
2509 5529 2589 5591 είς
2649 5529 2792 5582 θεῖον
2827 5531 2986 5600 μόνον
3027 5532 3119 5583 ὑπ.
3175 5532 3416 5585 τοκετόν.
3494 5533 3516 5563 ⁸
3563 5530 3691 5586 Cor.
3735 5527 3842 5586 ἀπ’

2252 5755 2463 5825 piosam
2505 5753 2674 5810 habes
2704 5753 3132 5825 disputationem
3167 5755 3219 5807 in
3249 5755 3525 5823 Apparatu
3565 5752 3635 5807 ad
3660 5753 3839 5810 Anno-

2254 5822 2325 5882 t'es
2353 5824 2764 5894 ecclesiasticos,
2795 5822 2849 5880 ιι.
2881 5822 2994 5892 LX,
3031 5839 3095 5878 ac
3131 5822 3413 5896 deinceps.
