4134 6392
350 314 458 377 τοο

935 315 1305 376 ADVERSUS
1342 319 1686 379 HA‘ZRESES
1722 322 1850 378 LIB.
1892 321 1935 379 ll

2033 320 2187 380 ῙΟΜ.
2227 320 2297 376 ll.
2335 352 2408 365 —
2444 320 2723 378 ιιιειιεε.
2766 321 3059 379 LXXVIII.

3525 326 3633 384 7l0

425 430 590 503 Ἔσχε
621 428 677 483 δὲ
703 423 856 495 οὗτος
900 434 929 486 ὁ
968 434 1170 506 Ἰωσὴφ
1202 434 1302 507 τὴν
1354 434 1454 507 μὲν
1488 434 1712 511 πρώτην
1765 436 1933 492 αὑτοῦ

2106 436 2379 494 Caeterum
2399 436 2672 509 Josephus
2701 438 2934 510 primam
2954 454 2985 493 e
3009 438 3154 494 tribu
3175 436 3328 495 Judae
3346 434 3635 509 conjugem

349 522 586 590 γυναῖκα
636 522 700 575 ἐκ
756 524 857 594 τῆς
908 524 1084 597 φυλῆς
1151 526 1341 592 Ἰούδα,
1395 527 1491 583 καὶ
1543 531 1761 583 κυῖσκει
1794 528 1943 601 αύτῷ

348 611 488 684 αὕτη
516 612 712 678 παῖδας
742 612 837 667 τὸν
863 615 1096 687 ἀριθμὸν
1130 617 1211 685 ἓξ,
1240 619 1514 692 τέσσαρας
1546 620 1647 690 μὲν
1677 622 1939 693 ἄρρενας,

346 703 572 775 θηλείας
617 704 675 758 δὲ
711 704 840 758 δύοο
896 705 1150 781 καθάπερ
1190 711 1254 764 τὸ
1299 712 1635 782 Εύαγγέλιον
1687 713 1750 767 τὸ
1792 710 1953 784 κατα

346 798 577 869 Μάρκον
607 797 702 851 καὶ
740 798 883 852 κατὰ
941 800 1195 873 Ἰωάννην
1228 804 1589 877 ἐσαφήνισαν.
1623 806 1790 877 Ἔσχε
1840 806 1941 878 μὲν

345 886 443 945 οὖν
513 889 860 962 πρωτότοκον
931 892 1023 946 τὸν
1100 894 1358 950 Ἰάκωϐον
1426 896 1520 951 τὸν
1577 898 1941 972 ἐπικληθέντα

359 982 620 1046 Ὡϐλίαν,
675 982 1113 1055 ἑρμηνευόμενον
1150 980 1349 1057 τεῖχος
1390 986 1527 1059 (99),
1582 989 1677 1043 καὶ
1733 990 1940 1045 δίκαιον

345 1073 732 1145 ἐπικληθέντα,
762 1072 1087 1147 Ναζωραῖον
1114 1075 1173 1130 δὲ
1200 1075 1352 1143 ὄντα,
1397 1078 1536 1152 ὅπερ
1576 1080 1939 1152 ἑρμηνεύεται

332 1164 523 1237 ἅγιος.
558 1166 671 1221 Καὶ
710 1165 928 1239 πρῶτος
966 1159 1125 1232 οὗτος
1155 1168 1348 1242 εἴληφε
1377 1170 1476 1242 τὴν
1521 1171 1791 1244 καθέδραν
1837 1172 1941 1244 τῆς

343 1258 673 1331 ἐπισκοπῆς,
714 1253 760 1330 ᾧ
805 1259 1139 1315 πεπίστευκε
1176 1259 1383 1334 Κύριος
1413 1263 1504 1317 τὸν
1538 1262 1728 1335 θρόνον
1770 1263 1938 1318 αὐτοῦ

344 1350 441 1403 ἐπὶ
466 1349 569 1421 τῆς
612 1349 719 1420 γῆς
753 1350 992 1424 πρώτῳο
1027 1351 1088 1416 ὃς
1119 1352 1217 1407 καὶ¹
1287 1354 1537 1408 ἐκαλεῖτο
1587 1357 1622 1409 ό
1673 1354 1940 1425 ἁδελφὸς

342 1441 452 1496 τοῦ
497 1443 755 1512 Κυρίου·
802 1443 1054 1515 καθάπερ
1112 1445 1208 1499 καὶ
1257 1446 1286 1499 ὁ
1348 1446 1670 1512 Ἀπόστολος
1726 1446 1938 1520 συνᾴδει

344 1531 580 1599 τούτοις,
615 1527 717 1587 ὧδέ
756 1550 860 1588 που
893 1533 1101 1604 λέγων’
1136 1537 1379 1605 Ἕτερον
1410 1535 1480 1590 δὲ
1524 1536 1643 1591 τῶν
1679 1537 1940 1592 ἀποστό-

342 1627 476 1680 λων
502 1627 615 1680 οὐκ
640 1622 825 1690 εἶδον,
856 1628 911 1680 εί
931 1625 1023 1696 μὴ
1073 1626 1354 1683 Ἰάκωϐον
1387 1627 1497 1681 τὸν
1528 1627 1798 1699 ἀδελφὸν
1829 1628 1937 1683 τοῦ

343 1718 587 1787 Κυρίου,
634 1720 730 1772 καὶ
758 1718 826 1773 τά
860 1717 1012 1789 ἐξῆς.
1060 1718 1313 1790 Ἀδελφὸς
1336 1719 1393 1773 δὲ
1418 1718 1512 1774 τοῦ
1547 1720 1753 1791 Κυρίου
1783 1715 1938 1784 οὗτος

345 1811 586 1901 καλεῖται
632 1810 723 1865 διὰ
749 1810 812 1863 τὸ
860 1810 1186 1901 δμότροφον,
1232 1811 1354 1883 οὐχὶ
1396 1811 1535 1901 κατά
1570 1811 1753 1881 φύσιν,
1798 1811 1936 1867 ἀλλά
1967 1812 2031 1901 B'

341 1901 486 1955 κατὰ
505 1900 686 1973 χάριν.
718 1900 909 1972 Μαρία
941 1900 1039 1972 μὲν
1068 1900 1198 1972 γὰρ,
1232 1900 1568 1973 ἁρμοσθείσα
1598 1902 1677 1973 τῷ
1710 1901 1929 1974 Ἰωσὴφ,

342 1994 519 2048 ἐδόκει
551 1994 689 2064 γυνὴ
721 1988 861 2046 εἶναι
896 1992 990 2046 τοῦ
1021 1992 1235 2065 ἀνδρὸς,
1273 1993 1349 2065 μὴ
1372 1993 1572 2065 ἔχουσα
1607 1994 1744 2065 πρὸς
1769 1994 1931 2049 αὐτὸν

343 2086 615 2157 σωμάτων
663 2085 995 2155 συνάφειαν’
1043 2085 1110 2139 ἐκ
1151 2084 1352 2155 ταύτης
1395 2086 1452 2139 δὲ
1486 2086 1586 2157 τῆς
1617 2086 1934 2151 ὑποθέσεως

340 2180 376 2249 ἡ
411 2179 710 2249 γειτνίασις
756 2177 1075 2249 ἀγχιστείας
1114 2177 1225 2231 τῶν
1269 2177 1405 2232 υίῶν
1446 2179 1643 2252 Ἰωσὴφ
1678 2178 1814 2252 πρὸς
1842 2179 1963 2233 τὸνο

340 2271 575 2343 Σωτῆρα
606 2273 664 2325 ἐν
702 2269 949 2340 ἀδελφῶν
979 2269 1131 2337 τάξει
1161 2269 1448 2342 κέκληται·
1515 2271 1713 2342 μᾶλλον
1746 2270 1804 2324 δὲ
1841 2270 1936 2325 καὶ

340 2362 620 2435 ἐλογίσθη.
680 2363 773 2427 Ὠς
822 2363 932 2434 γὰρ
972 2362 1068 2416 καὶ
1106 2362 1267 2427 αὐτὸς
1318 2362 1347 2415 ὁ
1393 2361 1615 2434 Ἰωσὴφ,
1672 2361 1748 2434 μὴ
1788 2362 1934 2434 σχὼν

340 2454 627 2509 κοινωνίαν
671 2453 809 2526 πρὸς
841 2452 942 2524 τὴν
982 2452 1239 2525 γέννησιν
1284 2452 1383 2525 τὴν
1431 2452 1573 2506 κατά
1611 2452 1790 2524 σάρκα
1833 2444 1928 2506 τοῦ

341 2547 616 2620 Σωτῆρος,
646 2548 704 2600 ἐν
730 2546 881 2612 τάξει
908 2546 1112 2618 πατρὸς
1141 2546 1414 2615 λογίζεται
1444 2547 1564 2600 κατ’
1584 2544 1894 2617 οἰκονομίαν
1911 2562 1925 2576 ο

343 2638 527 2703 καθὼς
567 2637 718 2706 λέγει
762 2637 980 2700 Λουκᾶς
1031 2636 1422 2707 εύαγγελιστὴς
1460 2635 1590 2706 περὶ¹
1633 2634 1798 2689 αὐτοῦ
1834 2634 1931 2690 τοῦ

341 2730 614 2804 Σωτῆρος,
674 2729 756 2783 ὅτι
812 2730 919 2783 ’Ὧν
967 2729 1127 2795 υίὸς,
1174 2730 1256 2794 ὡς
1300 2727 1618 2798 ἐνομίζετο,
1685 2728 1928 2799 Ἰωσήφ.

353 2823 444 2886 Ὦς
470 2822 565 2875 καὶ
596 2820 733 2892 αὐτὴ
773 2822 807 2892 ή
841 2820 1075 2892 Μαριάμ
1105 2819 1209 2892 ἔφη
1247 2819 1383 2892 πρὸς
1411 2821 1571 2874 αὐτὸν
1595 2822 1654 2873 ἐν
1687 2819 1765 2891 τῷ
1791 2820 1935 2874 κατά

339 2914 556 2968 Λουκᾶν
598 2911 948 2984 Εὐαγγελίῳ·
1007 2911 1166 2967 Ἰδοὺ
1196 2910 1333 2983 ἐγὼ,
1376 2913 1474 2967 καί
1510 2916 1545 2967 ὁ
1574 2912 1772 2982 πατήρ
1810 2930 1930 2968 σου

338 3006 664 3075 ἐζητοῦμέν
694 3021 769 3060 σε
816 3004 1200 3075 ὀδυνώμενοι.
1256 3004 1353 3069 Τίς
1399 3002 1493 3058 οὖν
1528 3003 1594 3060 ἂν
1647 3005 1791 3059 εἴποι
1840 3004 1933 3057 τὸν

349 3096 553 3168 Ἰωσὴφ
600 3095 814 3168 πατέρα
863 3094 958 3149 τοῦ
1010 3094 1239 3168 Κυρίου,
1286 3095 1346 3161 ὃς
1394 3095 1545 3149 οὐδὲν
1594 3096 1731 3167 πρὸς
1770 3095 1932 3150 αὑτὸν

341 3184 485 3259 εἶχεν
514 3187 707 3253 αἴτιον,
743 3187 979 3259 μάλιστα
1004 3187 1105 3259 τῆς
1136 3187 1404 3260 ἐνσάρκου
1435 3189 1739 3260 παρουσίας
1773 3188 1929 3254 ἐκτὸς
1955 3215 1999 3273 ο

2044 529 2259 593 habuit,
2282 545 2313 584 e
2336 543 2443 599 qua
2478 544 2575 584 se:
2607 531 2807 584 liberos
2846 529 3112 600 suscepit,
3156 543 3339 584 mares
3373 536 3633 598 quatuor,

2044 621 2277 677 feminas
2320 621 2458 676 duas
2488 639 2513 686 ε,
2528 620 2581 675 id
2616 621 2763 692 quod
2796 619 2961 675 Marci
2989 606 3054 675 ac
3102 618 3334 676 Joannis
3376 618 3630 690 Evange-

2043 711 2115 767 lia
2154 711 2458 767 declarant.
2492 709 2712 766 Primus
2741 727 2809 767 ex
2849 712 3000 766 omni
3035 711 3207 781 stirpe
3244 719 3406 765 natus
3445 708 3524 764 illi
3570 708 3638 763 li-

2042 803 2150 858 lius
2188 810 2272 858 est
2321 800 2599 867 Jacobus,
2647 808 3012 872 cognomento
3053 800 3242 856 Oblias
3277 798 3458 871 (quod
3512 815 3638 853 mu-

2042 910 2181 961 rum,
2213 895 2297 950 vel
2331 893 2610 949 castellum
2639 893 2986 964 interpretari
3016 892 3205 964 licet),
3231 892 3326 965 qui
3365 901 3419 949 et
3432 892 3622 963 justus

2041 988 2347 1059 appellatus
2379 995 2488 1052 est,
2519 993 2575 1044 et
2600 984 2894 1041 Nazaraaus
2928 984 3062 1051 fuit,
3108 984 3255 1056 quod
3300 984 3632 1040 vocabulum

2043 1072 2289 1136 sanctum
2352 1078 2645 1153 signiﬁcat.
2679 1078 2827 1135 Idem
2870 1079 2963 1135 ille
3002 1079 3216 1151 primus
3263 1078 3635 1151 episcopalem

2040 1168 2362 1224 cathedram
2387 1170 2554 1241 cepit,
2586 1185 2711 1225 cum
2744 1170 2796 1226 ei
2823 1180 2951 1225 ante
2980 1177 3212 1227 caeteros
3240 1186 3436 1227 omnes
3466 1185 3633 1226 suum

2040 1258 2097 1314 in
2130 1259 2296 1316 terris
2324 1259 2583 1315 thronum
2614 1259 2882 1316 Dominus
2903 1259 3243 1318 tradidisset.
3270 1260 3377 1328 Qui
3405 1261 3632 1332 quidem

2039 1349 2257 1406 Domini
2288 1350 2458 1406 frater
2477 1358 2564 1407 est
2585 1351 2747 1422 vulgo
2769 1350 3108 1408 nominatus.
3133 1351 3344 1419 Quibus
3370 1352 3634 1407 omnibus

2038 1442 2370 1513 astipulatur
2404 1441 2701 1514 Apostolus
2734 1443 2822 1499 his
2863 1443 3046 1500 verbis
3075 1462 3089 1499 :
3121 1443 3302 1498 Alium
3346 1454 3523 1523 autem
3566 1458 3633 1499 ea:

2038 1534 2296 1605 apostolis
2338 1533 2446 1589 vidi
2491 1536 2775 1600 neminem,
2813 1536 2918 1590 nisi
2948 1532 3212 1590 Iacobum
3255 1536 3480 1606 fratrem
3514 1534 3630 1589 Do-

2036 1626 2236 1692 ntini’,
2272 1634 2380 1682 etc.
2414 1625 2618 1682 Verum
2652 1625 2869 1682 Domini
2913 1628 3006 1683 ille
3049 1626 3220 1684 frater
3268 1628 3340 1683 ob
3380 1642 3632 1682 commu-

2037 1734 2162 1774 nem
2192 1718 2599 1783 educationem,
2641 1733 2753 1774 non
2782 1727 2999 1784 natura,
3031 1723 3126 1776 sed
3169 1721 3345 1793 gratia
3373 1729 3627 1775 vocatur.

2036 1810 2173 1864 Nam
2217 1808 2387 1865 Maria
2419 1826 2545 1865 cum
2578 1808 2820 1883 Josepho
2860 1812 3182 1882 conjuncta,
3214 1814 3315 1868 viri
3342 1829 3478 1867 uxor
3506 1827 3631 1868 esse

2041 1902 2350 1970 videbatur,
2385 1919 2512 1957 cum
2544 1904 2756 1959 nullum
2790 1904 2933 1959 inter
2962 1906 3113 1975 ipsos
3152 1920 3445 1975 corporum
3476 1919 3631 1959 com-

2036 1996 2302 2050 mercium
2353 1995 2664 2050 interesset.
2716 1992 2794 2049 Ex
2839 2010 2949 2066 quo
2990 1996 3082 2049 illa
3123 1993 3344 2066 Josepbi
3390 1996 3629 2050 filiorum

2036 2100 2160 2141 cum
2195 2084 2482 2142 Salvatore
2513 2086 2943 2158 propinquitatis
2972 2086 3205 2143 aﬂinitas
3227 2097 3311 2143 est
3334 2096 3483 2153 nata,
3507 2101 3631 2158 quae

2037 2175 2337 2233 fraternam
2392 2177 2814 2249 appellationem
2857 2176 3149 2245 obtineret,
3196 2179 3283 2233 vel
3330 2193 3395 2233 ea
3435 2179 3629 2249 potius

2033 2269 2448 2325 necessitudine
2492 2278 2836 2325 censeretur.
2872 2267 2943 2324 Ut
2971 2269 3117 2324 enim
3138 2253 3434 2339 'Josephus
3484 2270 3629 2340 ipse,

2036 2363 2168 2417 licet
2196 2361 2333 2416 nihil
2357 2361 2583 2417 haberet
2605 2376 2730 2415 cum
2754 2358 3056 2417 Salvatorls
3078 2359 3382 2416 secundum
3405 2374 3630 2416 carnem

2038 2456 2253 2528 origine
2275 2470 2592 2520 commune,
2624 2462 2777 2511 certa
2812 2464 2996 2511 tamen
3030 2453 3389 2526 providentia:
3411 2456 3629 2511 ratione

2034 2548 2157 2605 loco
2190 2548 2364 2620 patris
2390 2556 2476 2603 est
2500 2548 2742 2614 habitus,
2770 2546 3233 2619 quemadmodum
3262 2545 3441 2603 Lucas
3463 2563 3632 2603 evan-

2033 2642 2229 2713 gelista
2250 2640 2319 2697 de
2344 2640 2627 2696 Salvatore
2657 2640 2778 2710 ipso
2809 2647 3044 2695 testatur
3071 2657 3083 2692 :
3114 2638 3218 2705 Qui
3244 2649 3383 2704 erat,
3410 2637 3627 2710 inquit,

2032 2733 2215 2803 ﬁlius,
2250 2742 2309 2786 ut
2350 2730 2685 2796 credebatur,
2720 2729 2919 2801 Ioseph
2950 2731 2994 2787 ³.
3047 2729 3155 2786 Sed
3197 2740 3251 2787 et
3295 2729 3467 2785 Maria
3511 2731 3630 2801 ipsa

2035 2826 2189 2880 illum
2223 2825 2509 2896 alloquens
2552 2824 2609 2878 in
2653 2823 2948 2895 Evangelio
2996 2821 3159 2878 Lucae
3199 2822 3342 2879 idem
3386 2823 3627 2879 asserit:

2033 2910 2169 2968 Ecce
2212 2929 2305 2984 ego
2340 2922 2391 2967 et
2434 2920 2585 2983 pater
2629 2922 2750 2967 tuus
2811 2911 3046 2967 dolentes
3086 2912 3454 2982 quarebamus
3503 2924 3550 2968 te
3580 2913 3626 2967 ⁸.

2033 3001 2170 3070 Quis
2201 3002 2368 3073 igitur
2392 3000 2693 3073 Josephum
2719 3001 2934 3057 Domini
2962 3010 3167 3072 patrem
3196 3003 3392 3058 audeat
3413 3004 3627 3071 dicere,

2031 3108 2268 3162 quocum
2301 3093 2508 3147 nullam
2568 3094 2825 3164 principii
2873 3102 2968 3149 aut
3009 3109 3191 3151 causa:
3221 3096 3489 3151 rationem
3523 3096 3623 3151 ba-

2032 3182 2217 3247 bebat,
2261 3198 2386 3237 cum
2429 3183 2739 3239 incarnatio
2768 3186 2885 3255 ipsa
2932 3185 3053 3241 sine
3095 3185 3239 3239 virili
3272 3187 3482 3242 semine
3510 3203 3629 3258 per-

343 3280 662 3352 σπέρματος
687 3281 877 3353 ἀνδρὸς
907 3280 1292 3354 ὑπαρχούσης;
1338 3280 1497 3333 Ἀλλὰ
1536 3280 1625 3335 διὰ
1655 3282 1755 3354 τῆς
1781 3285 1930 3337 οἰκο-

2033 3272 2176 3328 fecta
2232 3272 2730 3344 administrataque
2786 3273 2992 3327 fuerit?
3044 3271 3186 3339 Sed,
3230 3271 3444 3345 1M0
3477 3273 3626 3345 quod

337 3373 536 3445 νομίας
562 3370 751 3426 τοῦτον
781 3372 974 3443 εἴληφε
999 3372 1090 3425 τὸν
1120 3371 1322 3444 κλῆρον
1362 3372 1430 3427 τά
1463 3374 1786 3446 πράγματα.

412 3553 496 3611 Η’.
547 3555 734 3610 Τίκτει
787 3554 889 3626 μὲν
932 3553 1123 3609 τοῦτον
1171 3553 1263 3608 τὸν
1305 3553 1560 3608 Ἰάκωϐον
1611 3553 1779 3624 ἐγγύς
1824 3572 1927 3610 που

339 3649 471 3722 περὶ
534 3648 628 3719 ἐτη
680 3646 921 3718 γεγονὼς
978 3646 1390 3719 τεσσαράκοντα
1443 3647 1614 3700 πλείω
1678 3647 1925 3702 ἐλάσσωο

342 3744 462 3815 μετ’
500 3742 662 3797 αὑτὸν
692 3742 749 3795 δὲ
781 3740 989 3810 γίνεται
1021 3743 1151 3803 παῖς
1193 3739 1348 3810 Ἰωσῆ
1396 3738 1728 3810 καλούμενος
1747 3756 1761 3771 ·
1808 3735 1928 3793 εἶτα

344 3837 463 3906 μετ’
496 3834 659 3887 αὐτὸν
704 3831 967 3903 Συμεὼνο
1014 3830 1205 3883 ἔπειτα
1234 3828 1435 3893 Ἰούδας
1457 3847 1471 3860 ·
1508 3829 1603 3881 καὶ
1639 3828 1733 3882 δύο
1764 3828 1931 3899 θυγα-

339 3926 517 3997 τέρες,
546 3926 579 3996 ὴ
624 3924 814 3994 Μαρία
848 3922 943 3976 καὶ
978 3924 1012 3994 ή
1062 3919 1299 3991 Σαλώμη
1328 3918 1660 3991 καλουμένη.
1697 3919 1809 3973 Kal.
1838 3919 1927 3972 τέ-

338 4018 538 4090 θνηκεν
572 4015 737 4071 αὑτοῦ
774 4018 808 4086 ἡ
848 4017 1019 4087 γυνή·
1045 4014 1139 4067 καὶ
1173 4011 1312 4084 μετά
1344 4010 1438 4083 ἔτη
1462 4009 1633 4064 πολλά
1661 4010 1928 4085 λαμϐάνει

338 4111 438 4182 τὴν
469 4108 688 4181 Μαρίαν
719 4108 907 4179 χῆρος,
937 4104 1194 4174 κατάγων
1225 4102 1443 4175 ἡλικίαν
1477 4102 1604 4174 περί
1642 4119 1744 4155 που
1773 4102 1928 4171 ὁγδο-

339 4200 545 4271 ήκοντα
578 4197 715 4252 ἐτῶν
766 4198 861 4251 καὶ
907 4197 1095 4266 πρόσω
1139 4195 1167 4247 ὁ
1214 4194 1377 4264 ἀνήρ.
1432 4191 1543 4244 Καὶ
1578 4190 1715 4262 μετά
1755 4189 1928 4244 ταῦτα

338 4293 607 4364 λαμϐάνει
660 4291 757 4364 τὴν
810 4290 1052 4359 Μαρίαν,
1096 4286 1172 4350 ὡς
1224 4287 1321 4338 καὶ
1370 4288 1429 4338 ὲν
1480 4283 1561 4356 τῷ
1610 4283 1927 4355 Εὐαγγελίῳ

338 4387 491 4458 λέγει
515 4402 528 4417 ο
582 4382 1085 4452 Μνηστευθείσης
1119 4382 1264 4451 γὰρ,
1313 4378 1483 4447 φησι,
1534 4375 1646 4444 τῆς
1676 4375 1923 4445 Μαρίας.

342 4481 457 4534 Καὶ
488 4479 589 4531 οὐκ
622 4474 764 4539 εἷπε,
796 4474 1166 4545 Γαμηθείσης.
1203 4469 1314 4524 Καὶ
1361 4468 1520 4522 πάλιν
1550 4468 1757 4523 ἄλλοτε⁹
1798 4471 1923 4522 Οὺκ

2030 3364 2387 3437 providentiae
2440 3365 2583 3420 ratio
2632 3364 2981 3435 postulabat,
3031 3380 3097 3420 ea
3150 3367 3316 3420 rebus
3366 3372 3451 3421 est
3502 3379 3627 3420 sors

2030 3467 2195 3529 atque
2224 3456 2471 3512 c‘onditio
2494 3457 2724 3512 tributa.

2101 3548 2242 3605 Vill.
2284 3548 2470 3606 Redeo
2509 3549 2579 3603 ad
2617 3547 2884 3604 Jacobum
2930 3547 3105 3611 illum,
3147 3564 3308 3618 quem
3352 3545 3628 3619 Iosephus

2028 3657 2203 3697 annos
2251 3642 2375 3712 plus
2406 3642 2589 3697 minus
2621 3648 2783 3696 natus
2816 3656 2884 3695 st.
2912 3641 3118 3711 genuit.
3155 3643 3285 3694 Post
3316 3640 3462 3694 hunc
3485 3642 3627 3697 alius

2028 3734 2081 3789 ei
2129 3733 2274 3788 ﬁlius
2311 3732 2579 3797 nascitur,
2626 3731 2715 3785 cui
2756 3728 2887 3785 lose
2937 3744 3134 3785 nomen
3182 3728 3302 3784 fuit.
3341 3728 3472 3785 inde
3518 3728 3625 3802 Sy-

2029 3841 2189 3881 meon
2221 3841 2285 3879 ac
2312 3823 2516 3887 Judas;
2560 3824 2682 3878 lilia:
2712 3838 2840 3879 vero
2890 3823 3044 3890 duae,
3079 3822 3249 3877 Maria
3286 3829 3340 3876 et
3381 3820 3621 3879 Salome.

2030 3917 2172 3973 Tum
2204 3926 2419 3973 mortua
2451 3932 2642 3982 uxore,
2686 3918 2875 3973 multis
2905 3925 3029 3987 post
3062 3917 3224 3970 annis
3257 3915 3457 3970 viduus
3498 3916 3623 3970 Ma-

2030 4011 2168 4064 riam
2214 4009 2394 4071 dnxit,
2441 4023 2569 4063 cum
2617 4008 3010 4079 octogesimum
3056 4017 3219 4076 atque
3264 4020 3330 4061 eo
3384 4009 3623 4077 amplius

2031 4096 2239 4156 annum
2274 4101 2570 4171 attigisset.
2608 4100 2858 4166 Mariam,
2892 4100 3136 4170 inquam,
3169 4098 3222 4153 id
3256 4101 3438 4154 artatis
3472 4113 3625 4153 acce-

2030 4195 2130 4265 pit,
2160 4201 2218 4248 ut
2253 4193 2604 4265 Evangelium
2636 4201 2828 4247 narrat
2859 4212 2871 4247 :
2916 4190 3048 4246 Cum
3086 4200 3243 4256 esset,
3268 4192 3465 4262 inquit,
3513 4193 3612 4245 de-

2031 4295 2287 4354 sponsata
2321 4284 2564 4339 Maria“.
2601 4283 2721 4338 Non
2771 4285 2924 4351 dicit,
2968 4300 3091 4340 cum
3137 4283 3437 4353 nupsisset.
3486 4283 3618 4337 Item

1986 4376 1995 4387 ”
2031 4379 2140 4431 alio
2178 4379 2300 4432 loco
2331 4397 2344 4431 :
2377 4380 2495 4431 Non
2545 4379 2784 4448 cognovit
2830 4376 2983 4430 illam
3009 4377 3052 4433 ⁸.
3108 4374 3266 4429 Subit
3320 4389 3450 4428 vero
3496 4375 3620 4427 illos

2029 4464 2223 4526 omnes
2267 4470 2558 4533 admirari,
2595 4469 2688 4540 qui
2732 4483 2930 4540 pravas
2971 4467 3238 4538 quasdam
3292 4466 3618 4533 occasionis

340 4573 473 4644 ᾔδει
503 4570 716 4638 αὐτὴν.
761 4568 1053 4639 Θαυμάσαι
1088 4566 1147 4619 δὲ
1203 4565 1348 4618 ἐστιν
1392 4564 1486 4617 ἐπὶ
1532 4565 1719 4626 πᾶσιν,
1747 4558 1830 4627 οἷς
1872 4565 1927 4616 αἱ

2035 4579 2099 4618 ac
2130 4564 2342 4635 species
2368 4570 2672 4633 captantes,
2703 4576 2893 4616 eorum
2916 4577 3037 4631 quae
3060 4560 3194 4614 nihil
3226 4559 3366 4615 scire
3391 4560 3613 4622 attinet,

342 4666 642 4738 προφάσεις
680 4660 958 4734 θηρῶνται
1003 4660 1059 4713 αἱ
1110 4660 1344 4731 πονηραὶ
1375 4661 1415 4724 ¹,
1448 4660 1541 4713 καὶ
1577 4653 1652 4714 ὧν
1678 4662 1779 4714 οὐκ
1808 4659 1924 4712 ἐστι

340 4759 500 4831 χρεία
527 4757 752 4829 ἐρευνᾷν
792 4754 892 4817 τὰς
927 4752 1126 4817 αἰτίας,
1156 4752 1251 4805 καὶ
1276 4750 1459 4824 ζητεῖν
1497 4752 1565 4805 τὰ
1610 4753 1686 4826 μὴ
1731 4750 1924 4823 ζητού-

340 4868 504 4922 μενα,
534 4848 641 4903 ἀπὸ
673 4848 729 4902 δὲ
757 4845 865 4900 τῶν
913 4844 1225 4913 ἀναγκαίων
1263 4844 1557 4916 τρέπεσθαι
1603 4846 1696 4897 ἐπὶ
1731 4843 1923 4915 μωρὰς

339 4942 619 5013 ζητήσεις,
668 4938 754 4990 ἵνα
798 4936 1017 4999 πάντως
1066 4952 1171 4987 που
1205 4935 1269 4988 ἐκ
1302 4922 1640 5006 πανταχόθεν
1674 4934 1919 5007 συναφθῇ

334 5033 472 5101 ἡμῖν
503 5027 724 5102 ὄλεθρος
750 5025 1006 5088 ἀπιστίας
1040 5024 1136 5077 καί
1164 5023 1512 5095 βλασφημίας
1539 5023 1628 5077 διὰ
1655 5023 1755 5089 τὰς
1785 5024 1923 5096 πρὸς

335 5125 465 5186 τοὺς
511 5121 702 5190 ἁγίους
737 5116 977 5188 ἀτιμίας.
1028 5117 1138 5170 Καὶ
1183 5115 1396 5188 πρῶτον
1440 5116 1539 5187 μὲν
1583 5112 1676 5170 οὖν
1710 5115 1922 5187 ἐλέγχει

336 5215 537 5277 αὐτοὺς
596 5208 932 5281 πανταχόθεν
979 5209 1013 5279 ἡ
1059 5206 1369 5274 ἀκολουθία,
1416 5207 1498 5260 ὅτι
1554 5206 1772 5277 πρῶτον
1824 5206 1922 5278 μὲν

336 5306 517 5378 γέρων
577 5303 718 5375 ὑπὲρ
787 5300 1116 5371 ὀγδοήκοντα
1166 5299 1260 5371 ἐτη
1326 5296 1567 5369 γεγονὼς
1614 5298 1714 5351 οὐκ
1760 5295 1922 5350 ἔλαϐε

2030 4671 2232 4711 causas
2273 4654 2634 4724 investigarit,
2682 4667 2746 4707 ac
2795 4667 2918 4722 qum
2952 4651 3177 4706 minime
3220 4653 3617 4720 perscrutanda

2035 4753 2166 4802 sunt
2210 4745 2534 4817 inquirunt,
2571 4754 2624 4799 et
2665 4759 2696 4797 a
2739 4743 3069 4799 necessariis
3112 4742 3278 4797 rebus
3317 4740 3383 4797 ad
3419 4743 3619 4797 stultas

2040 4839 2375 4910 quaestiones
2404 4853 2525 4893 sese
2556 4843 2907 4899 convertunt,
2941 4845 3000 4889 ut
3035 4850 3102 4889 ex
3147 4850 3209 4887 ea
3246 4850 3367 4905 quae
3409 4836 3619 4890 sanctis

2032 4930 2357 4999 imponitur,
2406 4926 2727 4997 ignominia,
2780 4925 3116 4978 inﬁdelitatis
3161 4940 3228 4978 ex
3268 4924 3416 4977 omni
3461 4932 3618 4993 parte

2030 5020 2190 5075 nobis
2223 5033 2286 5073 ac
2320 5017 2669 5088 blasphcmire
2701 5016 2997 5085 perniciem
3028 5023 3191 5084 atque
3226 5015 3457 5069 exitium
3514 5016 3618 5067 im~

2032 5119 2272 5182 portent.
2313 5110 2585 5177 Quocirca
2645 5110 2886 5180 pri-mum
2937 5108 3061 5163 illos
3109 5109 3189 5162 rei
3236 5107 3405 5162 series
3456 5115 3617 5178 atque

2030 5204 2168 5259 ordo
2224 5205 2341 5274 ipse
2382 5203 2684 5269 convincit,
2744 5202 2890 5271 quod
2943 5201 3196 5272 inprimis
3242 5199 3405 5255 homo
3451 5216 3616 5256 senex

2030 5310 2198 5367 supra
2235 5310 2377 5350 un
2419 5309 2595 5350 annos
2624 5302 2789 5349 natus
2824 5294 3091 5364 virginem
3124 5291 3193 5346 ad
3231 5307 3391 5347 usum
3419 5307 3607 5363 corpo-

410 5465 429 5496 ⁸
468 5462 596 5519 Cor.
624 5461 675 5514 οί
703 5427 953 5531 πονηροίξ
1026 5460 1047 5491 ²
1089 5455 1208 5513 Gal.
1238 5471 1279 5520 ι,
1312 5455 1398 5512 l9.
1477 5454 1499 5486 ⁸
1528 5452 1663 5509 Luc.
1695 5468 1778 5519 ιιι,
1805 5452 1898 5508 25.

2034 5451 2169 5509 Luc.
2201 5467 2264 5517 ιι,
2295 5451 2388 5507 48.
2464 5453 2486 5485 ⁸
2519 5450 2713 5508 Matth.
2740 5467 2780 5516 ι,
2813 5450 2897 5507 18.
2969 5452 2991 5484 ⁸
3020 5450 3153 5506 ibid.
3188 5449 3278 5507 26.

412 5620 526 5692 (99)
556 5621 796 5674 Ὢϐλιαν
816 5618 1297 5692 ἑρμηνευόμενον
1312 5610 1741 5692 τεῖχοςλμειίιιξ
1756 5626 1924 5692 quam

338 5681 680 5762 Ife‘gt-s'ippus
718 5681 860 5759 apud
880 5681 1219 5762 'EttsrbL'lib.
1247 5700 1307 5762 ιι,
1340 5681 1462 5754 cap.
1494 5684 1586 5746 23,
1629 5681 1786 5737 unde
1809 5682 1927 5762 haec

337 5752 630 5833 desvutnpta
662 5752 825 5827 sunt;
860 5762 955 5830 qui
999 5757 1217 5812 Ὦϐλίαν
1246 5752 1635 5825 interpretatur
1666 5752 1928 5825 περιοχὴν

2024 5610 2119 5665 τοῦ
2149 5611 2303 5679 λαοῦ,
2341 5614 2436 5665 καὶ
2476 5608 2847 5683 δικαιοσύνην.
2888 5607 2995 5667 Sed
3025 5618 3111 5667 est
3151 5608 3417 5666 llebraice
3444 5584 3611 5677 τιιῄ

2027 5697 2149 5749 arx,
2186 5683 2303 5740 sive
2331 5683 2554 5738 munitio
2595 5680 2716 5738 Dei.
