4134 6392
535 350 634 406 7i]

1949 349 2008 404 S.
2045 347 2390 404 EPIPHANII

3706 347 3812 402 7η

521 467 614 532 ,ιιίε
646 481 756 522 non
787 467 1080 538 acceperit,
1113 467 1208 524 sed
1253 466 1438 524 divina
1473 469 1655 540 potius
1687 471 2030 542 providentia
2059 473 2115 526 ad

2233 473 2498 544 παρθένον
2533 475 2612 536 είς
2649 475 2864 546 χρῆσιν,
2897 471 3032 526 ἀλλὰ
3083 471 3281 542 μᾶλλον
3311 470 3632 542 ᾠκονομήθη
3659 471 3813 542 αὑτῷ

535 557 686 613 illam
753 559 1169 616 custodiendam
1217 569 1302 616 est
1347 564 1653 632 appositus.
1709 563 1913 618 Deinde
1965 563 2126 618 ambo

529 653 702 708 erant
725 653 914 722 utique
937 651 1113 722 justi;
1151 667 1330 724 neque
1358 655 1452 724 qui
1489 655 1594 707 hoc
1623 657 1790 708 semel
1833 654 2124 718 audiisset,

533 743 702 800 fetum
735 745 907 810 illum,
937 737 1102 814 quem
1135 745 1190 798 in
1219 753 1378 800 utero
1415 745 1534 816 ipsa
1567 747 1834 814 gestabat,
1857 763 1888 802 e
1915 745 2124 816 Spiritu

532 851 659 892 esse
687 846 902 904 sancto,
925 843 1052 906 post
1074 844 1281 892 tantam
1313 837 1404 892 Dei
1433 838 1969 894 administrationem
1995 853 2126 892 vase

533 927 630 980 illo
663 927 889 980 auderet
919 927 1020 992 uti,
1059 927 1208 996 quod
1237 943 1360 982 eum
1399 943 1596 997 capere
1633 935 1928 992 meruerat,
1961 943 2124 997 quem

529 1017 603 1072 ob
641 1017 1000 1073 excellentem
1047 1019 1274 1089 gloriam
1307 1019 1508 1072 corium
1546 1033 1610 1072 ac
1659 1029 1806 1074 terra
1839 1019 2126 1074 continere

527 1125 638 1165 non
671 1120 924 1183 possunt.
957 1109 1092 1166 Nam
1117 1113 1164 1167 si
1191 1111 1294 1166 hoc
1329 1111 1447 1182 ipso
1490 1120 1737 1181 tempore
1780 1111 2022 1182 virgines
2066 1111 2120 1164 in

527 1201 648 1272 ejus
681 1203 905 1258 nomine
941 1219 1294 1274 perseverare
1333 1205 1390 1257 in
1429 1204 1522 1257 illo
1562 1211 1731 1268 statu,
1769 1217 1834 1258 ac
1859 1203 2124 1258 castimo-

527 1295 676 1349 niam
711 1307 766 1350 et
805 1295 1203 1349 continentiam
1237 1311 1459 1351 servare
1498 1295 1866 1358 contendunt,
1911 1303 2122 1364 quanto

527 1387 708 1456 major
734 1385 956 1460 Josephi
985 1387 1178 1460 religio
1209 1398 1329 1443 erat
1365 1403 1430 1442 ac
1479 1387 1683 1450 Mariae,
1721 1403 1864 1458 quae,
1895 1397 1955 1442 ut
1982 1387 2123 1442 scri-

527 1489 680 1551 ptum
707 1487 813 1546 est,
843 1481 1028 1536 omnia
1057 1481 1112 1535 in
1143 1485 1308 1536 corde
1340 1495 1444 1535 suo
1478 1481 1800 1536 conferebat
1827 1481 1883 1536 ’ἲ
1921 1479 2122 1550 Cujus-

523 1573 674 1628 modi
711 1587 840 1628 vero
869 1581 988 1628 erat
1025 1571 1194 1636 illud,
1231 1581 1358 1643 post
1399 1573 1508 1627 tale
1553 1582 1879 1644 tantumque
1917 1571 2120 1628 divinae

523 1664 884 1734 providentia:
937 1665 1293 1736 mysterium,
1351 1664 1692 1734 decrepitum
1750 1679 1938 1718 senem
1990 1679 2117 1717 cum

523 1757 736 1828 virgine
778 1757 1092 1812 castissima
1143 1765 1198 1812 et
1237 1756 1662 1812 honoratissima
1715 1769 2116 1819 consuescere,

2229 568 2303 631 εἰς
2339 565 2400 618 τὸ
2429 565 2718 636 φυλάττειν
2738 582 2749 593 ·
2781 563 3033 634 δεύτερον
3059 563 3114 616 δὲ
3145 563 3363 626 πάντως
3391 579 3493 615 που
3535 563 3628 614 καὶ
3657 563 3813 616 αὐτοὶ

2229 660 2470 731 ὑπῆρχον
2499 659 2720 716 δίκαιοι.
2765 659 2876 712 Καὶ
2907 658 3010 710 οὑκ
3043 657 3244 730 ὲτὸλμα
3269 659 3298 710 ὁ
3327 655 3586 718 ἀκούσας,
3615 657 3700 710 ὅτι
3745 659 3814 710 ἐκ

2227 753 2366 808 Πνεύ
2377 769 2546 824 ματος
2583 751 2740 820 ἁγίου
2781 751 2898 803 ἐστὶ
2930 750 2991 802 τὸ
3023 753 3079 802 ὲν
3111 750 3272 820 αὐτῇ,
3302 748 3383 802 ἔτι
3425 746 3812 800 ἐπιϐάλλεσθαι

2229 846 2368 916 μετὰ
2420 843 2676 914 τοιαύτην
2723 842 3034 914 οἰκονομίαν
3084 841 3318 914 χρῆσθαι
3369 841 3448 910 τῷ
3501 839 3684 892 σκεύει
3729 839 3812 910 τῷ

2225 937 2618 1004 καταξιωθέντι
2644 937 2914 1008 χωρῆσαι.
2944 935 3002 988 ὃν
3029 934 3256 1006 οὐρανὸς
3277 933 3372 986 καὶ
3397 933 3466 1004 γῆ
3487 931 3586 986 οὑκ
3615 931 3812 1004 ἐχώρει

2223 1034 2290 1088 δι’
2325 1033 2628 1104 ὑπερϐολὴν
2658 1033 2756 1102 τῆς
2785 1031 2949 1086 αὑτοῦ
2981 1030 3160 1099 δόξης.
3193 1029 3256 1082 Εἰ
3289 1028 3398 1099 γὰρ
3447 1027 3541 1080 καὶ
3586 1025 3681 1080 νῦν
3729 1029 3810 1090 εἰς

2223 1124 2394 1194 ὄνομα
2452 1123 2616 1178 αὑτοῦ
2667 1121 2926 1194 παρθένοι
2955 1120 3220 1174 διατελεῖν
3269 1116 3665 1186 ἀγωνίζονται,
3715 1119 3812 1170 καὶ

2225 1217 2497 1286 ἁγνεύειν,
2547 1215 2642 1268 καὶ
2676 1213 3143 1286 ὲγκρατεύεσθαι·
3199 1211 3314 1276 πῶς
3366 1211 3564 1282 μᾶλλον
3603 1211 3704 1264 οὑκ
3740 1205 3810 1283 ἦν

2225 1308 2542 1380 πιστότερος
2581 1305 2801 1378 Ἰωσὴφ,
2831 1305 2924 1358 καὶ
2953 1304 3092 1376 αὑτὴ
3133 1305 3167 1375 ἠ
3212 1303 3402 1374 Μαρία
3441 1303 3619 1356 πάντα
3665 1321 3810 1374 συμ-

2223 1399 2494 1454 ὀάλλουσα
2541 1400 2622 1462 εἰς
2661 1397 2892 1468 καρδίαν
2937 1396 3125 1467 αὐτῆς,
3167 1395 3242 1460 ὼς
3285 1395 3626 1464 γέγραπται;
3674 1394 3812 1448 ἀλλὰ

2225 1490 2365 1562 μετὰ
2390 1489 2658 1561 τοσαύτην
2703 1491 2794 1544 καὶ
2824 1489 3081 1562 τοιαύτην
3124 1490 3218 1544 καὶ
3245 1491 3574 1562 τηλικαύτην
3607 1495 3816 1544 οἰκονο-

2225 1583 2376 1653 μίαν,
2405 1583 2742 1654 συναφθῆναι
2777 1583 2939 1644 πάλιν
2976 1583 3208 1654 γέροντα
3248 1583 3510 1656 Παρθένῳ
3548 1585 3684 1654 ἁγνῇ
3713 1585 3811 1638 καὶ

2219 1674 2580 1746 τετιμημένῃ,
2633 1674 2729 1728 καὶ
2777 1673 2959 1728 σκεύει
3005 1675 3316 1745 χωρήσαντι
3361 1675 3452 1728 τὸν
3500 1676 3806 1746 ἀχώρητον,

2222 1769 2315 1822 καὶ
2346 1767 2729 1838 ὑποδεξαμένῳ
2768 1765 3008 1820 τοιοῦτον
3059 1767 3355 1838 μυστήριον
3387 1766 3614 1838 σημείου
3643 1767 3810 1820 ἐπου-

523 1861 648 1902 cum
679 1863 765 1910 eo,
801 1847 1047 1917 inquam,
1087 1863 1234 1914 vase,
1269 1848 1415 1918 quod
1452 1861 1575 1901 eum
1595 1846 1688 1916 qui
1719 1847 1840 1917 capi
1870 1863 1982 1900 non
2020 1861 2115 1916 po-

2223 1859 2406 1934 ρανίου
2437 1863 2532 1914 καὶ
2561 1861 2704 1933 ζωῆς
2737 1860 3075 1934 ἀνθρώπων;

525 1945 635 1994 test
667 1947 908 2010 ceperat,
965 1955 1030 1994 ac
1073 1947 1182 1992 tam
1231 1939 1565 2009 stupendum
1603 1936 1835 2008 prodigii
1872 1937 2117 1994 caelestis

519 2039 580 2087 et
610 2031 862 2087 humanae
901 2031 1096 2087 salutis
1131 2031 1457 2102 mysterium
1503 2031 1854 2100 complexum
1897 2028 2120 2084 fuerat?

597 2123 692 2178 IX.
735 2125 874 2178 Nam
901 2141 1022 2196 quae
1047 2124 1291 2179 rationes
1316 2123 1384 2178 ad
1413 2121 1550 2178 illud
1582 2121 1982 2178 ostendendum
2009 2137 2119 2176 non

521 2225 842 2290 suppetant,
889 2218 1104 2272 beatam
1139 2215 1424 2288 Virginem
1457 2216 1512 2269 in
1545 2213 1876 2270 castimonia
1920 2215 2122 2285 persti-

523 2308 705 2365 tisse?
747 2307 986 2362 Doceant
1025 2323 1127 2362 nos
1165 2308 1262 2373 illi,
1305 2315 1432 2378 post
1463 2305 1803 2361 Salvatorem
1839 2305 1896 2360 in
1941 2306 2118 2359 lucem

523 2399 734 2456 editum
768 2399 911 2454 ullos
949 2397 1173 2452 Mariam
1219 2399 1500 2469 peperisse
1533 2397 1756 2452 liberos.
1791 2395 1990 2450 Dicant
2017 2395 2120 2450 ho-

524 2505 650 2547 rum
673 2489 917 2553 nomina,
943 2487 1150 2560 1041
1193 2503 1277 2554 ac,
1309 2488 1354 2543 si
1377 2487 1576 2557 placet,
1603 2485 1919 2558 contingant
1970 2485 2119 2540 frau-

527 2581 618 2638 dis
681 2595 747 2635 ac
789 2581 1051 2636 versutia:
1099 2579 1282 2635 omnis
1319 2579 1630 2633 architecti.
1673 2578 1780 2633 Sed
1833 2579 1966 2633 illud
2023 2579 2118 2634 de-

521 2681 834 2728 monstrare
885 2688 1166 2742 nunquam
1219 2679 1500 2742 poterunt.
1555 2669 1674 2724 Non
1727 2671 1873 2726 enim
1945 2671 2114 2725 ullam

525 2763 696 2834 Virgo
718 2765 820 2819 viri
847 2765 1306 2820 consuetudinem
1339 2764 1552 2816 habuit.
1587 2765 1746 2818 Absit
1776 2772 1836 2818 ut
1859 2763 2118 2820 habuisse

521 2859 810 2929 putemus!
851 2857 908 2912 Si
955 2859 1100 2912 enim
1136 2857 1351 2926 aliquos
1383 2856 1586 2910 liberos
1637 2855 1962 2926 peperisset,
1995 2871 2117 2928 quae

521 2965 650 3006 cum
707 2949 996 3005 Salvatore
1047 2951 1168 3020 ipso
1223 2949 1547 3004 versabatur
1601 2949 1844 3012 assidue,
1905 2964 2014 3002 una
2062 2955 2117 3004 et

521 3043 700 3113 ipsius
737 3043 876 3098 filios
907 3043 1114 3096 vixisse
1144 3041 1416 3096 dicerent.
1451 3041 1558 3096 Sed
1593 3041 1698 3096 hoc
1727 3041 1836 3096 illis
1873 3039 2116 3112 Evange-

527 3137 585 3190 lii
619 3138 824 3192 dictum
865 3137 1168 3206 imposuit:
1201 3135 1332 3192 Ecce
1377 3145 1546 3190 mater
1581 3145 1676 3188 tua
1727 3143 1776 3189 et
1811 3135 2006 3204 fratres
2037 3135 2115 3188 tui

2293 2123 2371 2178 8'.
2411 2123 2586 2179 Πόθεν
2617 2126 2728 2198 γὰρ
2769 2127 2831 2179 οὑ
2879 2125 3166 2198 δείξωμεν,
3202 2131 3285 2184 ὅτι
3325 2129 3464 2202 ἁγνὴ
3511 2127 3812 2186 διετέλεσεν

2177 2187 2255 2286 ⁵ἠ
2285 2214 2597 2286 Παρθένος;
2629 2187 2991 2284 ’Δειξάτωσαν
3021 2187 3159 2290 ημῖν,
3191 2187 3385 2283 εὐθὺς..
3421 2187 3504 2273 ὅτι
3535 2221 3674 2292 μετὰ
3709 2222 3810 2292 τὴν

2219 2305 2315 2359 τοῦ
2347 2307 2598 2380 Σωτῆρος
2626 2308 2782 2380 ήμῶν
2809 2309 3006 2380 κύησιν
3041 2311 3193 2375 τινας
3219 2313 3508 2384 ἐγέννησεν
3533 2316 3566 2384 ἡ
3595 2313 3808 2386 Μαρία.

2219 2397 2431 2451 Είπωσι
2467 2399 2534 2452 τὰ
2577 2400 2816 2472 ὀνόματα
2866 2401 3193 2466 πλάττοντες
3224 2404 3276 2456 οἱ
3317 2404 3684 2477 πλαστουργοὶ
3715 2405 3812 2458 καὶ

2221 2489 2461 2560 ῥαψῳδοὶ
2512 2491 2611 2562 τῆς
2657 2493 2872 2563 ἀπάτης
2923 2493 3020 2546 καὶ
3065 2491 3510 2564 κακομηχανίας·
3568 2495 3660 2546 καὶ
3706 2495 3812 2546 οὐκ

2219 2581 2402 2653 έχουσι
2443 2583 2632 2646 δεῖξαι.
2683 2583 2758 2638 Οὐ
2801 2585 2909 2654 γὰρ
2941 2587 3186 2657 συνῆφθη
3217 2585 3238 2616 ⁸
3267 2585 3348 2637 ἔτι
3379 2585 3674 2654 Παρθένος·
3732 2585 3808 2656 μὴ

2218 2673 2426 2740 γένοιτο
2451 2673 2463 2726 !
2501 2673 2564 2726 Εί
2593 2672 2702 2744 γὰρ
2731 2673 3019 2744 ἐγέννησεν
3051 2663 3138 2726 ἆεί
3183 2689 3311 2726 ποτε
3341 2673 3437 2724 σὺν
3463 2666 3612 2738 αὑτῷ
3641 2669 3814 2738 ὑπάρ-

2219 2783 2389 2836 χουσα
2428 2765 2506 2836 τῷ
2541 2765 2776 2836 Σωτῆρι,
2813 2765 2932 2836 ἅμα
2976 2765 3160 2834 ἔλεγον
3189 2765 3284 2819 καὶ
3319 2765 3388 2818 τὰ
3433 2765 3598 2816 τέκνα
3637 2763 3811 2832 αὑτῆς

2221 2861 2482 2914 συνεῖναι.
2517 2858 2699 2928 Πλανᾷ
2741 2859 2798 2910 δὲ
2848 2859 3047 2921 αὐτοὺς
3089 2857 3150 2912 τὸ
3195 2858 3524 2930 εἰρημένον·
3579 2855 3734 2909 Ἰδοὺ
3765 2855 3804 2922 ἠ

2211 2949 2411 3020 μήτηρ
2449 2967 2586 3016 σου,
2627 2949 2727 3004 καὶ
2769 2953 2822 3004 οἱ
2879 2951 3135 3020 ἀδελφοί
3175 2969 3293 3005 σου
3342 2949 3460 3014 ἔξω
3509 2947 3808 3016 ἑστήκασι

2217 3041 2531 3110 ζῆτοῦντές
2581 3059 2676 3098 σε.
2723 3044 2834 3096 Καὶ
2879 3043 2980 3096 οὐκ
3028 3045 3234 3098 οἴδασιν
3278 3043 3306 3096 ὃ
3348 3045 3456 3112 πρὸ
3502 3039 3693 3093 τούτου
3739 3035 3808 3110 ἦν

2217 3135 2628 3206 γεγραμμένον·
2663 3135 2784 3186 Ὅτι
2826 3137 2880 3188 ol
2920 3135 3169 3204 ἀδελφοὶ
3220 3133 3445 3189 αὐτοῦ⁵
3480 3133 3808 3188 ἐπίστευον

521 3229 657 3299 foris
686 3239 852 3288 stant.
883 3239 1172 3298 qua'reutes
1201 3239 1250 3284 te
1276 3232 1319 3282 ².
1345 3227 1456 3282 Nec
1488 3227 1620 3282 illud
1647 3227 2109 3292 animadvertunt,

2218 3227 2304 3292 sic
2339 3227 2544 3279 αὐτόν.
2577 3227 2970 3296 Προόαίνοντες
3025 3227 3134 3298 γὰρ
3187 3229 3279 3280 καὶ
3312 3227 3470 3298 ἡμεῖς
3497 3225 3575 3296 τῷ
3603 3225 3803 3296 χρόνῳ,

521 3321 668 3392 quod
703 3331 860 3374 antea
897 3324 1162 3391 scriptum
1193 3331 1276 3376 est
1303 3341 1315 3376 :
1343 3321 1612 3387 Quoniam
1641 3319 1838 3388 fratres
1867 3319 1982 3388 ejus
2012 3337 2115 3373 non

519 3413 804 3468 credebant
845 3416 900 3466 in
927 3413 1082 3466 illaut
1115 3414 1156 3468 ³.
1201 3413 1492 3468 Enimvero
1525 3429 1624 3468 nos
1654 3427 1946 3482 progressu
1977 3419 2116 3466 tem-

521 3507 672 3578 poris
717 3507 1102 3560 instructiores
1151 3505 1372 3568 redditi,
1409 3521 1534 3558 cum
1585 3503 1883 3572 aliquando
1926 3517 2115 3558 sacras

521 3595 758 3652 Litteras
801 3603 911 3650 tam
961 3595 1285 3666 simpliciter
1328 3596 1566 3667 scriptas
1598 3611 1722 3650 esse
1757 3595 2109 3658 miraremur,

523 3699 814 3762 postquam
854 3690 1072 3759 penitus
1120 3689 1302 3742 omnia
1349 3689 1708 3758 pervidimus.
1759 3687 1870 3742 Deo
1911 3689 2114 3757 gratias

521 3799 684 3854 agere
713 3783 1006 3852 carpimus,
1041 3783 1134 3852 qui
1173 3781 1523 3850 paucissimis
1557 3779 1886 3850 quibusdam
1933 3782 2114 3836 verbis

521 3889 712 3928 eorum
735 3874 1002 3940 omnium,
1031 3889 1152 3944 quae
1179 3875 1234 3928 in
1263 3875 1434 3928 sacris
1463 3873 1687 3928 Litteris
1715 3873 1924 3942 scripta
1953 3881 2110 3936 sunt,

522 3967 789 4021 munitam
823 3981 888 4021 ac
931 3967 1230 4022 stabilitam
1280 3967 1565 4020 veritatem
1618 3965 1880 4020 exhibere
1913 3967 2107 4020 voluit.

523 4057 663 4114 Cum
690 4060 836 4112 enim
871 4059 936 4112 de
962 4057 1170 4112 Jacobo
1205 4057 1426 4113 assidue
1461 4057 1592 4111 illud
1627 4057 1966 4121 audiremus,
2005 4056 2113 4110 fra-

525 4157 666 4204 trem
691 4152 871 4219 ipsum
905 4149 1124 4204 Domini
1155 4159 1408 4204 vocatum
1461 4149 1653 4216 fuisse,
1685 4151 1818 4220 quid
1843 4151 1988 4206 istud
2023 4159 2110 4206 to-

525 4243 630 4298 ties
677 4259 903 4298 necesse
945 4243 1085 4296 foret
1119 4251 1364 4313 repetere
1401 4243 1786 4298 admirabundi
1825 4244 2112 4314 quaereba-

523 4351 668 4390 mus.
703 4333 860 4390 Nunc
887 4345 1070 4390 autem
1104 4353 1203 4390 cur
1232 4335 1284 4390 id
1330 4337 1398 4390 in.
1424 4337 1596 4392 sacris
1627 4335 1850 4392 Litteris
1887 4345 2013 4392 ante
2039 4339 2112 4392 sit

525 4428 860 4483 inculcatum
893 4429 1270 4497 intelligimus.
1301 4427 1564 4484 Videlicet
1597 4439 1654 4483 ut
1675 4445 1800 4484 cum
1834 4431 2108 4484 audimus:

523 4519 661 4576 Ecce
699 4531 867 4574 mater
896 4532 987 4574 tua
1012 4533 1062 4576 et
1091 4521 1292 4590 fratres
1324 4523 1402 4575 tm“
1447 4523 1580 4592 foris
1617 4531 1781 4588 stant,
1818 4534 2109 4593 qumrentes

2217 3321 2312 3372 καὶ
2354 3319 2728 3388 θαυμάζοντες
2769 3319 2862 3373 ἐπὶ
2907 3323 3021 3384 τοῖς
3073 3321 3130 3373 ὲν
3174 3323 3295 3384 ταῖς
3341 3320 3514 3384 θείαις
3561 3321 3807 3391 Γραιραῖς

2214 3411 2289 3476 ὡς
2325 3411 2557 3474 εὐτελῶς
2598 3412 3029 3483 γεγραμμένοις,
3064 3413 3174 3465 ἰδοὺ
3205 3412 3346 3466 κατὰ
3377 3415 3485 3466 πᾶν
3523 3413 3581 3466 ἐν
3615 3411 3802 3482 αἰσθή-

2217 3523 2298 3558 σει
2335 3507 2634 3574 γινόμενοι,
2661 3505 3092 3575 εὐχαριστοῦμεν
3117 3505 3236 3575 Θεῷ
3267 3504 3344 3575 τῷ
3389 3503 3804 3576 προασφαλισα-

2218 3597 2363 3668 μένῳ
2413 3598 2502 3650 διὰ
2547 3597 2656 3650 τῶν
2699 3598 2999 3652 δοκούντων
3049 3597 3296 3669 βραχέων
3343 3597 3604 3668 ῥημάτων
3651 3599 3707 3648 ὲν
3737 3597 3803 3668 τῇ

2215 3689 2334 3758 θεία
2363 3689 2552 3760 Γραφῇ
2587 3691 2856 3761 παριστᾷν
2885 3689 3066 3761 πάσης
3102 3691 3325 3761 Γραφῆς
3369 3690 3468 3760 τὴν
3517 3689 3802 3760 ἀλήθειαν.

2227 3780 2339 3832 ’Λεὶ
2387 3781 2494 3851 γὰρ
2523 3781 2814 3844 ἀκούοντες
2840 3783 2966 3852 περὶ
3005 3781 3285 3846 Ἰακώιὶου,
3317 3783 3399 3835 ὅτι
3447 3775 3600 3845 οὗτος
3649 3781 3803 3834 ἀδελ-

2215 3871 2314 3940 φὸς
2348 3871 2594 3924 ἐκαλεῖτο
2623 3872 2717 3925 τοῦ
2751 3873 2978 3944 Κυρίου,
3009 3873 3380 3944 θαυμάζοντες
3411 3873 3689 3944 ἐλέγομεν,
3721 3873 3805 3936 τίς

2213 3965 2245 4034 ἡ
2271 3963 2462 4035 χρείας
2501 3965 2614 4017 Νῦν
2645 3965 2700 4018 δὲ
2737 3964 2983 4034 ἔγνωμεν
3021 3965 3088 4018 δι’
3119 3967 3184 4034 ἢν
3214 3966 3412 4028 αἰτίαν,
3445 3967 3520 4026 ὼς
3543 3967 3802 4035 προεῖπεν

2213 4059 2246 4128 ὴ
2285 4057 2401 4109 θεία
2431 4057 2620 4128 Γραφή
2641 4075 2654 4088 '
2705 4057 2842 4110 ἀλλὰ
2867 4059 3082 4120 παντως
3113 4059 3198 4110 ἵνα
3225 4059 3352 4111 ὅταν
3377 4057 3684 4127 ἀκούωμεν,
3719 4057 3802 4108 ὃτι

2227 4153 2371 4206 Ἰδοὺ
2399 4153 2436 4218 ἡ
2459 4152 2657 4221 μήτηρ
2683 4171 2822 4214 σου,
2851 4155 2946 4206 καὶ
2978 4157 3030 4207 οἱ
3065 4153 3316 4222 ἀδελφοί
3337 4167 3454 4206 σου
3481 4152 3596 4216 ἔξω
3625 4150 3806 4216 ἐστ-ἠ-

2215 4261 2360 4300 κασι
2407 4245 2722 4314 ζητοῦντές
2763 4263 2857 4308 σε,
2899 4247 3184 4317 μάθωμεν,
3235 4247 3316 4299 ὅτι
3351 4247 3478 4316 περὶ
3543 4243 3800 4298 Ἰακώϐου

2213 4338 2382 4406 λέγει,
2435 4341 2530 4392 καὶ
2575 4339 2684 4392 τῶν
2723 4340 2899 4394 ἄλλων
2959 4340 3089 4392 υἱῶν
3135 4341 3356 4408 Ἰωσὴφ,
3409 4339 3503 4392 καὶ
3557 4340 3616 4390 οὑ
3674 4340 3802 4411 περὶ

2214 4432 2343 4484 υἱῶν
2387 4431 2598 4502 Μαρίας
2635 4431 2744 4484 τῶν
2775 4432 2848 4504 μὴ
2888 4433 3205 4502 γινομένων.
3255 4432 3423 4502 Δῆλον
3455 4431 3563 4502 γὰρ
3600 4427 3690 4502 ἦν.
3719 4433 3801 4484 ὅτι

2219 4521 2419 4591 μείζων
2444 4517 2510 4592 ἦν
2539 4523 2566 4574 ὁ
2615 4521 2872 4586 Ἰάκωϐος
2914 4525 2979 4593 τῇ
3016 4522 3201 4593 ἡλικίᾳ
3235 4523 3378 4576 κατὰ
3405 4521 3504 4593 τὴν
3539 4521 3801 4592 ἕνσαρκον

525 4621 594 4678 ω,
631 4617 700 4668 de
727 4611 934 4668 Jacobo
991 4629 1054 4668 ac
1085 4616 1298 4668 caeteris
1320 4611 1542 4684 Josephi
1575 4615 1726 4681 tiliis,
1761 4631 1872 4670 non
1900 4615 2104 4680 Mariae,

2218 4613 2307 4666 τοῦ
2359 4613 2564 4684 Κυρίου
2616 4615 2936 4684 παρουσίαν.
2997 4614 3280 4683 Ἀδελφοὺς
3323 4615 3380 4667 δὲ
3423 4615 3619 4678 αὐτοὺς
3653 4613 3800 4682 λέγει

524 4708 617 4778 qui
649 4706 780 4759 nulli
811 4715 960 4766 sunt.
997 4706 1204 4760 dictum
1237 4707 1370 4761 illud
1411 4723 1534 4764 esse
1571 4708 1890 4762 doceamur.
1921 4707 2108 4778 Neque

520 4799 668 4854 enim
725 4798 952 4856 dubium
1005 4807 1124 4864 est,
1175 4804 1308 4870 quin
1365 4799 1644 4862 Jacohus.
1693 4817 1804 4871 quo
1863 4812 2109 4870 tempore

523 4889 782 4946 Christus
832 4891 886 4945 in
941 4893 1045 4946 hoc
1085 4893 1292 4948 mundo
1335 4895 1694 4960 versabatur,
1749 4903 1896 4950 esset
1949 4903 2112 4949 :etate

522 4987 852 5055 provectior.
889 4985 1160 5040 Caeterum
1193 4987 1394 5042 fratres
1430 4987 1578 5057 ipsos
1612 4987 1896 5058 Scriptura
1927 4995 2112 5050 vocat,

529 5077 842 5130 contrarias
891 5076 1127 5132 haereses
1177 5079 1338 5134 tacite
1385 5080 1744 5149 redarguens,
1781 5095 1844 5132 ac
1888 5080 2110 5132 nomina

525 5169 743 5222 illorum
790 5169 1132 5238 exprimens:
1185 5167 1484 5233 Jacobum,
1531 5169 1694 5234 Jose,
1745 5168 2111 5240 Symeonem,

522 5257 742 5322 Judam.
797 5261 1056 5316 Salomen
1113 5269 1167 5316 et
1209 5261 1457 5316 Mariam.
1507 5261 1584 5314 Ex
1625 5277 1734 5331 quo
1769 5261 2108 5315 declaratum

527 5352 664 5409 illud
699 5352 890 5416 voluit,
929 5352 1091 5421 cujus
1130 5352 1298 5414 ﬁlius,
1333 5359 1388 5406 et
1425 5367 1490 5404 ex
1521 5365 1628 5420 qua
1659 5357 1834 5404 matre
1867 5347 2108 5402 Iacobus

521 5453 668 5500 esset
694 5445 934 5514 genitus,
959 5455 1074 5498 tum
1101 5457 1223 5498 uter
1251 5453 1380 5498 natu
1411 5443 1672 5513 grandior
1705 5443 1863 5495 foret.
1896 5439 2108 5495 Etenim

2214 4704 2574 4774 διελέγχουσα¹
2601 4707 2633 4774 ἠ
2667 4705 2704 4756 Γ
2709 4706 2879 4776 pangi},
2919 4705 3014 4758 καὶ
3039 4705 3299 4776 ὀνομαστὶ
3333 4704 3572 4758 καλοῦσα
3618 4705 3804 4758 Ἰάκω-

2217 4797 2329 4858 ϐον,
2367 4797 2460 4849 καὶ
2512 4797 2689 4866 Ἰωσῆ.
2731 4799 2826 4850 καὶ
2856 4797 3139 4866 Συμεῶνα,
3171 4798 3264 4850 καὶ¹
3316 4797 3539 4860 Ἰούδαν,
3577 4797 3670 4848 καὶ
3699 4797 3804 4848 Σα-

2211 4889 2422 4960 λώμην,
2463 4891 2558 4944 καὶ
2597 4891 2835 4962 Μαρίαν.
2887 4891 3000 4943 Ἵνα
3041 4891 3252 4961 μάθωσι
3307 4891 3486 4943 τοίνυν
3515 4890 3658 4953 τίνος
3687 4889 3804 4954 υἱὸς

2213 4983 2492 5054 τυγχάνει,
2545 4983 2640 5036 καὶ
2688 4984 2752 5036 ἐκ
2798 4983 2958 5046 ποίας
2989 4983 3190 5054 μητρὸς
3241 4983 3270 5035 ὁ
3333 4983 3620 5046 Ἰάκωϐοςο
3673 4985 3802 5052 νοή-

2218 5091 2350 5127 σωσι
2391 5075 2448 5128 δὲ
2492 5075 2633 5128 κατὰ
2662 5075 2761 5144 τὴν
2792 5075 3007 5146 ἡλικίαν
3049 5075 3133 5139 τίς
3180 5077 3294 5128 ἐστι
3337 5075 3556 5145 μείζων.
3603 5076 3660 5128 '0
3695 5075 3804 5144 γάρ

2229 5165 2436 5236 Ἰησοῦς
2486 5166 2814 5237 σταυροῦται
2865 5169 2921 5220 ἐν
2973 5167 3081 5220 ἔτει
3132 5167 3441 5239 τριακοστῷ
3491 5168 3658 5238 τρίτῳ
3701 5167 3803 5236 τῆς

2218 5255 2382 5309 αὑτοῦ
2411 5258 2678 5327 ἐνσάρκου
2707 5259 3007 5330 παρουσίας
3029 5277 3042 5288 ·
3071 5259 3166 5312 τοῦ
3217 5259 3274 5312 δὲ
3313 5259 3550 5328 Ἡρώδου
3579 5255 3646 5330 ἦν
3679 5258 3806 5310 κατ’

2217 5348 2394 5399 ἐκεῖνο
2441 5349 2635 5420 καιροῦ
2717 5353 2816 5416 tl),
2885 5350 3005 5403 υἱοῦ
3059 5351 3115 5404 δὲ
3187 5351 3501 5420 Ἀρχελάου,
3555 5351 3670 5415 ἔτος
3727 5353 3806 5403 εί-

2217 5441 2428 5494 κοστόν.

521 5536 683 5592 .Iesus
713 5552 856 5590 anno
881 5536 1060 5592 aetatis
1087 5549 1202 5590 suae
1233 5550 1407 5590 xxxiii
1455 5535 1509 5587 in
1551 5550 1772 5587 crucem
1821 5541 1980 5586 actus
2009 5542 2116 5594 est,
2159 5531 2250 5600 qui
2283 5539 2402 5584 erat
2431 5529 2666 5586 Herodis
2695 5532 2946 5588 Archelai
2983 5535 3078 5588 lilii
3107 5537 3424 5592 vicesimus.

595 5653 614 5683 ¹
643 5649 779 5708 Luc.
807 5669 869 5714 ιι,
911 5654 998 5710 19.
1075 5655 1094 5684 ²
1130 5652 1262 5707 Luc.
1305 5669 1423 5716 vm,
1456 5649 1547 5706 9.0.

599 5771 673 5842 (Ι)
709 5775 918 5846 Τοῦμδὲ
959 5775 1218 5844 Ἡρώδου
1240 5772 1319 5846 ἦν
1340 5775 1468 5830 κατ’
1497 5773 1690 5827 ἐκεῖιό
1719 5773 1945 5836 καιροῦ.
1981 5771 2102 5824 Fal—

528 5855 649 5898 sum
681 5855 763 5898 est
797 5844 1060 5902 Herodem
1113 5844 1288 5913 illmn,
1335 5863 1442 5918 quo
1477 5854 1736 5916 regnante
1771 5859 1968 5914 passus
2025 5851 2107 5898 est

1625 5651 1645 5680 ³
1680 5649 1838 5706 Joan.
1873 5667 1970 5712 vit,

2137 5647 2158 5678 ’⁵
2197 5646 2330 5717 lirg.
2365 5645 2654 5716 συνῆφθαι.

2733 5647 2752 5677 ⁵
2781 5646 2939 5702 Deest
2967 5649 3088 5704 οὐκ.

2213 5770 2501 5836 Dotnintts,
2533 5769 2784 5823 Archelai
2835 5769 3004 5824 fuisse
3051 5772 3240 5834 lilium,
3291 5773 3574 5839 multoque
3625 5785 3800 5840 magis

2217 5842 2358 5910 quod
2393 5849 2443 5896 et
2475 5840 2636 5911 paulo
2669 5849 2811 5910 post,
2845 5849 2898 5896 et
2927 5841 3084 5897 initio
3125 5843 3307 5912 operis
3343 5843 3531 5910 hujus,
3565 5845 3618 5896 in
3647 5851 3802 5898 calce
