4134 6392
339 393 443 448 715

410 515 464 566 I'.

351 603 611 675 Ἦρώδου,
662 602 778 656 υἱοῦ
842 605 1218 676 Ἀντιπάτρου,
1261 607 1518 673 γεννᾶται
1553 606 1582 658 6
1629 604 1817 674 Σωτήρ
1863 605 1919 656 ἐν

337 695 589 765 Βηθλεὲμ
615 692 713 764 τῆς
759 695 1039 757 Ἰουδαίας.
1070 696 1206 768 ὅπερ
1243 692 1310 767 ἦν
1335 696 1769 764 τεσσαρακοστὸν
1801 693 1928 754 δεύσ,

337 804 497 860 τερον
548 788 860 855 Αὐγούστου
891 788 1189 857 .βασιλέως.
1239 790 1349 841 Καὶ
1377 790 1609 858 ποιήσας
1656 787 1751 856 ἕτη
1805 785 1916 850 δύο,

339 876 675 948 λαμϐάνεται
725 879 829 930 ὑπο
869 877 962 930 τοῦ
1015 880 1210 948 Ἰωσὴφ
1252 881 1332 940 εἰς
1375 880 1672 947 Αἴγυπτον,
1720 878 1807 932 διὰ
1850 879 1921 932 τά

338 971 445 1023 ὑπο
484 970 592 1022 τῶν
634 970 824 1040 μάγων
871 969 948 1039 τῷ
991 965 1204 1040 Ἡρώδῃ
1235 971 1498 1040 εἰρημένα
1535 970 1629 1022 τοῦ
1681 971 1918 1042 Ἡρώδου

339 1061 630 1132 ζητοῦντος
675 1061 766 1113 τὸν
799 1061 980 1114 παῖδα.
1022 1061 1248 1113 Κάτεισι
1279 1060 1335 1112 δὲ
1380 1063 1461 1124 εἰς
1483 1061 1780 1129 Αἴγυπτον,
1826 1062 1922 1114 καὶ

337 1152 482 1204 τελεῖ
523 1153 699 1204 ἐκεῖσε
731 1151 867 1205 ἄλλα
916 1151 1009 1204 δύο
1039 1151 1154 1220 ἔτη.
1201 1149 1304 1203 Καὶ
1333 1150 1558 1221 τελευτᾷ
1605 1151 1849 1224 Ἡρώδης
1890 1153 1919 1204 6

341 1241 593 1312 βασιλεὺς
658 1240 765 1293 ἔτει
829 1239 1139 1312 τριακοστῷ
1199 1240 1432 1310 ἑϐδόμῳ.
1503 1241 1814 1310 Διαδέχεται
1865 1241 1921 1293 δὲ

338 1333 528 1386 τοῦτον
593 1333 881 1404 Ἀρχέλαος
917 1335 944 1384 6
994 1332 1109 1395 υἱὸς
1152 1332 1316 1385 αὑτοῦ
1373 1334 1465 1384 ἐπὶ
1523 1332 1698 1386 ἔτεσιν
1743 1333 1918 1386 ἐννέα.

338 1428 451 1480 Καὶ
485 1425 656 1487 οὕτως
687 1428 720 1495 ή
759 1425 1114 1496 πραγματεία
1153 1424 1475 1491 τελειοῦται,
1509 1426 1603 1478 καὶ
1635 1425 1921 1494 παραδίδο-

337 1537 428 1573 ται
459 1519 675 1590 σταυρῴ
705 1517 1154 1588 ὀκτωκαιδεκάτῳ
1203 1517 1300 1587 μὲν
1339 1516 1446 1570 ἔτει
1490 1517 1737 1590 Τιϐερίου
1788 1517 1923 1570 Καί-

342 1629 541 1681 σαρος,
618 1611 712 1663 τοῦ
768 1611 824 1663 δὲ
883 1611 1165 1681 Ἀγρίππα
1220 1611 1605 1682 ἐπικληθέντος
1646 1612 1920 1680 Μεγάλοι,

350 1703 592 1773 Ἡρώδου
625 1697 680 1751 δὲ
720 1699 1029 1772 Νεωτέρου,
1084 1702 1200 1754 υἱοῦ
1234 1703 1291 1755 δὲ
1348 1703 1660 1774 Ἀρχελάου,
1705 1703 1822 1766 ἔτος
1855 1699 1922 1773 ἦν

339 1796 604 1848 εἰκοστόν.
648 1794 898 1864 Οὐδαμοῦ
943 1795 1000 1846 δὲ
1053 1793 1367 1866 ἠκούσαμεν
1408 1797 1501 1848 τὸν
1543 1796 1740 1866 Ἰωσὴφ
1772 1796 1923 1858 υἱοὺς

340 1887 696 1956 πεποιηκότα.
749 1886 886 1938 Ἀλλ’
940 1885 1085 1952 οὔτε,
1149 1888 1286 1958 μετά
1335 1888 1395 1940 τὸ
1451 1886 1626 1940 ἐλθεῖν
1671 1886 1778 1939 ἀπὸ
1825 1886 1924 1956 τῆς
1957 1865 2000 1920 Β

338 1981 642 2050 Αἰγύπτου,
673 1982 703 2033 6
735 1981 893 2044 αὐτὸς
928 1981 1154 2033 ἐϐίωσεν
1199 1982 1292 2034 ἐπὶ
1345 1981 1559 2044 πολλοῖς
1609 1980 1772 2034 ἔτεσι.
1825 1980 1923 2032 Τέ-

339 2091 537 2145 ταρτον
569 2072 680 2143 γὰρ
707 2067 775 2142 ἦν
814 2071 933 2134 ἔτος
960 2072 1038 2142 τῷ
1072 2073 1287 2144 Σωτῆρι
1308 2091 1319 2103 ·
1353 2073 1431 2144 τῷ
1460 2073 1516 2126 δὲ
1562 2072 1759 2141 Ἰωσὴφ
1787 2072 1926 2142 ὑπὲρ

342 2165 463 2228 ἔτος
507 2163 868 2235 ὀγδοηκοστὸν
916 2163 1200 2234 τέταρτον,
1256 2165 1343 2217 ὅτε
1392 2167 1456 2218 ἐκ
1501 2166 1599 2235 τῆς
1653 2164 1926 2232 Αἰγύπτου

341 2257 528 2328 χώρας
579 2255 932 2328 παρεγένετο.
990 2257 1101 2310 Καὶ
1144 2257 1410 2328 διέμεινεν
1457 2257 1594 2311 ἄλλα
1637 2257 1731 2327 ἔτη
1783 2255 1928 2309 ὀκτὼ

353 2350 554 2421 Ἰωσὴφ
584 2347 813 2419 περιὼν,
844 2349 940 2402 καὶ
988 2351 1044 2402 ὲν
1098 2349 1176 2420 τῷ
1212 2350 1420 2419 δεκάτῳ
1451 2353 1465 2381 ⁸
1496 2351 1629 2412 ἔτει,
1668 2351 1928 2402 ἀνιόντων

343 2443 437 2498 ἐπὶ
483 2441 861 2514 Ἰερουσαλὴμ,
893 2439 1155 2513 ἐζητήθη,
1186 2443 1272 2495 ὅτε
1311 2443 1409 2514 οὐχ
1452 2443 1735 2514 εὑρίσκετο
1771 2444 1828 2494 ἐν
1860 2443 1927 2512 τῇ

342 2535 640 2607 ὁδοιπορίᾳ,
673 2535 749 2598 ὡς
779 2535 891 2604 ἔχει
924 2534 984 2587 τὸ
1015 2536 1156 2589 κατὰ
1184 2537 1397 2588 Λουκᾶν
1426 2535 1773 2604 Εὑαγγέλιον.
1817 2537 1930 2590 Μέ-

347 2647 438 2682 σον
469 2629 526 2682 δὲ
555 2627 760 2682 τούτων
800 2627 909 2681 τῶν
947 2627 1086 2682 ἐτῶν
1127 2629 1352 2700 τελευτᾷ
1397 2630 1614 2699 Ἰωσὴφ,
1681 2630 1772 2682 καὶ
1833 2631 1929 2683 άν-

343 2720 556 2792 ετράφη
601 2719 785 2773 οὐκέτι
839 2720 944 2773 ὑπὸ
993 2721 1084 2774 τὸν
1125 2721 1345 2791 Ἰωσὴφ,
1391 2721 1504 2773 ἀλλ’
1547 2723 1628 2784 εἰς
1666 2721 1755 2773 τὸν
1785 2719 1930 2774 οἷκον

344 2812 441 2866 τοῦ
492 2813 708 2882 Ἰωσήφ.
745 2813 908 2866 Ὅθεν
945 2814 1129 2867 οὐκέτι
1164 2813 1225 2866 τὸ
1251 2815 1580 2882 Εὑαγγέλιον
1610 2815 1806 2884 φάσκει
1839 2815 1931 2866 λέ-

345 2895 790 2972 γον,ὅτι⁷Ηλθεν
822 2905 852 2955 6
886 2905 1068 2975 πατὴρ
1108 2905 1296 2968 αὑτοῦ,
1328 2909 1422 2959 καὶ
1451 2909 1484 2976 ἡ
1527 2908 1708 2977 μήτηρ
1743 2904 1930 2967 αὐτοῦ,

347 2993 442 3046 καὶ
480 2994 528 3043 οί
579 2991 830 3062 ἀδελφοί·
881 2995 1018 3061 ἀλλ’,
1065 2995 1220 3050 Ἰδοὺ
1272 2997 1310 3064 ἡ
1339 2996 1537 3065 μήτηρ
1567 3012 1706 3060 σου,
1751 2995 1850 3050 καὶ
1877 2997 1934 3050 οὶ

347 3085 602 3155 ἀδελφοί
628 3102 746 3141 σου
772 3087 891 3151 ἕξω
937 3089 1293 3160 ἑστήκασιν.
1348 3091 1488 3144 Ἀλλ’
1517 3091 1640 3145 οὕτε
1683 3092 1773 3144 ὅτε
1818 3090 1935 3143 ἕλε-

348 3194 445 3246 γον
489 3178 639 3250 αὑτῷ
671 3181 730 3233 ὲν
773 3184 838 3252 τῇ
883 3177 1155 3255 Ἰδουμαίᾳ
1206 3186 1251 3214 ¹⁶
1289 3183 1499 3250 Οὐδεὶς
1530 3184 1717 3238 ταῦτα
1747 3183 1935 3237 ποιῶν
1962 3223 1973 3255 Α

351 3268 510 3326 θέλει
540 3272 611 3324 ἐν
655 3273 896 3341 κρυπτῷ
933 3271 1107 3328 εἶναι.
1155 3278 1225 3329 Εἰ
1269 3277 1457 3330 ταῦτα
1509 3276 1716 3342 ποιεῖς,
1751 3276 1934 3346 φανέ-

281 3421 288 3424 _
343 3378 549 3431 ρωσον
577 3364 880 3423 σεαυτὸν,
935 3366 1036 3418 οὐκ
1077 3361 1250 3430 εἶπεν,
1281 3363 1544 3419 ὃτιΕἷπεν
1573 3365 1722 3436 αὑτῷ
1767 3369 1795 3420 6
1830 3384 1935 3420 πα-

351 3455 458 3526 τὴρ
495 3453 684 3519 αὐτοῦ,
733 3456 829 3510 καὶ
871 3457 919 3509 οἱ
973 3456 1192 3526 ἀδελφοὶ
1238 3457 1430 3519 αὐτοῦ,
1473 3457 1587 3510 ἀλλ’
1638 3460 1686 3511 οἱ
1715 3458 1937 3527 ἀδελφοὶ

351 3547 538 3615 αὐτοῦ,
573 3547 650 3612 ὡς
677 3548 772 3601 τοῦ
815 3549 1014 3618 Ἰωσὴφ
1057 3550 1256 3621 μηκέτι
1301 3551 1638 3620 ὑπάρχοντος
1689 3550 1834 3604 κατὰ
1876 3551 1938 3602 τὸ

354 3642 534 3713 σῶμα.
567 3640 701 3698 Εἶτα
747 3644 803 3698 δὲ
848 3645 934 3697 ἐπ’
959 3646 1095 3717 αὐτῇ
1125 3649 1190 3714 τῇ
1218 3646 1515 3709 τελειώσει,
1561 3647 1650 3699 ὅτε
1678 3648 1706 3698 6
1749 3644 1939 3716 Σωτὴρ

352 3735 412 3786 ἐν
449 3734 527 3806 τῷ
561 3735 778 3806 σταυρῷ
819 3735 1066 3808 ἔστηκεν,
1115 3736 1191 3801 ὡς
1239 3737 1350 3808 ἔχει
1382 3738 1444 3791 τὸ
1491 3737 1633 3791 κατὰ
1689 3737 1940 3805 Ἰωάννην

353 3828 704 3896 Εὑαγγέλιον,
755 3829 1067 3898 Στραφεὶς,
1120 3831 1306 3900 φησιν,
1343 3825 1462 3884 εἶδε
1505 3829 1613 3884 τὸν
1635 3828 1936 3898 μαθητὴν,

353 3921 428 3975 ὃν
466 3920 667 3991 ἠγάπα
700 3925 733 3975 ό
767 3924 1001 3990 Κύριος,
1034 3921 1130 3976 καὶ
1161 3919 1313 3976 εἶπεν
1349 3922 1499 3994 αὐτῷ
1540 3925 1668 3993 περὶ
1695 3923 1936 3994 Μαρίας·

368 4013 525 4068 Ἰδοὺ
570 4016 609 4083 ἡ
637 4014 838 4084 μήτηρ
869 4025 1020 4068 σουδ
1083 4015 1178 4068 καὶ
1206 4018 1273 4086 τῇ
1301 4016 1435 4087 αὐτῇ
1480 4015 1660 4084 λέγει·
1717 4016 1862 4069 Ἰδοὺ
1910 4017 1943 4069 ό

354 4106 487 4171 υἱός
513 4120 652 4159 σου.
687 4107 750 4158 El
779 4103 920 4177 ἦσαν
960 4107 1018 4160 δὲ
1041 4107 1208 4161 τέκνα
1230 4111 1295 4178 τῇ
1326 4108 1536 4178 Μαρίᾳ,
1566 4109 1659 4160 καὶ
1687 4110 1733 4159 εὶ
1768 4108 1944 4178 ὑπῆρ-

352 4213 450 4270 χεν
495 4199 632 4269 αὐτῇ
669 4198 832 4270 ἀνὴρ,
861 4199 967 4251 τίνι
999 4198 1142 4269 λόγῳ
1172 4200 1458 4270 παρεδίδου
1490 4200 1589 4270 τὴν
1622 4199 1838 4271 Μαρίαν
1865 4196 1944 4268 τῷ

369 4291 612 4362 Ἰωάννῃ,
666 4292 757 4346 καὶ
802 4291 894 4344 τὸν
936 4292 1188 4362 Ἰωάννην
1223 4295 1288 4362 τῇ
1333 4292 1554 4363 Μαρίᾳ;
1601 4292 1717 4345 Τίνι
1763 4293 1820 4345 δὲ
1867 4291 1945 4362 τῷ

356 4383 502 4454 λόγῳ
552 4383 747 4453 Πέτρῳ
822 4383 1022 4454 μᾶλλον
1067 4384 1128 4437 οὐ
1176 4384 1546 4455 παραδίδωσι;
1594 4383 1699 4437 τίνι
1750 4384 1807 4437 δὲ
1866 4383 1946 4455 τῷ

356 4474 502 4545 λόγῳ
565 4474 824 4546 Ἀνδρέᾳ,
885 4475 1151 4546 Ματθαίῳ
1216 4492 1276 4527 τε
1345 4476 1440 4528 καὶ
1505 4475 1944 4546 Βαρθολομαίῳ;

929 395 1300 452 ADVERSUS
1340 396 1682 452 HIERESES
1720 395 1846 450 LIB.
1889 394 1976 449 ΙΙΙ.
2015 393 2174 450 ΤΟΜ.
2221 394 2286 449 ll.
2327 426 2396 434 —
2434 394 2711 450 HERES.
2750 394 3029 449 LXXVIII.

520 512 608 565 Ἐν
637 509 746 583 γὰρ
789 509 867 582 τῷ
895 514 1198 584 τριακοστῷ
1239 514 1408 584 τρίτῳ
1438 513 1547 565 ἔτει
1573 510 1666 564 τοῦ
1701 512 1916 582 πρώτου

2097 509 2166 566 Χ.
2207 511 2366 564 Anno
2400 511 2600 581 quippe
2634 510 2861 566 Herodis
2906 511 3139 566 senioris
3183 509 3454 580 Antipatri
3499 509 3595 564 filii

3487 395 3594 446 7H

2022 603 2184 656 tertio
2244 617 2308 657 ac
2357 604 2642 657 tricesimo
2695 603 2949 658 Christus
2998 601 3334 657 Bethlehemi
3396 599 3598 656 Judtea:

2021 695 2288 757 nascitur,
2345 695 2571 763 Augusti
2621 710 2752 749 vero
2809 709 2941 748 xw.
2995 693 3201 750 Deinde
3249 700 3374 764 post
3422 708 3598 748 annos

2021 787 2160 840 duos
2189 787 2246 840 in
2291 785 2587 857 JEgyptnm
2639 787 2708 841 ab
2745 785 2982 856 Josepho
3030 794 3436 855 transportatus
3479 796 3598 848 est,

2023 894 2146 932 cum
2187 877 2432 933 Herodes
2454 880 2523 933 oh
2546 894 2631 942 ea,
2663 894 2784 947 qua:
2810 880 2950 949 magi
2978 879 3448 940 renuntiaverant,
3470 895 3604 948 pue~

2021 985 2142 1023 rum
2197 970 2264 1023 ad
2315 986 2502 1024 necem
2574 970 2893 1039 requireret.
2961 968 3144 1035 Quare
3197 971 3252 1025 in
3303 969 3605 1041 Egyptum

2024 1061 2302 1130 profectus
2334 1062 2554 1116 biennio
2600 1063 2713 1116 illic
2745 1071 2990 1117 moratus
3015 1071 3120 1118 est.
3161 1061 3290 1116 Post
3333 1063 3448 1116 haec
3497 1061 3597 1117 He-

2023 1148 2185 1205 rodes
2251 1151 2388 1205 obiit
2434 1165 2579 1204 anno
2639 1151 2791 1219 regni
2851 1151 2936 1204 sui
2992 1167 3200 1206 xxxvii.
3245 1150 3457 1224 1042
3498 1152 3600 1208 Cui

2025 1241 2290 1296 successit
2334 1242 2635 1297 Archelaus
2680 1243 2842 1305 filius,
2877 1243 2968 1313 qui
3017 1261 3070 1297 ix
3120 1244 3280 1299 annis
3333 1246 3601 1315 regnavit.

2025 1331 2100 1385 Ita
2134 1334 2482 1402 postmodum
2516 1334 2769 1389 Christus
2799 1351 2866 1389 eo
2907 1336 3074 1400 omni,
3109 1337 3269 1405 cujus
3301 1339 3473 1402 gratia
3515 1354 3609 1393 ve-

2024 1433 2202 1487 nerat,
2256 1427 2507 1480 absoluto
2548 1426 2786 1496 negotio,
2834 1427 2887 1480 in
2931 1442 3150 1482 crucem
3184 1429 3413 1493 tollitur,
3459 1443 3607 1484 anno

2025 1515 2227 1570 Tiberii
2259 1517 2493 1572 Caesaris
2523 1534 2681 1581 xvm,
2707 1519 2800 1588 qui
2828 1526 2947 1573 erat
2974 1521 3226 1590 Agrippa:
3258 1520 3461 1591 Magni,
3489 1523 3606 1577 sive

2027 1608 2257 1665 Herodis
2288 1609 2534 1664 Junioris
2564 1609 2817 1665 Archelai
2851 1611 2967 1675 ﬁlii,
3003 1627 3180 1667 annus
3212 1629 3303 1666 xx.
3325 1611 3605 1684 Nusquam

2024 1715 2155 1754 vero
2191 1699 2486 1770 Josephum
2523 1703 2836 1770 suscepisse
2884 1704 3088 1759 liberos
3129 1705 3458 1774 accepimus.
3501 1707 3610 1762 Sed
3655 1757 3660 1761 .

2027 1808 2201 1862 neque
2232 1805 2586 1862 posteaquam
2616 1811 2680 1848 ex
2717 1793 2955 1866 Egypto
3000 1797 3180 1861 rediit,
3224 1797 3316 1852 diu
3361 1801 3610 1869 supervi-
3657 1866 3659 1868 η

2032 1885 2130 1938 xit.
2162 1886 2365 1955 Agebat
2415 1897 2529 1940 tum
2559 1887 2814 1943 Christus
2860 1904 3064 1943 annum
3111 1890 3290 1946 aetatis
3328 1901 3610 1962 quartum.

2031 1977 2304 2045 Josephus
2351 1993 2552 2032 Lxxxrv
2601 1989 2937 2044 excesserat,
2986 1997 3111 2034 cum
3145 1997 3210 2037 ex
3245 1982 3483 2056 Egypto
3522 2001 3612 2040 re-

2033 2082 2225 2122 versus
2253 2075 2358 2121 est.
2395 2065 2524 2122 Post
2566 2069 2680 2123 haec
2708 2070 2832 2125 aliis
2870 2087 2966 2126 vm
2997 2073 3150 2127 vixit.
3187 2073 3323 2127 Nam
3354 2074 3612 2133 Christus

2035 2173 2238 2212 annum
2274 2173 2442 2228 agens
2475 2175 2574 2223 χιι,
2606 2175 2730 2213 eum
2776 2159 3208 2233 Hierosolymam
3247 2164 3478 2234 profecti
3523 2183 3615 2222 es-

2036 2259 2192 2311 sent,
2237 2251 2500 2318 qutesitns
2547 2261 2651 2313 est,
2684 2252 2830 2320 quod
2873 2253 2928 2305 in
2973 2253 3170 2308 itinere
3199 2271 3307 2309 non
3341 2264 3490 2311 esset
3518 2273 3613 2312 re-

2039 2353 2245 2409 pertus,
2289 2350 2348 2395 ut
2377 2341 2538 2396 Lucae
2570 2351 2804 2397 testatur
2830 2343 3183 2416 Evangelium
3207 2346 3244 2400 ³.
3279 2347 3449 2404 Porro
3476 2365 3615 2405 non-

2037 2435 2165 2489 duin
2189 2436 2426 2490 evolutis
2456 2436 2617 2490 annis
2640 2436 2748 2491 illis
2775 2436 3048 2507 Iosephus
3078 2439 3332 2504 moritur,
3363 2456 3427 2496 ac
3454 2441 3617 2500 Jesus

2038 2543 2146 2582 non
2183 2529 2418 2598 amplius
2453 2529 2555 2584 sub
2589 2529 2705 2592 illo,
2742 2530 2838 2583 sed
2883 2529 2939 2584 in
2984 2531 3104 2600 ejus
3145 2533 3307 2587 domo
3349 2533 3620 2591 duntaxat

2037 2622 2305 2678 educatus
2333 2633 2439 2678 est.
2478 2621 2614 2676 Hinc
2658 2631 2743 2677 est
2771 2625 2917 2694 quod
2947 2625 3001 2678 in
3033 2625 3325 2699 Evangelio
3363 2645 3473 2684 non
3503 2629 3619 2699 jam

2039 2715 2173 2769 illud
2207 2717 2411 2770 dicitur
2439 2735 2451 2770 :
2482 2717 2643 2772 Venit
2671 2727 2825 2787 pater
2863 2717 3060 2788 ipsius,
3092 2727 3146 2774 et
3188 2729 3383 2787 mater,
3413 2733 3467 2778 et
3512 2723 3622 2778 fra-

2037 2814 2152 2863 tres
2189 2809 2309 2877 ejus
2333 2850 2347 2874 ,
2383 2808 2477 2863 sed
2508 2823 2524 2861 :
2557 2808 2690 2863 Ecce
2722 2817 2888 2864 mater
2927 2821 3040 2873 tua,
3077 2821 3127 2866 et
3159 2813 3353 2881 fratres
3384 2817 3460 2868 tui
3489 2815 3620 2885 fori!

2041 2911 2185 2955 stant
2209 2902 2262 2968 ‘;
2293 2900 2388 2957 sed
2413 2917 2590 2972 neque
2613 2918 2736 2956 cum
2767 2904 2821 2958 in
2850 2903 3070 2959 Galilaza
3099 2906 3178 2960 sic
3204 2907 3353 2960 illum
3381 2909 3624 2980 alloqnea

2039 3002 2232 3049 rentur
2261 3013 2272 3048 :
2301 2994 2471 3049 Nemo
2516 2995 2626 3049 hinc
2690 3013 2848 3066 agens
2881 2998 2936 3049 in
2986 3001 3190 3053 occulto
3232 3002 3428 3054 versari
3459 3005 3619 3069 cupit.

2042 3085 2103 3142 Si
2153 3087 2264 3141 ha’c
2315 3087 2483 3156 facis,
2525 3086 2697 3155 praebe
2736 3097 2785 3140 te
2835 3089 3246 3156 manifestum":
3296 3105 3403 3145 non
3437 3093 3619 3148 dixit:

2039 3179 2206 3236 Pater
2243 3180 2418 3250 ipsius
2441 3190 2494 3236 et
2522 3181 2744 3243 fratres,
2786 3181 2882 3236 sed
2922 3181 3120 3236 fratres
3157 3182 3351 3251 ipsius,
3381 3199 3446 3237 eo
3473 3187 3624 3253 quod

2037 3267 2309 3341 Iosephus
2337 3273 2395 3325 in
2423 3287 2655 3341 corpore
2702 3287 2826 3327 esse
2865 3270 3143 3329 desiisset.
3188 3273 3333 3339 Quin
3355 3275 3519 3330 etiam
3565 3278 3622 3334 in

2039 3366 2162 3434 ipso
2196 3365 2321 3417 vitae
2352 3364 2522 3427 exitu,
2576 3379 2698 3417 cum
2743 3362 2996 3419 Christus
3028 3365 3083 3417 in
3132 3379 3297 3419 cruce
3339 3368 3621 3436 penderet,

2041 3467 2100 3512 ιιι
2131 3459 2185 3512 in
2221 3437 2449 3513 Joannis
2486 3456 2780 3526 Evangelio
2806 3458 3068 3526 scriptum
3103 3466 3188 3511 est
3209 3458 3263 3512 °:
3294 3458 3586 3517 Conversus
3606 3505 3623 3527 ,

2041 3547 2240 3616 inquit,
2277 3545 2404 3599 vidit
2449 3546 2788 3613 discipulum,
2841 3561 2989 3615 quem
3029 3545 3285 3616 diligebat
3333 3547 3626 3621 Dominus,

2041 3639 2201 3708 eique
2233 3638 2301 3692 de
2335 3638 2505 3692 Maria
2540 3640 2716 3694 dixit:
2751 3640 2883 3696 Ecce
2914 3653 3083 3697 mater
3107 3654 3242 3710 tua;
3274 3652 3387 3698 tum
3421 3648 3579 3700 matri
3608 3666 3623 3704 :

2043 3728 2180 3783 Ecce
2215 3729 2362 3798 ﬁlius
2397 3741 2536 3786 tuus.
2585 3734 2749 3803 Atqui
2781 3735 2826 3787 si
2863 3734 3026 3790 Maria
3069 3739 3272 3794 liberos
3319 3741 3626 3804 habuisset,

2046 3832 2140 3876 aut
2173 3830 2451 3892 superstes
2489 3824 2572 3878 vir
2619 3826 2739 3894 ejus
2793 3827 3008 3891 fuisset,
3059 3845 3160 3884 cur
3201 3833 3348 3886 illam
3395 3832 3626 3893 Joanni.

2041 3906 2310 3964 Joannem
2360 3911 2436 3964 illi
2476 3914 2921 3971 commendaret?
2964 3916 3164 3973 Verum
3198 3936 3298 3974 cur
3327 3937 3435 3975 non
3466 3921 3627 3979 Petro

2044 4003 2250 4072 potius,
2298 4006 2383 4060 vel
2424 4005 2676 4071 Andreae,
2723 4011 2806 4063 vel
2865 4005 3120 4065 Matthaao
3165 4011 3629 4070 Bartholomaaove

2047 4098 2432 4156 commendat?
2464 4097 2731 4154 Nimirum
2767 4099 2962 4156 Joanni
2996 4115 3216 4174 propter
3254 4105 3628 4175 virginitatem

2049 4189 2152 4244 hoc
2181 4191 2412 4245 tribuit:
2440 4191 2594 4254 Ecce,
2633 4194 2830 4262 inquit,
2871 4207 3037 4249 mater
3074 4207 3186 4250 tua.
3219 4195 3545 4268 Quanquam
3580 4199 3626 4254 si

2047 4297 2251 4352 corpus
2301 4286 2654 4350 consideres,
2705 4286 2931 4344 Joannis
2979 4297 3153 4344 mater
3189 4306 3295 4344 non
3330 4303 3480 4354 erat,
3533 4292 3628 4348 sed

2048 4392 2169 4431 eam
2221 4377 2394 4446 ipsam
2441 4380 2772 4449 virginitatis
2806 4397 2932 4436 esse
2971 4384 3271 4452 principem
3319 4383 3631 4454 significare

2001 4467 2252 4540 ovolnit,
2302 4470 2560 4537 quoniam
2621 4471 2690 4524 ab
2741 4471 2832 4525 illa
2880 4473 2990 4526 vita
3038 4476 3328 4542 processit.
3383 4474 3466 4528 Ad
3514 4474 3634 4529 haec

371 4565 533 4619 Ἀλλὰ
575 4566 857 4635 δῆλον,ὄτι
897 4568 1116 4638 Ἰωάννῃ
1172 4565 1256 4619 διὰ
1283 4565 1380 4638 τὴν
1422 4566 1752 4638 παρθενίαν·
1796 4560 1934 4622 Ἰδοὺ

2048 4557 2340 4623 Joannem,
2392 4558 2517 4616 licet
2555 4562 2766 4618 alienus
2796 4578 2860 4618 ac
2906 4565 3131 4620 minime
3165 4567 3508 4637 propinquus
3537 4583 3632 4622 es-

356 4659 466 4730 γὰρ
488 4661 526 4726 ἡ
542 4658 741 4728 μήτηρ
761 4675 900 4713 σου.
928 4660 1121 4713 Καίτοι
1139 4676 1202 4728 γε
1229 4659 1328 4711 οὐκ
1348 4655 1415 4729 ἦν
1448 4660 1630 4730 μήτηρ
1657 4658 1821 4712 αὑτοῦ
1846 4657 1942 4711 τοῦ

371 4751 620 4806 Ἰωάννου
653 4751 794 4806 κατὰ
833 4754 1012 4824 σάρκα
1031 4769 1045 4784 ’
1089 4753 1202 4806 ἀλλ’
1233 4752 1322 4806 ἵνα
1353 4753 1500 4824 δείξῃ
1531 4753 1698 4824 αὐτὴν
1731 4754 1946 4824 μητέρα

359 4843 602 4914 ἀρχηγὸν
628 4844 728 4913 τῆς
754 4843 1049 4911 παρθενίας
1069 4861 1082 4873 ·
1128 4844 1311 4916 ἐπειδὴ
1343 4845 1403 4908 ἐξ
1427 4845 1596 4914 αὐτῆς
1623 4846 1655 4914 ή
1701 4842 1814 4914 ζωὴ
1840 4839 1907 4915 ἦν
1926 4859 1942 4876 ο

360 4935 454 4988 καὶ
479 4934 557 5004 τῷ
595 4935 838 5007 Ἰωάννῃ,
855 4935 1032 4988 καίτοι
1059 4952 1122 5002 γε
1148 4935 1262 4988 δντι
1281 4936 1424 4989 κατά
1454 4935 1632 5005 σάρκα
1657 4935 1943 5006 ἀλλοτρίῳ,

359 5026 565 5094 ἔλεγεν,
613 5026 700 5079 ἵνα
745 5026 931 5098 διδάξῃ
979 5029 1143 5098 τιμᾷν
1179 5027 1278 5098 τὴν
1320 5027 1454 5080 ἰδίαν
1501 5026 1665 5080 αὐτοῦ
1710 5028 1944 5098 μητέρα,

359 5119 441 5173 ὅτι
467 5119 544 5190 τῷ
587 5119 686 5190 μὲν
718 5118 833 5172 δντι
873 5120 1014 5173 κατὰ
1056 5121 1235 5188 σάρκα
1277 5121 1336 5184 ἐξ
1370 5120 1539 5190 αὐτῆς
1568 5120 1731 5184 αὐτὸς
1754 5120 1783 5170 ὁ
1833 5119 1947 5173 Κύ-

363 5228 479 5283 ριος
538 5211 882 5283 γεγέννηται,
936 5211 1022 5264 ἵνα
1070 5213 1144 5283 μή
1184 5229 1268 5275 τις
1317 5211 1514 5283 νομίσῃ
1547 5212 1766 5282 δόκησιν
1811 5207 1947 5265 εἶναι

359 5305 460 5377 τήν
507 5305 914 5376 πραγματείαν,
955 5305 1050 5358 καὶ
1077 5304 1178 5356 οὑκ
1220 5303 1496 5374 ἀλήθειαν.
1543 5303 1604 5356 El
1638 5304 1713 5375 μὴ
1744 5300 1948 5375 γὰρῆν

359 5396 524 5452 αὐτοῦ
559 5397 774 5461 άληθῶς
820 5399 1000 5468 μήτηρ
1048 5396 1188 5450 κατὰ
1243 5397 1423 5468 σάρκα
1461 5398 1712 5467 κυήσασα
1760 5397 1944 5461 αὑτὸν,

432 5559 450 5590 ¹
486 5555 546 5612 F.
573 5559 882 5630 δωδεκάτῳ.

983 5563 1002 5591 ³
1032 5559 1088 5613 F.
1125 5559 1182 5610 ἐν
1219 5561 1286 5629 τῆ
1321 5559 1600 5633 Γαλιλαίᾳ.

358 5629 429 5684 Ξϐ
462 5647 584 5702 s1q.

1718 5559 1737 5590 ³
1769 5558 1900 5613 Luc.
1941 5574 2000 5624 ιι,
2027 5557 2115 5612 82.

2051 4659 2155 4714 set,
2183 4653 2366 4707 verbis
2391 4653 2500 4707 illis
2525 4653 2720 4709 affatus
2747 4664 2853 4721 est,
2879 4657 2958 4710 uti
2984 4668 3212 4712 matrem
3245 4659 3628 4715 honorandam

2049 4759 2174 4800 esse
2217 4753 2567 4801 monstraret.
2615 4748 2891 4818 Siquidem
2927 4765 2995 4804 ex
3033 4751 3125 4804 illa
3159 4749 3446 4815 Dominus,
3480 4753 3631 4822 quod

2050 4835 2120 4888 ad
2155 4851 2355 4906 corpus
2387 4838 2601 4902 attinet,
2645 4855 2833 4895 revera
2879 4851 3040 4896 natus
3079 4851 3182 4906 est,
3225 4858 3294 4897 ne
3336 4845 3461 4915 quis
3513 4843 3630 4898 for-

2049 4933 2200 4982 tasse
2243 4935 2419 4982 totum
2454 4930 2853 4987 incarnationis
2897 4933 3176 5003 negotium
3216 4941 3368 5003 putet
3403 4943 3632 4990 externa

2052 5021 2265 5090 specie,
2315 5038 2423 5077 non
2476 5025 2708 5080 veritate
2756 5034 3033 5081 constare.
3091 5025 3300 5098 105,3
3338 5026 3474 5081 Nam
3523 5028 3633 5083 nisi

2053 5129 2181 5169 vere
2222 5125 2395 5170 mater
2431 5117 2551 5185 ejus
2585 5117 2907 5185 exstitisset,
2944 5134 2972 5173 a
3005 5134 3113 5189 qua
3145 5134 3369 5173 carnem
3414 5134 3635 5191 accepe-

2052 5216 2159 5273 rat,
2193 5223 2420 5279 quteque
2451 5211 2628 5279 ipsum
2659 5219 2964 5280 pepererat,
2989 5226 3096 5264 non
3131 5218 3338 5266 tantam
3369 5212 3416 5266 ei
3442 5214 3631 5266 curam

2053 5301 2376 5366 adhiberet,
2412 5310 2471 5356 ut
2509 5313 2825 5373 perpetuam
2869 5302 3146 5373 Virginem
3180 5303 3633 5370 commendaret;

2054 5409 2176 5463 quae
2204 5402 2260 5448 et
2291 5402 2465 5448 mater
2491 5395 2560 5448 ob
2588 5406 2902 5464 susceptum
2928 5409 2991 5447 ex
3034 5393 3152 5464 ipsa
3181 5408 3382 5464 corpus
3418 5393 3634 5461 fuisset,

2219 5558 2240 5589 ⁸
2267 5555 2398 5612 Luc.
2436 5571 2554 5619 vin,
2577 5555 2669 5614 20.
2816 5556 2976 5611 Joan.
3007 5571 3104 5620 vn,
3123 5555 3178 5610 4.
3279 5555 3299 5586 ⁸
3326 5555 3490 5612 Joan.
3517 5571 3630 5625 xrx,

360 5767 492 5820 tomi
539 5765 737 5834 prioris
777 5763 954 5834 (hujus
983 5761 1108 5815 edit.
1140 5762 1334 5815 votum.
1366 5760 1414 5824 I,
1461 5761 1562 5834 eol.
1592 5762 1722 5824 275)
1750 5805 1764 5827 ,
1809 5760 2119 5834 affirmavit,
2171 5755 2440 5812 Herodem
2475 5758 2767 5830 Agrippam
2811 5758 2999 5815 fuisse.
3043 5756 3166 5813 Fuit
3198 5757 3342 5816 enim
3376 5757 3624 5820 Herodes

360 5832 589 5906 Antipas
615 5835 844 5888 Herodis
899 5833 1075 5903 Magni
1117 5835 1281 5894 filius,
1325 5842 1385 5886 ut
1427 5832 1492 5887 ad
1523 5834 1674 5888 illum
1713 5836 1892 5889 locum
1932 5832 2280 5887 observatum
2307 5837 2412 5883 est.

648 5929 917 5986 Parnm.
952 5926 1068 5986 Cn.
1117 5925 1311 5986 λιιι.

3262 5923 3340 5982 23
