4134 6392
1319 233 1344 254 ﬁ

471 355 578 414 7'15
1845 339 1901 394 S.
1945 332 2288 394 EPlPllANlI
3627 311 3739 370 Ήϐ

470 483 528 532 et
558 473 628 527 ob
659 471 806 525 illius
858 469 1123 523 honorem
1156 475 1320 534 atque
1353 461 1675 518 admirahile
1705 458 1954 528 corporis
1979 457 2064 512 sui
2094 495 2105 518 λ

2207 453 2264 506 Βκ
2314 449 2378 504 ἂν
2417 447 2548 519 περὶ
2602 444 2771 513 αὑτῆς
2820 442 2918 512 τὴν
2972 437 3288 510 ἐπιμέλειαν
3333 434 3568 488 ἐποιεῖτο
3609 429 3632 463 ⁸
3683 430 3748 486 τι

473 581 572 620 vas
603 563 808 620 nullam
853 562 1026 614 labem
1059 558 1392 613 admisisset.
1431 555 1534 610 Sed
1587 553 1760 624 pergit
1806 549 2052 620 Evange-

2207 543 2494 618 αραδοῦναι
2525 541 2626 612 τὴν
2663 536 3066 608 Ἀειπάρθενον,
3099 532 3308 604 μητέρα
3339 531 3436 601 μὲν
3463 529 3748 598 γεγονυῖαν

475 619 634 712 lium.
673 665 748 718 et,
781 653 864 708 Ea:
895 653 1014 716 illa,
1053 652 1248 720 inquit,
1285 650 1368 702 die
1399 619 1599 715 accepit
1627 619 1744 698 eain
1763 619 2054 710 discipulus

2211 639 2244 692 ἁ
2293 637 2390 707 τὴν
2432 633 2770 702 οἰκονομίαν,
2815 631 3082 699 ἄχραντον
3131 626 3186 678 δὲ
3231 625 3318 678 διὰ
3349 623 3446 693 τὴν
3481 621 3615 692 πρὸς
3659 619 3750 672 τὸν

480 752 550 805 ad
587 766 715 804 sese.
751 745 912 816 Atqui
947 746 991 801 si
1022 755 1077 799 et
1105 745 1280 798 virum
1313 743 1560 801 haberet,
1607 745 1660 792 et
1708 737 1954 796 domum,
2002 741 2056 786 et

2207 729 2322 782 ὑτδν
2359 728 2546 797 τιμὴν,
2579 725 2673 780 καὶ
2709 724 2770 776 τὸ
2819 721 3012 784 σκεῦος
3045 719 3104 772 τὸ
3133 716 3466 787 θαυμαστόν.
3497 713 3659 780 Λέγει
3692 711 3754 764 δὲ

478 843 703 901 liberos,
738 839 804 893 ad
843 853 940 894 sua
974 837 1178 908 potius,
1213 849 1378 905 quam
1411 835 1478 888 ad
1509 832 1752 886 alienum
1787 841 1910 882 sese
1934 839 2061 880 con-

2207 819 2568 890 >Εὑαγγέλιον
2591 834 2603 848 ·
2637 817 2746 870 Καὶ
2763 815 2879 869 ἀπὸ
2903 812 3011 879 τῆς
3031 811 3256 880 ἡμέρας
3287 805 3756 874 ἐκείνηςὲλαϐον
3835 843 3852 860 .

479 935 666 988 ferret.
2163 915 2355 982 αὐτὴν
2367 912 2515 980 πρὸς
2529 910 2762 963 ἑαυτόν.
2781 909 2843 959 Εἰ
2857 907 2910 958 δὲ
2927 900 3068 975 εἶχεν
3089 902 3277 973 ἄνδρα,
3297 902 3344 952 εἰ
3362 895 3505 970 εἶχεν
3523 893 3689 961 οἷκον,
3703 894 3754 946 εἰ

2166 1001 2279 1076 εἶχε
2297 1003 2478 1066 τέκνα,
2497 1003 2574 1065 εἰς
2595 1001 2664 1053 τά
2693 999 2800 1052 ἴδια
2813 995 3098 1068 ἀνεχώρει,
3122 994 3182 1045 οὑ
3199 991 3336 1066 πρὸς
3351 991 3441 1042 τὸν
3459 988 3756 1058 ἀλλότριον.

553 1103 877 1160 XLVereor
910 1119 978 1158 ne
1011 1104 1117 1158 hoc
1167 1101 1348 1172 ipsum
1391 1097 1542 1168 quod
1587 1097 1823 1151 dicimus
1883 1090 2064 1147 fraudi

486 1195 558 1248 sit
587 1194 886 1265 aliquibus,
922 1201 981 1246 ut
1009 1193 1076 1246 ad
1113 1189 1539 1246 contubernales
1579 1201 1642 1240 ac
1673 1185 1900 1240 dilectas
1927 1197 2065 1252 quas

485 1295 688 1342 vocant
729 1285 963 1340 feminas
1025 1282 1339 1338 retinendas
1405 1277 1576 1350 (quod
1619 1292 1790 1348 genus
1831 1275 2070 1344 pessimo

491 1380 594 1434 sibi
629 1378 796 1432 ammi
827 1393 1012 1432 errore
1032 1373 1324 1428 machinati
1363 1371 1514 1440 sunt)
1545 1415 1560 1436 ,
1609 1369 1794 1423 fucum
1825 1367 1954 1420 inde
1979 1365 2073 1418 ali-

492 1485 655 1540 quem
705 1479 759 1524 et
785 1470 1024 1522 colorem
1057 1465 1357 1519 arcessisse
1385 1461 1696 1516 videantur.
1725 1456 1926 1512 Verum
1959 1455 2073 1509 illic

493 1569 644 1616 certa
698 1559 936 1630 quadam
1001 1555 1356 1628 providentiae
1407 1553 1619 1606 ratione
1695 1549 2075 1602 administrata

497 1663 628 1711 sunt
653 1653 872 1716 omnia;
906 1651 980 1706 ita
996 1657 1054 1704 ut
1085 1657 1262 1702 totum
1294 1647 1398 1700 hoc
1431 1645 1706 1715 negotium
1741 1642 1812 1697 ab
1841 1639 2075 1694 aliorum

499 1747 767 1808 omnium,
804 1760 924 1814 quae
949 1759 1012 1796 ex
1051 1741 1140 1796 Dei
1165 1739 1430 1794 mandato
1449 1734 1758 1808 praestanda
1777 1741 1927 1796 sunt,
1961 1731 2078 1786 olli-

2239 1097 2342 1150 ΙΝ.
2379 1094 2539 1148 Ἀλλὰ
2593 1091 2667 1164 μὴ
2707 1091 2870 1144 τοῦτο
2919 1089 3134 1159 στραφῇ
3166 1086 3242 1146 εἰς
3273 1083 3479 1154 βλάϐην
3509 1079 3586 1152 (Ι)
3615 1077 3752 1140 τισὶ,

2171 1187 2263 1240 καὶ
2289 1185 2512 1249 δόξωσιν
2561 1183 2619 1234 ὲν
2655 1181 2830 1250 τούτῳ
2883 1176 3181 1247 λαμϐάνειν
3220 1173 3518 1244 πρόφασιν,
3551 1183 3764 1222 συνεισ-

2172 1281 2372 1340 άκτους
2403 1276 2497 1330 καὶ
2517 1272 2806 1342 ἁγαπητὰς
2827 1268 3088 1322 ἐπικαλου
3097 1267 3262 1338 μένας
3297 1267 3510 1326 ἑαυτοῖς
3533 1263 3765 1316 ἐπινοεῖν

2171 1371 2258 1424 διὰ
2287 1369 2671 1439 κακομήχανον
2701 1363 3208 1418 ὑπόνοιαν.Ἐκεῖσε
3228 1358 3336 1428 γὰρ
3359 1355 3426 1409 τὰ
3463 1355 3765 1426 πράγματα

2177 1462 2438 1521 ἐτελεῖτο,
2496 1459 2615 1512 κατ’
2667 1455 2982 1524 οἰκονομίαν
3017 1453 3073 1505 δὲ
3113 1448 3457 1522 διῃρημένων
3485 1447 3593 1498 τῶν
3627 1462 3768 1516 πρα-

2177 1571 2209 1622 γ
2219 1553 2404 1625 μάτων
2433 1551 2541 1603 ἀπὸ
2569 1549 2668 1618 τῆς
2693 1547 2858 1614 ἄλλης
2879 1545 3094 1614 ἁπάσης
3123 1541 3262 1595 κατὰ
3293 1539 3428 1592 Θεὸν
3449 1535 3770 1625 ὀφειλούσης

2179 1641 2546 1714 φυλάττεσθαι
2573 1639 2880 1712 ἀκριϐείας.
2909 1637 3018 1689 Καὶ
3047 1635 3154 1705 γάρ
3171 1635 3260 1686 ὅτε
3289 1631 3451 1706 τοῦτο
3483 1615 3770 1698 γεγένητο,

2180 1738 2275 1791 καὶ
2339 1733 2674 1804 παρείληφεν
2715 1729 2882 1799 αὐτὴν
2939 1727 3074 1799 πρὸς
3119 1725 3330 1787 ἑαυτὸν,
3377 1721 3560 1774 οὐκέτι
3631 1735 3774 1790 παρ-

437 1875 450 1886 α
501 1843 712 1894 ciorum
761 1839 877 1906 lege
905 1841 1052 1889 esset
1089 1847 1152 1884 ac
1199 1829 1528 1884 necessitate
1563 1824 1893 1894 seiunctum.
1927 1821 2078 1876 Prie-

2207 1842 2367 1897 μεινε
2389 1823 2517 1894 παρ’
2539 1821 2704 1891 αὐτῷ.
2727 1819 2884 1872 Ἀλλά
2907 1819 2999 1871 καὶ
3023 1817 3070 1869 εἰ
3086 1813 3300 1868 δοκοῦσί
3321 1829 3464 1874 τινες
3490 1809 3778 1879 ἐσφάλθαι,

507 1941 653 1986 terea
688 1937 1044 2000 posteaquam
1087 1922 1222 1978 illud
1269 1923 1340 1974 ita
1389 1927 1602 1991 gestum
1644 1928 1751 1978 est.
1782 1926 1836 1970 et
1865 1916 1932 1970 ad
1963 1930 2084 1970 sese

505 2022 654 2074 illam
685 2017 919 2086 accepit,
951 2029 1058 2068 non
1089 2011 1324 2081 amplius
1373 2009 1515 2077 apud
1557 2009 1734 2077 ipsum
1761 2004 2082 2076 permansit.

507 2111 663 2179 Quod
717 2110 762 2164 si
815 2109 956 2162 falso
985 2105 1182 2175 jactari
1217 2103 1490 2172 quispiam
1525 2115 1554 2153 a
1589 2099 1747 2152 nobis
1783 2098 2084 2160 existimet,

508 2207 638 2260 licet
681 2214 966 2256 sacrarum
1023 2195 1358 2248 Litterarum
1409 2190 1638 2260 vestigia
1671 2186 2086 2246 consectari,in

509 2295 716 2364 quibus
747 2290 954 2344 nullam
971 2287 1039 2340 de
1075 2285 1256 2339 Maria:
1287 2284 1438 2338 obitu
1469 2283 1798 2336 mentionem
1835 2279 2086 2348 reperiet,

512 2395 728 2442 mortua
755 2384 826 2436 sit
883 2393 1076 2442 necne,
1115 2377 1332 2446 sepulta
1383 2389 1452 2426 an
1495 2387 1604 2426 non
1657 2372 1873 2440 sepulta
1905 2367 2087 2422 fuerit.

513 2478 593 2530 Ac
651 2488 775 2527 cum
815 2468 1057 2524 Joannes
1097 2465 1317 2518 interim
1367 2465 1424 2518 in
1475 2461 1660 2514 Asiam
1693 2457 1974 2528 profectus
1999 2459 2090 2520 sit,

515 2577 787 2634 nusquam
815 2560 1086 2617 tamenn.
1137 2555 1415 2628 Virginem
1453 2553 1668 2608 itineris
1705 2552 1958 2606 comitem
2009 2565 2096 2606 sev

515 2671 643 2710 cum
667 2655 822 2708 illum
855 2653 1114 2708 habuisse
1143 2646 1450 2718 significat;
1483 2643 1578 2698 sed
1604 2643 1672 2699 de
1697 2659 1762 2698 ea
1789 2659 1848 2698 re
1879 2643 2098 2713 penitus

521 2747 806 2817 Scriptura
835 2742 1176 2806 conticescit,
1211 2739 1264 2794 id
1289 2737 1434 2810 quod
1471 2747 1688 2808 pr0pter
1717 2727 2098 2791 admirationis

518 2836 916 2894 vehementiam
943 2833 1146 2888 factum
1181 2829 1442 2891 arbitror,
1469 2841 1536 2879 ne
1567 2825 1852 2880 hominum
1885 2825 2098 2878 animos

521 2929 782 3000 majorem
817 2925 1106 2997 quemdam
1174 2923 1230 2976 in
1283 2930 1562 2990 stuporem
1625 2917 1949 2986 conjiceret.
1989 2913 2100 2986 Ego

521 3021 666 3074 enim
689 3017 1051 3088 pronuntiare
1094 3013 1228 3066 illud
1252 3027 1467 3075 vereor,
1509 3018 1564 3064 et
1597 3009 1764 3064 tacita
1821 3007 1966 3076 apud
2013 3021 2102 3060 me

524 3113 855 3184 cogitatione
885 3119 1144 3178 reputans
1176 3107 1309 3160 mihi
1349 3105 1626 3160 silentium
1657 3103 1860 3158 indico.
1890 3101 2100 3172 Quippe

2188 1919 2466 1988 ζητήσωσι
2491 1914 2558 1966 τὰ
2596 1915 2716 1982 ἴχνη
2749 1911 2858 1964 τῶν
2895 1906 3153 1980 Γραφῶν,
3183 1905 3278 1958 καὶ
3307 1902 3540 1974 εὑρωσιν
3567 1900 3634 1952 ἂν
3653 1898 3780 1952 οὔτε

2189 2012 2418 2065 θάνατον
2479 2009 2718 2079 Μαρίας,
2776 2003 2902 2056 οὔτε
2960 2004 3008 2054 εἰ
3077 1999 3365 2069 τέθνηκεν,
3411 1982 3539 2048 οὔτε
3591 1996 3639 2046 εί
3705 1991 3784 2064 μὴ

2187 2105 2481 2174 τέθνηκεν·
2519 2099 2642 2152 οὔτε
2690 2099 2738 2149 εἰ
2795 2095 3086 2152 τέθαπται,
3124 2090 3248 2145 οὕτε
3297 2092 3344 2144 εἰ
3382 2089 3456 2160 μὴ
3490 2087 3780 2140 τέθαπται.

2191 2196 2386 2249 Καίτοι
2414 2211 2478 2263 γε
2505 2191 2602 2247 τοῦ
2641 2190 2891 2244 Ἰωάννου
2927 2204 2991 2238 πε
3001 2188 3056 2258 ρί
3085 2185 3184 2256 τὴν
3225 2184 3408 2236 Ἀσίαν
3433 2179 3786 2251 ἐνστειλαμέ-

2193 2305 2284 2340 νου
2313 2287 2410 2357 τὴν
2435 2283 2661 2354 πορείαν
2689 2299 2702 2312 ·
2741 2281 2836 2334 καὶ
2865 2277 3106 2348 οὐδαμοῦ
3153 2277 3322 2345 λέγει,
3351 2275 3432 2326 ὅτι
3473 2271 3786 2342 ἐπηγάγετο

2198 2379 2317 2452 μεθ’
2347 2377 2539 2432 ἑαυτοῦ
2581 2375 2680 2446 τὴν
2727 2375 2887 2442 ἁγίαν
2921 2369 3197 2442 Παρθένον
3217 2383 3228 2396 ·
3263 2367 3378 2420 ἀλλ’
3407 2364 3594 2427 ἁπλῶς
3625 2363 3788 2416 ὲσιώ-

2203 2487 2380 2541 πησεν
2411 2472 2444 2538 ἡ
2469 2467 2660 2539 Γραφὴ
2681 2466 2770 2518 διὰ
2800 2465 2860 2516 τὸ
2885 2459 3222 2532 ὑπερϐάλλον
3246 2456 3338 2510 τοῦ
3377 2455 3676 2525 θαύματος,
3702 2453 3790 2505 ἵνα

2203 2563 2276 2634 μὴ
2313 2563 2392 2624 εἰς
2423 2558 2684 2628 ἔκπληξιν
2713 2558 2898 2626 ἀγάγῃ
2925 2553 3022 2624 τὴν
3055 2553 3292 2606 διάνοιαν
3321 2548 3428 2601 τῶν
3455 2545 3786 2617 ἀνθρώπων.

2215 2653 2358 2722 Ἐγὼ
2383 2653 2490 2722 γὰρ
2535 2651 2596 2702 οὑ
2635 2649 2820 2719 τολμῶ
2864 2647 3064 2714 λέγειν,
3093 2641 3232 2699 ἀλλὰ
3258 2639 3636 2709 διανοούμενος
3673 2655 3796 2690 σιω-

2201 2745 2307 2816 πῆν
2357 2744 2529 2797 ἀσκῶ.
2592 2741 2746 2812 Τάχα
2801 2741 2910 2812 γάρ
2955 2755 3059 2791 που
3110 2736 3204 2790 καὶ
3255 2735 3374 2805 ἴχνη
3429 2733 3664 2803 εὕρομεν
3691 2730 3792 2799 τῆς

2201 2837 2362 2906 ἁγίας
2397 2835 2611 2904 ἐκείνης
2639 2834 2732 2886 καὶ
2767 2833 3064 2903 μακαρίας,
3095 2828 3169 2891 ὼς
3195 2825 3318 2880 οὔτε
3349 2826 3530 2895 εὑρεῖν
3559 2821 3676 2874 ἔστι
3703 2821 3796 2875 τὸν

2204 2929 2434 2983 θάνατον
2467 2928 2654 2998 αὐτῆς.
2693 2926 2776 2995 lli}
2821 2925 2918 2988 μὲν
2959 2922 3067 2994 γὰρ
3103 2922 3132 2973 ὁ
3162 2917 3388 2990 Συμεὼν
3437 2917 3633 2985 φάσκει
3668 2915 3799 2986 περὶ

2205 3018 2540 3091 αὑτῆς-Καὶ
2591 3017 2707 3070 σοῦ
2759 3013 2950 3082 αὐτῆς
3003 3012 3118 3079 τὴν
3159 3007 3374 3080 ψυχὴν
3425 3007 3799 3064 διελεύσεται

2199 3117 2490 3186 ῥομφαία,
2529 3114 2690 3180 ὅπως
2717 3107 3236 3178 ἀποκαλυφθῶσιν
3263 3107 3333 3158 ὲκ
3381 3101 3630 3156 πολλῶν
3654 3117 3798 3168 καρ-

525 3206 674 3262 haud
707 3207 824 3260 scio
853 3219 920 3257 an
939 3205 1006 3257 de
1039 3201 1390 3257 sanctissima
1417 3199 1506 3252 illa
1543 3213 1606 3250 ac
1636 3196 1954 3252 beatissima
1983 3193 2105 3248 Vir-

2381 3179 2763 3274 διαλογισμοί
2797 3219 2811 3232 ·
2844 3201 2921 3274 πη
2937 3201 2995 3256 δὲ
3023 3200 3124 3269 τῆς
3167 3196 3588 3265 ’Λποκαλὺψεως
3625 3195 3800 3248 Ἰωάν-

526 3315 654 3370 sine
708 3299 944 3352 obscura
997 3292 1246 3364 quiedam
1303 3290 1537 3346 inveniri
1590 3289 1813 3359 vestigia
1871 3289 2104 3358 possint,

527 3407 650 3462 qua:
713 3391 982 3464 incertam
1043 3387 1203 3464 nobis
1244 3385 1388 3438 illius
1439 3383 1632 3436 mortis
1679 3373 2104 3436 fidein'faciant.

529 3485 664 3562 Nam
697 3499 762 3538 ex
793 3461 900 3536 una
925 3487 1077 3550 parte
1109 3461 1240 3532 illud
1277 3475 1544 3538 occurrit,
1583 3475 1728 3543 quod
1751 3474 1819 3528 de
1861 3474 1950 3526 illa
1985 3489 2112 3543 pro-

531 3571 750 3628 nuntiat
779 3589 792 3624 :
830 3573 900 3624 Et
949 3579 1094 3620 tuam
1126 3567 1291 3634 ipsius
1324 3565 1561 3617 animum
1604 3562 1845 3630 pervadet
1875 3562 2109 3632 gladius,

532 3673 590 3718 ut
633 3670 935 3732 retegantur
981 3675 1046 3712 ea:
1090 3659 1380 3712 multorum
1423 3657 1666 3710 cordibus
1697 3656 2042 3725 cogitationes
2069 3657 2109 3706 ¹.

533 3757 771 3812 Aliunde
804 3767 934 3808 vero
967 3753 1022 3806 in
1054 3749 1384 3820 Apocalypsi
1414 3747 1646 3803 Joannis
1685 3747 1937 3816 legimus,
1989 3745 2116 3800 dra-

533 3863 725 3902 conem
757 3845 1021 3899 adversus
1051 3842 1334 3896 mulierem
1380 3854 1730 3910 properasse,
1761 3853 1882 3909 quae
1911 3853 2114 3892 marem

537 3947 821 4010 pepererat
851 3953 862 3987 :
887 3943 942 3992 et
967 3935 1126 3989 datas
1149 3935 1196 3988 ei
1229 3949 1354 3988 esse
1378 3947 1583 4002 pennas
1607 3933 1822 4002 aquilae,
1855 3939 1907 3985 et
1938 3939 2120 3987 trans-

535 4035 702 4088 latam
733 4045 854 4085 esse
905 4031 960 4084 in
988 4029 1285 4091 desertum,
1313 4041 1382 4080 ne
1419 4041 1537 4080 eam
1565 4024 1732 4078 draco
1759 4025 2120 4094 comprehen-

537 4126 692 4178 deret
715 4125 756 4176 '.
791 4121 946 4188 Quod
987 4119 1206 4191 quidem
1235 4120 1290 4172 in
1327 4118 1420 4171 illa
1446 4133 1570 4172 esse
1589 4116 2116 4186 .potestimpletum.

539 4217 866 4284 Quanquam
917 4213 1052 4267 illud
1115 4227 1222 4266 non
1287 4209 1496 4264 allirmo
1533 4210 1780 4280 penitus;
1816 4224 1992 4278 neque
2031 4219 2124 4262 aut

541 4307 904 4362 immortalem
949 4317 1332 4374 perseverasse
1357 4301 1584 4366 definio,
1620 4307 1714 4354 aut
1740 4309 1924 4354 utrum
1975 4315 2123 4354 mor-

541 4411 635 4458 tua
663 4403 732 4457 sit
758 4398 1085 4454 conﬁrmare
1107 4411 1355 4466 possum.
1388 4394 1602 4464 Quippe
1629 4392 1914 4464 Scriptura
1944 4408 2120 4457 sacra,

2209 3317 2300 3356 νου
2364 3295 2702 3368 φασκοὺσης,
2743 3297 2824 3350 ὅτι
2859 3293 2955 3346 καὶ
3001 3290 3260 3344 ἔσπευδεν
3289 3291 3318 3342 ὀ
3345 3289 3561 3359 δράκων
3590 3287 3804 3357 ὲ-πὶτὴν

2211 3395 2450 3462 γυναῖκα
2501 3390 2600 3458 τὴν
2657 3388 2999 3458 γεννήσασαν
3035 3384 3126 3436 τὸν
3163 3383 3392 3453 ἄρρενα,
3422 3381 3516 3434 καὶ
3545 3379 3806 3448 ἐδόθησαν

2211 3485 2348 3554 αὐτῇ
2381 3481 2652 3551 πτέρυγες
2699 3478 2884 3540 ἀετοῦ,
2933 3478 3030 3530 καὶ
3077 3474 3288 3546 ἐλήφθη
3337 3476 3417 3537 εἰς
3449 3472 3544 3542 τὴν
3577 3472 3803 3543 ἔρημον,

2211 3577 2360 3638 ὅπως
2389 3573 2454 3626 ἂν
2484 3571 2558 3642 μὴ
2589 3571 2728 3644 λάὸῃ
2767 3569 2936 3640 αὐτὴν
2973 3570 3000 3621 ὁ
3033 3569 3270 3640 δράκων.
3299 3567 3452 3635 Τάχα
3495 3566 3552 3618 δὲ
3581 3564 3807 3617 δύναται

2216 3668 2301 3720 ἐπ’
2340 3667 2475 3736 αὑτῇ
2518 3663 2857 3735 πληροῦσθαι
2881 3679 2895 3692 ·
2923 3661 2982 3714 οὑ
3017 3662 3234 3722 πάντως
3261 3659 3318 3712 δὲ
3351 3658 3604 3729 ὁρίζομαι
3625 3655 3805 3722 τοῦτο,

2195 3761 2312 3812 ’καὶ
2345 3760 2404 3812 οὑ
2434 3757 2596 3828 λέγω,
2631 3759 2712 3810 ὅτι
2743 3756 3008 3817 ἀθάνατος
3052 3753 3265 3823 ἔμεινεν
3288 3766 3301 3778 ·
3339 3751 3451 3804 ἀλλ’
3477 3749 3601 3802 οὗτε
3623 3749 3805 3801 διαδε-

2218 3850 2478 3920 δαιοῦμαι
2520 3851 2569 3902 εἰ
2617 3847 2896 3916 τέθνηκεν,
2935 3843 3268 3916 ’Υπερέϐαλε
3303 3846 3409 3913 γὰρ
3439 3843 3472 3912 ὴ
3505 3841 3696 3911 Γραφὴ
3717 3839 3809 3893 τὸν

2220 3941 2342 3996 νοῦν
2369 3941 2460 3993 τὸν
2499 3937 2860 4009 ἀνθρώπινον,
2897 3937 2992 3990 καὶ
3025 3938 3081 3988 ὲν
3115 3933 3375 4006 μετεώρῳ
3409 3933 3579 3998 εἴασε,
3613 3931 3701 3984 διὰ
3749 3930 3812 3983 τὸ

2223 4033 2416 4095 σκεῦος
2460 4031 2520 4084 τὸ
2571 4031 2750 4102 τίμιον
2809 4029 2904 4081 καὶ
2958 4025 3330 4102 ἐξοχῴτατον·
3384 4025 3471 4078 ἵνα
3524 4025 3596 4096 μή
3639 4041 3724 4085 τις
3751 4024 3810 4074 ὲν

2225 4125 2448 4194 ὑπονοίᾳ
2476 4121 2698 4192 γένηται
2757 4121 2887 4192 περὶ
2918 4105 3399 4190 αὑτῆςσαρκικῶν
3441 4114 3807 4186 πραγμάτων.

2225 4215 2342 4268 Κᾶν
2377 4229 2435 4265 τε
2460 4208 2550 4264 οὑν
2576 4211 2859 4278 τέθνηκεν,
2891 4208 2990 4260 οὑκ
3014 4207 3261 4276 ἔγνωμεν
3289 4223 3302 4236 ·
3335 4205 3428 4258 καὶ
3455 4206 3502 4257 εί
3524 4203 3810 4264 τέθαπται,

2225 4307 2286 4358 οὑ
2309 4305 2576 4374 συνῆπται
2601 4303 2782 4372 σαρκί·
2808 4301 2881 4372 μὴ
2903 4301 3112 4384 γένοιτο
3134 4301 3147 4352 l
3171 4299 3270 4361 Τίς
3295 4298 3352 4350 δὲ
3385 4297 3812 4369 φρενοϐλάϐειαν

2153 4463 2158 4468 _
2227 4397 2405 4466 ἑαυτῷ
2437 4393 2760 4462 συναγαγὼν
2795 4393 3012 4463 θελήσει
3040 4392 3312 4461 ἐνσκῆψαι
3344 4390 3663 4461 βλάσφημόν
3695 4405 3819 4440 τινα

541 4495 744 4552 mentis
779 4495 1031 4548 humanae
1069 4487 1282 4561 1044.
1314 4500 1534 4558 captum
1558 4495 1972 4558 prmtergressa,
2007 4503 2105 4543 ren

2230 4489 2509 4551 ὑπόνοιαν,
2545 4487 2637 4539 καὶ
2683 4487 2894 4556 ἀπᾶραι
2919 4485 2939 4515 ⁸
2971 4484 3166 4554 στόμα,
3196 4483 3432 4554 χαλάσαι
3463 4499 3521 4533 τε
3548 4480 3816 4550 γλῶτταν,

543 4591 597 4646 in
633 4591 841 4644 incerto
889 4585 1130 4655 reliquit,
1165 4590 1390 4654 propter
1424 4597 1522 4637 vas
1572 4579 1704 4635 illud
1749 4581 2010 4636 eximium
2061 4595 2125 4635 ac

542 4689 834 4753 praestans,
859 4693 926 4734 ne
947 4678 1074 4748 quis
1104 4675 1289 4728 carnis
1315 4674 1592 4744 propriam
1631 4674 1795 4726 ullam
1820 4671 1868 4727 ei
1911 4669 2130 4726 fcedita-

545 4781 650 4826 tem
675 4771 936 4826 ascribat.
966 4768 1094 4822 Sive
1119 4765 1288 4835 igitur
1309 4775 1524 4818 mortua
1555 4764 1648 4828 sit,
1679 4763 1980 4824 nescimus,
2015 4762 2130 4816 sive

545 4862 870 4933 consepulta
896 4861 990 4924 sit,
1018 4874 1129 4914 non
1155 4866 1340 4912 tamen
1372 4857 1538 4910 ullam
1561 4863 1648 4910 est
1685 4855 2127 4924 coniunctionem

2239 4579 2433 4634 διελεῖν
2461 4579 2518 4632 δὲ
2568 4577 2721 4649 χείλη
2761 4579 2826 4628 ἐκ
2851 4576 3087 4640 διανοίας
3119 4576 3334 4645 κακῆς;
3377 4573 3578 4643 μᾶλλον
3615 4572 3672 4625 δὲ
3697 4571 3820 4626 ἀντὶ

2231 4670 2417 4742 ὓμνων
2463 4671 2560 4724 καὶ¹
2599 4669 2755 4739 δόξης
2781 4667 2968 4736 ὕϐρεις
3013 4667 3164 4731 τινὰς
3196 4668 3454 4729 ἐπινοεῖν,
3486 4665 3580 4718 καὶ
3606 4665 3824 4734 ἐμπαρ-

2229 4765 2390 4816 οινεῖν
2457 4763 2536 4826 εἰς
2593 4760 2693 4830 τὴν
2733 4760 2894 4828 ἁγίαν
2938 4759 3231 4831 Παρθένον,
3287 4758 3384 4811 καὶ
3435 4757 3508 4828 μὴ
3543 4756 3708 4827 τιμᾷν
3757 4754 3819 4806 τὺ

2232 4855 2598 4926 τετιμημένον
2627 4851 2819 4914 σκεῦος
2847 4869 2862 4916 ;

620 5017 636 5048 ⁸
663 5013 794 5070 Luc.
833 5031 890 5078 ιι,
918 5013 1007 5067 55.
1086 5014 1106 5044 ’
1137 5011 1304 5081 Apoc.
1348 5009 1539 5072 3:11.15
1561 5025 1682 5080 sqq.
1753 4995 1756 4998 ⁴
1785 5007 1804 5038 ³
1836 5023 1926 5075 γρ.
1959 5007 2104 5076 ἐμπο

2276 5007 2297 5036 ⁸
2319 5005 2383 5059 F.
2407 5006 2628 5076 ἐπᾶραι.

619 5179 694 5250 (l)
739 5176 928 5232 Ἀλλὰ
951 5175 1036 5244 μὴ
1077 5174 1254 5228 τοῦτο
1306 5169 1546 5250 στραφῇ
1589 5173 1676 5250 εἰς
1696 5169 2133 5250 β.1ά6-ηι”.-Συν-

547 5239 856 5311 εισάκτους,
901 5239 1006 5300 hoc
1025 5239 1122 5301 est
1151 5239 1574 5298 conwbernales
1603 5243 1928 5296 clericorum
1970 5239 2128 5294 femi-

550 5337 673 5382 nas,
714 5335 850 5390 quas
887 5327 1168 5390 extraneas
1207 5315 1386 5368 Latini
1425 5321 1642 5390 vocant,
1674 5313 2007 5390 damnarunt
2039 5327 2131 5366 ve-

547 5380 696 5448 teres
731 5380 832 5443 PP.
863 5403 924 5442 ac
956 5387 1154 5456 saepius
1183 5395 1395 5439 veteres
1428 5383 1620 5456 synodi
1641 5389 1744 5456 ;_ut
1769 5380 1979 5456 Niemna
2006 5396 2128 5434 can.

551 5465 622 5528 ’ὃς
658 5453 1110 5528 Carthaginiensis
1143 5470 1366 5528 nt,ca‘n.
1419 5453 1515 5517 l7;
1555 5453 1892 5528 Arelatensis
1934 5465 2128 5528 Inc‘an.

549 5521 655 5596 ισὲς
691 5521 922 5584 Basilius
956 5529 1130 5596 Epist.
1165 5528 1233 5579 ad
1269 5523 1449 5647 Greg,
1493 5539 1613 5592 qua:
1644 5525 1905 5576 canonica
1945 5537 1975 5574 a
2007 5521 2131 5574 Bal-

553 5618 777 5647 sumnno
806 5610 1078 5647 neriselul'.
1125 5613 1246 5647 naa.
1291 5596 1360 5647 10
1401 5597 1460 5647 ἷζε
1497 5593 1836 5647 Antiochena
1885 5592 2130 5647 SVIIOtlllS

553 5592 777 5656 samone
806 5592 1078 5656 censetur.
1125 5613 1246 5667 pag.
1291 5592 1460 5667 10225
1497 5593 1836 5648 Antiochena
1863 5592 2130 5667 synodus

555 5675 610 5726 in
646 5671 888 5740 Epistola
927 5661 1366 5740 contraLPJuium
1407 5665 1700 5740 Samosat.,
1737 5661 2126 5740 apud_Euscl_J.

555 5741 652 5796 lib.
681 5733 776 5802 vn,
819 5755 941 5810 cap.
973 5739 1073 5791 ‘24:
1107 5738 1218 5810 Τάς
1252 5737 1718 5810 δξῠίσυνεισὰκτομς
1745 5733 1912 5810 αὑτοῦ
1943 5735 2131 5810 γυναῖ-

555 5827 681 5875 διας,
715 5812 789 5876 ὡς
830 5805 1118 5883 Ἀντιοχεῖς
1138 5805 1485 5878 ὀνομάζουσι,
1515 5815 1621 5862 etc.
1655 5805 1884 5860 Easdem
1918 5813 1971 5858 et
2000 5805 2136 5858 inse-

2245 5171 2432 5238 quitur
2453 5177 2638 5222 noster
2669 5167 2722 5220 in
2747 5168 2878 5220 haer.
2913 5181 3072 5226 Lxm,
3097 5181 3152 5238 n.
3183 5165 3250 5216 2:
3285 5165 3399 5238 '_I‘_ci:;
3427 5163 3716 5234 ἁγαπητὰς
3742 5162 3830 5216 λε-

2239 5233 2914 5309 γομέναςίσυνεισάκτους
2961 5237 3244 5309 γυναῖκας.
3291 5233 3657 5309 Hieronymus
3707 5249 3832 5304 pas-

2241 5305 2343 5364 sui.
2402 5308 2677 5362 traducat:
2722 5309 2960 5361 maxime
3019 5307 3086 5359 ad
3132 5305 3821 5373 Eustochiumepisttﬁz

2241 5379 2392 5432 Unde
2427 5381 2481 5432 in
2519 5379 2787 5432 Ecclesias
2821 5377 3176 5446 Agapitarum
3211 5378 3372 5444 pestis
3415 5371 3658 5446 intro—iit?
3683 5371 3832 5428 Unde

2241 5453 2353 5505 sine
2385 5451 2583 5512 nuptiis
2616 5451 2764 5502 aliud
2811 5445 2999 5500 nomen
3033 5449 3300 5500 uxorum?
3337 5449 3441 5500 imo
3475 5445 3608 5499 unde
3639 5461 3831 5497 novum

2239 5521 2652 5574 concubinarum
2680 5521 2881 5588 genus?
2909 5518 3162 5572 Cavenda
3189 5513 3832 5588 vero,MarianiVictorii

2241 5593 2306 5644 ad
2339 5592 2484 5644 hunc
2512 5586 2826 5661 Hieronymi
2853 5591 3037 5661 locum
3065 5587 3399 5661 observatio,
3431 5586 3834 5661 quiAgapetss

2241 5677 2269 5713 a
2299 5661 2630 5715 Christianis
2659 5647 2951 5722 conviviis,
2985 5673 3124 5728 quas
3153 5647 3708 5724 ἀγάπαςιιόιιιὶηιῖιιί,
3733 5657 3833 5711 da-

2243 5733 2450 5787 rivatas
2481 5740 2702 5796 censet;
2738 5731 2881 5802 quod
2923 5727 3015 5786 est
3043 5727 3356 5786 ridiculum.
