4134 6392
2753 285 2784 308 ς

395 401 504 462 717
929 403 1297 461 ADVEIISUS
1334 403 1676 483 IIIERESES
1712 401 1842 457 LIB.
1885 400 1971 455 III.
2016 400 2180 456 TUM.
2226 401 2288 456 II.
2311 433 2381 443 —
2418 399 2694 456 IIAERES.
2730 397 3017 456 LXXVIII.
3552 393 3656 446 7l8

396 517 650 588 corporis
670 526 892 588 experta
935 535 949 571 :
985 521 1129 575 absit
1153 528 1211 573 ut
1236 521 1368 574 illud
1392 520 1802 575 existimemus!
1849 516 1985 583 Quis
2025 524 2110 572 est
2135 528 2341 582 autem,
2378 519 2470 588 qui
2505 515 2744 572 furorem
2798 515 2902 570 sibi
2931 522 2986 568 et
3043 509 3317 566 insaniam
3351 507 3656 567 ascisceus,

398 616 604 663 tantam
632 608 804 665 beate
841 608 1050 681 Virgini
1077 611 1463 665 contumeliam
1489 610 1616 666 velit
1655 610 1959 680 imponere,
1999 615 2054 662 et
2083 622 2147 662 os
2172 625 2334 664 suum
2367 608 2632 664 adversus
2662 607 2809 661 illam
2868 604 3135 666 attollere,
3165 603 3349 658 laxare
3391 599 3656 669 linguam.

399 700 469 755 ad
507 700 816 770 pestiferam
853 703 1000 756 illam
1065 703 1526 772 pronuntiandam
1602 702 1931 756 sententiam
2003 701 2156 755 labra
2204 701 2500 764 diducere,
2557 715 2659 771 pro
2709 698 2965 754 laudibus
3027 712 3092 750 ac
3134 694 3420 766 praeconiis
3459 691 3661 764 probra

356 828 358 842 ς
399 794 870 862 contumeliasque
899 795 1266 852 comminisci.
1311 801 1677 850 saerosanette
1713 795 1979 849 insultare
2023 792 2270 865 Virgini,
2344 809 2442 849 vas
2510 792 2644 847 illud
2684 792 2918 861 denique
2946 790 3097 844 omni
3160 789 3370 843 honore
3437 786 3660 856 dignum

398 883 551 938 nullo
578 883 782 938 honore
813 898 1042 953 prorsus
1079 884 1336 940 allicere?

470 934 867 1028 ιιώξὲξὲέκέιι
890 934 1361 1045 magna.
1391 974 1624 1046 θεωρίας
1662 977 1768 1047 χρὴ
1806 975 1991 1030 λαϐεῖν

2166 975 2282 1031 XII.
2302 977 2454 1042 Quod
2489 977 2533 1031 si
2565 985 2618 1031 et
2637 977 2857 1032 aliunde
2887 977 3125 1030 rationes
3148 973 3453 1030 transferre
3479 975 3660 1034 liccat.

399 1067 468 1120 τὰ
527 1067 851 1137 πράγματα,
890 1065 1306 1138 ψηλαφήσωμεν
1338 1068 1432 1120 καὶ
1470 1066 1832 1137 φυσιολογιῶν
1863 1068 1989 1138 σχέ-

401 1174 536 1221 σεις.
579 1158 717 1211 Φασὶ
769 1158 870 1229 τὴν
923 1157 1142 1211 λέαιναν
1185 1158 1262 1227 (2)
1320 1157 1395 1230 μὴ
1429 1158 1635 1212 τίκτειν
1685 1157 1828 1229 πλὴν
1861 1160 1990 1228 μιᾶς

400 1250 638 1322 γαστρὸς
665 1249 851 1321 μόνης.
882 1250 1067 1320 ’Ἑχειν
1099 1249 1156 1303 δὲ
1179 1249 1278 1322 τὴν
1301 1253 1480 1304 αἰτίαν
1501 1251 1732 1306 τοιάνδε·
1759 1252 1832 1305 Τὸ
1852 1252 1990 1317 ζῶον

406 1345 511 1414 μὲν
543 1344 659 1397 ἔστι
687 1343 1040 1416 τραγότατον,
1072 1343 1328 1416 χαρωπὺν
1352 1345 1408 1398 δὲ
1426 1345 1506 1414 τῷ
1538 1344 1690 1408 εῖδει,
1730 1344 1989 1416 ἐμϐριθέ-

405 1452 602 1490 στατον
648 1438 712 1506 τῇ
767 1435 928 1507 ἀλκῇ,
986 1435 1063 1498 ὡς
1127 1437 1326 1501 εἰπεῖν,
1365 1436 1795 1506 βασιλικώτατον
1833 1437 1990 1506 γένος

399 1529 493 1582 ἐπὶ
521 1527 589 1581 τὰ
615 1527 752 1583 ἄλλα
769 1526 906 1592 ζῶα.
938 1529 1124 1598 Ἐχειν
1155 1529 1212 1582 δὲ
1245 1526 1343 1600 τὴν
1373 1529 1638 1600 σύλληψιν
1662 1531 1722 1597 ἐξ
1751 1530 1868 1594 ἐνὸς
1895 1547 1990 1582 συ-

399 1620 587 1690 ζύγου,
620 1621 794 1674 τελεῖν
815 1620 873 1674 δὲ
895 1621 954 1674 τὸ
983 1621 1456 1692 καταϐαλλόμενον
1493 1622 1723 1694 σπέρμα
1755 1621 1991 1688 είκοσιὲξ

403 1714 582 1784 μῆνας
640 1717 698 1768 ὲν
738 1717 804 1796 τῇ
842 1714 996 1785 νηδύϊ
1017 1732 1031 1744 ο
1069 1707 1211 1768 ὥστε
1237 1717 1329 1768 τὸν
1352 1714 1592 1786 σκύμνον
1625 1716 1771 1770 ἔνδον
1798 1717 1890 1770 ἐπὶ
1913 1733 1994 1769 τε·

400 1806 655 1878 λειότητα
713 1807 973 1878 φέρεσθαι
1013 1807 1100 1861 διὰ
1143 1808 1235 1862 τὸν
1259 1809 1472 1880 χρόνον,
1506 1812 1586 1873 εἰς
1621 1809 1682 1862 τὸ
1735 1811 1830 1863 καὶ
1865 1810 1993 1872 τοὺς

402 1900 613 1964 ⁸πάντας
665 1900 886 1964 ὀδόντας
944 1899 1089 1972 ἔχειν
1143 1901 1267 1972 ἤδη,
1296 1903 1426 1974 πρὶν
1461 1902 1494 1974 ἢ
1531 1905 1594 1956 ὲκ
1619 1903 1718 1973 τῆς
1754 1902 1992 1975 γαστρὸς

402 1992 678 2064 προέλθοι,
708 1993 803 2046 καὶ
832 1993 958 2056 τοὺς
1002 1993 1201 2064 ὄνυχας
1235 1997 1292 2046 ὲν
1326 1992 1514 2064 ἡλικίᾳ
1560 1995 1826 2066 στασίμῳ,
1865 1997 1993 2058 τούς

400 2103 462 2139 τε
495 2085 899 2149 πασσαλίσκοους
944 2086 1336 2156 καλουμένους,
1388 2088 1482 2139 καὶ
1526 2086 1867 2153 κυνόδοντας,
1893 2087 1993 2150 τάς

401 2197 462 2232 τε
495 2179 691 2251 μύλας,
725 2180 820 2232 καὶ
865 2178 956 2231 τὰκ
983 2168 1142 2242 ἄλλα,
1183 2179 1283 2232 ὅσα
1326 2179 1574 2250 περίεστι
1609 2180 1686 2249 τῷ
1715 2176 1858 2248 ζώῳ.
1903 2178 1992 2232 Ἑν

403 2271 480 2343 τῷ
512 2266 605 2324 οὗν
631 2267 770 2325 εἶναι
804 2271 969 2324 αὑτὸν
1013 2272 1072 2323 ὲν
1105 2273 1172 2343 τῇ
1208 2270 1388 2342 κοιλίᾳ
1417 2272 1473 2324 ἐν
1495 2274 1617 2334 ταῖς
1648 2273 1989 2342 σκιρτήσεσι,

2093 1069 2223 1139 quid
2253 1069 2432 1122 rerum
2468 1078 2661 1122 natura
2692 1069 2808 1138 ipsa
2844 1067 3003 1131 ferat,
3038 1067 3317 1137 paululum
3352 1066 3668 1122 considere-

2093 1177 2238 1216 mus.
2270 1160 2514 1214 Leazuam
2549 1160 2732 1230 itaque
2754 1159 2937 1216 ferunt
2966 1160 3186 1215 nonnisi
3235 1160 3404 1215 semel
3433 1174 3625 1228 parere
3649 1203 3664 1224 ,

2091 1257 2254 1326 cujus
2297 1255 2372 1310 rei
2424 1256 2564 1308 hanc
2603 1271 2724 1310 esse
2751 1255 3018 1309 rationem
3046 1253 3232 1320 :Quud
3283 1253 3487 1308 animal
3521 1251 3670 1309 istud

2091 1343 2510 1398 voracissimum
2561 1345 2652 1410 sit,
2702 1344 2887 1400 colore
2938 1344 3172 1408 fulvum,
3208 1343 3548 1399 validissimo
3576 1359 3670 1398 ro-

2093 1433 2247 1498 bore,
2295 1443 2479 1505 atque,
2543 1444 2603 1490 ut
2656 1452 2768 1492 uno
2791 1437 2960 1492 verbo
3008 1437 3208 1500 dicam,
3246 1437 3396 1506 regia
3430 1437 3668 1507 quadam

2092 1527 2358 1596 dignitate
2386 1531 2599 1585 caeteris
2630 1530 2942 1592 antecellat,
2969 1543 3132 1600 porro
3179 1543 3244 1584 ex
3284 1544 3394 1584 uno
3435 1529 3670 1599 conjuge

2092 1622 2370 1694 concipiat
2423 1621 2700 1692 fetumque
2742 1637 2837 1677 sex
2862 1632 2917 1676 et
2960 1621 3152 1692 viginti
3185 1629 3330 1676 totos
3368 1635 3584 1676 menses
3614 1622 3668 1674 in

2093 1719 2251 1767 utero
2284 1721 2474 1781 gerat:
2507 1713 2644 1767 adeo
2673 1720 2734 1767 ut
2767 1713 2858 1766 ille
2889 1724 3003 1782 prae
3029 1711 3427 1782 longinquitate
3461 1720 3674 1782 tempo-

2093 1806 2172 1859 ris
2205 1805 2425 1860 adultus
2454 1806 2713 1862 dentibus
2739 1806 3016 1869 omnibus,
3042 1814 3204 1875 atque
3235 1805 3514 1875 unguibus
3544 1819 3669 1859 cum

2089 1896 2242 1965 justa
2278 1900 2526 1968 corporis
2559 1907 2791 1962 statura,
2844 1900 3107 1969 praeditus
3161 1899 3255 1962 sit,
3288 1905 3582 1968 antequam
3615 1897 3670 1950 in

2096 1989 2272 2044 lucem
2297 1991 2524 2060 prodeat
2549 2007 2563 2054 ;
2597 1999 2761 2060 atque
2793 1997 2847 2045 et
2874 1989 3257 2057 claviculares,
3287 2003 3428 2060 quos
3449 1997 3672 2055 vocant,

2095 2087 2149 2135 et
2175 2080 2406 2135 caninos
2439 2080 2631 2137 dentes
2654 2097 2720 2137 ac
2753 2082 2990 2138 molares
3011 2082 3230 2146 habeat,
3265 2089 3320 2138 et
3338 2082 3445 2137 alia
3465 2081 3672 2146 omnia,

2096 2189 2218 2244 quae
2252 2175 2473 2228 animali
2527 2175 2656 2230 huic
2712 2190 2742 2228 a
2798 2182 2996 2229 natura
3041 2189 3300 2230 concessa
3331 2184 3479 2230 sunt.
3531 2172 3674 2227 Dum

2098 2267 2265 2337 igitur
2306 2267 2498 2322 matris
2538 2276 2694 2322 utero
2745 2268 3078 2330 continetur,
3138 2267 3522 2331 subsultando,
3556 2283 3679 2322 mo-

403 2337 650 2433 κινήσεσί
678 2379 737 2415 τε
793 2364 888 2416 καί⁵
910 2365 1022 2426 τοῖς
1043 2337 1224 2426 ἄλλοις
1265 2337 1484 2434 τρὸίποις
1516 2363 1606 2416 διὰ
1647 2337 1755 2416 τῶν
1783 2337 1990 2434 ὀνύχων

2105 2357 2392 2427 vendoquc
2421 2372 2561 2421 sese,
2589 2366 2683 2411 aut
2706 2356 2812 2411 alio
2836 2357 3031 2426 quovis
3063 2357 3224 2411 modo
3246 2357 3439 2411 matris
3457 2365 3672 2411 uterum

405 2455 717 2526 κατασπᾷν,
747 2453 888 2520 ξέειν
929 2469 990 2506 τε
1031 2450 1131 2518 τὰς
1160 2455 1527 2526 ὲγκυμονικὰς
1561 2457 1771 2527 μήτρας
1809 2473 1869 2508 τε
1896 2458 1989 2509 καὶ¹

403 2542 658 2614 ὑστέρας.
723 2543 810 2596 Ἐν
861 2542 940 2613 τῷ
968 2540 1064 2598 οὖν
1103 2544 1196 2597 ἐπὶ
1227 2543 1306 2613 τῷ
1347 2545 1362 2574 ¹
1393 2545 1598 2598 τίκτειν
1649 2548 1746 2616 τὴν
1780 2546 1988 2616 μητέρα

403 2639 560 2709 ἥκειν
611 2638 732 2690 κατ’
784 2637 1002 2708 ἐκείνην
1051 2635 1149 2708 τὴν
1193 2638 1432 2708 ἡμέραν,
1487 2636 1686 2698 παντὸς
1719 2636 1988 2707 ἀργαλέου

404 2731 742 2802 κυοφορικῆς
771 2727 986 2800 φύσεως
1009 2728 1297 2800 ἀλλοτρίαν
1323 2728 1423 2799 τὴν
1445 2729 1690 2800 γαστέρα
1717 2728 1985 2798 γίνεσθαι.

405 2823 560 2878 Μετὰ
581 2823 692 2894 γὰρ
729 2822 823 2876 τοῦ
855 2821 1077 2875 τοκετοῦ
1105 2822 1199 2874 καὶ
1224 2820 1321 2884 τὰς
1347 2821 1583 2889 ὑστέρας
1623 2820 1718 2874 καὶ
1753 2822 1852 2885 τὰς
1885 2824 1991 2892 μή-

404 2932 539 2988 τρας
590 2913 942 2986 ἐκκρίνεσθαι
1002 2913 1118 2985 ἅμα
1180 2913 1344 2982 φασιν
1383 2915 1432 2967 οἱ
1470 2911 1813 2980 φυσιολόγοι·
1847 2911 1990 2966 ὥστε

409 3007 608 3079 μηκέτι
673 3006 771 3076 τὴν
826 3003 1045 3075 θήλειαν
1094 3002 1406 3076 ὀρέγεσθαι,
1446 3005 1495 3056 εἰ
1534 3005 1605 3074 μή
1649 3020 1732 3065 τις
1761 3003 1868 3074 ἄρα
1899 3003 1990 3074 βία

405 3101 636 3169 γένοιτο.
666 3101 820 3171 Μήτε
859 3099 979 3169 μὲν,
1015 3099 1064 3151 εί
1087 3097 1184 3151 καὶ
1205 3095 1359 3168 τύχοι
1395 3097 1657 3168 συναφείᾳ
1683 3097 1791 3149 τινὶ
1818 3097 1987 3164 ἀναγ-

407 3192 699 3262 κασθῆναι,
751 3191 830 3244 ἔτι
863 3188 1126 3244 δύνασθαι
1158 3189 1426 3250 κυῖσκειν,
1457 3190 1530 3258 μὴ
1553 3189 1726 3240 οὐσῶν
1753 3187 1860 3241 τῶν
1889 3204 1993 3258 μη-

405 3281 570 3353 τρῶν,
599 3281 696 3334 εἴτ’
725 3277 818 3334 οὖν
849 3278 1114 3351 ὑστερῶν.
1155 3280 1298 3350 ’Λρα
1327 3279 1458 3347 γοῦν
1485 3279 1716 3332 δέδωκεν
1737 3281 1867 3349 ἡμῖν
1899 3280 1992 3332 καὶ

407 3373 546 3445 αὕτη
578 3375 612 3444 ἡ
652 3371 942 3427 ἀκολουθία
980 3371 1308 3444 πορίσασθαι
1334 3373 1410 3435 είς
1437 3371 1533 3442 τὴν
1559 3369 1991 3443 ἐπιζητουμένην

410 3456 796 3539 πραγματείαν
819 3465 1028 3518 ἔννοιάν
1073 3482 1196 3518 τινα
1236 3465 1473 3535 σχέσεως
1507 3465 1600 3518 ἐπὶ
1622 3465 1683 3518 τὸ
1713 3466 1992 3536 συμφέρον

412 3561 615 3631 μᾶλλον
667 3561 702 3631 ἦ
752 3561 843 3612 ἐπὶ
869 3559 932 3611 τὸ
962 3558 1217 3630 βλάπτον.
1268 3560 1331 3611 Εἰ
1360 3557 1737 3628 γὰρ,σκύμνον
1781 3557 1992 3622 λέοντος

421 3647 625 3704 Ἰούδαν
680 3651 973 3704 αἰνίττεται
1019 3648 1236 3713 Ἰακὼϐ,
1287 3649 1460 3718 λέγων
1486 3644 1576 3702 τὸν
1613 3648 1866 3722 Χριστὸν,
1900 3650 1993 3703 καὶ

412 3746 537 3806 τοὺς
567 3745 588 3773 ³
618 3743 677 3795 ὲν
712 3744 780 3813 τῇ
823 3739 1473 3808 ’ΛποκαλύψειΊωάννοψ
1517 3739 1662 3794 Ἰδοὺ
1707 3740 1995 3807 ἐνίκησεν

414 3838 447 3889 ὁ
469 3837 645 3898 λέων,
675 3833 862 3903 φησὶν,
906 3835 938 3887 ὀ
968 3833 1037 3887 ἐκ
1072 3830 1275 3902 φυλῆς
1323 3830 1530 3894 Ἰούδα,
1562 3831 1658 3884 καὶ
1695 3832 1762 3884 ἐκ
1809 3832 1995 3901 σπέρ-

407 3943 597 3995 ματος
610 3923 787 3978 Δαϐίδ
805 3942 819 3956 ο
845 3924 1021 3978 λέοντι
1048 3923 1156 3994 ἄρα
1184 3923 1624 3994 παρεικασμένου
1646 3923 1738 3976 τοῦ
1765 3924 1992 3994 Κυρίου,

409 4011 538 4085 οὐχὶ
584 4016 725 4069 κατὰ
775 4014 958 4084 φύσιν,
1003 4003 1140 4067 sua}:
1167 4014 1254 4067 διὰ
1307 4014 1367 4066 τὸ
1397 4013 1645 4083 αἴνιγμα,
1681 4015 1773 4067 καὶ
1820 4014 1908 4068 διὰ
1935 4015 1996 4068 τὸ

416 4106 694 4177 βασιλικὸν
747 4101 974 4160 εἶναιτὸ
1016 4105 1174 4170 ζῶον,
1207 4105 1423 4158 πάντων
1465 4103 1622 4168 ζώων
1657 4104 1996 4175 ίταμὼτατόν

345 4189 350 4192 ’
412 4211 474 4250 τε
502 4196 596 4250 καὶ
653 4196 1022 4267 ἰσχυρότατον,
1051 4194 1147 4249 καὶ
1176 4194 1343 4248 τᾶλλα
1381 4194 1558 4248 πάντα
1599 4197 1953 4266 χαριέστατον
1976 4212 1992 4226 ·

414 4288 524 4359 ἄρα
566 4305 629 4357 γε
689 4289 784 4340 καὶ
831 4288 930 4358 τὴν
985 4288 1326 4358 γεννήσασαν
1375 4287 1596 4341 λέαιναν
1658 4290 1862 4359 εἴποιμ’
1905 4287 1994 4343 ἄν.

413 4380 584 4433 Πόθεν
611 4379 717 4448 γὰρ
761 4372 1202 4448 λέαιν’γεννᾶται
1251 4379 1487 4443 πάντως,
1519 4381 1567 4433 εί
1616 4381 1690 4451 μὴ
1737 4380 1920 4434 λέαινα
1959 4383 1992 4452 ή

419 4471 601 4540 μήτηρ
648 4471 1023 4541 κληθήσεται;
1066 4469 1270 4542 Λεαίνῃ
1321 4470 1378 4522 δὲ
1412 4469 1642 4539 δευτέρα
1686 4471 1762 4540 ού.
1783 4470 1995 4538 γίνεται

414 4562 611 4634 κύησις
631 4581 643 4592 ο
697 4563 806 4634 ἄρα
857 4563 1040 4615 οὐκέτι
1087 4561 1284 4631 κύησιν
1313 4557 1453 4615 οἶδεν
1482 4565 1514 4632 ἡ
1543 4561 1732 4633 Μαρία
1752 4602 1767 4625 ,
1813 4562 1996 4616 οὐκέτι

416 4653 711 4721 συνάφειαν
740 4651 1006 4722 σωμάτων
1043 4653 1076 4721 ἡ
1105 4651 1237 4720 ἁγία
1265 4650 1564 4722 Παρθένος.

485 4828 584 4886 Il".
628 4829 787 4883 Ἀλλὰ
841 4832 933 4884 καὶ
962 4830 1155 4902 ἐτέρας
1194 4830 1392 4901 ἴδωμεν
1423 4829 1677 4902 θεωρίας,
1703 4830 1768 4883 ἶν’
1797 4831 1829 4900 ἡ
1862 4831 1995 4884 ἀκό-

414 4922 601 4985 λουθος
632 4925 654 4959 ³
680 4923 758 4991 τῷ
799 4923 974 4993 Ἰησοῦ
1034 4923 1150 4994 ἅμα
1193 4922 1341 4993 αὐτῷ
1373 4923 1602 4976 πάντοτε
1629 4924 1992 4993 τυγχάνουσα.

2101 2445 2309 2502 laniare
2360 2446 2634 2516 unguibus
2716 2460 2780 2500 ac
2837 2446 3150 2516 discerpere
3196 2454 3445 2501 narrant.
3495 2445 3679 2513 Quare

2099 2553 2223 2592 cum
2259 2538 2326 2592 ad
2385 2545 2600 2609 partum
2644 2546 2818 2593 mater
2863 2539 3094 2603 venerit,
3127 2538 3314 2594 eadem
3359 2537 3452 2593 illa
3482 2537 3571 2593 die
3608 2540 3680 2592 ab

2099 2630 2249 2685 omni
2290 2630 2632 2700 parturiendi
2665 2631 2982 2686 conditione
3031 2645 3096 2685 ac
3138 2630 3392 2686 molestia
3430 2639 3678 2687 ventrem

2102 2720 2249 2773 illius
2306 2719 2548 2774 liberari.
2583 2719 2864 2789 Siquidem
2907 2719 2960 2772 in
3002 2719 3122 2789 ipso
3153 2726 3312 2789 partu
3343 2727 3559 2776 uterum
3601 2721 3674 2776 si-

2102 2812 2217 2866 mul
2246 2826 2310 2866 ac
2344 2811 2627 2866 matricem
2670 2811 2891 2866 cxcerni
2929 2812 3260 2866 naturalium
3301 2827 3488 2868 rerum
3521 2812 3680 2868 inda—

2099 2913 2317 2975 gatores
2343 2912 2602 2960 asserunt
2632 2923 2646 2958 :
2679 2904 2816 2959 adeo
2846 2912 2907 2958 ut
2937 2903 3086 2957 nulla
3122 2905 3178 2958 in
3205 2912 3486 2974 posterum
3518 2921 3682 2963 vene-

2100 2999 2179 3053 ris
2205 2999 2504 3068 cupiditate
2540 3007 2814 3068 tangatur,
2843 2998 2951 3053 nisi
3001 2999 3182 3068 aliqua
3212 2999 3294 3054 vis
3329 3001 3676 3056 adhibeatur.

2098 3089 2257 3157 Quod
2286 3091 2333 3146 si
2376 3107 2582 3147 marem
2615 3090 2854 3161 experiri
2895 3101 3141 3163 cogatur,
3184 3093 3563 3164 non'amplius
3591 3103 3679 3149 ta-

2098 3189 2226 3234 men
2280 3180 2448 3237 fetum
2498 3190 2716 3252 gestare
2785 3197 2986 3251 posse,
3031 3191 3219 3253 utpote
3277 3199 3398 3254 quae
3449 3186 3680 3243 matrice

2101 3281 2305 3328 careat.
2335 3274 2452 3339 Qua
2488 3274 2708 3342 quidem
2759 3290 2828 3328 ex
2865 3276 3180 3330 narratione
3215 3277 3279 3329 ad
3335 3277 3410 3340 id,
3452 3278 3520 3332 de
3565 3293 3679 3349 quo

2102 3367 2336 3438 agimus,
2395 3365 2809 3421 similitudinem
2860 3367 3154 3435 quamdam
3191 3369 3321 3424 licet
3351 3371 3675 3438 transferre,

2100 3473 2222 3526 qua:
2257 3457 2547 3512 utilitatem
2602 3459 2784 3526 potius
2817 3474 2980 3530 quam
3011 3459 3270 3516 damnum
3303 3462 3523 3534 aliquod
3545 3479 3681 3521 con-

2101 3551 2276 3605 tinere
2309 3551 2578 3606 videatur.
2616 3550 2829 3606 Etenim
2885 3552 2932 3608 si
2975 3555 3216 3609 catulum
3265 3555 3442 3612 leonis
3478 3556 3679 3615 Judam

2099 3639 2639 3710 Jacob‘tnominans,
2661 3642 2938 3700 Christum
2961 3646 3196 3716 quadam
3213 3651 3480 3706 sermonis
3509 3649 3678 3722 ﬁgura

2099 3731 2466 3797 adumbravit,
2489 3748 2613 3788 cum
2643 3749 2817 3805 eoque
2846 3736 2978 3790 illud
3003 3755 3066 3792 ex
3094 3736 3322 3795 Joannis
3351 3740 3678 3813 Apocalypsi

2097 3823 2381 3892 congruit:
2410 3821 2544 3877 Ecce
2577 3823 2786 3897 1045
2816 3827 2936 3880 vicit
2965 3827 3043 3881 leo
3073 3827 3137 3883 de
3172 3829 3310 3884 tribu
3341 3829 3510 3898 Juda,
3539 3841 3590 3889 et
3614 3832 3680 3888 de

2099 3917 2262 3981 stirpe
2294 3913 2463 3968 David
2481 3915 2503 3946 ⁸
2524 3934 2536 3969 :
2556 3930 2680 3969 cum
2701 3917 2840 3970 leoni
2877 3917 3136 3974 Dominus
3164 3921 3538 3987 assimuletur,
3562 3941 3672 3978 non

2099 4015 2297 4061 natura
2333 4008 2576 4078 quidem,
2606 4009 2699 4064 sed
2728 4011 3105 4068 similitudinis
3135 4013 3679 4086 adUmbrationisque

2099 4099 2294 4169 gratia,
2331 4101 2474 4169 quod
2508 4101 2654 4171 regia
2683 4102 2931 4172 qutedam
2972 4103 3103 4158 insit
3124 4106 3178 4160 in
3213 4105 3368 4160 leone
3402 4106 3678 4177 dignitas,

2099 4193 2279 4262 sitque
2301 4192 2614 4246 animalium
2635 4196 2877 4248 omnium
2906 4195 3354 4261 audacissimum,
3389 4212 3454 4252 ac
3489 4198 3678 4257 fortis-

2099 4282 2322 4346 simum,
2361 4290 2415 4338 et
2457 4285 2511 4337 in
2550 4285 2762 4340 caeteris
2799 4287 3054 4342 omnibus
3087 4297 3304 4357 aspectu
3332 4287 3679 4358 jucundissi-

2100 4390 2271 4435 mum,
2305 4391 2412 4429 non
2451 4375 2688 4432 absurde
2709 4387 2937 4431 matrem
2968 4377 3114 4434 illius
3142 4381 3366 4435 leaenam
3394 4384 3681 4452 appellabi-

2099 4480 2243 4520 mus.
2282 4464 2382 4531 Qui
2407 4467 2551 4520 cnim
2575 4468 2661 4521 leo
2698 4470 2946 4538 generari
2977 4477 3175 4557 potest,
3214 4471 3316 4526 nisi
3344 4481 3518 4528 mater
3544 4475 3667 4544 ejus

2101 4559 2267 4611 leaena
2301 4560 2650 4613 nominetur?
2679 4561 2943 4614 Creterum
2985 4562 3063 4615 uti
3091 4564 3256 4618 leaena
3291 4565 3533 4620 secundo
3567 4583 3678 4624 non

2101 4650 2239 4717 parit
2266 4668 2278 4702 :
2307 4648 2378 4701 ita
2406 4659 2754 4704 sacrosancta
2772 4653 2923 4722 virgo
2949 4651 3116 4704 Maria
3128 4653 3352 4710 alterius
3382 4664 3569 4725 partus
3585 4671 3682 4710 ex-

2098 4756 2224 4810 pers
2248 4741 2367 4810 fuit,
2385 4757 2450 4796 ac
2481 4742 2687 4797 nullum
2717 4744 2964 4812 corporis
2992 4747 3378 4801 commercium
3412 4751 3678 4804 exercuit.

2171 4831 2307 4888 XIII.
2364 4833 2507 4900 Quin
2575 4843 2630 4889 et
2692 4835 2841 4890 aliud
2894 4844 3156 4908 prmterea
3215 4840 3676 4910 contemplemur.

2100 4925 2225 4980 Fuit
2257 4925 2348 4979 illa
2382 4935 2644 4996 perpetua
2688 4927 2891 4984 Christi
2923 4944 3131 4994 comes,
3162 4948 3264 4988 nec
3305 4933 3375 4989 ab
3398 4935 3520 5003 ejus
3550 4923 3682 4991 cen-

427 5014 688 5082 Ἐκλήθη
732 5015 964 5082 Ἰησοῦς
1017 5017 1104 5080 εὶς
1141 5015 1387 5085 γάμους,
1416 5015 1508 5067 καὶ
1538 5016 1572 5084 ἡ
1615 5016 1795 5086 μήτηρ
1829 5015 1991 5069 αὐτοῦ

2100 5016 2270 5071 sortio
2292 5017 2526 5073 dIVUIS‘I.
2564 5015 2789 5072 Vocatus
2811 5029 2888 5072 est
2909 5019 3063 5076 Jesus
3085 5021 3152 5075 ad
3173 5025 3386 5094 nuptias
3409 5025 3430 5055 ⁶
3457 5043 3470 5079 :
3495 5026 3679 5080 statim

417 5107 552 5168 ἐκεῖ,
581 5106 676 5159 καὶ⁹
707 5106 756 5158 οἱ
791 5105 1031 5172 ἀδελφοὶ,
1076 5105 1171 5158 καὶ
1213 5103 1451 5176 οὐδαμοῦ
1492 5105 1714 5174 Ἰωσήφ.
1749 5104 1816 5157 Τί
1862 5105 1994 5174 ἐμοὶ

416 5197 515 5251 καὶ
554 5198 674 5258 σοὶ,
717 5199 925 5267 γύναι;
959 5197 1132 5250 Οὔπω
1182 5197 1314 5265 ἥκει
1363 5198 1403 5265 ἠ
1447 5195 1567 5264 ὥρα
1591 5215 1731 5266 μου.
1757 5196 1865 5249 Καὶ
1896 5197 1996 5250 οὐκ

417 5285 537 5342 εἷπε
557 5305 570 5317 ο
593 5288 657 5341 Τί
680 5290 802 5360 ἐμοὶ
829 5289 924 5343 καὶ
955 5288 1104 5359 ὑμῖν,
1130 5289 1434 5360 ἄνθρωποι;
1478 5291 1843 5360 Παρειστήκει
1875 5289 1996 5340 Μα-

419 5381 564 5452 ρίαή
587 5381 940 5453 Μαγδαληνὴ,
969 5383 1061 5435 καὶ
1087 5383 1275 5453 Μαρία
1305 5384 1338 5453 ἡ
1371 5381 1464 5435 τοῦ
1493 5382 1720 5443 Κλωπᾶ,
1745 5381 1839 5434 καὶ
1876 5381 1998 5434 Μα-

2102 5110 2214 5164 illic
2272 5119 2446 5165 mater
2475 5111 2594 5179 ejus
2628 5119 2682 5165 et
2715 5112 2910 5166 fratres
2941 5111 3272 5169 adfuerunt:
3312 5130 3414 5171 nec
3447 5131 3679 5187 usquam

2101 5199 2321 5269 Joscphi
2364 5204 2586 5256 mentio.
2616 5202 2758 5268 Quid
2789 5203 2978 5256 mihiet
3004 5204 3121 5267 (ibi,
3155 5205 3391 5261 mulier?
3426 5203 3681 5260 Nondum

2102 5291 2238 5344 venit
2287 5289 2418 5343 hora
2459 5307 2598 5346 mea.
2630 5289 2749 5345 Non
2785 5291 2923 5344 dixit
2951 5311 2964 5346 :
2990 5291 3128 5357 Quid
3159 5293 3290 5346 mihi
3312 5303 3367 5348 et
3392 5295 3674 5356 vobis,ho-

2106 5381 2284 5436 mines
2311 5381 2336 5432 ?
2381 5379 2513 5434 Item
2545 5379 2736 5436 aderat
2785 5381 2957 5436 Maria
3016 5381 3355 5453 Magdalene,
3411 5393 3466 5438 et
3512 5384 3679 5442 Maria

491 5537 509 5569 ‘
538 5535 600 5592 F.
637 5539 717 5596 τό.
796 5540 816 5570 ¹
848 5538 907 5597 F.
941 5539 1084 5594 κατὰ
1109 5538 1256 5603 τούς.
1330 5540 1351 5571 ³
1376 5535 1438 5592 F.
1467 5534 1534 5610 ἦν
1563 5537 1717 5593 ἀκὸλ.
1794 5537 1817 5568 ⁸
1838 5535 1974 5592 Gen.

2097 5553 2157 5602 ‘x,
2183 5538 2237 5592 9.
2314 5537 2336 5569 ν
2362 5536 2533 5607 Apoc.
2559 5555 2613 5603 v,
2645 5537 2698 5592 5.
2777 5539 2798 5570 ⁸
2825 5537 2986 5594 Joan.
3021 5555 3082 5607 ιι,
3114 5539 3137 5592 l
3166 5555 3289 5612 sqq.

491 5694 570 5764 (2)
602 5693 754 5748 Φασὶ
791 5695 906 5763 τὴν
941 5695 1208 5750 λέαιναν,
1253 5692 1512 5749 Fabulam
1557 5695 1696 5748 hanc
1744 5695 1990 5764 plerique

333 5816 340 5823 .
417 5763 689 5822 refellunt.
726 5767 1046 5820 Aristoteles
1075 5781 1203 5820 ecce
1243 5767 1336 5817 lib.
1371 5783 1416 5818 vi
1457 5765 1682 5823 Πεδίον..
1716 5763 1836 5834 cap.
1879 5763 1940 5819 51
1971 5783 1984 5818 :

430 5834 493 5892 ⁸0
522 5835 579 5888 δὲ
604 5834 814 5909 λεχθεὶς
846 5836 1012 5906 μῦθος
1049 5837 1175 5908 περὶ
1205 5835 1298 5889 τοῦ
1327 5834 1604 5889 ἐκϐάλλειν
1633 5836 1731 5899 τὰς
1753 5835 1990 5908 ὑστέρας

2097 5690 2369 5769 τίκτοντα,
2415 5692 2676 5769 ληρώδης
2715 5694 2830 5748 ἐστί
2857 5711 2869 5726 ο
2902 5695 3174 5769 συνετέθη
3208 5695 3264 5750 δὲ
3287 5699 3360 5769 ἐκ
3394 5697 3487 5750 τοῦ
3540 5715 3682 5754 σπασ-

2096 5765 2242 5838 viae;
2270 5759 2420 5838 _s_ivatt
2450 5759 2859 5838 τους-λέοντας,
2890 5759 3222 5838 ἀποροῦντος
3247 5768 3346 5838 τὴν
3374 5769 3552 5822 αἰτίαν
3582 5769 3679 5824 τοῦ

2096 5834 2187 5889 τὸν
2224 5833 2391 5903 μῦθον
2447 5835 2748 5897 συνθέντος.
2787 5836 2892 5891 Sed
2940 5833 3012 5892 ct‘
3045 5833 3433 5906 Philostratus,
3465 5849 3519 5894 et
3561 5840 3677 5901 alii.
