4134 6392
426 397 529 460 721

998 395 1368 453 ADVERSUS
1409 394 1750 450 HA'IRESES
1782 394 1907 450 LIB.
1952 395 2038 452 lll.
2083 393 2247 451 ΤΟΜ.
2284 394 2349 450 ll.
2375 426 2444 436 —
2477 393 2749 449 HAZRES.
2782 392 3056 449 LXXVI".

3574 394 3679 451 722

426 513 723 589 ἐξῆνᾶπαξ
749 514 970 567 εἰσιέναι
999 514 1091 567 τοῦ
1119 513 1272 576 ἔτους
1305 514 1384 575 εἰς
1410 512 1477 564 τὰ
1506 511 1636 580 ἆγια
1671 511 1778 564 τῶν
1810 509 1996 579 ἁγίων,

2107 511 2255 565 illam
2289 510 2523 574 scilicet,
2556 525 2718 581 quam
2739 525 2861 564 cum
2891 509 3058 564 Maria
3086 509 3358 581 Iosephus
3380 513 3681 567 necessitu-

425 605 512 660 διὰ
549 606 610 658 τὸ
639 604 956 676 Ναζωραῖον
987 604 1147 658 αὑτὸν
1191 601 1352 666 εἶναι,
1385 605 1479 657 καὶ
1516 602 1777 674 μεμίχθαι
1817 604 1884 673 τῇ
1929 603 2006 654 ἱε-

430 696 663 768 ρωσύνῃ.
718 694 910 748 Ἔνθεν
956 694 1066 766 γὰρ
1125 697 1158 766 ή
1210 694 1397 765 Μαρία
1450 693 1594 747 κατὰ
1641 693 1732 746 δύο
1772 693 2007 762 τρόπους

427 787 695 856 συγγενὴς
737 784 1002 857 ἐτύγχανε
1042 785 1143 857 τῆς
1188 785 1488 850 Ἑλισάϐετ,
1529 786 1624 837 καὶ
1667 785 1695 835 6
1754 783 2008 846 Ἰάκωϐος

422 874 640 945 διέφερε
690 870 755 945 τῇ
794 873 1083 945 ἱερωσύνῃ.
1136 875 1462 945 Ἐπειδήπερ
1498 875 1552 926 αἱ
1583 872 1676 925 δύο
1713 872 1877 941 φυλαὶ
1927 872 2004 940 (6)

426 968 761 1037 συνήπτοντο
819 965 977 1035 μόναι
1022 966 1158 1037 πρὸς
1204 965 1459 1035 ἀλλήλας.
1497 965 1615 1034 ἦτε
1653 964 1903 1034 βασιλικὴ
1939 966 2002 1034 τῇ

422 1060 696 1128 ίερατικῇ,
734 1059 830 1111 καὶ
879 1059 912 1128 ή
945 1056 1192 1128 ίερατικὴ
1220 1059 1285 1126 τῇ
1322 1056 1572 1125 βασιλικῇ
1594 1071 1607 1084 ο
1649 1055 1724 1117 ὡς
1772 1055 1865 1107 καὶ
1894 1055 2005 1108 ἅνω

421 1149 481 1200 ὲν
506 1150 573 1218 τῇ
613 1147 798 1219 ἐξόδῳ,
852 1146 1121 1209 Ναασσὼν
1153 1149 1181 1200 6
1225 1147 1335 1200 ἀπὸ
1372 1146 1467 1199 τοῦ
1519 1145 1686 1198 Ἰούδα
1732 1145 2003 1216 φύλαρχος

421 1239 691 1309 λαμϐάνει
740 1239 839 1309 τὴν
904 1238 1226 1299 Ἑλισάϐετ,
1283 1239 1381 1310 τὴν
1444 1239 1677 1310 ἀρχαίαν
1728 1236 2003 1307 θυγατέρα

435 1328 664 1400 Ἀαρὼν,
694 1328 873 1401 ἑαυτῷ
904 1331 1156 1398 γυναῖκα.
1189 1328 1350 1382 Ὅθεν
1394 1328 1586 1381 πολλαὶ
1605 1328 1710 1380 τῶν
1741 1326 2002 1397 αἱρέσεων

421 1425 563 1474 κατὰ
596 1423 773 1492 σάρκα
798 1420 1148 1490 γενεαλογίαν
1196 1420 1292 1473 τοῦ
1324 1421 1573 1491 Σωτῆρος
1596 1418 1870 1488 ἀγνοοῦσι,
1908 1418 2002 1471 καὶ

419 1509 510 1563 διὰ
536 1510 596 1562 τὸ
617 1511 838 1581 ἀπορεῖν
867 1511 1083 1573 αὐτοὺς,
1113 1509 1423 1575 ἀπιστοῦσι,
1453 1512 1546 1563 καὶ
1570 1509 1816 1563 δοκοῦσιν
1851 1509 1999 1562 ἀντι-

420 1599 597 1666 λέγειν
620 1603 684 1670 τῇ
714 1599 961 1669 ἀληθείᾳ,
989 1600 1260 1668 λέγοντες·
1295 1600 1418 1662 Πῶς
1446 1602 1476 1669 ή
1504 1600 1610 1654 ἀπὸ
1634 1600 1806 1669 φυλῆς
1836 1599 1999 1652 Δαϐὶδ

419 1691 515 1742 καὶ
555 1690 722 1743 Ἰούδα
746 1689 968 1744 δύναται
995 1690 1260 1762 σιγγενὴς
1290 1687 1427 1744 εἶναι
1454 1692 1554 1762 τῆς
1590 1691 1868 1745 Ἐλισάϐετ
1896 1691 1996 1762 τῆς

418 1781 527 1834 ἀπὸ
552 1781 707 1846 Acut;

2112 603 2292 657 dinem
2366 602 2576 665 habuit,
2618 617 2852 673 quocum
2889 609 3007 655 erat
3040 601 3129 654 illa
3163 602 3474 671 conjuncta.
3508 602 3680 657 Caete-

2110 709 2231 746 rum
2284 695 2384 748 soli
2440 692 2569 747 huic
2598 692 2800 747 Jacobo
2858 690 2910 745 id
2951 693 3173 748 honoris
3207 693 3529 748 attributum
3570 701 3676 759 est,

2108 787 2275 838 semel
2319 794 2376 839 ut
2420 785 2711 854 quorannis
2758 783 2813 837 in
2853 792 3045 839 sancta
3072 792 3385 839 sanctorum
3431 785 3680 856 ingrede-

2108 884 2288 940 retur;
2326 875 2468 944 quod
2497 884 2548 927 et
2585 874 2900 928 Nazarenus
2932 884 3115 941 esset,
3156 884 3210 930 et
3253 890 3378 929 cum
3431 876 3681 931 sacerdo-

2108 966 2201 1018 tali
2237 966 2410 1033 stirpe
2461 964 2810 1031 conjunctus.
2851 961 3007 1018 Unde
3034 972 3087 1018 et
3125 963 3293 1018 Maria
3321 965 3524 1035 duplici
3554 980 3695 1019 cum.

2107 1055 2423 1110 Elizabetha
2474 1056 2797 1123 cognatione
2849 1070 2911 1109 ac
2952 1056 3355 1111 necessitudine
3385 1058 3687 1126 conjuncta-

2106 1144 2238 1211 fuit;
2262 1152 2316 1199 et
2339 1143 2575 1198 Iacobus
2602 1142 2889 1198 sacerdotii
2917 1142 3176 1213 dignitate
3198 1145 3470 1214 praestitit.
3500 1144 3681 1211 Quan-

2104 1237 2395 1306 doquidem
2418 1237 2540 1290 duae
2575 1236 2680 1289 illae
2710 1235 2887 1290 tribus
2925 1236 3054 1290 Solae
3088 1236 3318 1291 invicem
3364 1239 3679 1307 nuptiarum

2104 1327 2438 1382 commercio
2454 1328 2826 1397 jungebantur
2844 1344 2858 1393 ;
2878 1326 3049 1397 regia,
3077 1326 3322 1396 inquam,
3339 1343 3462 1382 cum
3495 1343 3680 1384 sacer-

2102 1418 2290 1480 dotali,
2323 1426 2379 1471 et
2428 1417 2787 1472 sacerdotalis
2819 1432 2943 1471 cum
2991 1419 3177 1488 regia..
3214 1417 3679 1484 Quemadmodum

2103 1510 2229 1563 alim
2293 1509 2399 1564 sub
2432 1509 2762 1578 egressionis
2818 1525 2882 1563 ex
2922 1507 3159 1580 Egypto
3200 1516 3434 1578 tempus,
3469 1509 3682 1582 1046

2102 1600 2350 1655 Naasson
2400 1601 2579 1654 tribus
2628 1599 2781 1654 Iudae
2815 1600 3070 1670 princeps
3116 1600 3484 1655 Elizabetham
3530 1602 3681 1656 illam
3734 1608 3779 1675 τι,

2098 1695 2332 1761 priorem
2363 1690 2599 1746 Aaronis
2628 1690 2790 1745 ﬁliam
2817 1691 2972 1746 duxit
2995 1693 3036 1744 ί.
3075 1690 3153 1746 Ex
3188 1707 3296 1762 quo
3324 1690 3524 1746 factum
3566 1700 3674 1753 est.
3776 1684 3779 1685 ⁷

2100 1790 2159 1834 ιιι
2196 1780 2506 1850 complures
2561 1780 2940 1836 haereticorum
2999 1790 3162 1837 sectae
3212 1782 3416 1838 Christi
3458 1782 3677 1838 Domini

419 1875 731 1943 prosapiam
780 1888 844 1928 ac
865 1874 1231 1944 genealogiam
1264 1874 1537 1944 ignorent,
1565 1882 1726 1944 atque
1765 1875 1836 1929 ob
1888 1873 2034 1926 illam
2070 1888 2225 1927 suam
2268 1873 2659 1928 haesitationem
2724 1873 2881 1928 [idem
2917 1873 3212 1943 labrogent,
3256 1886 3322 1927 ac
3395 1872 3679 1928 veritatem

418 1978 738 2033 oppugnare
796 1980 857 2021 se
905 1973 1127 2035 putent,
1181 1980 1304 2020 cum
1347 1963 1482 2019 illud
1534 1966 1805 2035 objiciunt
1839 1980 1854 2013 ι
1884 1962 1988 2029 Qui
2031 1964 2147 2018 ﬁeri
2181 1971 2381 2030 potest,
2451 1971 2511 2016 ut
2579 1972 2698 2032 qua:
2742 1979 2809 2018 ex
2852 1961 3072 2016 Davidis
3109 1976 3174 2017 ac
3209 1959 3361 2016 luela:
3393 1961 3565 2031 stirpe
3608 1961 3682 2017 sit

416 2056 673 2123 oriunda,
703 2058 1056 2125 Elizabethae,
1091 2076 1210 2131 qua:
1235 2076 1299 2114 ex
1323 2060 1564 2115 Levitico
1602 2076 1798 2129 genere
1826 2069 1994 2123 esset,
2037 2067 2268 2129 cognata
2307 2058 2514 2112 fuerit?

488 2149 612 2203 1A".
641 2145 810 2214 οὗτος
833 2154 862 2205 6
903 2154 1157 2219 Ἰάκωϐος
1179 2156 1272 2209 καὶ
1302 2155 1533 2209 πέταλον
1558 2156 1634 2226 (7)
1659 2156 1751 2208 ἐπὶ
1779 2156 1877 2224 τῆς
1904 2171 1996 2208 κε-

2177 2151 2312 2206 XIV.
2345 2151 2587 2208 Jacobus
2621 2152 2729 2207 iste
2775 2152 3053 2207 bracteam
3087 2154 3145 2207 in
3177 2153 3356 2222 capite
3385 2157 3575 2223 gessrt.
3611 2149 3680 2204 Et

419 2241 594 2311 φαλῆς
623 2244 849 2316 ὲφόρεσε
875 2262 890 2276 σ
923 2246 1017 2299 καί
1050 2264 1181 2300 ποτε
1200 2247 1458 2319 ἀϐροχίας
1480 2248 1796 2320 γενομένης,
1826 2248 1999 2319 ἐπῆρε

416 2330 515 2395 τὰς
543 2334 729 2402 χεῖρας
765 2336 845 2399 είς
891 2336 1138 2406 οὐρανὸν,
1170 2337 1262 2389 καὶ
1294 2336 1660 2408 προσηύξατο,
1705 2337 1798 2388 καὶ
1840 2336 1999 2401 εὐθὺς

416 2425 446 2476 6
477 2424 701 2494 οὐρανὸς
729 2425 926 2481 ἔδωκεν
948 2427 1119 2481 ὑετόν.
1164 2427 1382 2499 Ἐρεοῦν
1413 2428 1468 2481 δὲ
1504 2429 1712 2498 ἱμάτιον
1745 2428 1999 2481 οὐδέποτε

417 2514 722 2569 ἐνεδύσατο.
756 2517 836 2571 Τὰ
884 2517 941 2571 δὲ
990 2519 1190 2587 γόνατα
1239 2519 1401 2573 αὑτοῦ
1445 2520 1813 2591 ὲσκληκίασαν
1843 2519 1999 2589 δίκην

416 2606 699 2679 καμήλων,
732 2608 841 2662 ἀπὸ
878 2611 972 2664 τοῦ
1016 2611 1247 2665 πάντοτε
1284 2612 1555 2682 κάμπτειν
1586 2611 1724 2665 αὐτὰ
1769 2610 1998 2666 ἐνώπιον

417 2697 625 2767 Κυρίου
655 2698 723 2751 δι’
750 2699 1057 2771 ὑπερϐολὴν
1091 2700 1393 2765 εὐλαϐείας.
1428 2701 1628 2755 Τοῦτον
1656 2696 1748 2754 οὖν
1776 2701 1997 2772 ὀνόματι

417 2789 597 2842 οὐκέτι
648 2791 894 2856 ἐκάλουν,
942 2792 1057 2846 ἀλλ’
1097 2792 1162 2848 '0
1206 2793 1438 2859 δίκαιος
1488 2789 1554 2865 ἦν
1608 2792 1756 2863 αὐτῷ
1803 2794 1993 2860 ὄνομα.

420 2878 587 2945 Οὗτος
621 2883 875 2938 οὐδέποτε
906 2888 963 2938 ὲν
995 2885 1261 2956 βαλανείῳ
1297 2885 1554 2939 ὲλούσατο
1582 2901 1595 2914 ·
1631 2877 1786 2949 οὗτος
1818 2882 1996 2955 ἐμψύ-

420 2991 515 3045 χου
536 2976 597 3027 οὐ
632 2976 882 3046 μετέσχε,
907 2976 1089 3041 καθὼς
1116 2979 1227 3032 ἄνω
1253 2994 1342 3050 μοι
1374 2977 1770 3050 προδεδήλωται
1797 2998 1809 3008 ε
1842 2971 1997 3042 οὗτος

422 3065 700 3120 σανδάλιον
767 3069 859 3138 οὐχ
913 3069 1235 3139 ὑπεδήσατο.
1274 3071 1381 3123 Καὶ
1437 3070 1607 3123 πολλὰ
1632 3067 1701 3142 ἦν
1738 3071 1866 3141 περὶ
1903 3070 1996 3125 τοῦ

420 3157 612 3228 ἀνδρὸς
660 3159 859 3229 λέγειν,
908 3162 1003 3215 καὶ
1040 3164 1139 3232 τῆς
1196 3163 1449 3234 ἐναρέτου
1498 3162 1664 3216 αὑτοῦ
1700 3161 1992 3226 πολιτείας.

433 3248 594 3320 Ὁρᾷς
619 3247 732 3315 οὖν,
766 3252 846 3305 ὅτι
897 3252 926 3304 6
974 3247 1121 3316 οἶκος
1165 3253 1509 3306 παντάπασιν
1572 3253 1996 3322 ἀξιολογώτατος

417 3330 519 3408 ἧν;
553 3339 615 3392 Εἰ
639 3340 748 3411 γάρ
769 3341 818 3393 οξ
857 3341 1043 3405 παῖδες
1073 3341 1167 3394 τοῦ
1212 3343 1411 3413 Ἰωσὴφ
1454 3343 1673 3413 ᾔδεισαν
1703 3343 1997 3414 παρθενίας

418 3428 592 3494 τάξιν,
629 3429 724 3482 καὶ
780 3430 1115 3501 Ναζωραίων
1148 3431 1209 3483 τὸ
1238 3430 1419 3501 ἔργον,
1465 3433 1615 3502 πόσῳ
1639 3450 1702 3501 γε
1738 3433 1936 3503 μᾶλλον
1968 3434 1996 3485 6

425 3520 738 3593 πρεσϐύτης
776 3523 870 3576 καὶ
889 3524 1066 3594 τίμιος
1091 3524 1230 3594 ἀνὴρ
1261 3523 1375 3595 ᾔδει
1406 3525 1693 3593 φυλάττειν
1722 3525 1999 3598 Παρθένον

422 3611 615 3682 ἁγνὴν,
646 3612 741 3664 καὶ
772 3613 935 3682 τιμᾷν
961 3611 1022 3664 τὸ
1071 3610 1286 3675 σκεῦος,
1322 3611 1451 3666 ἔνθα
1482 3631 1584 3666 που
1609 3615 1940 3686 ἐνεδήμησεν
1964 3616 1998 3686 ἠ

420 3704 530 3757 τῶν
560 3702 861 3775 ἀνθρώπων
890 3702 1164 3774 σωτηρία;
1194 3701 1331 3756 Οὔτε
1353 3705 1491 3776 αὑτὴ
1519 3705 1728 3775 ἡφύσις
1759 3705 1997 3760 διδάσκει

423 3794 590 3863 ἡμᾶς,
645 3793 727 3844 ὅτι
790 3791 927 3863 ἀνὴρ
973 3792 1070 3862 μὲν
1102 3787 1170 3862 ἦν
1224 3792 1556 3865 πρεσϐύτης,
1609 3793 1999 3865 ὑπερϐεϐηκὼς

422 3886 558 3939 πολὺ
594 3886 658 3956 τῇ
686 3884 896 3954 ἡλικίᾳ,
932 3884 1105 3955 μέγας
1145 3882 1384 3953 γεγονὼς
1416 3887 1474 3937 ἐν
1512 3886 1757 3954 ἀνδράσι,
1809 3887 1999 3951 πιστὸς

422 3977 515 4030 τὸν
553 3976 773 4047 τρόπον,
823 3975 1056 4047 εὐλαϐὴς
1092 3978 1153 4029 τὸ
1183 3976 1341 4039 εἶδος.
1368 3977 1569 4029 Φάσκει
1597 3976 1704 4047 γὰρ
1727 3977 1789 4029 τὸ
1819 3977 2000 4046 Εὐαγ-

424 4068 620 4137 γέλιον.
654 4068 737 4121 ὅτι
776 4065 945 4135 Ἀνὴρ
966 4069 1333 4137 φοϐούμενος
1365 4067 1471 4121 τὸν
1497 4068 1646 4121 Θεὸν
1682 4067 1867 4136 ἐζήτει
1893 4069 2000 4123 λά-

425 4165 535 4229 θρα
571 4160 877 4214 ἀπολῦσαι
901 4160 1115 4226 αὐτήν.
1147 4162 1188 4213 Τ
1193 4161 1383 4230 ελευτᾷ
1411 4161 1466 4213 δὲ
1497 4153 1650 4223 οὗτος
1674 4162 1708 4212 6
1745 4160 1998 4223 Ἰάκωϐος

423 4254 455 4307 ὁ
502 4252 726 4321 ἁδελφὸς
770 4252 863 4304 τοῦ
896 4251 1096 4322 Κυρίου
1122 4252 1217 4305 καὶ
1245 4253 1358 4314 υίὸς
1398 4251 1592 4322 Ἰωσὴφ
1619 4253 1675 4304 ἐν
1707 4252 2000 4322 Ἰεροσολύ-

430 4358 573 4414 μοις,
620 4340 821 4412 βιώσας
876 4341 1015 4412 μετὰ
1065 4342 1164 4411 τὴν
1209 4341 1303 4394 τοῦ
1332 4342 1581 4413 Σωτῆρος
1623 4340 1699 4411 (8)
1733 4341 1999 4412 ἀνάληψιν

532 4477 549 4507 ⁸
587 4475 757 4529 Exod.
788 4490 866 4538 vt,
900 4477 992 4530 23.
1061 4478 1081 4508 ⁸
1112 4474 1303 4530 Matth.
1343 4492 1379 4541 ι,
1412 4477 1498 4532 49.

429 4589 663 4643 Iacobus
699 4588 791 4642 Dei
832 4597 880 4642 et
916 4588 1126 4643 Domini
1176 4590 1342 4643 nostri
1389 4588 1519 4643 Jesu
1566 4590 1766 4645 Clu-isti
1796 4607 1997 4658 servus,

429 4659 704 4712 duodecim
738 4659 995 4720 tribubus,
1038 4676 1154 4727 quae
1192 4672 1311 4713 sunt
1361 4661 1415 4712 in
1459 4662 1802 4728 dispersione.
1852 4662 2000 4714 salu-

431 4738 554 4782 tem.
590 4729 716 4784 Item
750 4730 868 4798 Act.
905 4746 993 4792 xx,
1023 4730 1078 4791 6,
1112 4729 1314 4785 Paulus
1348 4731 1422 4782 ita
1454 4732 1732 4798 loquitur:
1766 4732 1831 4784 Et
1860 4749 1998 4785 nunc

428 4801 487 4853 in
507 4814 613 4870 spe,
630 4815 745 4869 qua:
774 4797 853 4870 ad?
871 4811 1044 4865 patres
1070 4810 1275 4853 nostros
1302 4797 1721 4867 repromissionis
1746 4802 1890 4870 facta
1911 4812 2012 4855 est-

433 4887 468 4923 a
502 4868 735 4930 Deo,'sto
754 4869 957 4938 judicio
985 4870 1270 4938 subjectus,
1305 4872 1357 4923 in
1396 4887 1555 4939 quant
1585 4868 1857 4925 duodecim
1889 4873 1989 4924 tri-

437 4939 530 4992 bus
555 4949 747 4993 nostra:
771 4949 917 4995 nocte
939 4958 999 4994 ac
1019 4940 1103 4993 die
1117 4940 1454 4994 deservientes
1477 4950 1687 5008 sperant
1702 4943 1986 5009 pervenire.

436 5009 697 5074 Quamvis
721 5010 866 5063 enim
902 5011 1151 5064 abducta:
1179 5011 1365 5065 decem
1411 5012 1586 5066 tribus
1630 5019 1836 5073 essent,
1879 5028 1988 5067 non

437 5079 594 5148 pauci
630 5087 811 5132 tamen
851 5093 918 5133 ex
956 5081 1065 5135 illis
1091 5081 1173 5134 vel
1200 5080 1413 5134 duabus
1452 5081 1574 5135 aliis
1609 5081 1858 5135 tribubus
1888 5083 1989 5134 im-

435 5148 603 5211 misti,
657 5149 735 5200 \el
788 5156 1065 5217 utcanque
1098 5150 1311 5203 liberati
1347 5160 1681 5205 manserunt.
1725 5150 1882 5216 Quod
1919 5151 1989 5205 ad

434 5219 789 5289 acclamatum
829 5222 1045 5273 Usanna
1089 5221 1364 5288 pertinet:
1398 5220 1511 5273 lieri
1548 5229 1757 5289 potest,
1792 5222 1865 5277 uti
1902 5236 1988 5275 ra-

433 5302 554 5360 mos
587 5287 652 5360 ad
687 5288 955 5360 publicam
998 5287 1393 5344 testiﬁcandam
1437 5287 1672 5344 Iaetiiiam
1728 5306 1987 5360 poposce-

434 5359 566 5429 εἰμι,
589 5357 654 5409 ad
685 5374 778 5412 eos
800 5359 1185 5429 del'riugendos
1215 5374 1335 5413 sese
1364 5360 1594 5413 invicem
1632 5357 1829 5414 hortati
1855 5361 1984 5415 sint.

434 5425 775 5480 Postremum
819 5428 885 5482 de
922 5425 1302 5483 Nazaraeorum
1358 5429 1609 5484 instituto
1649 5430 1986 5484 levissimum

433 5495 747 5569 e_st.1\‘eque
777 5500 919 5551 enim
959 5498 1198 5569 Nazaraii
1237 5498 1314 5551 illi
1349 5501 1593 5569 perpetui
1623 5501 1881 5555 carnibus
1908 5502 1988 5553 sic

434 5566 834 5639 abstinuerunt,
886 5577 944 5622 ut
987 5585 1095 5622 non
1137 5568 1383 5621 Paschali
1417 5566 1556 5639 agno
1590 5579 1940 5624 vescerentur
1973 5588 1984 5622 :

433 5649 559 5689 cum
605 5637 836 5705 idipsum
884 5639 967 5693 lex
1009 5647 1115 5691 tam
1164 5649 1417 5693 accurate
1446 5637 1782 5708 praeciperet.
1810 5639 1903 5695 sed
1937 5639 1989 5693 in

434 5709 710 5779 communi
753 5709 962 5761 scilicet
1023 5709 1449 5779 quotidiauoque
1479 5711 1622 5765 victu
1666 5710 1774 5765 illis
1819 5711 1989 5765 absti‘

434 5773 639 5835 nabant
691 5786 747 5830 ut
787 5787 839 5830 et
883 5779 1009 5832 vino
1038 5773 1100 5831 ac
1131 5780 1324 5831 siccra.

2104 2260 2227 2299 cum
2260 2243 2556 2313 aliquando
2615 2251 2762 2297 terra
2813 2243 3061 2298 siccitate
3113 2243 3409 2309 laboraret,
3449 2241 3679 2299 sublatis

2101 2336 2168 2391 ad
2195 2336 2394 2391 cmlum
2425 2336 2678 2390 manibus
2703 2336 2900 2399 oravit,
2933 2336 3225 2405 statimque
3252 2335 3425 2390 imber
3449 2335 3514 2390 de
3537 2335 3678 2390 cmlo

2100 2427 2319 2482 decidit.
2367 2425 2550 2482 Lanea
2592 2427 2922 2483 vestimenta
2956 2441 3235 2497 nunquam
3267 2426 3463 2481 induit.
3498 2426 3678 2497 Hujus

2100 2534 2230 2573 vero
2274 2533 2450 2590 genua
2501 2520 2840 2574 camelorum
2894 2518 3070 2573 instar
3111 2518 3374 2574 callosam
3421 2518 3680 2575 duritiem

2099 2617 2512 2673 contraxerant,
2538 2610 2685 2680 quod
2712 2626 2826 2680 prae
2852 2611 3187 2665 abundantia
3210 2611 3429 2695 pietatis
3461 2610 3681 2673 assidue

2100 2702 2191 2755 illa
2224 2716 2410 2757 coram
2450 2700 2678 2756 Domino
2708 2702 2967 2757 ﬂecteret.
2989 2702 3354 2769 Quamobrem
3379 2715 3540 2757 nemo
3571 2716 3693 2755 am-

2100 2796 2244 2865 plius
2276 2795 2501 2865 proprio
2525 2795 2675 2848 illum
2730 2794 2948 2848 nomine
2982 2795 3233 2862 vocabat,
3260 2795 3357 2852 sed
3388 2793 3577 2848 Justus
3610 2793 3681 2848 ab
3718 2844 3727 2845 ,

2098 2887 2357 2942 omnibus
2390 2888 2789 2957 appellabatur.
2822 2886 2902 2939 Ad
2929 2886 3042 2940 haec
3072 2903 3351 2958 nunquam
3384 2887 3438 2940 in
3470 2886 3681 2942 balneis

2101 2979 2264 3044 lavit;
2330 2978 2397 3033 ab
2448 2979 2693 3032 animato
2740 2979 2887 3032 omni
2923 2979 3269 3047 temperavit,
3302 2986 3361 3033 ut
3397 2987 3557 3033 antea
3594 2978 3682 3033 di-

2099 3076 2249 3123 ctum
2279 3077 2399 3136 est;
2438 3085 2616 3139 neque
2638 3069 2904 3123 sandaliis
2932 3085 3065 3124 usus
3095 3076 3198 3124 est.
3230 3067 3463 3138 Reliqua
3492 3069 3683 3123 omnia

2098 3161 2475 3230 praatermitto,
2498 3176 2621 3232 quae
2660 3159 2727 3215 de
2750 3161 2854 3214 hoc
2889 3160 3027 3224 viro,
3064 3159 3240 3230 deque
3261 3159 3521 3215 laudabili
3556 3160 3683 3215 vitae

2100 3251 2247 3305 illius
2272 3250 2529 3305 instituto
2561 3251 2861 3321 quamlibet
2898 3251 3118 3319 copiose
3153 3249 3261 3305 dici
3296 3257 3546 3321 possunt.
3583 3248 3680 3303 Vi-

2099 3341 2269 3397 desne
2300 3356 2460 3411 quam
2511 3340 2731 3411 egregia
2769 3340 2972 3395 familia
3015 3340 3105 3393 illa
3149 3340 3330 3395 omnis
3358 3340 3629 3396 exstiterit
3655 3341 3713 3396 ἲς

2101 3431 2234 3487 Nam
2268 3433 2313 3487 si
2367 3430 2593 3502 Josephi
2649 3431 2807 3486 liberi
2841 3431 3117 3500 virginum
3157 3429 3407 3487 ordinem
3449 3431 3603 3485 illum
3625 3438 3709 3486 et-

2026 3497 2068 3552 C
2102 3524 2486 3580 Nazaraaorum
2542 3521 2778 3577 olIicium
2834 3523 3206 3589 sectabantur,
3254 3531 3461 3593 quanto
3504 3523 3685 3594 magis

2102 3631 2267 3670 senex
2331 3616 2422 3671 ille
2472 3617 2824 3670 veneratione
2855 3616 3002 3670 omni
3046 3615 3406 3685 dignissimus
3469 3622 3679 3670 castam

2100 3717 2155 3761 et
2210 3709 2469 3762 intactam
2533 3705 2817 3777 Virginem
2880 3721 3215 3762 conservare
3258 3713 3505 3769 noverat,
3542 3716 3596 3760 et
3629 3705 3681 3759 ei

2099 3800 2217 3854 vasi
2260 3798 2592 3869 singularem
2632 3796 2926 3868 quemdam
2957 3797 3224 3852 honorem
3266 3796 3497 3862 deferre,
3535 3796 3683 3867 quod
3706 3838 3718 3851 κ

2101 3892 2331 3944 salutem
2370 3890 2654 3945 hominum
2698 3888 2994 3959 aliquando
3049 3889 3429 3943 continuerat?
3475 3888 3582 3943 Sed
3625 3895 3684 3943 et

2100 3993 2293 4037 natura
2322 3983 2441 4053 ipsa
2469 3982 2799 4036 documento
2844 3981 3002 4037 nobis
3029 3996 3150 4037 esse
3182 3988 3362 4051 potest
3394 3999 3407 4033 :
3445 3979 3592 4051 quod
3623 3988 3681 4035 et

2100 4075 2291 4130 alTecta
2315 4074 2427 4142 jam
2459 4080 2620 4127 aetate
2653 4072 2810 4138 foret,
2860 4088 2923 4127 ac
2953 4080 3084 4127 natu
3115 4071 3377 4143 grandior
3397 4114 3412 4139 ,
3448 4086 3704 4143 magnus,

2100 4166 2245 4219 inter
2300 4167 2472 4227 viros,
2531 4164 2777 4218 moribus
2844 4163 3036 4227 ﬁdelis,
3083 4178 3149 4218 ac
3188 4163 3371 4233 specie
3410 4163 3525 4230 ipsa
3552 4161 3680 4217 reli-

2102 4257 2310 4326 giosus.
2344 4255 2415 4311 De
2449 4271 2514 4311 eo
2567 4257 2768 4326 quippe
2806 4263 3039 4311 testatur
3086 4254 3464 4325 Evangelium,
3501 4255 3679 4309 homi-

2101 4364 2224 4402 nem
2276 4347 2442 4403 fuisse
2496 4347 2777 4402 timentem
2837 4346 3053 4402 Deum'
3090 4362 3104 4401 :
3137 4348 3232 4417 qui
3272 4347 3478 4402 idcirco
3530 4348 3678 4402 clam

2173 4596 2247 4665 (6)
2292 4595 2636 4664 Ἐπειδήπερ
2666 4598 2725 4649 αἱ
2755 4595 2865 4649 δύο
2898 4596 3105 4664 φυλαί.
3154 4593 3268 4648 Hoc
3309 4593 3439 4648 alibi
3474 4592 3680 4647 refuta-

2101 4674 2215 4721 tum
2256 4683 2285 4719 a
2323 4667 2480 4720 nobis
2509 4676 2612 4719 est.

2175 4736 2250 4804 (7)
2285 4732 2472 4800 Οὗτος
2525 4738 2556 4788 ὀ
2607 4734 2872 4798 Ἰάκωϐος
2922 4734 3018 4786 καὶ
3071 4732 3367 4804 πέταλονἒ
3414 4730 3490 4784 lta
3545 4733 3675 4804 hier.

2100 4801 2190 4866 2!),
2245 4822 2297 4857 ιι.
2342 4806 2420 4859 ιε
2470 4805 2628 4858 Ἀλλὰ
2657 4805 2750 4857 καὶ
2793 4804 2869 4856 τὸ·
2894 4804 3121 4857 πέταλον
3175 4802 3267 4855 ἐπὶ
3310 4801 3680 4872 τῆςγκεφαλῆς

2095 4878 2220 4945 ἐξῆν
2244 4874 2392 4944 αὐτῷ
2425 4876 2630 4946 φέρειν.
2663 4872 2836 4946 Quod
2881 4874 2949 4946 de
3001 4873 3198 4928 summi
3251 4871 3526 4946 pontiﬁcis
3576 4871 3679 4923 πε-

2092 4940 2238 5015 τὰλῳ
2297 4940 2575 5015 accepisse
2622 4944 2859 5015 videtur.
2919 4942 3210 5013 Perperam
3245 4940 3328 5015 :id
3392 4942 3611 5015 quidem
3660 4959 3675 5015 ς

2094 5010 2239 5083 quod
2273 5010 2475 5084 alioqui
2513 5013 2582 5069 de
2623 5010 3062 5084 Christianorum
3108 5010 3425 5084 pontiﬁcum
3476 5010 3679 5079 insigni

2095 5081 2517 5162 credibile‘est,
2565 5090 2619 5139 et
2664 5084 2732 5138 de
2779 5081 2989 5162 Joanne
3040 5081 3373 5162 evangelista
3418 5088 3676 5162 testatum

2095 5155 2314 5224 reliquit
2365 5153 2678 5224 Polycrates
2731 5154 2899 5224 apud?
2926 5152 3121 5224 Euseb.
3175 5150 3266 5205 lib.
3301 5166 3515 5224 v,_cap_.

2101 5218 2481 5295 Ὃς’ὲγενήθη’
2507 5224 2683 5295 ἱερεὺς
2724 5218 2801 5295 τδ,
2836 5222 3064 5295 πέταλον
3110 5218 3553 5295 πεφορεκῴς.’[)θ
3585 5218 3677 5273 Ja-

2096 5296 2233 5350 cobo
2270 5291 2424 5348 haud
2446 5291 2681 5364 'scio’han
2716 5294 2993 5364 quispiam
3018 5291 3333 5364 prodiderit.
3370 5291 3506 5364 Nam
3537 5304 3677 5364 quos

2099 5365 2289 5419 haeresi
2324 5364 2395 5417 29
2430 5358 2929 5434 citatEpiph'anius,
2963 5358 3031 5416 de
3069 5359 3296 5425 Joanne,
3322 5376 3433 5415 non
3471 5358 3676 5415 Jacobo

2096 5435 2200 5490 ista
2231 5434 2589 5502 scripserunt.

2169 5505 2244 5574 (8)
2279 5497 2511 5574 Βιῶᾳας
2532 5502 2679 5571 μετὰ
2708 5500 2821 5574 τὴν
2847 5500 2952 5554 τοῦ
2996 5497 3584 5574 ΣωτῆροςηΕιιεθιιίιιε

2102 5569 2357 5629 Chronico
2387 5569 2648 5626 Jacobum
2682 5572 2866 5625 scribit
2923 5585 3063 5623 anno
3112 5569 3340 5625 Neronis
3371 5583 3444 5624 vlt
3480 5569 3677 5637 lapidi-

2100 5645 2203 5699 bus
2237 5643 2493 5696 obrutum
2538 5643 2739 5705 fuisse;
2771 5640 2914 5708 quod
2959 5648 3014 5694 et
3052 5639 3269 5711 llieron.
3302 5639 3370 5711 in
3399 5638 3678 5711 _Catalogo

2103 5713 2365 5782 sequitur,
2400 5713 2489 5781 qui
2532 5729 2632 5764 xxx
2687 5714 2845 5764 annis
2895 5711 3043 5763 illum
3077 5708 3510 5782 sedisseqrefert.
3561 5708 3676 5764 Non

2105 5778 2266 5853 igiiur
2299 5778 2585 5839 accuratus
2611 5790 2693 5837 est
2721 5797 2985 5835 annorum
3011 5780 3153 5850 apud
3183 5778 3542 5850 Epiphanium
3571 5792 3674 5832 uu-

2106 5868 2305 5906 lllL‘l‘llS.
2508 5884 2515 5890 ο
