4134 6392
495 425 598 482 7'25

1902 429 1962 483 S.
2002 428 2346 484 EPIPIIANH

3633 412 3739 469 ττι

490 545 776 614 conjugem
819 543 1092 600 dimittere
1118 545 1420 601 statuisset.
1463 543 1570 600 Sed
1612 555 1670 600 ut
1697 545 1764 600 ad
1795 543 2060 600 Jacobum

2177 547 2318 600 ἔτεσι
2386 545 2820 615 είκοσιτὲσσαρσι
2867 542 3036 594 πλείω
3075 539 3308 602 ἐλάσσω,
3348 537 3425 589 ὢν
3457 534 3596 588 ἑτῶν
3622 533 3736 602 ις’,

491 637 709 690 redeam
741 635 953 692 Domini
991 637 1238 700 fratrem,
1263 651 1328 690 ac
1351 635 1572 708 Josephi
1593 637 1783 704 ﬁlium,
1820 638 1910 692 hic
1931 637 2060 694 Ilie—

489 727 783 798 rosolymis
827 737 1078 784 mortuus
1143 739 1228 783 est
1283 727 1444 784 annis
1499 736 1622 798 post
1671 728 2064 786 Ascensionem

491 813 707 870 Domini
763 816 888 888 plus
935 817 1119 872 minus
1167 817 1360 887 viginti
1398 825 1637 894 quatuor
1671 821 1902 884 exactis,
1937 835 2064 874 cum

459 907 610 976 ipse
647 913 860 962 sextum
899 913 954 961 et
999 907 1416 974 nonagesimum
1456 908 1632 962 aetatis
1685 919 1888 979 ageret.
1925 908 2065 964 Huic

491 997 636 1050 cnim
685 995 820 1052 fullo
881 997 1104 1068 quidam
1139 1005 1304 1068 caput
1351 997 1495 1054 fuste
1533 1000 1879 1062 comminuit,
1938 1015 2063 1054 cum

489 1102 730 1158 pneeeps
789 1097 936 1144 esset
979 1104 1010 1144 e
1051 1089 1236 1160 templi
1283 1088 1578 1158 plnnaculo
1635 1088 1918 1158 dejectus;
1969 1088 2066 1144 sed

489 1183 626 1236 nihil
667 1182 958 1238 admodum
987 1183 1254 1247 oll'ensus,
1286 1183 1654 1253 procumbens
1679 1184 1734 1236 in
1769 1198 1944 1252 genua
1968 1198 2068 1253 pro

491 1274 575 1328 his
607 1275 762 1344 ipsis,
793 1293 822 1329 a
855 1277 1055 1346 quibus
1089 1278 1463 1348 praecipitatus
1499 1275 1699 1337 fuerat,
1736 1275 1902 1330 Deum
1945 1291 2068 1346 pre-

489 1377 647 1420 ClllllS
673 1377 774 1430 est,
825 1368 911 1422 his
947 1369 1162 1423 verbis:
1199 1365 1420 1424 Dimitte
1450 1369 1582 1428 illis.
1636 1369 1763 1447 quia
1814 1371 2070 1425 nesciunt

2171 640 2274 692 ὑπὸ
2301 637 2396 692 τοῦ
2431 635 2681 706 γναφέως
2729 633 2806 704 τῷ
2855 635 2996 703 ξύλῳ
3039 630 3288 692 παισθεὶς
3331 626 3429 698 τὴν
3476 624 3739 696 κεφαλὴν,

2173 731 2351 800 ptest;
2375 729 2482 782 ἀπὸ
2530 728 2623 780 τοῦ
2651 727 2943 798 πτερυγίου
2985 724 3077 778 τοῦ
3107 721 3278 796 ἱεροῦ,
3311 720 3404 774 καὶ¹
3427 715 3703 771 κατελθὼν
3726 733 3741 747 ·

2173 823 2266 874 καὶ
2299 820 2461 891 μηδὲν
2489 817 2784 888 ἀδικηθεὶς,
2816 817 3003 880 κλίνας
3026 815 3083 868 δὲ
3109 813 3177 866 τὰ
3199 813 3422 882 γόνατα,
3447 809 3542 862 καὶ
3572 823 3744 878 προσ-

2172 912 2464 980 ευξάμενος
2510 911 2648 980 ὑπὲρ
2719 910 2896 962 αὐτῶν
2956 907 3267 978 ῥιψάντων,
3333 903 3426 954 καὶ¹
3481 899 3741 969 φάσκων·

2174 1002 2537 1073 Συγχώρησον
2601 1002 2820 1062 αὐτοῖς·
2863 999 2922 1052 οὐ
2997 997 3104 1068 γὰρ
3133 995 3307 1048 οἴδασι
3364 993 3418 1044 τί
3475 989 3741 1044 ποιοῦσιν⁸

2169 1095 2245 1158 ὡς
2273 1095 2367 1146 καὶ
2389 1091 2612 1163 Συμεὼν
2639 1093 2826 1162 πύρῤω
2855 1087 3045 1154 ἑστὼς,
3078 1089 3105 1139 6
3134 1087 3322 1139 τούτου
3357 1082 3598 1152 ἀνεψιὸς,
3631 1081 3744 1142 υἱὸς

2171 1186 2228 1240 δὲ
2255 1186 2350 1238 τοῦ
2389 1184 2617 1248 Κλωπᾶ,
2658 1183 2812 1250 ἔλεγε
2841 1197 2856 1209 ⁸
2909 1179 3197 1234 Παύσασθε
3223 1193 3236 1206 ·
3267 1177 3322 1229 τί
3363 1173 3609 1237 λιθάζετε
3654 1172 3748 1226 τὸν

2171 1277 2376 1331 δίκαιον
2401 1293 2418 1342 ;
2448 1277 2557 1330 Καὶ
2599 1276 2707 1330 ἰδοὺ
2745 1273 2960 1344 εὔχεται
3001 1271 3140 1341 ὑπὲρ
3173 1269 3328 1340 ὑμῶν
3355 1269 3424 1320 τὰ
3467 1265 3743 1320 κάλλιστα.

2173 1371 2285 1423 Καὶ
2301 1367 2474 1434 οὕτως
2501 1368 2693 1438 γέγονε
2715 1366 2775 1420 τὸ
2804 1363 2968 1418 αὑτοῦ
2995 1359 3312 1435 μαρτύριον.

489 1459 618 1530 quid
661 1463 886 1516 l‘aciunt.
925 1457 1076 1515 Unde
1126 1460 1362 1532 Symeon
1394 1460 1542 1515 illius
1575 1476 1606 1515 e
1646 1475 1836 1514 sorore
1869 1475 2058 1530 nepos,
2101 1475 2166 1516 ac
2196 1459 2450 1530 Cleopha:
2502 1460 2646 1512 ﬁlius
2677 1458 2866 1528 procul
2899 1463 3085 1512 astans
3109 1455 3163 1508 in
3209 1453 3323 1507 haec
3382 1450 3548 1505 verba
3601 1449 3750 1510 locu-

491 1563 580 1610 tus
617 1552 1010 1610 estzDesinite
1041 1553 1052 1605 ί
1089 1553 1297 1628 1047
1345 1551 1486 1628 Quid
1527 1551 1800 1622 lapidibus
1850 1551 2063 1622 justum
2105 1553 2379 1608 hominem
2431 1550 2729 1623 appetitis?
2791 1553 2844 1604 Is
2915 1561 3015 1618 pro
3059 1545 3212 1602 vobis
3250 1544 3460 1614 optima
3520 1551 3752 1610 quicque

490 1653 768 1716 precatur.
827 1643 944 1699 Hoc
995 1644 1165 1716 igitur
1216 1644 1378 1698 modo
1425 1645 1689 1716 martyrio
1739 1643 2064 1714 perfunctus
2101 1655 2204 1702 est.

560 1738 678 1795 XV.
716 1737 834 1793 Jam
887 1753 1016 1793 vero
1045 1739 1092 1794 si
1120 1737 1341 1808 Josephi
1387 1739 1532 1794 ﬁlius
1571 1745 1728 1794 aetate
1759 1739 1840 1794 sic
1871 1753 2070 1809 prove-

2251 1742 2348 1794 IE'.
2395 1743 2456 1794 Ei
2479 1741 2655 1794 τοίνυν
2683 1740 2710 1791 6
2737 1739 2924 1791 τούτου
2955 1737 3083 1798 παῖς
3109 1731 3378 1786 τοσούτων
3404 1727 3542 1786 ἑτῶν
3573 1725 3750 1796 ὑπῆρ-

490 1839 613 1886 ctus
643 1831 766 1892 l'uit,
816 1831 938 1900 quis
990 1829 1112 1900 ejus
1167 1841 1376 1901 patrem
1433 1831 1750 1894 arbitretur,
1807 1831 1900 1902 qui
1956 1840 2068 1886 tam

2177 1851 2259 1904 χε,
2293 1833 2410 1896 πῶς
2443 1833 2552 1904 ἄρα
2579 1833 2606 1884 6
2629 1830 2818 1884 τούτου
2859 1829 3040 1897 πατὴρ
3084 1825 3294 1896 βλέπων
3323 1819 3568 1893 φρικώδη
3609 1817 3751 1889 πρά-

489 1921 762 1976 horrenda
789 1921 1102 1990 spectacula
1123 1921 1388 1977 vidisset:
1413 1929 1542 1990 puta
1567 1923 1792 1988 angelos
1825 1921 2072 1978 nascenti

489 2009 628 2066 Filio
663 2010 758 2066 Dei
791 2011 1116 2080 stipatorum
1157 2026 1221 2066 ac
1251 2012 1548 2066 satellitum
1603 2011 1775 2066 olIicia
1805 2019 2072 2082 praestan-

491 2110 597 2168 tes,
631 2117 698 2156 ac
727 2102 794 2158 de
823 2103 964 2157 caelo
995 2109 1300 2166 cantantes,
1341 2111 1397 2158 et
1441 2103 1686 2158 dicentes
1721 2123 1733 2158 :
1779 2101 1963 2158 Gloria
2017 2105 2073 2158 in

490 2194 766 2248 altissimis
793 2191 904 2248 Deo
923 2234 938 2257 ,
966 2203 1016 2248 et
1037 2194 1094 2246 in
1128 2204 1268 2248 terra
1293 2209 1419 2263 pax,
1447 2195 1503 2248 in
1523 2193 1822 2248 hominibus
1849 2193 2071 2264 benigna

487 2281 732 2338 voluntas
757 2283 796 2349 ¹;
825 2299 948 2340 cum
971 2291 1219 2354 pastores
1239 2283 1466 2354 insuper
1485 2284 1550 2339 ad
1581 2299 1702 2340 eam
1731 2285 2068 2354 speluncam,

489 2373 545 2426 in
581 2389 689 2448 qua
731 2373 986 2430 Christus
1027 2384 1190 2430 natus
1235 2383 1376 2442 erat,
1419 2375 1811 2440 accessissent,
1851 2374 2074 2430 eadem-

489 2483 597 2537 que
627 2469 992 2534 nuntiassent,
1021 2481 1144 2522 cum
1177 2469 1314 2532 haec,
1337 2469 1579 2542 inquam,
1613 2477 1726 2523 tam
1750 2468 2074 2536 admiranda

489 2557 740 2630 prodigia
787 2571 850 2610 ac
885 2557 1148 2616 miracula
1189 2555 1460 2628 Josephus
1495 2557 1586 2612 ille
1644 2573 1808 2614 senex
1871 2573 1936 2613 ac
1976 2558 2074 2614 de-

489 2648 734 2718 crepitus
780 2647 1015 2712 audiret,
1061 2647 1250 2704 ﬁerine
1289 2649 1488 2718 potuit,
1523 2657 1717 2703 sancto
1751 2659 1811 2702 ut
1839 2649 1916 2703 illi
1949 2665 2073 2704 cor-

490 2739 633 2808 pori,
669 2739 724 2792 in
750 2754 859 2808 quo
887 2737 1028 2794 Deus
1054 2739 1415 2803 habitaverat,
1459 2754 1556 2810 per
1594 2753 1862 2794 summam
1914 2739 2073 2809 igne.

495 2827 719 2882 miniam
761 2829 1054 2885 illuderet'!
1083 2845 1193 2902 quo
1223 2829 1447 2900 quidem
1471 2845 1538 2884 ex
1562 2845 1792 2900 corpore
1818 2839 2074 2900 suscepta

489 2937 518 2974 a
550 2919 645 2976 Dei
675 2919 856 2988 Verbo
901 2921 1144 2978 hominis
1187 2929 1273 2976 est
1317 2929 1514 2976 natura
1567 2929 1874 2976 contracta.
1919 2917 2075 2976 Unde

489 3019 545 3068 et
603 3021 794 3069 sancta
833 3013 928 3076 illa
959 3021 1013 3068 et
1046 3013 1364 3084 incorrupta
1403 3027 1534 3065 caro
1575 3011 1841 3066 fabricata
1880 3021 1985 3075 est,
2021 3023 2075 3066 et

489 3120 615 3158 cum
661 3104 963 3160 Salvatoris
1011 3103 1300 3160 divinitate
1339 3103 1656 3174 conjuncta.
1699 3103 2071 3176 Quemadmo—

2175 1942 2382 1996 γματα,
2415 1923 2679 1992 ἀγγέλους
2707 1923 2805 1992 τὴν
2837 1919 3087 1988 γέννησιν
3113 1915 3204 1968 τοῦ
3241 1913 3368 1967 Υίοῦ
3399 1909 3752 1983 δορυψοροῦν·

2173 2035 2292 2080 τας,
2340 2014 2644 2086 ὑμνοῦντας
2685 2013 2780 2067 ἀπ’
2813 2009 3067 2082 ούρανοῦ,
3115 2008 3210 2061 καὶ
3263 2006 3554 2073 λέγοντας·
3599 2001 3756 2064 Δόξα

2174 2110 2244 2162 ἐν
2271 2109 2558 2177 ὑψίστοις
2589 2103 2730 2170 Θεῷ,
2765 2103 2866 2156 καὶ
2893 2101 2991 2154 ἐπὶ
3023 2099 3135 2171 γῆς
3169 2097 3400 2166 εἰρήνη,
3434 2097 3505 2148 ἐν
3528 2092 3752 2162 ἁνυμὶι-

2176 2213 2312 2261 ποις
2360 2193 2630 2248 εὐδοκία·
2669 2193 2763 2246 καὶ
2808 2189 2916 2244 τῶν
2969 2189 3242 2258 ποιμένων
3287 2187 3526 2258 ἡκόντων
3572 2185 3650 2246 είς
3693 2181 3756 2235 τὸ

2177 2285 2462 2356 σπήλαιον,
2499 2282 2626 2335 ἔνθα
2668 2279 2957 2350 ἐγεννήθη,
3003 2279 3101 2332 καὶ
3143 2275 3314 2338 ταῦτα
3361 2273 3756 2343 ἀγγελλόντων,

2175 2373 2269 2426 καὶ
2295 2389 2390 2425 του
2431 2369 2628 2441 Ἰωσὴφ
2657 2368 2945 2430 ἀκούοντος
2971 2365 3066 2420 τοῦ
3099 2365 3404 2435 πρεσϐύτου
3437 2363 3532 2416 καὶ
3585 2364 3755 2432 ὑπερ-

2175 2463 2370 2524 σάντος
2399 2460 2493 2513 τοῦ
2521 2460 2736 2532 χρόνου,
2762 2458 2831 2512 τὰ
2861 2456 3097 2510 τοσαῦτα
3126 2457 3326 2526 σημεῖα
3349 2453 3444 2507 καὶ
3479 2451 3753 2522 θαύματα,

2176 2554 2292 2617 πῶς
2317 2553 2517 2622 ἐτόλμα
2548 2553 2918 2622 ὲμπαροινεῖν,
2945 2549 3041 2603 καὶ
3069 2546 3371 2620 ἐνυϐρίζειν
3397 2545 3557 2615 σῶμα
3579 2543 3756 2610 ἅγιον,

2177 2649 2234 2699 ὲν
2264 2639 2308 2714 ᾧ
2341 2643 2656 2714 κατῳκίσθη
2688 2643 2856 2707 Θεός;
2893 2639 2952 2705 ἐξ
2985 2635 3156 2710 οὗπερ
3201 2637 3454 2708 σώματος
3498 2634 3759 2703 συνελέγη

2176 2741 2306 2812 ἡμῖν
2351 2741 2383 2810 η
2425 2741 2522 2810 τῆς
2565 2738 2831 2809 ἐνσὰρκου
2884 2737 3190 2806 παρουσίας
3216 2731 3531 2802 οἰκονομία·
3576 2727 3756 2794 ὅθενή

2175 2833 2307 2898 ἁγία
2339 2832 2606 2903 ἄχραντος
2653 2829 2788 2902 σὰρξ
2829 2831 2960 2899 ἡμῖν
3008 2824 3329 2898 ᾠκοδομήθη
3363 2825 3418 2876 ἐν
3449 2823 3516 2892 τῇ
3547 2819 3761 2896 θεότητι.

2173 2923 2268 2977 τοῦ
2299 2925 2575 2995 Σωτῆρος·
2604 2921 2679 2984 ὡς
2711 2923 2738 2974 ὁ
2773 2920 3001 2989 ἄγγελος
3047 2921 3225 2971 ἐκεῖσε
3267 2911 3503 2982 Γαϐριὴλ
3543 2911 3716 2978 λέγων
3739 2925 3753 2936 ·

2174 3017 2420 3084 Πνεῦμα
2443 3016 2662 3082 Κυρίου
2693 3013 3087 3066 ἐπελεύσεται
3117 3009 3214 3062 ἐπὶ
3254 3008 3348 3066 σὲ,
3379 3006 3474 3058 καί
3507 3003 3759 3070 δύναμις

2185 3109 2482 3177 ’Υψίστου
2511 3103 2850 3160 ἐπισκιάσει
2883 3120 2981 3156 σοι
3005 3119 3018 3131 ο
3047 3101 3140 3153 διὸ
3170 3100 3268 3152 καὶ
3295 3097 3360 3151 τὸ
3385 3094 3764 3166 γεννώμενον

489 3196 620 3250 dum
675 3197 905 3264 angelus
962 3193 1182 3250 Gabriel
1232 3195 1344 3250 illic
1390 3203 1622 3251 testatus
1655 3205 1779 3251 est:
1814 3195 2067 3265 Spiritus.

2177 3203 2244 3255 ἐκ
2289 3201 2406 3254 σοῦ
2447 3199 2618 3269 ἅγιον
2670 3195 3039 3265 κληθήσεται
3091 3191 3224 3257 Υἱὸς
3271 3189 3438 3245 Θεοῦ.
3483 3186 3610 3250 Πῶς
3655 3185 3763 3256 ἄρα

485 3286 686 3356 inquit,
725 3285 941 3341 Domini
982 3287 1304 3354 superveniet
1331 3287 1388 3339 in
1421 3299 1490 3350 te,
1523 3295 1574 3340 et
1603 3287 1768 3340 virtus
1801 3287 2069 3350 Altissimi

489 3375 823 3430 obumbrabit
871 3387 937 3431 te.
981 3375 1209 3446 Ideoque
1245 3386 1296 3430 et
1329 3377 1468 3446 quod
1493 3386 1740 3432 nascetur
1770 3393 1834 3430 ea:
1861 3387 1909 3431 te
1939 3395 2069 3432 san-

489 3479 654 3534 ctum,
695 3471 969 3524 vocabitur
1001 3467 1180 3526 Filius
1213 3469 1368 3528 Dei’.
1401 3469 1770 3536 Quamobrem
1807 3487 1916 3542 quo
1950 3480 2074 3526 tan-

491 3561 614 3616 dem
647 3569 808 3632 pacto
840 3576 966 3614 cum
999 3569 1151 3614 tanta
1203 3562 1408 3632 talique
1447 3559 1674 3633 Virgine
1700 3561 1866 3618 Maria
1899 3579 2072 3636 copu-

489 3651 594 3720 lari
639 3667 807 3708 ausus
853 3653 1042 3708 esset?
1089 3651 1328 3722 Ecquem
1369 3669 1497 3708 vero
1540 3655 1780 3716 fructum
1822 3671 1886 3710 ea
1925 3671 2075 3728 quae-

493 3743 602 3812 stio
641 3743 799 3798 nobis
833 3743 1032 3806 attulit,
1080 3753 1260 3797 utrum
1297 3743 1444 3799 illius
1479 3745 1931 3802 consuetudinem
1969 3747 2069 3818 ha-

493 3833 720 3904 buerit?
759 3831 951 3888 Utrum
983 3849 1112 3889 vero
1151 3834 1372 3890 tandem
1417 3837 1591 3906 magis
1619 3837 1930 3908 eligendum
1967 3849 2070 3904 est,

497 3927 606 3990 ι)οο
636 3925 946 3984 istiusmodi
976 3927 1188 3996 negotia
1207 3913 1570 3992 committere,
1601 3945 1668 3982 an
1699 3931 1766 3984 ad
1801 3931 2076 3986 deteriora

492 4013 1125 4084 violenterirrumpere?
1155 4013 1308 4081 Quod
1337 4017 1482 4070 enim
1521 4033 1792 4087 nusquam
1817 4019 1872 4072 in
1901 4019 2076 4074 sacris

495 4107 720 4170 Litteris
748 4107 1019 4180 scriptum
1060 4117 1260 4174 exstet,
1289 4109 1394 4163 nisi
1421 4109 1817 4166 crediderimus
1849 4111 2075 4166 Mariam

495 4216 624 4260 cum
669 4201 788 4256 viro
835 4185 1019 4272 postea
1054 4201 1430 4265 consuevisse,
1485 4218 1584 4258 nos
1617 4203 1784 4258 vitam
1817 4214 2077 4258 aeternam

505 4293 731 4348 minime
755 4301 1173 4357 consecuturos,
1224 4293 1320 4349 sed
1357 4293 1566 4364 judicio
1611 4297 2078 4362 condemnandos,

499 4386 704 4441 nemini
728 4401 852 4442 esse
874 4393 1055 4457 potest
1079 4385 1398 4441 obscurum.
1421 4385 1679 4451 Quaenam
1707 4405 1835 4444 vero
1859 4391 2080 4460 scriptis

497 4491 754 4546 expressa
794 4477 974 4532 sunt?
1015 4478 1205 4547 utique
1245 4475 1495 4531 honesta.
1537 4477 1796 4544 Quaenam
1867 4481 2086 4550 porro?

2172 3293 2374 3364 ἐτόλμα
2412 3289 2748 3359 συναφθῆναι
2800 3291 2866 3359 τῇ
2917 3287 3154 3359 τοσαύτῃ
3205 3284 3301 3341 καὶ
3342 3281 3572 3352 τοιαύτη
3631 3279 3765 3348 ἁγίᾳ

2172 3385 2430 3458 παρθένῳ
2463 3383 2685 3454 Μαρίᾳ;
2715 3381 2778 3434 Τί
2823 3382 2880 3434 δὲ
2922 3379 3204 3450 ὠφέλησεν
3235 3377 3386 3448 ἡμᾶς
3432 3373 3532 3443 (9),
3573 3375 3620 3425 εί
3667 3371 3762 3424 καὶ

2177 3476 2442 3548 συνῆφθη,
2467 3477 2601 3546 ὅπερ
2639 3475 2714 3544 μὴ
2752 3473 2981 3541 γένοιτο,
3018 3471 3147 3542 περὶ
3201 3467 3296 3522 τοῦ
3349 3469 3566 3536 ζητεῖν;
3607 3465 3765 3517 Ποῖον

2177 3569 2236 3623 δὲ
2277 3567 2493 3638 μᾶλλόν
2545 3567 2692 3618 ἐστιν
2747 3561 3148 3636 αἱρετώτερον,
3207 3560 3267 3612 τὸ
3309 3556 3644 3629 παραδοῦναι
3696 3554 3768 3609 τὰ

2180 3659 2483 3731 πράγματα
2511 3657 2649 3726 Θεῷ,
2691 3656 2723 3727 ἢ
2759 3655 3040 3726 βιάζεσθαι
3087 3655 3220 3724 ἡμῖν
3253 3653 3320 3705 τὰ
3357 3651 3610 3721 χείρονα;
3643 3648 3766 3702 Ὅτι.

2185 3752 2282 3824 μὲν
2313 3752 2416 3804 οὐκ
2439 3750 2651 3818 ἐγράφη
2677 3749 2829 3818 ἡμῖν,
2857 3749 2960 3808 ὅτι,
2997 3745 3093 3800 ἐὰν
3135 3745 3211 3816 μὴ
3245 3743 3645 3814 πιστεύσωμεν,
3680 3743 3762 3795 ὅτι.

2184 3843 2429 3914 συνήφθη
2463 3841 2622 3895 πάλιν
2667 3843 2695 3912 ἡ
2743 3839 2953 3909 Μαρία,
2979 3839 3078 3890 οὐκ
3107 3837 3302 3906 ἔχομεν
3339 3835 3482 3905 ζωὴν
3527 3833 3766 3897 αἰώνιον,

2182 3935 2317 3989 ἀλλὰ
2341 3937 2417 3998 εἰς
2442 3937 2615 4006 κρῖμα
2637 3932 2930 4004 ἐρχόμεθα.
2953 3931 3129 4002 δῆλον.
3149 3929 3394 4000 Ἐγρὰφη
3415 3927 3472 3980 δὲ
3491 3927 3541 3979 τί
3564 3927 3584 3957 ⁶
3604 3925 3765 3988 καλὰ,

2185 4028 2320 4082 ἀλλὰ
2361 4030 2412 4080 τί
2449 4027 2652 4090 δίκαια,
2681 4025 2735 4078 τί
2773 4025 2978 4095 σεμνά·
3029 4023 3154 4076 Ἵνα
3195 4021 3278 4087 δῷ
3315 4020 3434 4092 μὲν
3467 4018 3645 4089 χάριν
3669 4016 3769 4070 καὶ

2187 4115 2310 4182 τοῖς
2339 4117 2691 4190 ἀκούουσιν.
2713 4115 2918 4168 Είασαν
2943 4113 2998 4166 δὲ
3020 4116 3068 4166 οἱ
3089 4113 3184 4166 ἄνθ
3195 4129 3362 4180 ρωποι
3383 4110 3452 4163 τὰ
3474 4111 3766 4176 ἀναγκαῖα,

2187 4208 2255 4262 τὰ
2284 4209 2412 4278 περὶ
2438 4209 2672 4268 πίστεως
2701 4207 2981 4276 ἀληθείας.
3011 4205 3078 4257 τὰ
3107 4207 3163 4256 ἐν
3184 4202 3463 4272 δοξολογίᾳ
3495 4195 3652 4260 Θεοῦ,
3673 4201 3768 4253 καὶ

2188 4299 2312 4353 ὅθεν
2338 4301 2383 4352 δ’
2413 4299 2479 4354 ἂν
2510 4299 2741 4372 εὕρωσιν
2773 4300 2982 4362 ἑαυτοῖς
3009 4295 3464 4367 προσπορίζονται
3485 4292 3618 4362 πρὸς
3643 4291 3771 4359 βλά-

2189 4389 2324 4460 ϐην·
2357 4389 2456 4458 φεῦ
2481 4391 2494 4444 ί
2520 4391 2614 4443 καὶ
2655 4387 3000 4450 διανοεῖσθαι,
3037 4386 3270 4457 μάλιστα
3309 4385 3410 4452 τῆς
3448 4383 3668 4454 Γραφῆς
3693 4381 3771 4451 μὴ

2191 4479 2476 4550 λεγούσης.

501 4569 682 4628 JuSta.
724 4568 880 4636 Quae?
901 4570 1146 4638 inquam.
1209 4567 1486 4626 llonesta’
1513 4587 1527 4634 ;
1555 4566 1620 4623 Ut
1651 4571 1983 4626 audientibus
2012 4573 2288 4627 conciliari
2319 4576 2492 4645 gratia
2516 4577 2682 4644 possit
2713 4573 2752 4626 ‘.
2786 4573 2854 4626 At
2880 4573 3126 4628 homines
3159 4570 3486 4626 necessariis
3543 4565 3770 4630 relictis,

501 4663 569 4718 iis
609 4677 731 4734 qua:
782 4677 905 4716 cum
924 4661 1048 4716 ﬁdei
1091 4661 1313 4716 veritate
1357 4677 1420 4716 ac
1469 4662 1561 4718 Dei
1620 4667 2011 4735 praedicatione
2069 4667 2365 4737 conjuncta
2407 4681 2555 4733 sunt,
2607 4668 2912 4738 perniciosa
2981 4666 3084 4720 sibi
3124 4679 3372 4734 tutaeque,
3415 4663 3774 4728 undecunque

499 4755 795 4825 potuerint,
843 4753 1156 4823 excogitare
1191 4753 1532 4816 contendunt

499 4847 777 4917 Scriptura
807 4849 1029 4904 mentio.

1600 4777 1611 4810 :
1677 4759 1813 4811 heu!
1859 4757 2004 4827 quod
2053 4759 2138 4824 vel
2229 4761 2472 4830 cogitare
2501 4761 2790 4814 molestum
2819 4767 2923 4822 est,
2959 4773 3081 4818 cum
3141 4757 3286 4812 nulla
3320 4757 3590 4828 praecipue
3617 4755 3688 4808 sit
3717 4751 3774 4806 in

577 4937 715 4992 XVI.
759 4937 971 4992 Etenim
1010 4936 1056 4991 si
1092 4936 1364 5006 ejusmodi
1399 4932 1657 5004 quiddam
1703 4932 1794 4985 illa
1837 4947 2077 4988 comme-

2257 4930 2369 4995 lq'-
2403 4938 2466 4991 Εἰ
2502 4938 2600 5008 μὲν
2633 4955 2742 5008 γαρ
2777 4939 2960 5006 ἔλεγεν
3003 4941 3036 5010 ή
3077 4941 3286 5010 Γραφὴ,
3316 4939 3677 5010 ἀπεδιδόαμεν
3703 4939 3770 4992 ἂν

511 5037 799 5095 ntorasset,
849 5025 1096 5098 profecto
1139 5029 1425 5082 veritatem
1473 5027 1650 5095 ipsam
1685 5025 1803 5077 sine
1833 5023 1944 5077 ulla
1976 5031 2088 5077 ιρι-α
2141 5033 2150 5042 ”

503 5121 874 5194 giversatione
901 5119 1302 5190 proﬁteremur.
1335 5119 1420 5170 An
1451 5117 1596 5172 enim
1625 5115 1927 5178 inhonestae
1957 5121 2087 5169 sunt

505 5213 756 5286 nuptiae?
793 5221 888 5268 aut
920 5211 1184 5282 profanus
1207 5219 1291 5267 est
1315 5222 1493 5273 torus,
1526 5216 1580 5263 et
1619 5222 1728 5262 non
1763 5207 1946 5278 potius
1990 5207 2084 5262 im-

507 5309 814 5364 maculatus
833 5307 880 5360 ’Ἰ
921 5307 1000 5358 An
1032 5305 1269 5375 denique
1317 5303 1640 5358 adulterata:
1671 5307 1800 5354 sunt
1842 5297 2081 5368 nuptite?

503 5403 829 5472 Quanquam
881 5397 1160 5469 pr0phetaa
1217 5412 1283 5450 ac
1319 5393 1606 5465 pontiﬁces
1631 5393 1700 5447 ab
1729 5389 1945 5462 1048
1973 5391 2080 5444 illis

504 5494 804 5556 abstinent,
853 5499 912 5546 ut
957 5488 1259 5560 majoribus
1303 5485 1678 5541 {unctionibus
1723 5489 2079 5554 occupentur.

579 5649 598 5681 ¹
625 5649 761 5704 Luc.
793 5665 855 5710 It,
881 5649 967 5703 Η.
1045 5649 1066 5680 ³
1103 5645 1234 5700 Luc.
1269 5660 1310 5706 ι,
1339 5641 1432 5698 55.

511 5719 944 5788 interrogatione
975 5718 1115 5773 forte
1137 5713 1383 5786 legenda.

1511 5641 1532 5673 ⁸
1555 5639 1794 5710 Philipp.
1829 5653 1904 5699 tv,
1938 5639 1990 5692 8.

2199 5028 2298 5098 τὴν
2329 5027 2607 5099 ἀλήθειαν,
2641 5031 2732 5082 καὶ
2767 5031 2918 5083 οὐδὲν
2961 5031 3330 5100 διενοούμεθα.
3363 5030 3452 5099 Μὴ
3477 5031 3587 5100 γὰρ
3611 5033 3639 5081 6
3671 5031 3772 5098 γά-

2197 5133 2297 5186 μος
2334 5117 2602 5185 ἄσεμνοςς
2637 5121 2711 5187 μὴ
2747 5119 3032 5190 βέϐηλοςή
3069 5121 3256 5190 κοίτη;
3301 5121 3374 5190 μὴ
3415 5121 3516 5173 οὐκ
3564 5121 3772 5192 ἔστι.νὴ

2194 5208 2349 5278 κοίτη
2403 5210 2701 5279 ἀμίαντο;;
2755 5211 2828 5279 μὴ
2864 5212 3349 5282 παραχαράσσεται
3392 5213 3598 5283 γάμος;
3643 5213 3769 5265 Ἀπὸ

2195 5299 2252 5350 δὲ
2280 5301 2575 5371 προφητῶν
2611 5303 2704 5354 καὶ
2731 5303 3029 5373 ἀρχιερέων
3080 5303 3341 5373 ἀπέχεται
3389 5304 3476 5357 διὰ
3507 5305 3606 5374 τὴν
3638 5304 3768 5374 πρὸς

2191 5390 2253 5442 τὸ
2296 5391 2480 5460 μεῖζον
2529 5395 2850 5462 ὑπηρεσίαν.
2899 5395 3053 5448 Μετὰ
3113 5396 3220 5466 γὰρ
3278 5393 3338 5449 τὸ
3403 5395 3772 5466 προφητεῦσαι

2199 5483 2462 5552 Μωῦσῆν,
2489 5483 2672 5537 οὐκέτι
2705 5487 2924 5553 γυναικὶ
2955 5485 3245 5556 συνῆπται,
3273 5486 3453 5540 οὐκέτι
3498 5489 3780 5540 τεκνοκυῖ-

2078 5637 2098 5668 δ
2125 5636 2324 5707 Ephes.
2359 5655 2434 5704 ιν,
2459 5639 2547 5692 ‘29.
2625 5641 2646 5671 ⁸
2675 5638 2838 5695 Hebr.
2883 5657 3000 5704 xui,
3026 5641 3082 5697 4.
3153 5643 3172 5673 ⁸
3213 5641 3512 5712 Sequentia
3541 5641 3596 5696 τί
3643 5656 3774 5697 cum

587 5829 668 5902 (9)
715 5829 776 5902 Τί
817 5831 883 5883 δὲ
909 5829 1225 5902 ὠφέλησεν
1281 5822 1452 5898 ἡμᾶς.
1512 5822 1831 5895 Lcoparalus
1895 5819 1990 5876 lib.
2050 5835 2077 5875 1:

2177 5819 2610 5891 .‘mcndationum,
2662 5837 2781 5891 cap.
2843 5819 2918 5887 2,
2967 5837 3064 5894 pro
3115 5823 3240 5896 περὶ
3292 5823 3380 5876 τοῦ
3438 5821 3642 5895 ζητεῖν,
3680 5835 3778 5872 πε-

523 5900 701 5982 ριττόν
727 5901 878 5973 legit.
