4134 6392
372 381 475 438 ηε

949 381 1318 439 ADVERSUS
1355 381 1700 438 HERESES
1734 383 1860 440 LIB.
1904 386 1946 442 ll

2051 391 2201 449 [ΟΜ.
2243 394 2309 451 II.
2349 426 2421 438 —
2456 394 2732 452 HEBES.
2773 383 3050 446 LXX-Vili:

3523 382 3641 440 796'

372 486 518 572 cui,
549 504 731 560 οὐκέτι
767 507 934 578 γεννᾷ
955 508 983 560 ὁ
1009 507 1270 566 τοιοῦτος.
1297 506 1675 578 Σχολιαίτερον
1717 509 1825 582 γάρ
1864 510 1949 565 τὸν

2056 513 2268 569 Etenim
2315 513 2550 586 Moyses,
2593 522 2950 584 posteaquam
2987 507 3248 579 propheta
3282 520 3404 562 esse
3429 507 3618 575 coepit,

375 595 493 667 βίον
533 596 659 667 ἐσχε
706 596 842 668 πρὸς
885 597 976 650 τὸν
1024 598 1324 665 Δεσπότην.
1346 598 1472 661 Πῶς
1498 599 1606 670 γάρ
1636 600 1865 670 ἠδύνατο
1893 603 1950 654 ἐν

368 689 489 760 δρει
529 690 660 760 Σινᾷ
706 689 1119 761 τεσσαράκοντα
1159 689 1361 751 νύκτας
1406 692 1499 742 καὶ
1551 691 1955 762 τεσσαράκοντα

370 781 590 854 ἡμέρας
634 782 899 835 διατελεῖν
931 783 1097 855 γάμῳ
1131 782 1518 854 προσανέχων;
1559 784 1629 836 Ἢ
1673 785 1798 849 πῶς
1829 785 1956 855 ἡδύς

368 891 502 931 νατο
521 874 928 947 τεσσαράκοντα
954 875 1048 948 ἔτη
1075 878 1131 929 ἐν
1154 879 1221 946 τῇ
1256 878 1447 947 ἐρήμῳ
1475 875 1611 946 πρὸς
1644 877 1956 948 οἰκονομίαν

371 967 508 1022 Θεοῦ
558 968 777 1040 ἕτοιμος
819 964 977 1034 εἶναι,
1020 968 1157 1039 πρὸς
1195 966 1496 1038 ἱερωσύνην
1540 984 1598 1020 τε
1641 968 1954 1039 σχολάζειν;

370 1062 484 1119 Καὶ
507 1060 624 1123 πῶς
646 1059 717 1114 τά
747 1060 1022 1132 μυστήρια
1040 1056 1366 1130 διηγεῖσθαι,
1395 1060 1491 1112 καὶ
1515 1058 1576 1112 τὸ
1608 1059 1912 1130 συνομιλεῖν
1936 1062 1954 1091 ⁸

369 1150 491 1223 Θεῷ
519 1150 793 1222 τῷ-γάμῳ
836 1149 1179 1221 συνημμένος
1220 1148 1518 1215 διατελεῖν;
1564 1151 1629 1203 El
1676 1149 1787 1222 γὰρ
1828 1153 1956 1223 περὶ

370 1242 528 1315 ἡμῶν
553 1243 751 1311 φάσκει
780 1244 808 1296 ὁ
849 1241 1005 1311 διγιος
1042 1241 1363 1305 Ἀπόστολος
1391 1241 1708 1314 διαρρήδην,
1743 1242 1836 1296 καὶ
1865 1241 1955 1296 λέ-

369 1352 486 1405 γεισ
518 1334 676 1405 Πρὸς
708 1334 937 1404 καιρὸν,
972 1334 1073 1388 ἵνα
1101 1332 1457 1403 σχολὰσωσι
1490 1332 1565 1401 τῇ
1601 1333 1911 1404 προσευχῇ
1937 1351 1951 1365 ·

370 1427 523 1497 πόσῳ
545 1444 609 1496 γε
641 1426 841 1499 μᾶλλον
881 1426 1009 1499 περὶ¹
1050 1425 1346 1497 προφητῶν
1374 1424 1525 1479 ἔσται
1555 1420 1710 1490 οὗτος
1741 1427 1955 1497 ἀληθῶς

368 1520 399 1571 ὁ
446 1519 635 1588 λόγος
684 1516 960 1590 Προφῆτις
1006 1518 1183 1571 τοίνυν
1227 1517 1320 1572 καὶ
1362 1520 1396 1589 ἡ
1443 1519 1654 1590 Μαρία.
1689 1518 1955 1588 Εὶσῆλθε

371 1616 503 1682 γὰρ,
553 1611 704 1681 φησὶ,
749 1608 899 1679 πρὸς
942 1608 1057 1672 τὴν
1102 1607 1424 1677 προφῆτιν,
1476 1608 1575 1662 καὶ
1626 1610 1698 1663 ἐν
1741 1611 1953 1680 γαστρὶ

368 1703 570 1767 ἔλαϐε,
597 1702 696 1756 καὶ
746 1701 953 1755 ἔτεκεν
1005 1701 1159 1755 υἱόν.
1189 1700 1300 1754 Καὶ
1355 1696 1487 1754 εἷπε
1539 1701 1757 1769 Κύριος
1806 1702 1957 1769 πρός

364 1809 472 1867 με·
503 1792 781 1849 Κάλεσον
829 1792 896 1845 τὸ
930 1791 1119 1861 ὄνομα
1165 1792 1373 1856 αὐτοῦ,
1422 1792 1653 1861 Ταχέως
1697 1794 1954 1848 σκύλευ-

368 1899 505 1950 σον,
537 1884 721 1949 ὀξέως
758 1883 1199 1951 προνόμευσον,
1242 1882 1336 1935 καὶ
1380 1880 1449 1935 τὰ
1491 1881 1637 1951 ἑξῆς.
1691 1882 1953 1954 Σημαίνει
1986 1877 2027 1931 Β

367 1973 426 2027 δέ
462 1972 695 2027 ἐνταῦθα
726 1973 823 2044 τὴν
854 1970 947 2025 τοῦ
983 1971 1223 2044 Γαϐριὴλ
1266 1971 1470 2025 εἴσοδον
1500 1972 1638 2043 πρὸς
1681 1972 1780 2044 τὴν
1827 1976 1951 2027 Μα-

371 2065 509 2136 ρίαν,
543 2064 631 2117 ὅτε
671 2062 896 2134 ἐξῆλθεν
943 2062 1403 2132 εὐαγγελίσασθαι
1442 2064 1606 2135 αὐτῇ,
1637 2065 1720 2119 ὅτι
1770 2065 1954 2136 μέλλει

366 2158 563 2227 γεννᾷν
592 2155 720 2209 Υἱδν
745 2154 881 2209 Θεοῦ
918 2155 1142 2226 σωτῆρα
1175 2153 1252 2226 τῷ
1281 2155 1493 2226 κόσμῳ,
1522 2156 1622 2208 οὐκ
1644 2156 1753 2209 ἀπὸ
1782 2155 1952 2228 σπέρ-

370 2265 540 2319 ματος
575 2246 788 2319 ἀνδρὸς,
824 2247 961 2301 ἀλλὰ
989 2247 1080 2300 διὰ
1106 2247 1248 2300 Πνεύ
1257 2263 1427 2317 ματος
1472 2246 1649 2315 άγίου.
1669 2247 1830 2301 Ἀλλά
1858 2248 1953 2302 καὶ

362 2338 443 2411 τῷ
470 2339 721 2410 Φιλίππῳ
763 2338 842 2410 τῷ
868 2338 1228 2410 εὑαγγελιστῇ
1254 2338 1519 2411 τέσσαρες
1552 2336 1693 2412 ἦσαν
1723 2339 1952 2410 θυγατέ-

366 2450 459 2505 ρες
490 2432 961 2505 προφητεύουσαιο
993 2434 1368 2505 ἐπροφήτευον
1398 2433 1441 2486 δ’
1472 2433 1579 2505 ἄρα
1606 2432 1676 2486 δι’
1706 2434 1773 2504 ἣν
1816 2450 1949 2486 κατ-

361 2526 612 2597 ηξιοῦντο
655 2524 799 2595 ἔχειν
841 2524 1160 2597 παρθενίαν.
1188 2526 1298 2579 Καὶ
1339 2525 1517 2579 Θέκλα
1566 2526 1663 2597 μὲν
1717 2527 1952 2598 συναντᾷ

363 2619 561 2690 Παύλῳ
610 2618 688 2689 τῷ
745 2619 905 2690 ἁγίῳ,
957 2618 1052 2672 καὶ
1094 2618 1370 2672 διαλύεται
1424 2618 1627 2691 γάμου,
1677 2619 1950 2690 ὁρμαστὺν

362 2711 564 2783 ἔχουσα
612 2710 1006 2776 εύειδέστατον,
1034 2710 1385 2782 πρωτεύοντα
1423 2709 1480 2763 δὲ
1521 2709 1751 2774 πόλεως,
1783 2708 1949 2763 πλού-

364 2819 477 2855 σιον
503 2801 663 2870 ἄγαν,
698 2802 1084 2869 εὐγενέστατον
1126 2802 1186 2854 δὲ
1221 2803 1279 2855 ἐν
1307 2802 1385 2872 τῷ
1419 2802 1520 2873 βίῳ
1560 2802 1656 2856 καὶ
1692 2802 1950 2872 διαφανέ-

363 2910 588 2946 στατον·
624 2894 716 2946 καὶ
758 2897 1080 2964 περιφρονεῖ
1128 2892 1233 2946 τῶν
1277 2894 1537 2963 ἐπιγείων
1585 2897 1618 2965 ἡ
1669 2895 1821 2963 ἁγία,
1862 2895 1949 2949 ἵνα

359 2983 470 3038 τῶν
513 2986 849 3057 ἐπουρανίων
891 2985 1164 3058 ἐγκρατὴς
1207 2986 1451 3057 γένηται.
1486 2987 1549 3039 El
1594 2986 1776 3040 τοίνυν
1800 2979 1948 3039 οὗτοι

359 3078 553 3141 ταῦτα,
582 3080 733 3149 πόσῳ
760 3096 822 3147 γε
851 3080 1050 3149 μᾶλλον
1078 3082 1113 3152 ἡ
1146 3079 1354 3151 Μαρία,
1393 3079 1477 3147 ἐφ’
1502 3079 1570 3149 ἢν
1607 3081 1642 3151 ὴ
1670 3078 1950 3150 θαυμασία.

362 3171 511 3224 πᾶσα
539 3171 821 3241 οἰκονομία
849 3172 1175 3243 γεγένηται;
1200 3170 1369 3224 Πόθεν
1394 3172 1570 3224 τοίνυν
1599 3170 1812 3237 συνάξω
1831 3171 1947 3226 δια-

2058 610 2265 663 nullam
2298 608 2533 678 amplius
2556 622 2681 662 cum
2712 619 2882 660 uxore
2918 598 3368 656 consuetudinem
3399 599 3627 665 habuit,

2056 716 2234 771 neque
2290 701 2495 757 liberos
2546 701 2600 754 in
2655 714 2720 755 eo
2762 706 2906 754 statu
2964 693 3203 764 suscepit
3237 732 3251 756 ,
3289 693 3489 763 quippe
3533 691 3628 760 qui

2056 809 2182 849 cum
2231 793 2463 849 Domino
2518 792 2713 862 majori
2763 792 2886 845 vita:
2934 805 3047 845 suae
3096 794 3250 858 parte
3290 792 3623 841 versaretur.

2055 886 2138 941 An
2172 887 2218 941 si
2255 887 2462 957 nuptiis
2487 900 2682 940 vacare
2714 884 2997 945 voluisset,
3030 878 3387 951 quadraginta
3438 883 3628 932 noctes

2056 990 2121 1030 ac
2146 975 2264 1031 dies
2296 975 2350 1029 in
2379 982 2562 1029 monte
2595 972 2725 1028 Sina
2761 986 3111 1044 perseverare
3143 967 3490 1040 potuissct'?
3530 980 3628 1036 po—

2058 1067 2256 1122 tuisset
2300 1066 2661 1138 quadraginta
2712 1075 2876 1121 totos.
2904 1080 3078 1119 annos
3121 1064 3175 1117 in
3223 1061 3518 1116 solitudine
3558 1060 3628 1116 ad

2057 1158 2366 1212 divinarum
2408 1172 2468 1214 se
2497 1172 2679 1212 rerum
2727 1154 3261 1212 adminisu-ationem
3304 1151 3627 1214 intendere,

2056 1251 2369 1306 sacerdotio
2398 1265 2617 1318 vacare,
2645 1265 2903 1305 enarrare
2925 1248 3020 1304 Dei
3052 1245 3330 1319 mysteria,
3363 1258 3486 1299 cum
3522 1240 3631 1296 Deo

2057 1345 2297 1415 denique
2356 1351 2620 1415 perpetuo
2674 1343 2911 1413 colloqui
2961 1342 3278 1413 nuptiarum
3320 1336 3625 1393 obstrictus

2057 1449 2222 1488 onere
2246 1433 2555 1504 potuisset?
2588 1433 2793 1489 Nam'si
2829 1434 2896 1488 de
2928 1432 3089 1487 nobis
3116 1430 3411 1501 Apostolus
3443 1434 3632 1497 aperte

2055 1529 2372 1596 pronuntiat
2404 1545 2418 1581 :
2453 1526 2535 1579 Ad
2568 1535 2787 1591 tempus,
2813 1535 2872 1579 ut
2901 1535 3077 1579 vacent
3105 1522 3338 1579 orationi
3364 1521 3634 1591 ‘;qnanl0

2056 1613 2204 1670 istud
2254 1616 2431 1683 ipsum
2462 1616 2530 1670 de
2561 1614 2844 1686 prophetis
2877 1612 3073 1683 potiori
3100 1611 3226 1681 jure
3253 1610 3502 1666 dicetur?
3543 1609 3635 1660 At.

2055 1707 2149 1777 qui
2201 1706 2369 1761 Maria
2438 1705 2780 1776 prophetissa
2836 1704 2956 1758 fuit.
3006 1701 3283 1773 Ingressus
3339 1709 3416 1755 est
3469 1700 3630 1760 enim,

2058 1797 2260 1866 inquit,
2316 1795 2385 1850 ad
2436 1794 2862 1866 prophetissam;
2906 1802 2957 1847 et
3006 1794 3059 1846 in
3114 1801 3260 1846 utero
3288 1791 3543 1857 concepit,
3582 1799 3633 1843 ct

2055 1888 2252 1958 peperit
2281 1887 2474 1955 ﬁlium.
2505 1884 2575 1938 Et
2601 1884 2737 1938 dixit
2774 1882 3031 1937 Dominus
3054 1881 3122 1935 ad
3155 1896 3237 1934 me
3266 1895 3286 1934 :
3332 1878 3472 1933 Voca
3534 1893 3630 1931 no-

2054 1994 2172 2031 men
2238 1976 2352 2046 ejus
2386 1992 2405 2029 :
2455 1973 2576 2030 Cito
2632 1973 2908 2029 detrahere
2981 1971 3179 2038 spolia,
3254 1969 3446 2034 raptim
3495 1984 3635 2038 pra:-

2053 2071 2183 2126 dare
2209 2071 2254 2135 ⁸,
2287 2078 2395 2125 etc.
2437 2068 2651 2136 Quibus
2684 2067 2868 2122 verbis
2898 2063 3168 2120 Gabrielis
3196 2063 3263 2118 ad
3292 2062 3514 2117 Mariam
3545 2062 3632 2119 in-

2053 2177 2301 2233 gressum
2340 2158 2580 2217 ostendit
2607 2175 2621 2224 ;
2663 2173 2787 2213 cum
2817 2157 2885 2212 ad
2911 2172 3033 2213 eam
3062 2150 3232 2222 venit,
3268 2164 3328 2209 ut
3355 2155 3635 2211 nuntiaret

2053 2253 2252 2309 Filium
2287 2254 2462 2322 ipsam
2511 2250 2604 2306 Dei
2646 2265 2710 2304 ac
2758 2249 3120 2313 Salvatorem,
3161 2249 3281 2305 sine
3345 2247 3455 2301 ullo
3487 2247 3657 2300 virili.

2053 2354 2198 2411 satu,
2243 2346 2339 2401 sed
2383 2345 2560 2401 sancti
2611 2342 2850 2415 Spiritus
2897 2344 3233 2405 interventu,
3278 2339 3482 2394 mundo
3509 2353 3635 2393 esse

2052 2439 2354 2509 parituram
2373 2447 2415 2492 ο.
2448 2437 2592 2504 Quin
2630 2437 2795 2491 etiam
2831 2435 3115 2506 Philippus
3139 2432 3474 2504 evangelista
3496 2446 3635 2501 qna-

2024 2568 2027 2569 γ
2053 2535 2177 2583 tuor
2191 2527 2381 2583 habuit
2414 2526 2553 2581 ﬁlias
2576 2524 2754 2579 alllatu
2783 2523 3099 2595 prophetico
3120 2520 3395 2593 praeditas,
3418 2535 3538 2590 quae
3565 2520 3637 2573 ob

2054 2620 2400 2691 virginitatis
2449 2620 2621 2674 decus
2661 2616 2995 2672 vaticinandi
3060 2613 3443 2675 munnsjllud
3496 2612 3639 2667 obti-

2054 2720 2289 2766 nuerunt
2315 2711 2355 2764 ⁷.
2378 2707 2484 2765 Sed
2506 2716 2559 2763 et
2583 2706 2784 2763 Thecla
2817 2722 2942 2761 cum
2974 2707 3029 2761 in
3058 2705 3290 2766 Paulum
3320 2705 3626 2762 incidisset.

2053 2808 2244 2870 pactas
2287 2799 2507 2869 nuptias
2555 2796 2828 2859 dissolvit,
2861 2810 2987 2850 cum
3021 2795 3285 2866 primario
3315 2792 3532 2848 cuidam
3568 2793 3637 2847 ci-

2051 2893 2239 2947 vitatis
2275 2892 2465 2959 totius,
2501 2906 2564 2947 ac
2611 2893 2771 2963 longe
2801 2888 2978 2951 diviti,
3002 2886 3370 2951 nobilissimo,
3404 2885 3635 2956 splendi-

2051 2982 2389 3051 dissimoque
2436 2981 2709 3053 desponsa
2751 2980 2867 3050 jam
2927 2977 3145 3033 fuisset.
3184 2974 3387 3031 Verum
3419 2982 3637 3031 terrena

2050 3074 2174 3129 ideo
2203 3081 2395 3130 sancta
2429 3074 2522 3127 illa
2571 3073 2921 3142 contempsit,
2975 3076 3036 3124 ut
3071 3068 3376 3124 caelestium
3408 3081 3637 3136 compos
3687 3116 3691 3120 .

2049 3179 2172 3221 esse
2223 3171 2428 3236 posset.
2475 3163 2658 3235 Quare,
2697 3178 2824 3217 cum
2858 3162 2985 3222 haec
3034 3161 3103 3216 ab
3146 3160 3255 3214 illis
3289 3159 3527 3229 praestita
3561 3160 3637 3212 vi-

360 3262 509 3326 νοίας
540 3265 618 3326 είς
649 3224 964 3332 τίάγαθδν,
995 3224 1370 3335 ἐντρέψω
1396 3263 1487 3317 τὸν
1518 3262 1680 3333 ζόφον
1712 3224 1831 3315 τὶν
1879 3224 1948 3316 τὰ

2051 3224 2311 3320 deamus,
2367 3232 2576 3326 quanto
2623 3255 2801 3326 magis
2855 3253 2999 3310 idem
3030 3269 3061 3307 a
3095 3252 3263 3307 Maria
3289 3224 3634 3319 susceptum

358 3356 508 3410 δεινὰ
533 3357 998 3428 ἐγκισσησάντων,
1031 3355 1283 3427 καθάπερ
1309 3356 1621 3428 γέγραπται
1640 3372 1652 3384 '
1685 3354 1949 3409 Συνέλα-

2051 3350 2223 3407 l‘uisse
2247 3349 2787 3419 iatebimnr,_in_qua
2827 3346 3148 3401 admirabile
3203 3343 3336 3399 illud
3383 3343 3637 3397 incarna-

360 3449 428 3503 σε
453 3448 666 3511 πόνον,
701 3448 801 3502 καὶ
827 3449 1035 3502 ἔτεκεν
1068 3449 1359 3518 ἀνομίαν;
1390 3441 1549 3500 Οὗτοι
1588 3446 1698 3520 γὰρ
1736 3445 1949 3518 άληθῶς

2052 3445 2220 3501 tionis
2279 3443 2600 3516 mysterium
2631 3448 2716 3498 est
2749 3439 3092 3511 perfectum?
3132 3436 3394 3504 Quaenam
3432 3449 3564 3491 vero
3602 3448 3638 3489 a

360 3540 810 3612 συλλαμϐάνουσι
842 3541 1000 3595 πόνον
1031 3540 1429 3613 διανοημάτων,
1458 3542 1702 3595 τίκτουσι
1747 3540 1805 3594 δὲ
1828 3541 1949 3594 άνο-

2060 3538 2221 3596 nobis
2269 3538 2401 3593 iniri
2439 3537 2582 3592 ratio
2624 3543 2826 3613 potest,
2857 3541 2996 3588 utet
3044 3533 3277 3587 istorum
3329 3537 3539 3585 mentes
3565 3528 3635 3583 ad

364 3635 495 3706 μίαν
527 3634 738 3707 βλασφη
749 3634 904 3706 μιῶν.

2055 3630 2283 3685 meliora
2337 3628 2714 3689 traducamus,
2767 3635 2821 3680 et
2877 3637 3093 3679 omnem
3145 3622 3215 3678 iis
3261 3621 3626 3677 discutiamus

364 3727 571 3780 erroris
631 3725 943 3795 caliginem,
984 3724 1077 3795 qui
1122 3720 1332 3778 nefaria
1375 3723 1651 3794 dogmata,
1718 3722 1860 3778 velut
1927 3718 2428 3793 perniciosissimos
2493 3717 2674 3779 fetus,
2738 3716 2884 3772 intra
2936 3730 2997 3771 se
3070 3721 3478 3784 concepernnt,
3541 3713 3620 3766 uti

365 3821 631 3889 scril‘num
681 3829 812 3873 est:
878 3816 1128 3886 Concepit
1170 3816 1425 3880 laborem,
1491 3828 1538 3871 et
1576 3819 1772 3887 peperit
1819 3810 2375 3886 iniquitatem'lllli
2438 3810 2583 3867 enim
2649 3810 2837 3882 utique
2876 3807 3271 3880 cogitationum
3321 3808 3633 3869 molestiam

367 3914 723 3981 laboremque
751 3911 1095 3980 concipiunt,
1120 3919 1173 3965 et
1202 3912 1726 3966 contumeliosarum
1755 3925 1951 3965 vocum
1990 3909 2324 3980 impietatem
2361 3907 2603 3978 pariunt.

428 4003 527 4057 IZ’.
583 4000 742 4055 Ἀλλὰ
773 4001 847 4072 μή
894 4017 980 4065 τις
1033 4002 1218 4055 ἐκεῖνα
1263 4001 1582 4064 ὑπονοείτω,
1621 4002 1714 4054 καὶ
1745 4001 1947 4073 ἑτέρως

357 4094 496 4148 αὐτὰ
539 4093 892 4165 ὖποσπείρειν
931 4093 1110 4164 ἐαυτῷ
1150 4093 1513 4165 πειρώμενος,
1557 4093 1788 4162 λεγέτω·
1820 4094 1945 4159 Πῶς

278 4226 285 4235 .
355 4179 452 4238 οὖν
478 4180 594 4237 εἷπε
620 4185 682 4236 τὺ
708 4184 1057 4254 Εύαγγέλιον,
1082 4185 1163 4238 ὅτι
1195 4185 1426 4254 Εὑρέθη
1448 4186 1518 4239 ἐν
1542 4186 1751 4255 γαστρὶ
1766 4185 1942 4255 ἐχου-

355 4292 439 4329 (να
461 4277 529 4330 ἐκ
559 4277 907 4345 Πνεύματος
938 4278 1110 4343 ἁγίου
1153 4278 1192 4345 ἠ
1223 4278 1438 4346 Μαρία,
1466 4279 1612 4347 πρὶν
1640 4279 1676 4348 ἢ
1714 4282 1936 4333 συνελ-

354 4367 483 4420 θεῖν
515 4369 772 4434 αὑτούς;
797 4362 946 4438 ’Λρα
989 4365 1081 4423 οὖν
1127 4370 1492 4441 προσεδοκᾶτο
1536 4373 1568 4442 ἡ
1610 4371 1937 4435 συνέλευσις,

354 4457 452 4510 καὶ
483 4456 673 4510 τούτου
706 4457 867 4529 χάριν
897 4454 1042 4523 εἷπε,
1083 4460 1196 4527 πρὸ
1240 4460 1346 4513 τοῦ
1392 4461 1744 4526 συνελθεῖν;
1781 4460 1940 4514 Ἀλλά

354 4551 452 4603 καὶ
486 4549 646 4602 πάλιν
698 4551 756 4604 ἐν
801 4549 944 4621 ἄλλῳ
971 4551 1121 4622 τόπῳ
1151 4551 1214 4604 τὸ
1252 4552 1384 4605 αὐτὸ
1422 4553 1583 4607 πάλιν
1612 4553 1940 4621 Εὐαγγέλιόν

354 4658 489 4711 φησι
543 4642 674 4713 (Kal
708 4640 919 4711 εὑρέθη
955 4643 1026 4696 ἐν
1054 4642 1267 4713 γαστρὶ
1289 4644 1521 4713 ἐχουσιι
1569 4646 1714 4714 πρὶν
1747 4648 1943 4698 εἰσελ-

355 4731 482 4785 θεῖν
510 4732 754 4797 αὐτούς·
785 4731 842 4799 ἢ,
873 4732 983 4786 Kal
1016 4731 1328 4802 ἐγέννησε,
1358 4733 1456 4787 καὶ
1486 4736 1598 4787 οὐκ
1646 4734 1793 4802 ἔγνω
1828 4737 1939 4789 αὐ-

352 4821 471 4892 τήν
492 4840 505 4852 ·
535 4823 591 4894 ἢ.
626 4824 737 4878 Kal
780 4823 1073 4893 ἐγέννησε
1113 4825 1218 4878 τὸν
1252 4824 1389 4878 υἱὸν
1426 4823 1617 4893 αὐτῆς
1648 4825 1753 4878 τὸν
1789 4841 1942 4895 πρω-

353 4916 623 4981 τότοκον,
658 4915 757 4969 καὶ
784 4918 896 4969 οὐκ
925 4916 1056 4985 ᾔδει
1090 4915 1327 4983 αὑτήν)·
1360 4918 1471 4972 Καὶ
1507 4920 1619 4972 οὐκ
1653 4919 1808 4987 ἔγνω
1832 4921 1940 4974 αὐ-

353 5005 491 5074 τὴν,
548 5005 658 5071 ἕως
703 5007 844 5061 ὅτου
889 5007 1183 5077 ἐγέννησε
1237 5007 1345 5061 τὸν
1385 5008 1521 5062 υἱὸν
1575 5007 1771 5077 αὐτῆς
1829 5010 1939 5063 τὸν

354 5097 752 5162 πρωτότοκον.
789 5100 900 5153 Καὶ
929 5100 1030 5152 οὐκ
1067 5099 1272 5153 οἴδασιν
1319 5101 1368 5152 οί
1418 5100 1518 5163 τὰς
1561 5100 1794 5171 θεωρίας
1834 5100 1945 5155 τῶν

352 5188 591 5259 Γραφῶν
640 5191 875 5262 διαιρεῖν
916 5192 1403 5263 ἐπαγγελλόμενοι,
1434 5194 1528 5247 καὶ
1576 5193 1643 5247 τά
1697 5194 1946 5266 μετέωρα

352 5284 448 5334 καὶ
496 5281 772 5351 βαθύτατα
814 5285 1280 5357 περιεργάζεσθαι
1324 5285 1751 5357 ἐπιχειροῦντες,
1781 5287 1864 5340 ὅτι
1907 5289 1941 5359 ἡ

353 5371 591 5443 θεωρία⁹
623 5376 865 5430 τοιοῦτον
893 5377 1005 5449 ἔχει
1029 5379 1120 5432 τὸν
1147 5379 1367 5448 τρόπον.
1389 5379 1451 5430 El
1470 5378 1578 5451 γὰρ
1608 5378 1769 5432 πάλιν
1789 5379 1941 5448 ἐγέν-

353 5481 517 5534 νησεν
548 5469 581 5537 ἡ
612 5467 821 5538 Μαρία,
850 5468 958 5522 ἔδει
1003 5471 1096 5524 καὶ
1138 5469 1247 5523 τῶν
1288 5468 1463 5523 ἄλλων
1491 5468 1737 5539 ἀδελφῶν
1767 5471 1940 5525 εἰπεῖν

351 5555 420 5608 τά
451 5556 712 5627 ὀνόματα.
738 5559 803 5613 El
848 5559 907 5612 δὲ
947 5560 1135 5630 ἐπειδὴ
1170 5561 1544 5628 πρωτότοκός
1574 5560 1706 5613 ἐστι
1732 5559 1940 5629 πάσης

2123 3997 2289 4053 XVII.
2335 3996 2444 4052 Sed
2482 4012 2699 4062 vereor,
2733 4012 2802 4051 ne
2836 3994 2962 4067 quis
2980 3995 3133 4050 illum
3170 3994 3355 4065 ipsum
3387 4008 3632 4052 errorem

2051 4087 2107 4142 in
2138 4088 2383 4142 animum
2437 4085 2659 4141 inducat
2703 4101 2888 4150 suum,
2921 4085 3141 4155 aliaque
3177 4085 3391 4140 ratione
3427 4084 3665 4154 impnl-.

2052 4195 2148 4236 sus
2193 4180 2251 4234 in
2304 4179 2487 4250 seipso
2535 4177 2682 4232 velut
2727 4190 3019 4247 conserere
3061 4183 3317 4240 conetur,
3360 4182 3524 4246 atque
3576 4175 3635 4230 in

2051 4272 2198 4327 hunc
2260 4271 2480 4326 modum
2540 4268 2860 4324 ratiocinari
2917 4267 3096 4339 velit;
3132 4266 3278 4334 Quid
3335 4274 3422 4322 est
3486 4266 3634 4339 quod

2051 4362 2404 4434 Evangelium
2446 4370 2676 4416 narrat:
2733 4360 2954 4415 Inventa
2998 4360 3176 4423 estin
3226 4368 3371 4414 utero
3438 4359 3632 4414 habens

2051 4456 2266 4529 1049
2295 4463 2358 4511 de
2390 4454 2599 4527 Spiritu
2619 4465 2802 4510 sancto
2833 4453 3032 4521 Maria,
3065 4461 3348 4523 antequam
3379 4454 3622 4511 conveni-

2047 4561 2162 4604 rent
2184 4552 2203 4582 θ
2225 4550 2249 4598 ?
2291 4548 2615 4604 Utrumnam
2646 4548 2812 4619 igitur
2833 4546 3128 4615 conventio
3156 4547 3247 4601 illa
3275 4560 3635 4616 accongres-

2050 4660 2145 4699 sus
2183 4642 2640 4714 exspectabatur,
2689 4641 2944 4712 ideoque,
2973 4650 3253 4712 antequam
3282 4640 3632 4702 convenirent,

2053 4735 2234 4791 dixit?
2261 4734 2536 4790 Praeterea
2568 4735 2624 4789 in
2652 4732 2846 4790 eodem
2888 4731 3187 4802 Evangelio
3210 4732 3318 4786 alio
3348 4731 3473 4787 loco
3504 4729 3636 4788 scri-
3702 4722 3705 4725 ’

2048 4835 2202 4897 ptum
2260 4835 2346 4882 est
2400 4826 2648 4898 (Inventa
2699 4835 2779 4880 est
2829 4826 2884 4879 in
2927 4834 3075 4880 utero
3121 4824 3314 4881 habens
3353 4832 3642 4894 antequam

2046 4922 2411 4983 convenirent;
2461 4920 2542 4974 vel
2582 4940 2596 4973 :
2630 4916 2696 4973 Et
2743 4919 2960 4989 peperit,
3006 4927 3056 4973 et
3083 4934 3187 4974 non
3213 4918 3451 4988 cognovit
3478 4933 3634 4983 eam;

2047 5013 2162 5067 sive
2191 5031 2203 5066 :
2237 5011 2446 5082 Peperit
2508 5011 2681 5078 ﬁlium
2716 5029 2873 5066 suum
2899 5011 3307 5083 primogenitum
3338 5010 3382 5042 ¹⁶
3403 5052 3418 5077 ,
3449 5020 3497 5064 et
3527 5026 3634 5070 nats

2048 5103 2390 5175 cognoscebat
2425 5105 2614 5175 ipsam)
2644 5122 2657 5158 :
2689 5102 2761 5160 Et
2785 5120 2887 5158 non
2916 5103 3155 5172 cognovit
3182 5118 3321 5170 eam,
3355 5101 3518 5156 donec
3543 5116 3634 5170 pe-

2049 5195 2185 5264 perit
2255 5194 2428 5265 ﬁlium
2452 5213 2606 5250 suum
2631 5197 3042 5267 primogenitum
3068 5195 3153 5255 ¹¹.,
3166 5193 3272 5249 Sed
3292 5203 3346 5249 et
3367 5194 3497 5248 illud
3534 5194 3633 5247 ho-

2048 5289 2225 5343 mines
2259 5289 2349 5343 isti
2385 5303 2495 5343 non
2522 5288 2726 5354 vident,
2767 5288 2861 5359 qui
2893 5303 2952 5342 se
2980 5301 3068 5353 ea,
3099 5286 3296 5358 quaein
3329 5284 3631 5356 Scriptnris

2049 5386 2377 5444 tractantur,
2430 5378 2688 5433 distincte
2740 5378 3121 5450 explicateque
3158 5378 3433 5434 disserere
3467 5380 3632 5448 proli-

2050 5477 2255 5532 tentur,
2300 5486 2366 5526 ac
2394 5471 2649 5526 sublimia
2680 5471 2773 5526 illa
2824 5470 3199 5541 altissimaque
3224 5470 3482 5541 mysteria
3507 5485 3632 5538 per-

2048 5562 2283 5619 scrutari
2331 5562 2572 5627 student,
2615 5567 2757 5618 hanc
2795 5578 2920 5620 esse
2946 5562 3276 5618 narrationis
3304 5562 3451 5616 illius
3483 5561 3618 5616 loci-

423 5735 440 5767 ⁴
465 5732 540 5810 Εζ
564 5738 884 5810 συνομιλῶν.
966 5740 985 5768 ²
1017 5738 1055 5790 F
1107 5740 1229 5810 οὐκ
1272 5740 1290 5770 ³
1325 5739 1494 5794 Exod.
1521 5755 1669 5801 XLV,
1704 5740 1788 5810 is.
1867 5738 1886 5769 ⁸
1921 5736 1940 5791 1

2051 5756 2097 5794 r.
2129 5754 2235 5810 vn,
2258 5738 2309 5793 5.
2402 5740 2424 5770 ⁸
2466 5739 2709 5807 lsa.vnt,
2746 5742 2800 5800 3.
2875 5742 2896 5774 ⁸
2928 5741 3062 5798 Luc.
3088 5758 3126 5808 ι,
3156 5739 3227 5797 9.6
3264 5753 3387 5810 sqq.
3461 5737 3626 5793 'Act.

367 5825 485 5872 xu,
513 5804 570 5862 9.
636 5808 658 5839 ⁸
686 5804 830 5865 Ps..l.
860 5823 953 5871 vn,
984 5809 1067 5864 l3.

1144 5812 1164 5840 ⁹
1187 5809 1374 5864 Matth.
1401 5830 1439 5878 ι,
1465 5812 1557 5865 28.
1638 5810 1680 5841 ¹⁰
1712 5809 1846 5867 Luc.
1889 5825 1949 5877 tt,
1984 5811 2034 5865 7.
2115 5810 2155 5843 “
2190 5808 2381 5865 Matth.
2417 5827 2454 5879 ι,
2479 5810 2568 5865 95.
