4134 6392
539 367 644 425 727

1983 375 2041 428 δ.
2079 373 2416 429 ΕΡΙΡΙΙΑΝΙΙ

3685 370 3788 426 728

537 503 647 558 que
676 489 1020 546 sententiam.
1071 489 1130 543 Si
1165 490 1312 545 enim
1361 489 1532 546 Maria
1567 490 1748 546 denuo
1788 493 2112 561 peperisset,

2219 495 2472 560 κτίσεως
2517 495 2545 546 ὁ
2593 493 2924 564 Μονογενὴς,
2957 493 3032 564 μή
3067 490 3320 562 θορυϐοὗ.
3349 491 3424 543 υύ
3465 489 3576 558 7&9
3617 483 3788 552 εἶπεν,

539 587 861 634 ceterorum
905 580 1106 637 Christi
1161 583 1391 637 I‘ratrum
1440 592 1596 638 erant
1641 585 1966 654 proferenda
2011 601 2111 639 no-

539 671 708 725 mina.
735 671 890 738 Quod
919 681 1100 728 autem
1131 675 1526 744 primogenitus
1559 685 1824 730 creaturae
1857 677 2038 732 omnis
2091 677 2107 708 ⁸

539 763 634 817 ille
663 765 860 820 unicus
903 766 1229 834 appellatur,
1266 781 1376 820 non
1408 776 1492 822 est
1527 769 1672 837 quod
1701 778 1842 822 cate
1873 783 1959 822 res
1991 784 2114 838 per-

535 855 744 911 turbet.
801 855 922 911 Non
969 860 1114 912 enim
1163 859 1322 922 dixit,
1377 862 1658 930 peperisse
1703 861 1852 914 illam
1901 862 2109 930 primo—

539 946 778 1016 genitum
806 963 966 1002 suum
987 992 1001 1012 ,
1037 950 1130 1006 Sed
1163 951 1266 1006 hoc
1305 953 1516 1007 solum:
1546 952 1670 1006 Non
1701 956 1936 1023 cognovit
1969 969 2108 1016 eam,

537 1041 704 1094 donec
725 1044 924 1110 peperit
995 1037 1160 1108 ﬁlium
1198 1063 1372 1099 suum.
1417 1045 1515 1100 Ubi
1555 1061 1664 1100 non
1704 1048 2112 1116 primogenitum

537 1146 713 1196 suum,
729 1133 822 1186 sed
839 1133 1242 1203 primogenitum
1259 1135 1523 1190 duntaxat
1539 1135 1845 1206 appellavit.
1859 1136 1992 1190 Nam
2009 1137 2112 1191 hoc

535 1222 679 1292 ipso,
728 1224 872 1294 quod
930 1224 1102 1294 ﬁlium
1135 1244 1290 1281 suum
1321 1227 1480 1288 dixit,
1509 1237 1696 1282 natum
1723 1229 1870 1282 hunc
1897 1244 1962 1283 ex
1997 1229 2108 1292 illa,

533 1315 682 1383 quod
716 1315 782 1368 ad
811 1329 1032 1371 carnem
1063 1317 1321 1387 pertinet,
1357 1315 1617 1371 ostendit.
1653 1317 1736 1370 Ad
1775 1318 2112 1386 primogeniti

533 1418 700 1474 porro
727 1405 1078 1470 vocabulum,
1101 1422 1208 1462 non
1235 1422 1420 1461 vocem
1452 1407 1623 1468 illam,
1649 1405 2110 1472 suum,adjunxit,

536 1495 632 1550 sed
686 1497 1092 1568 primogenitum
1145 1500 1526 1554 tantummodo
1569 1499 1802 1552 vocavit.
1867 1497 1967 1552 Hic
2027 1508 2114 1552 est

537 1587 681 1641 enim
745 1589 856 1652 ille,
919 1604 1080 1658 quem
1127 1587 1556 1660 Primogenitum
1612 1597 1878 1643 creatura:
1934 1589 2112 1644 omnis

531 1677 831 1750 Apostolus
873 1682 1143 1748 nominat,
1183 1683 1389 1752 quique
1423 1697 1546 1736 cum
1588 1681 1864 1737 creaturis
1897 1683 2114 1736 caeteris

531 1773 758 1838 minime
787 1774 1162 1848 conjungitur,
1199 1776 1296 1832 sed
1336 1785 1466 1833 ante
1498 1793 1590 1832 eas
1621 1791 1812 1832 omnes
1840 1775 2107 1844 originem

2215 586 2296 638 ὃτι
2327 587 2580 656 ἐγέννησε
2610 585 2698 637 τὸν
2743 585 3084 654 πρωτότοκον
3109 583 3298 652 αὐτῆς,
3323 582 3460 646 ἀλλ’,
3499 585 3622 634 Οὐκ
3643 581 3794 649 ἔγνω

2215 679 2426 745 αὐτὴν,
2463 679 2574 744 ἕως
2596 678 2738 730 ὅτου
2786 677 3078 744 ἐγέννησε
3109 677 3218 728 τὸν
3259 675 3391 728 υἱόν
3441 671 3646 740 αὐτῆς.
3685 673 3794 724 Καὶ

2211 771 2310 824 ούκ
2337 765 2456 822 εἶπε
2483 769 2589 822 τὸν
2617 769 2996 836 πρωτότοκον
3025 767 3216 835 αὐτῆς,
3251 765 3386 818 ἀλλὰ
3435 765 3540 818 τὸν
3581 763 3795 831 πρωτό-

2212 879 2412 914 τοκον.
2431 861 2553 913 Ἐπὶ
2593 861 2690 930 μὲν
2719 859 2828 930 γὰρ
2861 856 2940 922 τῷ
2969 857 3077 922 υἱῷ
3105 855 3294 924 αὐτῆς
3319 856 3594 924 ἐσήμανεν
3617 853 3676 919 ἐξ
3697 853 3793 908 αύ-

2213 957 2310 1024 τῆς
2346 954 2489 1006 κατὰ
2515 955 2698 1023 σάρκα
2725 951 3114 1022 γεγεννῆσθαι·
3146 949 3238 1000 ἐπὶ
3259 948 3316 1000 δὲ
3349 950 3414 1017 τῇ
3444 946 3551 1000 τοῦ
3575 959 3796 1014 πρωτο-

2211 1045 2391 1096 τόκου
2435 1043 2720 1114 ἐπωνυμίᾳ
2747 1039 2930 1095 οὺκέτι
2957 1039 3019 1092 τὸ
3051 1037 3240 1106 αὐτῆς
3267 1038 3440 1102 ἔθετο,
3467 1035 3605 1089 ἀλλὰ
3645 1051 3796 1102 πρω-

2211 1139 2462 1190 τότοκον
2509 1135 2685 1206 μόνον.
2717 1130 2882 1195 υῦτος
2923 1131 3031 1202 γάρ
3065 1133 3213 1182 ἐστιν
3255 1132 3284 1182 ὁ
3327 1128 3477 1198 παρὰ
3524 1127 3600 1198 τῷ
3637 1128 3795 1178 Ἀπο-

2215 1229 2386 1299 στόλῳ
2441 1227 2730 1298 εἰρημένος
2773 1223 3124 1295 Πρωτότοκος
3170 1221 3352 1292 πάσης
3403 1221 3634 1282 κτίσεως
3659 1259 3674 1282 ,
3717 1217 3793 1289 μὴ

2215 1320 2556 1390 συνημμένος
2588 1321 2653 1389 τῇ
2715 1319 2930 1380 κτίσει,
2989 1314 3125 1370 ἀλλὰ
3177 1314 3284 1386 πρὸ
3325 1311 3558 1374 κτίσεως
3602 1327 3794 1379 γεγεν-

2213 1413 2463 1482 νημένος.
2529 1411 2603 1463 Ού
2635 1409 2744 1479 γάρ
2798 1405 2942 1470 εἷπε,
2995 1406 3421 1478 πρωτόκτιστοε,
3467 1402 3603 1457 ἀλλὰ
3646 1415 3792 1470 πρω-

2211 1505 2475 1567 τότοκος,
2517 1499 2901 1569 διαιρουμένης
2930 1497 3027 1566 τῆς
3057 1495 3414 1564 ἀναγνώσεως
3443 1495 3534 1548 ἐπὶ
3573 1493 3634 1546 τὸ
3667 1492 3792 1564 βέλε

2212 1613 2323 1650 τιον
2348 1595 2442 1648 καὶ
2465 1593 2888 1662 ἀσφαλέστερον,
2911 1589 3006 1642 τοῦ
3041 1589 3256 1660 πρῶτον
3288 1589 3386 1658 μὲν
3418 1587 3617 1655 λέγειν,
3641 1602 3789 1654 πρω-

2211 1691 2476 1752 τότοκος,
2507 1686 2700 1738 ἔπειτα
2730 1683 3137 1752 ὑποϐεϐηκυῖαν
3166 1681 3346 1749 λέγειν
3369 1679 3466 1750 τὴν
3495 1680 3692 1732 κτίσιν.
3718 1678 3796 1731 Τὸ

2219 1782 2314 1852 μὲν
2335 1779 2444 1850 γὰρ
2469 1777 2844 1846 πρωτότοκος
2875 1777 2969 1827 ἐπὶ
3001 1774 3095 1827 τοῦ
3125 1773 3254 1826 Υἱοῠ
3294 1771 3649 1842 λαμϐάνεται,
3677 1771 3791 1840 ήδὲ

531 1861 766 1930 accepit.
793 1859 982 1932 Neque
999 1865 1366 1935 enim,primo
1391 1874 1634 1930 creatus,
1651 1866 1826 1931 dixit,
1851 1865 1970 1928 sed,
1998 1865 2112 1932 pri-

2213 1876 2388 1937 κτίσις
2418 1873 2506 1925 διὰ
2532 1869 2625 1924 τοῦ
2653 1869 2804 1922 Υἱοῦ.
2823 1867 3151 1938 Ἑγέννησε
3183 1867 3362 1918 τοίνυν
3391 1863 3498 1916 τὸν
3529 1861 3663 1916 υἱὸν
3687 1861 3793 1914 αὑ·

529 1953 821 2022 mogenitus
849 1969 866 2008 :
901 1955 1039 2010 adeo
1059 1964 1118 2010 ut
1134 1957 1202 2012 ad
1221 1959 1485 2026 majorem
1505 1957 1841 2012 audientium
1867 1956 2106 2012 fructum

2213 1965 2318 2036 τῆς
2351 1964 2458 2018 τὸν
2485 1961 2889 2032 πρωτότοκον
2913 1961 3013 2012 οὑκ
3033 1957 3204 2027 αὐτῆς
3227 1958 3284 2010 δὲ
3307 1957 3400 2009 τὺ⁸
3425 1953 3790 2026 πρωτότοκον,

531 2055 696 2113 atque
735 2047 1048 2102 cautionem
1083 2047 1200 2104 haec
1243 2049 1337 2104 illo
1367 2051 1423 2104 in
1455 2051 1578 2104 loco
1609 2049 1847 2106 discreta
1873 2051 2004 2114 sint,
2041 2063 2108 2103 ac

529 2137 864 2208 primogeniti
887 2155 1018 2196 voce
1054 2141 1337 2210 praemissa
1371 2142 1690 2196 inferiorem
1719 2143 1919 2198 deinde
1961 2155 2110 2196 crea-

529 2236 710 2282 turam
767 2229 1024 2299 subjecit.
1072 2229 1353 2302 Siquidem
1405 2233 1742 2302 primogeniti
1789 2247 1990 2287 nomen
2039 2231 2111 2286 ad

531 2318 728 2374 Filium
765 2321 1042 2387 refertur;
1077 2333 1332 2378 creatura
1360 2341 1456 2394 per
1476 2323 1678 2378 Filium
1709 2334 1794 2380 est
1819 2325 2106 2394 producta.

529 2411 744 2480 Peperit
778 2413 961 2484 itaque
989 2415 1166 2484 ﬁlium
1205 2433 1362 2476 “tum
1395 2417 1823 2487 primogenitum,
1858 2431 1966 2470 non
1997 2416 2112 2485 pri-

529 2506 869 2574 mogenitum
907 2523 1091 2572 suum,
1139 2510 1300 2579 quasi
1337 2509 1474 2563 alios
1503 2503 1694 2578 postea
1719 2510 1964 2579 paritura
2002 2507 2114 2562 fue-

527 2593 625 2656 rit,
657 2605 708 2649 et
745 2613 848 2650 non
888 2589 1446 2669 cognoscebat'illam.
1486 2601 1590 2666 Qui
1635 2601 1782 2654 enim
1817 2615 1982 2656 nosse
2023 2614 2116 2670 po-

529 2687 636 2748 tuit
679 2695 895 2742 tantum
941 2705 1065 2746 esse
1106 2691 1156 2744 ei
1201 2691 1420 2746 mulieri
1453 2692 1643 2762 gratia:
1675 2689 2111 2746 conferendum?

529 2775 688 2834 Unde
730 2781 922 2846 sciret,
965 2781 1213 2852 inquam,
1259 2791 1368 2838 tam
1398 2783 1689 2838 excellenti
1727 2783 1900 2853 gloria
1945 2781 2114 2852 virgi-

529 2887 654 2926 nem
711 2888 834 2928 esse
878 2875 1306 2929 celebrandam?
1341 2874 1555 2946 Quippe
1589 2876 1873 2932 mulierem
1911 2875 2054 2928 hanc
2082 2889 2114 2928 a

527 2973 728 3020 natura
779 2965 1092 3032 formatam,
1125 2983 1190 3023 ac
1219 2967 1440 3026 feminei
1470 2983 1636 3024 sexus
1669 2983 1792 3024 esse
1825 2975 2110 3037 cognorat,

528 3066 692 3126 atque
723 3057 792 3112 ab
849 3059 1006 3114 Anna
1042 3069 1219 3118 matre
1259 3069 1315 3116 et
1357 3060 1603 3118 Joacimo
1637 3069 1792 3131 patre
1839 3060 2110 3130 genitam;

2211 2058 2286 2120 ὼς
2329 2055 2500 2124 αὐτῆς
2535 2051 2836 2123 μελλούσης
2877 2049 3038 2104 ἄλλον
3067 2049 3337 2107 κυῖσκειν,
3371 2045 3472 2098 καὶ
3511 2045 3624 2097 οὐκ
3662 2040 3794 2110 ᾔδει

2212 2148 2425 2214 αὐτήν.
2459 2145 2631 2201 Πόθεν
2667 2143 2778 2214 7&9
2807 2143 2946 2214 ᾔδει,
2976 2144 3058 2195 ὅτι
3085 2139 3354 2209 τοσαύτην
3383 2138 3541 2208 χάριν
3568 2135 3794 2206 λήψεται

2214 2242 2384 2312 γυνή;
2414 2241 2482 2293 Ἢ
2524 2237 2688 2292 πόθεν
2715 2235 2855 2306 ᾔδει,
2881 2235 2962 2287 ὅτι
2995 2232 3250 2302 τοιαύτην
3285 2231 3442 2296 δόξαν
3467 2227 3794 2298 δοξασθήσε-

2211 2351 2299 2386 ται
2327 2329 2627 2401 παρθένος;
2653 2329 2894 2382 Γυναῖκα
2921 2327 3018 2395 μὲν
3041 2324 3154 2394 ᾔδει
3176 2321 3344 2392 αὐτὴν
3361 2324 3428 2392 τῇ
3459 2320 3676 2380 πλάσει,
3697 2319 3796 2372 καὶ

2213 2423 2431 2492 θήλειαν
2447 2423 2514 2492 τῇ
2539 2420 2719 2488 φύσει,
2743 2420 2838 2472 καὶ
2857 2421 2919 2470 ἐκ
2939 2417 3372 2488 μητρὺςἊννης,
3391 2415 3486 2468 καὶ
3505 2414 3568 2466 ἐκ
3591 2411 3796 2482 πατρὸς

2224 2515 2496 2584 Ἰωακείμ·
2527 2511 2892 2580 συγγένισσαν
2909 2511 2928 2540 ⁸
2948 2509 3003 2562 δὲ
3023 2510 3122 2579 τῆς
3137 2507 3436 2572 Ἐλεισάϐετ,
3461 2505 3519 2572 ἐξ
3531 2507 3678 2558 οἴκου
3701 2503 3794 2556 καὶ

2213 2609 2451 2677 πατριᾶς
2489 2605 2581 2659 τοῦ
2615 2604 2808 2658 Δαϐίδ·
2855 2608 2954 2655 οὑκ
2977 2601 3092 2672 ᾔδει
3119 2600 3198 2663 δὲ,
3225 2601 3308 2652 ὅτι
3343 2598 3598 2666 τοιαύτην
3635 2595 3796 2660 δόξαν

2213 2694 2574 2765 τιμηθήσεται
2607 2710 2688 2756 τις
2715 2693 2809 2746 ἐπὶ
2832 2692 2931 2762 τῆς
2957 2692 3080 2760 γῆς,
3109 2689 3344 2760 μάλιστα
3363 2688 3520 2757 γυνή.
3545 2687 3656 2739 Οίπκ
3675 2685 3794 2755 ᾔδει

2209 2783 2301 2840 οὖν
2332 2786 2522 2857 αὐτὴν,
2557 2785 2662 2848 ἕως
2694 2779 2754 2838 οὗ
2795 2779 2902 2836 εῖόε
2938 2783 2999 2836 τὸ
3029 2782 3236 2853 θαῦμα.
3270 2782 3382 2834 Οὐκ
3403 2781 3518 2850 ᾔδει
3539 2779 3708 2848 αὐτῆς
3733 2777 3798 2830 τὸ

2212 2877 2415 2948 θαῦμα,
2434 2877 2538 2940 ἓως
2556 2877 2677 2929 ὅτου
2699 2872 2808 2928 εἶδε
2827 2875 2886 2928 τὸ
2905 2874 3297 2946 γεγεννημένον
3317 2871 3376 2936 ἐξ
3397 2871 3717 2941 αύτῆς.”οτε
3735 2869 3794 2926 δὲ

2213 2967 2419 3029 ἔτεκεν,
2459 2966 2602 3034 ἔγνω
2631 2967 2726 3020 καὶ
2753 2967 2851 3035 τὴν
2885 2965 2977 3018 τοῦ
3005 2964 3140 3018 Θεοῦ
3171 2963 3356 3034 τιμὴν,
3391 2964 3471 3015 ὃτι
3503 2961 3639 3030 αὑτὴ
3659 2955 3726 3030 ἦν
3756 2963 3794 3032 ἡ

2213 3059 2346 3112 ἀκού
2355 3058 2714 3127 σασα’Χαῖρε,
2739 3056 3196 3128 κεχαριτωμένη·
3213 3059 3244 3109 ό
3257 3056 3472 3122 Κύριος
3481 3054 3632 3123 μετὰ
3651 3052 3793 3106 σοῦ.

529 3149 855 3208 Elizabethaa
897 3162 1208 3226 cognatam,
1259 3155 1480 3210 edomo
1511 3155 1730 3211 Davidis
1801 3168 1866 3208 ac
1931 3153 2179 3208 familia:
2221 3153 2325 3207 hoc
2371 3167 2502 3206 vero
2553 3152 2799 3206 nondum
2859 3149 3226 3211 intellexerat,
3279 3155 3490 3200 tantum
3545 3146 3690 3198 illam
3735 3145 3796 3198 in

527 3245 692 3308 terris
763 3244 933 3302 decus
989 3261 1054 3302 ac
1088 3247 1459 3316 splendorem,
1501 3258 1554 3303 et
1585 3249 1805 3319 quidem
1849 3247 2131 3314 feminam,
2173 3265 2296 3303 esse
2360 3259 2800 3304 consecuturum.
2837 3245 3111 3311 Quocirca
3157 3259 3269 3297 non
3312 3240 3570 3311 cognovit
3617 3240 3792 3302 illam,

529 3336 705 3390 donec
739 3335 1050 3408 prodigium
1082 3337 1216 3393 illud
1247 3339 1652 3394 animadvertit.
1688 3339 1809 3396 Non
1837 3339 2095 3410 cognovit
2135 3340 2358 3409 quodin
2391 3355 2453 3393 ea
2507 3339 2757 3392 mirabile
2804 3337 3133 3406 contigerat,
3177 3335 3352 3389 donec
3409 3331 3624 3402 1050
3691 3347 3794 3384 na-

529 3435 644 3482 tum
671 3443 736 3483 ex
767 3443 833 3484 ea
859 3429 1058 3484 Filium
1093 3431 1248 3486 vidit.
1301 3434 1666 3502 Posteaquam
1735 3449 1862 3488 vere
1931 3433 2168 3505 peperit,
2215 3433 2460 3488 habitum
2505 3433 2583 3486 illi
2629 3432 2894 3486 divinitus
2943 3433 3207 3484 honorem
3261 3427 3520 3497 agnovit;
3561 3441 3800 3495 eamque

529 3518 720 3586 didicit
745 3519 832 3576 his
859 3521 1043 3576 verbis
1068 3523 1136 3574 ab
1170 3523 1363 3592 angelo
1397 3525 1686 3578 salutatam
1717 3544 1730 3578 :
1759 3531 1886 3590 Ave,
1923 3525 2099 3595 gratia
2137 3524 2314 3592 plena.
2349 3523 2606 3576 Dominus
2647 3533 2816 3576 tecum
2840 3525 2879 3576 ³.

599 3607 790 3664 XVIII.
848 3609 976 3665 Haec
1033 3624 1138 3676 est,
1194 3627 1358 3682 quam
1409 3615 1758 3669 admnbravit
1805 3617 1937 3678 Eva,
1980 3620 2171 3687 quiec

530 3704 830 3758 viventium
861 3713 1039 3758 mater
1067 3707 1305 3774 quodam
1333 3708 1638 3777 amigmatis
1667 3709 1949 3762 involucro
1972 3725 2112 3762 nun-

529 3801 784 3862 cupatur.
821 3794 1102 3863 Siquidem
1151 3794 1259 3848 Eva
1317 3803 1433 3850 tum
1477 3797 1776 3850 viventium
1811 3805 1896 3853 est
1928 3799 2112 3867 appel-

529 3886 640 3938 lata
672 3895 866 3949 mater,
893 3901 1018 3940 cum
1044 3887 1156 3956 jam
1181 3887 1314 3942 illud
1344 3889 1642 3944 audiisset:
1672 3889 1838 3944 Terra
1875 3906 1954 3952 es,
1982 3891 2112 3944 etin

532 3987 731 4031 terram
759 3980 1034 4034 reverteris
1051 3981 1093 4040 ³,
1129 3989 1254 4050 post
1288 3980 1590 4034 admissum
1621 3981 1876 4037 videlicet
1911 3997 2104 4050 pecca-

531 4077 668 4122 tum.
711 4065 870 4134 Quod
917 4071 1136 4140 quidem
1182 4071 1542 4127 admiratione
1586 4073 1810 4142 dignum
1843 4082 1948 4137 est,
1987 4081 2112 4142 post

529 4161 680 4216 illam
739 4161 1121 4226 offensionem,
1186 4173 1298 4216 tam
1351 4165 1674 4232 praeclarum
1713 4165 1761 4219 ei
1809 4179 2109 4234 cognomen

532 4254 878 4308 attributum.
912 4253 990 4309 Ac
1021 4256 1068 4309 si
1116 4255 1390 4311 exteriora
1438 4256 1706 4310 duntaxat
1753 4266 1806 4310 et
1855 4257 2110 4312 sensibus

530 4347 692 4402 obvia
720 4345 1042 4402 consideres
1071 4389 1086 4412 ,
1137 4349 1205 4402 ab
1244 4347 1433 4402 eadem
1467 4348 1566 4400 hac
1597 4347 1705 4400 Eva
1735 4349 1906 4402 totius
1935 4359 2018 4401 est
2053 4349 2108 4401 in

529 4435 697 4492 terris
725 4436 950 4489 humani
982 4436 1198 4506 generis
1227 4438 1380 4504 origo
1403 4437 1658 4491 deducta.
1691 4436 1900 4492 Revera
1927 4446 2108 4492 tamen

535 4543 564 4580 a
600 4527 767 4581 Maria
811 4525 1035 4595 Virgine
1076 4528 1188 4580 vita
1241 4529 1359 4597 ipsa
1403 4535 1488 4584 est
1521 4530 1574 4581 in
1617 4529 1879 4582 mundum
1933 4528 2106 4581 intro-

534 4621 723 4681 ducta,
767 4627 826 4672 ut
867 4619 1140 4674 viventem
1190 4621 1382 4688 pariat,
1414 4631 1468 4674 et
1503 4621 1798 4674 viventium
1832 4619 2002 4673 Maria
2038 4621 2110 4674 sit

533 4719 727 4764 mater.
769 4709 1038 4774 Quocirca
1091 4710 1386 4762 viventium
1443 4719 1617 4763 mater
1670 4709 1988 4764 adumbrata
2041 4710 2110 4764 si-

534 4803 847 4856 militudine
897 4802 1066 4864 Maria
1113 4800 1332 4856 dicitur.
1373 4801 1508 4856 Nam
1537 4802 1606 4856 de
1638 4803 1852 4856 duabus
1889 4802 2107 4857 feminis

533 4895 742 4948 dictum
811 4895 944 4948 illud
981 4904 1068 4949 est
1101 4913 1112 4948 :
1149 4893 1282 4958 Quis
1336 4894 1479 4947 dedit
1515 4895 1725 4956 mulieri
1767 4895 2102 4962 sapientiam.

538 4997 627 5042 aut
658 4988 964 5058 uariegandi
997 4987 1345 5042 scientiam‘?
1391 4987 1602 5040 Etenim
1663 4986 1771 5040 Eva
1816 4989 1905 5040 illa
1957 4988 2108 5057 prior
2141 4965 2183 5018 θ

548 5082 768 5150 sapiens
791 5081 986 5135 mulier
1009 5081 1237 5143 Adamo,
1260 5095 1420 5149 quem
1451 5081 1565 5148 ipsa
1591 5081 1912 5144 nudaverat,
1959 5097 2108 5150 aspe-

536 5175 754 5228 ctabilia
769 5175 1016 5243 quaedam
1029 5173 1351 5228 vestimenta
1369 5174 1650 5226 contexuit
1673 5193 1685 5226 :
1705 5173 1904 5242 quippe
1919 5174 2110 5241 Imjus-

533 5264 682 5320 modi
717 5274 803 5318 cst
833 5265 1019 5319 labore
1049 5263 1327 5317 damnata.
1355 5264 1510 5329 Quod
1539 5265 1683 5318 enim
1711 5267 1930 5320 nuditas
1961 5267 2108 5324 illius

531 5370 695 5424 opera
715 5367 930 5426 reperta
949 5356 1144 5414 fuerat,
1163 5357 1268 5411 hoc
1297 5358 1470 5411 eidem
1492 5357 1678 5411 datum
1705 5359 1978 5427 negotium
1999 5367 2104 5420 est,

534 5455 592 5500 ut
627 5448 694 5502 ad
727 5458 1009 5503 externam
1048 5449 1350 5503 nuditatem
1381 5448 1668 5517 tegendam
1701 5463 1902 5518 corpus
1939 5449 2108 5512 istud,

529 5543 674 5608 quod
733 5543 989 5598 sensibus
1039 5544 1346 5613 expositum
1403 5551 1507 5604 est,
1563 5550 1712 5596 veste
1767 5552 2100 5613 contegeret.

531 5639 605 5706 At»
641 5635 822 5690 Maria:
856 5637 1118 5693 divinitus
1157 5638 1286 5692 illud
1323 5637 1555 5705 obtigit,
1599 5645 1656 5689 ut
1690 5653 1888 5706 agnum
1943 5639 2102 5692 nobis

2277 3617 2382 3670 IIl'.
2427 3615 2574 3686 Αὕτη
2607 3615 2756 3668 ἐστὶν
2786 3616 2817 3684 ή
2847 3613 3000 3684 παρὰ
3025 3614 3122 3684 μὲν
3147 3615 3212 3684 τῇ
3242 3611 3356 3682 Eii;
3386 3613 3796 3691 σημαινομένη,

2212 3707 2280 3760 δι’
2315 3707 2636 3778 αἰνίγματος
2669 3706 2908 3760 λαϐοῦσα
2943 3707 3006 3758 τὸ
3030 3705 3310 3759 καλεῖσθαι
3339 3707 3523 3776 μήτηρ
3553 3703 3794 3768 ζώντων.

2225 3797 2373 3850 Ἐκεῖ
2401 3797 2496 3867 μὲν
2521 3795 2630 3866 γὰρ
2662 3797 2844 3866 μήτηρ
2876 3795 3094 3859 ζώντων
3119 3795 3400 3866 κέκληται,
3438 3795 3534 3848 καὶ
3575 3796 3711 3866 μετὰ
3735 3797 3800 3851 τὺ

2213 3889 2471 3942 ἀκοῦσαι·
2501 3887 2593 3954 Γῆ
2631 3885 2704 3950 εἴ,
2737 3888 2838 3940 καὶ
2881 3891 2968 3953 είς
3013 3885 3129 3956 γῆν
3157 3888 3494 3957 ἀπελεὺσῃ,
3531 3887 3668 3958 μετὰ
3695 3887 3795 3958 τήν

2211 3981 2542 4052 παράϐασιν.
2581 3983 2689 4035 Καὶ
2715 3977 2783 4052 ἦν
2817 3980 3020 4052 θαῦμα,
3049 3981 3131 4033 ὅτι
3175 3980 3314 4050 μετὰ
3355 3979 3453 4050 τὴν
3483 3979 3797 4050 παράϐασιν

2211 4073 2416 4144 ταύτην
2445 4073 2543 4144 τὴν
2577 4073 2819 4143 μεγάλην
2841 4071 2997 4142 ἔσχεν
3027 4071 3363 4142 ἐπωνυμίαν.
3395 4071 3506 4124 Καὶ
3531 4071 3673 4125 κατὰ
3697 4072 3798 4141 μὲν

2210 4167 2271 4218 τὸ
2297 4165 2571 4234 αἰσθητὸν,
2609 4165 2704 4218 ἀπ’
2731 4165 2948 4234 ὲκείνης
2975 4164 3074 4234 τῆς
3101 4163 3246 4227 Εὔας
3271 4165 3422 4217 πᾶσα
3449 4165 3558 4218 τῶν
3587 4163 3798 4235 ἀνθρώ-

2210 4275 2329 4311 πων
2363 4260 2395 4327 ἠ
2427 4258 2678 4327 γέννησις
2707 4257 2798 4309 ἐπὶ
2829 4257 2934 4325 γῆς
2960 4257 3312 4326 γεγέννηται·
3341 4251 3442 4310 ὧδε
3484 4257 3540 4310 δὲ
3581 4257 3798 4327 άληθῶς

2210 4353 2318 4404 ἀπὸ
2351 4351 2569 4420 Μαρίας
2599 4348 2736 4420 αὕτη
2759 4349 2778 4380 τ
2806 4351 2838 4418 ἡ
2871 4347 2982 4418 ζωὴ
3009 4346 3088 4418 τῷ
3112 4347 3302 4418 κόσμῳ
3329 4349 3673 4419 γεγέννηται,
3707 4348 3798 4402 ἵνα

2211 4441 2388 4506 ζῶντα
2417 4443 2677 4511 γεννήσῃ,
2700 4442 2794 4494 καὶ
2821 4441 3095 4511 γένηταιὴ
3122 4441 3312 4511 Μαρία
3341 4442 3526 4512 μήτηρ
3549 4441 3793 4505 ζώντων.

2209 4534 2288 4583 Δι’
2311 4533 2630 4601 αἰνίγματος
2658 4527 2750 4584 οὖν
2773 4533 2805 4600 ή
2835 4531 3022 4602 Μαρία
3051 4532 3236 4601 μήτηρ
3267 4531 3483 4593 ζώντων
3507 4533 3792 4604 κέκληται.

2211 4625 2346 4696 Περὶ
2396 4625 2504 4696 γὰρ
2551 4623 2660 4678 τῶν
2705 4623 2796 4676 δύο
2849 4624 3124 4691 γυναικῶν
3171 4623 3399 4694 ὲλέχθη’
3435 4625 3532 4690 Τίς
3573 4625 3797 4681 δέδωκε

2209 4716 2450 4784 γυναικὶ
2519 4717 2782 4784 σοφίαν,
2851 4715 2888 4781 ἢ
2956 4714 3338 4782 aemuletth
3393 4715 3793 4784 ἐπιστήμην;

2224 4804 2437 4876 Ἐπειδὴ
2487 4803 2596 4874 γὰρ
2639 4807 2672 4874 ὴ
2723 4804 2912 4876 πρώτη
2951 4805 3089 4874 σοφὴ
3133 4804 3244 4860 Εὔα
3276 4805 3576 4872 ὑφαίνουσα
3603 4808 3795 4876 ίμάτια

2207 4895 2278 4947 τὰ
2309 4895 2542 4965 αἰσθητὰ
2589 4895 2678 4947 διὰ
2721 4896 2811 4947 τὸν
2851 4894 3040 4966 Ἀδάμ,
3076 4896 3242 4966 ὅνπερ
3273 4894 3616 4964 ἐγύμνωσεν
3653 4897 3790 4967 αὐτῇ

2213 4987 2322 5058 γὰρ
2347 4987 2502 5059 ὲδόθη
2529 4983 2681 5050 οὗτος
2719 4989 2748 5039 ὁ
2785 4988 3048 5056 κάματος.
3067 4986 3284 5058 Ἐπειδὴ
3311 4987 3419 5058 γὰρ
3461 4987 3528 5039 δι’
3563 4988 3732 5058 αὐτῆς
3757 4992 3790 5056 ἠ

2215 5083 2492 5152 γύμνωσις
2521 5079 2767 5151 εὓρηται,
2790 5081 2925 5149 αὐτῇ
2949 5079 3153 5132 δέδοται
3175 5079 3525 5148 ἁμφιεννύειν
3546 5079 3608 5130 τὸ
3635 5079 3792 5149 σῶμα

2214 5177 2275 5228 τὸ
2306 5175 2560 5243 αἰσθητὸν
2592 5173 2678 5225 διὰ
2711 5173 2808 5241 τὴν
2843 5171 3120 5242 γύμνωσιν
3165 5173 3262 5242 τὴν
3301 5171 3595 5242 αἰσθητήν·
3637 5173 3702 5240 τῇ
3737 5171 3791 5222 δὲ

2215 5267 2405 5338 Μαρίᾳ.
2433 5265 2640 5318 δέδοται
2667 5263 2770 5316 ὑπὸ
2797 5263 2952 5320 Θεοῦ,
2983 5264 3132 5327 ὅπως
3153 5263 3288 5335 τέκῃ
3313 5264 3446 5332 ἡμῖν
3484 5263 3672 5333 ἀρνίον
3701 5265 3792 5316 καὶ

2215 5359 2507 5428 πρόϐατον,
2535 5357 2632 5410 καὶ
2677 5358 2741 5409 ἐκ
2789 5355 2890 5420 τῆς
2931 5353 3089 5424 δόξης
3133 5355 3299 5407 αὑτοῦ
3347 5354 3440 5407 τοῦ
3483 5354 3671 5425 ἀρνίου
3700 5355 3797 5408 καὶ

2219 5448 2491 5520 προϐάτου
2520 5447 2748 5514 γένηται
2781 5447 2931 5515 ἡμῖν,
2959 5443 3035 5506 ὼς
3067 5444 3176 5496 άπὸ
3201 5445 3370 5497 πόκου
3408 5447 3465 5496 ὲν
3507 5445 3690 5515 σοφίᾳ,
3725 5445 3796 5498 δι’

2213 5543 2413 5612 ἀρετῆς
2461 5539 2627 5593 αὐτοῦ
2668 5539 2872 5606 ἔνδυμα
2917 5537 3426 5608 ἁφθαρσίας.Ἀλλὰ
3473 5540 3567 5592 καὶ
3607 5537 3796 5608 ἓτερον

2211 5635 2344 5705 περὶ
2375 5633 2578 5686 τούτων
2610 5630 2934 5683 διανοεῖσθαι
2964 5630 3076 5682 ἐστι
3103 5630 3432 5698 θαυμαστὸν,
3461 5629 3589 5702 περί
3607 5647 3666 5683 τε
3695 5631 3795 5700 τῆς

603 5753 859 5824 {Gulussa
890 5773 925 5824 ι,
965 5759 1060 5812 15.-
1127 5761 1144 5788 ²
1172 5757 1304 5812 Luc.
1338 5773 1371 5822 ι,
1399 5757 1486 5812 ‘28.
1567 5757 1586 5788 ³
1615 5755 1753 5812 Gcn.
1787 5775 1868 5820 Ill.
1895 5759 1978 5818 I9.
2057 5757 2112 5811 *Δ

2227 5773 2381 5822 Iun,
2409 5755 2496 5809 56.
2565 5755 2585 5784 ⁵
2605 5752 2665 5808 F.
2698 5759 2810 5806 τόν.
2854 5754 2872 5784 ⁶
2901 5751 2977 5804 Ita
3001 5767 3064 5806 cx
3091 5749 3256 5824 Iicgio
3277 5751 3398 5807 cod.
3427 5753 3794 5808 restituimus.

535 5823 558 5866 l‘
585 5819 648 5886 ξος
673 5823 831 5882 α’)τῆ-
