4134 6392
394 376 499 432 729

929 370 1308 428 ADVERSUS
1344 371 1686 427 lI/EIiESES
1723 374 1853 429 LIB.
1891 373 1978 428 III.

2106 375 2188 429 lli.
2230 374 2379 429 ll.—
2419 374 2695 429 II.-ERES.
2738 373 3022 429 LXXVIII.

3557 372 3666 431 750

396 494 540 557 Εὔας
564 493 782 564 καὶτῆς
811 491 1054 565 Μαρίας.
1072 491 1138 544 Ἦ
1170 491 1269 559 μὲν
1294 491 1403 562 γὰρ
1432 491 1546 545 Εὕα
1577 493 1851 564 πρόφασις
1894 510 1987 561 γε-

2106 503 2254 564 Itque
2288 510 2445 549 ovem
2481 499 2700 563 pareret
2728 510 2743 549 :
2773 492 2935 560 cujus
2961 506 3028 546 ex
3055 488 3344 561 splendore
3374 504 3440 546 ac
3469 489 3665 561 gloria,

395 586 623 656 γένηται
648 583 881 637 θανάτου
910 583 1023 644 τοῖς
1057 578 1395 650 ἀνθρώποις·
1423 580 1490 633 δι’
1524 580 1697 649 αὐτῆς
1730 579 1838 651 γὰρ
1868 582 1980 633 εἱσ-

393 678 557 752 ’ἧλθεν
584 679 614 732 ὁ
642 679 873 741 θάνατος
904 677 985 740 εἰς
1017 675 1107 728 τὸν
1137 676 1372 745 κόσμον’
1406 676 1439 745 ὴ
1472 674 1527 727 δὲ
1548 674 1739 745 Μαρία
1771 674 1983 746 πρόφα-

348 820 360 833 ,
395 790 481 838 at;
506 772 674 844 ζωῆς,
705 772 771 825 δι’
796 767 865 844 ἦς
894 767 1158 840 ἐῪεννήθη
1188 771 1321 839 ἡμῖν
1349 764 1485 838 ζωή.
1515 769 1626 821 Καὶ
1658 767 1748 821 διὰ
1770 766 1927 821 τοῦτο
1954 767 1982 818 ὁ

394 866 526 929 Υἱὸς
569 864 705 918 Θεοῦ
766 863 1102 936 παρεγένετο
1153 863 1235 924 εἰς
1281 860 1371 913 τὸν
1423 861 1662 930 κόσμον·
1724 861 1839 923 καὶ,
1900 853 1982 913 Οὖ

393 955 773 1010 ἐπλεόνασεν
796 954 835 1022 ἠ
865 953 1141 1021 ἁμαρτία,
1171 951 1771 1018 ὑπερεπερίσσευσεν
1810 952 1849 1019 ἡ
1887 947 1985 1019 χά-

395 1066 490 1117 ρις
508 1065 522 1079 ⁸
554 1050 648 1101 καὶ
675 1047 798 1102 ὅθεν
824 1045 1015 1115 γέγονε
1038 1044 1284 1106 θάνατος,
1308 1044 1428 1095 ἐκεῖ
1452 1042 1754 1114 προέλαϐεν
1779 1043 1812 1111 ἡ
1848 1041 1982 1111 ζωὴ,

398 1141 489 1196 ἵνα
518 1141 641 1212 ζωὴι
662 1141 784 1195 ἀντὶ
816 1139 1047 1194 θανάτου
1072 1136 1323 1207 γένηται,
1347 1135 1680 1190 ἑκκλείσασα
1705 1135 1796 1189 τὸν
1825 1134 1987 1189 θάνα-

397 1250 491 1286 τον
522 1233 614 1286 τὸν
641 1234 705 1286 ὲκ
740 1231 1020 1300 γυναικὸς,
1056 1229 1221 1284 πάλιν
1243 1230 1270 1281 ὁ
1291 1226 1379 1281 διὰ
1402 1227 1661 1296 γυναικὸς
1697 1230 1834 1298 ἡμῖν
1872 1226 1985 1297 ζωὴ

397 1326 823 1397 γεγεννημένος.
861 1325 971 1379 Καὶ
1002 1323 1187 1394 ἐπειδὴ
1214 1323 1331 1375 ἐκεῖ
1359 1322 1456 1392 μὲν
1496 1320 1579 1374 ἔτι
1614 1319 1751 1375 οὖσα
1781 1321 1988 1392 παρθέ-

399 1440 490 1487 νος
526 1423 561 1494 ἡ
586 1419 702 1475 Εὕα
750 1422 808 1472 ὲν
856 1418 1197 1491 παρεκϐάσει
1246 1418 1532 1489 παρακοῆς
1576 1416 1790 1486 γέγονε,
1825 1417 1986 1471 πάλιν

397 1515 490 1569 διὰ
531 1513 634 1582 τῆς
678 1511 959 1583 Παρθένου
1011 1511 1234 1579 γέγονεν
1279 1510 1314 1579 ἡ
1361 1507 1578 1576 ὑπακοὴ
1608 1508 1707 1578 τῆς
1740 1509 1985 1577 χάριτος,

400 1601 886 1674 εὖαγγελισθείσης
915 1602 1014 1672 τῆς
1056 1601 1151 1654 ἀπ’
1172 1598 1403 1671 οὐρανοῦ
1449 1599 1677 1655 καθόδου
1720 1600 1988 1671 ἐνσάρκου

401 1694 710 1766 παρουσίας
741 1694 836 1747 καὶ
872 1692 1017 1764 ζωῆς
1055 1693 1466 1747 αἰωνίου.Ἐκεῖ
1507 1692 1615 1763 γάρ
1667 1709 1799 1762 φησι
1852 1693 1989 1764 πρὸς

401 1787 495 1841 τὸν
524 1786 679 1856 ὄφιν⁸
718 1785 828 1840 Kal
876 1786 1101 1855 ἔχθραν
1149 1783 1315 1851 θήσω
1366 1782 1677 1853 ἀναμέσων
1718 1785 1836 1838 σοῦ
1887 1786 1987 1839 καὶ

2083 595 2346 656 tanquam
2372 602 2403 640 e
2431 586 2654 648 vellere,
2690 600 2789 655 per
2818 583 3066 651 ejusdem
3105 586 3361 637 virtutem
3392 583 3671 637 immorta-

2085 678 2257 733 litatis
2308 677 2467 732 nobis
2518 677 2690 733 vestis
2727 675 3002 745 sapienter
3047 682 3133 730 est
3191 673 3463 729 confecta.
3504 672 3669 728 Aliud

2086 785 2216 825 vero
2274 780 2537 840 praeterea
2572 768 2626 821 in
2657 776 2911 836 utraque,
2962 765 3072 819 Eva
3125 766 3338 821 scilicet
3379 780 3443 820 ac
3474 762 3668 830 Maria,

2085 862 2433 917 considerari
2468 868 2749 938 potestnet
2771 858 2990 928 quidem
3018 858 3381 913 admiratione
3409 857 3667 927 dignum:

2087 956 2361 1025 siquidem
2398 954 2509 1008 Eva
2553 954 2737 1024 generi
2786 952 3067 1006 hominum
3107 966 3332 1005 causam
3370 950 3564 1005 mortis
3588 955 3673 1002 at-

2089 1049 2236 1109 tulit,
2286 1060 2575 1115 perquam
2616 1057 2768 1097 mors
2808 1049 2894 1096 est
2943 1040 2999 1093 in
3050 1041 3238 1094 orbem
3284 1048 3558 1095 terrarum
3586 1040 3672 1094 in-

2085 1148 2240 1192 vecta
2268 1153 2281 1203 ;
2316 1136 2486 1190 Maria
2533 1135 2659 1190 vitae
2687 1148 2912 1188 causam
2949 1132 3203 1204 praebuit,
3242 1147 3337 1201 per
3365 1146 3530 1201 quam
3560 1130 3672 1186 vita

2088 1238 2174 1284 est
2225 1228 2389 1283 nobis
2420 1228 2540 1297 ipsa
2577 1224 2866 1297 producta.
2899 1223 2982 1280 Ob
3011 1224 3064 1279 id
3105 1222 3276 1278 Filius
3315 1222 3412 1278 Dei
3442 1224 3495 1276 in
3525 1223 3674 1277 hunc

2087 1321 2358 1376 mundum
2400 1320 2623 1375 advenit
2652 1337 2664 1372 :
2696 1326 2771 1382 et,
2811 1316 2910 1373 Ubi
2941 1318 3231 1371 abundavit
3272 1315 3544 1381 delictum,
3579 1332 3676 1369 su-

2084 1414 2462 1486 perabundavit
2514 1414 2691 1483 gratia
2731 1414 2769 1465 ⁸.
2831 1410 2983 1467 Unde
3037 1426 3188 1465 mors
3251 1409 3489 1472 accidit,
3555 1408 3669 1462 vita

2090 1508 2223 1562 illuc
2255 1507 2507 1570 accessit,
2549 1513 2608 1557 ut
2641 1505 2695 1557 in
2736 1504 2931 1558 mortis
2973 1505 3153 1557 locum
3184 1504 3293 1555 vita
3334 1499 3673 1565 succederet,

2091 1608 2146 1656 et
2197 1598 2403 1651 illatam
2438 1614 2469 1650 a
2507 1597 2735 1651 muliere
2776 1606 3007 1650 mortem
3052 1594 3144 1649 ille
3186 1593 3327 1662 ipse,
3372 1592 3466 1662 qui
3494 1606 3525 1645 e
3552 1606 3677 1645 mu-

2093 1692 2246 1754 liere,
2287 1691 2396 1745 vita
2429 1697 2490 1742 ut
2524 1695 2673 1743 esset
2701 1693 2917 1749 nostra,
2950 1694 3115 1739 natus
3138 1693 3278 1751 erat,
3331 1681 3673 1738 excluderet.

2092 1784 2364 1852 Quoniam
2398 1796 2527 1837 vero
2558 1796 2685 1835 cum
2723 1779 2904 1833 adhuc
2936 1779 3089 1847 virgo
3119 1778 3174 1832 in
3204 1776 3382 1832 hortis
3422 1774 3533 1829 Eva
3575 1774 3677 1830 de-

402 1878 715 1949 άναμέσον
746 1877 955 1945 αὐτῆς,
1000 1876 1099 1930 καὶ
1142 1876 1451 1945 ἀναμέσον
1500 1877 1606 1930 τοῦ
1648 1875 1994 1947 σπέρματος

2106 1887 2248 1950 geret
2280 1918 2295 1941 ,
2342 1891 2438 1947 per
2469 1872 2872 1929 contumaciam
2923 1872 3066 1941 apud
3128 1869 3298 1925 Deum
3324 1867 3631 1924 offenderat
3659 1904 3677 1930 ,

403 1971 542 2037 σοῦ,
578 1971 679 2026 καὶ
709 1969 1022 2041 ἁναμέσον
1053 1969 1160 2024 τοῦ
1201 1969 1544 2037 σπέρματος
1580 1969 1791 2037 αὐτῆς.
1821 1970 1992 2024 Οὐδα-

407 2064 512 2135 μοῦ
543 2064 601 2117 δὲ
632 2063 854 2136 σπέρμα
888 2062 1202 2134 εὑρίσκεται
1234 2062 1519 2129 γυναικόςο
1553 2060 1667 2114 ἀλλ’
1696 2060 1729 2132 ἢ
1763 2062 1906 2114 κατὰ
1931 2062 1993 2116 τὸ

404 2159 655 2227 αἴνιγμα,
690 2156 785 2210 ἐπὶ
812 2157 913 2227 τῆς
952 2153 1096 2219 Εῦας
1126 2153 1463 2226 λαμϐάνεται
1492 2154 1525 2224 ἡ
1559 2152 1729 2223 ἔχθρα
1757 2153 1896 2224 πρὸς
1923 2153 1992 2207 τὰ

406 2249 501 2301 ὑπ’
525 2248 699 2319 αὐτῆς
722 2245 1061 2319 γεννώμενα,
1091 2246 1187 2300 τοῦ
1210 2263 1270 2299 τε
1309 2244 1489 2315 ὄφεως
1535 2244 1630 2298 καὶ
1675 2243 1768 2297 τοῦ
1809 2245 1868 2297 ὲν
1910 2243 1990 2316 τῷ

405 2337 531 2409 ὄφει
560 2337 854 2409 γενομένου
883 2336 1131 2391 διαϐόλου
1151 2336 1247 2389 καὶ
1273 2334 1490 2405 φθόνου.

2096 1971 2222 2025 ideo
2251 1968 2440 2039 gratia:
2464 1965 2683 2037 propria
2723 1965 2792 2019 ab
2819 1962 3042 2033 Virgine
3073 1960 3315 2016 manavit
3344 1958 3678 2025 obedientia,

2106 2071 2399 2132 postquam
2448 2055 2772 2113 circumfusi
2804 2070 3038 2125 corpore
3075 2051 3236 2108 Verbi
3294 2052 3678 2121 sempiterna;-

2098 2167 2207 2223 que
2238 2152 2365 2207 vita:
2385 2150 2453 2204 de
2478 2151 2621 2203 caelo
2642 2156 2729 2204 est
2757 2147 3045 2202 nuntiatus
3075 2143 3366 2199 adventus.
3401 2142 3534 2196 Nam
3564 2141 3679 2196 illic

2098 2246 2174 2301 ita
2193 2252 2501 2315 serpentem
2537 2242 2682 2298 Deus
2720 2240 2928 2311 1051
2958 2237 3296 2308 alloquitur:
3331 2235 3686 2290 Inimicitiam

2097 2350 2291 2404 ponam
2325 2335 2465 2388 inter
2483 2334 2557 2397 'te,
2588 2343 2636 2386 et
2665 2333 2802 2385 inter
2837 2330 3030 2390 illam;
3058 2327 3199 2380 inter
3227 2340 3402 2380 semen
3435 2334 3606 2388 tuum,
3634 2330 3688 2377 et

408 2436 584 2485 semen
640 2430 850 2485 illius”.
880 2430 1044 2499 Atqui
1102 2444 1376 2499 nusquam
1428 2427 1701 2498 ejusmodi
1754 2443 1943 2484 semen
2003 2427 2257 2482 mulieris
2311 2426 2545 2482 inveniri
2594 2431 2794 2494 potest.
2838 2419 2993 2476 Unde
3026 2433 3135 2473 non
3201 2417 3361 2471 aliter
3393 2430 3557 2486 quam
3591 2430 3690 2485 per

408 2521 882 2577 adumbrationem
914 2536 979 2575 ac
1007 2522 1416 2578 similitudinem
1447 2523 1514 2576 ad
1543 2521 1707 2576 Evam
1749 2522 1978 2577 hostiles
2015 2523 2123 2577 illa:
2172 2521 2476 2577 inimicitia:
2522 2518 2889 2601 referunturt
2923 2527 3062 2585 quas
3092 2526 3218 2566 cum
3268 2509 3438 2580 hujus
3506 2507 3680 2578 stirpe

410 2627 642 2682 serpens
675 2613 785 2678 ille,
812 2623 867 2667 et
895 2613 989 2684 qui
1033 2614 1090 2668 in
1134 2624 1386 2684 serpente
1431 2613 1608 2669 inerat
1654 2614 1861 2669 invidia
1892 2613 2132 2685 flagrans
2165 2613 2440 2677 diabolus,
2476 2619 2716 2667 exercet.

483 2727 585 2781 ιθι.
642 2724 785 2778 Ἀλλ’
816 2719 909 2779 οὖν
941 2742 1005 2794 γε
1037 2727 1183 2780 κατὰ
1208 2726 1270 2779 τὸ
1316 2726 1651 2781 τελειότατον
1686 2728 1747 2780 οὐ
1780 2726 2003 2782 δύναται

412 2817 471 2871 ὲν
504 2817 643 2887 αὐτῇ
675 2816 738 2869 τὸ
779 2816 888 2875 πᾶν
927 2814 1317 2887 πληρωθῆναιο
1364 2815 1788 2888 πληρωθήσεται
1828 2815 1886 2869 δὲ
1928 2815 2004 2879 ὡς

412 2908 629 2978 ἀληθῶς
661 2911 718 2962 ὲν
747 2908 824 2979 τῷ
853 2909 1137 2980 σπέρματι
1174 2909 1252 2980 τῷ
1284 2909 1447 2979 ἁγίῳ,
1490 2908 1569 2979 τῷ
1613 2908 1897 2980 ἐξαιρέτῳ,
1925 2908 2005 2977 τῷ

418 3001 733 3072 μονωτάτῳ,
761 2999 841 3071 τῷ
875 3001 983 3053 ἀπὸ
1016 3000 1235 3071 Μαρίας
1267 3000 1427 3071 μόνον
1462 3001 1761 3071 εὑρεθέντι,
1787 3000 1883 3053 καὶ
1904 3000 2005 3053 οὐκ

416 3094 525 3146 ἀπὸ
557 3092 816 3161 συζυγίας
854 3091 1064 3162 ἀνδρός.
1108 3086 1275 3155 Οὗτος
1302 3092 1410 3163 γὰρ
1448 3089 1612 3162 ἦλθεν
1656 3091 1865 3144 ἀνελεῖν
1904 3091 2005 3162 τήν

414 3203 473 3241 τε
500 3186 728 3256 δύναμιν
760 3184 855 3238 τοῦ
887 3185 1180 3256 δράκοντος
1209 3186 1303 3239 καὶ
1331 3185 1542 3239 σκολιοῦ
1575 3186 1751 3256 ὄφεως
1779 3184 2007 3254 φεύγον-

415 3296 530 3342 τος,
565 3279 661 3332 καὶ
693 3278 792 3348 τὴν
839 3280 1021 3331 πᾶσαν
1047 3278 1376 3349 οἰκουμένην
1408 3277 1795 3348 κατειληφέναι
1817 3277 2002 3346 λέγον-

415 3389 528 3436 τος.
564 3372 663 3425 Διὰ
690 3370 848 3423 τοῦτο
874 3370 1208 3441 παρεγένετο
1238 3373 1301 3423 ἐκ
1333 3370 1592 3439 γυναικὸς
1623 3373 1650 3423 ὁ
1674 3369 2003 3439 Μονογενὴς,

418 3467 499 3527 εἰς
529 3464 810 3535 ἀναίρεσιν
842 3463 940 3533 μὲν
973 3461 1067 3515 τοῦ
1101 3462 1298 3533 ὄφεως,
1329 3462 1574 3516 τουτέστι
1601 3463 1701 3530 τῆς
1730 3463 2009 3516 κακοδιδα-

420 3556 670 3620 σκαλίας,
705 3556 801 3610 καὶ
851 3555 1058 3625 φθορᾶς
1079 3594 1094 3616 ,
1137 3557 1233 3608 καὶ
1264 3555 1480 3625 ἀπάτης
1504 3596 1518 3619 ,
1572 3555 1782 3626 πλάνης
1811 3572 1868 3608 τε
1914 3555 2007 3607 καὶ

419 3649 669 3720 ἀνομίας.
694 3643 862 3712 Οὗτός
884 3650 1031 3700 ἐστιν
1054 3646 1271 3717 ἀληθῶς
1292 3647 1522 3715 ἀνοίγων
1547 3648 1759 3719 μήτραν
1779 3648 2004 3719 μητρός.

418 3741 633 3804 Πάντες
666 3740 776 3811 γὰρ
806 3741 918 3793 ὅσοι
956 3739 1321 3812 ἐγεννήθησαν
1354 3741 1687 3811 πρωτότοκοι
1708 3782 1721 3804 ,
1775 3742 1860 3794 ἵνα
1914 3741 2006 3793 καὶ

421 3832 746 3903 σεμνότερον
770 3829 1037 3900 εἴπωμεν,
1066 3832 1165 3883 οὐκ
1190 3830 1534 3903 ἠδυνήθησαν
1556 3831 1713 3884 τοῦτο
1741 3832 2005 3903 πληροῦν,

419 3920 536 3975 ἀλλ’
566 3921 601 3991 ἦ
640 3921 799 3991 μόνος
818 3922 847 3973 ὁ
866 3921 1176 3992 Μονογενὴς
1206 3924 1417 3993 μήτραν
1453 3921 1719 3995 παρθένον
1754 3922 1971 3989 ἀνοίξας
1989 3938 2005 3955 ο

422 4015 481 4066 ὲν
504 4012 681 4084 τούτῳ
718 4012 828 4084 γὰρ
865 4012 1010 4084 μόνῳ
1032 4014 1396 4080 τετελείωται,
1429 4016 1523 4068 καὶ
1553 4016 1609 4069 ὲν
1637 4014 1781 4085 ἄλλῳ
1808 4015 2002 4069 οὐδενί.

433 4107 596 4161 Ἀλλὰ
640 4107 736 4160 καὶ
777 4108 871 4160 ἀπ’
919 4107 1091 4177 αὐτῆς
1156 4110 1254 4178 τῆς
1303 4108 1613 4170 ὑποθέσεως
1657 4106 1805 4160 ἔστιν
1858 4106 2004 4163 ἰδεῖν.

434 4200 570 4253 Ἀπὸ
597 4201 818 4271 Μαρίας
848 4199 956 4269 γὰρ
993 4197 1332 4268 λαμϐάνεται
1364 4201 1395 4269 ἠ
1428 4198 1592 4262 λέξις,
1630 4198 1724 4251 καὶ
1756 4200 1883 4270 περὶ,
1907 4200 2009 4268 τῆς

432 4286 761 4360 Ἐκκλησίας
795 4288 948 4341 ἔσται
982 4307 1072 4359 μοι
1102 4288 1257 4342 τοῦτο
1286 4288 1464 4357 λέγειν
1483 4303 1497 4316 '
1523 4291 1767 4341 Ἕνεκεν
1793 4290 2009 4342 τούτου

425 4382 778 4448 καταλείψει
827 4380 1137 4448 ἄνθρωπος
1200 4383 1308 4434 τὸν
1362 4381 1587 4448 πατέρα
1640 4380 1830 4434 αὐτοῦ
1909 4381 2010 4435 καὶ

2176 2726 2321 2781 XIX.
2362 2725 2531 2780 Plene
2559 2723 2783 2794 quidem
2818 2734 2883 2775 ac
2919 2719 3159 2790 perfecte
3190 2716 3598 2773 accommodari
3623 2728 3692 2771 au

2107 2819 2257 2874 illam
2290 2818 2544 2873 universa
2577 2822 2855 2884 nequeunt
2883 2830 2898 2879 ;
2934 2811 3032 2867 sed
3075 2813 3131 2865 in
3173 2809 3547 2871 sanctissima,
3575 2808 3695 2864 exi-

2108 2912 2217 2965 mia
2245 2926 2309 2964 ac
2341 2909 2607 2979 singulari
2632 2907 2823 2976 stirpe,
2848 2919 2970 2975 quae
2997 2904 3067 2958 ab
3094 2903 3211 2958 sola
3244 2900 3467 2973 Virgine
3497 2899 3691 2967 Maria,

2110 3005 2230 3060 sine
2279 3004 2391 3057 ulla
2422 3004 2519 3057 viri
2557 3002 2980 3067 consuetudine,
3013 3011 3309 3074 propagata
3351 3009 3456 3065 est,
3516 3000 3695 3072 reipsa

2113 3113 2177 3151 ac
2211 3097 2430 3167 penitus
2481 3097 2757 3165 impletur.
2810 3094 2911 3149 Hic
2954 3096 3099 3150 enim
3151 3095 3300 3149 illius
3330 3093 3470 3147 filius
3499 3092 3565 3145 ad
3594 3106 3697 3147 ex-

2116 3189 2501 3258 stinguendam
2568 3188 2841 3256 serpentis
2881 3202 2945 3242 ac
2978 3187 3213 3241 tortuosi
3272 3185 3483 3240 colubri
3539 3182 3695 3254 fuga-

2115 3283 2310 3349 cisque
2358 3283 2467 3334 vim
2497 3296 2561 3336 ac
2586 3282 2911 3352 potentiam,
2943 3280 3037 3351 qui
3070 3296 3129 3335 se
3162 3289 3334 3334 totum
3368 3276 3555 3332 orbem
3585 3284 3699 3331 ter-

2114 3389 2298 3427 rarum
2334 3373 2616 3427 dominatu
2652 3389 2754 3429 suo
2788 3373 3276 3444 comprehendisse
3310 3371 3580 3441 jactabat,
3626 3369 3699 3425 ad

2117 3466 2231 3520 haec
2259 3465 2443 3521 infima
2477 3468 2781 3521 descendit.
2830 3466 3123 3536 Propterea
3175 3465 3370 3519 unicus
3401 3479 3433 3518 e
3469 3461 3701 3517 muliere

2116 3555 2212 3613 Dei
2248 3555 2420 3612 Filius
2452 3560 2763 3627 processit,
2799 3566 2857 3611 ut
2893 3565 3229 3627 serpentem,
3268 3556 3371 3609 hoc
3408 3561 3492 3610 est
3521 3553 3702 3624 impiae

2115 3650 2380 3705 doctrinae
2417 3651 2810 3721 corruptelam,
2843 3665 2907 3704 ac
2938 3649 3213 3715 fraudem,
3256 3657 3310 3703 et
3341 3663 3604 3711 errorem,
3635 3659 3702 3701 ac

2115 3745 2444 3816 pravitatem
2500 3752 2789 3799 everteret.
2838 3742 2937 3797 llic
2967 3750 3053 3799 est
3101 3743 3193 3813 qui
3249 3756 3439 3797 revera
3486 3747 3700 3795 uterum

2117 3837 2307 3892 Matris
2374 3836 2591 3907 aperuit
2631 3836 2673 3889 ⁸.
2740 3834 2874 3889 Nam
2938 3844 3296 3905 quotcunque
3359 3829 3703 3903 primogenitl

2117 3930 2269 3984 illum
2315 3936 2749 3990 antecesserant,
2795 3935 2856 3982 ut
2902 3927 3289 3983 honestissime
3318 3927 3517 3990 dicam,
3553 3922 3705 3983 istud

2118 4021 2297 4091 ipsqu
2349 4019 2563 4075 efficere
2600 4021 2988 4090 nequiverunt,
3047 4019 3141 4074 sed
3191 4019 3343 4073 solus
3374 4018 3476 4072 hoc
3505 4017 3708 4071 unicus

2116 4110 2212 4167 Dei
2253 4110 2425 4165 Filius
2456 4111 2713 4177 obtinuit,
2747 4112 2800 4165 in
2835 4125 2969 4181 quo,
3014 4108 3232 4164 caeteris
3259 4108 3499 4164 exclusis
3525 4107 3705 4162 omni-

2120 4205 2242 4267 bus,
2270 4203 2401 4257 illud
2427 4210 2512 4258 est
2541 4201 2865 4272 perfectum.
2899 4199 3006 4256 Sed
3043 4210 3102 4254 ut
3130 4200 3235 4253 alia
3267 4198 3705 4270 pnetermittam,

2118 4297 2202 4351 vel
2226 4312 2293 4351 ex
2326 4311 2392 4350 eo
2423 4297 2564 4365 ipso,
2595 4295 2741 4364 quod
2778 4292 2941 4347 modo
2971 4300 3300 4353 tractamus.
3349 4298 3529 4361 potest
3569 4289 3705 4347 illud

2120 4386 2368 4456 intelligi;
2413 4384 2626 4454 Quippe
2676 4400 2741 4437 ex
2793 4382 2965 4437 Maria
3025 4389 3241 4452 sumpta
3278 4383 3369 4436 illa
3406 4381 3709 4450 Scriptum

424 4474 541 4543 τὴν
585 4473 812 4543 μητέρα
862 4474 1090 4535 αὐτοῦ,
1142 4474 1239 4526 καὶ
1287 4473 1894 4541 προσκολληθήσεται
1934 4474 2000 4543 τῇ

2120 4478 2390 4535 sententia
2445 4483 2550 4539 est,
2602 4492 2766 4545 quam
2816 4476 2883 4529 ad
2933 4474 3237 4530 Ecclesiam
3286 4472 3712 4530 accommodare

426 4564 663 4634 γυναικὶ
714 4564 935 4617 αὑτοῦ⁸
998 4564 1096 4617 καὶ
1143 4563 1389 4617 ἔσονται
1439 4566 1493 4617 οὶ
1534 4564 1643 4617 δύο
1686 4568 1773 4630 εὶς
1816 4564 2015 4635 σάρκα

423 4640 591 4731 μίαν.
639 4658 696 4709 '0
725 4656 780 4709 δὲ
812 4656 963 4724 ἆγιος
1002 4657 1323 4720 ’Λπόστολός
1356 4675 1489 4727 φησι
1518 4674 1529 4685 ·
1566 4657 1634 4712 Τὸ
1675 4659 2016 4728 μυστήριον

427 4747 602 4802 τοῦτο
632 4748 780 4816 μέγα
808 4746 983 4799 ἐστίν
1004 4763 1017 4776 ·
1050 4746 1165 4815 ἐγὼ
1205 4746 1273 4798 δὲ
1312 4746 1467 4814 λέγω
1509 4748 1597 4811 εἰς
1627 4746 1886 4814 Χριστὸν
1917 4746 2015 4799 καὶ

426 4841 543 4909 τὴν
591 4842 983 4909 Ἐκκλησίαν.
1044 4842 1154 4893 Καὶ
1193 4841 1295 4911 ὅρα
1348 4858 1438 4911 μοι
1483 4840 1582 4912 τὴν
1629 4838 1739 4892 τῶν
1782 4838 2016 4911 Γραφῶν

428 4933 747 5005 ὰκρίὸειανυ
785 4934 867 4987 ὅτι
917 4934 1010 4987 ἐπὶ
1065 4933 1163 5003 μὲν
1215 4932 1293 5002 τῷ
1345 4933 1515 5003 Ἀδὰμ
1543 4931 1778 4985 ἔπλασεν
1817 4931 2015 5000 λέγων,

428 5031 521 5082 ἐπὶ
550 5029 607 5082 δὲ
648 5031 714 5101 τῇ
744 5027 861 5101 Elia
902 5029 1084 5082 οὐκέτι
1133 5028 1441 5082 πεπλάσθαι
1491 5027 1688 5096 λέγων,
1723 5026 1838 5080 ἀλλ’
1868 5029 2015 5079 οἱκο-

427 5121 730 5191 δομεῖσθαι.
785 5123 1000 5175 Ἕλαϐε
1038 5125 1169 5191 γὰρ,
1214 5123 1366 5192 φησὶ,
1408 5122 1555 5189 μίαν
1593 5119 1711 5173 τῶν
1738 5116 2018 5187 πλευρῶν

429 5215 646 5274 αὐτοῦ,
705 5214 804 5268 καὶ
858 5214 1248 5283 ᾠκοδόμησεν
1282 5213 1443 5278 αὐτῴ
1470 5216 1556 5277 εὶς
1590 5211 1875 5281 γυναῖκα·
1930 5211 2016 5264 ἵνα

430 5306 578 5377 δείξῃ
600 5306 692 5361 τὸν
724 5305 823 5377 μὲν
858 5305 1061 5375 Κύριον
1090 5305 1198 5357 ἀπὸ
1224 5292 1442 5372 Μαρίας
1471 5303 1857 5357 ἁναπλάσαντα
1890 5303 2017 5355 ἐαυ-

431 5396 512 5467 τῷ
540 5398 719 5468 σῶμα,
760 5399 853 5451 ἀπ’
886 5398 1055 5467 αὐτῆς
1098 5397 1155 5449 δὲ
1183 5398 1280 5468 τῆς
1328 5398 1566 5467 πλευρᾶς
1597 5394 2016 5467 οἰκοδομηθῆναι

444 5488 794 5561 Ἐκκλησίαν,
823 5492 880 5544 ὲν
903 5489 981 5561 τῷ
1009 5491 1269 5562 νυχθῆναι
1301 5489 1467 5544 αὐτοῦ
1498 5489 1594 5561 τὴν
1626 5489 1887 5560 πλευρὰν,
1924 5490 2018 5542 καὶ

507 5693 524 5725 ί
562 5691 718 5749 Horn.
758 5709 811 5761 v,
858 5692 949 5747 20.

432 5763 525 5829 ‘l'l,
559 5763 653 5817 ἰδὲ.

1060 5695 1080 5725 ²
1110 5691 1246 5747 Gen.
1286 5708 1365 5758 ιιι,
1423 5692 1504 5745 15.

1621 5694 1641 5725 ³
1672 5692 1842 5748 Exod.
1892 5708 2029 5762 xm,
2074 5694 2128 5751 2.

2112 4585 2407 4643 possumus
2454 4586 2465 4621 :
2513 4567 2740 4636 Propter
2796 4567 2894 4621 hoc
2962 4568 3214 4637 relinquet
3278 4567 3431 4620 homo
3498 4575 3708 4635 patrem

2111 4680 2266 4717 suum
2292 4669 2344 4715 et
2375 4671 2601 4715 matrem
2632 4677 2809 4723 suam,
2862 4670 2911 4714 et
2961 4659 3252 4714 adhwrebit
3280 4659 3439 4713 uxori
3467 4673 3617 4721 suae;
3654 4666 3707 4713 et

2111 4761 2265 4807 erant
2304 4751 2409 4804 duo
2438 4751 2491 4804 in
2529 4766 2741 4804 carnem
2784 4766 2945 4803 uuam
2970 4750 3012 4802 ‘.
3052 4750 3349 4820 Apostolus
3397 4765 3525 4804 vero
3562 4768 3575 4804 :
3606 4748 3711 4805 Sa-

2112 4855 2442 4900 cramentum
2499 4843 2616 4910 hoc,
2657 4842 2855 4911 inquit,
2906 4858 3155 4912 magnum
3203 4850 3302 4896 est.
3373 4840 3485 4911 Ego
3529 4850 3709 4895 autem

2124 4937 2242 4991 dico
2270 4938 2325 4990 in
2352 4935 2630 4990 Christum
2656 4943 2706 4989 et
2735 4933 3032 4989 Ecclesium
3062 4935 3108 4990 ⁸.
3161 4935 3218 4989 1η
3252 4951 3363 5005 quo
3391 4942 3709 4989 accuratam

2124 5046 2405 5087 sacrarum
2445 5028 2780 5083 Litterarum
2815 5029 3157 5097 diligentiam
3193 5029 3490 5084 observare
3534 5028 3707 5083 licet:

2122 5138 2244 5193 quae
2288 5137 2412 5176 cum
2448 5120 2517 5176 de
2556 5121 2767 5175 Adamn
2803 5121 3128 5190 loquuntur,
3168 5119 3439 5175 formandi
3471 5119 3710 5175 vocabu-

2123 5216 2234 5268 lum
2284 5213 2545 5268 adhibent
2571 5256 2585 5276 ,
2635 5212 2802 5269 Evam
2844 5229 2974 5268 vero
3018 5228 3362 5283 nequaquam
3397 5212 3709 5277 formatam,

2126 5307 2219 5362 sed
2262 5306 2582 5361 aediﬁcatam
2615 5322 2739 5360 esse
2767 5306 2956 5360 dicunt
2988 5326 3000 5359 :
3035 5304 3277 5374 Sumpsit
3316 5305 3477 5368 enim,
3512 5303 3710 5374 inquit;

2126 5415 2288 5452 unum
2342 5416 2368 5452 e
2395 5401 2555 5453 costis
2586 5400 2754 5460 illius,
2781 5407 2830 5452 et
2854 5398 3135 5466 cedi/icuvit
3162 5397 3263 5466 ipsi
3290 5398 3342 5449 in
3372 5395 3643 5449 mulierem
3665 5397 3707 5447 ⁸.

2127 5494 2247 5557 Quo
2284 5491 2414 5546 illud
2452 5491 2906 5562 intelligercmus,
2933 5488 3224 5543 Dominum
3256 5488 3472 5559 sibiipsi
3507 5499 3711 5557 corpus

2242 5694 2261 5724 ‘
2300 5691 2436 5749 Gen.
2472 5711 2545 5762 ιι,
2594 5693 2685 5749 24.
2800 5695 2819 5726 ⁸
2854 5691 3053 5765 Εριιρε.
3103 5709 3156 5760 ν,
3193 5692 3281 5752 55L
3395 5687 3417 5721 ⁸
3451 5687 3593 5751 Gen.
3626 5700 3715 5758 11,
