4134 6392
472 383 572 445 πι

1863 370 1922 427 S.
1977 366 2322 426 EPIPIIANII

3623 350 3733 411 73!

469 516 504 555 e
557 498 729 555 Maria
776 497 1044 563 ﬁnxisse;
1101 493 1405 549 Ecclesiam
1443 505 1573 545 vero
1618 504 1683 544 ex
1726 489 1849 559 ipso
1879 488 2050 542 latere

2163 486 2219 540 τὰ
2252 485 2526 558 μυστήρια
2568 480 2660 534 τοῦ
2697 480 2931 553 αἵματος
2970 476 3064 532 καὶ
3102 475 3292 538 ὕδατος
3321 473 3380 527 ὲν
3407 472 3537 543 ἡμῖν
3560 470 3733 541 λύτρα

469 594 622 648 velut
659 592 979 647 aediﬁcatam
1006 589 1199 651 fuisse,
1232 602 1358 641 cum
1389 584 1510 654 ejus
1544 584 1686 637 latus
1715 588 1799 637 est
1825 579 2050 650 cuspide

471 686 798 747 sauciatunt,
832 683 903 737 ab
931 674 1235 749 eodemque
1277 678 1565 749 sanguinis
1604 685 1660 731 et
1684 689 1841 745 aqua:
1877 674 1946 726 ad
1972 672 2053 727 lo-

468 776 672 830 tionem
705 782 949 830 nostram
986 773 1314 843 proﬂuxisse
1346 770 1606 842 mysteria
1632 770 1673 821 ¹.

546 866 664 922 XX.
706 864 824 920 Jatu
852 881 982 920 vero
1008 864 1154 935 quod
1183 863 1404 916 Mariam
1430 861 1703 931 Josepltus
1729 857 2056 930 cognovisse

471 957 696 1020 dicitur,
729 973 836 1011 non
862 957 931 1012 ad
965 968 1123 1011 usum
1154 956 1391 1025 aliquem
1433 953 1707 1024 corporis,
1731 960 1897 1022 atque
1935 949 2052 1005 usi-

465 1054 595 1100 tatze
624 1045 1039 1100 consuetudinis
1077 1042 1360 1099 referenda
1390 1044 1493 1097 ista
1533 1043 1775 1113 cognitio
1805 1049 1911 1096 est.
1945 1037 2054 1095 Sed

469 1138 593 1192 ideo
636 1136 911 1208 cognovit,
948 1135 1096 1206 quod
1127 1135 1217 1189 cui
1254 1135 1519 1187 divinitus
1566 1134 1828 1186 honorent
1865 1131 2055 1185 haberi

467 1228 700 1289 viderat,
737 1227 983 1282 eamdem
1024 1227 1234 1280 honore
1277 1235 1603 1296 prosecutus
1642 1224 1821 1277 fuerit.
1868 1222 2055 1292 Neque

468 1321 613 1374 enim
647 1328 796 1377 tanto
848 1320 992 1374 illaut
1030 1320 1318 1388 splendore
1342 1335 1406 1372 ac
1438 1319 1610 1388 gloria
1643 1316 1922 1385 praeditam
1960 1332 2057 1384 pu-

468 1422 699 1476 tavet-at,
769 1413 980 1483 1052
1040 1413 1215 1466 donec
1265 1427 1296 1466 ο
1360 1413 1589 1466 muliere
1637 1419 1825 1465 natum
1875 1408 2059 1462 Domi-

467 1519 601 1558 num
668 1504 1078 1558 animadvertit.
1137 1503 1296 1569 Quod
1349 1513 1528 1557 autem
1589 1502 1857 1571 scriptum
1921 1498 2052 1565 est,

469 1599 765 1667 Antequam
800 1598 1150 1658 convenirent,
1182 1596 1387 1649 inventa
1413 1604 1490 1648 est
1523 1596 1579 1648 in
1617 1603 1763 1648 utero
1786 1592 1983 1647 habens
2008 1595 2054 1655 ³,

470 1688 544 1743 ob
580 1703 701 1743 eam
740 1703 964 1743 causam
1014 1689 1233 1742 additur
1267 1726 1281 1751 ,
1324 1702 1393 1742 ne
1445 1687 1661 1741 illorum
1698 1686 2058 1739 invalesceret

473 1781 664 1852 opinio
708 1782 803 1851 qui
860 1781 1259 1836 incarnationis
1316 1780 1641 1850 mysterium
1702 1778 2049 1831 arbitrantur

2151 576 2426 647 γενέσθαι.

2224 842 2309 898 κ’.
2340 841 2480 895 Ἀλλ’
2505 840 2654 912 ὅμως
2683 838 2824 907 ἔγνω
2849 835 2948 907 τὴν
2966 833 3188 906 Μαρίαν
3213 834 3241 885 ὁ
3263 830 3485 900 Ἰωσὴφ,
3507 829 3568 882 ού
3592 826 3732 882 κατὰ

2153 934 2354 1005 γνῶσίν
2390 950 2512 985 τινα
2560 932 2842 1002 χρήσεως,
2897 928 2959 980 οὐ
3010 926 3150 979 κατὰ
3185 922 3383 992 γνῶσιν
3427 918 3729 982 κοινωνίας.

2168 1026 2305 1078 Ἀλλ’
2341 1023 2481 1091 ἔγνω
2511 1021 2701 1091 αὐτὴν.
2733 1018 2908 1091 τιμῶν
2941 1015 3038 1086 τὴν
3082 1016 3146 1066 ἑκ
3177 1010 3313 1065 Θεοῦ
3344 1007 3731 1078 τετιμημένην.

2156 1117 2230 1169 Οὐ
2254 1114 2362 1186 γὰρ
2390 1113 2505 1184 ᾔδει
2530 1112 2700 1182 αὐτὴν
2723 1108 2976 1178 τοιαύτης
3002 1106 3159 1176 δόξης
3184 1099 3368 1165 οὖσαν,
3392 1102 3497 1163 ἕως
3520 1100 3609 1152 ὅτε
3628 1092 3736 1150 εἶδε

2156 1208 2361 1277 Κύριον
2403 1208 2466 1258 ἐκ
2493 1202 2749 1272 γυναικὸς
2794 1198 3211 1269 γεγεννημένον.
3264 1193 3373 1246 Καὶ
3406 1191 3486 1252 τὸ,
3516 1188 3665 1256 Πρὶν
3694 1186 3735 1255 ἢ

2156 1296 2480 1351 συνελθεῖν
2510 1294 2753 1357 αὐτοὺς,
2787 1292 2998 1357 εὑρέθη
3025 1289 3095 1340 ὲν
3122 1283 3334 1356 γαστρὶ
3365 1282 3619 1349 ἔχουσα,
3648 1278 3735 1330 ἵνα

2160 1396 2233 1461 μή
2265 1406 2391 1441 ποτε
2426 1388 2674 1458 κρατήσῃ
2706 1386 2734 1436 ό
2758 1383 2912 1450 λόγος
2938 1379 3046 1432 τῶν
3075 1374 3423 1448 νομιζόντων,
3450 1375 3514 1425 ὲκ
3547 1388 3739 1423 κοινω-

2158 1480 2268 1543 νίας
2303 1478 2490 1547 ἀνδρὸς
2521 1474 2658 1529 εἶναι
2688 1474 2750 1526 τὸ
2768 1472 2860 1525 τοῦ
2878 1470 3011 1524 Θεοῦ
3037 1465 3387 1537 οἰκονομηθὲν
3420 1462 3737 1534 μυστήριον.

2162 1571 2355 1639 Ἔλεγε
2404 1571 2544 1640 γὰρ,
2599 1565 2800 1638 Πρὶνῆ
2865 1562 3023 1617 τοῦτο
3075 1558 3349 1629 γενέσθαι,
3405 1557 3540 1626 ὅπερ
3571 1570 3739 1625 προσο

2158 1666 2380 1717 εδοκᾶτο
2403 1679 2416 1691 ·
2461 1663 2520 1715 οὐ
2553 1661 2743 1728 γέγονε
2774 1659 2828 1710 δὲ
2855 1655 3014 1709 τοῦτο
3040 1654 3101 1706 τὸ
3131 1654 3383 1724 πρᾶγμα.
3413 1649 3475 1701 Εἰ
3502 1648 3611 1719 γὰρ
3643 1645 3739 1698 καὶ

2160 1756 2525 1828 προσεδοκᾶτο
2575 1757 2608 1823 ἡ
2640 1750 2914 1820 Παρθένος
2961 1746 3047 1817 τῷ,
3080 1745 3277 1814 Ἰωσὴφ
3326 1745 3406 1804 εἰς
3445 1742 3740 1808 συνάφειαν

470 1873 615 1929 virili
646 1888 814 1943 opera
845 1873 1267 1941 interventuque
1290 1872 1612 1941 perfectum.
1654 1867 1768 1924 Hoc
1797 1870 1942 1923 enim
1974 1868 2051 1922 di-

2163 1851 2258 1918 [ὡς
2283 1849 2403 1903 οὐδὲ
2428 1845 2711 1914 ἐπεδέχετο
2733 1843 2821 1895 διὰ
2840 1843 2900 1894 τὸ
2928 1839 3231 1911 γηραλέον)
3266 1877 3280 1898 ,
3313 1837 3463 1905 ὅμως
3494 1832 3740 1904 προλαμ-

2211 1941 2216 1943 ’
2419 1940 2456 1943 —
2580 1938 2589 1943 ’
2738 1937 2748 1943 ·
2808 1937 2820 1943 ·
2882 1937 2903 1943 ·“
2985 1934 2996 1943 ¹
3123 1930 3163 1943 Ἀ
3429 1930 3442 1943 ι
3538 1926 3548 1943 t
3627 1925 3651 1943 θ
3688 1926 3709 1943 ι

470 1968 547 2023 rit
570 1966 903 2036 :Antequatn
921 1966 1253 2028 lleretistud,
1272 1965 1416 2035 quod
1437 1963 1682 2018 futurum
1704 1961 2055 2031 exspectaba-

472 2070 584 2124 tur,
629 2060 848 2113 tametsi
899 2073 1179 2127 nunquam
1232 2057 1523 2112 exstiterit.
1579 2054 1647 2111 Ut
1675 2055 1818 2109 enim
1851 2053 2043 2108 demus

474 2150 607 2204 illttd
637 2169 648 2203 :
680 2147 974 2219 .Ioscphutn
1002 2148 1303 2201 maritalem
1328 2162 1450 2202 cum
1483 2146 1697 2216 Virgine
1728 2144 2036 2214 copulatio-

474 2257 594 2297 ttem
609 2255 858 2310 sperasse
872 2239 1037 2312 (quod
1056 2239 1273 2309 quidem
1293 2255 1391 2309 pro
1405 2238 1595 2292 affecta
1609 2238 1719 2307 jam
1739 2236 1889 2309 illius
1896 2244 2056 2290 aetate

476 2336 595 2391 lteri
643 2334 867 2388 ntinime
906 2334 1167 2403 poterat),
1225 2342 1407 2386 tanien
1458 2329 1742 2399 Scriptura
1774 2330 1890 2399 ipsa
1918 2342 2055 2397 pra:-

475 2428 687 2481 ntunire
709 2442 828 2488 nos,
863 2434 918 2480 et
948 2425 1264 2489 admonere,
1306 2437 1370 2477 ac
1401 2422 1693 2485 cautiores,
1718 2420 1928 2473 ellice're
1968 2434 2058 2473 vo-

476 2521 596 2575 luit.
646 2519 929 2590 Siquidem
957 2517 1040 2571 vel
1069 2516 1171 2569 ltoc
1206 2517 1409 2582 ipsum,
1443 2513 1588 2583 quod
1621 2520 1753 2565 tunc
1791 2511 2056 2580 temporis

477 2614 759 2685 agebatur,
784 2610 1025 2674 divinus,
1055 2610 1304 2677 inquam,
1340 2606 1429 2659 ille
1461 2614 1651 2676 partus
1683 2603 1896 2658 abunde
1930 2616 2055 2671 per-

477 2704 711 2760 suadere
772 2708 991 2772 potcst,
1056 2696 1464 2752 sanctissimam
1527 2692 1802 2764 Virginem
1854 2693 2057 2747 nullius

478 2805 669 2867 postea
709 2794 808 2848 viri
845 2791 1301 2847 consuetudinem
1332 2787 1625 2841 admisisse
1658 2804 1670 2839 :
1709 2785 2061 2855 quemadmo-

477 2884 606 2937 dum
639 2880 864 2950 angelus
905 2874 1144 2945 Josepho
1192 2875 1257 2928 de
1304 2873 1473 2934 illius,
1506 2887 1669 2940 quam
1704 2874 1888 2924 animo
1918 2884 2056 2923 con-

2157 1941 2307 1994 Ga'tvat
2334 1944 2367 2009 ἡ
2419 1938 2630 2009 Γραφὴ,
2666 1937 2759 1988 καὶ
2798 1937 2932 2004 ἡμῖν
2976 1930 3320 1988 ὑποτίθεται,
3359 1930 3452 1981 καὶ
3497 1926 3597 1997 τὴν
3624 1925 3739 1981 6:61.—

2153 2047 2304 2084 νοιαν
2333 2026 2784 2096 ὲπασςραλίζεται,
2814 2021 3050 2092 δυνατῆς
3081 2019 3247 2091 οὔσης
3278 2018 3378 2087 τῆς
3408 2016 3737 2078 ὑποθέσεως,

2154 2122 2297 2177 κατᾶ
2331 2122 2423 2175 τὸν
2467 2120 2611 2173 θεῖον
2639 2118 2818 2178 τόκον,
2856 2118 3041 2167 πεῖσαι
3082 2112 3279 2185 μηκέτι
3312 2112 3553 2179 ἐγγίζειν
3588 2109 3741 2181 ἁνδρζι

2158 2215 2294 2286 πρὸς
2323 2212 2619 2280 συνάφειαν
2649 2212 2715 2281 τῇ
2749 2207 3013 2280 Παρθένῳ
3033 2222 3045 2235 ’
3091 2207 3166 2269 ὡς
3196 2205 3288 2258 καὶ
3329 2207 3357 2257 ὁ
3393 2203 3621 2272 ἄγγελος
3650 2202 3741 2259 τὸν

2169 2306 2364 2376 Ἰωσὴφ
2401 2303 2582 2356 ἔπεισε
2623 2303 2697 2372 μὴ
2731 2296 2868 2353 εἶναι
2907 2300 3006 2369 τὴν
3038 2297 3316 2353 ὑπόνοιαν.
3368 2297 3545 2367 ἥνπερ
3577 2294 3742 2359 αὐτὸς

2155 2397 2424 2468 ἐνόμιζεν.
2457 2396 2681 2464 Ὅμοιον
2701 2393 2810 2463 γὰρ
2834 2390 2913 2462 τῷ
2934 2390 3318 2463 προρρηθέντι,
3353 2390 3503 2457 Πρὶν
3527 2389 3564 2456 ἢ
3589 2404 3742 2442 συν-

2155 2490 2355 2544 ελθεῖν
2381 2488 2625 2553 αὐτοὺς,
2652 2486 2727 2549 ὼς
2750 2483 3219 2556 προσδοκωμένου,
3250 2482 3312 2536 ού
3338 2480 3634 2552 γενομένου
3658 2479 3739 2542 δὲ,

2155 2584 2237 2647 τὸ,
2271 2583 2506 2645 Δίκαιος
2535 2578 2621 2632 ὢν
2650 2577 2836 2643 ἐζήτει
2852 2575 2937 2646 μὴ
2960 2573 3495 2643 παραδειγματίσαι
3522 2570 3740 2638 αὐτὴν,

2157 2674 2318 2728 ἀλλὰ
2346 2672 2538 2739 λάθρα
2563 2668 2867 2725 ἀπολῦσαι
2898 2665 3115 2733 αὐτὴν,
3143 2664 3219 2728 ὡς
3244 2661 3448 2732 φαύλου
3484 2662 3581 2733 μὲν
3607 2677 3747 2728 γινο-

2161 2766 2324 2838 μένου
2353 2762 2577 2825 ἀπὸντοῦ
2604 2759 3104 2832 παραδειγματίσαι
3132 2757 3324 2827 αὐτὴν,
3358 2755 3418 2807 ού
3452 2740 3767 2823 γενομένω-δ’

2157 2859 2214 2913 δέ
2242 2876 2254 2889 ·
2281 2857 2356 2919 ὼς
2383 2859 2412 2908 ὁ
2434 2854 2666 2923 ἄγγελος
2697 2852 2941 2906 διδάσκει
2974 2850 3150 2918 λέγων
3175 2865 3188 2879 ’
3213 2847 3310 2915 Μὴ
3334 2843 3603 2916 φοϐηθῇς
3631 2860 3745 2903 παπ

478 2982 716 3044 ceperat,
739 2970 1012 3042 opinionis
1050 2967 1284 3022 falsitate
1334 2965 1625 3035 persuasit.
1654 2961 1786 3015 Nam
1813 2962 2059 3032 superio-

2163 2947 2441 3017 ραλαϐεἷν
2484 2946 2717 3013 Μαριὰμ
2754 2942 2869 3010 τὴν
2906 2937 3158 3011 γυναῖκά
3193 2953 3335 3001 σου,
3374 2935 3472 3008 τὴν
3519 2936 3769 3007 μηδέπω,

493 3070 649 3123 ribus
707 3066 858 3121 liiscc
918 3065 1141 3127 verbis,
1193 3070 1472 3130 antequam
1511 3057 1875 3121 convenirent,
1934 3054 2057 3125 qui-

479 3163 582 3216 bus
631 3175 719 3213 res
766 3159 821 3211 in
865 3154 1278 3225 exspectatione
1311 3149 1511 3219 posita,
1570 3161 1681 3200 non
1729 3152 1904 3214 gesta,
1957 3143 2055 3198 de-

2159 3040 2478 3112 γενομένην,
2497 3039 2589 3091 καὶ
2615 3039 2672 3089 ὲν
2690 3034 2915 3105 ὑπονοίᾳ
2928 3032 3242 3103 σφάλματος
3265 3029 3417 3102 παρὰ
3439 3030 3519 3082 σοί
3538 3030 3688 3081 ἐστιν
3702 3029 3747 3091 ⁸,

2162 3133 2275 3188 ἀλλ’
2310 3131 2430 3185 οὐδὲ
2456 3128 2629 3191 οὔτως
2662 3126 2797 3198 οὔσῃ
2818 3168 2833 3191 ,
2868 3125 2945 3189 ὡς
3002 3123 3135 3190 οἴει,
3168 3123 3263 3176 καὶ
3299 3121 3369 3175 τὰ
3396 3121 3542 3189 ἑξῆς.
3572 3119 3751 3183 Εὐθὺς

478 3257 743 3314 ularatur,
775 3249 1115 3304 simillimum
1146 3256 1231 3299 est
1263 3240 1411 3313 quod
1434 3238 1685 3309 sequitur
1713 3255 1727 3291 :
1762 3235 1897 3291 Cum
1922 3245 2057 3290 esset

2163 3228 2269 3298 γὰρ
2315 3221 2623 3285 ἀκολούθως
2665 3221 2813 3289 λέγει
2835 3235 2847 3248 ·
2900 3217 2971 3273 Τὸ
3016 3217 3125 3288 γὰρ
3154 3215 3444 3287 γεννηθὲν
3470 3215 3540 3268 ἐν
3568 3212 3747 3283 αὐτῆ,

480 3346 674 3409 iustus,
699 3340 866 3394 noluit
892 3339 1041 3393 illam
1064 3324 1357 3396 traducere,
1389 3331 1477 3386 sed
1507 3330 1707 3383 occulte
1753 3327 2054 3381 dimittere:

482 3432 639 3501 quasi
683 3430 865 3483 malus
893 3428 1004 3498 jam
1035 3427 1104 3479 ob
1143 3421 1545 3478 traductionem
1567 3420 1712 3473 illam
1740 3427 1906 3480 esset,
1932 3433 2057 3471 cum

483 3540 593 3577 non
618 3520 779 3575 fuerit
808 3526 1011 3571 tamen.
1063 3512 1302 3569 Perinde
1341 3519 1505 3582 atque
1544 3509 1773 3578 angelus
1800 3506 1960 3561 docet
1991 3506 2059 3560 iis

483 3613 661 3666 verbis
707 3625 721 3662 :
781 3606 911 3661 Noli
967 3608 1146 3660 timere
1204 3604 1440 3671 accipere
1504 3599 1737 3654 Mariam
1787 3599 2060 3669 conjugem

484 3716 650 3758 tuam.
680 3718 800 3771 qua:
832 3699 1074 3753 nondum
1117 3696 1318 3765 conjux
1355 3701 1504 3750 esset
1530 3710 1546 3757 ;
1579 3707 1741 3762 quam
1770 3700 1824 3743 tu
1855 3690 2066 3743 violatae

485 3792 763 3862 pudicitiae
803 3796 1117 3858 suspectam
1154 3787 1344 3850 habes,
1383 3786 1510 3839 licet
1549 3785 1675 3838 talis
1714 3783 1937 3837 minime
1969 3783 2059 3839 sit.

485 3885 698 3952 qualem
744 3880 1051 3943 arbitraris,
1099 3889 1204 3934 etc.
1281 3876 1417 3931 Nam
1475 3875 1705 3933 subinde
1761 3875 1815 3929 in
1872 3889 2065 3928 conse-

2159 3319 2235 3381 ὼς
2282 3317 2382 3388 ἤδη
2418 3312 2836 3383 γεγεννημένου.
2903 3309 3072 3363 Πάλιν
3107 3308 3163 3360 δὲ
3208 3307 3291 3368 τὸ,
3328 3305 3566 3371 Τέξεται
3590 3306 3749 3368 υἱὸν,

2161 3411 2234 3473 ὡς
2262 3411 2354 3462 ἐπὶ
2380 3407 2679 3478 μέλλοντος.
2710 3403 2896 3465 Οὕτως
2918 3402 3025 3472 γὰρ
3046 3396 3143 3470 ἦν’
3175 3399 3261 3453 διὰ
3283 3398 3340 3452 δὲ
3378 3399 3439 3451 τὸ
3470 3395 3750 3450 πεπιστῶ-

2163 3504 2307 3559 σθαι.
2324 3504 2357 3572 ἡ
2378 3496 2832 3571 προαναφώνησις
2850 3511 2863 3525 ’
2882 3495 2957 3556 ὡς
2974 3495 3067 3546 καὶ
3085 3493 3169 3554 τὸ,
3186 3491 3333 3560 Πρὶν
3346 3491 3382 3559 ἣ
3402 3488 3749 3544 συνελθεῖν·

2161 3594 2510 3667 ἀρκούμενοι,
2565 3593 2649 3645 ὅτι
2693 3589 2801 3641 οὐδ’
2855 3588 2992 3650 ὅλως
3048 3585 3362 3655 γεγένηται.
3411 3585 3561 3649 Ἕως
3609 3582 3754 3636 ὅτου

2163 3689 2329 3741 ἔτεκε
2354 3685 2462 3740 τὸν
2496 3683 2631 3736 υἱὸν
2649 3681 2840 3750 αὐτῆς
2856 3680 2967 3733 τὸν
3004 3678 3401 3747 πρωτότοκον,
3428 3679 3542 3741 τοῖς
3568 3677 3753 3740 αὐτοῖς

2162 3781 2309 3832 ἐστιν
2335 3774 2769 3848 ἑρμηνευόμενον
2808 3772 2897 3825 διὰ
2937 3771 2999 3824 τὸ
3030 3768 3346 3840 θαυμαστὸν
3371 3769 3470 3838 τῆς
3501 3767 3632 3839 περὶ
3655 3768 3755 3840 τὴν

2162 3870 2438 3941 Παρθένον
2471 3867 2724 3936 γνώσεως
2767 3864 2903 3935 πρὸς
2931 3862 3065 3916 Θεὸν
3097 3861 3490 3933 τετιμημένης.

485 3976 777 4047 quentibus
807 3973 1004 4028 addit:
1043 3972 1195 4039 Quod
1222 3973 1359 4026 enim
1417 3981 1601 4025 natum
1648 3978 1725 4023 est
1780 3970 1835 4021 in
1892 3969 2041 4036 ipsa,
2100 3966 2255 4037 quasi
2311 3963 2423 4031 jam
2470 3969 2615 4015 esset
2662 3966 2871 4012 natum.
2923 3956 3061 4010 Illud
3105 3971 3276 4020 vero,
3324 3954 3509 4007 Pariet
3556 3954 3753 4022 ﬁlium,

486 4045 556 4124 ad
599 4065 841 4121 futurum
872 4072 1086 4134 tempus
1122 4064 1377 4118 refertur.
1428 4063 1503 4116 Ita
1535 4062 1680 4117 enim
1729 4075 1789 4116 se
1846 4074 1932 4113 res
1972 4058 2252 4121 habebat;
2308 4053 2403 4109 sed
2456 4052 2523 4105 ad
2573 4049 2731 4104 fidem
2777 4047 3157 4103 stabiliendum
3202 4046 3357 4115 prius
3406 4046 3496 4098 illa
3543 4045 3758 4099 denun-

487 4159 642 4213 tiatio
694 4156 836 4212 facta
883 4165 1009 4213 est:
1073 4155 1379 4225 eujusmodi
1433 4163 1487 4208 et
1545 4153 1635 4207 illa
1692 4152 1855 4206 verba
1910 4160 2083 4205 sunt:
2146 4148 2474 4215 Priusquam
2513 4142 2867 4196 convenirent.
2925 4138 3025 4193 Ubi
3075 4138 3324 4192 sufﬁcere
3363 4136 3522 4191 nobis
3570 4137 3754 4199 debet,

489 4264 766 4317 nunquam
795 4246 941 4303 istud
975 4248 1199 4301 omnino
1227 4262 1348 4301 esse
1398 4246 1641 4299 factum:
1702 4244 1875 4297 Donec
1916 4242 2115 4310 peperit
2184 4235 2361 4301 ﬁlium
2399 4250 2555 4289 suum
2606 4231 3011 4301 primogenitum
3054 4244 3071 4281 :

3120 4228 3265 4296 quod
3318 4226 3569 4281 eumdem
3634 4240 3760 4280 sen-

489 4356 610 4394 sunt
660 4339 842 4404 habet,
892 4348 947 4394 et
993 4338 1060 4393 ad
1095 4338 1471 4393 admirabilem
1521 4338 1588 4392 de
1632 4335 1858 4407 Virgine
1915 4333 2283 4404 cognitionem
2338 4327 2592 4390 refertur,
2652 4326 2741 4379 cui
2810 4338 3059 4376 summus
3113 4321 3288 4375 bonor
3325 4335 3355 4372 a
3401 4318 3512 4373 Deo
3551 4319 3759 4372 tribue-

490 4442 662 4488 I'Cllll'.

560 4525 700 4579 XXI.
756 4522 955 4579 Verum
992 4539 1059 4578 ne
1089 4523 1215 4593 quis
1248 4538 1312 4577 ex
1350 4539 1415 4578 eo
1444 4521 1592 4592 quod
1640 4522 1906 4592 scriptum
1955 4524 2059 4582 est,

2238 4512 2367 4563 KA'.
2421 4509 2512 4577 Μὴ
2561 4505 2756 4577 νομίσῃ
2788 4504 2842 4557 δέ
2871 4521 2956 4567 τις
2992 4506 3057 4557 ἐκ
3092 4504 3185 4557 τοῦ
3233 4505 3441 4573 λέγειν,
3490 4506 3608 4572 Πρό
3651 4504 3761 4559 τοῦ

492 4620 783 4686 Antequam
815 4616 1168 4680 convenirent,
1204 4614 1526 4669 convenisse
1552 4612 1897 4682 postmodum
1931 4608 2069 4662 arbi-

492 4719 688 4777 tretur,
707 4708 839 4762 ttibil
854 4707 1121 4776 ejusmodi
1141 4706 1451 4759 demonstra
1462 4719 1517 4758 re
1534 4706 1614 4758 vel
1630 4702 1909 4757 declarare
1926 4701 2071 4770 quis-

493 4806 636 4873 piam
666 4810 873 4871 potest;
897 4798 989 4852 sed
1017 4805 1074 4850 ut
1092 4797 1229 4851 labis
1260 4800 1752 4863 omnisexpertem,
1773 4790 2068 4869 ettuaculte

496 4894 796 4949 Salvatoris
819 4892 991 4948 nostri
1014 4898 1230 4961 partum
1256 4888 1568 4945 ostenderet
1593 4886 1898 4956 Scriptura,
1934 4883 2068 4938 illud

495 4987 749 5043 asseruit.
812 4984 1174 5051 Quamobrem
1223 4984 1341 5038 istae
1394 4995 1599 5043 voces,
1638 4976 1763 5031 Non
1824 4977 2065 5046 cognovit

495 5095 634 5141 eam,
692 5075 760 5131 ad
815 5076 964 5130 illius
1016 5074 1246 5145 gloriam
1308 5078 1580 5143 spectant.
1631 5067 2071 5138 Printogenitum

497 5185 629 5225 vero
684 5169 951 5232 nominat,
1006 5182 1071 5220 eo
1112 5165 1259 5235 quod
1309 5174 1435 5217 ante
1481 5168 1697 5216 creatas
1745 5174 1834 5213 res
1878 5171 2072 5212 omnes

498 5258 714 5329 genitus
756 5266 860 5320 est,
891 5262 945 5309 et
975 5266 1031 5308 ut
1059 5254 1136 5308 ait
1167 5253 1461 5323 Apostolus
1511 5267 1524 5303 :
1580 5246 1975 5317 Primogenitus
2016 5246 2073 5297 in

500 5349 680 5403 multis
720 5346 976 5417 fratribus
1009 5345 1029 5377 ³
1063 5365 1075 5399 :
1109 5360 1219 5400 non
1258 5351 1505 5414 respectu
1554 5340 1620 5395 ad
1645 5337 1842 5393 ’Μυῖα
1872 5336 2073 5391 liberos

501 5441 705 5505 habito,
733 5440 889 5510 quasi
920 5438 1060 5494 alios
1086 5437 1172 5491 illa
1199 5436 1500 5507 pepererit;
1527 5432 1621 5488 sed
1642 5431 1711 5486 ad
1739 5445 1836 5486 eos
1855 5444 2070 5488 omnes,

500 5531 594 5600 qui
653 5531 998 5601 adoptionem
1031 5530 1179 5584 illius
1220 5525 1428 5597 1053
1464 5522 1728 5580 beneficio
1777 5519 2070 5576 consecuti

499 5630 632 5678 ltuit
659 5661 675 5688 ,
714 5640 838 5678 cum
877 5624 1057 5678 Maria:
1102 5622 1246 5677 filius
1295 5619 1593 5676 secundum
1628 5630 1850 5672 carnem
1883 5628 2073 5669 revera

505 5796 632 5861 τῶν.

2173 4600 2494 4657 συνελθεῖν
2528 4598 2770 4664 αὐτοὺς,
2811 4599 2894 4649 ὅτι
2941 4597 3236 4668 μετέπειτα
3286 4597 3565 4668 συνῆλθον.
3620 4598 3759 4651 Οὔτε

2174 4695 2282 4765 γὰρ
2309 4694 2418 4763 ἕχει
2449 4710 2531 4754 τις
2561 4690 2803 4760 δεῖξαι,ἢ
2842 4693 3081 4761 σημᾶναι
3102 4707 3115 4719 ⁸
3147 4688 3370 4743 ἀλλ’ἵνα
3393 4690 3543 4763 δείῇ
3561 4691 3763 4761 ἄχραν-

2174 4805 2265 4841 τον
2303 4786 2401 4857 τὴν
2444 4783 2639 4854 κύησιν
2698 4782 2792 4835 τοῦ
2827 4782 3100 4852 Σωτῆρος,
3140 4780 3299 4834 τοῦτο
3332 4783 3363 4851 ἡ
3400 4781 3590 4851 Γραφη
3633 4780 3759 4833 ἐϐε-

2177 4877 2465 4930 ϐαιώσατο.
2522 4874 2595 4928 Τὸ
2621 4870 2737 4936 οὖν,
2759 4877 2881 4926 Οὐκ
2912 4874 3064 4943 ἔγνω
3095 4872 3308 4939 αὐτὴν,
3333 4872 3422 4931 διὰ
3451 4872 3549 4943 τὴν
3580 4871 3759 4936 δόξαν·

2176 4970 2237 5022 τὸ
2272 4969 2328 5022 δὲ
2370 4968 2735 5039 πρωτότοκον,
2781 4965 2970 5038 ἐπειδὴ
3004 4965 3348 5039 πρωτότοκός
3376 4966 3514 5027 ἐστι,
3567 4966 3697 5036 πρὶν
3726 4965 3760 5035 ἢ

2171 5060 2269 5123 τὰς
2296 5059 2499 5121 κτίσεις
2528 5053 2687 5123 εἶναι,
2707 5057 2800 5111 καὶ
2828 5059 3202 5124 πρωτότοκος
3223 5056 3293 5109 ἐν
3313 5054 3569 5120 πολλοῖς
3585 5054 3765 5108 ἀδελο

2171 5151 2325 5220 μοῖς,
2378 5150 2523 5204 κατὰ
2554 5150 2644 5204 τὸν
2686 5148 3026 5212 Ἀπόστολον,
3062 5148 3123 5200 ού
3157 5147 3297 5201 κατὰ
3327 5147 3418 5199 τὸν
3442 5148 3462 5178 ⁵
3494 5146 3603 5199 ἀπὸ
3637 5147 3763 5199 Μαι

2180 5242 2320 5310 ρίας.
2363 5242 2439 5306 ὡς
2486 5241 2661 5296 ἄλλων
2697 5241 2835 5295 υἱῶν
2863 5241 2959 5295 ἀπ’
3002 5242 3172 5311 αὐτῆς
3198 5241 3388 5307 ὄντων,
3413 5238 3527 5294 ἀλλ’
3570 5241 3630 5292 ὲν
3652 5240 3764 5297 τοῖς

2178 5330 2558 5397 καταξιωθείσι
2587 5331 2770 5385 λαϐεῖν
2799 5330 2866 5384 δι’
2888 5329 3050 5383 αὑτοῦ
3081 5329 3179 5400 τὴν
3209 5327 3503 5392 υἱοθεσίαν,
3531 5328 3621 5380 ὅτε
3649 5325 3764 5386 υἱὸς

2176 5425 2347 5495 αὐτῆς
2378 5424 2599 5493 γέγονεν
2637 5422 2853 5495 ἀληθῶς
2891 5424 3033 5477 κατὰ
3065 5423 3264 5495 σάρκα,
3300 5422 3388 5475 ἴνα
3424 5422 3498 5493 μὴ
3544 5419 3763 5489 δόκησις

2177 5514 2535 5587 ὑποληφθείη.
2583 5513 2743 5568 Ἀλλὰ
2783 5514 2878 5567 καὶ
2917 5514 3285 5586 πρωτότοκος,
3325 5513 3419 5567 καὶ
3446 5513 3563 5575 υἱὸς
3591 5509 3766 5579 αὐτῆς

2178 5609 2274 5678 τῆς
2299 5605 2602 5679 Παρθένου.
2626 5607 2687 5659 οὐ
2708 5607 2797 5662 διὰ
2816 5608 2876 5662 τὸ
2896 5608 3066 5679 αὐτὴν
3090 5607 3284 5669 ἄλλους
3309 5607 3480 5670 υἱοὺς,
3504 5603 3581 5666 ὡς
3605 5601 3766 5672 ἔφην,

580 5735 596 5765 ³
628 5732 781 5793 Joan.
810 5753 923 5807 xix,
955 5738 1045 5797 5i.
1118 5740 1137 5770 ²
1164 5735 1352 5792 Matth.
1388 5751 1423 5795 ι.
1451 5733 1515 5789 18
1545 5747 1665 5803 sqq.
1730 5731 1750 5764 ³
1790 5727 1948 5785 Rom.
1990 5744 2059 5783 vn

2163 5726 2237 5780 29.
2315 5724 2335 5756 ’⁸
2360 5722 2417 5778 F.
2471 5719 2656 5791 οὖσαν,
2699 5732 2758 5780 ιιι
2797 5733 2850 5781 et
2886 5734 3072 5795 postea
3107 5740 3206 5795 pro
3236 5722 3389 5797 οὔσῃ.
3467 5723 3489 5755 ³
3526 5721 3586 5778 F.
3625 5721 3767 5778 κατὰ
