4134 6392
369 395 476 454 753

985 398 1356 457 ADVERSUS
1393 400 1741 459 HZERESES
1769 401 1899 458 LIB.
1935 402 2022 460 III.
2050 403 2218 462 TOM.
2258 403 2416 461 II.—
2455 404 2736 462 HERES.
2779 402 3065 462 LXXVIII.

3537 403 3646 462 734

369 517 537 588 ἔχειν.
598 516 822 589 Ὅμοιον
853 516 961 592 γάρ
997 521 1113 575 ἑστι
1140 521 1298 577 τοῦτο
1345 522 1424 595 τῷ
1473 523 1676 595 πρώτῳ
1709 527 1816 598 πρὸ
1856 527 1958 599 τῆς

2072 527 2167 583 fuit
2194 568 2211 595 ,
2248 545 2319 585 ne
2350 529 2685 585 adumbrata
2730 528 2908 585 solum
2951 525 3163 597 species
3197 538 3322 581 esse
3346 523 3646 581 videretur.

369 608 650 679 ἑνδημίας.
680 610 740 663 '0
765 610 874 682 γὰρ
902 612 1255 685 Πρωτότοκος
1277 613 1355 669 ῶν
1375 615 1590 686 ἀληθῶς
1613 615 1828 689 Πατρὸς
1849 615 1962 670 ἄνω

367 701 478 772 πρὸ
506 698 688 772 πάσης
718 701 971 768 κτίσεως,
1014 705 1115 757 οὐκ
1147 706 1256 759 ἀπὸ
1286 706 1380 761 τοῦ
1414 708 1608 773 ἄλλους
1644 711 1763 780 μετ’
1799 709 1961 763 αὐτὸν

367 792 436 844 ἐκ
464 792 682 863 Πατρός
712 794 1072 867 γεγεννῆσθαι
1114 796 1333 866 λέγεται
1363 800 1708 871 πρωτότοκος
1725 818 1737 829 ·
1765 801 1827 854 οὐ
1853 800 1963 874 γάρ

371 886 520 939 ἑστιν
546 885 697 958 αὐτῷ
725 887 951 957 ἁδελφὸς
981 889 1254 963 δεύτερος,
1289 893 1424 946 διότι
1458 895 1776 965 μονογενής.
1807 895 1963 947 υῦτω

369 978 465 1031 καὶ
492 978 586 1031 ἐπὶ
613 978 714 1048 τῆς
736 980 1004 1053 ἑνσάρκου
1036 984 1340 1054 παρουσίας
1366 987 1455 1038 ἀεὶ
1484 985 1579 1039 καὶ
1610 988 1959 1057 πρωτότοκός

370 1068 490 1122 ἑστι
518 1070 739 1140 Μαρίας
762 1087 777 1102 ο
816 1071 955 1127 άλλά
978 1076 1272 1146 μονογενὴς
1302 1079 1368 1148 τῇ
1396 1079 1587 1151 Μαρίᾳ
1617 1078 1851 1148 πέφυκε,
1890 1079 1964 1151 μὴ

371 1158 513 1230 ἔχων
539 1159 792 1233 δεύτερον
817 1161 1043 1232 ἀδελφὸν
1072 1165 1165 1218 ἀπ’
1190 1166 1379 1238 αὐτῆς.
1418 1169 1529 1222 Καὶ
1567 1170 1886 1223 παύσωνται
1915 1172 1965 1223 οἱ

371 1249 495 1307 καθ’
514 1251 725 1306 ἑαυτῶν
760 1255 1207 1326 μεμηχανημένοι
1234 1257 1304 1310 τὰ
1332 1256 1572 1331 βλαϐερά
1595 1260 1797 1332 μᾶλλον
1817 1262 1923 1332 ἦπε
1932 1279 1965 1332 ρ

369 1344 442 1397 τὰ
465 1344 603 1417 πρὸς
622 1346 920 1415 ὠφέλειαν·
954 1348 1028 1419 μὴ
1063 1351 1388 1421 παρακαλῶ.
1444 1352 1502 1404 '0
1534 1353 1709 1423 τιμῶν
1736 1353 1963 1425 Κύριον,

371 1440 507 1509 τιμᾷ
529 1440 623 1493 καὶ
643 1438 799 1509 ἆγιον
820 1458 833 1470 ο
869 1442 899 1493 ό
916 1441 972 1494 δὲ
992 1442 1277 1514 ἀτιμάζων
1295 1442 1450 1512 ἆγιον
1471 1443 1845 1515 ἀτιμάζεικαὶ
1872 1445 1966 1499 τὸν

373 1530 566 1585 ἑαυτοῦ
618 1532 915 1604 Δεσπότην.
953 1535 1134 1587 Ἔστω
1173 1535 1361 1606 Μαρία
1401 1536 1529 1606 παρ’
1570 1537 1735 1608 ἑαυτῇ
1770 1539 1802 1609 ἡ
1837 1538 1967 1606 ἁγία

372 1621 670 1694 Παρθένος,
700 1623 761 1677 τὸ
789 1623 943 1694 ἆγιον
973 1625 1184 1691 σκεῦος.
1228 1626 1414 1680 Ταῦτα
1438 1627 1548 1698 γὰρ
1573 1628 1643 1681 τὰ
1674 1630 1811 1700 πρὸς
1836 1629 1966 1700 βλά-

373 1713 476 1784 ϐην
504 1715 654 1785 ἡμᾶς
677 1716 779 1770 ούκ
826 1716 1028 1787 ὠφελεί
1048 1736 1060 1748 °
1109 1719 1258 1789 ἡμᾶς
1288 1719 1344 1772 δὲ
1376 1720 1458 1773 δεῖ
1488 1720 1814 1793 σεμνότερον
1845 1721 1965 1774 δια-

372 1805 634 1871 νοεῖσθαι,
673 1807 761 1861 ἵνα
792 1807 867 1879 μὴ
887 1808 1214 1881 ὑψαυχενίαν
1241 1811 1594 1883 κτησώμεθα,
1615 1812 1648 1883 ἢ
1673 1812 1964 1883 διχόνοιαν,

2063 618 2240 690 Igitur
2268 620 2675 691 primogenitus
2705 636 2770 675 ac
2800 618 3047 691 Virginis
3080 619 3256 689 ipsius
3295 616 3441 672 ﬁlius
3472 617 3652 688 appel-

2063 711 2230 775 latur,
2272 727 2381 766 non
2413 712 2561 781 quod
2609 712 2769 776 alios,
2815 711 2895 765 uti
2942 710 3077 775 dixi,
3121 709 3326 764 liberos
3352 709 3646 779 pepererit.

2066 800 2283 857 Etenim
2319 810 2405 858 est
2440 801 2702 873 quiddam
2743 803 2799 856 in
2827 817 2895 856 eo
2925 815 3123 872 genere
3169 800 3221 856 ei
3262 799 3460 866 simile,
3501 788 3651 869 quod

2066 894 2504 949 incarnationem
2564 894 2881 948 antecessit.
2940 891 3076 946 Nam
3124 899 3187 945 ut
3245 889 3653 961 Primogenitus

2066 1000 2261 1040 revera
2309 983 2492 1055 Patris
2519 992 2646 1038 ante
2672 991 2985 1038 creaturam
3019 995 3236 1035 omnem
3267 981 3551 1035 exstitisse
3576 979 3661 1034 dia

2066 1078 2257 1139 citur;
2304 1091 2483 1148 neque
2529 1084 2711 1129 tamen
2751 1075 2896 1140 ideo,
2938 1075 3083 1143 quod
3124 1073 3216 1126 alii
3259 1080 3381 1143 post
3410 1073 3590 1140 ipsum
3621 1085 3655 1124 a

2068 1167 2231 1225 Patre
2259 1169 2427 1241 geniti
2464 1168 2595 1231 sint,
2637 1166 3039 1236 primogenitus
3069 1173 3299 1218 vocatur
3324 1184 3334 1217 :
3364 1178 3475 1216 non
3506 1160 3653 1216 enim

2066 1255 2294 1312 fratrem
2328 1256 2561 1310 alterum
2589 1254 2802 1318 habuit,
2842 1253 3046 1323 quippe
3075 1252 3167 1321 qui
3200 1251 3273 1306 sit
3301 1250 3646 1321 unigenitus.

2068 1349 2145 1404 lta
2177 1357 2232 1403 et
2262 1354 2523 1417 suscepto
2563 1360 2797 1416 corpore
2834 1343 3019 1399 Maria:
3051 1343 3453 1414 primogenitus
3477 1341 3659 1412 appel-

2068 1443 2234 1509 latur,
2277 1441 2495 1496 tametsi
2543 1440 2705 1494 unica
2752 1439 2873 1509 ejus
2917 1438 3098 1508 proles
3133 1436 3432 1499 exstiterit,
3474 1450 3654 1505 neque

2069 1535 2348 1590 secundus
2389 1548 2454 1588 ex
2482 1547 2547 1587 ea
2583 1532 2656 1587 sit
2693 1531 2771 1585 illi
2810 1529 2983 1585 frater
3022 1530 3076 1583 iu
3118 1529 3294 1583 lucem
3342 1527 3540 1582 editus.
3579 1525 3658 1581 Si-

2069 1627 2217 1682 leant
2257 1627 2442 1696 itaque
2484 1625 2735 1679 homines
2760 1624 2871 1689 isti,
2904 1623 2998 1693 qui
3029 1636 3093 1677 ea
3125 1622 3228 1676 sibi
3262 1620 3494 1692 tingunt,
3535 1635 3659 1689 qua:

2070 1720 2363 1791 perniciem
2403 1719 2599 1790 magis,
2639 1731 2810 1787 quam
2855 1716 3146 1770 utilitatem
3195 1714 3330 1785 ipsis
3378 1711 3656 1775 aﬂ‘erunt;

2072 1813 2166 1868 sed
2194 1813 2285 1867 ille
2326 1827 2514 1882 quaeso
2542 1811 2780 1866 facessat
2804 1824 2982 1865 error.
3012 1805 3343 1876 Quicunque
3368 1804 3659 1858 Dominum

371 1899 407 1970 ἢ
440 1876 871 1971 περιττολογίανξ
911 1876 1272 1975 Περίνπαντδς
1287 1876 1397 1977 γάρ
1426 1876 1596 1977 ἁργοῦ
1621 1876 1786 1975 λόγου
1808 1906 1965 1975 λόγον

2072 1907 2323 1968 honorat,
2370 1904 2605 1961 honorat
2634 1910 2689 1958 et
2715 1908 3007 1965 sanctum;
3048 1899 3143 1968 qui
3198 1895 3497 1969 ignominia
3527 1910 3658 1949 san-

370 1988 639 2060 δώσομεν,
672 1990 815 2045 κατὰ
835 1992 896 2045 τὸ
924 1994 1331 2066 γεγραμμένον.
1394 1994 1655 2060 Ἑαυτοὺς
1693 1999 1966 2068 μεριμνή-

375 2098 560 2152 σωμεν
584 2098 598 2112 ·
632 2083 700 2137 τὰ
728 2085 936 2141 ἑαυτῶν
962 2086 1387 2159 ἐπισκεψώμεθα
1405 2105 1418 2118 ·
1452 2088 1525 2161 μὴ
1553 2088 1620 2143 τὰ
1651 2090 1859 2143 ἑαυτῶν
1887 2092 1967 2155 είς

2065 2012 2214 2056 ctum
2258 1997 2447 2062 afﬁcit,
2489 1993 2739 2053 eamdem
2783 2002 2837 2049 et
2878 1991 3114 2046 Domino
3159 2004 3262 2045 suo
3304 1986 3660 2059 ignominiam

2067 2092 2317 2163 imponit.
2370 2088 2455 2143 Sit
2500 2088 2556 2143 in
2598 2103 2722 2144 sese
2770 2085 2941 2139 Maria
2977 2083 3328 2138 sanctissima
3361 2080 3453 2134 illa
3479 2080 3653 2149 virgo,

372 2174 502 2239 τοὺς
527 2175 717 2243 ἁγίους
752 2177 998 2251 ῥίψωμεν
1019 2196 1034 2211 ·
1089 2179 1165 2252 μὴ
1203 2182 1298 2251 ἀφ’
1324 2181 1533 2236 ἑαυτῶν
1567 2183 1636 2237 τὰ
1663 2182 1771 2236 τῶν
1793 2183 1964 2252 ἁγίων

2072 2196 2274 2252 vasque
2330 2177 2467 2233 illud
2516 2185 2956 2233 sacrosanctum.
3007 2172 3293 2244 Ejusmodi
3338 2185 3469 2226 vero
3491 2168 3659 2240 pesti-

369 2265 815 2340 διασκεψώμεθα.

2063 2274 2179 2332 fera
2228 2281 2394 2344 atque
2439 2270 2681 2327 exitialia
2761 2269 3015 2341 dogmata
3069 2265 3280 2321 nullum
3333 2262 3492 2318 nobis
3541 2261 3651 2315 fru-

373 2368 522 2414 Ctum
551 2361 828 2419 aﬂ‘erunt:
867 2378 1077 2434 nosque
1121 2364 1261 2421 adeo
1314 2366 1768 2423 honoriﬁcentius
1818 2367 1886 2423 de
1931 2349 2027 2421 illa
2063 2366 2269 2421 sentire
2327 2378 2425 2434 par
2475 2369 2582 2425 est,
2638 2375 2708 2414 ne
2774 2360 2829 2413 in
2898 2356 3064 2411 animi
3124 2353 3512 2419 insolentiam,
3568 2358 3663 2407 aut

370 2456 731 2521 discordiam,
778 2466 873 2512 aut
924 2474 1389 2529 supervacaneam
1465 2464 1850 2533 loquacitatem
1909 2463 2243 2519 incidamus.
2324 2458 2538 2530 Quippe
2596 2456 2664 2511 de
2692 2455 2847 2510 omni
2901 2455 3084 2509 otioso
3128 2453 3296 2507 verbo
3346 2450 3659 2512 rationem,

375 2558 436 2611 ut
482 2551 746 2622 scriptum
786 2564 901 2621 est,
938 2556 1205 2612 reddituri
1243 2576 1435 2616 sumus
1471 2562 1513 2614 ¹.
1554 2560 1697 2632 Ergo
1732 2577 1834 2616 nos
1878 2561 2030 2631 ipsos
2086 2573 2343 2614 curemus
2370 2598 2385 2622 ,
2465 2571 2648 2610 rerqu
2714 2559 3030 2610 nostrarum
3104 2558 3416 2619 satagamus
3451 2588 3466 2612 ,
3528 2561 3666 2602 neve

374 2661 495 2720 quze
532 2648 704 2702 nostri
725 2649 948 2720 propria
978 2655 1204 2718 suut,in
1229 2667 1450 2711 sanctos
1472 2657 1836 2726 proferamus,
1878 2665 1974 2712 aut
1993 2673 2058 2711 ex
2084 2656 2241 2711 nobis
2264 2654 2400 2723 ipsis
2419 2667 2542 2722 quae
2561 2651 2628 2705 ad
2681 2651 2807 2704 illos
2852 2648 3150 2718 pertinent,
3199 2645 3374 2700 metiri
3411 2644 3664 2701 velimus.

446 2737 573 2792 κε’.
606 2739 832 2805 Πάντως
856 2741 963 2816 γὰρ
987 2743 1299 2816 βιαζόμενοί
1319 2765 1487 2812 τινες,
1529 2750 1620 2803 καὶ
1641 2750 1733 2803 ἐπὶ
1788 2749 1848 2802 τὸ
1878 2749 1969 2803 λα-

372 2830 682 2908 γνιαίτερον
695 2850 725 2886 τ
731 2833 1139 2906 ρεπόμενοι,καὶ
1155 2841 1211 2893 ἑν
1224 2840 1406 2904 αὐτοῖς
1418 2840 1630 2911 ἔχοντες
1644 2841 1974 2913 φθοριμαίαν

375 2920 654 2987 ὑπόνοιαν,
678 2921 955 2992 βούλονται
987 2927 1231 2992 καὶτοὺς
1259 2930 1450 2997 ἁγίους
1476 2931 1739 3003 χραίνειν,
1774 2934 1853 2995 εἰς
1878 2931 1971 2984 εὕ-

373 3011 532 3082 λογον
573 3014 872 3086 ἀπολογίαν
935 3018 1035 3089 τῆς
1083 3019 1291 3074 ἑαυτῶν
1339 3022 1517 3094 κακῆς
1572 3023 1668 3077 καὶ
1711 3022 1972 3087 ἀσθενοῦς

377 3105 633 3170 ὑπονοίας
657 3122 670 3135 ·
723 3113 860 3180 πρὸς
905 3109 1000 3174 οὒς
1048 3112 1075 3164 ὁ
1114 3112 1436 3178 Ἀπόστολός
1488 3133 1672 3186 φησιν·
1710 3117 1964 3171 Ἦθελον

366 3197 490 3277 μὲν
528 3198 761 3268 πάντας
796 3198 952 3256 εἶναι
997 3204 1079 3270 ὡς
1125 3204 1406 3274 ἐμαυτόν.
1461 3208 1534 3261 Τὸ
1565 3208 1645 3272 δὲ,
1683 3208 1966 3278 ἐμαυτὸν,

377 3292 495 3358 πῶς
524 3292 635 3365 ἄρα
662 3293 811 3364 λέγει
839 3296 956 3351 ἀλλ’
991 3296 1025 3370 ἢ
1055 3298 1144 3353 διὰ
1188 3299 1247 3352 τὸ
1295 3300 1546 3369 ἁγνεύειν
1572 3317 1587 3367 ;
1620 3302 1725 3355 Διὰ
1753 3300 1821 3354 δὲ
1858 3305 1967 3369 τὰς

376 3385 662 3453 πορνείας
702 3385 961 3454 ἕκαστος
1011 3388 1128 3459 τὴν
1168 3390 1388 3445 ἑαυτοῦ
1450 3391 1708 3461 γυναῖκα
1763 3391 1967 3462 ἐχέτω.

392 3490 730 3562 ’Υπεξῃρέθη
764 3492 823 3546 δὲ
852 3496 885 3565 ἡ
928 3494 1243 3567 ἀντωνυμία
1278 3513 1292 3527 ·
1326 3495 1660 3565 ἐλεγκτικῶς
1690 3497 1799 3570 γάρ
1856 3494 1970 3569 εἶχε

377 3598 475 3659 καὶ
499 3597 1010 3670 ἑπιστρεφέστερον.
1042 3595 1170 3670 Εἶχε
1195 3599 1305 3671 γὰρ
1333 3603 1528 3666 εἰπεῖν,
1560 3600 1649 3655 διὰ
1678 3601 1780 3666 τὰς
1835 3619 1971 3674 πορ-

377 3705 529 3768 νείας
555 3704 729 3777 ὑμῶν.
765 3706 859 3770 Τὸ,
889 3703 1079 3776 ὑμῶν,
1102 3707 1281 3760 τοίνυν
1311 3707 1606 3778 περιεῖλεν,
1628 3709 1718 3763 ἵνα
1746 3708 1820 3780 μὴ
1844 3705 1972 3780 δόξῃ

380 3811 463 3875 εἰς
500 3808 658 3879 ὕϐριν
688 3810 848 3864 τινῶν
879 3810 1037 3865 τοῦτο
1066 3811 1368 3883 εἰρηκέναι.
1419 3812 1651 3885 Ἐρρέθη
1677 3814 1734 3867 δὲ
1761 3815 1843 3878 εἰς
1867 3831 1970 3866 κα-

379 3914 631 3985 τὰκρισίν
650 3932 813 3969 τινων
833 3915 941 3969 τῶν
968 3919 1041 3988 μὴ
1066 3916 1327 3972 θελόντων
1348 3916 1467 3988 Θεῷ
1496 3916 1797 3987 σχολάζειν,
1831 3918 1972 3988 μετὰ

378 4014 442 4069 τὸ
462 4015 617 4069 ικατὰ
647 4015 738 4068 τὸν
770 4015 931 4086 νόμον
963 4014 1112 4087 βιοῦν
1131 4058 1146 4082 ,
1201 4018 1295 4070 καὶ
1327 4017 1567 4085 εὐλόγως
1591 4016 1888 4085 ἐπιγνῶναι
1910 4017 1973 4071 τὸ

378 4121 548 4175 αὑτοῦ
575 4120 765 4184 σκεῦος
792 4122 874 4184 είς
906 4122 1247 4176 παιδοποιίαν
1262 4118 1280 4152 “·
1323 4121 1399 4186 ὠς
1426 4124 1517 4177 καὶ
1545 4124 1594 4176 oi
1620 4124 1839 4176 παλαιοὶ
1864 4139 1970 4177 πα-

378 4214 537 4285 τέρες
577 4213 734 4285 ἡμῶν
770 4213 946 4285 τούτῳ
975 4213 1054 4285 τῷ
1094 4214 1224 4268 εῖδει
1271 4215 1602 4286 κέχρηνταιο
1642 4215 1718 4279 ὼς
1745 4214 1836 4268 καί
1865 4231 1969 4268 που

380 4307 698 4378 ερρήκαμεν
740 4305 1004 4375 λέγουσαν
1055 4305 1153 4377 τὴν
1194 4307 1449 4378 Γραφήν·
1507 4307 1781 4361 Ῥεϐέκκα
1813 4306 1870 4360 δὲ
1901 4306 1971 4370 ἐξ

379 4398 521 4465 ἐνὸς
543 4398 758 4467 κοίτην
783 4400 1035 4467 ἔχουσα.
1067 4398 1140 4451 Τὸ
1168 4397 1245 4465 δὲ,
1274 4399 1342 4463 ἐξ
1370 4398 1527 4464 ἐνὸς,
1557 4398 1749 4461 εἰπὼν,
1779 4399 1971 4470 σεμνό-

379 4504 538 4558 τερον
585 4489 723 4559 μὲν¹
770 4488 1094 4561 διηγήσατο,
1148 4489 1315 4555 ἔδειξε
1359 4489 1415 4543 δὲ
1455 4491 1555 4562 τὴν
1586 4490 1847 4563 σύλληψιν
1893 4491 1970 4544 δι-

2152 2746 2319 2801 ΧΧΙΙ.
2353 2744 2567 2815 Quippe
2603 2744 2856 2799 nonnulli
2886 2751 3037 2807 sunt,
3066 2742 3161 2812 qui
3193 2756 3318 2796 cum
3373 2739 3439 2792 ad
3478 2740 3664 2793 luxum

2082 2854 2147 2894 ac
2173 2838 2401 2893 delicias
2431 2835 2588 2892 eti'usi
2633 2836 2767 2898 sint,
2795 2842 2850 2890 et
2879 2833 3243 2904 perniciosam
3275 2839 3509 2885 mentem
3541 2843 3667 2883 cou—

2077 2929 2346 2999 ceperint,
2388 2928 2516 2997 jure
2554 2942 2623 2980 an
2657 2924 2859 2995 injuria
2904 2931 3126 2979 salictos
3175 2921 3367 2976 iisdem
3400 2919 3665 2975 fmditatis

2079 3021 2310 3077 maculis
2375 3034 2671 3088 aspergere
2730 3023 3051 3069 conantur:
3107 3030 3221 3085 quo
3270 3028 3438 3083 pravo
3469 3020 3523 3067 et
3570 3012 3667 3065 im-

2074 3114 2270 3170 becillo
2302 3113 2486 3167 animo
2516 3126 2617 3166 suo
2657 3111 2947 3164 honestum
2978 3108 3212 3177 aliquem
3255 3106 3494 3160 colorem
3547 3118 3668 3174 spe-

2075 3206 2327 3275 ciemque
2372 3203 2732 3272 conquirant.
2784 3200 2991 3256 Contra
3044 3214 3186 3269 quos
3239 3197 3539 3268 Apostolus
3589 3196 3665 3250 ita

2074 3299 2359 3369 loquitur:
2404 3297 2573 3352 Velim
2604 3312 2783 3350 omnes
2818 3295 2920 3349 mei
2958 3292 3161 3346 similes
3190 3307 3303 3350 esse
3326 3290 3368 3345 ³.
3417 3287 3523 3345 Ubi
3570 3289 3666 3343 illa

2073 3392 2262 3453 verba,
2294 3391 2395 3445 mei
2423 3389 2627 3444 similes
2652 3404 2787 3451 esse,
2822 3386 2892 3441 de
2933 3401 3041 3456 quo
3077 3384 3186 3440 alio
3212 3399 3375 3455 quam
3409 3382 3477 3439 de
3505 3381 3668 3437 Casti-

2077 3484 2267 3537 monia
2303 3482 2656 3552 interpretari
2691 3479 3037 3551 possumus?
3084 3475 3279 3531 Verum
3306 3486 3521 3546 propter
3550 3474 3664 3545 for-

2073 3574 2364 3629 nicationes
2409 3574 2767 3645 unusquisque
2812 3588 3032 3629 uxorem
3069 3587 3223 3626 suam
3279 3569 3511 3623 habeat:
3567 3566 3666 3624 sed

2072 3669 2127 3722 in
2161 3668 2332 3738 priori
2357 3675 2509 3738 parte
2526 3681 2828 3736 pronomen
2854 3664 3120 3729 detraxit,
3154 3661 3300 3734 quod
3323 3661 3665 3717 acerbiorem

2076 3759 2281 3831 alioqui
2353 3760 2838 3830 reprehensionem
2873 3765 2927 3813 et
2961 3756 3377 3826 castigationem
3419 3754 3663 3809 haberet.

2074 3853 2210 3909 Nam
2239 3869 2365 3908 cum
2402 3853 2590 3908 dicere
2631 3859 2838 3923 posset,
2879 3858 3106 3922 propter
3152 3848 3542 3904 fornicationes
3570 3862 3666 3901 ve-

2073 3955 2238 4005 stras.
2263 3959 2452 4000 vocem
2496 3943 2671 4009 illam,
2716 3951 2942 4006 vestras,
2998 3930 3256 3994 conSulto
3293 3937 3663 4009 praetermisit,

2076 4052 2149 4091 ne
2175 4036 2280 4090 hoc
2309 4035 2377 4090 ad
2413 4035 2722 4105 aliquormu
2781 4032 3172 4088 contumeliam
3202 4030 3410 4099 jecisse
3460 4029 3668 4085 videre—

2071 4134 2182 4182 tur.
2232 4125 2338 4183 Sed
2376 4125 2444 4180 ad
2487 4125 2783 4180 nonnullos
2818 4120 3266 4179 condemnandos
3318 4129 3403 4175 cst
3428 4120 3661 4184 dictum,

2072 4218 2167 4289 qui
2227 4233 2419 4273 vacare
2461 4216 2573 4272 Deo
2619 4217 2811 4271 nolunt
2843 4234 2856 4270 :
2890 4215 2967 4268 ita
3012 4220 3071 4267 ut
3108 4212 3329 4267 interim
3381 4211 3550 4266 vitam
3595 4225 3663 4265 cx

2074 4310 2208 4380 legis
2248 4309 2570 4379 praescripto
2616 4312 2953 4376 comparent,
3005 4312 3060 4358 et
3112 4303 3345 4357 honeste
3385 4315 3515 4356 vase
3561 4316 3662 4355 suo

2077 4401 2145 4455 ad
2200 4402 2405 4471 prolem
2443 4398 2852 4469 suscipiendam
2905 4402 3152 4459 utantur,
3202 4392 3661 4464 quemadmodum

2075 4500 2260 4561 patres
2321 4499 2543 4547 nostros
2597 4506 2731 4545 usos
2784 4488 2915 4543 olim
2963 4503 3087 4542 esse
3135 4485 3475 4542 didicimus:
3514 4483 3663 4554 quod

382 4580 546 4649 καίαν
575 4571 759 4633 οὖσαν.
796 4581 952 4635 Μετὰ
980 4582 1089 4657 γὰρ
1112 4581 1173 4634 τὸ
1196 4581 1487 4653 ἐσχηκέναι
1516 4582 1702 4645 τέκνα,
1730 4582 1967 4636 δείκνυσι

2075 4583 2277 4637 alicubi
2334 4580 2549 4653 1054
2603 4580 2887 4651 Scriptura
2939 4582 3184 4635 declarat
3223 4596 3238 4633 :
3277 4576 3526 4640 Rebecca,
3564 4577 3661 4629 in-

384 4671 583 4745 μηκέτι
610 4673 675 4742 τῇ
707 4672 928 4738 γυναικὶ
975 4672 1137 4727 αὐτὸν
1163 4672 1521 4743 συναφθέντα.
1584 4673 1721 4727 Ἀλλ’
1746 4673 1964 4744 ἐπειδή-

384 4777 492 4832 περ
525 4761 703 4832 ρᾀιον
746 4761 842 4815 καὶ
868 4763 1091 4835 εὐχερές
1130 4766 1279 4817 ἑστιν
1318 4765 1409 4818 ἐπὶ
1445 4765 1515 4818 τὰ
1560 4765 1737 4835 φαῦλα
1767 4764 1967 4836 μᾶλλον

382 4853 682 4924 τρέπεσθαι
708 4853 806 4925 τὴν
835 4855 1075 4909 διάνοιαν
1114 4856 1258 4930 ἥπερ
1302 4858 1393 4911 ἐπὶ
1422 4857 1490 4910 τά
1519 4859 1813 4927 ἀναγκαῖα,
1853 4859 1966 4912 ὀλι-

386 4944 588 5017 σθηροῦ
617 4947 768 5009 ὄντος
795 4945 886 5007 τοῦ
908 4947 1180 5019 ἡμετέρου
1197 4948 1537 5020 ἀνθρωπίνου
1566 4950 1852 5021 λογισμοῦ,
1873 4951 1969 5004 καὶ

383 5041 445 5094 ού
469 5041 655 5112 τάχιον
674 5040 986 5106 εὐθύνοντος
1014 5040 1178 5096 αὐτοῦ
1200 5042 1299 5114 τὴν
1324 5042 1502 5116 ὁρμὴν
1526 5044 1618 5097 ἐπὶ
1637 5044 1736 5117 τὴν
1755 5043 1968 5099 εὐθεῖαν

385 5134 504 5188 ὁδὸν
527 5133 622 5193 τοῦ
648 5134 874 5208 Κυρίου,
906 5134 1042 5187 ἀλλὰ
1068 5133 1340 5198 κλίνοντος
1358 5135 1433 5206 πὴ
1461 5136 1559 5206 μὲν
1583 5137 1673 5189 ἐπὶ
1703 5136 1771 5189 τὰ
1795 5136 1963 5204 δεξιά,

387 5228 463 5301 πὴ
492 5226 549 5279 δὲ
587 5227 679 5279 ἐπὶ
719 5226 787 5279 τὰ
822 5225 1103 5297 ἀριστερὰ,
1137 5227 1245 5280 καὶ·
1276 5226 1488 5299 βαρέως
1529 5227 1865 5301 πληροῦντος
1903 5230 1965 5282 τὸ

387 5318 539 5391 παρὰ
576 5318 655 5391 τῷ
686 5318 989 5389 Σολομῶντι
1023 5319 1338 5390 εἰρημένον·
1394 5320 1493 5386 Μὴ
1519 5322 1738 5389 κλίνης
1761 5322 1859 5375 ἐπὶ
1896 5320 1968 5375 τὰ

384 5412 576 5476 δεξιὰ,
610 5410 768 5481 μηδὲ
812 5410 910 5465 ἐπὶ
962 5410 1032 5470 τὰ
1061 5410 1384 5479 ἀριστεράο
1420 5410 1581 5464 πάλιν
1620 5411 1798 5477 ἄλλως
1832 5415 1967 5484 ἡμῖν

388 5501 760 5573 στρεφομένης
778 5500 878 5570 τῆς
902 5501 1100 5563 κακίας
1130 5501 1257 5571 περὶ
1282 5501 1408 5564 τοὺς
1431 5502 1629 5565 αὐτοὺς
1651 5501 1967 5573 λογισμοὺς,

385 5595 482 5646 καὶ
503 5590 750 5663 ὠθούσης
778 5590 935 5663 ἡμῶν
962 5591 1025 5644 τὸ
1054 5590 1270 5661 σῶφρον
1297 5593 1384 5659 ἐφ’
1409 5592 1603 5663 ἑτέρας
1632 5593 1795 5648 πάλιν
1819 5594 1971 5658 ὀδοὺς

390 5684 656 5757 βαδίζειν·
683 5683 1108 5756 ἁσφαλισὼμεθα
1126 5682 1217 5738 οὖν
1240 5687 1314 5757 μή
1342 5703 1459 5749 πως
1480 5686 1541 5738 τὸ
1566 5687 1971 5758 περισσοτέρως

462 5841 480 5872 ⁸
511 5857 599 5912 π).
633 5842 729 5915 μή.
808 5844 827 5876 ²
852 5841 1041 5903 Matth.
1074 5857 1174 5909 xu,
1213 5841 1301 5899 '55.
1380 5840 1399 5875 ³
1434 5840 1602 5899 ICor.
1635 5857 1729 5911 vu,
1765 5842 1818 5896 7.

2073 4677 2232 4747 quit,
2281 4691 2345 4729 ea:
2407 4692 2511 4729 uno
2558 4674 2870 4742 concipiens.
2919 4672 3004 4726 Ex
3080 4688 3205 4735 uno,
3255 4669 3426 4735 dixit;
3479 4676 3535 4723 et
3604 4677 3665 4723 ut

2076 4768 2345 4824 honestati
2376 4768 2710 4831 consuleret,
2751 4765 2897 4820 aliud
2948 4764 3082 4819 nihil
3112 4760 3364 4828 addidit,
3416 4759 3513 4816 sed
3562 4774 3662 4830 ge~

2076 4860 2418 4915 nerationcm
2448 4859 2597 4913 illam
2620 4858 2827 4929 justam
2853 4873 2918 4912 ac
2956 4857 3256 4927 legitimam
3285 4854 3456 4908 fuisse
3492 4852 3665 4923 signi-

2076 4952 2279 5007 ﬁcavit.
2321 4950 2502 5017 Quare
2541 4961 2664 5021 post
2709 4957 2998 5019 susceptos
3047 4948 3251 5003 liberos
3292 4931 3500 5000 nullam
3542 4959 3660 4996 am-

2075 5045 2222 5115 plius
2251 5044 2300 5099 ei
2333 5059 2457 5099 cum
2486 5043 2578 5097 illa
2604 5041 3059 5097 consuetudinem
3094 5026 3266 5094 fuisse
3294 5037 3656 5092 demonstrat.

2076 5141 2142 5192 Et
2170 5138 2430 5208 quoniam
2464 5135 2627 5191 facile
2660 5151 2725 5190 ac
2750 5135 2996 5205 proclive
3024 5132 3183 5186 nobis
3212 5141 3295 5185 est
3322 5135 3559 5184 mentem
3592 5128 3661 5183 ad

2071 5230 2344 5286 deteriora
2403 5230 2587 5299 potius
2646 5243 2810 5297 quam
2869 5225 2937 5281 ad
2983 5221 3297 5280 necessaria
3334 5218 3659 5294 deﬂectere;

2070 5334 2310 5390 cumque
2355 5317 2606 5373 lubricus
2657 5317 2729 5372 sit
2764 5315 3003 5370 hominis
3053 5313 3289 5374 animus,
3330 5325 3431 5366 nec
3468 5309 3535 5363 ad
3572 5325 3660 5364 re-

2071 5421 2215 5468 ctam
2251 5410 2468 5467 Domini
2504 5410 2647 5463 viam
2703 5409 2964 5479 impetum
2996 5406 3177 5462 statim
3221 5417 3380 5459 suum
3426 5406 3688 5456 conten-5

2076 5505 2394 5573 tionemquc
2436 5503 2657 5573 dirigat,
2697 5498 2792 5555 sed
2848 5499 2916 5554 ad
3003 5497 3252 5551 dextram
3306 5492 3657 5549 sinistramve

2079 5596 2339 5662 declinet,
2398 5602 2563 5666 atque
2614 5608 2757 5663 aagre
2811 5589 3101 5646 admodum
3159 5589 3284 5641 huic
3347 5582 3656 5639 Salomonis

2081 5696 2350 5761 praecepto
2388 5693 2574 5757 pareat
2608 5704 2620 5741 :
2660 5682 2742 5739 Ne
2763 5682 2991 5738 declines
3017 5680 3085 5736 ad
3109 5679 3400 5742 dexteram,
3435 5690 3526 5730 nec
3586 5674 3655 5728 ad
