4134 6392
497 328 609 387 735

1925 329 1983 384 S.
2020 324 2363 381 EPIPIIANII

3673 320 3783 386 733

499 447 779 502 sinistram
801 447 820 480 ¹
855 467 869 503 :
902 464 1028 503 cum
1063 448 1300 518 denique
1333 448 1481 502 circa
1530 445 1752 501 easdem
1801 446 2093 516 c0gitatio-

2219 440 2549 511 ιγκωμιάσαι
2573 439 2672 511 τὴν
2689 438 2963 511 Παρθένον
2982 437 3208 509 γένηταί
3231 455 3337 491 τινι
3366 438 3447 502 εἰς
3469 437 3598 494 ἄλλο
3620 440 3784 509 πρόσ-

504 551 607 592 nes
636 552 759 594 sese
803 547 1057 609 torqueat
1098 555 1162 594 ac
1211 548 1392 594 verset
1421 538 1772 609 improbitas,
1800 546 1855 592 et
1896 537 1961 593 ad
1991 537 2096 590 alia

2208 550 2399 603 κομμα
2426 532 2745 602 φαντασίας.

502 633 703 688 itinera
782 634 1119 703 capessenda
1190 632 1626 688 moderationem
1679 641 1926 688 nostram
1976 629 2245 699 impellat,
2309 626 2619 680 cavendum
2678 625 2812 680 illud
2863 625 3022 680 nobis
3076 633 3196 689 est,
3266 640 3335 680 ne
3380 624 3639 680 effusiora
3695 625 3789 684 illa

503 725 679 785 beata:
714 725 953 797 Virginis
1012 728 1286 798 praeconia
1343 729 1572 784 alterius
1611 730 1820 784 erroris
1857 737 1911 783 et
1940 726 2264 782 offensionis
2296 723 2582 777 materiam
2622 721 2788 776 alicui
2830 720 3065 776 fortasse
3098 722 3398 791 praebeant.

573 815 761 873 XXIII.
807 817 1020 873 Etenim
1059 820 1156 890 qui
1203 821 1259 874 in
1303 818 1503 874 Filium
1546 821 1930 877 contumeliosi
1967 835 2092 875 esse

506 910 828 974 voluerunt,
880 917 941 965 ut
997 919 1159 965 antea
1214 911 1549 965 declaratum
1602 920 1723 977 est,
1782 910 2094 966 abalienare

509 1000 689 1070 ipsum
737 1016 769 1055 a
810 1000 992 1057 Patris
1044 1003 1336 1059 divinitate
1373 1005 1726 1060 studuerunt.
1755 1005 1863 1058 Alii
1893 1020 1924 1059 e
1961 1019 2095 1059 con-

511 1093 682 1148 trario
715 1093 989 1150 diversam
1023 1095 1078 1149 in
1108 1105 1315 1166 partem
1348 1098 1634 1161 abeuntes,
1667 1112 1777 1167 quo
1803 1097 2096 1154 vehemen—

509 1183 620 1240 tius
669 1184 820 1239 illum
875 1186 1230 1252 bonorarent,
1265 1188 1515 1243 eumdem
1568 1204 1692 1243 esse
1746 1187 1990 1257 Patrem,
2040 1195 2096 1243 et

506 1274 737 1340 Filium,
777 1287 833 1333 et
888 1277 1150 1349 Spiritum
1198 1290 1451 1334 sanctum
1508 1295 1757 1335 asserere
1791 1281 1913 1335 ausi
1944 1290 2093 1335 sunt.

515 1365 820 1439 Utrobique
849 1385 981 1424 vero
1009 1370 1336 1425 insanabilis
1366 1378 1451 1426 est
1500 1386 1563 1425 ac
1597 1370 1878 1425 mortifera
1917 1372 2095 1443 plaga.

508 1458 589 1513 Ita
628 1460 775 1529 quod
835 1461 902 1515 ad
953 1470 1203 1516 sanctam
1246 1478 1310 1516 ac
1359 1462 1573 1516 beatam
1626 1462 1774 1516 illam
1819 1462 2100 1533 Virginem

510 1552 765 1621 pertinet,
818 1553 1043 1623 quidam
1096 1555 1555 1611 contumeliosius
1604 1553 1659 1609 in
1708 1556 1856 1611 illam
1897 1556 2097 1612 invecti

512 1652 664 1709 sunt,
692 1652 773 1710 ut,
805 1653 929 1714 post
968 1662 1238 1701 summum
1272 1646 1406 1701 Illud
1436 1656 1489 1702 et
1519 1649 1790 1719 integrum
1846 1648 2101 1703 incarna-

2269 813 2389 869 ΚΓ.
2423 816 2484 867 Οἱ
2513 814 2612 885 μὲν
2629 814 2738 885 γὰρ
2758 814 2839 878 είς
2868 814 2958 867 τὸν
2977 814 3104 867 Υἱδν
3131 812 3599 885 βλασφημοῦντες,
3620 814 3792 871 καθά-

2195 926 2301 979 περ
2348 924 2436 979 μοι
2500 907 2614 961 ἄνω
2682 906 3111 977 προδεδήλωται,
3173 904 3332 975 φύσει
3393 906 3789 978 ἀπαλλοτριοῦν

2195 1000 2360 1053 αὑτὸν
2386 999 2487 1067 τῆς
2520 998 2735 1069 Πατρὸς
2765 997 3018 1065 θεότητος
3046 996 3530 1067 ἐφιλοτιμήσαντο·
3560 996 3708 1050 ἁλλοι
3731 996 3789 1050 δὲ

2198 1090 2383 1154 πάλιν,
2412 1089 2615 1161 ἑτέρως
2642 1091 3027 1161 φρονήσαντες,
3049 1088 3124 1151 ὼς
3150 1086 3309 1160 δῆθεν
3333 1088 3566 1158 τιμῆσαι
3594 1104 3788 1160 περισ-

2201 1181 2438 1251 σοτέρως
2470 1180 2859 1251 προαχθέντες,
2894 1179 2985 1232 τὸν
3018 1180 3180 1234 αὑτὸν
3214 1175 3349 1232 εἶναι
3373 1178 3594 1250 Πατέρα
3616 1174 3787 1243 εἷπον,

2196 1272 2291 1324 καὶ
2322 1271 2412 1323 τὸν
2438 1270 2603 1323 αὐτὸν
2637 1270 2785 1330 Υίδν,
2825 1270 3007 1323 καὶτὸ
3051 1270 3183 1323 αύτὺ
3225 1270 3380 1337 ἆγιον
3412 1268 3665 1339 Πνεῦμαο
3701 1270 3794 1322 ἐπὶ

2195 1367 2251 1421 δὲ
2274 1368 2385 1429 τοῖς
2418 1365 2647 1435 μέρεσιν
2675 1363 3013 1436 ἀμφοτέροις
3060 1362 3275 1424 ἀνίατος
3313 1364 3346 1431 ἡ
3383 1360 3588 1431 πληγή.
3639 1361 3795 1415 οὕτω

2199 1462 2327 1531 περὶ
2344 1462 2444 1527 της
2480 1461 2639 1528 ἁγίας
2658 1458 2862 1527 ταύτης
2893 1456 2985 1509 καὶ
3009 1453 3363 1525 μακαρίτιδος
3387 1451 3792 1523 Ἀειπαρθένου,

2204 1559 2252 1609 οἱ
2286 1558 2382 1627 μὲν
2418 1554 2700 1624 ἐξυϐρίσαι
2751 1548 3173 1618 τετολμήκασιν,
3203 1544 3278 1608 ὡς
3316 1542 3675 1612 συναφθεῖσαν
3704 1543 3796 1595 αύο

2206 1649 2305 1720 τὴν
2330 1649 2494 1719 σαρκὶ
2527 1645 2663 1717 μετὰ
2688 1642 2787 1713 τὴν
2826 1640 3091 1712 μεγίστην
3122 1638 3338 1708 ἐκείνην
3379 1637 3472 1691 καί¹
3521 1636 3792 1708 ἀκραιφνῆ

511 1736 680 1791 tionis
742 1735 955 1790 Domini
1005 1739 1349 1809 mysterium,
1406 1739 1655 1808 corporis
1696 1754 1819 1794 eam
1872 1741 2104 1794 commi-

2219 1738 2520 1809 οἰκονομίαν
2551 1733 2645 1788 τοῦ
2680 1732 2906 1803 Κυρίου,
2946 1730 3046 1800 τῆς
3086 1728 3351 1798 ὲνσάρκου
3396 1724 3561 1779 αὑτοῦ
3594 1741 3795 1796 παρου-

513 1828 694 1883 stione
722 1828 986 1899 pollutam
1020 1829 1310 1885 dicerent:
1354 1830 1406 1885 id
1454 1833 1598 1902 quod
1634 1847 1852 1888 omnem
1899 1833 2104 1903 impro-

512 1916 747 1973 bitatem
789 1918 1234 1990 impietatemque
1270 1930 1515 1991 superat.
1556 1920 1825 1977 Caeterum
1858 1923 1932 1976 uti
1966 1937 2105 1977 non-

513 2010 699 2065 nullos
735 2017 947 2065 tantum
980 2029 1039 2067 se
1066 2012 1122 2066 in
1158 2012 1339 2068 scelus
1373 2015 1717 2069 commisisse
1757 2013 2054 2070 didicimus
2087 2054 2102 2078 ,

516 2102 599 2157 sic
631 2115 741 2157 non
772 2104 891 2157 sine
914 2102 1120 2173 ingenti
1143 2102 1511 2160 admiratione
1540 2104 1689 2160 aliud
1722 2105 1983 2175 quiddam
2014 2120 2107 2160 ac-

516 2192 763 2262 cepimus
796 2212 808 2248 :
846 2194 1144 2250 nonnullos
1195 2195 1449 2251 videlicet
1485 2197 1541 2251 in
1589 2197 1681 2262 iis,
1714 2213 1836 2268 quae
1867 2198 1935 2252 ad
1978 2214 2108 2253 san-

518 2284 823 2339 ctissimam
882 2282 1163 2356 Virginem
1219 2296 1509 2357 spectant,
1564 2304 1631 2343 eo
1682 2290 1935 2345 amentiae
1984 2306 2109 2360 pro—

518 2391 763 2445 gressos,
792 2384 851 2430 ut
882 2392 983 2447 pro
1018 2376 1128 2432 Deo
1166 2380 1327 2434 nobis
1362 2380 1512 2434 illam
1550 2381 1850 2437 obtrudere
1880 2383 2103 2449 vellent,

519 2481 587 2520 ac
621 2466 687 2521 de
716 2480 782 2521 ea
816 2469 963 2521 velut
1003 2475 1183 2522 mente
1219 2470 1364 2539 capti
1408 2477 1462 2525 et
1494 2468 1692 2525 furiosi
1724 2470 2105 2540 loquerentur.

517 2558 730 2615 Ferunt
772 2560 918 2614 enim
957 2561 1313 2617 mulierculas
1342 2561 1610 2632 quasdam
1655 2563 1711 2615 in
1745 2562 1967 2626 Arabia,
2000 2577 2109 2632 quo

520 2666 553 2706 e
612 2650 844 2706 Thracia
892 2650 1151 2722 profectae
1216 2660 1405 2718 erant,
1467 2668 1670 2706 novum
1726 2653 1859 2708 illud
1913 2654 2110 2725 dogma

520 2751 861 2798 commentas
897 2742 1113 2798 fuisse:
1153 2743 1290 2799 adeo
1328 2752 1387 2798 ut
1426 2744 1481 2797 in
1514 2743 1757 2813 Virginis
1803 2761 2002 2800 nomen
2057 2753 2112 2801 et

522 2838 785 2892 honorem
815 2836 1130 2907 collyridem
1175 2836 1291 2891 sive
1347 2847 1543 2889 tortam
1597 2837 1754 2905 panis
1794 2837 2113 2892 sacriﬁcan-

523 2934 607 2981 tes
640 2926 874 2980 offerant
906 2933 960 2980 et
990 2932 1297 2990 conventus
1329 2925 1601 2979 habeant:
1638 2926 1689 2978 in
1722 2929 2109 2992 sanctissimae,

524 3017 781 3085 inquam,
823 3013 1065 3086 Virginis
1117 3013 1327 3084 1055
1372 3029 1572 3069 nomen
1620 3014 1843 3068 modum
1891 3031 2111 3071 omnem

2210 1832 2329 1895 σίας
2353 1847 2365 1860 ·
2415 1830 2510 1883 καὶ
2551 1827 2666 1880 ἔστι
2702 1825 2858 1878 τοῦτο
2896 1823 3077 1892 πάσης
3109 1820 3409 1891 μοχθηρίας
3440 1816 3801 1872 δυσσεϐέστα-

2206 1943 2317 1981 τον.
2366 1925 2454 1988 Ὡς
2486 1922 2542 1975 δὲ
2575 1920 2731 1974 τοῦτό
2760 1934 2941 1987 φαμεν
2986 1912 3315 1984 ἐνηχηθῆναί
3355 1926 3509 1972 τινας
3545 1908 3687 1963 οὕτω
3717 1927 3800 1963 τε-

2206 2016 2539 2089 τολμηκέναι
2583 2014 2797 2083 ρᾴστως
2840 2006 3118 2061 ἐπιδοῦναι
3150 2002 3375 2065 ἑαυτοὺς
3410 2004 3478 2073 τῇ
3521 2000 3794 2072 ἁμαρτίᾳ’

2207 2110 2350 2165 οὕτω
2396 2109 2491 2163 καὶ
2518 2107 2578 2159 τὸ
2607 2105 2794 2175 ἕτερον
2821 2099 3254 2175 τεθαυμάκαμεν.
3282 2096 3441 2151 πάλιν
3477 2094 3793 2164 ἀκηκοότες.

2212 2199 2440 2260 Ἀλλους
2470 2196 2581 2265 γὰρ
2601 2193 2761 2247 πάλιν
2786 2189 3152 2260 ἁφραίνοντας
3182 2188 3260 2250 είς
3284 2188 3383 2258 τὴν
3414 2188 3555 2257 ὑπὲρ
3579 2186 3678 2256 τῆς
3706 2185 3796 2238 αὑ-

2208 2296 2307 2364 τῆς
2342 2291 2506 2356 ἁγίας
2541 2284 2935 2357 Ἀειπαρθένου
2967 2283 3246 2346 ὑπόθεσιν,
3275 2282 3394 2335 ἀντὶ
3423 2279 3560 2334 Θεοῦ
3593 2279 3796 2348 ταύτην

2210 2384 2568 2457 παρεισάγειν
2593 2377 3015 2442 ἐσπουδακότας,
3043 2375 3137 2428 καὶ
3168 2372 3587 2437 σπουδάζοντας,
3612 2372 3706 2425 καὶ
3737 2372 3796 2423 ὲν

2211 2477 2573 2550 ὲμόροντήσει
2601 2473 2707 2526 τινὶ
2750 2471 2845 2524 καὶ
2895 2466 3286 2541 φρενοϐλαϐείᾳ
3318 2465 3669 2537 φερομένους.
3715 2464 3796 2516 Δι-

2210 2567 2465 2641 ηγοῦνται
2477 2564 2687 2637 γάρ,ὥς
2698 2581 2840 2625 τινες
2851 2564 3103 2632 γυναῖκες
3118 2561 3294 2612 ἐκεῖσε
3307 2560 3363 2611 ὲν
3372 2560 3438 2629 τῇ
3456 2555 3681 2628 Ἀραὸίᾳ
3691 2552 3801 2609 ἁπδ

2210 2661 2319 2714 τῶν
2345 2678 2409 2731 με
2419 2659 2523 2731 ρῶν
2544 2659 2643 2728 τῆς
2661 2657 2883 2729 Θρᾴκης
2899 2654 3055 2708 τοῦτό
3075 2670 3139 2722 γε
3161 2652 3219 2705 τὸ
3236 2649 3596 2721 κενοφώνημα
3617 2645 3804 2718 ἐνηνό-

2212 2771 2391 2826 χασιν,
2424 2753 2500 2814 ὡς
2527 2753 2607 2814 εἰς
2632 2750 2801 2820 ὄνομα
2827 2748 2929 2818 τῆς
2954 2743 3338 2816 ’Δειπαρθένου
3370 2741 3658 2814 κολλυρίδα
3681 2737 3803 2809 τινὰ

2214 2844 2505 2907 ἐπιτελεῖν,
2550 2844 2644 2895 καὶ
2686 2838 3014 2909 συνάγεσθαι
3054 2836 3358 2900 ὲπιτοαυτὺ,
3395 2835 3489 2888 καὶ
3520 2834 3599 2896 είς
3633 2832 3805 2903 ὄνομα

2220 2939 2318 3009 τῆς
2363 2937 2521 3004 ἁγίας
2556 2933 2835 3005 Παρθένου
2886 2932 3023 3002 ὑπὲρ
3065 2928 3126 2983 τὸ
3187 2928 3382 3001 μέτρον
3416 2944 3470 2979 τι
3512 2924 3806 2995 πειρᾶσθαι

2217 3028 2462 3098 ἀθεμίτῳ
2505 3025 2599 3079 καὶ
2650 3023 2952 3094 βλασφήμῳ
3002 3022 3298 3091 ἐπιχειρεῖν
3357 3017 3663 3089 πράγματι.
3715 3016 3810 3069 καὶ

525 3106 1241 3180 ρτωιθιθςτρεεοε,ιιθΐεινίίιιιι
1285 3122 1419 3170 rem,
1453 3114 1506 3161 et
1546 3122 1671 3161 cum
1704 3106 1796 3161 Dei
1834 3116 2113 3163 contume-

2219 3118 2295 3179 εἰς
2332 3115 2501 3184 ὄνομα
2544 3114 2714 3181 αὐτῆς
2752 3112 3056 3182 ἱερουργεῖν
3091 3108 3180 3163 διὰ
3223 3107 3528 3178 γυναικῶν·
3579 3106 3716 3177 ὅπερ
3751 3104 3813 3158 τὸ

525 3200 601 3253 lia
653 3198 1010 3269 conjunctam
1062 3197 1308 3268 aggredi,
1353 3198 1457 3252 hoc
1490 3206 1575 3253 est
1625 3198 1679 3251 in
1714 3200 1859 3255 illius
1913 3216 2111 3255 nomen

527 3305 627 3361 per
668 3292 925 3345 mulieres
974 3291 1249 3344 sacrificia
1297 3289 1497 3346 facere.
1540 3288 1698 3355 Quod
1741 3291 1961 3361 quidem
2009 3293 2114 3346 im-

528 3384 678 3455 pium
721 3399 786 3438 ac
830 3384 1125 3438 scelestum
1185 3389 1286 3443 est,
1332 3390 1386 3436 et
1430 3398 1461 3436 a
1506 3382 1683 3436 sancti
1736 3381 1976 3453 Spiritus
2014 3387 2117 3440 do-

530 3480 707 3535 ctrina
735 3495 964 3549 prorsus
1006 3479 1265 3532 alienum.
1306 3476 1488 3543 Quare
1538 3484 1713 3530 totum
1768 3477 1897 3531 illud
1937 3494 1966 3531 a
2003 3478 2117 3533 da:-

531 3575 713 3629 monis
761 3572 941 3625 afﬂatu
984 3580 1039 3626 et
1087 3570 1286 3639 impuri
1328 3571 1558 3639 spiritus
1605 3568 1893 3639 disciplina
1934 3570 2118 3639 profe-

534 3675 683 3720 ctum
729 3673 835 3720 est.
891 3664 1007 3718 lIoc
1049 3666 1194 3717 enim
1241 3664 1295 3718 in
1344 3665 1480 3734 ipsis
1532 3665 1828 3733 impletur:
1868 3663 2123 3732 Deﬁcient

534 3753 749 3823 quidam
789 3772 821 3807 a
856 3771 991 3808 sana
1015 3755 1282 3816 doctrina,
1321 3756 1646 3809 intendentes
1678 3754 1875 3824 fabulis
1924 3765 1973 3808 et
2024 3755 2125 3809 do-

535 3843 722 3898 ctrinis
748 3843 1133 3897 dwmoniorum
1159 3847 1203 3897 ³.
1238 3844 1411 3898 Erunt
1455 3847 1621 3907 enim,
1647 3846 1843 3915 inquit,
1884 3855 2127 3902 mortuos

538 3936 782 3990 colentes
811 3976 826 4001 ,
886 3937 1347 4007 quemadmodum
1402 3938 1547 4009 apud
1596 3936 1872 3994 lsraelitas
1922 3939 2128 3994 honore

537 4035 668 4081 sunt
715 4028 916 4082 affecti.
981 4028 1059 4082 Ita
1112 4028 1317 4082 factum
1372 4036 1477 4095 est,
1526 4035 1586 4083 ut
1637 4040 1976 4096 sanctorum,
2033 4033 2127 4101 qui

539 4123 657 4179 auis
712 4123 1051 4193 temporibus
1105 4124 1431 4189 ﬂoruerunt,
1468 4111 1785 4182 redundans
1837 4126 1897 4181 iu
1951 4124 2123 4184 Deum

539 4214 890 4270 occasionem
927 4215 1134 4271 erroris
1168 4215 1436 4269 attulerit.

609 4305 801 4362 XXIV.
831 4306 1041 4362 Etenim
1073 4304 1314 4372 Sicimis,
1343 4321 1465 4375 quae
1508 4305 1669 4361 hodie
1700 4305 1958 4379 Neapolis
1988 4308 2129 4362 dici-

542 4407 654 4465 tur,
686 4415 844 4455 sacra
872 4400 1120 4470 quaedam
1150 4398 1529 4468 abvindigenis
1560 4401 1616 4455 in
1641 4401 1904 4456 honorem
1939 4401 2130 4470 puella:

2222 3209 2330 3262 πᾶν
2376 3209 2521 3259 ἐστιν
2579 3206 2773 3267 ἀσεϐὲς
2826 3203 2921 3256 καὶ
2967 3203 3251 3273 ἀθέμιτον,
3296 3199 3664 3272 ἠλλοιωμένον
3706 3196 3815 3251 ἀπὸ

2222 3299 2315 3356 τοῦ
2360 3299 2714 3371 κηρύγματος
2759 3296 2851 3350 τοῦ
2891 3298 3047 3365 ἁγίου
3094 3294 3446 3365 Πνεύματος,
3495 3293 3639 3345 ὥστε
3676 3287 3817 3343 εἶναι

2224 3392 2285 3446 τὸ
2333 3392 2441 3444 πᾶν
2483 3389 2787 3443 διαϐολικὺν
2837 3389 3153 3460 ἐνέργημα,
3209 3387 3302 3440 καὶ
3342 3384 3651 3454 πνεύματος
3681 3382 3820 3435 ἀκα-

2227 3484 2425 3555 θάρτου
2467 3482 2798 3535 διδασκαλία.
2853 3481 3172 3552 Πληροῦται
3207 3479 3316 3551 γὰρ
3348 3478 3442 3531 καὶ
3476 3477 3568 3529 ἐπὶ
3593 3474 3823 3536 τούτους

2227 3579 2309 3638 τὸ,
2346 3576 2823 3643 Ἀποστήσονταί
2843 3593 3000 3640 τινες
3024 3573 3134 3642 τῆς
3162 3572 3373 3642 ὑγιοῦς
3399 3570 3823 3633 διδασκαλίας,

2230 3668 2637 3738 προσέχοντες
2651 3671 2864 3738 μύθοις
2889 3670 2986 3722 καὶ
3024 3667 3447 3730 διδασκαλίαις
3475 3662 3823 3732 δαιμονίων.

2235 3763 2493 3814 Ἔσονται
2523 3762 2653 3832 γὰρ,
2689 3760 2845 3829 φησι,
2895 3763 3111 3831 νεκροῖς
3144 3758 3495 3830 λατρεύοντες
3536 3757 3613 3819 ὠς
3642 3754 3739 3807 καὶ
3770 3754 3827 3804 ἐν

2231 3850 2308 3921 τῷ
2350 3851 2563 3924 Ἰσραὴλ
2584 3852 2979 3921 ἐσεϐάσθησαν.
3002 3853 3111 3905 Καὶ
3140 3855 3172 3923 ἡ
3212 3851 3321 3903 τῶν
3345 3851 3516 3919 ἁγίων
3548 3846 3692 3900 κατὰ.
3714 3861 3827 3899 και-

2237 3945 2325 4013 ρὸν
2360 3947 2437 4007 εἰς
2473 3946 2604 3997 Θεὸν
2644 3946 2769 4009 δόξα
2810 3946 2989 4008 ἄλλοις
3029 3944 3219 4014 γέγονε
3257 3946 3371 4008 τοῖς
3419 3942 3491 4015 μὴ
3526 3938 3701 4011 δρῶσι
3729 3935 3829 4007 τὴν

2237 4038 2498 4109 ἀληθειαν
2534 4041 2614 4099 είς
2650 4039 2877 4109 πλάνην.

2201 4134 2372 4203 gloria
2440 4137 2605 4200 aliis,
2660 4136 2753 4205 qui
2794 4135 3077 4190 veritatem
3127 4132 3351 4188 minime
3405 4132 3806 4202 perspicerent,

2312 4311 2438 4363 ΚΔν.
2488 4309 2575 4361 Ἐν
2610 4308 2718 4381 γὰρ
2743 4308 3010 4379 Σικίμοις,
3046 4306 3322 4361 τουτέστιν
3351 4309 3408 4360 ὲν
3435 4310 3501 4379 τῇ
3526 4310 3646 4361 νυνὶ
3675 4310 3824 4363 Νεα-

2240 4401 2415 4465 πόλει,
2454 4401 2643 4464 θυσίας
2681 4402 2729 4454 οἱ
2781 4399 3064 4471 ἐπιχώριοι
3102 4399 3346 4452 τελοῦσιν
3395 4402 3475 4461 εἰς
3506 4399 3677 4470 ὄνομα
3723 4402 3829 4470 τῆς

542 4490 909 4553 celebrantur,
935 4489 1080 4560 quod
1113 4489 1182 4543 ab
1204 4487 1438 4558 Jephthe
1469 4490 1578 4543 filia
1602 4505 1857 4545 manasse
1883 4488 2114 4551 videtur,

2235 4495 2438 4565 Κόρης,
2483 4493 2641 4565 δῆθεν
2677 4495 2743 4548 ὲκ
2772 4493 3099 4562 προφάσεως
3137 4492 3237 4560 τῆς
3271 4489 3540 4561 θυγατρὸς
3583 4491 3816 4561 Ἰεφθάε,

543 4598 666 4654 quae
726 4581 837 4637 Deo
876 4581 1151 4651 quondam
1216 4581 1526 4637 sacrificata
1579 4582 1759 4637 fuerat
1785 4581 1825 4636 ³.
1860 4580 1993 4647 Quae
2042 4596 2130 4636 res

544 4675 762 4730 miseris
789 4673 1103 4729 hominibus
1128 4673 1451 4729 idololatria:
1496 4674 1919 4743 inanissimique
1947 4674 2131 4728 cultus

545 4766 829 4821 materiam
854 4766 1103 4836 praebuit.
1124 4766 1265 4831 Quin
1296 4766 1458 4820 etiam
1482 4765 1787 4822 Pharaonis
1814 4766 2000 4833 tiliam,
2017 4781 2138 4835 quae

546 4873 765 4914 servum
805 4855 900 4910 Dei
934 4856 1151 4928 Moysen
1186 4858 1477 4912 honoravit
1496 4861 1540 4921 δ,
1576 4865 1629 4911 et
1671 4858 1948 4913 sublatum
1987 4873 2126 4912 enu-

548 4950 720 5016 trivit,
760 4957 985 5020 prOpter
1014 4950 1284 5005 celebrem
1319 4949 1535 5020 pueruli
1566 4948 1768 5003 famam
1808 4950 2134 5019 impensius,

546 5057 713 5114 quam
748 5057 848 5113 par
883 5050 1025 5106 erat,
1063 5057 1129 5098 ac
1188 5058 1288 5112 pro
1351 5042 1465 5096 Deo
1498 5049 1827 5098 venerantes
1869 5041 2134 5115 IEgyptii,

549 5133 860 5189 istiusmodi
891 5135 1345 5203 superstitionem
1375 5135 1429 5189 in
1459 5135 1691 5190 stolidos
1720 5134 1971 5190 homines
1992 5136 2139 5190 deri-

549 5236 731 5279 vatam
782 5224 991 5281 nefarie
1047 5235 1442 5297 propagarunt.
1487 5225 1629 5297 Ergo
1682 5227 1758 5280 illi
1813 5225 2136 5282 Thermntin

550 5318 857 5387 Amenophi
898 5314 1087 5381 tiliam,
1130 5319 1233 5373 hoc
1263 5326 1348 5373 est
1387 5318 1712 5380 Pharaonis,
1755 5318 1985 5373 adorare
2016 5335 2139 5389 per-

552 5418 725 5480 gunt,
775 5410 960 5479 quod,
993 5417 1053 5463 ut
1113 5418 1272 5465 antea
1327 5411 1476 5475 dixi,
1519 5409 1743 5481 Moysen
1797 5410 2132 5467 educaverit.

631 5569 647 5600 ³
682 5565 842 5624 Prov.
873 5585 947 5635 IV,
982 5569 1071 5623 ‘27.
1153 5572 1175 5603 ¹
1199 5569 1215 5623 Ι
1243 5567 1385 5623 Tim.
1418 5584 1492 5634 tv,
1527 5568 1579 5622 I.

1656 5568 1677 5601 ³
1701 5566 1877 5623 Judic.
1910 5586 1985 5634 XI,
2018 5571 2041 5623 1
2079 5587 2200 5639 sqq.

2233 4586 2335 4655 τῆς
2368 4601 2497 4637 ποτε
2538 4582 2993 4655 προσενεχθείσης
3035 4580 3113 4652 τῷ
3150 4580 3269 4652 Θεῷ
3311 4581 3392 4643 εἰς
3441 4579 3668 4643 θυσίας.
3730 4582 3826 4634 καὶ

2236 4681 2350 4741 τοῖς
2380 4677 2754 4747 ἡπατημένοις
2788 4676 2945 4730 τοῦτο
2986 4675 3209 4743 γέγονεν
3252 4674 3333 4738 εἰς
3368 4672 3573 4743 βλάϐην
3617 4671 3837 4726 εἰδωλο-

2238 4771 2494 4843 λατρείας
2522 4771 2617 4823 καὶ¹
2663 4770 3039 4841 κενολατρίας.
3090 4767 3253 4821 Ἀλλά
3301 4768 3394 4820 καὶ
3428 4766 3527 4837 τὴν
3562 4765 3839 4836 θυγατέρα

2241 4862 2335 4915 τοῦ
2365 4860 2566 4933 Φαραὼ
2594 4862 2907 4932 τιμήσασαν
2948 4860 3039 4913 τὸν
3071 4858 3258 4911 δοῦλον
3285 4857 3378 4911 τοῦ
3402 4856 3538 4911 θεοῦ
3572 4857 3836 4917 Μωῢσέα,

2247 4954 2577 5023 ἀνελομένην
2605 4970 2664 5005 τε
2718 4954 2814 5006 καὶ
2849 4951 3256 5024 ἁναθρέψασαν,
3302 4948 3390 5003 διὰ
3429 4948 3492 5002 τὸ
3523 4949 3830 5020 περίφημοε,

2244 5045 2365 5097 τότε
2389 5045 2484 5097 τοῦ
2516 5044 2729 5098 παιδίου
2753 5044 2895 5115 ὑπὲρ
2923 5045 2983 5096 τὸ
3023 5044 3140 5096 δέον
3179 5043 3508 5113 τιμήσαντες
3546 5040 3843 5109 Αἰγύπτιοι.

2245 5138 2368 5191 ἀντὶ
2427 5137 2600 5202 Θεοῦ,
2660 5138 2753 5190 καλ⁵
2804 5137 2962 5191 τοῦτο
3014 5139 3094 5200 είς
3143 5137 3319 5204 κακὴν
3358 5134 3660 5206 παράδοσιν
3725 5118 3844 5197 τοῖς

2244 5232 2497 5301 ἀνοήτοις
2527 5230 2855 5301 παρέδωκαν
2881 5230 2959 5292 εἰς
2990 5216 3306 5299 θρησκείαν.
3334 5228 3443 5280 Καὶ
3471 5224 3844 5296 προσκυνοῦσι

2243 5321 2343 5391 τὴν
2379 5321 2682 5391 Θέρμουτιν
2712 5321 2810 5389 τὴν
2842 5317 3121 5389 θυγατέρα
3151 5317 3259 5385 (I0)
3293 5316 3388 5370 τοῦ
3431 5314 3707 5387 ’Δμενὼφ,
3732 5315 3843 5379 ἕως

2245 5412 2365 5464 τότε
2400 5410 2599 5483 Φαραὼ
2623 5413 2667 5479 ⁵,
2720 5410 2940 5482 ἐπειδὴ,
2976 5410 3051 5474 ὡς
3095 5413 3378 5482 προεῖπον,
3428 5407 3693 5480 ἀνέθρεψε
3749 5406 3844 5461 τὸν

2282 5572 2303 5603 ι
2333 5570 2504 5628 Exod.
2533 5586 2592 5637 ιι,
2630 5571 2714 5626 to.
2796 5573 2816 5602 -
2846 5569 2904 5624 F.
2939 5570 3245 5626 addendum
3274 5566 3390 5626 τοῦ.
3456 5540 3465 5555 ’

631 5702 766 5778 (Ιθλ
787 5700 908 5778 Τὴν
941 5702 1270 5778 Θὲιιίιοιντιιῇ
1299 5703 1413 5778 τὴν·
1445 5703 1758 5778 θυγατέρα.
1796 5703 2114 5775 Antenoplzit

2219 5723 2357 5778 Fgczu
2394 5708 2543 5763 illum
2580 5704 2799 5778 .‘Egypli
2832 5705 3096 5770 nominat,
3161 5702 3262 5758 sub
3329 5718 3438 5773 quo
3479 5700 3690 5773 Moyses
3740 5709 3844 5755 na-

560 5774 653 5828 ιω
690 5777 795 5839 est,
831 5775 885 5828 in
917 5790 1024 5843 quo
1057 5774 1274 5831 Eusebii
1305 5774 1600 5830 Chronicou
1631 5784 1850 5830 secutus
1881 5785 1985 5830 cst.
