4134 6392
369 359 478 416 73'?

938 354 1311 412 ADVERSUS
1352 354 1691 409 [UERESES
1731 352 1855 408 LIB.
1892 354 1981 410 lii.
2022 355 2183 411 T0,“.
2219 358 2281 411 ll.
2307 357 2665 413 —il!EliES.
2700 356 2982 414 LXXVl'l.

3517 358 3624 416 733

369 475 629 532 Μωῦσέα.
673 475 785 528 Καὶ
822 473 989 527 πολλὰ
1030 474 1253 527 τοιαῦτα
1301 474 1461 533 ὃμοια
1504 473 1725 540 γέγονεν
1758 472 1824 537 ,ὲν
1868 471 1959 523 κὸο

2063 473 2341 541 Ejusmodi
2393 476 2653 545 pleraque
2700 477 2765 532 ad
2824 491 3092 530 cmcorum
3151 476 3429 531 hominum
3477 478 3623 531 frau-

372 586 497 639 σμῳ
529 569 609 630 εἰς
667 566 874 635 πλάνην
928 566 1035 618 τῶν
1065 566 1469 636 ἠπατημένων,
1513 564 1573 616 οὐ
1623 563 1732 616 τῶν
1780 561 1951 630 ἁγίων

370 659 562 714 αἰτίων
585 658 753 709 ὄντων
789 656 929 707 τισὶν
959 658 1040 717 είς
1069 655 1420 726 πρόσκομμα,
1449 654 1550 723 τῆς
1586 653 1818 715 διανοίας
1843 651 1952 705 τῶν

374 747 677 819 ανθρώπων
708 748 781 818 μὴ
826 746 1162 817 ἠρεμούσης,
1205 746 1319 798 ἀλλ’
1367 747 1458 798 ἐπὶ
1509 744 1576 797 τὰ
1612 742 1825 814 πονηρὰ
1857 746 1952 795 ὲκ-

383 840 739 913 ςρεπομένης.
782 842 938 892 Ἤτοι
969 841 1077 910 γὰρ
1112 835 1379 892 ἀπέθανεν
1411 840 1444 908 ἡ
1486 837 1615 907 ἁγία
1654 836 1950 906 Παρθένος,

377 930 465 984 ιιαὶ
515 931 803 996 τέθαπται,
845 931 903 982 ὲν
952 933 1084 1001 τιμῇ
1115 930 1356 999 αὐτῆςη
1405 925 1698 998 κοίμησις,
1754 928 1847 980 καὶ
1896 928 1954 978 ἐν

373 1021 563 1093 ἁγνείᾳ
601 1024 633 1093 ἡ
666 1022 911 1093 τελευτὴ,
940 1024 1033 1075 καὶ
1068 1025 1124 1074 ὲν
1165 1021 1431 1093 παρθενίᾳ
1458 1024 1484 1073 6
1512 1021 1800 1088 στέφανος·
1836 1021 1954 1089 ἢτοι

371 1113 634 1187 ἀνῃρεθη,
668 1112 851 1176 καθὼς
879 1115 1221 1185 γέγραπται·
1258 1113 1369 1166 Καὶ
1394 1112 1507 1179 τὴν
1534 1111 1746 1179 ψυχὴν
1766 1109 1956 1176 αὐτῆς

372 1204 744 1258 διελεύσεται
769 1208 1039 1274 ῥομφαιά
1064 1221 1077 1235 ⁸
1110 1208 1166 1257 ὲν
1194 1206 1460 1276 μάρτυσιν
1495 1203 1663 1271 αὐτῆς
1689 1204 1749 1254 τὸ
1778 1202 1953 1263 κλέος,

375 1299 464 1350 καὶ
502 1299 559 1349 ὲν
612 1301 981 1368 μακαρισμοῖς
1032 1297 1092 1350 τὸ
1130 1298 1282 1366 ἅγιον
1337 1297 1506 1366 αὐτῆς
1560 1296 1746 1364 σῶμα·
1780 1293 1846 1345 δι’
1889 1288 1957 1362 ἧς

372 1388 488 1456 φῶς
534 1390 774 1443 ἀνέτειλε
823 1389 902 1460 τῷ
945 1389 1170 1459 κόσμῳ·
1207 1389 1325 1458 ἦτοι
1363 1387 1417 1439 δὲ
1458 1386 1657 1456 ἔμεινε.
1705 1385 1814 1437 Καὶ
1847 1386 1956 1454 γὰρ

370 1483 470 1540 οὐκ
491 1483 743 1536 ἀδυνατεῖ
768 1481 842 1551 τῷ
870 1480 989 1551 Θεῷ
1017 1480 1193 1532 πάντα
1214 1481 1407 1543 ποιεῖν,
1435 1478 1643 1546 ὅσαπερ
1675 1475 1952 1544 βούλεται·

369 1577 431 1630 τδ
464 1575 616 1638 τέλος
658 1573 767 1644 γὰρ
785 1572 970 1641 οαὺτῆς
1011 1570 1186 1633 οὐδεὶς
1226 1568 1385 1635 ἔγνω.
1424 1568 1576 1636 Πέρα
1615 1564 1710 1617 τοῦ
1749 1565 1957 1627 δέοντος

368 1668 431 1720 οὐ
466 1666 573 1738 χρὴ
625 1665 790 1734 τιμᾷν
823 1663 949 1725 τοὺς
980 1661 1202 1729 ἁγίους,
1242 1659 1379 1712 ἀλλὰ
1427 1658 1593 1726 τιμᾷν
1640 1656 1728 1707 τὸν
1779 1655 1956 1707 αὐτῶν

371 1750 674 1824 Δεσπότην.
732 1749 1037 1804 Παυσάσθω
1086 1747 1265 1800 τοίνυν
1308 1747 1340 1813 ἡ
1388 1744 1562 1814 πλάνη
1606 1744 1715 1794 τῶν
1753 1741 1959 1793 πεπλα-

378 1817 797 1916 quaeat-.0616
828 1840 937 1910 γὰρ
976 1834 1096 1899 Θεὸς
1122 1839 1155 1907 ἡ
1190 1833 1400 1906 Μαρία,
1438 1832 1561 1885 οὗτε
1602 1834 1694 1884 ἀπ’
1722 1831 1953 1902 οὐρανοῦ
1989 1817 2031 1870 Β

371 1938 569 2009 ἔχουσα
611 1935 672 1988 τὺ
718 1933 899 2003 σῶμα,
952 1929 1064 1983 ἀλλ’
1108 1931 1173 1981 ὲκ
1224 1927 1535 1996 συλλήψεως
1607 1925 1798 1993 ἀνδρὸς
1863 1926 1957 1976 καὶ

370 2027 650 2099 γυναικὸς,
689 2027 807 2078 κατ’
854 2022 1187 2090 ἐπαγγελίαν
1217 2020 1294 2083 δὲ,
1339 2018 1527 2091 ὥσπερ
1558 2019 1586 2071 ὁ
1638 2016 1842 2079 Ἰσαὰκ,
1878 2018 1956 2068 ol-

371 2117 756 2188 κονομηθεῖσα..
803 2113 914 2166 Καὶ
965 2112 1153 2182 μηδεὶς
1204 2112 1283 2172 είς
1331 2108 1503 2178 ὄνομα
1550 2106 1753 2176 ταύτης
1788 2123 1957 2176 προσ-

377 2209 588 2280 ρερέτω
606 2223 619 2236 ·
648 2204 841 2259 ἑαυτοῦ
865 2202 972 2274 γὰρ
992 2204 1090 2272 τὴν
1110 2201 1284 2271 ψυχὴν
1309 2200 1562 2252 ἁπόλλει¹
1586 2216 1597 2227 ·
1629 2202 1765 2269 μήτε
1792 2198 1955 2250 πάλιν

371 2299 772 2373 ἐμπαροινείτω
823 2296 1121 2368 ἐξυϐρίζων
1170 2296 1269 2365 τὴν
1313 2293 1472 2361 ἁγίαν
1523 2291 1817 2364 Παρθένον.
1863 2290 1954 2361 Μὴ

381 2396 482 2467 γὰρ
511 2394 753 2462 γένοιτοί
794 2391 855 2443 οὐ
920 2388 1170 2459 συνήφθη
1223 2387 1389 2457 σαρκὶ
1435 2385 1572 2456 μετὰ
1602 2384 1700 2454 τὴν
1738 2384 1951 2452 κύησιν,

381 2487 496 2542 δὺδὲ
527 2485 634 2555 πρὸ
663 2483 760 2553 τῆς
785 2482 1034 2551 κυήσεως
1065 2478 1160 2531 τοῦ
1198 2478 1470 2547 Σωτῆρος.

2052 562 2176 617 dent
2224 574 2277 617 et
2309 578 2551 619 errorem
2587 567 2641 618 in
2677 566 2937 620 mundum
2970 567 3277 621 introducta
3328 575 3478 631 sunt,
3514 584 3628 625 non

2054 654 2197 724 quod
2244 658 2421 709 sancti
2452 657 2709 725 cuiquam
2741 657 3060 712 oiiensionis
3091 673 3280 711 ansam
3312 660 3592 727 praebeant

2055 744 2148 797 sed
2183 745 2325 813 quod
2357 746 2748 814 conquiescere
2776 762 2930 802 mens
2964 748 3244 801 hominum
3290 757 3536 818 nequeat.
3572 758 3629 804 et

2055 839 2121 887 ad
2168 851 2334 904 prava
2392 837 2647 893 declinet.
2690 839 2899 891 Etenim
2945 841 3059 893 sive
3093 850 3307 894 mortua
3350 849 3432 894 est
3460 839 3625 910 Virgo

2056 928 2409 981 sanctissima
2438 943 2501 980 ac
2533 929 2766 997 sepulta,
2794 944 3010 983 summo
3030 944 3154 983 cum
3181 930 3470 998 splendore
3497 945 3600 984 con

2052 1020 2241 1087 juncta
2284 1033 2430 1071 mors
2481 1018 2628 1072 illius
2662 1027 2746 1071 est
2775 1062 2788 1082 ,
2821 1030 2875 1071 et
2921 1020 3268 1075 castissimus
3315 1020 3517 1083 exitus,
3564 1035 3629 1074 ac

2058 1108 2382 1174 virginitatis
2410 1107 2457 1161 ei
2496 1122 2698 1160 corona
2734 1122 3032 1173 concessa;
3071 1110 3187 1163 sive
3215 1109 3499 1163 interfecta
3520 1151 3535 1173 ,
3569 1119 3631 1164 ut

2058 1198 2301 1252 indicare
2351 1197 2636 1264 Scriptura
2683 1199 2895 1251 videtur
2948 1200 3031 1252 his
3087 1199 3308 1253 verbis:
3354 1198 3422 1251 Et
3460 1202 3629 1268 ipsius

2057 1291 2295 1341 animum
2337 1288 2626 1357 penetrabit
2651 1288 2863 1357 gladius
2887 1290 2928 1351 ³,
2975 1288 3203 1357 gloriam
3234 1299 3505 1360 martyres
3547 1290 3632 1343 ili-

2058 1391 2142 1436 ter
2180 1396 2243 1434 ac
2272 1380 2441 1434 decus
2474 1380 2704 1443 obtinet,
2734 1389 2788 1433 et
2817 1394 3034 1433 sacrum
3061 1380 3208 1434 illius
3243 1394 3443 1448 corpus
3479 1380 3631 1433 omni

2062 1474 2322 1526 feiicitate
2352 1473 2688 1525 cunmlatuni
2723 1481 2841 1537 est;
2885 1488 2977 1540 per
3017 1488 3179 1540 quam
3214 1473 3419 1525 mundo
3449 1473 3631 1525 lumen

2060 1564 2255 1616 illuxit.
2296 1560 2482 1615 Potest
2518 1562 2752 1629 denique
2790 1570 2844 1613 ct
2890 1578 2940 1612 ιιι
2976 1551 3083 1613 vita
3124 1563 3417 1615 mansisse.
3448 1558 3633 1614 Potest

2059 1655 2205 1707 enim
2240 1652 2387 1707 Deus
2414 1653 2681 1722 quidquid
2710 1652 2930 1713 libuerit
2954 1653 3203 1718 eiiicere;
3238 1667 3360 1705 nam
3389 1652 3455 1706 de
3488 1652 3632 1706 illius

2060 1743 2208 1795 exitu
2240 1742 2375 1795 nihil
2414 1751 2566 1795 certo
2589 1750 2831 1794 consmt.
2865 1738 3038 1793 Porro
3069 1740 3210 1793 ultra
3239 1754 3401 1809 quam
3435 1755 3532 1810 par
3564 1740 3636 1794 sit

2061 1841 2285 1887 sanctos
2307 1834 2555 1887 venerari
2585 1833 2739 1886 nefas
2765 1841 2883 1896 est;
2916 1832 3011 1887 sed
3045 1832 3260 1886 illorum
3282 1832 3635 1887 honorandus

2059 1931 2144 1976 est
2192 1921 2474 1977 Dominus.
2509 1921 2871 1987 Quamobrem
2910 1922 3127 1976 desinat
3183 1921 3402 1975 tandem
3456 1919 3636 1975 infeli-

2060 2013 2206 2066 cium
2239 2014 2329 2066 ille
2365 2013 2646 2066 hominum
2684 2028 2856 2065 error.
2890 2012 3075 2080 Reque
3110 2011 3255 2066 enim
3290 2011 3459 2064 Maria
3492 2011 3636 2065 Deus

2060 2112 2146 2158 est
2166 2146 2183 2170 ,
2221 2120 2400 2173 neque
2425 2106 2493 2158 de
2527 2104 2667 2157 cmlo
2702 2104 2916 2175 1056
2945 2119 3145 2172 corpus
3177 2105 3410 2173 accepit,
3442 2104 3537 2158 sed
3566 2104 3636 2156 ab

2064 2195 2183 2247 viro
2214 2209 2278 2246 ac
2319 2195 2549 2249 muliere
2582 2198 2786 2263 genita,
2817 2196 3035 2249 tametsi
3071 2211 3135 2249 ex
3168 2196 3551 2265 promissione,
3577 2204 3638 2250 ut

2061 2287 2189 2339 olim
2244 2284 2504 2350 lsaacus,
2545 2287 2812 2356 singulari
2862 2286 2957 2340 Dei
3000 2288 3070 2340 sit
3119 2287 3461 2357 providentia
3500 2302 3636 2342 con-

2061 2393 2240 2432 cessa.
2270 2378 2440 2453 Nemo
2464 2394 2596 2432 vero
2639 2380 2695 2433 in
2740 2380 2886 2432 illius
2918 2394 3117 2434 nomen
3150 2381 3483 2434 sacrificium
3507 2380 3639 2435 οσο-

2063 2479 2170 2535 rat,
2200 2471 2406 2539 alioqui
2436 2471 2769 2525 animaesue
2798 2483 3027 2525 mortem
3054 2483 3216 2541 atque
3251 2472 3478 2525 exitium
3506 2487 3669 2525 con-.

377 2585 593 2639 sciscet.
641 2580 826 2648 Neque
894 2591 1023 2630 vero
1069 2576 1123 2628 in
1200 2573 1606 2627 sanctissimam
1660 2569 1811 2622 illam
1877 2567 2272 2622 contumeliose
2312 2567 2666 2626 nerbacchari
2705 2567 2923 2622 audeat.
2971 2568 3128 2622 Absit
3170 2569 3355 2635 enim,
3410 2576 3469 2622 ut
3518 2578 3642 2639 post

378 2677 580 2733 editum
614 2672 949 2727 Salvatorem
973 2712 988 2735 ,
1018 2676 1114 2721 aut
1167 2675 1294 2721 ante
1332 2674 1574 2736 partum,
1614 2679 1816 2733 corpus
1855 2677 1981 2716 cum
2025 2662 2136 2716 ullo
2163 2663 2515 2728 coniunxisse
2542 2663 2777 2716 dicatur.

447 2769 578 2822 κε’.
614 2765 725 2819 Καὶ
757 2761 931 2817 ταῦτα
988 2760 1087 2831 μὲν
1136 2758 1205 2811 τὰ
1246 2758 1403 2825 ὀλίγα
1450 2759 1530 2820 εἰς
1579 2756 1805 2817 ἑαυτοὺς
1847 2754 1963 2806 δια-

378 2862 751 2931 σκοπήσαντες
775 2896 789 2919 ,
825 2854 1144 2926 ἐγράψαμεν
1187 2854 1297 2914 τοῖς
1334 2850 1677 2920 βουλομένοις
1716 2862 1964 2917 καταμα-

378 2954 491 3007 θεῖν
519 2954 619 3020 τῆς
661 2948 882 3020 Γραφῆς
913 2946 1012 3016 τὴν
1040 2944 1316 3015 ἀλήθειαν,
1362 2941 1457 2994 καὶ
1499 2940 1572 3011 μὴ
1602 2940 1778 3011 μάτην
1824 2953 1965 3008 παρα

378 3045 543 3099 οινεῖν
570 3043 682 3104 τοῖς
718 3039 927 3107 λόγοις,
960 3036 1053 3089 καὶ
1089 3034 1407 3105 βλάσφημον
1450 3047 1570 3083 τινα
1614 3030 1830 3091 ἑαυτοῖς
1876 3025 1967 3092 ἑξ-

378 3133 694 3199 οπλίζεσθαι
744 3129 1017 3200 γλῶτταν.
1060 3128 1123 3179 Εἰ
1158 3126 1215 3178 δὲ
1269 3122 1544 3194 βούλονταί
1585 3137 1728 3183 τινες
1776 3117 1959 3186 ἀνέχε-

380 3230 504 3283 σθαι
530 3230 574 3288 ⁸,
608 3225 730 3279 οὐδὲ
773 3220 1167 3291 καταδέχεσθαι
1194 3218 1262 3271 τὰ
1296 3215 1573 3283 ὲπωφελῆ,
1603 3212 1739 3265 ἀλλὰ
1762 3210 1961 3281 μᾶλλον

378 3317 667 3374 τάναντία·
704 3314 799 3367 καί¹
826 3312 918 3381 ἀφ’
955 3308 1111 3381 ἡμῶν
1154 3307 1265 3360 τῶν
1309 3304 1542 3359 εὐτελῶν
1581 3303 1733 3356 ἔσται
1769 3302 1960 3373 ῥητέον
2012 3362 2025 3377 Ι

378 3408 461 3475 τὸ,
497 3408 561 3461 '0
614 3404 853 3460 ἁκούων
910 3399 1210 3455 ἀκουέτω.
1242 3396 1342 3449 καὶ
1396 3398 1428 3449 d
1478 3389 1741 3448 ἀπειθῶν
1790 3391 1960 3445 ἀπει-

380 3501 549 3557 θείτω
568 3515 582 3530 ·
621 3497 694 3568 μή
723 3512 777 3548 τι
805 3495 918 3557 τοῖς
944 3489 1261 3551 ἀποστόλοις
1290 3487 1456 3541 κόπον
1486 3483 1792 3555 παρεχέτω,
1823 3483 1962 3552 μήτε

380 3595 512 3666 ἡμῖν
562 3589 779 3661 μηκέτι.
841 3588 910 3638 Ἀ
953 3584 1061 3654 γὰρ
1106 3581 1325 3652 ᾔδειμεν
1375 3575 1963 3666 σεμνότερα-καὶμὲπ-

382 3660 565 3751 ω’φελῆ
582 3660 647 3748 τῇ
679 3670 1183 3744 Ἐκκλησίᾳ,ταῦτα
1217 3668 1346 3738 περὶ
1371 3667 1468 3735 τῆς
1493 3664 1654 3733 ἁγίας
1685 3660 1961 3729 Παρθένου

382 3774 722 3845 εἰρήκαμεν,
756 3762 1178 3835 συνηγοροῦντες
1220 3761 1286 3829 τῇ
1341 3756 1484 3811 κατὰ
1520 3755 1696 3808 πάντα
1741 3769 1963 3823 κεχαρι-

382 3861 622 3933 τωμένη,
653 3858 728 3921 ὡς
755 3853 904 3936 εἶπεν
923 3856 951 3907 6
980 3850 1223 3921 Γαϐριὴλ
1242 3867 1255 3880 ο
1278 3848 1474 3917 Χαῖρε,
1500 3845 1958 3936 κεχαριτωμένη,

383 3955 417 4006 ὀ
463 3950 678 4017 Κύριος
720 3934 1054 4016 μετὰσοῦ.
1089 3943 1152 3993 Ei
1182 3940 1237 3991 δὲ
1288 3941 1316 3991 6
1354 3937 1556 4007 Κύριος
1608 3936 1722 4005 μετ’
1770 3934 1959 4002 αὐτῆς,

383 4040 502 4104 πῶς
533 4026 684 4092 ἔσται
714 4038 771 4089 ὲν
801 4032 1031 4104 συζυγίᾳ
1065 4031 1264 4102 ὲτέρᾳς
1301 4028 1426 4091 Πῶς
1449 4028 1506 4080 δὲ
1540 4026 1701 4099 σαρκὶ
1734 4025 1963 4095 πλησια-

386 4130 553 4196 ζουσα
595 4128 748 4181 έσται
789 4126 895 4179 ὑπὸ
923 4123 1127 4193 Κυρίου
1162 4119 1572 4190 φυλαττομένη;
1618 4118 1682 4171 Ui
1728 4118 1873 4183 ἆγιοι
1904 4119 1961 4168 ἐν

383 4216 934 4289 τιμῇ,ήὰνὰπαυσις
980 4210 1158 4265 αὐτῶν
1210 4213 1268 4262 ὲν
1329 4209 1495 4282 δόξῃ,
1553 4210 1587 4278 ἡ
1635 4206 1962 4263 ἁπεντεῦϐεν

382 4308 560 4364 αὐτῶν
606 4306 838 4378 ὲκδημία
879 4307 939 4357 ὲν
984 4302 1302 4370 τελειότητι,
1354 4303 1384 4352 6
1445 4299 1643 4371 κλῆρος
1683 4298 1860 4351 αὐτῶν
1904 4299 1962 4350 ἐν

388 4396 748 4468 μακαριότητι
778 4394 997 4465 (Η),’ὲν
1034 4394 1220 4462 μοναῖς
1252 4391 1453 4458 ἁγίαις,
1478 4392 1507 4442 ὀ
1532 4389 1690 4461 χορὸς
1716 4388 1830 4459 μετ’
1858 4390 1962 4457 ἀγα

2128 2751 2295 2806 XXV.
2337 2752 2462 2806 Haec
2509 2754 2822 2818 habuimus,
2862 2768 2983 2823 quae
3017 2754 3160 2824 apud
3235 2769 3341 2811 nos
3384 2755 3643 2811 meditata

2064 2841 2121 2895 in
2156 2858 2345 2897 eorum
2374 2844 2603 2912 gratiam
2631 2844 2780 2897 brevi
2808 2844 3106 2913 scriptione
3132 2846 3641 2915 complecteremur,

2065 2934 2158 3003 qui
2198 2949 2481 2988 sacrarum
2523 2934 2854 2990 Litterarutn
2888 2937 3172 2990 veritatem
3208 2939 3488 3008 percipere
3521 2948 3643 2995 stu-

2062 3025 2222 3095 dent,
2247 3041 2424 3095 neque
2452 3033 2657 3081 temere
2701 3027 3048 3083 sermonibus
3074 3029 3358 3095 insultare,
3395 3039 3488 3085 aut
3510 3047 3648 3087 con-

2064 3117 2402 3171 tuneliosam
2440 3117 2543 3171 sibi
2579 3118 2714 3186 ipsis
2754 3119 2991 3187 linguam
3029 3118 3349 3187 producere.
3393 3121 3551 3187 Quod
3595 3124 3644 3179 si

2066 3208 2159 3277 qui
2209 3206 2472 3278 refragari
2518 3209 2731 3274 malint,
2769 3223 2833 3262 ac
2873 3211 3071 3279 spretis
3105 3211 3349 3277 utilibus,
3384 3229 3506 3283 quae
3558 3215 3646 3271 his

2067 3301 2349 3352 contraria
2391 3307 2521 3353 sunt
2562 3301 2843 3370 amplecti,
2882 3317 2911 3354 a
2943 3302 3102 3357 nobis
3134 3302 3335 3358 inlimis
3373 3320 3645 3374 usurpan-

2067 3390 2198 3445 dum
2231 3390 2363 3445 illud
2395 3392 2541 3445 erit:
2581 3391 2686 3457 Qui
2729 3392 2902 3459 audit,
2959 3393 3178 3457 audiat;
3224 3396 3314 3460 qui
3358 3408 3646 3451 conrumaa:

2068 3488 2179 3543 est,
2236 3489 2526 3533 contumax
2576 3492 2688 3534 esto
2707 3480 2752 3545 ⁸,
2787 3496 2852 3535 ac
2902 3495 3078 3550 neque
3128 3483 3412 3551 apostolis,
3466 3500 3646 3555 neque

2066 3571 2229 3627 nobis
2260 3573 2498 3642 amplius
2530 3573 2797 3628 molestus
2830 3574 2922 3627 sit.
2970 3572 3102 3639 Quae
3147 3575 3290 3628 enim
3338 3576 3645 3647 religiosis-

2068 3664 2203 3717 sima
2246 3672 2301 3717 et
2316 3663 2570 3718 Ecclesiae
2601 3662 2885 3719 fructuosa
2917 3679 3041 3719 esse
3069 3667 3417 3734 putabamus,
3443 3673 3557 3724 haec
3577 3670 3647 3726 de

2072 3755 2425 3810 sanctissima
2461 3754 2685 3824 Virgine
2709 3770 2902 3811 sumus
2936 3757 3191 3826 professi,
3221 3766 3278 3811 ut
3305 3760 3426 3827 ejus
3461 3771 3647 3831 patro-

2068 3849 2274 3902 cinium
2318 3849 2746 3917 susciperemus,
2779 3864 2900 3918 quae
2933 3849 3107 3918 gratia
3167 3850 3486 3919 plenissima
3516 3862 3642 3908 est:

2069 3945 2132 3991 ut
2160 3936 2379 3991 Gabriel
2415 3938 2631 3991 locutus
2660 3944 2746 3991 est
2775 3953 2789 3989 :
2822 3943 2951 4000 Ave,
2988 3939 3162 4007 gratia
3186 3939 3361 4008 plena,
3387 3940 3644 3997 Dominus

2070 4037 2239 4081 tecum
2262 4027 2305 4081 '.
2343 4026 2500 4092 Quod
2543 4027 2590 4081 si
2636 4042 2760 4080 cum
2792 4028 2908 4095 ipsa
2940 4026 3204 4083 Dominus
3242 4037 3344 4093 est,
3370 4032 3646 4099 quomodo

2070 4120 2302 4174 alterunt
2364 4121 2680 4190 conjugium
2747 4121 3034 4175 admisisse
3078 4122 3298 4190 potest?
3352 4123 3643 4191 Quonam,

2069 4211 2313 4280 inquam,
2349 4220 2509 4281 pacto
2534 4227 2655 4279 quae
2687 4214 2872 4265 carnis
2903 4214 3360 4267 consuetudinem
3394 4214 3642 4279 haberet,

2078 4316 2109 4354 a
2141 4300 2375 4355 Domino
2406 4303 2615 4357 servari
2649 4302 2887 4355 dicitur?
2923 4302 3212 4357 Enimvero
3243 4307 3421 4359 sancti
3452 4322 3645 4363 omnes

2069 4408 2267 4463 magno
2291 4394 2345 4446 in
2380 4394 2587 4448 honore
2611 4406 2758 4448 sunt.
2783 4394 2988 4448 Horum
3014 4403 3099 4447 est
3125 4394 3362 4463 gloriosa
3390 4396 3607 4465 requies
3626 4438 3643 4464 ,

383 4489 577 4557 γέλων,
606 4490 640 4558 ἡ
674 4487 852 4542 δίαιτα
898 4489 956 4540 ὲν
988 4484 1227 4556 οὐρανῷ,
1257 4484 1320 4536 τὸ
1351 4483 1654 4554 πολίτευμα
1697 4486 1755 4535 ὲν
1788 4482 1961 4547 θείαις

2074 4484 2268 4538 horum
2291 4500 2355 4538 ex
2381 4486 2480 4537 hac
2511 4486 2618 4537 vita
2640 4484 2919 4539 discessus
2946 4485 3012 4538 ad
3044 4484 3430 4555 perfectionem
3462 4493 3643 4540 trans-

383 4578 649 4649 Γραφαῖς,
679 4577 741 4629 τὸ
766 4575 922 4638 κλέος
944 4576 1002 4627 ὲν
1024 4577 1158 4644 τιμῇ
1188 4573 1562 4643 ἁσυνεικὰστῳ
1585 4573 1678 4625 καὶ
1708 4572 1962 4643 διηνεκεῖ,

383 4671 455 4723 τὰ
478 4669 708 4739 βραδεῖα
740 4669 797 4721 ἐν
822 4666 1042 4738 Χριστῷ
1074 4665 1247 4737 Ἰησοῦ
1276 4665 1354 4736 τῷ
1383 4666 1571 4736 Κυρίῳ
1596 4665 1752 4736 ἡμῶν
1770 4680 1782 4693 °
1813 4666 1880 4718 Bt‘
1906 4660 1967 4720 οὗ

383 4758 481 4812 καὶ
511 4757 626 4828 μεθ’
654 4751 716 4810 οὗ
758 4757 886 4821 δόξα
928 4755 1007 4826 τῷ
1037 4756 1212 4828 Πατρὶ
1258 4756 1354 4809 σὺν
1384 4756 1525 4826 ἁγίῳ
1570 4754 1852 4825 Πνεύματι
1889 4757 1969 4820 είς

384 4851 609 4914 αἰῶνας.
649 4852 709 4903 Ἀ
717 4853 846 4921 μήν.

2063 4577 2173 4631 itus
2206 4586 2328 4640 est,
2364 4578 2679 4631 eorunnlem
2712 4578 2766 4630 in
2803 4577 3059 4631 felicitate
3096 4591 3254 4640 sors,
3297 4578 3348 4631 in
3401 4579 3641 4632 sanctis-

2069 4668 2222 4722 simis
2251 4667 2542 4721 domiciliis
2575 4668 2717 4722 inter
2744 4670 3058 4739 angelorum
3100 4670 3297 4740 choros
3328 4677 3638 4732 versantur,

2078 4758 2347 4813 habitatio
2373 4758 2428 4812 in
2464 4760 2626 4820 caelo.
2659 4761 2951 4829 occupatio
2983 4761 3038 4814 in
3081 4761 3256 4815 sacris
3285 4758 3504 4814 Litteris
3532 4768 3638 4826 est,

2073 4850 2244 4905 decus
2276 4864 2341 4903 ac
2372 4850 2631 4920 splendor
2662 4853 2999 4921 sempiterno
3037 4853 3091 4905 in
3135 4851 3341 4906 honore
3367 4852 3640 4916 consistit,

384 4962 546 5016 quem
607 4946 756 4999 nulla
815 4945 1134 5012 conjectura
1190 4951 1371 5013 potest
1421 4943 1676 5014 assequi,
1734 4944 1956 5014 praemia
2033 4943 2272 5013 denique
2320 4945 2375 4997 in
2435 4944 2654 4998 Christo
2737 4942 2869 4999 Jesu
2928 4945 3158 5000 Domino
3212 4954 3403 4999 nostro
3464 4946 3643 5014 posita

385 5052 554 5107 sunt;
606 5057 702 5111 per
747 5056 938 5110 quem,
970 5049 1026 5095 et
1070 5054 1306 5109 quocum
1355 5039 1524 5110 gloria
1576 5038 1722 5094 Patri
1772 5055 1896 5095 cum
1937 5048 2131 5094 sancto
2159 5038 2366 5109 Spiritu
2397 5040 2453 5093 in
2481 5040 2701 5093 srecula.
2732 5041 2923 5093 Arnen.

457 5134 961 5205 Προσαγορεύουσιν
1004 5134 1150 5204 ὑμᾶς
1187 5133 1387 5196 πάντες
1418 5135 1466 5186 οί
1507 5133 1745 5202 ἀδελφοί.
1782 5135 1961 5206 Προσ-

386 5224 573 5277 ιίπατε
605 5224 661 5277 δὲ
693 5225 785 5277 καὶ
816 5225 968 5277 αὐτοὶ
995 5224 1202 5287 πάντας
1232 5225 1359 5287 τοὺς
1392 5224 1520 5295 παρ’
1552 5226 1681 5295 ὑμῖν
1702 5224 1965 5295 ἀδελφοὺς

385 5317 610 5380 πιστοὺς
648 5315 977 5386 ὀρθοδόξους,
1016 5315 1347 5383 στυγοῦντας
1395 5315 1774 5387 ὑπερηφανίαν
1799 5357 1815 5381 ,
1869 5333 1959 5386 μισ

2141 5134 2345 5189 Omnes
2383 5149 2481 5188 vos
2521 5134 2720 5189 fratres
2769 5135 3065 5203 plurimum
3109 5132 3373 5195 salutant.
3420 5127 3530 5185 Vos
3562 5129 3644 5183 vi-

2070 5226 2262 5280 cissim
2295 5226 2527 5281 salutem
2572 5224 2848 5286 omnibus,
2881 5226 2972 5294 qui
3020 5225 3164 5293 apud
3217 5238 3313 5278 vos
3344 5229 3494 5284 sunt,
3530 5220 3642 5273 fra-

2065 5318 2244 5372 tribus
2263 5317 2451 5381 dieite,
2493 5318 2596 5371 hoc
2624 5329 2709 5371 est
2742 5318 2993 5371 fidelibus
3028 5318 3256 5370 sincera:
3304 5314 3427 5369 ﬁdei
3464 5314 3643 5367 culto-

456 5492 478 5524 ί
512 5489 645 5562 Reg.
673 5491 948 5547 ἀπολλύει.
1027 5495 1047 5523 ³
1068 5491 1129 5546 F.
1162 5491 1504 5562 ἀντέχεσθαι.
1583 5493 1604 5524 ³
1633 5492 1764 5548 Luc.
1792 5510 1851 5558 ιι,
1882 5493 1961 5549 55.

2063 5493 2291 5550 *Ezech.
2317 5511 2399 5559 ιιι,
2424 5495 2514 5548 27.
2591 5497 2612 5527 ⁸
2648 5494 2777 5551 Luc.
2811 5512 2850 5561 ι,
2880 5495 2969 5551 28.
3010 5502 3018 5513 '

455 5670 567 5737 (il)
600 5669 662 5722 Ὀ
714 5668 937 5736 κλῆρος
955 5666 1153 5722 αὐτῶν
1188 5667 1258 5722 ἐν
1298 5669 1703 5737 μακαριότητι.
1736 5667 1808 5723 Ex
1845 5669 1946 5722 hoc

389 5737 510 5794 loco
558 5740 900 5795 manifestum
935 5750 1052 5803 est,
1094 5749 1431 5809 sanctorum,
1457 5741 1544 5794 ubi
1599 5758 1663 5794 cx
1701 5740 1799 5795 hac
1843 5743 1949 5794 vita

2056 5670 2428 5735 discesserint,
2474 5671 2684 5725 animas
2730 5672 2940 5727 caelesti
2994 5671 3247 5724 feiimtate
3284 5669 3513 5738 perfrui,
3541 5682 3639 5725 no-

2058 5757 2164 5811 que
2194 5757 2506 5811 supremum
2536 5743 2728 5812 judicii
2765 5752 2975 5810 tempus
3004 5751 3339 5809 exspectare.
