4134 6392
507 381 618 440 755

1934 383 1992 439 S.
2029 378 2371 436 EPIPIIANII

3682 376 3792 442 ’733

509 501 828 556 sinistram'
864 521 878 557 :
912 517 1037 557 cum
1073 502 1309 572 denique
1342 502 1491 556 circa
1539 500 1762 555 easdem
1810 501 2103 571 cogitatio-

2226 496 2559 566 εγκωμιάσαι
2582 494 2681 567 τὴν
2698 494 2974 567 Παρθένον
2993 493 3218 565 γένηταί
3242 510 3347 547 τινι
3375 494 3456 558 εἰς
3480 492 3608 549 ἄλλο
3629 496 3793 565 πρόσ-

514 606 617 646 nes
646 606 769 647 sese
813 602 1066 664 torqueat
1108 610 1171 649 ac
1220 602 1401 649 verset
1430 593 1781 664 improbitas,
1809 600 1865 646 et
1906 592 1970 648 ad
2000 592 2105 645 alia

2217 605 2408 658 κομμα
2435 587 2754 657 φαντασίας.

512 688 713 742 itinera
791 688 1129 757 capessenda
1199 687 1635 743 moderationem
1687 696 1935 742 nostram
1986 684 2254 754 impellat,
2318 680 2629 735 cavendum
2686 680 2821 735 illud
2872 680 3032 736 nobis
3085 688 3206 745 est,
3275 696 3344 736 ne
3390 680 3648 737 eIIusiora
3704 682 3796 741 illa

512 779 689 839 δειλίαι
723 779 963 852 Virginis
1021 783 1295 852 praeconia
1353 784 1582 839 alterius
1620 786 1829 839 erroris
1866 792 1920 838 et
1949 781 2274 837 oﬂ‘ensionis
2305 779 2590 832 materiam
2631 776 2797 831 alicui
2838 776 3075 831 fortasse
3108 777 3408 847 praebeant.

583 869 771 927 XXIII.
816 871 1029 927 Etenim
1069 874 1165 944 qni
1212 876 1267 929 in
1312 873 1512 929 Filium
1555 876 1940 932 contumeliosi
1976 890 2101 930 esse

515 964 837 1028 voluerunt,
890 971 950 1019 ut
1007 973 1168 1019 antea
1224 966 1557 1019 declaratum
1612 974 1731 1031 est,
1791 965 2103 1020 abalienare

519 1055 698 1125 ipsum
747 1071 778 1109 a
818 1054 1002 1113 Patris
1054 1057 1345 1113 divinitate
1383 1060 1735 1114 studuerunt.
1764 1059 1872 1113 Alii
1903 1075 1933 1115 e
1971 1074 2104 1114 con-

520 1148 691 1202 trario
724 1148 998 1204 diversam
1032 1150 1087 1204 in
1117 1159 1324 1221 partem
1356 1152 1642 1216 abeuntes,
1676 1167 1786 1222 quo
1813 1152 2105 1208 vehemen-

519 1238 630 1294 tins
678 1238 829 1294 illum
884 1241 1238 1306 honorarent,
1274 1243 1524 1297 eumdem
1576 1259 1701 1297 esse
1755 1242 1999 1312 Patrem,
2049 1251 2105 1298 et

514 1328 746 1395 Filium,
786 1341 841 1387 et
896 1332 1159 1403 Spiritum
1207 1345 1458 1389 sanctum
1516 1350 1766 1391 asserere
1800 1336 1921 1390 ausi
1953 1345 2102 1390 sunt.

524 1420 829 1493 Utrobique
858 1440 990 1478 vero
1018 1425 1345 1480 insanabilis
1375 1433 1459 1480 est
1508 1441 1573 1480 ac
1606 1425 1887 1480 mortifera
1926 1427 2103 1497 plaga.

517 1511 597 1567 lta
637 1514 784 1584 quod
844 1515 911 1570 ad
962 1524 1211 1571 sanctam
1254 1532 1318 1571 ac
1367 1517 1582 1571 beatam
1634 1517 1782 1571 illam
1828 1516 2109 1588 Virginem

519 1606 773 1675 pertinet,
827 1607 1051 1677 quidam
1104 1610 1563 1665 contumeliosius
1612 1609 1668 1664 in
1717 1610 1864 1665 illam
1906 1612 2106 1667 invecti

521 1706 673 1763 sunt,
700 1705 781 1764 ut,
813 1707 937 1769 post
976 1716 1247 1755 summum
1280 1701 1414 1756 illud
1444 1710 1498 1757 et
1528 1705 1798 1773 integrum
1854 1704 2109 1758 incarna-

2277 868 2399 924 KI".
2432 872 2493 922 Οί
2522 869 2621 941 μὲν
2638 869 2747 941 γὰρ
2767 870 2848 933 είς
2877 869 2967 923 τὸν
2986 870 3113 923 Υἱὸν
3141 868 3608 940 βλασφημοῦντες,
3629 870 3798 926 καθά-

2205 982 2310 1035 περ
2357 980 2445 1034 μοι
2486 962 2622 1016 ἀνω
2691 960 3121 1032 προδεδήλωται,
3183 961 3342 1030 φύσει
3403 961 3796 1034 ἀπαλλοτριοῦν

2205 1055 2369 1108 αὐτὸν
2395 1054 2495 1122 τῆς
2528 1054 2744 1124 Πατρὸς
2774 1052 3028 1121 θεότητος
3056 1052 3539 1123 ὲφιλοτιμήσαντο·
3570 1052 3717 1106 ἄλλοι
3739 1052 3797 1106 δὲ

2207 1146 2392 1209 πάλιν,
2421 1144 2623 1216 ἑτέρως
2651 1146 3035 1216 φρονήσαντες,
3058 1144 3133 1207 ὡς
3160 1142 3318 1216 δῆθεν
3342 1144 3574 1214 τιμῆσαι
3604 1160 3796 1215 περισ-

2210 1236 2446 1307 σοτέρως
2479 1235 2867 1306 προαχθέντες,
2903 1235 2994 1288 τὸν
3028 1235 3190 1290 αὑτὸν
3223 1231 3358 1288 εἶναι
3381 1234 3603 1306 Πατέρα
3625 1231 3795 1299 εἷπον,

2204 1328 2299 1379 καὶ
2331 1326 2420 1379 τὸν
2447 1326 2611 1378 αὐτὸν
2645 1325 2793 1386 Υἱὸν,
2834 1326 2927 1379 καὶ
2955 1325 3016 1378 τὸ
3060 1326 3193 1378 αὐτὸ
3235 1326 3389 1393 ἅγιον
3422 1325 3673 1395 Πνεῦμα·
3710 1326 3801 1379 ἐπὶ

2203 1422 2260 1476 δὲ
2282 1423 2394 1484 τοῖς
2426 1421 2655 1491 μέρεσιν
2683 1419 3023 1491 ἀμφοτέροις
3069 1418 3284 1480 ἀνίατος
3322 1420 3355 1488 ή
3393 1416 3596 1487 πληγή.
3648 1417 3803 1471 Οὕτω

2208 1518 2335 1587 περὶ
2352 1517 2452 1582 τῆς
2488 1516 2647 1583 ἁγίας
2666 1513 2871 1582 ταύτης
2901 1513 2995 1565 καὶ
3019 1509 3372 1581 μακαρίτιδος
3396 1507 3800 1579 Ἀειπαρθένου,

2213 1615 2261 1664 οἱ
2295 1613 2390 1682 μὲν
2427 1609 2709 1680 ἐξυϐρίσαι
2760 1603 3182 1674 τετολμήκασιν,
3212 1600 3286 1664 ὼς
3325 1599 3683 1669 συναφθεῖσαν
3712 1599 3804 1652 αύ-

2215 1705 2314 1776 τὴν
2339 1705 2503 1775 σαρκὶ
2535 1701 2671 1772 μετὰ
2697 1698 2796 1769 τὴν
2835 1696 3100 1768 μεγίστην
3131 1694 3347 1764 ἐκείνην
3389 1693 3480 1747 καὶ
3530 1694 3800 1765 ἀκραιφνῆ

520 1791 688 1845 tionis
750 1789 963 1844 Domini
1013 1793 1358 1863 mysterium,
1415 1794 1663 1864 corporis
1705 1809 1827 1849 eam
1881 1796 2112 1850 commi-

2226 1794 2528 1864 οἰκονομίαν
2559 1789 2653 1844 τοῦ
2688 1788 2915 1858 Κυρίου,
2955 1786 3055 1856 τῆς
3095 1784 3361 1855 ἐνσάρκου
3405 1781 3570 1835 αὑτοῦ
3602 1798 3804 1853 παρου-

522 1882 702 1937 stione
730 1882 994 1952 pollutam
1029 1884 1319 1939 dicerent:
1363 1885 1416 1940 id
1463 1888 1607 1957 quod
1643 1903 1861 1943 omnem
1908 1889 2112 1958 impro-

520 1970 755 2026 bitatem
797 1972 1243 2044 impietatemque
1278 1984 1523 2045 superat.
1564 1976 1834 2032 Caeterum
1866 1979 1940 2031 nti
1975 1993 2114 2032 non-

521 2063 706 2119 nullos
743 2071 955 2119 tantum
987 2083 1047 2122 se
1074 2067 1131 2120 in
1167 2067 1348 2123 scelus
1381 2069 1726 2125 commisisse
1766 2069 2062 2126 didicimus
2095 2109 2110 2134 ,

524 2156 607 2211 sic
639 2170 749 2211 non
780 2158 898 2211 sine
922 2156 1129 2227 ingenti
1151 2157 1520 2215 admiratione
1548 2159 1697 2215 aliud
1731 2160 1991 2230 quiddam
2022 2176 2115 2215 ac-

524 2246 770 2316 cepimus
803 2266 816 2302 :
854 2249 1152 2304 nonnullos
1202 2249 1458 2306 videlicet
1492 2252 1549 2307 in
1597 2253 1689 2318 iis,
1723 2268 1845 2323 quae
1875 2253 1943 2307 ad
1986 2269 2116 2309 san-

526 2338 830 2393 ctissimam
889 2336 1172 2410 Virginem
1228 2351 1518 2412 spectant,
1573 2359 1639 2398 eo
1690 2345 1943 2400 amentia:
1992 2361 2117 2415 pro-

526 2444 770 2499 gressos,
799 2438 858 2484 ut
891 2446 991 2501 pro
1025 2430 1136 2487 Deo
1175 2435 1336 2489 nobis
1370 2435 1521 2488 illam
1558 2436 1859 2492 obtrudere
1888 2439 2111 2505 vellent,

527 2534 594 2573 ac
629 2521 695 2574 de
724 2535 790 2575 ea
824 2523 971 2575 velut
1010 2530 1192 2577 mente
1227 2525 1373 2593 capti
1417 2532 1471 2579 et
1503 2523 1701 2580 furiosi
1732 2525 2113 2595 loquerentur.

525 2612 738 2669 Ferunt
780 2614 925 2668 enim
966 2615 1321 2671 mulierculas
1350 2616 1618 2686 quasdam
1664 2617 1719 2670 in
1753 2617 1975 2681 Arabia,
2008 2633 2117 2687 quo

528 2720 560 2760 e
619 2704 852 2760 Thracia
900 2705 1159 2776 profectae
1224 2715 1413 2772 erant,
1476 2723 1679 2761 novum
1735 2708 1867 2763 illud
1921 2710 2117 2781 dogma

528 2805 869 2852 connmenlas
905 2796 1076 2853 fuisse
1107 2817 1121 2853 :
1160 2798 1298 2854 adeo
1337 2806 1396 2852 ut
1434 2799 1489 2852 in
1524 2797 1765 2868 Virginis
1810 2816 2010 2855 nomen
2064 2809 2119 2856 et

529 2892 793 2946 honorem
823 2890 1138 2961 collyridem
1183 2890 1300 2946 sive
1355 2902 1551 2944 tortam
1605 2892 1762 2961 panis
1802 2892 2121 2947 sacriﬁcan-

531 2988 615 3035 tes
648 2980 881 3033 oﬂ‘erant
914 2988 968 3034 et
998 2986 1305 3045 conventus
1336 2979 1608 3034 habeant:
1646 2981 1698 3034 in
1730 2984 2117 3048 sanctissima},

532 3071 788 3139 inquam,
831 3068 1072 3141 Virginis
1124 3068 1335 3139 1055
1379 3084 1580 3123 nomen
1628 3069 1851 3123 modum
1899 3087 2117 3126 omnem

2218 1888 2338 1950 σίας
2362 1903 2373 1915 ·
2423 1886 2518 1939 καὶ
2559 1883 2674 1936 ἔστι
2710 1881 2867 1934 τοῦτο
2905 1879 3086 1948 πάσης
3118 1875 3417 1948 μοχθηρίας
3449 1873 3808 1929 δυσσεϐέπα.

2214 1999 2325 2037 τον.
2373 1981 2461 2043 Ὠς
2494 1978 2550 2031 δὲ
2583 1975 2740 2030 τοῦτό
2769 1990 2950 2044 φαμεν
2995 1968 3324 2040 ἐνηχηθῆναί
3364 1983 3518 2029 τινας
3554 1965 3696 2019 οὕτω
3724 1983 3807 2019 τε-

2214 2071 2547 2144 τολμηκέναι
2591 2070 2805 2139 ρᾁτως
2849 2062 3127 2118 ἐπιδοῦναι
3159 2059 3383 2122 ἐαυτοὺς
3419 2061 3487 2129 τῇ
3530 2057 3802 2128 ἁμαρτίᾳ·

2215 2166 2358 2221 οὕτω
2403 2165 2498 2219 καὶ
2525 2163 2586 2215 τὸ
2615 2162 2802 2231 ἕτερον
2830 2156 3263 2232 τεθαυμάκαμεν.
3292 2153 3450 2207 πάλιν
3485 2151 3801 2221 ἀκηκοότες.

2220 2255 2448 2316 Ἀλλους
2477 2253 2588 2321 γὰρ
2609 2249 2769 2304 πάλιν
2795 2245 3161 2316 ἁφραίνοντας
3191 2245 3269 2306 είς
3293 2244 3392 2314 τὴν
3422 2245 3563 2314 ὑπὲρ
3588 2243 3686 2313 τῆς
3714 2242 3805 2294 αὑ-

2215 2352 2315 2419 τῆς
2350 2346 2513 2411 ἁγίας
2549 2340 2943 2414 Ἀειπαρθένου
2975 2339 3255 2403 ὑπόθεσιν,
3284 2339 3403 2392 ἀντὶ
3432 2335 3567 2391 Θεοῦ
3601 2335 3804 2405 ταύτην

2218 2440 2576 2513 παρεισάγειν
2601 2434 3024 2498 ἐσπουδακότας,
3052 2432 3146 2485 καὶ
3176 2429 3595 2494 σπουδάζοντας,
3621 2430 3714 2482 καὶ
3744 2429 3804 2480 ἐν

2218 2532 2581 2605 ἐμϐροντήσει
2609 2529 2715 2582 τινὶ
2758 2527 2853 2580 καὶ
2904 2523 3295 2597 φρενοϐλαϐείᾳ
3327 2521 3676 2594 φερομένους.
3722 2521 3804 2573 Δι-

2218 2623 2473 2698 ηγοῦνται
2485 2620 2695 2692 γὰρ,ὦς
2706 2637 2848 2681 τινες
2859 2620 3111 2688 γυναῖκες
3127 2617 3302 2669 ἐκεῖσε
3316 2617 3371 2668 ὲν
3380 2617 3447 2685 τῇ
3464 2612 3689 2686 Ἀραϐίᾳ
3699 2610 3809 2667 ἀπδ

2217 2716 2325 2770 τῶν
2353 2734 2416 2787 με
2426 2715 2531 2787 ρῶν
2551 2715 2651 2785 τῆς
2669 2713 2892 2785 Θρᾴκης
2907 2711 3063 2765 τοῦτό
3084 2727 3147 2779 γε
3169 2709 3228 2762 τὸ
3244 2706 3604 2778 κενοφώνημα
3624 2702 3811 2775 ἐνηνό-

2220 2827 2399 2882 χασιν,
2432 2809 2507 2871 ὡς
2534 2809 2614 2870 εἰς
2639 2806 2809 2876 ὄνομα
2836 2805 2937 2875 τῆς
2962 2801 3346 2873 Ἀειπαρθένου
3378 2798 3665 2871 κολλυρίδα
3688 2794 3811 2865 τινὰ

2222 2900 2512 2963 ἐπιτελεῖν,
2558 2899 2651 2951 καὶ
2694 2894 3022 2965 συνάγεσθαι
3062 2892 3367 2958 ἐπιτοαυτὸ,
3403 2892 3498 2945 καὶ
3529 2892 3607 2953 είς
3640 2889 3812 2960 ὄνομα

2227 2995 2325 3065 τῆς
2370 2993 2529 3060 ἁγίας
2563 2989 2844 3061 Παρθένου
2894 2988 3031 3059 ὑπὲρ
3072 2985 3135 3039 τὸ
3196 2986 3390 3057 μέτρον
3425 3001 3478 3037 τι
3520 2982 3814 3053 πειρᾶσθαι

2225 3084 2470 3154 ἀθεμίτῳ
2512 3082 2606 3135 καὶ
2656 3080 2960 3150 βλασφήμῳ
3010 3079 3306 3148 ἐπιχειρεῖν
3366 3075 3670 3146 πράγματι,
3723 3074 3817 3141 καὶ

530 3161 1249 3234 νταιιενςνρεεοε,ηθίατίιιιιι
1292 3177 1427 3225 rem,
1461 3169 1514 3215 et
1554 3176 1679 3215 cum
1712 3161 1804 3216 Dei
1842 3171 2120 3219 contume-

2226 3173 2303 3235 είς
2339 3171 2509 3239 ὖνομα
2552 3170 2722 3238 αὐτῆς
2760 3168 3064 3239 ἱερουργεῖν
3099 3165 3188 3218 διὰ
3232 3164 3537 3235 γυναικῶν·
3586 3164 3723 3234 ὅπερ
3758 3162 3820 3215 τὸ

532 3254 609 3307 lia
660 3253 1018 3323 conjunctam
1070 3252 1315 3323 aggredi,
1360 3253 1465 3307 hoc
1498 3260 1583 3308 est
1632 3253 1687 3307 in
1721 3254 1866 3310 illius
1920 3271 2119 3311 nomen

534 3359 634 3415 per
674 3346 932 3400 mulieres
982 3346 1257 3399 sacrilicia
1304 3344 1504 3401 facere.
1548 3344 1705 3410 Quod
1749 3346 1969 3415 quidem
2016 3348 2121 3402 im-

535 3438 685 3508 pium
728 3453 793 3492 ac
837 3438 1132 3492 scelestum
1192 3444 1293 3498 est,
1339 3444 1394 3491 et
1437 3453 1468 3490 a
1514 3437 1691 3491 sancti
1744 3436 1983 3508 Spiritus
2022 3443 2123 3495 do-

538 3534 715 3589 ctrina
742 3550 971 3603 prorsus
1012 3533 1273 3586 alienum.
1314 3531 1496 3597 Quare
1545 3538 1720 3585 totum
1775 3532 1905 3586 illud
1945 3549 1974 3586 a
2011 3533 2124 3589 daa-

538 3629 720 3682 monis
768 3626 947 3680 aiﬂatu
991 3634 1046 3681 et
1092 3624 1293 3693 impuri
1335 3625 1565 3693 spiritus
1612 3624 1900 3695 disciplina
1942 3625 2125 3695 profe-

541 3728 690 3774 ctum
736 3727 841 3774 est.
898 3718 1015 3772 lIoc
1056 3719 1201 3772 enim
1249 3719 1302 3772 in
1352 3720 1487 3789 ipsis
1539 3720 1835 3788 impletur:
1876 3718 2129 3787 Deﬁcient

541 3807 756 3877 quidam
796 3827 828 3862 a
864 3825 998 3862 sana
1022 3809 1289 3870 doctrina.
1327 3809 1653 3864 inlendentes
1685 3809 1881 3878 fabulis
1932 3819 1980 3864 et
2031 3810 2132 3864 do-

542 3897 729 3952 ctrinis
755 3897 1141 3952 dwmoniorum
1166 3902 1210 3951 ’.
1244 3898 1418 3953 Erunt
1462 3901 1628 3962 enim.
1654 3902 1850 3969 inquit,
1891 3910 2134 3957 mortuos

544 3991 789 4045 colentes
818 4030 832 4055 ,
893 3992 1354 4061 quemadmodum
1409 3993 1553 4063 apud
1603 3991 1879 4049 Israelitas
1928 3994 2135 4049 honore

544 4090 675 4135 sunt
723 4082 922 4136 ail‘ecti.
987 4083 1067 4137 Ita
1118 4082 1324 4137 factum
1379 4090 1484 4150 est,
1534 4090 1593 4137 ut
1645 4095 1983 4150 sanctorum,
2040 4089 2133 4156 qui

546 4178 664 4231 suis
719 4177 1058 4247 temporibus
1111 4178 1438 4243 ﬂoruerunt,
1474 4166 1791 4236 redundans
1844 4181 1903 4235 iu
1957 4180 2130 4239 Deum

546 4269 897 4324 occasionem
934 4270 1141 4325 erroris
1175 4269 1443 4324 attulerit.

616 4359 807 4417 XXIV.
837 4361 1047 4417 Etenim
1080 4358 1321 4427 Sicimis,
1350 4376 1472 4430 quae
1514 4360 1676 4416 hodie
1707 4359 1964 4433 Neapolis
1995 4362 2136 4418 dici-

548 4462 660 4519 tur,
692 4470 851 4510 sacra
879 4454 1127 4524 quaedam
1157 4452 1536 4522 ab-indigenis
1567 4455 1623 4509 in
1647 4455 1911 4510 honorem
1945 4456 2136 4526 puella:

2229 3264 2337 3318 πᾶν
2383 3265 2527 3315 ἐστιν
2586 3261 2781 3323 ἀσεϐὲς
2834 3260 2929 3312 καὶ
2974 3259 3259 3329 ἀθέμιτον,
3304 3256 3670 3328 ἠλλοιωμένον
3713 3253 3822 3309 ἀπὸ

2229 3354 2323 3412 τοῦ
2367 3354 2722 3427 κηρύγματος
2766 3353 2859 3406 τοῦ
2898 3354 3055 3422 ἁγίου
3101 3352 3454 3422 Πνεύματος,
3502 3349 3645 3402 ὥστε
3684 3344 3823 3400 εἶναι

2232 3447 2292 3501 τὸ
2340 3448 2448 3499 πᾶν
2490 3445 2794 3499 διαϐολικδν
2844 3446 3160 3516 ἐνέργημα,
3217 3444 3309 3497 καὶ
3349 3442 3657 3511 πνεύματος
3686 3438 3826 3492 ἀκα-

2234 3539 2431 3610 θάρτου
2474 3538 2806 3592 διδατκαλία.
2861 3538 3180 3609 Πληροῦται
3215 3536 3323 3608 γὰρ
3356 3535 3451 3588 καὶ
3483 3534 3575 3586 ἐπὶ
3600 3532 3829 3593 τούτους

2235 3634 2316 3694 τὸ,
2353 3632 2830 3699 Ἀποστήσονταί
2849 3650 3007 3697 τινες
3031 3630 3142 3699 τῆς
3169 3629 3381 3700 ὑγιοῦς
3408 3626 3828 3690 διδασκαλίας,

2237 3724 2535 3794 προσέχων
2547 3743 2644 3790 τες
2659 3727 2808 3795 μύθί
2820 3743 2871 3791 ις
2897 3727 2994 3779 καὶ
3031 3724 3455 3787 διδασκαλίαις
3483 3719 3829 3789 δαιμονίων.

2242 3818 2500 3870 Ἔσονται
2530 3817 2660 3888 γὰρ,
2696 3817 2852 3886 φησὶ,
2903 3819 3119 3887 νεκροῖς
3151 3816 3503 3887 λατρεύοντες
3543 3814 3619 3875 ὠς
3648 3812 3744 3865 καὶ
3775 3811 3832 3861 ἐν

2237 3906 2315 3976 τῷ
2356 3907 2570 3980 Ἰσραὴλ
2591 3908 2987 3979 ἐσεϐάσθησαν.
3009 3910 3119 3962 Καὶ
3148 3912 3179 3980 ἡ
3220 3908 3328 3960 τῶν
3352 3908 3523 3976 ἁγίων
3554 3903 3698 3957 κατὰ
3720 3917 3832 3955 και-

2244 4000 2332 4069 ρὸν
2366 4003 2443 4063 εἰς
2481 4001 2611 4053 Θεὸν
2651 4002 2777 4065 δόξα
2817 4002 2996 4065 ἄλλοις
3036 4001 3226 4070 γέγονε
3264 4003 3378 4064 τοῖς
3425 4000 3498 4072 μὴ
3534 3994 3707 4069 ὁρῶσι
3735 3992 3835 4064 τὴν

2244 4093 2505 4165 ἀλήθειαν
2542 4098 2621 4155 εἰς
2658 4095 2885 4165 πλάνην.

2207 4190 2379 4259 gloria
2446 4192 2612 4257 aliis,
2667 4193 2761 4262 qui
2801 4192 3084 4246 veritatem
3133 4189 3358 4245 minime
3412 4189 3811 4259 perspicerent,

2319 4367 2445 4419 KA'.
2495 4366 2582 4418 Ἐν
2617 4365 2725 4438 γὰρ
2750 4365 3017 4437 Σικίμοις,
3053 4363 3328 4418 τουτέστιν
3358 4366 3414 4417 ἐν
3441 4367 3507 4436 τῇ
3533 4366 3651 4419 νυνὶ
3681 4367 3829 4420 Νεα-

2247 4457 2422 4521 πόλει,
2461 4457 2650 4521 θυσίας
2688 4459 2737 4510 οἱ
2788 4455 3070 4528 ἐπιχώριοι
3109 4455 3353 4510 τελοῦσιν
3402 4459 3481 4519 εἰς
3513 4456 3683 4527 ὄνομα
3728 4459 3833 4527 τῆς

548 4544 915 4608 celebrantur,
941 4544 1086 4614 quod
1119 4543 1189 4598 ab
1210 4542 1444 4613 Jephtlie
1476 4544 1584 4598 [ilia
1608 4560 1863 4600 manasse
1890 4543 2121 4607 videtur,

2241 4552 2445 4621 Κόρης,
2489 4550 2648 4622 δῆθεν
2684 4552 2751 4605 ἐκ
2780 4550 3106 4619 προφάσεως
3144 4549 3243 4617 τῆς
3278 4546 3546 4619 θυγατρὸς
3589 4548 3820 4617 Ἰεφθάᾷ

549 4653 672 4709 quae
732 4636 843 4691 Deo
882 4636 1158 4706 quondam
1222 4635 1532 4692 sacriﬁcata
1586 4637 1765 4692 I'uerat
1790 4637 1832 4691 ³.
1867 4636 2000 4703 Quae
2048 4652 2136 4692 res

550 4729 768 4786 miseris
794 4728 1110 4784 hominibus
1135 4727 1457 4784 idololatria:
1502 4729 1925 4799 inanissimique
1953 4730 2136 4784 cultus

2240 4643 2342 4711 τῆς
2375 4658 2503 4694 ποτε
2545 4639 3000 4712 προσενεχθείσης
3042 4637 3120 4709 τῷ
3157 4637 3275 4709 Θεῷ
3318 4639 3398 4701 εἰς
3447 4636 3673 4700 θυσίας’
3734 4640 3831 4691 καὶ

2243 4737 2356 4798 τοῖς
2387 4734 2761 4805 ἠπατημένοις
2795 4733 2952 4787 τοῦτο
2993 4732 3215 4800 γέγονεν
3258 4733 3339 4795 είς
3375 4729 3578 4801 βλάϐην
3622 4728 3841 4783 εἰδωλοο

550 4821 836 4876 materiam
860 4821 1109 4891 praebuit.
1130 4820 1272 4886 Quin
1302 4821 1465 4875 etiam
1489 4820 1793 4877 Pharaonis
1821 4822 2006 4888 Iiliam,
2023 4839 2121 4891 qua

2245 4828 2501 4899 λατρείας
2529 4828 2624 4880 καὶ
2670 4827 3045 4898 κενολατρίας.
3097 4825 3259 4879 Ἀλλά
3307 4826 3400 4878 καὶ
3435 4822 3533 4895 τὴν
3568 4823 3844 4892 θυγατέρα

553 4928 771 4969 servum
811 4911 906 4966 Dei
939 4911 1157 4983 Moysen
1191 4913 1483 4967 honoravit
1502 4916 1546 4976 ⁸,
1582 4921 1636 4967 et
1677 4914 1955 4968 sublatum
1994 4929 2132 4969 enu-

553 5006 727 5071 trivit,
766 5012 991 5076 prapter
1020 5005 1290 5061 celebrem
1325 5005 1541 5075 pueruli
1572 5004 1775 5059 famam
1815 5006 2140 5075 impensius,

552 5114 719 5169 quam
753 5113 854 5169 par
888 5105 1031 5161 erat,
1069 5113 1135 5153 ac
1193 5113 1294 5167 pro
1357 5098 1471 5153 Deo
1504 5106 1834 5154 venerantes
1876 5098 2140 5171 Aigyptii,

555 5189 866 5246 istiusmodi
897 5190 1351 5259 superstitionem
1380 5191 1435 5245 in
1466 5191 1697 5247 stolidos
1726 5191 1977 5247 homines
1998 5192 2145 5247 deri-

555 5293 736 5335 vatam
787 5280 997 5337 nefarie
1052 5291 1447 5353 propagarunt.
1493 5282 1635 5353 Ergo
1688 5284 1765 5337 illi
1819 5282 2142 5339 Thermntin

555 5374 862 5443 Anienoplii
904 5370 1093 5438 tiliam,
1135 5375 1240 5430 hoc
1268 5382 1354 5430 est
1392 5375 1718 5437 Pharaonis,
1761 5374 1992 5429 adorare
2022 5392 2145 5446 per-

558 5474 730 5537 sunt,
780 5466 965 5535 quod,
1000 5474 1059 5520 ut
1119 5474 1278 5521 antea
1333 5467 1482 5531 dixi,
1525 5465 1749 5538 Moysen
1804 5467 2138 5524 educaverit.

637 5626 652 5657 ¹
687 5622 848 5681 Prov.
878 5642 953 5692 IV,
987 5625 1076 5680 227.
1159 5626 1221 5681 'I
1249 5624 1391 5679 Tim.
1424 5641 1498 5691 tv,
1533 5625 1584 5680 I.

1662 5625 1683 5658 ⁸
1706 5624 1883 5681 Judic.
1916 5644 1991 5690 XI,
2024 5629 2047 5681 I
2084 5645 2206 5697 sqq.

2247 4919 2342 4972 τοῦ
2372 4916 2572 4990 Φαραὼ
2600 4935 2651 4970 τι
2661 4919 2913 4989 μήσασαν
2955 4916 3046 4970 τὸν
3078 4916 3265 4969 δοῦλον
3292 4914 3385 4968 τοῦ
3408 4913 3544 4968 Θεοῦ
3578 4914 3841 4975 Μωῦσέα,

2254 5011 2583 5080 ἀνελομένην
2612 5027 2671 5062 τε
2724 5011 2820 5063 καὶ
2856 5008 3262 5081 ἀναθρέψασαν,
3308 5006 3397 5060 διά
3436 5006 3498 5059 τὸ
3529 5007 3835 5077 περίφημοι.

2251 5102 2371 5154 τότε
2395 5102 2490 5154 τοῦ
2523 5102 2735 5155 παιδίου
2759 5100 2901 5172 ὑπὲρ
2930 5101 2990 5153 τὸ
3029 5101 3146 5153 δέον
3185 5100 3514 5170 τιμήσαντες
3552 5098 3845 5167 Αἰγύπτιοι

2252 5195 2374 5247 ἀντὶ
2432 5194 2607 5260 Θεοῦ,
2666 5195 2760 5247 καὶ
2810 5194 2968 5248 τοῦτο
3020 5196 3101 5257 είς
3149 5194 3325 5261 κακὴν
3365 5191 3665 5263 παράδοσιν
3730 5193 3847 5255 τοῖς

2251 5289 2504 5358 ἀνοήτοις
2534 5287 2861 5358 παρέδωκαν
2887 5287 2966 5349 είς
2996 5272 3311 5356 θρησκείαν.
3339 5285 3450 5338 Καὶ
3477 5281 3846 5354 προσκυνοῦσι

2249 5378 2350 5448 τὴν
2386 5377 2689 5449 Θέρμουτιν
2718 5379 2816 5446 τὴν
2849 5374 3128 5446 θυγατέρα
3156 5374 3266 5443 (10)
3300 5373 3394 5428 τοῦ
3437 5371 3712 5444 Ἀμενὼφ,
3737 5372 3846 5436 ἕως

2251 5470 2372 5522 τότε
2406 5468 2605 5541 Φαραὼ
2630 5469 2673 5535 ⁵,
2726 5467 2946 5540 ἐπειδὴ,
2982 5468 3058 5531 ὡς
3101 5471 3384 5539 προεῖπον,
3434 5464 3698 5538 ἀνέθρεψε
3752 5464 3846 5519 τὸν

2288 5629 2309 5660 ⁸
2338 5627 2510 5685 Exod.
2538 5644 2599 5694 ιι,
2636 5629 2721 5683 10.
2802 5629 2823 5659 ⁸
2851 5627 2911 5682 F.
2945 5627 3251 5683 addendum
3280 5624 3396 5683 τοῦ.
3461 5598 3471 5612 ί

636 5758 913 5836 (ΙθλΤῂν
946 5759 1275 5836 erigimur
1305 5760 1419 5836 ζῆν·
1450 5761 1763 5836 θιιγατέρα.
1802 5761 2120 5834 Ληιρηονιιὶι

2226 5780 2364 5836 τεριιι
2400 5765 2550 5820 illum
2587 5761 2805 5835 ΑΞπωί
2838 5762 3102 5828 nominat,
3166 5759 3267 5816 sub
3334 5775 3443 5829 quo
3484 5758 3695 5831 Moyses
3744 5767 3846 5813 uno

565 5832 657 5887 ιω
695 5834 800 5897 est,
836 5833 891 5885 in
922 5848 1030 5901 quo
1063 5831 1280 5888 Eusebii
1311 5831 1605 5888 Chronicon
1637 5842 1855 5889 secutus
1887 5842 1991 5889 est.
