4134 6392
375 358 482 416 75'?

943 356 1315 413 ADVERSUS
1358 356 1695 411 [UERESES
1737 355 1861 411 LIB.
1898 357 1985 413 lli.
2027 358 2188 415 ἸὉΜ.
2223 361 2285 415 ll.
2311 362 2670 418 —llA§l'tES.
2704 361 2986 419 LXXVl'l.

3521 364 3628 423 733

373 475 633 532 Μωῦσέα.
678 475 789 529 Καὶ
827 474 992 528 πολλὰ
1034 476 1258 528 τοιαῦτα
1305 476 1465 534 ὅμοια
1508 475 1729 542 γέγονεν
1762 475 1829 540 ,ἐν
1873 474 1961 527 κό-

2063 477 2346 544 Ejusmodi
2398 481 2657 550 pleraque
2704 482 2769 536 ad
2829 496 3096 536 czccorutn
3155 482 3433 537 hominum
3482 484 3628 537 frau-

376 586 501 639 σμῳ
533 570 613 631 εἰς
671 567 879 636 πλάνην
932 567 1040 619 τῶν
1069 567 1474 638 ἠπατημένων,
1518 567 1578 618 οὐ
1627 566 1737 618 τῶν
1785 564 1955 633 ἁγίων

374 659 566 714 αἰτίων
589 659 757 710 ὄντων
792 657 933 709 τισὶν
963 659 1043 718 είς
1072 657 1425 727 πρόσκομμα,
1454 656 1554 725 τῆς
1589 655 1822 718 διανοίας
1847 655 1956 708 τῶν

378 747 680 820 ἀνθρώπων
712 749 784 819 μὴ
830 746 1166 818 ἠρεμούσης,
1209 747 1323 800 ἀλλ’
1371 749 1463 800 ἐπὶ
1513 746 1580 799 τὰ
1616 745 1830 817 πονηρά
1861 749 1955 798 ὲκ-

386 841 743 913 ςρεπομένης.
786 842 942 893 Ἤτοι
973 842 1081 912 γὰρ
1116 836 1383 893 ἀπέθανεν
1414 842 1447 910 ἡ
1489 840 1619 909 ἀγία
1659 839 1954 909 Παρθένος,

380 929 469 985 καὶ
518 932 806 997 τέθαπται,
848 933 906 983 ὲν
956 934 1088 1002 τιμῇ
1119 932 1290 1001 αὐτῆς
1327 933 1360 1001 ἡ
1409 928 1702 1001 κοίμησις,
1758 931 1851 983 καὶ
1900 930 1958 981 ἐν

376 1022 566 1093 ἁγνείᾳ
605 1026 636 1094 ή
669 1023 914 1094 τελευτὴ,
943 1026 1037 1076 καὶ
1071 1026 1128 1076 ἐν
1168 1023 1435 1094 παρθενίᾳ
1461 1026 1487 1076 ό
1515 1023 1804 1090 στέφανος*
1840 1023 1958 1092 ἦτοι

374 1113 637 1187 ἀνῃρέθη,
671 1114 853 1177 καθὼς
882 1115 1191 1186 γέγραπται
1211 1130 1225 1143 '
1262 1115 1373 1168 Kal
1397 1115 1510 1181 τὴν
1537 1114 1749 1182 ψυχὴν
1770 1112 1959 1179 αὐτῆς

374 1204 747 1259 διελεύσεται
771 1209 1042 1275 ῥομφαία
1066 1224 1080 1237 '
1113 1209 1168 1259 ὲν
1197 1208 1464 1278 μάρτυσιν
1498 1206 1667 1274 αὐτῆς
1692 1206 1752 1257 τὸ
1780 1205 1956 1267 κλέος,

377 1300 467 1351 καὶ
505 1299 562 1350 ὲν
614 1302 984 1369 μακαρισμοῖς
1034 1299 1095 1352 τὸ
1132 1299 1285 1368 ἆγιον
1340 1299 1510 1369 αὐτῆς
1563 1298 1749 1367 adipes
1783 1296 1849 1347 δι’
1892 1291 1960 1365 ἦς

375 1388 490 1456 φῶς
537 1391 778 1444 ἀνέτειλε
825 1390 905 1461 τῷ
948 1390 1172 1461 κόσμῳ’
1209 1391 1327 1461 ἤτοι
1365 1389 1421 1441 δὲ
1460 1389 1660 1458 ἔμεινε.
1706 1388 1817 1439 Καὶ
1851 1389 1959 1457 γὰρ

373 1474 472 1540 οὐκ
493 1483 745 1536 ἀδυνατεῖ
769 1482 845 1553 τῷ
872 1481 992 1553 Θεῷ
1020 1482 1196 1534 πάντα
1216 1483 1409 1544 ποιεῖν,
1438 1481 1646 1548 ὅσαπερ
1678 1477 1923 1547 βούλεται
1941 1491 1954 1505 ’

372 1578 434 1631 τὸ
466 1575 618 1639 τέλος
660 1573 769 1645 γὰρ
801 1573 972 1642 αὐτῆς
1013 1572 1188 1635 οὐδεὶς
1228 1570 1387 1637 ἔγνω.
1426 1570 1578 1639 Πέρα
1617 1567 1712 1619 τοῦ
1751 1568 1960 1630 δέοντος

371 1669 434 1720 οὐ
467 1667 574 1738 χρὴ
627 1667 792 1736 τιμᾷν
824 1664 951 1726 τοὺς
982 1662 1204 1731 ἁγίους,
1244 1661 1381 1714 ἀλλὰ
1430 1660 1595 1729 τιμᾷν
1642 1659 1731 1709 τὸν
1781 1658 1959 1709 αὐτῶν

373 1750 675 1824 Δεσπότην.
734 1751 1038 1805 Παυσάσθω
1087 1749 1266 1802 τοίνυν
1310 1748 1342 1816 ἡ
1390 1746 1564 1817 πλάνη
1608 1746 1717 1797 τῶν
1754 1745 1961 1796 πεπλαοι

380 1820 798 1916 θημένων.οὖτε
829 1842 938 1911 γὰρ
978 1835 1097 1901 θεὸς
1124 1841 1157 1909 ἡ
1192 1835 1402 1908 Μαρία,
1440 1834 1563 1888 οὔτε
1604 1836 1696 1887 ἀπ’
1725 1834 1954 1905 οὐρανοῦ
1991 1820 2032 1874 Β

373 1938 571 2009 ἔχουσα
612 1936 673 1989 τὸ
719 1934 901 2005 σῶμα,
953 1931 1065 1984 ἀλλ’
1110 1933 1174 1983 ὲκ
1226 1929 1536 1999 συλλήψεως
1609 1927 1800 1996 ἀνδρὸς
1864 1929 1959 1980 καὶ

372 2028 650 2100 γυναικὸς,
690 2028 809 2079 κατ’
855 2023 1188 2092 ἐπαγγελίαν
1218 2022 1296 2085 δὲ,
1340 2020 1528 2093 ὥσπερ
1558 2022 1588 2072 ὁ
1639 2019 1843 2082 Ἰσαὰκ,
1879 2021 1958 2071 οἰ-

372 2117 757 2189 κονομηθεῖσα.
805 2115 914 2167 Καὶ
966 2113 1153 2183 μηδεὶς
1205 2114 1285 2174 είς
1331 2110 1504 2180 ὄνομα
1552 2109 1754 2179 ταύτης
1789 2126 1958 2179 προσ-

377 2209 588 2280 ιρερέτω
607 2225 620 2237 ·
648 2205 842 2260 ἑαυτοῦ
866 2204 973 2275 γὰρ
993 2205 1090 2275 τὴν
1111 2203 1285 2273 ψυχὴν
1310 2202 1562 2255 ἁπόλλει¹
1587 2218 1599 2229 ’
1630 2205 1765 2272 μήτε
1793 2200 1956 2253 πάλιν

372 2300 772 2374 ἐμπαροινείτω
824 2298 1121 2370 ἐξυϐρίζων
1170 2298 1269 2366 τὴν
1314 2294 1472 2364 ἁγίαν
1524 2294 1818 2366 Παρθένον.
1863 2292 1954 2364 Μὴ

382 2396 483 2467 γὰρ
512 2395 753 2463 γένοιτοί
794 2392 855 2444 οὐ
921 2390 1170 2461 συνήφθη
1224 2389 1390 2459 σαρκὶ
1436 2388 1573 2458 μετά
1603 2387 1700 2457 τὴν
1738 2387 1952 2455 κύησιν,

381 2488 496 2542 ὶύδὲ
527 2486 635 2555 πρὸ
663 2484 760 2553 τῆς
785 2484 1035 2552 κυήσεως
1066 2481 1159 2532 τοῦ
1198 2481 1469 2549 Σωτῆρος.

2057 566 2179 620 dem
2229 578 2282 621 et
2314 582 2555 623 errorem
2591 571 2645 623 in
2681 570 2941 624 mundum
2974 573 3282 626 introducta
3332 581 3481 637 sunt,
3517 590 3632 631 non

2059 658 2201 727 quod
2249 662 2425 713 sancti
2456 661 2712 729 cuiquam
2745 662 3064 717 ollensionis
3095 679 3283 717 ansam
3317 666 3596 733 praebeant

2059 747 2152 801 sed
2187 749 2329 816 quod
2361 751 2751 818 conquiescere
2780 767 2934 807 mens
2968 754 3248 807 hominum
3292 763 3540 824 nequeat.
3575 764 3632 810 et

2059 843 2124 891 ad
2172 854 2338 907 prava
2396 841 2651 898 declinet.
2694 844 2902 896 Etenim
2948 846 3062 898 sive
3096 856 3309 899 mortua
3353 856 3435 900 est
3464 845 3628 917 Virgo

2060 932 2413 985 sanctissima
2442 947 2505 985 ac
2536 933 2769 1001 sepulta,
2797 949 3013 988 summo
3034 949 3157 988 cum
3184 936 3473 1004 splendore
3500 951 3603 990 con

2055 1023 2245 1089 juncta
2288 1037 2434 1074 mors
2484 1023 2631 1076 illius
2666 1032 2749 1077 est
2779 1067 2792 1087 ,
2824 1036 2878 1076 et
2924 1026 3271 1081 castissimus
3318 1026 3519 1089 exitus,
3567 1041 3631 1080 ac

2062 1111 2385 1177 virginitatis
2412 1111 2460 1165 ei
2500 1126 2700 1165 corona
2737 1127 3035 1178 concessa;
3074 1116 3189 1169 sive
3218 1115 3537 1179 interfecta,
3572 1125 3633 1171 ut

2061 1202 2305 1256 indicare
2354 1201 2638 1268 Scriptura
2686 1204 2898 1256 videtur
2951 1205 3033 1258 his
3090 1205 3311 1259 verbis:
3356 1204 3425 1257 Et
3463 1208 3631 1275 ipsius

2060 1295 2297 1345 animam
2340 1293 2629 1361 penetrabit
2654 1292 2866 1362 gladius
2890 1294 2931 1356 ³,
2978 1294 3205 1363 gloriam
3237 1304 3507 1366 martyres
3549 1297 3634 1350 in—

2061 1394 2145 1439 ter
2183 1400 2246 1437 ac
2274 1383 2443 1438 decus
2477 1384 2707 1448 obtinet,
2736 1394 2791 1438 et
2820 1400 3036 1438 sacrum
3064 1385 3211 1440 illius
3245 1400 3446 1455 corpus
3482 1387 3633 1440 omni

2063 1478 2325 1530 felicitate
2354 1477 2690 1529 cuumlatutn
2726 1486 2843 1541 est;
2886 1493 2980 1545 per
3019 1494 3182 1546 quam
3216 1479 3422 1532 mundo
3451 1479 3633 1532 lumen

2062 1568 2257 1619 illuxit.
2298 1564 2484 1620 Potest
2520 1567 2754 1634 denique
2793 1575 2847 1618 ct
2892 1584 2942 1617 ιιι
2978 1556 3084 1619 vita
3126 1569 3418 1621 mansisse.
3450 1565 3635 1620 Potest

2061 1658 2207 1711 enim
2242 1656 2389 1711 Deus
2417 1657 2683 1726 quidquid
2713 1656 2932 1719 libuerit
2956 1658 3205 1724 ellicere;
3240 1673 3362 1711 nam
3391 1658 3457 1712 de
3490 1659 3634 1712 illius

2061 1747 2210 1798 exitu
2242 1746 2377 1799 nihil
2417 1755 2567 1800 certo
2591 1754 2833 1799 constat.
2866 1743 3040 1798 Porro
3071 1746 3212 1798 ultra
3241 1760 3403 1815 quam
3436 1761 3534 1816 par
3565 1746 3638 1800 sit

2063 1845 2287 1892 Sanctos
2309 1838 2557 1892 venerari
2587 1838 2741 1891 nefas
2766 1846 2884 1902 est;
2919 1837 3013 1892 sed
3046 1838 3262 1892 illorum
3283 1838 3636 1894 honorandus

2061 1934 2146 1979 est
2192 1925 2475 1981 Dominus.
2511 1925 2873 1991 Quamobrem
2911 1927 3128 1981 desinat
3184 1927 3403 1981 tandem
3457 1926 3638 1982 infeli-

2061 2017 2207 2069 cium
2239 2017 2330 2070 ille
2366 2017 2648 2071 hominum
2685 2033 2857 2070 error.
2891 2017 3077 2086 Neque
3111 2017 3256 2072 enim
3292 2017 3461 2070 Maria
3493 2017 3637 2071 Deus

2061 2116 2184 2174 est,
2221 2125 2402 2177 neque
2427 2110 2494 2162 de
2528 2109 2668 2161 coalo
2704 2109 2917 2180 1056
2947 2124 3146 2177 corpus
3179 2111 3411 2179 accepit,
3443 2110 3537 2164 sed
3567 2110 3638 2163 ab

2065 2197 2184 2250 viro
2216 2213 2279 2250 ac
2320 2199 2550 2253 muliere
2583 2202 2787 2267 genita,
2818 2201 3036 2254 tametsi
3072 2216 3136 2254 ex
3169 2201 3551 2270 promissione,
3578 2210 3638 2256 ut

2061 2290 2190 2343 olim
2244 2288 2466 2344 lsaacus
2492 2333 2505 2354 ,
2546 2292 2814 2360 singulari
2863 2291 2958 2346 Dei
3001 2294 3071 2345 sit
3120 2293 3462 2362 providentia
3500 2309 3637 2349 con-

2061 2397 2241 2436 cessa.
2270 2381 2440 2457 Nemo
2465 2398 2597 2437 vero
2639 2385 2695 2437 in
2740 2383 2887 2437 illius
2919 2400 3117 2439 nomen
3151 2386 3482 2440 sacrificium
3507 2386 3639 2441 olle-

2064 2482 2171 2537 rat,
2201 2474 2406 2543 alioqui
2437 2476 2770 2531 aninitesux
2798 2489 3026 2530 mortem
3054 2489 3216 2547 atque
3252 2478 3477 2531 exitium
3507 2493 3669 2532 con-.

377 2585 593 2640 sciscet.
642 2580 825 2650 Neque
895 2592 1023 2632 vero
1068 2578 1123 2629 in
1200 2575 1606 2629 sanctissimam
1661 2572 1811 2625 illam
1877 2571 2271 2626 contumeliose
2313 2572 2666 2630 net-bacchari
2706 2572 2922 2627 audeat.
2971 2573 3128 2628 Absit
3171 2574 3355 2641 enim,
3409 2582 3469 2628 ut
3518 2584 3641 2645 post

378 2678 580 2733 editum
613 2673 948 2728 Salvatorcm
973 2713 988 2737 ,
1018 2678 1114 2724 aut
1167 2677 1293 2723 ante
1333 2675 1573 2738 partum,
1614 2682 1816 2736 corpus
1854 2680 1981 2719 cum
2025 2666 2136 2719 ullo
2163 2667 2516 2733 conjunxisse
2542 2667 2777 2721 dicatur.

446 2769 578 2823 KE’.
614 2766 725 2820 Καὶ
756 2762 930 2819 ταῦτα
987 2762 1086 2833 μὲν
1136 2760 1204 2813 τὰ
1246 2760 1402 2827 ὀλίγα
1450 2761 1530 2822 είς
1579 2759 1805 2821 ἑαυτοὺς
1847 2757 1963 2810 δια-

379 2863 750 2932 σκοπήσαντες
774 2897 788 2920 ,
824 2855 1143 2928 ἐγράψαμεν
1186 2856 1296 2917 τοῖς
1334 2852 1676 2923 βουλομένοις
1716 2866 1964 2920 καταμα-

378 2955 490 3008 θεῖν
518 2954 618 3021 τῆς
660 2949 881 3021 Γραφῆς
912 2948 1011 3018 τὴν
1040 2946 1315 3017 ἀλήθειαν,
1361 2943 1457 2997 καὶ
1499 2942 1572 3013 μὴ
1601 2942 1777 3014 μάτην
1824 2956 1964 3012 παρ-

376 3046 542 3099 οινεῖν
569 3044 681 3105 τοῖς
717 3040 926 3108 λόγοις,
959 3037 1052 3091 καὶ
1088 3036 1406 3106 βλάσφημόν
1449 3050 1569 3086 τινα
1612 3034 1829 3094 ἑαυτοῖς
1874 3028 1966 3095 ἐξ·

377 3133 693 3200 οπλίζεσθαι
744 3131 1016 3201 γλῶτταν.
1059 3130 1123 3181 Εί
1157 3128 1215 3180 δὲ
1268 3125 1543 3196 βούλονταί
1584 3140 1727 3185 τινες
1775 3121 1958 3190 ἀνέχε-

379 3230 502 3283 σθαι
528 3230 572 3289 ²,
607 3226 729 3280 οὐδὲ
771 3221 1166 3293 καταδέχεσθαι
1192 3219 1261 3273 τὰ
1295 3218 1572 3286 ὲπωφελῆ,
1602 3215 1738 3268 ἀλλά
1761 3214 1959 3285 μᾶλλον

376 3317 666 3374 τάναντία·
703 3316 797 3368 καὶ
825 3313 916 3382 ἀφ’
953 3310 1109 3383 ἡμῶν
1153 3309 1263 3362 τῶν
1307 3307 1540 3361 εὐτελῶν
1580 3305 1731 3359 ἔσται
1768 3305 1959 3376 ῥητέον
2008 3366 2023 3383 κ

376 3409 460 3475 τὸ,
495 3409 559 3462 '0
613 3406 851 3461 ἀκούων
908 3401 1209 3457 ἀκουέτω.
1241 3398 1341 3451 καὶ
1394 3400 1427 3451 ό
1476 3393 1739 3450 ἀπειθῶν
1789 3394 1958 3448 ἀπει-

379 3501 547 3557 θείτω
566 3516 580 3531 ⁸
619 3498 692 3568 μή
721 3514 775 3549 τι
804 3497 916 3558 τοῖς
942 3490 1258 3552 ἀποστόλοις
1288 3489 1454 3543 κόπον
1484 3486 1790 3557 παρεχέτω,
1822 3486 1960 3555 μήτε

378 3595 510 3666 ἡμῖν
559 3590 776 3662 μηκέτι.
839 3589 908 3639 Ἀ
951 3585 1059 3655 γὰρ
1104 3582 1324 3654 ¹ᾔδειμεν
1373 3580 1669 3651 σεμνότερα
1712 3578 1823 3666 καὶ-
1852 3579 1961 3666 -ὲπ-

380 3664 563 3751 ωφελῆ
580 3682 645 3749 τῇ
676 3674 991 3745 Ἐκκλησίᾳ,
1008 3671 1180 3725 ταῦτα
1214 3671 1344 3740 περὶ
1369 3669 1466 3739 τῆς
1491 3667 1653 3736 ἁγίας
1683 3664 1958 3732 Παρθένου

381 3775 719 3844 εἰρήκαμεν,
753 3763 1176 3837 συνηγοροῦντες
1217 3763 1283 3831 τῇ
1339 3758 1482 3812 κατὰ
1518 3758 1694 3810 πάντα
1738 3773 1961 3826 κεχαρι-

380 3862 619 3934 τωμένη,
650 3859 725 3922 ὡς
752 3854 902 3938 εἶπεν
921 3858 949 3909 ό
977 3853 1221 3924 Γαϐριὴλ
1240 3868 1252 3882 ·
1276 3850 1472 3920 Χαῖρε,
1497 3847 1956 3918 κεχαριτωμένη,

381 3955 414 4007 ό
460 3951 675 4017 Κύριος
717 3946 870 4017 μετὰ
913 3944 1051 3999 σοῦ.
1086 3944 1149 3995 Ei
1179 3941 1235 3993 δὲ
1285 3943 1313 3993 ὁ
1352 3940 1553 4010 Κύριος
1605 3938 1720 4009 μετ’
1767 3937 1956 4007 αὐτῆς,

380 4040 499 4104 πῶς
530 4027 682 4092 ἔσται
710 4039 768 4089 ὲν
798 4033 1028 4105 συζυγία
1062 4033 1260 4104 ἐτέρᾳ;
1299 4030 1423 4094 Πῶς
1447 4031 1502 4083 δὲ
1537 4030 1698 4102 σαρκὶ
1731 4028 1961 4099 πλησιά-

383 4130 550 4196 ζουσα
592 4129 746 4182 έσται
787 4127 891 4179 ὑπὸ
919 4125 1124 4195 Κυρίου
1159 4121 1569 4192 φυλαττομένης
1615 4122 1679 4174 υἱ
1725 4121 1869 4187 ἆγιοι
1901 4122 1958 4171 ἐν

380 4221 534 4289 τιμῇ,
562 4220 595 4288 ἡ
626 4216 931 4276 ἀνάπαυσις
976 4212 1155 4267 αὐτῶν
1207 4214 1265 4264 ὲν
1326 4211 1491 4284 δόξῃ,
1550 4213 1583 4281 ἡ
1632 4209 1958 4266 ἀπεντεῦθεν

380 4308 557 4364 αὐτῶν
603 4306 836 4378 ἐκδημία
876 4308 935 4357 ὲν
981 4303 1298 4372 τελειότητι,
1351 4305 1381 4354 ό
1442 4298 1640 4373 κλῆρος
1680 4301 1857 4354 αὐτῶν
1901 4303 1959 4353 ἐν

384 4397 745 4468 μακαριότητι
775 4395 994 4466 (11),“ὲν
1031 4396 1217 4463 μοναῖς
1248 4393 1450 4460 ἁγίαις,
1475 4395 1503 4444 ὁ
1529 4392 1686 4463 χορὸς
1712 4392 1827 4462 μετ’
1855 4393 1958 4459 ἀγ-

2128 2755 2295 2810 χχι.
2337 2756 2462 2811 Haec
2509 2759 2822 2823 habuimus,
2862 2774 2982 2828 quas
3016 2760 3158 2830 apud
3235 2775 3340 2816 nos
3384 2761 3643 2817 meditata

2064 2844 2120 2899 in
2156 2862 2344 2900 eorum
2374 2849 2603 2917 gratiam
2630 2848 2779 2901 brevi
2808 2849 3105 2917 scriptione
3131 2852 3640 2921 complecteremur,

2064 2938 2157 3007 qui
2197 2953 2480 2992 sacrarum
2522 2938 2853 2995 Litterarum
2887 2942 3170 2995 veritatem
3207 2945 3487 3013 percipere
3521 2954 3642 3001 stu-

2062 3029 2221 3099 dent,
2246 3045 2422 3099 neque
2452 3037 2656 3086 temere
2700 3032 3046 3087 sermonibus
3073 3034 3357 3101 insultare,
3393 3044 3487 3091 aut
3509 3054 3646 3093 con-

2063 3121 2401 3175 tnmeliosam
2439 3121 2542 3175 sibi
2577 3122 2713 3191 ipsis
2752 3123 2989 3192 linguam
3028 3123 3348 3191 producere.
3391 3127 3549 3192 Quod
3593 3130 3643 3185 si

2064 3212 2158 3281 qui
2208 3210 2470 3282 refragari
2517 3214 2729 3278 malint,
2766 3228 2831 3267 ac
2871 3216 3069 3284 spretis
3103 3216 3346 3282 utilibus,
3382 3235 3504 3288 quae
3556 3221 3644 3278 his

2066 3304 2348 3356 contraria
2389 3311 2519 3357 sunt
2561 3306 2841 3374 amplecti,
2879 3321 2909 3359 a
2941 3307 3100 3361 nobis
3132 3308 3334 3363 inlimis
3371 3325 3643 3380 usurpan-

2065 3393 2196 3449 dum
2229 3394 2361 3449 illud
2394 3395 2539 3449 erit:
2579 3395 2684 3461 Qui
2726 3397 2900 3464 audit,
2957 3397 3175 3462 audiat;
3222 3401 3312 3465 qui
3356 3415 3644 3457 contumax

2066 3492 2177 3547 est,
2234 3494 2525 3537 contumax
2574 3496 2687 3538 esto
2705 3484 2750 3550 ‘,
2784 3500 2849 3540 ac
2900 3500 3076 3555 neque
3125 3488 3410 3556 apostolis,
3464 3506 3644 3561 neque

2065 3575 2227 3630 nobis
2258 3577 2496 3645 amplius
2528 3577 2794 3632 molestus
2828 3578 2920 3632 sit.
2968 3577 3099 3643 Quae
3145 3580 3288 3634 enim
3335 3583 3642 3653 religiosis-

2066 3667 2201 3721 sima
2245 3676 2299 3721 et
2314 3667 2568 3722 Ecclesia:
2599 3667 2883 3724 fructuosa
2914 3684 3039 3725 esse
3067 3672 3413 3739 putabamus,
3441 3679 3555 3730 haec
3575 3677 3645 3732 de

2069 3759 2423 3814 sanctissima
2459 3758 2683 3829 Virgine
2707 3776 2900 3815 sumus
2932 3762 3188 3831 professi,
3219 3772 3276 3817 ut
3302 3765 3423 3832 ejus
3458 3777 3645 3837 patro-

2066 3853 2271 3906 cinium
2315 3853 2743 3921 susciperemus,
2776 3868 2898 3923 qua:
2930 3855 3104 3922 gratia
3164 3855 3483 3924 plenissima
3513 3868 3639 3914 est:

2067 3948 2130 3995 ut
2157 3939 2377 3995 Gabriel
2412 3941 2629 3995 locutus
2657 3949 2744 3995 est
2772 3957 2787 3993 :
2818 3947 2948 4004 Ave,
2985 3944 3159 4012 gratia
3183 3944 3358 4013 plena,
3384 3946 3641 4002 Dominus

2068 4039 2237 4085 tecum
2259 4031 2302 4085 ⁵.
2340 4030 2497 4097 Quod
2541 4031 2586 4085 si
2633 4047 2757 4084 cum
2789 4032 2905 4099 ipsa
2936 4031 3200 4088 Dominus
3239 4043 3342 4099 est,
3367 4038 3643 4104 quomodo

2068 4124 2298 4177 alterum
2361 4125 2677 4195 coniugium
2744 4125 3031 4179 admisisse
3075 4128 3295 4195 potest?
3349 4129 3640 4197 Quonam,

2066 4215 2310 4284 inquam,
2346 4225 2505 4284 pacto
2531 4232 2651 4283 qua:
2684 4219 2868 4270 carnis
2900 4219 3356 4272 consuetudinem
3389 4220 3639 4286 haberet,

2074 4320 2105 4358 a
2137 4303 2371 4359 Domino
2403 4308 2611 4361 servari
2645 4306 2884 4360 dicitur?
2918 4307 3209 4363 Enimvero
3239 4312 3417 4365 sancti
3448 4327 3641 4369 omnes

2065 4412 2264 4466 magno
2288 4398 2342 4450 in
2376 4398 2584 4451 honore
2607 4411 2754 4453 sunt.
2779 4398 2984 4453 Horum
3009 4407 3095 4452 est
3121 4399 3359 4469 gloriosa
3385 4403 3603 4470 requies
3622 4444 3639 4470 ,

379 4489 574 4557 γέλων,
603 4490 636 4559 ὴ
670 4488 849 4542 δίαιτα
895 4490 953 4541 ὲν
985 4486 1223 4558 οὐρανῷ,
1254 4486 1316 4538 τὸ
1348 4486 1651 4557 πολίτευμα
1694 4488 1751 4538 ὲν
1785 4485 1959 4550 θείαις

2071 4488 2263 4542 borum
2288 4505 2352 4542 ex
2377 4490 2476 4541 hac
2508 4491 2614 4541 vita
2636 4488 2915 4545 discessus
2942 4490 3009 4543 ad
3041 4490 3426 4560 perfectionem
3457 4498 3639 4546 trans-

380 4578 646 4649 Γραφαίς,
675 4578 737 4630 τὸ
762 4576 918 4639 κλέος
941 4577 999 4628 ὲν
1021 4578 1155 4645 τιμῇ
1184 4574 1559 4646 ἀσυνεικόιστῳ
1581 4575 1675 4627 καὶ
1705 4574 1958 4645 διηνεκεῖ,

379 4671 451 4724 τὰ
474 4669 704 4740 βραδεῖα
735 4671 794 4722 ὲν
818 4667 1038 4739 Χριστῷ
1070 4667 1243 4738 Ἰησοῦ
1272 4666 1350 4739 τῷ
1379 4668 1568 4739 Κυρίῳ
1592 4668 1779 4739 ἡμῶν·
1809 4669 1876 4720 δι’
1902 4664 1962 4723 οὗ

379 4758 477 4813 καὶ
506 4759 622 4830 μεθ’
649 4752 710 4811 οὗ
754 4759 882 4822 δόξα
924 4756 1003 4828 τῷ
1032 4758 1208 4829 Πατρὶ
1254 4758 1350 4811 σὺν
1380 4758 1521 4828 ἀγίῳ
1567 4757 1848 4828 Πνεύματι
1884 4761 1965 4823 είς

379 4852 604 4915 αἰῶνας.
644 4853 840 4922 Ἀμήν.

2060 4581 2169 4635 itus
2202 4589 2324 4644 est,
2360 4582 2675 4635 eorunnlem
2708 4582 2762 4635 in
2798 4581 3054 4636 felicitate
3076 4596 3249 4645 'sors,
3292 4583 3344 4636 in
3396 4585 3637 4637 sanctis-

2065 4671 2218 4725 simis
2247 4671 2538 4725 domiciliis
2570 4673 2713 4726 inter
2739 4674 3054 4743 angelorum
3095 4676 3293 4747 choros
3324 4682 3633 4739 versantur,

2074 4762 2343 4817 habitatio
2368 4762 2424 4816 in
2460 4764 2622 4824 caelo,
2655 4766 2947 4833 occupatio
2978 4766 3034 4818 in
3076 4767 3251 4819 sacris
3281 4764 3500 4820 Litteris
3527 4773 3633 4832 est,

2068 4854 2239 4909 decus
2272 4868 2336 4907 ac
2367 4854 2626 4924 splendor
2658 4858 2994 4925 sempiterno
3033 4857 3085 4910 in
3130 4856 3337 4911 honore
3362 4857 3636 4923 consistit,

296 5016 299 5017 ν
379 4962 541 5016 quem
602 4948 751 5000 nulla
810 4947 1129 5014 conjectura
1186 4953 1366 5015 potest
1417 4946 1671 5016 assequi,
1728 4948 1951 5017 praemia
2029 4947 2267 5016 denique
2316 4949 2370 5002 in
2430 4948 2650 5003 Christo
2732 4947 2864 5003 Jesu
2923 4950 3153 5005 Domino
3207 4959 3398 5005 nostro
3458 4952 3638 5020 posita

380 5052 550 5108 sunt;
601 5058 697 5112 per
743 5058 933 5111 quem,
966 5051 1021 5097 et
1066 5056 1301 5111 quocum
1350 5042 1519 5113 gloria
1572 5041 1717 5097 Patri
1768 5058 1891 5097 cum
1932 5051 2125 5098 sancto
2154 5042 2361 5113 Spiritu
2392 5044 2448 5097 in
2476 5045 2695 5098 saecula.
2726 5045 2918 5098 Amen.

452 5135 956 5206 Προσαγορεύουσιν
1000 5135 1145 5205 ὑμᾶς
1182 5135 1383 5198 πάντες
1413 5138 1461 5189 οἱ
1502 5136 1740 5206 ἀδελφοί.
1779 5138 1956 5209 Προσ-

380 5224 568 5277 ιίπατε
600 5224 656 5278 δὲ
687 5226 780 5279 καὶ
810 5226 964 5279 αὐτοὶ
990 5226 1197 5290 πάντας
1227 5228 1354 5290 τοὺς
1386 5228 1516 5297 παρ’
1547 5229 1675 5298 ὑμῖν
1697 5227 1959 5299 ἀδελφοὺς

380 5318 605 5381 πιστοὺς
642 5316 972 5387 ὀρθοδόξους,
1011 5317 1341 5385 στυγοῦντας
1390 5318 1769 5391 ὑπερηφανίαν
1793 5360 1809 5385 ,
1864 5337 1954 5389 μι-

2136 5138 2340 5193 Omnes
2378 5154 2476 5192 vos
2517 5138 2715 5193 fratres
2763 5139 3060 5207 plurimum
3104 5137 3367 5201 salutant.
3414 5133 3525 5190 Vos
3556 5135 3639 5189 vi-

2064 5229 2256 5284 cissim
2290 5231 2521 5285 salutem
2566 5229 2843 5290 omnibus.
2875 5230 2966 5298 qui
3014 5230 3159 5298 apud
3211 5244 3308 5283 vos
3339 5235 3488 5290 sunt,
3524 5226 3637 5283 fras

2061 5322 2239 5375 tribus
2257 5322 2446 5385 dicite,
2488 5322 2591 5376 hoc
2619 5333 2703 5376 est
2735 5322 2988 5376 fidelibus
3022 5322 3250 5375 sincera:
3298 5320 3421 5374 fidei
3458 5320 3637 5373 culto-

451 5492 472 5524 ί
506 5490 639 5563 Reg.
667 5493 942 5548 ἀπολλύει.
1021 5497 1041 5525 ²
1062 5493 1123 5548 F.
1157 5494 1499 5565 ἀντέχεσθαι.
1577 5496 1598 5527 ³
1627 5495 1759 5551 Luc.
1786 5513 1845 5561 tt,
1876 5497 1961 5553 55.

2085 5497 2285 5554 Ezech.
2311 5515 2393 5563 tu,
2419 5499 2508 5553 27.
2586 5501 2606 5531 ⁵
2643 5499 2771 5555 Luc.
2805 5517 2844 5567 ι,
2874 5500 2964 5555 28.
3004 5507 3012 5519 ’

449 5670 561 5739 (ll)
594 5669 656 5723 Ὀ
707 5669 931 5738 κλῆρος
949 5667 1146 5723 αὐτῶν
1183 5668 1253 5722 ἐν
1292 5670 1698 5739 μακαριότητι.
1730 5670 1803 5726 Ex
1839 5671 1941 5725 hoc

382 5737 504 5794 loco
552 5741 895 5795 manifestum
929 5751 1045 5805 est,
1088 5737 1425 5809 sanctorum,
1451 5737 1538 5795 ubi
1593 5737 1656 5796 ex
1695 5743 1793 5797 hac
1836 5745 1943 5795 vita

2049 5673 2421 5739 disresserint,
2468 5675 2677 5729 animas
2725 5676 2934 5731 caelesti
2987 5676 3241 5730 felicitate
3278 5675 3506 5744 perfrui,
3535 5689 3633 5731 no-

2052 5761 2157 5814 que
2187 5761 2500 5814 supremutn
2529 5747 2722 5816 judicii
2759 5756 2968 5815 tempus
2998 5757 3332 5815 exspectare.
