4134 6392
501 393 608 452 739

1917 392 1974 448 S.
2035 389 2374 445 El‘lPlIANIl

3647 381 3748 441 7‘0

502 507 676 570 ribus,
725 507 816 576 qui
872 507 1182 577 superbiam
1239 515 1582 572 aversantur,
1615 509 1708 576 qui
1745 509 2070 562 Arianorum

2181 505 2408 567 σοῦντας
2435 503 2718 557 κοινωνίαν
2757 503 2814 554 Ἀ
2825 501 3070 574 ρειανῶν,
3115 501 3207 554 καὶ
3235 495 3606 552 Σαϐελλιανῶν
3633 498 3752 566 sps.

503 599 942 652 communionem
975 605 1030 650 et
1071 597 1510 652 Sabellianormn
1569 600 1894 668 proterviam
1943 600 2076 654 ode-

504 697 652 755 runt,
693 691 786 759 qui
833 690 1358 745 consubstantialem
1397 690 1718 744 Trinitatem
1759 691 2075 760 proﬁtentes

503 781 733 836 adorant
789 780 1030 844 Patrem,
1073 788 1128 834 et
1157 781 1378 844 Filium,
1402 789 1458 835 et
1486 781 1749 853 Spirilmn
1799 791 2072 846 sanetum,

503 881 619 928 tres
667 887 953 942 personas,
997 883 1052 926 et
1085 889 1246 926 unam
1285 875 1647 929 substantiam
1674 915 1689 938 ,
1728 889 1792 928 ac
1821 875 2075 942 divinita-

503 971 630 1028 tem,
661 979 934 1032 unamque
986 963 1236 1033 gloriam,
1269 966 1472 1034 quique
1509 965 1578 1020 de
1637 965 1863 1020 salutari
1887 941 2076 1018 incar-

503 1055 742 1108 nationis
769 1053 982 1107 Domini
1013 1056 1274 1124 mysterio
1305 1055 1517 1110 sincere
1572 1071 1636 1108 ac
1668 1057 1806 1108 citra
1833 1071 2074 1110 errorem

503 1147 783 1210 sentiunt,
817 1161 882 1199 ac
908 1146 1186 1200 Christum
1223 1147 1381 1215 plane
1407 1147 1682 1200 hominem
1711 1163 1834 1201 esse
1868 1145 2074 1200 factum

501 1237 914 1306 perfectumque
952 1238 1160 1308 1057
1205 1237 1406 1301 Deum,
1449 1255 1513 1292 ac
1555 1238 1854 1308 perfectum
1905 1239 2076 1292 homi-

501 1345 622 1382 nem
657 1330 1016 1392 arbitrantur,
1049 1331 1256 1399 peccati
1289 1332 1467 1384 omnis
1490 1340 1766 1400 expertem
1797 1370 1810 1392 ,
1837 1334 1926 1400 qui
1959 1347 2076 1384 cor-

502 1433 606 1484 pus
641 1421 704 1471 de
731 1417 900 1471 Maria
931 1421 1257 1488 susceperit,
1291 1436 1400 1473 una
1431 1436 1553 1474 cum
1579 1422 1760 1474 anima
1794 1431 1842 1474 et
1874 1429 2071 1482 mente,

463 1509 848 1576 'ca‘terisque,
880 1509 1084 1577 quibus
1117 1511 1394 1562 hominum
1427 1519 1618 1564 natura
1649 1519 1861 1564 constat
1889 1531 1902 1564 :
1937 1511 2076 1566 adeo

499 1611 556 1654 ut
583 1615 688 1654 non
715 1601 825 1654 duo
853 1601 986 1666 sint,
1029 1601 1122 1656 sed
1154 1618 1296 1658 unus
1324 1597 1603 1664 llOminus,
1633 1619 1883 1673 uiuisque
1909 1602 2073 1668 Deus,

499 1707 642 1748 unus
673 1708 786 1756 rex,
831 1709 972 1748 unus
1009 1693 1277 1763 pontifex.
1312 1693 1456 1749 Deus
1489 1706 1540 1750 et
1591 1695 1777 1762 homo,
1817 1695 1980 1748 homo
2011 1710 2080 1750 ac.

497 1779 678 1846 Deus;
719 1797 830 1836 non
875 1783 1026 1850 duo,
1057 1783 1156 1837 sed
1201 1799 1380 1847 unus,
1421 1787 1674 1853 inquam,
1717 1801 1784 1838 ex
1833 1785 2068 1853 duplicis

2180 599 2418 667 σχελίσιν,
2443 597 2720 667 τιμῶντας
2742 595 2799 648 δὲ
2824 595 3121 664 ὀμοουσίως
3141 593 3238 662 τὴν
3265 590 3488 662 Τριάδα,
3513 587 3748 657 Πατέρα,

2177 691 2272 742 καὶ
2301 689 2451 754 Υίὸν,
2483 689 2578 741 καὶ
2611 687 2766 755 διγιον
2795 683 3044 756 Πνεῦμα,
3069 687 3219 755 τρεῖς
3249 682 3592 744 ὑποστάσεις,
3624 679 3752 750 μίαν

2176 783 2384 844 οὐσίαν,
2423 782 2517 833 καὶ
2547 778 2780 848 θεότητα
2817 777 2967 846 μίαν,
3003 777 3095 828 καλ⁴
3139 771 3472 837 ἁπαξαπλῶς
3505 770 3634 840 μίαν
3669 769 3753 822 60-

2179 874 2458 940 ξολογίαν·
2509 872 2602 924 καὶ
2633 870 2707 940 μὴ
2741 867 3142 938 σφαλλομένους
3186 865 3317 935 περὶ
3358 865 3457 932 τὴν
3501 861 3596 914 τοῦ
3636 861 3750 914 Σω-

2175 961 2340 1030 τῆρος
2369 960 2525 1030 ἡμῶν
2566 960 2830 1028 σωτήριον
2859 955 3167 1025 οἰκονομίαν
3195 953 3288 1006 καὶ
3328 951 3588 1022 ἔνσαρκον
3615 967 3752 1021 παρ-

2176 1053 2384 1115 ουσίαν,
2409 1052 2544 1104 ὰλλά
2569 1049 2926 1112 πιστεύοντας
2951 1047 3170 1110 τελείως
3208 1046 3304 1116 τὴν
3336 1043 3570 1116 Χριστοῦ
3596 1045 3752 1096 ἐναν-

2177 1145 2478 1216 θρώπησιν,
2509 1143 2711 1194 τέλειον
2734 1141 2886 1202 Θεὸν,
2915 1139 3115 1192 τέλειον
3138 1137 3228 1189 τὸν
3257 1134 3416 1188 αὑτὸν
3448 1133 3747 1204 ἄνθρωπον,

2175 1237 2344 1306 χωρὶς
2373 1233 2664 1304 ἁμαρτίας,
2691 1232 2928 1285 λαϐόντα
2959 1231 3090 1285 αὐτὸ
3120 1229 3182 1282 τὸ
3208 1227 3364 1297 σῶμα
3383 1225 3490 1280 ἁπδ
3513 1226 3748 1296 Μαρίας,

2177 1329 2269 1380 καὶ
2304 1327 2478 1395 ψυχὴν
2509 1324 2760 1388 λαϐόντα,
2813 1323 2905 1374 καὶ
2943 1320 3067 1374 νοῦν
3105 1320 3199 1373 καὶ
3237 1319 3413 1372 πάντα
3441 1317 3494 1368 af
3519 1315 3572 1368 τί
3605 1317 3753 1370 ἐστιν

2176 1419 2494 1484 ἄνθρωπος,
2529 1415 2697 1486 χωρὶς
2743 1414 3041 1484 ἁμαρτίας,
3087 1413 3148 1466 οὑ
3183 1409 3274 1464 δύο
3305 1411 3452 1474 ὑντα,
3497 1408 3611 1462 ἀλλ’
3653 1407 3753 1461 ἕνα

2177 1511 2400 1579 Κύριον,
2439 1511 2530 1562 ἕνα
2579 1509 2734 1570 Θεὸν,
2769 1507 2866 1560 ἕνα
2901 1507 3144 1576 βασιλέα,
3171 1505 3268 1560 ἕνα
3309 1505 3588 1576 ἀρχιερέα,
3619 1503 3752 1558 Θεὸν

2177 1602 2270 1654 καὶ
2297 1601 2600 1672 ἄνθρωπον,
2631 1599 2917 1669 ἄνθρωπον
2949 1600 3039 1652 καὶ
3069 1599 3223 1659 Θεὸν,
3255 1597 3315 1650 οὑ
3350 1597 3460 1656 δύο,
3489 1595 3604 1649 ἀλλ’
3629 1595 3748 1658 ἕνα,

2177 1693 2546 1746 συνενωθέντα
2576 1693 2676 1745 οὑκ
2706 1695 2784 1756 είς
2828 1691 3108 1761 σύγχυσίν,
3139 1691 3245 1744 οὐδ’
3277 1692 3358 1753 είς
3391 1685 3748 1760 ἀνυπαρξίαν,

2178 1785 2291 1838 ἀλλ’
2321 1788 2400 1848 εἰς
2434 1786 2676 1856 μεγάλην
2703 1787 2922 1856 χάριτος
2943 1784 3274 1854 οἰκονομίαν.
3303 1779 3608 1852 Ἔρρωσθε.

497 1887 708 1934 natura:
767 1879 1154 1948 conjunctione
1221 1879 1508 1940 conflatus.
1541 1897 1646 1935 non
1719 1893 1778 1935 ut
1841 1881 2046 1950 aliquid
2103 1882 2416 1940 confusum.
2449 1891 2542 1935 aut
2584 1883 2638 1935 in
2693 1883 2920 1936 nihilum
2967 1881 3243 1936 redactum
3289 1878 3394 1942 sit,
3451 1877 3546 1932 sed
3587 1876 3751 1930 ineo

503 1977 690 2030 omnia
727 1975 838 2029 sint
871 1975 940 2028 ad
973 1991 1244 2030 summam
1269 1976 1467 2030 divina:
1499 1977 1690 2045 gratia:
1729 1977 2254 2031 administrationem
2287 1977 2546 2046 perfecta.
2577 1975 2780 2032 Valete.

569 2068 682 2122 lloc
710 2071 954 2138 epistola:
983 2073 1234 2138 exemplo
1267 2071 1531 2133 contenti,
1567 2069 1712 2138 quod
1749 2069 1816 2122 ad
1854 2070 2070 2122 illorum

2247 2069 2336 2138 Τῷ
2384 2070 2442 2122 δὲ
2495 2069 2594 2138 τῆς
2641 2069 2932 2140 ἐπιστολῆς
2980 2067 3300 2138 άντιγράφῳ
3354 2063 3749 2136 ἀρκεσθέντες.

495 2161 856 2215 refellendum
885 2175 1131 2214 errorem
1175 2161 1431 2214 idoneum
1471 2169 1576 2226 est,
1615 2175 1678 2213 ac
1711 2161 1849 2214 Satis
1879 2175 2071 2229 super-

496 2265 604 2320 que
631 2253 808 2322 egisse
829 2267 930 2306 nos
953 2253 1224 2316 arbitrati,
1260 2252 1328 2306 ab
1347 2251 1447 2304 hac
1475 2251 1667 2305 haeresi
1704 2251 2069 2316 discedemus,

498 2357 664 2410 quam
703 2343 974 2410 serpentis
1009 2357 1040 2396 e
1071 2341 1340 2394 foramine
1371 2342 1696 2410 prodeuntis
1753 2343 1946 2406 instar,
1983 2359 2073 2397 sa-

495 2431 839 2500 pientissima
882 2431 976 2487 Dei
1019 2433 1268 2486 doctrina
1317 2448 1380 2485 ac
1414 2433 1660 2502 potentia
1711 2435 1869 2503 (quae
1925 2435 2072 2488 velut

491 2533 686 2592 styrax
713 2524 900 2578 orbem
927 2532 1198 2578 terrarum
1229 2523 1528 2592 fragrantia
1558 2539 1678 2586 sua,
1711 2524 1816 2578 hoc
1841 2533 1926 2578 est
1953 2541 2072 2580 san-

495 2623 708 2666 ctorum
753 2613 1082 2682 virginitatis
1123 2614 1378 2677 filiorum,
1415 2615 1574 2682 cujus
1619 2614 1678 2667 Β.
1721 2613 1888 2684 Virgo
1925 2617 2074 2686 prin-

497 2717 628 2772 ceps
657 2711 766 2765 est,
799 2703 1005 2756 virtute
1033 2704 1387 2772 complevit),
1411 2713 1464 2756 et
1487 2705 1639 2758 illius
1672 2706 1950 2773 praesidio,
1977 2707 2072 2776 qui

495 2807 593 2862 per
625 2791 870 2846 eamdem
908 2791 1182 2863 Virginem
1215 2794 1339 2846 huic
1365 2795 1567 2848 mundo
1612 2795 1794 2850 lumen
1843 2797 2068 2865 invexit,

495 2900 621 2939 cum
660 2884 929 2942 hactenus
965 2887 1018 2939 in
1053 2887 1228 2940 lucem
1266 2889 1594 2952 eruerimus,
1633 2896 1798 2958 atque
1828 2891 2070 2946 exitialis

495 2975 643 3030 illius
695 2977 952 3044 nequitiae
1004 2977 1156 3032 virus
1207 2978 1668 3046 patefecerimus,
1724 2982 1792 3034 ad
1842 2991 2070 3038 caeteras

495 3066 801 3120 orationem
831 3067 1293 3136 promovebimus,
1329 3083 1438 3136 quo
1463 3069 1592 3124 huic
1613 3072 1766 3140 operi
1810 3073 2073 3140 singulari

497 3155 592 3212 Dei
638 3172 740 3226 ope
788 3165 1044 3227 suscepto
1087 3157 1248 3214 finem
1299 3160 1596 3228 aliquando
1649 3161 1868 3217 tandem
1909 3164 2067 3219 adhi-

495 3247 744 3304 beamus.

799 3359 1169 3416 ADVERSUS
1207 3361 1782 3426 COLLYRIDIANOS.

2172 2161 2352 2225 καλῶς
2398 2161 2574 2232 ἔχοντι
2606 2162 2740 2232 πρὸς
2775 2161 2872 2231 τὴν
2906 2161 3111 2214 τούτων
3143 2157 3450 2222 ἀντίθεσιν,
3499 2157 3610 2218 ἕως
3647 2147 3752 2208 ὦδε

2175 2251 2374 2314 ἱκανῶς
2401 2253 2541 2322 ἔχειν
2563 2251 2971 2321 δοκιμάζοντες,
3004 2251 3097 2304 καὶ
3123 2249 3327 2319 ταύτην
3355 2249 3412 2300 ὲν
3445 2246 3565 2316 Θεῷ
3585 2248 3752 2315 ὑπερ-

2172 2343 2489 2413 ϐεϐηκότες,
2511 2343 2588 2406 ὡς
2619 2342 2847 2413 ἑρπετὸν
2875 2341 2983 2394 άπὸ
3007 2341 3147 2410 ὀπῆς
3177 2337 3484 2410 προκύψαν,
3509 2337 3598 2390 διὰ
3627 2353 3752 2388 συν-

2172 2439 2301 2507 ετῆς
2355 2437 2490 2492 Θεοῦ
2533 2437 2881 2499 διδασκαλίας
2929 2452 2990 2487 τε
3042 2435 3136 2488 καὶ
3175 2434 3487 2502 δυνάμεως,
3533 2431 3630 2500 τῆς
3673 2429 3750 2492 ὡς

2175 2533 2442 2604 στύρακος
2485 2532 2754 2600 πνεούσης
2793 2529 3047 2600 εὑοδμίαν
3077 2530 3136 2580 ὲν
3183 2527 3372 2596 κόσμῳ
3419 2525 3506 2577 ἐπ’
3555 2523 3746 2594 ἀρετῇ,

2173 2624 2266 2676 καὶ
2307 2623 2475 2690 ἁγίων
2511 2622 2716 2674 παίδων
2746 2620 2845 2689 τῆς
2881 2619 3196 2689 παρθενίας,
3237 2615 3344 2669 ἀπὸ
3391 2612 3611 2684 Μαρίας
3649 2612 3751 2682 ἀρ-

2173 2713 2409 2783 ξαμένης
2435 2713 2532 2782 τῆς
2561 2712 2742 2779 ἁγίας,
2775 2710 2864 2762 διὰ
2889 2709 2982 2762 τοῦ
3015 2708 3076 2772 ἐξ
3101 2707 3272 2776 αὑτῆς
3309 2704 3424 2776 φῶς
3449 2703 3528 2776 τῷ
3561 2703 3751 2774 κόσμῳ

2173 2806 2555 2867 ἀνατείλαντος
2577 2847 2590 2868 ,
2619 2803 2985 2868 διελέγξαντες
3005 2841 3020 2868 ,
3059 2799 3154 2853 καὶ
3181 2797 3270 2850 τὸν
3305 2796 3473 2850 κακὸν
3527 2795 3602 2848 ίὸν
3651 2787 3750 2864 τῆς

2173 2895 2512 2966 ὲρπετώδους
2553 2893 2854 2964 μοχθηρίας
2887 2891 3064 2944 αὑτῶν
3109 2889 3496 2955 ἐπιδείξαντες,
3529 2886 3623 2939 ἐπὶ
3649 2885 3750 2948 τὰς

2173 2988 2366 3058 ἐτέρας
2410 2987 2568 3040 πάλιν
2615 2986 2954 3056 βαδίσωμεν,
2991 2986 3070 3046 είς
3111 2983 3390 3036 τελείωσιν
3421 2980 3522 3051 τῆς
3567 2979 3750 3048 πάσης

2173 3081 2229 3132 ὲν
2263 3078 2381 3148 θεῷ
2415 3079 2814 3148 πραγματείας.

2555 3363 2740 3415 ΚΑΤΑ
2781 3358 3364 3421 ΚΟΛΛΥΡΙΔῘΛΝΩΝ,

499 3449 604 3515 Qui
661 3449 854 3505 Maria:
905 3453 1230 3522 sacriﬁcium
1277 3453 1522 3522 offerunt;
1549 3455 1764 3510 haeresis
1785 3455 1939 3522 LIX,
1966 3459 2070 3512 sive

2179 3454 2298 3510 Τῶν
2317 3453 2394 3522 τῇ
2409 3454 2600 3521 Μαρίᾳ
2623 3451 3107 3522 προσφερόντων,
3133 3446 3520 3522 πεντηκοστὴ
3543 3446 3746 3516 ἐνάτη,

1159 3521 1423 3577 LXXIX.

567 3611 608 3663 Ι.
649 3610 782 3666 Post
831 3613 1170 3682 superiorem
1220 3616 1368 3668 illam
1423 3615 1678 3678 lueresin,
1725 3619 1972 3686 proxime
2003 3621 2073 3674 ad

495 3716 598 3756 nos
647 3703 872 3758 alterius
909 3703 1196 3773 cujusdam
1255 3707 1396 3759 fama
1449 3709 1656 3776 perlata
1706 3718 1820 3774 est,
1869 3709 1936 3764 de
1965 3727 2072 3781 qua

496 3793 660 3861 paulo
704 3801 828 3847 ante
874 3795 1203 3848 mentionem
1236 3795 1290 3848 in
1321 3797 1554 3866 epistola
1584 3797 1676 3852 illa
1714 3798 2068 3865 faciebamus,

495 3900 660 3952 quam
714 3884 782 3938 de
827 3883 1000 3938 Maria
1047 3884 1269 3956 Virgine
1309 3888 1362 3940 in
1411 3889 1668 3942 Arabiam
1715 3892 2065 3959 scripsimus.

495 3973 623 4030 llaec
651 3975 798 4028 enim
828 3977 1048 4032 haeresis
1089 3977 1142 4031 in
1181 3978 1439 4032 Arabiam
1469 3995 1500 4033 e
1525 3979 1754 4034 Thracia
1789 3997 1852 4036 ac
1907 3999 2074 4053 supe-

495 4069 640 4122 riore
669 4067 891 4139 Scythia
925 4069 1122 4124 diffusa
1179 4071 1244 4123 ad
1281 4086 1446 4126 aures
1474 4088 1650 4142 usque
1685 4083 1903 4130 nostras
1949 4090 2073 4146 per-

493 4163 662 4216 venit.
696 4161 828 4228 Quae
861 4162 1082 4230 quidem
1133 4161 1274 4232 apud
1312 4164 1608 4232 prudentes
1639 4165 1891 4221 homines
1941 4167 2070 4221 ridi-

495 4255 620 4306 cula
655 4269 718 4306 ac
754 4253 988 4306 ludibrio
1025 4253 1184 4324 digna
1217 4267 1492 4309 censetur.
1545 4255 1650 4310 Sed
1699 4272 1800 4312 nos
1851 4274 2071 4316 errores

493 4344 642 4398 illius
691 4343 960 4416 detegere,
1015 4359 1078 4398 ac
1129 4344 1260 4413 quid
1315 4346 1434 4414 ipsa
1486 4348 1804 4416 profiteatur
1855 4350 2072 4418 aperire

493 4436 844 4502 conabimur;
898 4451 1001 4492 nec
1035 4437 1224 4490 dubito
1277 4439 1410 4506 quin
1464 4440 1713 4494 stultitiae
1747 4443 2066 4509 plurimum,

495 4529 774 4597 sapientiae
804 4543 872 4582 ne
912 4529 1194 4583 minimum
1226 4531 1446 4599 quidem
1501 4531 1701 4587 habere
1745 4532 2066 4601 judicetur:

2555 3517 2594 3588 ἢ
2637 3517 2738 3574 καὶ
2775 3517 3117 3586 ἐπτακοστὶι
3155 3517 3360 3586 ἐνάτη.

2243 3615 2321 3669 A’.
2372 3613 2530 3685 Ἑξῆς
2569 3614 2624 3666 δὲ
2658 3613 2830 3684 ταύτῃ
2878 3615 2955 3675 είς
2989 3614 3178 3682 φήμην
3233 3610 3472 3680 πέφηνεν
3517 3609 3748 3680 αἵρεσις,

2173 3707 2300 3778 περὶ
2347 3701 2416 3776 ἦς
2454 3705 2552 3776 ἤδη
2605 3706 2997 3775 ὑπεμνήσαμεν
3031 3704 3195 3774 ὀλίγῳ
3227 3703 3286 3756 ὲν
3315 3705 3382 3772 τῇ
3413 3701 3516 3772 πρὸ
3548 3691 3750 3770 ταῦτης

2171 3799 2258 3852 διὰ
2281 3799 2376 3869 τῆς
2402 3800 2482 3860 είς
2532 3796 2789 3868 Ἀραϐίαν
2813 3795 3119 3866 γραφείσης
3147 3794 3450 3864 ἐπιστολῆς,
3487 3793 3585 3863 τῆς
3620 3793 3748 3863 περὶ

2171 3891 2269 3960 τῆς
2306 3891 2522 3958 Μαρίας
2555 3889 2802 3958 ἐχούσης.
2854 3889 2964 3942 Καὶ
2994 3887 3130 3958 αὑτὴ
3161 3887 3218 3940 δὲ
3263 3889 3296 3958 ἡ
3329 3887 3540 3958 αἵρεσις
3585 3885 3749 3938 πάλιν

2172 3983 2229 4032 ὲν
2261 3983 2326 4050 τῇ
2377 3981 2602 4050 Ἀραϐίᾳ
2629 3980 2736 4033 ἀπὸ
2763 3979 2861 4049 τῆς
2901 3979 3122 4050 Θρᾴκης
3154 3978 3248 4032 καὶ
3283 3979 3390 4030 τῶν
3419 3979 3530 4032 ἄνω
3567 3977 3748 4048 μερῶν

2171 4071 2270 4140 τῆς
2305 4070 2539 4133 Σκυθίας
2573 4069 2876 4139 ἀνεδείχθη,
2907 4070 2998 4122 καὶ
3040 4071 3117 4132 είς
3165 4069 3322 4140 ἡμῶν
3353 4069 3522 4131 ἀκοὰς
3559 4066 3748 4140 ἀνηνέ-

2171 4163 2306 4234 χθη·
2341 4163 2462 4232 ἥτις
2513 4163 2631 4214 ἐστὶ
2683 4164 2778 4214 καὶ
2811 4164 2948 4233 αὕτη
2995 4162 3202 4230 γελοῖος
3253 4162 3346 4215 καὶ
3395 4160 3595 4232 χλεύης
3647 4159 3747 4229 εμ-

2170 4253 2347 4316 πλεως
2397 4253 2546 4323 παρὰ
2593 4254 2703 4313 τοῖς
2746 4255 2987 4315 συνετοῖς
3018 4252 3398 4323 εὑρισκομένη.
3446 4249 3749 4322 Ἀρξόμεθα

2169 4345 2297 4416 περὶ
2319 4343 2488 4414 αὑτῆς
2515 4346 2787 4414 φωρᾶσαι,
2811 4345 2904 4396 καὶ
2925 4344 2992 4396 τὰ
3018 4345 3138 4396 κατ’
3159 4343 3328 4415 αὐτὴν
3358 4342 3744 4413 διηγήσασθαι.

2169 4437 2430 4504 Εὑηθείας
2453 4437 2558 4504 γάρ
2582 4435 2778 4504 μᾶλλον
2800 4435 3119 4506 κριθήσεται
3137 4437 3280 4506 ἤπερ
3297 4436 3564 4499 συνέσεως
3580 4435 3742 4504 αὓτη-

2169 4528 2348 4592 καθὼς
2365 4530 2458 4582 καὶ
2473 4528 2630 4582 ἄλλαι
2658 4531 2838 4596 ὁμοῖαι
2859 4528 3028 4600 ταύτῃ
3045 4524 3205 4597 ἦσαν.
3239 4529 3326 4592 Ὡς
3353 4529 3462 4600 γὰρ
3483 4531 3594 4582 ἄνω
3611 4527 3744 4581 πολὺ

495 4619 802 4687 cujusmodi
846 4629 1072 4674 αξιοι-εις
1103 4635 1294 4674 omnes
1339 4621 1464 4676 huic
1495 4621 1681 4676 afﬁnes
1711 4639 1837 4678 esse
1867 4638 2070 4694 cogno-

2173 4619 2253 4672 διὰ
2268 4620 2364 4690 τῆς
2380 4619 2514 4689 πρὸς
2529 4621 2742 4688 Μαρίαν
2759 4619 2966 4692 ὕϐρεως
2981 4621 3030 4671 oi
3046 4619 3294 4682 δόξαντες
3311 4617 3478 4672 ταῦτα
3499 4619 3748 4671 ὑπονοεῖν

493 4711 694 4766 vimus.
732 4710 865 4765 Nam
899 4721 958 4765 ut
995 4713 1157 4782 paulo
1205 4723 1355 4778 ante,
1400 4715 1493 4784 qui
1541 4718 1880 4784 superiorem
1915 4717 2064 4770 illam

2169 4709 2434 4781 βλαϐερὰς
2473 4711 2726 4774 ὑπονοίας
2771 4711 3051 4780 σπείρουσι
3080 4711 3359 4780 λογισμοῖς
3393 4709 3700 4783 ἀνθρώπων
3723 4724 3739 4738 ⁹

493 4811 700 4860 sectam
755 4803 987 4872 amplexi
1031 4813 1181 4868 sunt,
1226 4807 1654 4860 contumeliosas
1688 4807 1741 4860 in
1789 4805 1851 4858 B.
1889 4805 2068 4878 Virgi-

2173 4797 2312 4849 οὕτω
2355 4799 2446 4850 καὶ
2483 4791 2629 4851 οὗτοι
2668 4799 2760 4851 ἐπὶ
2789 4799 2852 4851 τὸ
2884 4799 3070 4870 ἕτερον
3125 4799 3289 4870 μέρος
3335 4799 3635 4864 κλίναντες,
3689 4801 3748 4852 ἐν

493 4907 616 4946 nem
651 4892 937 4961 Opiniones
967 4893 1248 4948 hominum
1277 4896 1510 4965 ingeniis
1546 4905 1943 4966 asperserunt;
1986 4899 2067 4953 sic

495 4983 584 5037 isti
623 4984 953 5037 contrariam
981 4985 1036 5038 in
1069 4995 1276 5055 partem
1323 4987 1682 5052 declinantes,
1720 4989 1935 5059 1058
1974 5006 2065 5045 ex-

493 5083 722 5129 tremam
771 5075 828 5128 in
885 5091 1083 5129 noxam
1134 5093 1200 5132 ac
1273 5079 1568 5148 perniciem
1626 5080 1962 5144 inciderunt,
2006 5091 2068 5136 ut

494 5167 779 5236 gentilium
819 5167 1264 5236 philosophorum
1313 5170 1529 5225 celebre
1581 5171 1714 5224 illud
1763 5171 1970 5225 dictum
2009 5173 2064 5225 in

497 5257 633 5325 ipsis
679 5256 1062 5324 comprobetur
1095 5275 1107 5312 :
1141 5256 1515 5312 Extremitates
1548 5259 1878 5327 aequalitate;
1926 5275 2063 5316 esse.

498 5345 774 5414 Siquidem
809 5361 908 5416 par
935 5353 989 5400 et
1023 5346 1163 5401 idem
1211 5363 1277 5402 ex
1320 5349 1587 5402 ambabus
1621 5349 1923 5403 haeresibus
1974 5351 2066 5404 dc-

493 5440 807 5493 trimentum
841 5439 1059 5503 accidit,
1107 5455 1232 5493 cum
1277 5439 1370 5492 alii
1413 5451 1775 5494 sacrosanctae
1827 5440 2064 5511 Virginis

495 5527 814 5599 dignitatem
871 5531 1104 5598 elevent,
1154 5532 1244 5584 alii
1296 5541 1489 5601 praeter
1539 5535 1758 5586 modum
1793 5549 1857 5587 ac
1904 5534 2064 5586 ratio-

495 5634 618 5674 nem
651 5621 920 5677 attollant.
955 5621 1088 5676 Nam
1119 5623 1262 5694 quod
1296 5624 1362 5678 ad
1407 5625 1679 5694 posterius
1720 5625 1822 5679 hoc
1862 5624 2058 5695 dogma

568 5793 586 5826 ¹
622 5793 750 5867 Reg.
783 5798 1178 5863 καταλαϐόντες

2170 4888 2432 4958 ἀκρότητι
2469 4889 2672 4960 βλάϐης
2702 4889 3211 4960 καταλαμϐάνοντες
3253 4893 3268 4922 ³
3293 4906 3306 4918 ·
3349 4893 3497 4954 ὅπως
3529 4893 3748 4944 κάκεῖνο

2168 4981 2229 5032 τὸ
2259 4981 2410 5052 παρά
2433 4997 2542 5033 τισι
2567 4981 2672 5033 τῶν
2704 4979 2902 5046 ἔξωθεν
2933 4981 3236 5050 φιλοσόφων
3265 4981 3548 5052 ᾀδόμενον,
3567 4984 3662 5035 καὶ
3688 4984 3747 5036 ἐν

2168 5074 2348 5137 αὑτοῖς
2371 5071 2780 5144 πληρωθήσεται
2801 5075 2857 5126 ὲν
2876 5073 2951 5144 τῷ
2967 5074 3161 5143 λέγειν·
3177 5074 3747 5144 Μακαρότητες¹ίσόο

2171 5183 2363 5233 τητες.
2394 5167 2512 5234 Ἴση
2547 5165 2653 5236 γὰρ
2685 5167 2770 5218 ἐπ’
2804 5165 3140 5236 ἀμφοτέραις
3179 5166 3403 5230 ταύταις
3437 5173 3556 5231 ταῖς
3599 5169 3748 5240 αἱρέ-

2175 5275 2322 5309 σεσιν
2355 5259 2387 5327 ὴ
2429 5257 2600 5329 βλάϐη
2621 5275 2636 5288 ο
2673 5259 2780 5312 τῶν
2817 5259 2914 5329 μὲν
2945 5260 3431 5324 κατευτελιζόντων
3458 5261 3557 5332 τὴν
3587 5261 3748 5329 άγίαν

2174 5348 2466 5419 Παρθένον,
2510 5348 2618 5400 τῶν
2663 5347 2720 5400 δὲ
2768 5348 2930 5402 πάλιν
2985 5349 3125 5420 ὑπὲρ
3156 5349 3216 5402 τὸ
3244 5349 3360 5402 δέον
3393 5349 3746 5414 δοξαζόντων.

2173 5435 2332 5494 Οὗτοι
2376 5439 2485 5512 γὰρ
2530 5441 2580 5492 οἱ
2613 5439 2770 5494 τοῦτο
2821 5439 3159 5504 διδάσκοντες
3191 5440 3334 5504 τίνες
3385 5441 3520 5494 εἰσὶν
3553 5441 3666 5494 ἀλλ’
3713 5441 3746 5512 ἢ

2170 5533 2461 5600 γυναῖκες;
2495 5531 2772 5585 Γυναικῶν
2805 5531 2913 5602 γὰρ
2946 5533 3006 5586 τὺ
3033 5533 3188 5602 γένος
3215 5531 3510 5597 εὐόλισθον,
3553 5529 3751 5602 σφαλε-

2173 5624 2263 5694 ρὸν
2305 5624 2362 5676 δὲ
2407 5624 2500 5678 καὶ
2531 5625 2784 5678 ταπεινὸν
2826 5624 2903 5696 τῷ
2957 5625 3286 5696 φρονήματι.
3341 5624 3448 5680 Καὶ
3477 5625 3610 5679 αὐτὸ
3637 5624 3748 5694 γὰρ

1255 5802 1274 5832 ²
1303 5799 1433 5872 lieg.
1463 5801 1820 5873 μακρότητες.
1851 5801 2078 5872 Corrigo
2117 5801 2171 5854 αἱ
2201 5800 2520 5873 ἀκρότητες.
