4134 6392
428 349 528 407 74!

1098 353 1460 410 ADVERSUS
1497 353 1839 409 IIIERESES
1879 352 1999 409 LIB.

2101 351 2127 406 [ι.
2169 351 2333 408 TUM.
2373 350 2492 404 11-
2534 352 2803 408 ΗᾹΞΠΕΞ.
2834 352 3075 410 LXXIX.

3571 360 3678 415 719

423 467 605 532 ἔδοξεν
629 469 736 523 ἀπὸ
766 470 1041 539 γυναικῶν
1068 473 1098 524 6
1124 464 1369 537 διάϐολος
1398 473 1611 546 ἐξεμεῖν
1628 493 1642 506 ·
1672 477 1748 538 ὡς
1772 476 1867 529 καὶ
1890 473 1999 528 ἀνω

2107 474 2360 542 pertinet,
2398 489 2690 543 quosnam,
2738 483 2933 544 praeter
3004 478 3380 541 mulierculas,
3428 487 3679 536 auctores

426 559 579 631 παρά
624 561 945 633 Κυϊντίλλῃ,
1004 565 1099 616 καὶ
1148 564 1495 635 Μαξιμίλλῃ,
1551 564 1647 617 καὶ
1705 562 2004 636 Πρισκίλλῃ

426 651 795 722 περιγέλαστα
821 652 889 705 τὰ
916 652 1240 724 διδάγματα,
1269 654 1411 707 οὑτω
1442 656 1537 708 καὶ
1564 654 1815 709 ἐνταῦθα.
1848 654 2004 717 Τινὲς

424 743 534 812 γὰρ
566 746 824 811 γυναῖκες
852 745 1105 816 κουρικόν
1131 762 1253 799 τινα
1293 745 1614 816 κοσμοῦσαι,
1663 746 1782 816 ἦτοι
1813 745 2000 816 δίφρον

424 834 787 905 τετράγωνον,
832 835 1152 890 ἁπλώσασαι
1183 838 1273 890 ἐπ’
1305 836 1465 890 αὑτὸν
1495 837 1686 908 ὀθόνην
1718 839 1777 890 ὲν
1815 837 2000 908 ἡμέρᾳ

424 925 532 978 τινὶ
562 913 770 997 φανερᾷ
800 926 911 995 (12)
944 926 1040 980 τοῦ
1091 927 1263 992 ἔτους,
1293 930 1350 980 ἐν
1374 929 1610 1000 ἡμέραις
1656 929 1796 982 τισὶν
1840 929 2000 999 ἄρτον

426 1016 763 1088 προτιθέασι,
793 1020 890 1073 καὶ
915 1019 1280 1092 ἀναφέρουσιν
1305 1024 1387 1084 εἱς
1416 1021 1587 1090 ὄνομα
1619 1020 1719 1091 τῆς
1760 1022 1998 1091 Μαρίας.

425 1108 491 1161 Δί
534 1109 706 1162 πᾶσαι
753 1108 810 1162 δὲ
848 1109 958 1163 ἀπὸ
999 1110 1093 1163 τοῦ
1138 1110 1304 1181 ἄρτου
1357 1109 1893 1181 μεταλαμϐάνουσινθ
1928 1109 2005 1173 ὡς

417 1198 484 1253 ιν
518 1200 654 1273 αὑτῇ
703 1203 770 1273 τῇ
816 1204 897 1265 εἱς
938 1202 1036 1273 τὴν
1101 1202 1362 1274 Ἀραϐίαν
1396 1202 1651 1273 ἐπιστολῇ
1702 1202 2006 1274 γράφοντες

423 1290 489 1346 ἰκ
519 1294 719 1364 μέρους
764 1294 895 1362 περὶ
943 1293 1134 1347 τούτου
1180 1293 1559 1364 διελέχθημεν.
1595 1291 1703 1346 Νῦν
1728 1292 1787 1346 δὲ
1817 1291 2006 1361 σαφῶς

422 1384 490 1438 τά
519 1386 646 1455 περὶ
676 1386 844 1456 αὑτῆς
871 1386 1118 1457 λέξομεν,
1148 1386 1242 1440 καὶ
1268 1387 1371 1450 τὰς
1418 1387 1538 1438 κατ’
1573 1386 1746 1456 αὑτῆς
1775 1387 2006 1456 ἀνατρο-

422 1475 555 1539 πὰς,
589 1478 721 1530 Θεὸν
757 1478 1130 1549 αἰτησάμενοι,
1163 1478 1306 1532 κατὰ
1331 1478 1392 1531 τὸ
1425 1477 1649 1531 δυνατὸν
1693 1475 2007 1548 παραθησό-

425 1570 585 1641 μεθα,
640 1571 809 1635 ὅπως,
846 1571 946 1641 τῆς
999 1568 1343 1624 είδωλοποιοῦ
1375 1568 1579 1637 ταύτης
1616 1566 1880 1637 αἱρέσεως
1908 1563 2007 1627 τὰς

423 1661 579 1732 ῥίζας
625 1663 967 1733 ἐκτεμόντες,
1020 1663 1128 1715 ἀπό
1160 1679 1319 1716 τινων
1363 1661 1464 1731 τὴν
1495 1659 1756 1729 τοιαύτην
1804 1656 2008 1710 λύσσαν

420 1752 723 1807 καταλῦσαι
751 1756 809 1808 ἐν
836 1753 955 1824 Θεῷ
993 1751 1333 1825 δυνηθῶμεν.

2112 580 2177 620 ac
2228 575 2488 636 patronos
2528 566 2733 622 habet?
2770 568 2922 634 Quod
2963 583 3134 639 genus
3187 570 3481 633 lubricum,
3526 581 3576 626 et
3623 572 3680 626 in

2110 672 2352 711 errorem
2404 659 2664 726 proclive.
2714 674 2776 713 ac
2805 661 3011 728 .pusilli
3050 662 3341 716 admodum
3374 671 3428 717 et
3462 664 3681 733 angusti

2099 748 2266 799 anirui
2295 762 2419 802 esse
2447 749 2603 803 solet.
2635 747 2740 803 Per
2762 765 2855 803 eas
2878 753 3060 821 itaque
3083 751 3337 806 diabolus
3364 754 3677 810 evomuisse

2098 838 2227 892 illud
2275 838 2507 903 videtur,
2557 841 2807 912 idemque
2840 844 2940 897 hac
2974 846 3027 898 in
3058 854 3211 914 parte
3265 845 3482 910 fecisse,
3533 852 3674 915 quod

2100 945 2198 999 per
2247 927 2604 998 Quintillam,
2662 949 2726 987 ac
2772 934 3155 999 Maximillam,
3198 946 3251 991 et
3279 936 3586 992 Priscillam
3622 939 3674 992 in

2100 1022 2349 1076 ridiculis
2396 1024 2501 1077 illis
2532 1024 2958 1082 disseminandis
2999 1030 3279 1085 erroribus
3326 1032 3674 1099 praestiterat.

2102 1110 2316 1166 Etenim
2384 1115 2642 1170 mulieres
2694 1117 2941 1186 quaedam
2998 1134 3261 1185 currum,
3314 1122 3431 1180 sive
3487 1121 3680 1186 sellam

2100 1202 2421 1272 quadratam
2460 1206 2813 1271 adornantes,
2846 1222 2911 1262 ac
2939 1208 3107 1264 linteo
3147 1212 3384 1280 desuper
3431 1219 3677 1279 extento,

2102 1295 2332 1349 solemni
2384 1306 2649 1366 tempore,
2697 1315 2793 1369 per
2839 1301 3047 1370 aliquot
3077 1301 3211 1357 'dies
3254 1318 3447 1372 panem
3484 1315 3681 1372 prope:

2101 1398 2259 1446 nunt,
2292 1395 2345 1440 et
2377 1389 2430 1441 in
2466 1389 2651 1444 Maria:
2683 1406 2882 1445 nomen
2932 1393 3188 1447 uli‘erunt.
3246 1394 3382 1448 Tum
3416 1393 3484 1447 ad
3514 1408 3680 1449 unam

2101 1490 2295 1530 omnes
2323 1478 2414 1530 illo
2450 1491 2765 1535 vescuntur.
2798 1482 2870 1537 De
2891 1499 3000 1553 quo
3028 1485 3080 1537 in
3107 1486 3339 1554 epistola
3371 1486 3485 1547 illa,
3511 1500 3675 1554 quam

2102 1566 2159 1620 in
2217 1568 2473 1625 Arabiam
2539 1576 2904 1643 scripsimus,
2964 1577 3211 1630 nonnihil
3258 1576 3676 1646 disputavimus.

2102 1654 2260 1713 Nunc
2298 1676 2427 1716 vero
2458 1666 2773 1721 accuratius
2798 1666 3008 1738 singula
3040 1682 3458 1737 prosequemur,
3488 1677 3541 1723 et
3567 1683 3678 1739 qua

2105 1749 2319 1805 ratione
2360 1755 2733 1810 convincenda
2787 1758 2878 1821 sit,
2931 1759 3215 1828 improrata
3264 1758 3358 1813 Dei
3407 1776 3529 1830 ope,
3577 1774 3679 1831 pro

420 1844 567 1899 virili
597 1845 1140 1908 demonstrabimus,
1186 1852 1248 1897 ut
1282 1843 1446 1913 hujus
1491 1842 1741 1904 haeresis,
1793 1852 1915 1909 quae
1953 1835 2279 1895 idololatriae
2319 1848 2713 1916 superstitione
2758 1850 3034 1918 implicata
3096 1860 3202 1918 est,
3242 1853 3473 1908 succisis
3538 1853 3680 1909 radi-

419 1938 597 1999 cibus,
629 1944 833 1990 tantam
861 1952 932 1991 ει
963 1937 1161 1992 animis
1194 1935 1557 2007 quorumdam
1599 1931 1869 1989 insaniam
1910 1943 1975 1982 ac
2015 1929 2222 1985 rabiem
2279 1936 2463 1992 divina
2499 1954 2603 2009 ope
2633 1938 2849 1996 facilius
2874 1942 3189 1998 evellamus.

499 2032 575 2083 B'.
621 2031 754 2098 1’Ἄγε
801 2030 1002 2095 τοίνυν,
1049 2030 1184 2084 Θεοῦ
1221 2032 1418 2096 δοῦλοι,
1466 2028 1717 2101 ἀνδρικὸν
1750 2025 1999 2096 φρόνημα

2179 2028 2240 2082 ll.
2280 2031 2440 2102 Agite
2480 2051 2628 2110 ergo,
2679 2040 2769 2100 Dei
2804 2042 3028 2102 famuli!
3085 2045 3272 2104 viriles
3298 2046 3677 2117 concipiam!!!

426 2122 794 2195 ἐνδυσώμεθα,
847 2124 1121 2194 γυναικῶν
1149 2125 1209 2179 δὲ
1243 2126 1447 2179 τούτων
1494 2126 1592 2196 τὴν
1645 2122 1841 2194 μανίαν
1886 2123 2002 2174 δια-

421 2215 794 2285 σκεδάσωμεν.
831 2214 904 2269 Τὸ
958 2218 1065 2271 πᾶν
1119 2216 1229 2287 γὰρ
1279 2218 1486 2288 θήλεως
1542 2220 1574 2285 ὴ
1626 2216 1870 2279 ὑπόνοια,
1910 2213 2001 2267 καλ⁸

419 2305 563 2369 Εὔας
597 2307 758 2360 πάλιν
802 2309 904 2378 τῆς
949 2310 1319 2380 ἀπατωμένης
1348 2311 1409 2361 τὸ
1437 2310 1650 2380 νόσημα
1672 2326 1684 2338 ·
1725 2308 1922 2379 μᾶλλον
1955 2306 2000 2359 δ’

417 2398 500 2451 ὅτι
530 2398 623 2451 τοῦ
659 2399 857 2466 ὄφεως,
905 2400 1000 2453 τοῦ
1047 2400 1385 2471 ἐρεθιστικωῖ
1432 2398 1616 2472 θηρὸς,
1665 2400 1879 2454 καὶτοῦ
1907 2398 2001 2451 λα-

417 2490 682 2559 λήσαντος
733 2492 792 2543 ὲν
826 2491 963 2562 αὐτῇ
995 2493 1028 2562 ή
1059 2493 1161 2561 τῆς
1213 2493 1420 2564 πλάνης
1469 2493 1780 2564 ὑπόσχεσις,
1835 2490 2000 2562 μηδὲν

418 2585 498 2645 εἰς
530 2581 692 2651 μέσον
725 2585 984 2653 φέρουσα,
1011 2582 1135 2636 οὑδὲ
1164 2583 1232 2636 τὰ
1264 2583 1667 2655 ὑπισχνούμενοι
1694 2581 1996 2646 τελειοῦσα,

414 2673 533 2726 ἀλλ’
559 2673 592 2743 ἢ
628 2673 786 2743 μόνον
816 2672 1044 2728 θάνατον
1070 2674 1518 2747 ἀπεργαζομένη,
1562 2677 1632 2730 τὰ
1668 2676 1742 2745 μὴ
1767 2676 1896 2729 ὄντα
1923 2675 1999 2738 ὡς

416 2764 546 2817 ὄντα
577 2762 847 2817 καλοῦσα·
877 2764 972 2818 καὶ
1012 2765 1101 2818 διά
1127 2767 1224 2836 τῆς
1256 2768 1499 2839 ὁράσεως
1531 2766 1622 2818 τοῦ
1659 2765 1814 2830 ξύλου
1866 2782 2001 2835 παρ-

416 2857 587 2926 ακοὴν
620 2856 980 2927 ἐργαζομένη,
1010 2858 1102 2909 καὶ
1142 2857 1500 2929 ¹ἀτιτοστροιιννὴν
1544 2857 1640 2908 ἀπ’
1686 2857 1852 2927 αὑτῆς
1900 2859 2001 2927 τῆς

416 2948 696 3019 ἀληθείας,
732 2949 825 3002 καὶ
867 2949 961 3002 τοῦ
1010 2950 1104 3002 ἐπὶ
1151 2949 1321 3002 πολλὰ
1366 2949 1705 3021 τρέπεσθαι-
1738 2949 1999 3018 Νομίζειν

415 3041 472 3094 δὲ
501 3040 651 3093 ἔσται
683 3043 842 3094 ὁποῖα
875 3043 904 3094 6
930 3040 1186 3095 ἀπατεὼν
1215 3041 1457 3112 ἔσπειρε,
1493 3040 1698 3109 λέγων·
1739 3042 2000 3095 Ἕσεσθε

406 3133 497 3197 ὡς
525 3133 666 3186 θεοί.
707 3131 863 3184 Οὑτω
895 3133 990 3185 καὶ
1018 3131 1224 3185 τούτων
1250 3132 1308 3185 τὸ
1337 3132 1590 3202 φρόνημα
1619 3131 1999 3203 κεπφούμενον

413 3226 481 3293 τῇ
520 3223 613 3275 τοῦ
651 3224 1052 3294 προειρημένου
1099 3223 1266 3294 θηρὸς
1319 3224 1581 3294 ἐπάρσει’
1636 3218 1790 3296 ἐφ’ᾖ
1837 3223 1998 3292 φύσει

417 3315 580 3368 πάλιν
627 3316 718 3369 τὸν
765 3315 993 3370 θάνατον
1026 3317 1337 3387 ἐργάζεται,
1367 3317 1443 3381 ὡς
1491 3318 1587 3372 καὶ
1630 3320 1890 3383 πολλάκις
1922 3308 2000 3372 ei;

2103 2136 2354 2190 animos,
2412 2138 2471 2184 ut
2521 2135 2963 2194 muliercularum
3016 2141 3247 2195 istarum
3300 2140 3675 2195 distat-bemus

2104 2217 2417 2272 amentiam.
2450 2218 2597 2275 Nihil
2625 2226 2769 2279 enim
2806 2226 2860 2281 in
2903 2236 3020 2283 toto
3055 2230 3147 2283 illo
3188 2230 3440 2298 dogmate
3481 2240 3678 2301 praeter

2103 2307 2422 2364 muliebrem
2457 2314 2767 2381 opinionem
2812 2326 2916 2382 est,
2950 2335 3011 2373 ac
3044 2320 3285 2390 deceptae
3326 2338 3518 2377 rursus
3551 2323 3677 2378 Evae

2102 2400 2387 2469 morbum;
2423 2405 2538 2461 sive
2574 2408 2757 2477 potius
2778 2410 3074 2481 serpentis,
3107 2415 3431 2470 incitatricis
3461 2417 3526 2470 ad
3563 2432 3679 2470 ma-

2102 2489 2213 2544 lum
2250 2493 2458 2557 bestite,
2489 2504 2688 2555 etcum
2722 2500 2839 2570 ipsa
2869 2502 3155 2558 collocuta;
3185 2506 3419 2559 mendax
3445 2506 3677 2574 promis-

2103 2586 2210 2650 sio,
2270 2603 2392 2655 quaa
2439 2590 2572 2644 nihil
2605 2592 2760 2648 ali‘ert
2795 2595 2849 2648 in
2879 2595 3139 2660 medium,
3180 2612 3358 2667 neque
3404 2598 3677 2667 promissa

2100 2677 2342 2745 perlicit,
2394 2679 2489 2735 sed
2536 2692 2763 2737 mortem
2799 2691 2854 2739 et
2898 2686 3124 2740 exitium
3164 2689 3493 2751 consciscit,
3545 2689 3674 2743 dum

2100 2778 2167 2817 ea
2207 2782 2330 2834 qua:
2353 2783 2622 2838 nusquam
2651 2773 2784 2837 sint,
2820 2780 3079 2843 tanquam
3107 2790 3235 2828 vera
3265 2784 3318 2830 et
3356 2777 3677 2832 exsistcntia

2101 2856 2371 2910 nominat.
2399 2857 2542 2923 Quin
2565 2867 2619 2914 et
2649 2861 2780 2915 illud
2811 2862 2992 2927 eﬂicit,
3028 2872 3088 2920 ut
3117 2880 3183 2920 ex
3210 2865 3424 2921 arboris
3454 2882 3678 2938 conspec

2101 2951 2191 2995 ctu
2222 2941 2279 2995 in
2309 2941 2479 2998 Deum
2508 2952 2861 3001 contumaces
2890 2947 3021 3013 sint,
3060 2957 3116 3003 et
3154 2963 3183 3001 a
3216 2951 3446 3006 veritate
3478 2952 3677 3006 abhor-

2100 3045 2286 3092 rentes
2311 3038 2379 3091 ad
2409 3039 2579 3092 multa
2609 3053 2671 3094 ac
2693 3038 2909 3095 diversa
2942 3041 3316 3096 traducantur.
3353 3043 3677 3110 Cujusmodi

2100 3144 2232 3184 vero
2261 3130 2467 3184 semina
2493 3130 2873 3186 fraudulentus
2907 3131 2996 3186 ille
3023 3130 3218 3200 jaciat,
3249 3147 3313 3185 ex
3345 3133 3466 3199 ejus
3498 3132 3677 3187 verbis

2100 3219 2404 3273 existimari
2438 3226 2617 3289 potest
2644 3239 2656 3275 :
2688 3219 2878 3283 Erilis,
2924 3222 3121 3290 inquit,
3151 3223 3288 3277 sicut
3327 3222 3404 3275 dii
3431 3223 3471 3282 ¹.
3497 3222 3678 3293 Atque

2100 3310 2290 3364 eodem
2324 3311 2483 3380 plane
2521 3311 2683 3366 modo
2724 3312 2912 3367 bestia;
2944 3313 3092 3368 illius
3138 3314 3451 3384 arrogantia
3511 3321 3679 3384 atque

418 3421 538 3458 πον.
585 3405 806 3476 Πρῶτον
857 3407 955 3478 μὲν
984 3364 1277 3479 γάριεὺθὺς
1322 3407 1635 3463 διασκοπεῖν
1664 3410 1759 3463 ἀπ’
1800 3409 1996 3473 αἰῶνος

2325 3364 2349 3380 τ
2464 3364 2477 3366 _
2590 3364 2601 3366 -
2666 3364 2673 3366 .
3254 3364 3451 3384 ηερ--
3515 3364 3675 3384 ην-

2101 3403 2244 3456 fastu
2287 3404 2516 3459 istorum
2554 3406 2784 3475 spiritus
2821 3405 3145 3460 eli'eruntur.
3183 3406 3302 3473 Qua
3327 3407 3549 3477 quidem
3578 3422 3675 3463 su-

417 3494 512 3547 καὶ
547 3493 707 3565 δεῦρο
726 3512 741 3527 ο
770 3495 873 3548 τίνι
900 3496 961 3549 οὐ
986 3495 1155 3564 σαφές
1180 3497 1346 3560 ἐστιν,
1374 3496 1455 3549 ὅτι
1480 3497 1748 3567 δαιμόνων
1795 3498 1911 3551 ἐστὶ
1937 3497 1998 3550 τὸ

410 3586 779 3656 δίδαγμα,καὶ
796 3589 1002 3659 σχῆμα,
1032 3590 1128 3642 καὶ
1145 3588 1503 3659 ἠλλοιωμένον
1530 3589 1592 3642 τὸ
1629 3589 1995 3661 ἐπιχείρημα;

417 3675 536 3746 Θεῷ
570 3678 668 3746 μὲν
695 3678 789 3731 ἀπ’
820 3678 1016 3742 αἱῶνος
1058 3679 1312 3748 οὐδαμῶς
1354 3679 1491 3750 γυνὴ
1535 3680 1869 3751 ἱεράτευσεν,
1897 3680 1999 3732 οὑκ

417 3770 554 3840 αὑτὴ
590 3769 726 3833 Εὕα,
760 3771 936 3824 καίτοι
964 3787 1028 3840 γε
1058 3774 1117 3824 ἐν
1150 3772 1489 3842 παρεκϐάσει
1522 3773 1807 3843 γενομένη.
1858 3772 1996 3825 Ἀλλ’

417 3861 518 3913 οὑκ
556 3861 855 3932 ἐτόλμησεν
898 3862 979 3915 ἔτι
1007 3862 1205 3926 ἀσεϐὲς
1233 3863 1474 3917 τοιοῦτον
1518 3864 1838 3917 ἀποτελέσαι
1874 3865 1997 3916 ἐπι-

417 3952 660 4023 χείρημα
681 3969 694 3982 ·
731 3954 791 4006 οὑ
832 3954 929 4024 μία
959 3953 1068 4009 τῶν
1100 3954 1307 4027 ταύτης
1340 3955 1686 4026 θυγατέρων·
1716 3954 1891 4009 καίτοι
1933 3972 1997 4023 γε

418 4045 511 4098 τοῦ
576 4046 740 4100 Ἀϐελ
799 4046 958 4111 εὑθὺς
1021 4050 1480 4122 ἱερουργήσαντος
1534 4048 1688 4118 Θεῷ,
1756 4049 1850 4102 καὶ
1902 4048 1995 4101 τοῦ

418 4136 557 4190 Κάῖν
590 4137 852 4202 θύσαντος
878 4137 1107 4193 ἐνώπιον
1136 4140 1339 4210 Κυρίου
1370 4139 1581 4202 θυσίας,
1603 4139 1804 4193 ἀλλίοὑ
1830 4156 1997 4210 προσ-

416 4224 774 4296 δεδεγμένας·
823 4227 992 4299 Ἑνώχ
1030 4247 1091 4282 τε
1132 4231 1614 4302 εὑαρεστήσαντος,
1645 4230 1740 4282 καὶ
1769 4246 1996 4300 μετατε-

416 4315 602 4381 θέντος
622 4334 636 4348 ·
662 4319 783 4370 Νῶε
812 4318 869 4371 δὲ
900 4320 1363 4389 προσενέγκαντος
1390 4323 1456 4373 ἐκ
1482 4319 1589 4372 τῶν
1621 4321 1720 4390 τῆς
1760 4318 1992 4373 κιϐωτοῦ

418 4409 871 4479 περισσευμάτων
922 4411 1370 4481 εὐχαριστηρίους
1414 4410 1729 4483 προσφορὰς
1778 4410 1991 4481 Κυρίῳ,

418 4500 761 4572 εὐγνώμονος
815 4499 1106 4564 διαθέσεως
1176 4501 1618 4566 ὑποδεικνύοντος
1673 4503 1992 4572 τεκμήριον,

415 4593 805 4663 ὁμολογοῦντος
835 4594 935 4665 τὴν
963 4594 1122 4666 χάριν
1158 4594 1237 4665 τῷ
1272 4595 1555 4651 σεσωκότι.
1597 4594 1847 4666 Ἀϐραὰμ
1881 4597 1938 4649 δὲ
1966 4596 1995 4648 6

2100 3497 2287 3565 perbia
2329 3498 2568 3566 preprie,
2606 3505 2665 3551 ut
2703 3497 2961 3563 diximus,
3003 3507 3231 3553 mortem
3264 3500 3356 3553 illa
3389 3499 3672 3554 conciliat.

2096 3585 2233 3640 Nam
2263 3595 2321 3640 ut
2346 3589 2414 3641 ab
2438 3588 2679 3658 antiquis
2704 3589 3041 3659 temporibus
3069 3589 3138 3643 ad
3167 3588 3309 3643 hanc
3332 3605 3506 3660 usque
3527 3589 3675 3645 diem

2099 3677 2285 3730 animo
2313 3684 2621 3745 repetamus
2648 3677 2831 3730 omnia
2852 3717 2867 3741 ,
2900 3679 3024 3748 quis
3047 3694 3157 3733 non
3190 3678 3333 3733 videt
3364 3678 3678 3733 daemonum

2103 3767 2318 3837 1059
2358 3768 2505 3820 illam
2538 3783 2662 3823 esse
2705 3768 3011 3822 doctrinam
3069 3784 3134 3823 ac
3179 3770 3441 3838 speciem,
3474 3776 3528 3824 et
3561 3768 3678 3825 dis-

2100 3868 2416 3930 crepantem
2463 3860 2533 3914 ab
2580 3868 2730 3914 recta
2780 3859 2993 3914 ratione
3040 3860 3336 3914 conatum?
3385 3859 3675 3930 Nunquam

2099 3952 2269 4014 enim,
2294 3966 2360 4003 ex
2400 3965 2509 4019 quo
2551 3950 2790 4005 mundus
2828 3950 3083 4004 conditus
3112 3959 3216 4012 est,
3253 3949 3565 4004 sacerdotio
3591 3956 3679 4004 est

2100 4041 2288 4097 functa
2321 4043 2537 4104 mulier,
2567 4057 2631 4096 ac
2648 4058 2714 4097 ne
2745 4041 2852 4096 Eva
2882 4041 3098 4111 quidem
3131 4042 3247 4109 ipsa
3273 4059 3286 4094 :
3310 4055 3452 4110 quae,
3487 4047 3680 4095 tamet-

2100 4135 2147 4189 si
2191 4135 2575 4204 gravissimum
2624 4134 2881 4187 delictum
2925 4132 3249 4193 admiserit,
3295 4139 3406 4185 tam
3448 4131 3675 4201 impium

2103 4226 2318 4281 facinus
2343 4234 2654 4296 perpetrare
2684 4242 2962 4296 nunquam
2995 4240 3127 4281 ausa
3168 4233 3272 4287 est,
3306 4224 3400 4279 sed
3430 4239 3533 4278 nec
3569 4224 3677 4278 ulla

2104 4320 2336 4374 ﬁliarum
2386 4321 2530 4373 illius
2578 4338 2593 4375 :
2642 4334 2954 4389 quanquam
3002 4327 3056 4372 et
3103 4316 3235 4371 Abel
3291 4314 3398 4370 Deo
3446 4316 3679 4371 subinde

2103 4428 2261 4467 sacra
2301 4411 2511 4475 fecerit,
2534 4419 2588 4467 et
2620 4412 2823 4467 Cainus
2880 4425 3065 4465 coram
3114 4407 3347 4463 Domino
3408 4407 3677 4464 sacriﬁcia

2101 4504 2328 4559 minime
2362 4513 2545 4559 tamen
2578 4503 2655 4557 illi
2715 4510 2870 4574 grata
2904 4502 3227 4567 celebrarit;
3264 4508 3324 4556 ut
3365 4509 3420 4556 et
3456 4500 3675 4565 Enoch,

2099 4597 2195 4666 qui
2224 4594 2333 4650 Deo
2362 4596 2584 4665 placuit.
2625 4604 2673 4651 et
2708 4596 2999 4651 translatus
3026 4604 3111 4651 est
3133 4596 3173 4647 ’.
3206 4593 3320 4649 Noe
3336 4609 3466 4650 vero
3494 4594 3674 4658 exiis,

417 4680 625 4746 δίκαιος
661 4684 933 4754 ἱερουργεῖ
961 4683 1102 4755 Θεῷ,
1132 4687 1226 4738 καὶ
1260 4685 1591 4757 Μελχισεδὲκ
1627 4689 1655 4741 6
1684 4688 1861 4759 ἱερεὺς
1902 4689 1996 4742 τοῦ

2101 4705 2335 4761 quorum
2370 4690 2425 4744 in
2471 4704 2599 4743 arca
2627 4691 2780 4760 copia
2813 4687 3175 4753 redundabat,
3205 4689 3272 4744 ad
3302 4691 3540 4759 agendas
3561 4701 3679 4757 gra-

417 4772 555 4826 Θεοῦ
582 4774 691 4845 ,τοῦ
727 4775 972 4846 ὑψίστου,
1004 4779 1098 4831 καὶ
1143 4778 1328 4832 Ἰσαάκ
1371 4778 1490 4851 Θεῷ
1534 4780 1868 4852 εὑρίσκεται,
1904 4783 2000 4836 καὶ

432 4866 626 4920 Ἰακὼϐ
672 4868 811 4921 κατά
858 4868 1087 4940 δύναμιν
1127 4870 1501 4942 προσήνεγκεν
1543 4873 1636 4925 ἐπὶ
1681 4871 1775 4925 τοῦ
1824 4872 1997 4936 λίθου,

418 4959 530 5015 ἀπὸ
564 4960 659 5013 τοῦ
698 4961 873 5030 φακοῦ
910 4961 1137 5032 ἐπιχέας
1177 4961 1374 5016 ἔλαιον.
1410 4964 1476 5017 υἱ
1507 4963 1699 5016 τούτου
1743 4963 1801 5016 δὲ
1839 4966 1994 5029 υἱεῖς,

420 5052 551 5106 Λευῒ
605 5054 702 5125 μὲν
753 5053 1065 5124 εὑρίσκεται
1107 5053 1341 5126 καθεξῆς
1389 5055 1689 5126 ἱερωσύνην
1731 5056 1996 5110 ἀναδεδε-

419 5147 650 5217 γμένος·
671 5148 729 5213 ἐξ
743 5147 908 5201 αὑτοῦ
937 5147 994 5201 δὲ
1023 5148 1117 5202 τοῦ
1139 5149 1328 5218 γένους
1347 5150 1397 5203 οἱ
1415 5151 1475 5203 τὸ
1508 5151 1780 5222 ἱερατικὸν
1810 5150 1999 5222 τάγμα

418 5238 868 5308 ἀναδεδεγμένοι·
915 5238 1059 5310 φημὶ
1102 5239 1160 5293 δὲ
1210 5239 1452 5310 Μωῦσῆς
1494 5242 1524 5293 6
1572 5244 1856 5314 προφήτης
1904 5243 2000 5297 καὶ

423 5329 778 5401 ἱεροφάντωρ;
814 5328 1026 5400 Ἀαρών
1049 5347 1109 5382 τε
1131 5330 1228 5384 καὶ
1256 5333 1305 5384 οί
1328 5330 1520 5385 τούτου
1553 5334 1762 5397 παῖδες,
1808 5334 1997 5388 Ἐλεά-

420 5421 526 5493 ζαρ
576 5438 635 5474 τε
664 5423 759 5475 καὶ
808 5421 1012 5488 Φινεὲς,
1057 5422 1152 5476 καὶ
1196 5422 1422 5495 Ἶθάμαρ
1459 5426 1489 5477 6
1514 5425 1708 5479 τούτου
1752 5425 1997 5496 ἔγγονος.

2101 4782 2209 4838 tias
2258 4782 2456 4837 obtulit
2509 4779 2654 4845 Deo,
2711 4781 2962 4851 gratique
3007 4781 3174 4834 animi
3222 4778 3676 4851 signiﬁcationem

2101 4873 2271 4936 dedit,
2311 4889 2436 4928 cum
2481 4875 2534 4927 in
2579 4874 2752 4935 illum,
2795 4888 2826 4927 a
2867 4889 2977 4944 quo
3009 4881 3259 4928 servatus
3291 4880 3432 4935 erat,
3464 4884 3676 4925 memo-

2100 4981 2217 5021 rem
2261 4966 2508 5022 beneﬁcii
2552 4968 2796 5021 animum
2827 4973 3057 5020 testatus
3089 4973 3194 5020 est.
3241 4962 3375 5016 Nam
3409 4972 3463 5017 et
3499 4960 3677 5014 Abra-

2103 5059 2298 5115 hanms
2332 5059 2423 5114 ille
2466 5059 2650 5128 justus
2685 5058 2794 5113 Deo
2826 5056 3176 5113 sacriﬁcavit.
3214 5054 3353 5109 Tum
3393 5051 3679 5107 Melchise-

2105 5154 2274 5209 decus
2305 5153 2563 5209 sacerdos
2594 5152 2687 5207 Dei
2714 5152 3024 5215 altissimi',
3052 5156 3107 5205 et
3152 5149 3390 5211 lsaacus,
3429 5145 3525 5216 qui
3567 5143 3678 5200 Deo

2107 5246 2353 5316 placuit:
2404 5259 2618 5300 necnon
2651 5253 2706 5299 et
2728 5242 2987 5307 Jacobus,
3022 5250 3301 5310 utcunque
3315 5239 3493 5308 potuit
3519 5254 3678 5293 sacra

2106 5353 2272 5410 super
2300 5338 2531 5409 lapidem
2565 5335 2819 5401 dierens,
2859 5349 2891 5389 e
2919 5333 3175 5388 lenticula
3201 5333 3378 5386 oleum
3410 5329 3611 5385 infudit
3633 5335 3676 5385 ⁵.

2106 5428 2276 5500 Cujus
2311 5444 2342 5486 e
2381 5428 2567 5485 liberis
2610 5435 2799 5498 postea
2842 5424 2970 5481 Levi
3022 5422 3314 5479 sacerdotii
3358 5421 3677 5493 dignitatem

495 5578 511 5607 ¹
545 5577 679 5632 Gen.
730 5594 787 5642 ιι,
826 5574 881 5631 6.
956 5578 977 5608 '
1007 5574 1141 5630 Gen.
1171 5576 1350 5643 v,22;
1381 5578 1547 5636 Ecrli.
1575 5595 1722 5646 πων,
1762 5580 1852 5638 16.
1926 5581 1946 5615 ³
1970 5581 1999 5639 (ὲ

2101 5602 2247 5653 .ιιν,
2280 5586 2368 5643 18.
2444 5584 2466 5618 ⁸
2493 5585 2630 5642 Gen.
2657 5598 2857 5648 xxvm,
2882 5581 2971 5637 i8.

493 5714 714 5796 (ιεγεν
748 5714 938 5796 ᾑμέρᾳ
965 5714 1079 5767 τινὶ
1112 5714 1358 5796 gate-apti.
1387 5717 1620 5790 Φανερός
1658 5720 1799 5775 idem
1857 5727 1945 5777 est
1995 5742 1999 5774 :

2101 5733 2299 5783 certus.
2352 5729 2469 5794 Qua
2522 5726 2574 5781 in
2625 5722 3026 5796 signiﬁcatione
3068 5733 3210 5793 saepe
3261 5719 3316 5775 in
3374 5712 3674 5775 Chalcedo-

422 5788 580 5843 »δεηεὶ
612 5788 843 5842 concilio
875 5788 1124 5855 usurpari
1158 5788 1317 5842 solet.
