4134 6392
454 351 570 410 743

1869 344 1925 400 S.
1961 339 2308 396 EPIPIIANII

3607 329 3713 386 7H

453 476 694 533 obtinuit
724 493 736 528 :
772 487 800 528 a
827 488 936 544 quo
965 471 1226 540 deinceps
1257 469 1535 539 propagati
1571 483 1719 533 sum,
1749 467 1838 536 qui
1879 481 2035 520 eum-

2165 464 2250 516 ἱαὶ
2277 463 2329 514 τί
2349 479 2436 530 μοι
2462 459 2528 512 τὰ
2561 458 2736 528 πλήθη
2763 457 2942 524 λέγειν
2967 455 3074 508 τῶν
3105 453 3574 526 ἱερουργησάντων
3597 451 3716 523 Θεῷ

455 569 579 623 dem
611 567 858 621 ordinem
913 563 1254 633 gradumque
1299 569 1624 623 tenuerunt;
1665 559 1857 627 quales
1895 557 2044 610 fuere

455 657 688 730 Moyses,
721 653 980 724 propheta
1012 653 1176 706 simul
1233 659 1286 704 et
1316 664 1598 704 sacrorum
1636 649 1896 712 antistes,
1931 655 2044 698 tum

455 752 660 812 Aaron,
705 755 758 800 et
801 745 1038 800 Aaronis
1079 743 1197 800 ﬁlii,
1245 741 1488 800 Eleazar.
1531 739 1786 802 Pliiuees,
1817 745 1872 791 et
1898 738 2045 789 ltlia-

457 857 578 896 mar
609 839 772 907 hujus
815 851 1006 906 nepos.
1045 834 1186 900 Quid
1225 845 1404 886 autem
1439 847 1534 886 eos
1577 845 1771 884 omnes
1810 843 2052 882 commea

458 946 678 985 morare
707 945 938 984 necesse
965 937 1073 990 est,
1111 927 1203 995 qui
1238 928 1290 979 in
1321 924 1519 978 Vetere
1554 924 1907 976 Testamento
1939 919 2046 973 Deo

464 1023 809 1080 sacriﬁcasse
849 1019 1140 1091 leguntur?
1175 1016 1644 1083 Quemadmodum
1671 1013 1904 1066 Achitob
1967 1013 2048 1064 in-

427 1123 540 1184 iter
573 1123 838 1176 caeteros,
887 1119 1000 1164 tum
1035 1109 1256 1170 Cor-ita,
1297 1105 1618 1168 Gersonitie,
1664 1111 1717 1156 et
1757 1101 2046 1165 Meraritre,

423 1185 550 1276 .‘qui
597 1219 664 1258 ex
706 1202 1020 1257 Levitarum
1072 1200 1266 1252 ordine
1311 1198 1550 1252 fuerunt.
1583 1195 1662 1248 Ad
1699 1197 1812 1248 haec
1851 1193 2048 1246 domus

2146 561 2204 610 ὲν
2241 557 2454 624 Παλαιᾷ
2481 553 2756 624 Διαθήκῃ;
2787 551 2862 612 ὡς
2909 549 3139 619 Ἀχιτὼϐ
3171 548 3480 618 εὑρίσκεται
3509 547 3718 616 ἱερουρ-

2145 649 2278 717 γῶν,
2309 648 2362 700 οἵ
2393 665 2454 698 τε
2492 648 2720 715 Κορῖται
2767 645 2862 698 καὶ
2891 643 2940 696 οἱ
2971 643 3322 712 Γερσωνῖται,
3355 639 3449 692 xui.
3477 639 3723 708 Μεραρῖ-

2145 757 2232 792 ται
2263 741 2360 809 τὴν
2389 735 2680 806 Λευῖτικὴν
2726 735 3146 803 πεπιστευμένοι
3177 732 3348 796 τάξιν.
3399 732 3466 782 Ὃ
3489 748 3546 782 τε
3577 726 3724 790 οἶκος

2160 829 2308 882 Ἠλεὶ
2335 829 2426 881 καὶ
2455 828 2504 878 οἱ
2536 827 2652 896 μετ’
2681 825 2841 878 αὐτὸν
2875 825 2922 874 oi
2950 821 3056 875 ἀπὸ
3085 823 3180 890 τῆς
3209 819 3526 888 συγγενείας
3559 817 3720 871 αὑτοῦ

2149 923 2206 973 ὲν
2251 921 2327 990 τῷ
2371 921 2503 990 οἴκῳ
2562 917 2869 987 Ἀϐιμέλεχ,
2921 916 3015 968 καὶ
3055 913 3342 983 Ἀϐιάθαρ,
3377 907 3616 972 Χελκίας
3663 927 3722 962 τε

2148 1012 2242 1063 καὶ
2287 1007 2499 1071 Βουζεὶ,
2550 1005 2677 1076 άχρι
2725 1003 2900 1074 Ἰησοῦ
2949 1002 3043 1054 τοῦ
3091 1003 3279 1071 ἱερέως
3317 997 3411 1051 τοῦ
3465 996 3724 1066 μεγάλου,

2152 1103 2356 1172 Ἔσδρα
2383 1118 2440 1154 τε
2471 1097 2564 1152 τοῦ
2595 1097 2805 1167 ἱερέως,
2838 1096 2934 1148 καὶ
2977 1093 3084 1148 τῶν
3111 1093 3303 1148 ἄλλων.
3359 1089 3468 1142 Καὶ
3491 1084 3726 1156 οὐδαμοῦ

2149 1193 2286 1261 γυνὴ
2324 1192 2660 1261 ἱεράτευσεν.

457 1269 542 1349 ΕΠ
569 1297 607 1358 ι,
639 1297 868 1362 ejusque
907 1304 1280 1348 successores.
1319 1288 1410 1356 qui
1443 1303 1507 1340 ex
1544 1286 1717 1354 ipsius
1782 1281 2111 1352 cognatione
2149 1284 2202 1334 in
2251 1283 2416 1334 domo
2481 1279 2790 1334 Abimelech
2839 1287 2894 1331 et
2935 1275 3200 1330 Abiathar
3241 1273 3602 1328 exstiterunt.
3651 1269 3730 1322 uti

458 1391 748 1450 Chelcias,
787 1403 850 1441 ac
881 1386 1048 1446 Buzi,
1087 1400 1260 1452 usque
1307 1386 1374 1436 ad
1414 1381 1602 1435 Iesum
1647 1393 1904 1448 magnum
1953 1377 2318 1442 sacerdotem,
2352 1385 2404 1429 et
2433 1375 2659 1430 Esdram
2727 1371 3088 1436 sacerdotem,
3153 1380 3258 1426 etc.
3319 1367 3430 1422 Nec
3491 1379 3730 1436 unquam

459 1483 660 1538 mulier
703 1479 1014 1536 sacerdotio
1045 1476 1232 1530 functa
1265 1477 1481 1545 legitur.

531 1577 618 1632 ΙΙΙ.
661 1577 838 1644 Atque
861 1583 918 1626 ut
941 1573 1009 1626 ad
1033 1571 1242 1626 Novum
1266 1569 1674 1624 Testamentum
1695 1566 2046 1626 accedamus,

461 1667 510 1723 si
545 1665 913 1721 sacerdotium
949 1663 1272 1717 mulieribus
1299 1661 1616 1714 mandatum
1651 1659 1810 1720 foret,
1843 1669 1934 1711 aut
1957 1661 2050 1708 ca-

2228 1561 2300 1612 I“.
2337 1557 2660 1627 Ἐλεύσομαι
2690 1555 2747 1608 δὲ
2780 1557 2874 1608 xui
2901 1556 2982 1618 είς
3014 1553 3110 1625 τὴν
3127 1553 3335 1624 Καινὴν
3353 1552 3648 1624 Διαθήκην.
3667 1553 3732 1606 Εἰ

2158 1651 2456 1724 ἱερατεύειν
2491 1652 2746 1718 γυναῖκες
2800 1647 2919 1717 Θεῷ
2945 1647 3396 1716 προσετάσσοντο,
3447 1645 3478 1715 ἢ
3517 1661 3732 1698 κανονι-

463 1764 724 1818 nonicum
754 1756 1014 1827 quiddam
1041 1763 1303 1824 praestare
1334 1755 1387 1808 in
1422 1753 1666 1806 Ecclesia
1699 1755 1906 1814 liceret,
1933 1752 2052 1804 nul-

2165 1745 2249 1797 κόν
2283 1761 2336 1795 τι
2377 1740 2704 1813 ἐργάζεσθαι
2737 1741 2794 1792 ἐν
2832 1738 3144 1808 Ἐκκλησία,
3181 1737 3286 1790 ἔδει
3319 1737 3517 1807 μᾶλλον
3556 1737 3725 1808 αὐτὴν

465 1853 504 1906 li
545 1851 732 1922 potius
771 1863 936 1918 quam
983 1846 1166 1900 Mariae
1213 1845 1346 1898 illud
1407 1845 1460 1898 in
1507 1845 1659 1898 Novo
1698 1843 2050 1898 Testamento

465 1942 734 1998 committi
798 1937 1102 1994 sacerdotis
1157 1937 1396 1990 ollieium
1445 1935 1666 1998 debuit;
1723 1935 1814 1987 cui
1863 1941 2051 1988 tantus

467 2035 644 2089 honor
679 2045 766 2088 est
805 2033 1046 2092 habitus,
1085 2037 1142 2082 ut
1181 2031 1388 2098 gremio
1427 2029 1659 2096 sinuque
1701 2043 1802 2082 suo
1869 2041 2050 2096 regem

469 2127 742 2186 omnium.
784 2139 848 2178 ac
877 2123 1156 2178 caelestem
1193 2121 1387 2184 Deum,
1432 2119 1638 2188 Deique
1669 2117 1867 2172 Filium
1897 2119 2050 2172 exci-

469 2225 624 2290 peret
647 2237 658 2270 :
684 2216 844 2285 cujus
866 2214 1229 2278 uterus,velut
1247 2212 1531 2278 templum,
1555 2225 1618 2263 ac
1638 2211 1972 2264 domicilium
1986 2210 2052 2264 ad

469 2312 642 2366 divini
665 2307 829 2362 Verbi
859 2305 1292 2360 incarnationem
1319 2304 1584 2372 singulari
1609 2313 1694 2356 est
1723 2303 2054 2372 benignitate

473 2403 570 2458 Dei
603 2415 802 2472 magno
863 2415 926 2454 ac
962 2398 1232 2468 stupendo
1263 2398 1522 2466 mysterio
1563 2403 1918 2466 pra-paratus.
1959 2393 2057 2449 Ve-

473 2507 596 2547 rum
623 2493 782 2560 longe
818 2489 931 2544 Deo
965 2490 1123 2542 aliter
1163 2495 1250 2542 est
1281 2489 1456 2542 visum
1481 2529 1494 2550 ,
1535 2503 1598 2540 ac
1635 2505 1700 2542 ne
1743 2487 2054 2557 baptizandi

475 2586 696 2654 quidem
729 2591 973 2652 potestas
1001 2591 1086 2636 est
1121 2581 1196 2634 illi
1232 2579 1372 2634 facta
1405 2621 1418 2643 ,
1447 2581 1658 2650 1060
1697 2596 1820 2632 cum
1852 2582 2054 2649 alioqui

477 2677 614 2745 tingi
649 2675 718 2728 ab
755 2674 846 2727 illa
879 2673 1134 2727 Christus
1175 2673 1358 2742 potius
1389 2689 1552 2740 quam
1611 2675 1678 2724 ab
1716 2671 1926 2726 Joanne
1963 2687 2056 2742 po-

475 2769 688 2822 tuisset.
725 2765 922 2820 Verum
955 2763 1196 2818 Joannes
1247 2763 1524 2818 Zachariae
1555 2765 1718 2830 (ilius,
1751 2775 1874 2833 post
1913 2781 2058 2818 cum-

477 2861 709 2915 missum
759 2859 864 2914 sibi
925 2856 1236 2926 baptizandi
1287 2871 1522 2917 munus,
1581 2857 1648 2910 ad
1701 2867 2055 2925 peccatorum

477 2951 1135 3013 condonatiouem,vitam
1169 2948 1224 3000 in
1258 2947 1555 3002 solitudine
1591 2947 1834 3002 traduxit
1861 2967 1872 3002 :
1899 2949 2058 3017 cujus

476 3051 634 3114 pater
663 3039 1029 3095 sacerdotium
1063 3037 1254 3108 gessit,
1288 3045 1344 3090 et
1371 3037 1474 3092 sub
1505 3037 1695 3090 horam
1739 3039 1948 3093 suﬂitus
1977 3041 2060 3093 vi-

479 3149 600 3190 sum
629 3133 756 3186 huic
777 3132 1016 3185 oblatum
1039 3131 1169 3184 est'.
1201 3129 1328 3183 Post
1349 3129 1461 3183 haec
1483 3127 1694 3192 Petrus,
1719 3139 1772 3183 et
1793 3132 2060 3198 Andreas,
2091 3147 2132 3202 ο

479 3227 736 3290 Jacobus,
782 3231 838 3278 et
886 3221 1145 3288 Joannes,
1197 3221 1480 3291 Philippus
1514 3231 1568 3274 et
1613 3220 2062 3287 Bartholomieus,

485 3312 748 3380 Thomas,
772 3313 1100 3376 Thaddzeus,
1125 3321 1180 3366 et
1209 3311 1447 3366 Jacobus
1473 3313 1701 3382 Alphaei,
1723 3323 1776 3366 et
1794 3312 2066 3370 JudasJa-

485 3411 632 3474 cobi,
653 3417 709 3463 et
743 3406 930 3461 Simon
951 3407 1270 3467 Cananieus,
1287 3414 1341 3458 et
1373 3405 1626 3460 Matthias
1645 3407 1711 3460 ad
1735 3409 2066 3477 supplendos

483 3500 772 3554 duodecim
793 3497 1118 3562 sull‘ectus';
1149 3497 1246 3560 illi,
1281 3496 1522 3565 inquam,
1542 3511 1730 3550 omnes
1754 3507 1808 3552 et
1836 3500 2067 3568 apostoli

484 3593 680 3648 delecti
713 3599 866 3653 sunt,
910 3605 974 3643 ac
1005 3597 1120 3642 toto
1149 3598 1418 3642 terrarum
1452 3589 1586 3643 orbe
1633 3604 1846 3643 sacram
1897 3589 2070 3644 Evano

485 3687 608 3756 gelii
657 3683 995 3737 [unctionem
1037 3681 1568 3744 administrarunt‘,
1619 3697 1742 3734 cum
1793 3681 1962 3736 Paulo
2015 3691 2070 3736 et

484 3775 756 3838 Barnaba,
808 3788 872 3828 ac
927 3773 1184 3827 caeteris:
1245 3771 1520 3842 iidemque
1562 3773 1943 3842 mysteriorum
1979 3789 2068 3828 au-

485 3877 670 3923 ctores
729 3876 892 3936 atque
923 3865 1237 3920 conditores
1285 3864 1526 3928 fuerunt,
1560 3881 1666 3918 una
1699 3881 1821 3920 cum
1862 3864 2069 3921 Jucobo

487 3958 704 4014 Domini
759 3957 950 4019 fratre,
1000 3958 1177 4026 primo
1217 3955 1722 4026 Hierosolymorum
1765 3957 2066 4026 episcopo,

487 4067 518 4103 a
548 4065 659 4120 quo
691 4057 750 4102 ut
779 4059 832 4102 et
865 4048 935 4102 ab
965 4049 1109 4108 aliis,
1147 4061 1286 4116 quos
1315 4048 1747 4112 numeravimus,
1781 4049 2066 4115 apostolis,

486 4143 870 4212 episcoporum
927 4154 990 4192 ac
1029 4141 1476 4209 presbyterorum
1519 4141 1902 4194 successiones
1941 4151 2070 4194 sunt

487 4235 543 4288 in
576 4235 736 4287 domo
773 4231 860 4285 Dei
905 4233 1238 4286 constitutie.
1277 4229 1386 4284 Nec
1417 4231 1558 4284 inter
1593 4232 1715 4286 illos
1745 4239 1924 4285 tamen
1959 4249 2072 4285 mu-

487 4323 592 4376 lier
626 4323 736 4376 ulla
765 4330 1018 4389 cooptata
1065 4322 1282 4390 legitur.
1329 4320 1498 4374 Erant
1538 4322 1781 4392 quidem,
1823 4331 1880 4376 ut
1916 4321 2068 4376 Scri-

487 4420 649 4482 ptura
681 4419 890 4474 narrat,
927 4409 1174 4481 Philippo
1204 4413 1549 4480 evangelista:
1589 4413 1710 4466 ﬁliae
1750 4427 1803 4466 ιν
1840 4414 2072 4482 prephe-

2158 1835 2256 1905 τὴν
2289 1835 2506 1903 Μαρίαν
2537 1825 2816 1903 ἱερατείαν
2839 1829 3150 1882 ἐπιτελέσαι
3181 1831 3238 1882 ἐν
3262 1831 3435 1900 Καινῇ
3465 1828 3732 1899 Διαθήκῃ·

2157 1926 2255 1996 τὴν
2279 1923 2704 1986 καταξιωθεῖσαν
2729 1924 2786 1976 ἐν
2817 1921 3038 1984 κόλποις
3075 1921 3226 1984 ἰδίοις
3256 1919 3620 1984 ὑποδέξασθαι
3647 1921 3738 1972 τὸν

2159 2016 2512 2087 παμϐασιλεία
2549 2014 2681 2067 Θεὸν
2715 2013 3038 2084 ἐπουράνιον
3057 2053 3072 2077 ,
3103 2012 3230 2066 Υἰὸν
3269 2010 3364 2064 τοῦ
3395 2010 3533 2066 Θεοῦ
3557 2027 3572 2043 ’
3600 2006 3668 2084 ἦς
3699 2015 3734 2082 ἡ

2164 2109 2364 2179 μήτρα,
2393 2107 2522 2169 ναὸς
2549 2105 2816 2176 γενομένη
2847 2105 2941 2157 xui.
2967 2105 3405 2174 κατοικητήριον,
3427 2105 3508 2168 είς
3525 2103 3622 2175 τὴν
3641 2101 3736 2157 τοῦ

2161 2199 2366 2270 Κυρίου
2428 2199 2690 2268 ἔνσαρκον
2747 2197 3057 2266 οἰκονομίαν
3121 2196 3262 2249 κατά
3329 2195 3738 2269 φιλανθρωπίαν

2160 2289 2294 2342 Θεοῦ
2343 2289 2437 2341 καί
2487 2287 2790 2358 ἔκπληκτον
2863 2289 3163 2359 μυστήριον
3217 2288 3546 2360 ἡτοιμάσθη.
3595 2289 3739 2342 Ἀλλ’

2161 2383 2262 2434 οὐκ
2301 2381 2611 2451 εὐδόκησεν.
2670 2380 2808 2434 Ἀλλ’
2846 2380 2968 2432 οὐδὲ
3011 2380 3292 2450 βάπτισμα
3335 2381 3535 2434 διδόναι
3575 2381 3740 2434 πεπί-

2165 2490 2415 2526 στευται·
2467 2473 2589 2526 ἐπεὶ
2615 2471 2894 2541 ἠδύνατοὸ
2931 2473 3168 2542 Χριστὸς
3195 2471 3397 2542 μᾶλλον
3434 2476 3564 2542 παρ’
3601 2475 3740 2546 αὐτῇ

2165 2563 2530 2634 βαπτισθῆναι
2579 2565 2722 2634 ἤπερ
2763 2564 2914 2634 παρά
2966 2565 3232 2618 Ἰωάννου.
3279 2563 3437 2617 Ἀλλά
3489 2567 3742 2636 Ἰωάννης

2168 2657 2265 2726 μὲν
2295 2661 2422 2720 παῖς
2449 2656 2718 2726 Ζαχαρίου
2757 2659 2814 2708 ὲν
2841 2659 2906 2726 τῇ
2942 2657 3134 2727 ἐρήμῳ
3160 2657 3426 2712 διετέλεσε
3458 2657 3742 2728 βάπτισμα

2165 2751 2412 2818 ἀφέσεως
2441 2749 2725 2820 ἁμαρτιῶν
2771 2751 3234 2819 πεπιστευμένος’
3264 2753 3294 2802 ὁ
3325 2751 3382 2805 δὲ
3413 2752 3606 2804 τούτου
3645 2770 3742 2805 πα-

2164 2840 2266 2910 τὴρ
2309 2840 2428 2910 Θεῷ
2481 2841 2794 2911 ἱεράτευσε,
2845 2841 2937 2894 καὶ
2983 2843 3047 2911 τῇ
3095 2841 3216 2912 ὥρᾳ
3257 2841 3350 2895 τοῦ
3402 2842 3743 2914 θυμιάματος

2165 2934 2428 2986 ὀπτασίαν
2463 2929 2590 2986 εἶδε.
2627 2933 2831 3004 Πέτρος
2881 2951 2940 2985 τε
2991 2934 3085 2987 xui.
3127 2935 3412 3005 Ἀνδρέας,
3451 2937 3744 3004 Ἰάκωϐος,

2169 3028 2260 3078 xui.
2305 3026 2576 3094 Ἰωάννης,
2605 3025 2865 3089 Φίλιππος
2889 3065 2902 3088 ,
2933 3028 3027 3080 καὶ
3055 3027 3456 3099 Βαρθολομαῖος
3475 3069 3490 3092 ,
3519 3029 3745 3100 Θωμᾶς,

2167 3119 2442 3182 Θαδδαῖος,
2477 3121 2568 3171 καὶ
2602 3118 2856 3182 Ἰάκωϐος
2891 3119 3162 3188 Ἁλφαίου,
3197 3121 3290 3172 καὶ
3329 3122 3526 3184 Ἰούδας
3562 3123 3744 3176 Ἰακώ-

2170 3211 2286 3277 ϐου,
2313 3212 2407 3264 καὶ
2437 3212 2620 3282 Σίμων
2649 3215 2678 3264 ὁ
2701 3213 3027 3276 Καναναῖος,
3060 3214 3154 3266 καὶ
3179 3213 3430 3278 Ματθίας
3451 3217 3479 3267 ὁ
3509 3217 3590 3276 εἰς
3619 3218 3746 3287 πλή⁹

2171 3317 2338 3372 ρωσιν
2369 3300 2478 3353 τῶν
2522 3300 2726 3354 δώδεκα
2765 3301 3182 3372 ἐκλελεγμένος·
3223 3297 3366 3356 οὗτοι
3407 3303 3610 3367 πάντες
3665 3305 3756 3372 ea.

2167 3391 2432 3462 ελέγησαν
2461 3391 2766 3455 ἀπόστολοι,
2797 3394 2888 3444 καὶ
2917 3391 3056 3446 κατὰ
3083 3393 3180 3464 τὴν
3205 3393 3308 3462 γῆν
3339 3396 3747 3467 ἱερουργοῦντες

2169 3482 2230 3536 τὸ
2282 3482 2615 3550 Εὐαγγέλιον
2651 3485 2768 3554 ἅμα
2799 3483 2995 3553 Παύλῳ
3033 3485 3128 3536 καὶ
3163 3485 3452 3556 Βαρνάϐᾳ,
3505 3487 3599 3540 καὶ
3641 3487 3748 3540 λοι-

2169 3577 2310 3636 ποῖς,
2336 3576 2429 3627 καὶ
2465 3575 2778 3646 μυστηρίων
2811 3575 3110 3645 ἀρχηγέται
3143 3577 3239 3630 σὺν
3271 3576 3513 3648 Ἰακώϐῳ
3537 3578 3748 3649 ἀδελφῷ

2168 3669 2262 3722 τοῦ
2291 3669 2518 3732 Κυρίου,
2551 3669 2644 3721 καὶ
2679 3669 2881 3740 πρώτῳ
2911 3672 3196 3742 ὲπισκόπῳ
3233 3672 3622 3744 Ἱεροσολύμων
3644 3691 3656 3703 ·
3691 3673 3764 3738 ἐξ·

2169 3755 2338 3830 οὗπερ
2367 3761 2670 3814 ἐπισκόπου
2709 3763 2802 3814 xui
2837 3763 2944 3814 τῶν
2983 3763 3398 3834 προειρημένων
3437 3767 3750 3819 ἀποστόλων

2169 3853 2582 3923 κατεστάθησαν
2609 3851 2852 3921 διαδοχαὶ
2881 3855 3198 3906 ἐπισκόπων
3223 3859 3318 3908 καὶ
3359 3857 3750 3928 πρεσϐυτέρων

2170 3945 2228 3998 ὲν
2251 3946 2385 4013 οἴκῳ
2409 3943 2568 3996 Θεοῦ.
2601 3944 2710 3996 Καὶ
2735 3943 2972 4013 οὐδαμοῦ
3001 3945 3136 4015 γυνὴ
3167 3947 3224 3997 ὲν
3249 3945 3458 4010 τούτοις
3483 3950 3752 4002 κατεστά-

2171 4035 2258 4106 θη.
2334 4031 2514 4088 Ἦσαν
2577 4035 2634 4088 δὲ
2675 4077 2688 4102 ,
2742 4037 2906 4106 φησὶ,
2973 4037 3236 4108 τέσσαρες
3291 4038 3588 4111 θυγατέρες
3669 4043 3754 4094 Φι⁴

2171 4130 2355 4200 λίππῳ
2426 4129 2502 4201 τῷ
2565 4131 2920 4200 εύαγγελιστῇ
2997 4131 3473 4202 προφητεύουσαι,
3517 4135 3581 4187 οὐ
3645 4135 3756 4206 μὴν

2173 4222 2574 4295 ἱερουργοῦσαι.
2619 4224 2728 4276 Καὶ
2775 4218 2842 4292 ἦν
2877 4225 3044 4276 ’Ἄννα
3071 4225 3338 4293 προφῆτις
3377 4223 3624 4297 θυγάτηρ
3641 4228 3754 4278 Φα-

2171 4316 2364 4386 νουὴλ,
2396 4315 2510 4368 ἀλλ’
2549 4315 2647 4384 ούχ
2681 4315 2951 4385 ἱερατείαν
2985 4315 3414 4385 πεπιστευμένη.
3451 4317 3600 4370 Ἔδει
3637 4317 3748 4389 γάρ

2173 4406 2512 4479 πληροῦσθαι
2539 4407 2624 4472 τὸ,
2647 4407 3184 4473 Προφητεύσουσιν
3215 4411 3267 4460 οἱ
3295 4407 3416 4460 υἱοὶ
3437 4407 3622 4476 ὑμῶν,
3651 4410 3754 4461 καὶ

487 4503 660 4564 tissie,
700 4515 812 4554 non
855 4509 1036 4554 tamen
1068 4501 1379 4556 Sacerdotes
1416 4503 1456 4556 ⁸.
1497 4501 1759 4556 Similiter
1812 4512 1866 4558 et
1910 4505 2061 4558 Anna

2172 4505 2230 4553 αἱ
2254 4500 2572 4568 θυγατέρες
2595 4498 2762 4569 ὑμῶν
2796 4499 3106 4564 ἐνυπνίοις
3133 4499 3751 4566 ἐνυπνιασθήσονται,

489 4593 837 4664 pr0phetissa
858 4591 958 4644 fuit
975 4591 1267 4646 Phanuelis
1286 4593 1394 4646 lilia
1410 4593 1452 4656 ⁸⁵,
1483 4610 1590 4647 ιιοιι
1613 4602 1792 4648 tamen
1821 4595 2074 4648 sacerdo-

491 4685 569 4738 tio
603 4683 847 4753 praedita.
889 4683 1100 4752 Quippe
1133 4685 1342 4752 impleri
1383 4685 1530 4739 istud
1573 4686 1884 4755 Oportebat,
1924 4686 2070 4754 quod

491 4788 575 4832 est
595 4779 887 4846 scriptum:
912 4777 1306 4844 l’roplietabunt
1335 4778 1435 4846 [itii
1459 4779 1638 4844 uestri,
1664 4788 1712 4830 et
1731 4779 1859 4846 [ilice
1887 4788 2071 4833 vestrm

491 4871 700 4922 somnia
750 4869 1124 4932 somniabunt,
1169 4879 1217 4921 et
1259 4870 1612 4923 adolescentes
1658 4873 1816 4924 uestri
1849 4873 2070 4925 uisiones

491 4959 755 5014 videbunt.
793 4960 1115 5030 Quanquam
1149 4977 1279 5015 vero
1313 4963 1748 5016 diaconissarum
1783 4964 1836 5016 in
1879 4963 2070 5017 Eccle-

493 5055 574 5108 sia
607 5055 742 5108 ordo
778 5057 872 5118 sit,
909 5069 1020 5107 non
1051 5063 1233 5108 tamen
1267 5055 1332 5108 ad
1373 5057 1666 5110 sacerdotii
1706 5057 2066 5119 iunctionem,

493 5154 588 5199 aut
644 5147 809 5200 ullam
861 5146 1132 5215 ejusmodi
1179 5147 1712 5201 administrationem
1781 5148 2067 5202 institutus

493 5246 615 5300 est,
663 5236 756 5290 sed
799 5243 858 5292 ut
903 5236 1190 5290 muliebris
1227 5252 1390 5292 sexus
1420 5237 1691 5292 honestati
1723 5237 2067 5304 consulatur,

494 5329 610 5384 sive
640 5337 700 5382 ut
733 5329 989 5398 baptismi
1017 5335 1264 5398 tempore
1297 5329 1462 5392 adsit,
1498 5330 1614 5382 sive
1643 5338 1702 5381 ut
1739 5329 1994 5397 inspiciat
2022 5331 2068 5383 si

494 5423 624 5492 quid
659 5437 816 5490 passa
842 5422 932 5487 sit,
966 5431 1061 5475 aut
1093 5423 1355 5477 molestize
1389 5423 1694 5492 pertulerit,
1727 5424 1841 5476 sive
1861 5431 1918 5474 ut
1946 5437 2069 5474 cum

493 5515 812 5568 nudandum
867 5523 952 5570 est
1005 5515 1252 5569 mulieris
1305 5531 1540 5584 corpus,
1595 5515 1965 5568 interveniat:
2003 5530 2072 5567 ne

2175 4594 2274 4648 καὶ
2329 4597 2384 4647 οἱ
2403 4593 2714 4646 νεανίσκοι
2737 4592 2906 4662 ὑμῶν
2933 4592 3175 4661 ὁράσεις
3205 4593 3479 4662 ὄψονται.
3525 4597 3636 4648 Καὶ
3669 4598 3756 4648 ὅτι

2180 4687 2276 4756 μὲν
2308 4684 2659 4738 διακονισσῶν
2693 4685 2803 4755 (15)
2852 4685 3037 4754 τάγμα
3075 4685 3224 4736 ἐστὶν
3267 4686 3346 4747 είς
3389 4685 3487 4754 τήν
3527 4685 3778 4754 Ἐκκλη--

2177 4779 2317 4838 σίαν,
2353 4776 2469 4829 ἀλλ’
2503 4777 2624 4846 οὐχὶ
2662 4777 2740 4838 είς
2765 4775 2826 4827 τὸ
2863 4775 3186 4845 ἱερατεύειν,
3220 4775 3341 4828 οὐδέ
3370 4793 3422 4828 τι
3455 4777 3754 4846 ἐπιχειρεῖν

2175 4867 2509 4934 ἐπιτρέπειν,
2535 4866 2720 4919 ἓνεκεν
2743 4865 2800 4919 δὲ
2829 4867 3158 4937 σεμνότητος
3188 4865 3282 4918 τοῦ
3314 4867 3626 4933 γυναικείου
3659 4869 3754 4934 γέ·-

2141 4999 2144 5002 ,
2178 4977 2322 5024 νους,
2353 4959 2386 5028 ἢ
2427 4959 2492 5011 δι’
2523 4958 2672 5028 ὥραν
2701 4958 2947 5028 λουτροῦ,
3001 4958 3033 5029 ἢ
3075 4959 3418 5028 ἐπισκέψεως
3447 4958 3682 5022 πάθους,
3717 4960 3751 5028 ἢ

2177 5052 2360 5114 πόνου,
2395 5053 2488 5102 καὶ
2511 5051 2600 5102 ὅτε
2628 5049 2940 5120 γυμνωθείη
2974 5051 3132 5120 σῶμα
3154 5050 3398 5118 γυναίου,
3428 5051 3514 5102 ἵνα
3545 5051 3619 5121 μὴ
3649 5051 3756 5103 ὑπὸ

2174 5141 2381 5211 ἀνδρῶν
2420 5141 2842 5210 ἱερουργούντων
2875 5141 3096 5211 θεαθείη
3117 5181 3130 5204 ,
3161 5143 3277 5194 ἀλλ’
3307 5143 3412 5195 ὑπὸ
3445 5141 3544 5212 τῆς
3569 5142 3756 5196 διακο-

2171 5233 2392 5302 νούσης,
2417 5233 2452 5286 ά
2468 5235 2484 5263 ⁷
2517 5235 2878 5304 ἐπιτάσσηται
2899 5233 3004 5286 ὑπὸ
3027 5234 3123 5286 τοῦ
3160 5233 3350 5306 ἱερέως
3375 5235 3756 5305 ἐπιμελεῖσθαι

2175 5325 2309 5396 πρὸς
2344 5327 2440 5396 τὴν
2469 5325 2619 5394 ὥραν
2657 5327 2752 5396 τῆς
2783 5326 3140 5397 ἐπιδεομένης
3163 5327 3422 5394 γυναικὸς
3447 5329 3504 5379 ὲν
3531 5329 3598 5398 τῇ
3631 5325 3755 5397 ὥρᾳ.

2177 5419 2278 5488 τῆς
2310 5417 2404 5470 τοῦ
2445 5418 2698 5487 σώματος
2741 5419 2908 5487 αὐτῆς
2947 5419 3310 5488 γυμνώσεως,
3339 5417 3434 5471 τοῦ
3476 5419 3756 5488 τάγματος

2179 5512 2278 5582 τῆς
2311 5511 2585 5575 εὐταξίας,
2615 5514 2708 5566 xui.
2745 5512 3204 5584 ἐκκλησιαστικῆς
3229 5513 3486 5583 εὐνομίας
3529 5514 3754 5580 ὲπιστηι

569 5669 584 5698 ⁸
621 5667 636 5718 l
669 5669 800 5738 lteg.
827 5685 865 5734 ι,
888 5671 940 5724 5.
1017 5669 1036 5699 ²
1069 5667 1200 5724 Luc.
1241 5687 1277 5734 ι,
1300 5669 1332 5724 5
1361 5685 1481 5739 sqq.
1563 5669 1581 5699 ³
1607 5669 1726 5722 Act.
1759 5685 1798 5732 ι,
1823 5669 1912 5723 Ξέῑ.
1993 5667 2013 5699 ⁸
2045 5667 2061 5720 1

2165 5685 2204 5720 ι.
2237 5683 2328 5730 xv,
2369 5667 2454 5720 16.
2537 5667 2557 5697 ⁸
2582 5667 2706 5721 Art.
2746 5685 2860 5731 XXI,
2894 5669 2945 5723 9.
3027 5668 3046 5697 ⁶
3077 5666 3207 5722 Luc.
3240 5683 3300 5732 ll,
3325 5665 3414 5721 '56.
3491 5665 3512 5698 ⁷
3547 5664 3753 5731 Rea.

567 5777 683 5846 (ιὲ)
714 5779 822 5836 Καὶ
855 5779 944 5833 ὅτι
974 5782 1085 5836 uir
1114 5783 1542 5838 διακονισσῶν.
1581 5783 1654 5836 De
1687 5783 2011 5840 diaconissis
2042 5786 2056 5836 i

2165 5787 2242 5835 ine
2273 5781 2454 5850 operis
2481 5789 2690 5852 agetur.
