4134 6392
395 370 505 432 ω
1000 363 1367 422 Αυιέιιειιε
1405 332 1751 421 ιιίιὲιιιῖειεε
1791 360 1918 417 ue.
1968 361 2060 416 Ill.
2100 359 2267 419 ron.
2308 360 2372 415 ιι.
2408 392 2479 402 -
2516 359 2791 418 ιιιιειιεε.
2835 362 3070 420 LXXIX.
3570 356 3678 418 m

402 488 578 560 μόνως
612 485 671 538 ὲν
700 483 884 556 μέτρῳ
928 483 1151 545 κανόνος
1192 480 1397 552 σφόδρα
1426 463 1860 549 ἠσφαλὶσμένης.
1894 472 1985 526 Arb

2106 474 2349 539 :irorum,
2372 475 2465 544 qui
2487 477 2660 533 sacris
2684 484 3008 546 operantur.
3031 475 3277 550 aspectui
3309 475 3381 532 sit
3401 478 3676 547 exposita,

398 556 523 633 οὕτε
569 575 855 647 ἐπιτρέπει
887 574 917 626 ὁ
945 572 1090 637 θεῖος
1127 573 1283 642 λόγος
1350 569 1575 638 γυναικὶ
1622 569 1679 621 ὲν
1723 558 2000 633 ἐκκλησία

2106 562 2189 618 sed
2241 578 2271 617 a
2317 566 2434 619 sola
2480 566 2795 624 diaconissa
2859 567 3140 631 videatur;
3195 584 3320 639 qua:
3369 567 3680 629 sacerdotis

398 672 603 738 λαλεῖν,
632 668 758 723 οὔτε
781 667 1061 723 αὐθεντεῖν
1097 666 1314 736 ἀνδρός.
1352 664 1464 719 Καὶ
1500 660 1669 717 πολλὰ
1700 658 1817 713 εστι
1863 655 1992 725 περὶ

2106 653 2355 709 mandato
2389 654 2634 712 mulieris
2676 671 2866 713 curam
2899 658 3062 729 gerit,
3107 672 3220 729 quo
3243 665 3488 730 tempore
3511 665 3678 715 vesti-

399 764 592 820 τούτου
624 761 829 830 λέγειν.

2106 743 2198 798 bus
2225 745 2466 801 exuitur.
2492 745 2614 813 Qua
2640 748 2699 806 in
2722 763 2782 804 re
2802 764 2927 804 cum
2948 746 3163 807 ordinis
3193 748 3344 808 illius
3370 747 3675 816 modestiae,

401 867 519 914 tum
565 854 959 912 ecclesiasticae
1006 854 1312 925 disciplinae
1351 851 1648 924 prudenter
1689 844 1983 901 admodum
2059 852 2124 892 ex
2169 838 2413 901 Canonis
2488 846 2809 916 praescripto
2853 853 2939 903 est
2996 861 3062 902 ac
3106 845 3295 918 regula
3339 845 3676 904 consultum.

394 952 698 1023 Propterea
774 962 845 1004 ne
895 946 1044 1017 loqui
1091 946 1314 1017 quidem
1352 946 1408 1000 in
1447 943 1683 1000 ecclesia
1722 933 1940 996 mulieri
1981 932 1996 962 ’
2027 969 2045 996 ,
2084 940 2181 987 aut
2224 935 2278 990 in
2328 937 2476 993 viros
2528 938 2915 996 auctoritatem
2976 939 3181 997 habere
3232 954 3409 997 sacra:
3456 937 3677 996 Litterae

401 1044 744 1118 permittunt.
795 1041 905 1099 Sed
955 1041 1024 1098 de
1067 1041 1172 1096 hac
1225 1048 1338 1096 tota
1392 1055 1452 1095 re
1500 1039 1658 1110 plura
1713 1027 1987 1105 disputari
2032 1036 2286 1097 possunt.

470 1142 542 1195 Δ¹.
585 1135 1011 1211 Παρατηρητέον
1038 1134 1116 1198 δὲ,
1144 1136 1227 1190 ὅτι
1261 1135 1391 1205 ἄχρι
1419 1128 1779 1187 διακονισσῶν
1834 1124 1993 1197 μόνον

401 1232 466 1287 τὸ
497 1226 952 1302 ἐκκλησιαστικὸν
986 1226 1255 1298 ἐπεδείχθη
1309 1223 1529 1294 τάγμα,
1563 1221 1742 1293 χήρας
1769 1235 1829 1273 τε
1859 1216 1994 1271 ὠνό-

406 1338 570 1394 μασε,
616 1320 715 1376 καὶ
752 1319 961 1374 τούτων
990 1317 1092 1381 τὰς
1135 1315 1215 1370 ἔτι
1256 1314 1561 1387 γραοτέρας
1596 1308 1991 1384 πρεσϐύτιδας,

401 1411 639 1485 οὐδαμοῦ
683 1413 740 1466 δὲ
788 1410 1255 1483 πρεσϐυτερίδας,
1303 1409 1337 1479 ἦ
1387 1406 1634 1477 ίερίσσας
1664 1401 1989 1475 προσέταξε.

402 1508 516 1562 Καὶ
562 1506 673 1578 γὰρ
712 1503 838 1559 οὔτε
868 1504 1109 1559 διάκονοι
1153 1503 1211 1555 ἐν
1250 1503 1316 1573 τῇ
1366 1496 1797 1567 ὲκκλησιαστικῇ
1842 1492 1994 1560 τάξει

402 1598 805 1670 επιστεύθησάν
845 1614 900 1650 τι
948 1596 1245 1667 μυστήριον
1297 1591 1591 1653 ἐπιτελεῖν,
1640 1587 1780 1643 ἀλλὰ
1828 1587 1990 1657 μόνον

402 1692 671 1747 διακονεῖν
705 1692 773 1743 τὰ
817 1686 1232 1756 ἐπιτελούμενα.
1281 1682 1454 1739 Πόθεν
1492 1682 1550 1735 δὲ
1584 1679 1745 1734 πάλιν
1791 1679 1922 1748 ἡμῖν
1964 1677 1995 1729 ὁ

2162 1121 2248 1177 ιν.
2290 1124 2428 1182 Illud
2454 1142 2588 1184 vero
2612 1129 2904 1202 diligenter
2929 1130 3336 1188 observandum
3358 1138 3465 1195 est,
3496 1129 3675 1186 solum

2089 1211 2526 1275 diaconissarum
2567 1218 2805 1278 oﬂicium
2836 1222 2906 1278 ad
2947 1223 3383 1280 ecclesiasticum
3427 1222 3679 1280 ordinem

2091 1308 2468 1366 necessarium
2508 1310 2714 1379 fuisse;
2747 1327 2815 1368 ac
2839 1312 3035 1370 viduas
3078 1313 3300 1387 quidem
3347 1314 3679 1372 nominatim

2089 1413 2406 1470 expressas,
2440 1410 2496 1459 et
2526 1404 2669 1460 inter
2699 1405 2843 1470 illas,
2879 1421 3002 1478 quae
3044 1421 3185 1464 anus
3220 1413 3429 1472 essent,
3464 1405 3675 1478 ιοθι

2096 1491 2442 1564 presbytidas
2488 1503 2733 1562 vocatas,
2783 1513 3066 1569 nunquam
3115 1496 3529 1570 presbyteridas
3583 1506 3680 1553 aut

2096 1585 2497 1643 sacerdotissas
2526 1602 2651 1644 esse
2681 1587 2878 1645 factas.
2915 1588 3055 1645 Nam
3084 1605 3263 1663 neque
3289 1591 3540 1648 diaconis
3562 1590 3682 1663 qui-

2095 1677 2217 1733 dem
2250 1678 2385 1748 ipsis
2424 1680 2595 1735 ullum
2620 1680 2682 1736 in
2709 1682 3089 1739 ecclesiastico
3127 1684 3323 1740 ordine
3358 1698 3679 1740 sacramen-

405 1783 592 1845 καινδς
626 1780 793 1852 μῦθος
831 1771 989 1841 οὗτος
1020 1779 1356 1849 ὲγήγερταις
1394 1774 1566 1829 Πόθεν
1595 1770 1870 1843 γυναικῶν
1898 1768 1994 1823 τῦο

2106 1778 2212 1826 tum
2245 1770 2509 1841 perlicere
2542 1774 2888 1839 conceditur,
2919 1775 3015 1832 sed
3045 1776 3149 1832 hoc
3175 1776 3466 1845 duntaxat,
3498 1785 3561 1833 ut
3586 1792 3681 1835 eo-

403 1890 537 1943 φος,
588 1874 683 1928 καὶ⁵
731 1872 898 1944 μανία
932 1872 1355 1941 γυναικωνῖτις;
1392 1867 1566 1922 Πόθεν
1608 1866 1920 1938 τρεφομένη
1953 1864 1987 1934 ἡ

402 1966 573 2022 κακία
606 1965 695 2022 διὰ
725 1966 826 2039 τῆς
857 1966 1020 2021 πάλιν
1050 1963 1261 2036 θήλεος,
1306 1965 1440 2034 ἡμῖν
1466 1960 1527 2014 τὺ
1564 1960 1699 2033 θῆλυ
1731 1961 1831 2031 τῆς
1858 1959 1992 2013 ὑπο-

403 2060 555 2124 νοίας
609 2061 724 2126 τοῖς
790 2060 1143 2132 φρονήμασιν
1198 2056 1532 2128 ὲπιχέουσα.
1600 2055 1662 2108 τὸ
1728 2054 1991 2125 σφέτερον

402 2151 737 2224 ἡδυπαθείας
767 2151 1109 2224 ἐργαζομένη
1133 2191 1148 2214 ,
1192 2149 1302 2204 ἀπὸ
1349 2147 1444 2202 τοῦ
1489 2146 1851 2219 προκειμένου
1889 2145 1993 2211 ἔξω

407 2244 612 2316 βαίνειν
641 2244 744 2317 τὴν
771 2243 1032 2299 τάλαιναν
1057 2242 1169 2296 τῶν
1195 2229 1501 2314 ἀνθρώπων
1533 2239 1697 2310 φύσιν
1726 2241 1995 2309 ἐπιχειρεί

405 2337 774 2410 ἀναγκάζεινς
816 2336 977 2392 Ἀλλὰ
1020 2336 1126 2409 μὴν
1159 2334 1256 2389 τοῦ
1298 2333 1419 2387 ’1ὼὸ
1463 2331 1744 2405 δεξώμεθα
1775 2332 1837 2386 τὸ
1869 2332 1997 2403 φρό-

406 2450 552 2505 νημα
589 2431 652 2486 τὸ
683 2431 904 2503 στερεὸν
928 2429 1025 2484 τοῦ
1053 2428 1311 2501 ἀθλητοῦ,
1341 2426 1760 2499 ὲξοπλισώμεθα
1785 2426 1884 2498 τὴν
1913 2427 1995 2479 δι-

407 2525 571 2580 καίαν
599 2524 891 2597 ἀπόκρισιν
926 2524 1021 2577 ἐπὶ
1052 2526 1166 2587 τοῖς
1197 2523 1436 2594 χείλεσιν
1485 2520 1868 2583 ἀναλαϐόντες.
1904 2520 1990 2573 Εἵ-

408 2633 600 2686 πωμεν
634 2616 733 2670 καὶ
775 2616 928 2670 αὐτοί
952 2633 964 2646 ·
996 2617 1229 2685 Ὠσπερ
1261 2616 1371 2685 μία
1417 2614 1539 2668 τῶν
1570 2615 1853 2684 ἀφρόνων
1895 2631 2000 2683 τυ-

409 2708 634 2763 ναικῶν
662 2708 999 2776 ἐλάλησας.

483 2886 653 2941 Πόθεν
682 2886 792 2958 γὰρ
820 2886 921 2939 οὐκ
953 2886 1323 2958 ἐμϐρόντητον
1350 2884 1412 2937 τὸ
1434 2884 1673 2939 τοιοῦτον
1701 2884 2003 2955 φανήσεται

411 2980 576 3036 παντὶ
623 2979 702 3051 τῷ
750 2980 966 3034 σύνεσιν
1016 2976 1213 3049 ἔχοντι,
1246 2978 1341 3032 καὶ
1386 2978 1445 3032 ἐν
1487 2974 1608 3048 Θεῷ
1643 2974 2001 3046 κεκτημένῳς

412 3071 583 3127 Πόθεν
613 3072 715 3126 οὐκ
743 3068 1084 3125 είδωλοποιδν
1110 3069 1172 3124 τὸ
1194 3069 1552 3140 ἐπιτήδευμα,
1580 3069 1675 3122 καὶ
1718 3068 1781 3122 τὸ
1822 3067 2002 3139 ὲγχεί·

416 3181 569 3236 ρημα
599 3161 939 3226 διαϐολικόνς
968 3161 1247 3233 Προφάσει
1297 3161 1407 3233 γὰρ
1446 3162 1656 3215 δικαίου
1686 3161 1774 3214 ἀεὶ
1814 3161 2002 3214 ὑπεισ-

411 3256 582 3310 δύνων
610 3254 709 3325 τὴν
734 3253 969 3309 διάνοιαν
998 3255 1029 3306 ό
1079 3252 1325 3319 διάϐολος
1371 3253 1480 3306 τῶν
1528 3251 1853 3324 ἀνθρώπων,
1905 3252 2002 3323 τὴν

414 3346 614 3420 θνητὴν
654 3346 816 3417 φύσιν
872 3345 1136 3400 θεοποιιῖιν
1186 3346 1268 3409 είς
1319 3345 1631 3418 ὀφθαλμοὺς
1678 3344 2001 3417 ἀνθρώπων,

413 3434 763 3513 ἆνδροείκελα
791 3438 1085 3510 ἀγάλματα
1110 3438 1198 3493 διὰ
1240 3437 1513 3500 ποικιλίας
1551 3436 1757 3507 τεχνῶν
1784 3437 2004 3508 διέγρα-

410 3531 502 3601 ψε.
555 3532 668 3587 Καὶ
711 3530 1007 3604 τεθνήκασι
1065 3532 1164 3602 μὲν
1215 3533 1266 3584 οἱ
1309 3530 1794 3601 προσκυνούμενοι,
1829 3530 1897 3583 τὰ
1947 3530 2005 3584 δὲ

411 3623 617 3680 τούτων
653 3622 948 3697 ἀγάλματα
993 3624 1263 3697 μηδέποτε
1300 3622 1541 3694 ζήσαντα
1603 3623 1746 3693 (οὔτε
1780 3623 1888 3696 γὰρ
1916 3640 2004 3676 νε-

414 3714 526 3788 κρὰ
554 3715 778 3772 δύναται
806 3715 1060 3787 γενέσθαι
1096 3714 1167 3769 τὰ
1204 3715 1477 3787 μηδέποτε
1528 3715 1790 3786 ζήσαντα)
1837 3731 2004 3785 προσ-

415 3808 628 3882 κυνητὰ
671 3808 1105 3881 παρεισάγουσι,
1165 3807 1258 3861 διὰ
1325 3809 1689 3878 μοιχευσάσης
1746 3807 2004 3871 διανοίας,

416 3902 527 3955 ἀπὸ
574 3900 670 3955 τοῦ
725 3902 843 3965 ἐνὸς
891 3902 985 3956 καὶ
1042 3901 1202 3972 μόνου
1251 3900 1416 3955 Θεοῦ·
1468 3902 1545 3965 ὡς
1593 3905 1625 3973 ἡ
1694 3902 2007 3967 πολύκοινος

416 3992 592 4065 πόρνη
625 3994 718 4046 ἐπὶ
753 3992 952 4064 πολλὴν
991 3992 1221 4046 ἀτοπίαν
1275 3992 1601 4063 πολυμιξίας
1643 3994 2004 4064 ἐρεθισθεῖσα,

416 4082 512 4136 καὶ
551 4081 614 4136 τὸ
662 4082 875 4154 σῶφρον
915 4083 1337 4156 ἀποτριψαμένη
1383 4082 1483 4154 τῆς
1532 4083 1626 4137 τοῦ
1664 4085 1782 4148 ἑνὸς
1815 4085 2008 4158 ἀνδρὸς

417 4172 693 4244 εὐνομίας.
721 4172 830 4227 Ναὶ
859 4173 967 4245 μὴν
1012 4175 1167 4244 ἆγιον
1194 4170 1263 4246 ἦν
1293 4175 1356 4229 τὸ
1407 4175 1567 4247 σῶμα
1618 4177 1717 4248 τῆς
1759 4178 2004 4252 Μαρίας’

415 4266 478 4320 ού
511 4265 619 4338 μὴν
662 4267 806 4329 θεός.
841 4267 949 4320 Ναὶ
988 4266 1054 4339 δὴ
1090 4268 1358 4340 παρθένος
1402 4264 1471 4340 ἦν
1511 4272 1544 4341 ἡ
1597 4269 1875 4341 Παρθένος
1915 4271 2006 4324 καὶ

414 4370 778 4431 τετιμημενη,
809 4357 926 4413 ἀλλ’
954 4359 1056 4414 οὐκ
1088 4361 1171 4423 είς
1207 4360 1582 4432 προσκύνησιν
1608 4364 1742 4433 ἡμῖν
1768 4362 2003 4421 δοθεῖσα.

2091 1877 2213 1917 rum
2245 1878 2366 1933 quae
2392 1862 2771 1934 perﬁciuntur,
2800 1867 3041 1924 ministri
3083 1868 3215 1923 sint.
3257 1867 3540 1926 Undenam
3579 1870 3683 1942 igi—

2093 1962 2183 2009 tur
2211 1971 2405 2013 recens
2436 1956 2528 2012 illa
2569 1958 2730 2014 nobis
2763 1969 2848 2014 est
2874 1960 3112 2015 excitata
3155 1960 3371 2018 fabula?
3403 1960 3561 2019 Unde
3591 1963 3682 2020 hic

2094 2048 2392 2104 mulierum
2422 2047 2621 2114 fastus,
2657 2050 2742 2107 vel
2768 2051 3057 2108 muliebris
3083 2054 3266 2124 potius
3297 2053 3492 2118 furor?
3526 2053 3682 2111 Unde

2094 2151 2227 2192 vero
2253 2138 2498 2206 nequitia
2524 2140 2637 2202 illa,
2664 2155 2831 2211 quam
2855 2142 3038 2199 denuo
3059 2144 3257 2200 mulier
3278 2145 3377 2199 alit
3421 2160 3488 2201 ac
3511 2144 3679 2209 fovet,

2096 2230 2472 2286 effeminatum
2507 2231 2652 2285 istud
2690 2231 2887 2304 dogma
2930 2234 3131 2291 animis
3177 2236 3462 2292 hominum
3504 2237 3687 2295 instil-

2099 2321 2240 2382 lans,
2279 2335 2344 2374 ac
2373 2319 2655 2376 libidinem
2684 2336 2841 2377 suam
2867 2338 3199 2394 exsequens,
3231 2324 3437 2382 infelici
3465 2328 3683 2399 generis

2100 2411 2326 2467 humani
2362 2420 2574 2468 natura:
2608 2412 2717 2467 vim
2758 2412 2963 2470 inferre
3006 2425 3273 2483 conatur,
3318 2425 3376 2473 ut
3417 2433 3447 2472 a
3482 2420 3687 2491 propo-

2100 2504 2208 2559 sito
2258 2519 2429 2576 scopo
2480 2505 2783 2562 desciscat?
2837 2506 2944 2564 Sed
2983 2524 3085 2565 nos
3126 2508 3250 2566 Jobi
3290 2512 3518 2581 spiritus
3560 2514 3688 2570 illos

2094 2597 2287 2653 animo
2314 2599 2619 2670 capiamus,
2643 2608 2697 2654 et
2726 2600 2942 2657 athleta:
2970 2602 3259 2659 fortissimi
3319 2605 3514 2662 robore
3533 2608 3686 2663 velut

2103 2690 2273 2747 armis
2309 2690 2621 2758 induamur,
2654 2707 2719 2747 ac
2762 2709 3031 2764 responso
3064 2696 3214 2753 illius
3259 2707 3517 2756 utamur:
3545 2700 3688 2756 Tan-

2104 2798 2263 2853 quam
2300 2800 2408 2838 una
2445 2800 2474 2839 ε
2497 2785 2709 2840 stolidis
2741 2787 3051 2843 mulieribus
3075 2790 3255 2845 locuta
3277 2808 3332 2846 es
3357 2796 3400 2847 ².

2178 2875 2391 2932 Etenim
2437 2894 2621 2934 nonne
2668 2877 2939 2937 furiosum
2971 2881 3102 2938 illud
3153 2897 3219 2937 ac
3257 2885 3526 2942 vecordiae
3575 2887 3691 2958 ple—

2107 2983 2239 3043 num
2274 2967 2471 3041 dogma
2505 2969 2781 3027 videbitur
2814 2971 2884 3027 iis
2913 2972 3005 3043 qui
3042 2974 3307 3030 divinitus
3345 2986 3567 3049 accepta
3602 2994 3692 3036 sa-

2110 3062 2313 3132 pientia
2352 3063 2564 3133 prediti
2602 3064 2769 3120 sunt?
2810 3064 3001 3121 Nonne
3048 3067 3358 3124 institutum
3398 3071 3532 3126 illud
3562 3086 3690 3128 cum

2108 3156 2413 3211 idololatria
2493 3158 2889 3228 conjunctum,
2961 3174 3024 3213 ac
3088 3160 3394 3217 diabolicus
3459 3171 3692 3220 conatus

2105 3251 2507 3307 existimandus
2541 3250 2822 3308 cst?Nam
2872 3252 3123 3307 diabolus
3162 3254 3265 3308 sub
3294 3254 3525 3323 iustitiae
3565 3271 3691 3327 spe-

2106 3346 2192 3399 cie
2215 3353 2481 3415 perpetuo
2509 3345 2791 3400 hominum
2829 3345 3105 3402 mentibus
3130 3347 3419 3416 obrepens,
3450 3362 3516 3404 ac
3544 3362 3692 3404 mor-

2108 3437 2270 3490 talem
2308 3444 2562 3491 naturam
2611 3436 2814 3492 divinis
2850 3438 3153 3492 honoribus
3200 3453 3557 3507 consecrans,
3587 3441 3694 3497 hu-

2109 3543 2300 3583 manas
2325 3527 2533 3600 eﬂigies
2559 3529 2915 3584 artiﬁciorum
2950 3531 3212 3585 varietate
3261 3533 3558 3602 perpolitae
3589 3534 3692 3588 ho-

2110 3623 2317 3677 minum
2368 3623 2546 3677 oculis
2595 3622 2819 3691 obiecit.
2872 3620 3054 3689 Quare
3120 3639 3244 3678 cum
3299 3624 3376 3677 illi
3423 3625 3549 3696 ipsi,
3597 3625 3693 3697 qui

2109 3716 2432 3779 adorantur,
2469 3715 2665 3768 mortui
2719 3715 2850 3780 sint,
2890 3730 3081 3771 eorum
3132 3724 3315 3771 tamen
3375 3718 3691 3784 simulacra,

2109 3825 2232 3879 qua).
2276 3810 2401 3863 vitae
2457 3808 2592 3863 nihil
2653 3823 2893 3879 unquam
2946 3809 3253 3887 habuerunt.
3298 3810 3500 3882 (neque
3546 3812 3694 3867 enim

2110 3909 2324 3955 mortua
2359 3901 2466 3954 dici
2501 3910 2731 3971 possunt
2772 3902 2881 3964 illa,
2926 3917 3047 3971 quas
3092 3918 3373 3973 nunquam
3408 3903 3518 3958 vita
3557 3918 3697 3974 pra-

2110 3994 2225 4049 dila
2267 3993 2825 4067 l'uerunll;adoranda
2878 4004 3209 4067 proponunt,
3251 3997 3331 4051 sic
3377 4005 3437 4050 ut
3475 3999 3694 4054 animus

2112 4087 2396 4141 hominum
2453 4089 2522 4141 ah
2576 4104 2686 4140 uno
2744 4089 2970 4157 soloque
3035 4088 3142 4142 Deo
3195 4087 3406 4142 nefario
3447 4088 3689 4158 quodam

2111 4182 2384 4237 adulterio
2438 4183 2709 4238 desciscat
2741 4202 2752 4237 :
2783 4182 2928 4237 velut
2982 4183 3262 4244 meretrix,
3295 4197 3417 4252 quae
3462 4197 3696 4254 corpore

2112 4290 2214 4329 suo
2243 4284 2511 4346 quaestum
2553 4276 2760 4330 iaciens
2814 4275 3209 4343 multiplicibus
3235 4275 3567 4346 promiscum
3599 4289 3692 4330 ve-

2113 4369 2263 4424 neris
2294 4368 2534 4422 stimulis
2564 4367 2775 4440 agitur,
2818 4378 2871 4422 et
2903 4366 3065 4423 unius
3117 4382 3179 4421 ac
3226 4366 3450 4437 legitimi
3501 4365 3697 4424 matri-

416 4451 555 4511 ἀλλὰ
585 4451 965 4523 προσκυνοῦσα
1009 4451 1102 4507 τὸν
1147 4452 1208 4518 ἐξ
1259 4453 1432 4524 αὐτῆς
1459 4455 1625 4526 σαρκὶ
1670 4457 2000 4526 γεγεννημέ-

2117 4463 2283 4516 monii
2340 4462 2656 4515 castitatem
2696 4462 2963 4531 repudiat.
3029 4458 3290 4514 Sanctum
3341 4466 3458 4515 erat
3513 4459 3707 4516 Mariae

418 4561 528 4610 νον,
553 4544 664 4600 ἀπὸ
690 4545 936 4617 οὐρανῶν
963 4545 1021 4599 δὲ
1048 4548 1114 4601 ὲκ
1139 4544 1354 4600 κόλπων
1390 4547 1659 4619 πατρῴων
1697 4551 2005 4621 παραγενό-

422 4654 601 4708 μενον.
636 4638 746 4692 Καὶ
783 4638 873 4694 διὰ
904 4638 1063 4693 τοῦτο
1104 4640 1167 4693 τὸ
1206 4636 1541 4710 Εὐαγγέλιω
1572 4642 2002 4712 ὲπασφαλίςεται

418 4732 587 4802 ἡμᾶς,
634 4730 813 4801 λέγον,
861 4731 1025 4786 αὐτοῦ
1082 4733 1177 4788 τοῦ
1229 4734 1432 4805 Κυρίου
1484 4736 1775 4808 φήσαντος,
1812 4739 1892 4791 ότι
1944 4741 2006 4793 Τί

417 4822 549 4891 ἐμοὶ
588 4821 707 4877 καῖ’
730 4824 850 4888 σοί,
881 4826 1088 4895 rurae;
1119 4826 1297 4880 Οὔπω
1324 4826 1458 4895 ἥκει
1486 4830 1525 4897 ἡ
1563 4828 1684 4897 ὥρα
1708 4849 1850 4901 μου.
1887 4832 2006 4886 Ἰνα

420 4914 532 4971 ἀπὺ
554 4914 670 4981 τοῦ,
694 4918 906 4984 Γύναι,
934 4918 992 4971 τί
1023 4918 1151 4988 ἐμοὶ
1193 4919 1292 4972 καὶ
1342 4921 1483 4985 σοί;
1537 4924 1610 4994 μή
1654 4940 1802 4988 τινες
1851 4925 2005 4995 νομί-

424 5025 558 5063 σωσι
607 5013 993 5083 περισσότερον
1040 5007 1181 5066 εἶναι
1217 5013 1315 5084 τὴν
1366 5014 1530 5082 ἁγίαν
1581 5016 1873 5090 Παρθένον,
1906 5037 2007 5085 γυ-

421 5101 586 5155 ναῖκα
630 5099 836 5171 ταύτην
878 5100 1169 5174 κέκληκεν,
1199 5102 1276 5166 ὡς
1320 5105 1701 5175 προφητεύων,
1728 5108 1838 5161 τῶν
1881 5111 2008 5179 μελ-

421 5189 626 5247 λόντων
655 5190 872 5246 ισεσθαι
893 5192 995 5246 ’ἐπὶ
1024 5193 1124 5265 τῆς
1150 5193 1256 5264 γῆς
1285 5196 1600 5265 σχισμάτων
1637 5216 1696 5252 τε
1736 5200 1830 5254 καὶ
1858 5201 2010 5272 αἰρέ-

423 5300 563 5340 σεων
590 5284 786 5357 χάριν·
824 5285 910 5340 ἵνα
960 5286 1038 5357 μή
1094 5302 1260 5350 τινες,
1296 5288 1569 5360 ὑπερϐολῇ
1628 5290 2008 5362 θαυμάσαντες

419 5374 520 5449 τὴν
567 5375 751 5447 ἁγίαν,
797 5379 879 5442 είς
928 5377 1084 5433 τοῦτο
1125 5380 1440 5434 ύποπέσωσι
1484 5383 1584 5453 τῆς
1629 5384 1894 5455 αἱρέσεως
1950 5388 2011 5440 τδ

420 5468 687 5544 ληρολόγη
697 5490 791 5545 μα·

2115 4571 2335 4627 corpus,
2363 4556 2534 4611 fateor
2560 4572 2575 4610 :
2605 4569 2712 4610 non
2750 4565 2930 4610 tamen
2962 4555 3110 4609 deus
3142 4554 3229 4607 illa
3264 4554 3382 4609 fuit.
3419 4553 3617 4610 Eadem
3644 4565 3701 4611 et

2116 4653 2266 4720 virgo
2314 4651 2557 4714 cvstitit,
2627 4649 2854 4702 minime
2893 4656 3071 4700 tamen
3129 4648 3288 4702 nobis
3348 4647 3413 4702 ad
3464 4648 3703 4704 adorano-

2116 4745 2245 4800 dum
2278 4744 2574 4815 proposita,
2607 4742 2700 4798 sed
2736 4756 2860 4795 eum
2893 4740 3134 4798 adorans"
3165 4741 3366 4812 ipsum,
3388 4741 3481 4813 qui
3530 4757 3563 4798 e
3601 4757 3700 4798 sua

2117 4853 2281 4894 carne
2304 4838 2542 4910 genitus,
2575 4852 2606 4892 e
2640 4836 2779 4892 caelo
2806 4851 2870 4890 ac
2904 4842 3134 4906 paterno
3166 4835 3290 4889 sinu
3312 4833 3698 4891 descenderat.

2118 4932 2297 4997 Quare
2325 4938 2575 4985 sanctum
2605 4941 2823 5000 quoque
2858 4940 2958 4981 nos
2993 4925 3342 4995 Evangelium
3372 4926 3701 4996 praemunire

2116 5025 2311 5088 voluit,
2349 5024 2403 5079 in
2433 5038 2543 5094 quo
2577 5024 2650 5077 ita
2675 5021 2929 5077 Christus
2981 5020 3222 5090 loquitur
3257 5037 3270 5072 :
3309 5018 3453 5085 Quid
3486 5018 3616 5073 mihi
3652 5033 3700 5072 et

2119 5116 2235 5179 tibi,
2282 5114 2511 5170 mulier?
2562 5111 2813 5167 Nondum
2860 5113 2996 5167 venit
3053 5113 3185 5165 hora
3236 5127 3351 5165 mea
3386 5110 3429 5163 ³.
3471 5107 3573 5166 Ubi
3618 5111 3703 5165 id-

2118 5208 2266 5263 circo
2318 5206 2600 5262 mulierem
2653 5204 2985 5275 appellavit:
3022 5204 3162 5269 Quid
3215 5204 3364 5270 mihi,
3417 5202 3620 5274 inquit,
3651 5213 3701 5257 et

2117 5299 2233 5365 tibi,
2265 5299 2490 5355 mulier?
2518 5313 2585 5353 ne
2611 5297 2736 5368 quis
2764 5297 2825 5351 B.
2861 5295 3138 5367 Virginem
3171 5295 3578 5352 excellentioris
3610 5294 3703 5347 ali-

2120 5394 2279 5464 cujus
2309 5408 2432 5449 esse
2482 5401 2693 5447 natura:
2736 5390 3005 5459 crederet,
3038 5405 3213 5462 eoque
3245 5389 3513 5445 vocabulo
3542 5388 3702 5459 quasi

2119 5486 2426 5541 vaticinans
2477 5485 2543 5539 ad
2574 5499 2636 5541 ea
2669 5484 2971 5541 schismata
2998 5484 3344 5554 heresesquc
3381 5480 3701 5537 refutandas

420 5583 559 5624 usus
590 5578 695 5633 est,
730 5586 871 5642 quas
910 5573 968 5627 in
1010 5574 1144 5629 urbe
1192 5582 1463 5630 terrarum
1517 5576 1645 5631 olim
1723 5579 2048 5638 excitandas
2089 5589 2425 5654 cognoverat
2468 5600 2481 5634 :
2530 5595 2692 5636 nemo
2742 5589 2801 5634 ut
2842 5586 3208 5635 sacrosancta:
3260 5574 3500 5647 Virginis
3545 5572 3704 5628 vehe-

421 5663 671 5719 mentiori
725 5666 961 5745 quadam
1020 5668 1384 5723 admiratione
1432 5669 1644 5742 1062
1701 5682 1981 5729 permotus
2021 5691 2144 5733 sese
2175 5677 2239 5732 ad
2272 5676 2419 5732 illius
2462 5675 2685 5731 heresis
2737 5690 2912 5747 nugas
2965 5689 3029 5729 ac
3080 5673 3270 5728 deliria
3333 5673 3702 5726 converteret.

494 5825 508 5855 ³
548 5825 722 5879 lCor.
763 5843 872 5882 xiv.
902 5827 990 5880 ⁸54.
1089 5830 1108 5858 ⁸
1143 5826 1244 5881 Job
1278 5843 1337 5887 ιι,
1374 5828 1459 5883 t0.
1540 5832 1559 5861 ³
1588 5827 1744 5886 Joan.
1784 5848 1845 5898 ιι,
1885 5834 1940 5888 Δ.

740 5922 1013 5981 ΡΑτιιοι.
1052 5920 1170 5981 Gn.
1207 5918 1398 5995 XLIL
3340 5919 3416 5980 24
