4134 6392
474 360 579 420 7ιῖ

1911 356 1968 413 S.
2009 351 2350 410 EPIPIIANII

3654 345 3757 405 74!!

546 480 613 540 Ὗ.
657 481 751 537 Est
777 481 921 538 enim
955 490 1069 536 tota
1110 482 1215 534 ista
1264 479 1509 534 narratio
1547 493 1679 533 sane
1723 495 1886 549 quam
1934 477 2065 530 ridi-

2242 471 2317 526 E’.
2357 470 2568 541 Χλεύης
2608 472 2714 541 γάρ
2749 471 2864 522 ἐστι
2895 469 2956 522 τὸ
2980 471 3109 533 πᾶν,
3159 468 3254 522 καὶ
3295 468 3480 540 γραῶν
3511 469 3540 520 6
3567 464 3760 538 μῦθος,

476 577 625 638 cula.
677 587 730 630 et
778 574 1121 629 anicularum
1179 572 1559 626 lucubratione
1607 571 1791 640 digna.
1851 569 2065 623 Etenim

481 683 720 738 quanam
761 667 813 718 in
857 662 1152 734 Scriptura:
1200 667 1355 732 parte
1391 661 1743 715 continetur?
1774 657 1908 724 Quis
1941 672 2066 727 pro-

477 759 761 830 phetarum
812 770 1050 824 unquam
1110 754 1193 810 vel
1229 752 1503 806 hominem
1558 749 1810 814 adorari,
1861 747 2062 802 nedum

483 849 767 904 mulierem
840 845 1128 918 permisit?
1186 847 1508 914 Quanquam
1570 841 1716 896 enim
1800 839 2061 895 selectum

475 942 750 1013 quoddam
807 955 903 996 vas
975 949 1138 1011 atque
1199 939 1462 994 eximium
1534 936 1641 999 sit,
1709 934 2065 988 nihilominus

475 1035 673 1091 mulier
698 1042 803 1096 est,
840 1032 1198 1102 ejusdemque
1246 1045 1373 1084 cum
1433 1028 1647 1085 exteris
1682 1035 1912 1090 naturae,
1944 1026 2069 1080 licet

475 1128 661 1181 animo
689 1133 880 1196 «atque
934 1139 1098 1179 sensu
1145 1122 1501 1193 amplissimis
1540 1121 1840 1175 honoribus
1875 1117 2068 1173 atIecta

475 1221 548 1274 sit
573 1235 587 1281 ;
619 1220 846 1289 perinde
873 1234 936 1273 ac
966 1217 1301 1288 reliquorum
1327 1223 1640 1272 sanctorum
1682 1226 1939 1284 corpora,
1974 1219 2067 1266 aut

475 1316 523 1369 si
573 1313 703 1383 quid
741 1312 808 1366 ad
859 1311 1088 1382 gloriam
1136 1325 1200 1364 ac
1235 1307 1583 1379 splendorem
1619 1306 1891 1360 illustrius
1924 1312 2068 1360 attu-

475 1398 610 1454 lero.
649 1395 1120 1462 Quemadmodum
1153 1391 1321 1457 Elias,
1353 1393 1448 1463 qui
1490 1393 1558 1446 ab
1593 1398 1716 1446 ortu
1765 1405 1866 1444 suo
1897 1390 2066 1457 virgi-

477 1492 702 1546 nitatem
763 1499 1025 1557 perpetuo
1074 1486 1333 1546 servavit.
1378 1494 1434 1541 et
1489 1485 1542 1540 in
1590 1486 1790 1539 ctelum
1844 1491 2067 1538 evectus

475 1591 560 1637 est
580 1581 615 1634 ⁸.
649 1579 718 1634 Ut
757 1577 998 1634 Joannes
1033 1585 1242 1648 postea,
1274 1577 1367 1645 qui
1410 1577 1463 1631 in
1509 1585 1701 1646 pectus
1735 1573 1949 1630 Domini
1982 1589 2067 1629 re-

477 1675 738 1736 cubuit’,
781 1687 943 1742 quem
996 1671 1256 1741 diligebat
1298 1668 1460 1725 Jesus
1497 1669 1536 1723 ³.
1595 1667 1662 1724 Ut
1709 1669 2065 1724 sanctissima

483 1767 575 1820 illa
608 1763 806 1820 Thecla
834 1781 849 1819 :
877 1765 963 1818 cui
1002 1771 1184 1817 tamen
1217 1764 1374 1833 longe
1416 1770 1501 1818 est
1543 1760 1921 1832 anteponenda
1950 1758 2064 1812 Ma-

2173 565 2248 626 ὡς
2283 565 2476 624 εἰπεῖν,
2513 563 2610 632 τῆς
2659 562 2920 633 αἱρέσεως
2969 562 3028 614 τὸ
3076 563 3342 633 διήγημα.
3400 561 3536 614 Ποῖα
3581 561 3639 614 δέ
3675 577 3758 625 τις

2173 654 2362 726 Γραφὴ
2425 654 2724 724 διηγήσατο
2779 653 2907 722 περὶ
2967 653 3187 710 τούτου;
3246 652 3404 714 Ποῖος
3467 650 3759 724 προφητῶν

2173 746 2471 818 ἐπέτρεψεν
2524 745 2810 816 ἄνθρωπον
2867 743 3329 816 προσκυνεῖσθαι,
3393 743 3453 795 οὑ
3505 743 3611 814 μὴν
3659 758 3757 813 γυ-

2173 843 2335 893 ναῖκα
2362 838 2582 906 λέγειν;
2631 836 2938 909 Ἑξαίρετον
2993 836 3092 906 μὲν
3139 837 3247 907 γάρ
3290 839 3406 889 ἐστι
3438 835 3498 888 τὸ
3545 833 3757 898 σκεῦος,

2172 933 2308 985 ἀλλὰ
2333 931 2491 1002 γυνὴ,
2524 931 2616 983 καὶ
2646 930 2800 983 οὐδὲν
2838 930 2936 1001 τὴν
2969 929 3128 998 φύσιν
3176 927 3628 999 παρηλλαγμένη,
3662 925 3759 999 τὴν

2171 1025 2229 1078 δὲ
2290 1023 2516 1094 γνώμην
2544 1025 2638 1075 καὶ
2685 1022 2783 1092 τὴν
2817 1021 3070 1092 αἴσθησιν
3112 1023 3168 1074 ἐν
3224 1023 3355 1092 τιμῇ
3400 1020 3758 1092 τετιμημένη,

2173 1117 2364 1189 ὥσπερ
2391 1115 2460 1168 τὰ
2490 1114 2718 1186 σώματα
2746 1115 2855 1168 τῶν
2888 1115 3078 1184 ἁγίων,
3121 1115 3216 1168 καὶ
3267 1114 3320 1166 εἴ
3351 1132 3402 1166 τι
3446 1114 3762 1185 περισσότε-

2174 1227 2264 1281 ρον
2295 1209 2430 1280 πρὸς
2461 1206 2768 1276 δοξολογίαν
2809 1207 3051 1279 εἴποιμι’
3091 1207 3165 1270 ὡς
3214 1207 3397 1271 Ἠλίας
3444 1210 3508 1262 ἐκ
3559 1207 3763 1280 μητρὸς

2177 1300 2463 1372 παρθένος,
2497 1301 2593 1354 καὶ
2623 1299 2768 1354 οὓτω
2799 1300 2973 1370 μένων
3004 1301 3084 1364 είς
3125 1300 3186 1354 τὸ
3213 1299 3477 1372 διηνεκὲς,
3504 1301 3601 1354 καὶ
3633 1302 3763 1355 ἀνα-

2176 1393 2603 1464 λαμϐανόμενος,
2634 1392 2861 1446 θάνατον
2888 1390 2946 1444 δὲ
2977 1392 3076 1462 οὐχ
3105 1389 3395 1462 ἑωρακώςο
3419 1391 3494 1454 ὼς
3521 1392 3552 1441 6
3585 1389 3765 1445 Ἰωάν-

2173 1503 2290 1556 νης,
2316 1489 2344 1539 6
2371 1485 2464 1538 ἐπὶ
2489 1486 2549 1538 τὸ
2584 1484 2780 1556 στῆθος
2806 1484 2899 1538 τοῦ
2927 1483 3129 1554 Κυρίου
3156 1483 3465 1548 ἀναπεσὼν,
3492 1483 3551 1536 ὃν
3575 1484 3764 1552 ἠγάπα

2169 1581 2198 1631 6
2240 1577 2482 1648 Ἰησοῦς’
2537 1577 2614 1641 ὡς
2665 1575 2844 1630 Θέκλα
2889 1577 2922 1646 ἠ
2970 1576 3122 1644 ἁγία,
3158 1577 3255 1629 κα)¹
3310 1574 3498 1648 Μαρία
3549 1576 3582 1644 ή
3621 1576 3714 1627 ἐπὶ
3741 1575 3763 1604 ⁸

2171 1670 2373 1740 ταύτης
2420 1669 2719 1740 τιμιωτέρα
2777 1668 2843 1720 δι’
2906 1667 2974 1738 ἢν
3029 1667 3363 1737 κατηξίωται
3427 1666 3762 1736 οἰκονομίαν.

2189 1760 2325 1813 Ἀλλ’
2382 1758 2505 1812 οὔτε
2547 1759 2734 1822 Ἠλίας
2787 1759 3180 1828 προσκυνητὸς,
3231 1757 3433 1828 καίπερ
3487 1757 3544 1808 ὲν
3601 1753 3764 1818 ζῶσιν

477 1860 583 1922 ria,
634 1859 705 1914 ob
760 1858 983 1912 caaleste
1037 1854 1170 1909 illud
1219 1854 1571 1925 mysterium.
1624 1851 1774 1922 quod
1837 1852 1894 1906 in
1949 1851 2068 1920 ejus

2175 1852 2278 1906 ὢν·
2306 1850 2430 1905 οῐτε
2470 1851 2722 1921 Ἰωάννης
2747 1850 3142 1927 προσκυνητὸς.
3178 1847 3355 1902 καίτοι
3390 1865 3454 1916 γε
3493 1845 3580 1900 διὰ
3631 1847 3764 1912 ἰδίας

475 1959 637 2008 utero
681 1949 983 2020 perfectum
1034 1956 1135 2004 est.
1190 1947 1352 2016 Atqui
1400 1961 1499 2000 nec
1557 1943 1702 1998 Elias
1753 1943 2068 1998 adorandus

474 2055 583 2112 est,
611 2046 829 2101 tametsi
863 2043 1043 2097 adhuc
1082 2049 1364 2110 superstes
1417 2039 1528 2103 sit;
1586 2053 1762 2108 neque
1804 2034 2065 2096 Joannes.

477 2135 607 2192 licet
640 2135 896 2206 precibus
931 2139 1162 2186 mortem
1191 2144 1347 2185 suam
1381 2127 1759 2183 admirabilem
1790 2142 1856 2181 ac
1884 2124 2068 2194 singu-

479 2227 648 2281 larem
674 2222 934 2285 olfecerit,
981 2221 1065 2274 vel
1122 2219 1174 2273 id
1230 2219 1409 2288 potius
1462 2215 1650 2268 divino
1698 2213 1770 2268 sit
1806 2211 2068 2267 beneficio

480 2321 836 2372 consecutus.
865 2310 970 2366 Sed
1013 2325 1113 2365 nec
1146 2307 1370 2370 Thecla,
1410 2312 1505 2359 aut
1558 2305 1699 2358 alius
1739 2303 2009 2374 quispiam
2037 2317 2067 2355 e

478 2407 688 2463 sanctis
723 2405 1004 2461 adoratur.
1045 2401 1164 2457 Non
1195 2402 1340 2455 enim
1374 2408 1530 2454 vetus
1562 2397 1723 2452 nobis
1750 2395 2068 2466 superstitio

477 2497 874 2562 dominabitur,
908 2503 988 2558 ut,
1021 2495 1141 2548 vivo
1173 2492 1282 2548 Deo
1317 2490 1600 2554 derelicto,
1631 2504 1753 2558 quae
1791 2489 1860 2541 ab
1889 2501 1955 2542 eo
1991 2486 2067 2540 ia-

479 2589 688 2644 bricata
732 2597 861 2642 sunt
901 2585 1132 2640 adorare
1177 2583 1450 2640 velimus:
1491 2581 1792 2636 Serviertmt
1826 2619 1841 2644 ,
1867 2580 2065 2650 inquit,

477 2692 528 2733 et
552 2681 783 2736 vertenti
813 2690 934 2734 sunt
979 2687 1279 2732 creaturam
1327 2681 1502 2744 potius
1541 2690 1700 2743 quam
1740 2671 2066 2737 Creatorem,

421 2826 426 2830 .
476 2785 528 2832 ct
557 2773 697 2844 fatui
728 2772 921 2826 redditi
949 2780 1070 2824 sunt
1106 2770 1147 2822 ’⁵.
1180 2766 1316 2824 Nam
1363 2768 1409 2822 si
1469 2782 1536 2820 ne
1581 2766 1804 2835 angelos
1849 2764 2067 2834 quidem

483 2866 704 2922 adorari
735 2863 1019 2937 permittit,
1055 2869 1264 2933 quanto
1294 2861 1476 2916 minus
1513 2858 1563 2913 id
1604 2860 1772 2913 Annae
1813 2858 1934 2912 tilia:
1969 2859 2067 2912 tri-

481 2957 574 3013 bui
606 2955 942 3011 concesserit
979 2993 993 3018 ,
1041 2966 1205 3023 quam
1237 2949 1314 3005 illi
1357 2965 1388 3005 e
1422 2947 1668 3004 Joacimo
1718 2948 1808 3002 Dei
1853 2950 2068 3003 bonitas

478 3046 740 3104 indulsit?
795 3059 958 3114 quam
1019 3043 1275 3114 precibus
1345 3040 1604 3109 omnique
1657 3038 1825 3092 animi
1886 3039 2068 3094 studio

477 3154 545 3194 ac
573 3140 927 3192 contentione
983 3147 1183 3204 parens
1213 3143 1446 3200 uterque
1491 3129 1828 3200 promeruit?
1870 3129 1943 3182 ita
1986 3137 2068 3182 ta-

2175 1944 2341 2014 εὑχῆς
2372 1944 2470 2014 τὴν
2519 1944 2775 2014 κοίμησιν
2824 1939 2991 1996 αὑτοῦ
3031 1939 3336 2012 ἔκπληκτον
3369 1938 3763 2009 ἀπεργασάμε-

2177 2055 2283 2101 νος,
2322 2036 2520 2106 μᾶλλον
2560 2035 2614 2089 δὲ
2651 2038 2714 2090 ικ
2739 2035 2876 2088 Θεοῦ
2917 2033 3097 2088 λαϐὼν
3131 2033 3228 2104 τὴν
3266 2032 3424 2104 χάριν
3444 2048 3456 2060 °
3490 2031 3606 2085 ἀλλ’
3640 2029 3762 2084 οὔτε

2175 2133 2206 2200 ἠ
2240 2128 2436 2190 Θέκλα,
2471 2126 2590 2180 οὗτε
2625 2145 2706 2192 τις
2740 2124 2847 2180 τῶν
2878 2126 3047 2195 ἁγίων
3077 2127 3479 2196 προσκυνεῖται.
3513 2125 3589 2177 Οὐ
3655 2127 3764 2196 γὰρ

2176 2221 2453 2294 κυριεύσει
2519 2220 2676 2293 ἡμῶν
2721 2224 2754 2292 ἡ
2806 2221 3009 2291 ἀρχαία
3062 2220 3260 2290 πλάνη,
3325 2218 3760 2289 καταλιμπάνειν

2177 2315 2266 2368 τὸν
2300 2314 2499 2379 ζῶντα,
2526 2314 2620 2367 καὶ
2659 2316 2984 2384 προσκυνεῖν
3024 2311 3093 2366 τὰ
3133 2311 3225 2366 ὑπ’
3270 2310 3432 2366 αὐτοῦ
3482 2311 3761 2380 γεγονότα·

2189 2406 2589 2474 Ἐλάτρευσαν
2637 2406 2764 2478 γὰρ,
2823 2407 2920 2460 καὶ
2973 2405 3402 2472 ἐσεϐάσθησαν
3443 2403 3518 2472 τῇ
3573 2405 3765 2458 κτίσει

2175 2498 2336 2568 παρὰ
2379 2497 2486 2552 τὸν
2533 2498 2843 2560 κτίσαντα,
2894 2496 2992 2551 καὶ
3032 2495 3485 2566 ἐμωράνθησαν.
3539 2498 3603 2550 Et
3658 2499 3766 2568 γὰρ

2174 2591 2439 2660 ἀγγέλους
2473 2589 2897 2661 προσκυνεῖσθαι
2931 2590 2992 2642 οὐ
3023 2587 3189 2652 θέλει,
3235 2589 3387 2659 πόσῳ
3440 2589 3640 2659 μᾶλλον
3669 2589 3768 2662 τὴν

2173 2681 2281 2734 ἀπὸ
2315 2683 2514 2750 Ἂννης
2548 2679 2973 2750 γεγεννημένην,
3018 2679 3117 2751 τὴν
3156 2681 3219 2732 ἐκ
3261 2679 3355 2733 τοῦ
3409 2682 3663 2751 ἰωακεὶμ
3698 2685 3764 2752 τῇ

2179 2771 2347 2841 Ἀννῃ
2378 2769 2783 2840 δεδωρημένην,
2810 2768 2910 2840 τὴν
2942 2769 3008 2822 δι’
3035 2767 3200 2839 εὐχῆς
3231 2770 3326 2821 καὶ
3362 2769 3542 2840 πάσης
3568 2771 3764 2838 ἐπιμε-

2173 2863 2322 2925 λείας
2356 2862 2498 2916 κατά
2545 2860 2879 2930 ἐπαγγελίαν
2929 2861 3099 2932 πατρὶ
3149 2861 3243 2914 καὶ
3299 2861 3468 2932 μητρὶ
3499 2861 3764 2924 δοθεῖσαν,

2173 2955 2235 3008 οὺ
2273 2955 2372 3025 μὲν
2405 2954 2607 3025 ἑτέρως
2635 2952 3045 3024 γεγεννημένην
3083 2951 3232 3024 παρά
3277 2953 3376 3024 τὴν
3411 2953 3517 3006 τῶν
3561 2954 3766 3025 ἀνθρώ-

2176 3065 2292 3100 πων
2323 3051 2506 3116 φύσιν,
2546 3044 2702 3110 ἀλλὰ,
2741 3043 2922 3108 καθὼς
2963 3046 3183 3109 πάντες,
3226 3047 3290 3098 ὲκ
3320 3045 3636 3117 σπέρματος
3668 3046 3764 3098 ἀν-

2173 3139 2296 3210 δρὸς
2327 3138 2422 3192 καὶ
2451 3138 2662 3208 μήτρας
2692 3136 2983 3204 γυναικός;
3012 3137 3078 3191 Εἰ
3107 3136 3214 3209 γὰρ
3241 3138 3336 3190 καὶ
3363 3138 3395 3206 ή
3422 3137 3520 3208 τῆς
3547 3137 3768 3208 Μαρίας

483 3247 606 3286 men
636 3238 694 3284 ut
721 3245 828 3284 non
874 3227 1036 3281 aliam
1080 3240 1246 3296 quam
1297 3223 1478 3279 caueri
1514 3222 1775 3276 mortales
1807 3220 2068 3276 nascendi

2175 3231 2405 3300 ἱστορία,
2440 3231 2534 3282 καὶ¹
2564 3228 2890 3299 παραδόσεις
2921 3228 3158 3299 ἔχουσιν,
3199 3230 3281 3282 ὅτι
3314 3229 3515 3301 ἐρρέθη
3549 3229 3627 3298 τῷ
3661 3247 3768 3282 πα-

477 3322 848 3378 conditionem
881 3320 1152 3383 habuerit,
1183 3316 1300 3380 sed,
1336 3325 1394 3370 ut
1435 3315 1534 3380 illi,
1579 3330 1610 3370 e
1659 3314 1802 3368 virili
1844 3322 1967 3369 satu
2003 3328 2067 3368 ac

484 3418 672 3471 matris
705 3425 862 3469 utero
895 3413 1172 3482 prodierit.
1228 3410 1491 3477 Quamvis
1539 3416 1720 3462 autem
1763 3422 1830 3462 ex
1877 3407 2066 3460 Maria:

483 3508 714 3562 historia
746 3521 810 3560 ac
855 3505 1149 3560 traditione
1181 3501 1312 3557 illud
1343 3501 1629 3565 habeatur,
1660 3497 1908 3556 Joacimo
1944 3501 2065 3568 ejus

486 3601 622 3670 patri
667 3599 926 3653 divinitus
969 3597 1072 3649 hoc
1127 3595 1181 3648 in
1229 3593 1446 3648 deserto
1490 3596 1794 3646 nuntiatum
1847 3592 2061 3648 fuisse:

491 3713 508 3743 ι
527 3691 671 3746 Uxor
687 3701 776 3743 tua
797 3688 1082 3757 concepit;
1107 3706 1124 3737 ι
1147 3685 1342 3740 uonita
1361 3693 1538 3738 tamen
1559 3685 1936 3755 accipiendum
1958 3694 2060 3751 est,

485 3782 642 3852 quasi
662 3781 775 3834 hoc
807 3779 944 3833 citra
982 3777 1280 3846 nuptialem
1325 3774 1786 3830 consociationem
1827 3790 1890 3830 ac
1937 3775 2064 3830 viri-

486 3875 591 3930 lem
644 3879 824 3928 satum
875 3869 1154 3924 acciderit.
1203 3863 1405 3920 Verum
1451 3863 1597 3936 quod
1639 3865 1882 3919 futurum
1925 3875 2064 3929 erat,

2174 3324 2262 3393 τρὶ
2292 3322 2462 3391 αὐτῆς
2489 3322 2746 3392 Ίωακεὶμ
2786 3324 2842 3374 ὲν
2871 3324 2939 3392 τῇ
2969 3323 3183 3392 ἐρήμῳ,
3208 3322 3288 3374 ὅτι
3321 3339 3341 3373 ι
3388 3321 3452 3374 Ἡ
3501 3321 3640 3392 Γυνή
3673 3338 3765 3374 σου

2176 3413 2559 3482 συνειληφυῖα·
2595 3433 2614 3464 ι
2644 3413 2742 3482 οὑχ
2777 3413 2858 3465 ὅτι
2900 3413 3027 3466 ἄνευ
3056 3413 3312 3482 συζυγίας
3342 3412 3502 3465 τοῦτο
3529 3413 3766 3482 ἐγένετο,

2173 3506 2294 3559 οὐδὲ
2342 3507 2425 3559 ὃτι
2474 3506 2599 3560 ἄνευ
2650 3505 2965 3576 σπέρματος
3003 3503 3228 3575 ἀνδρόςο
3279 3503 3414 3557 ἀλλὰ
3459 3504 3522 3557 τὸ
3575 3505 3768 3575 μέλλον

2172 3598 2388 3651 ἔσεσθαι
2420 3596 2813 3669 προεθέσπιζεν
2851 3598 2880 3649 6
2921 3597 3151 3665 ἄγγελος
3195 3597 3539 3660 ἀποσταλεὶς,
3572 3597 3660 3650 ἵνα
3693 3599 3766 3668 μή

2168 3707 2250 3753 τις
2291 3689 2517 3760 γένηται
2543 3688 2841 3758 δισταγμδς
2873 3687 2959 3741 διὰ
2983 3688 3044 3740 τὸ
3085 3691 3142 3740 ὲν
3181 3688 3409 3760 ἀληθείᾳ
3435 3689 3768 3758 γεγεννημέ-

2171 3798 2280 3845 νον,
2316 3782 2409 3833 καὶ
2441 3781 2500 3833 τὸ
2539 3781 2604 3832 ὲκ
2631 3778 2766 3832 Θεοῦ
2807 3778 2906 3850 ήδη
2932 3779 3287 3849 τεταγμένον,
3326 3781 3420 3832 καὶ
3456 3779 3534 3850 τῷ
3572 3779 3767 3850 δικαίῳ

2174 3873 2499 3940 ὲπιγεγεννη
2509 3871 2688 3940 μένον.

488 3966 691 4019 missus
747 3977 777 4014 a
826 3959 934 4014 Deo
993 3952 1319 4028 signiﬁcavit
1365 3957 1634 4027 angelus,
1691 3971 1759 4012 ne
1808 3971 1915 4027 qua
2003 3957 2272 4015 dubitatio
2344 3961 2484 4014 foret
2555 3968 2777 4030 pr0ptcr
2831 3958 2984 4024 illud,
3030 3960 3176 4028 quod
3227 3976 3414 4013 revera
3479 3964 3532 4014 it:
3591 3961 3764 4016 lucem

487 4057 689 4111 editum
719 4065 773 4107 et
805 4069 835 4106 a
873 4051 981 4105 Deo
1019 4049 1378 4104 constitutum
1413 4063 1476 4102 ac
1511 4047 1662 4115 justo
1702 4047 1818 4101 viro
1852 4056 2041 4102 natum
2086 4050 2286 4104 fuerat.

563 4149 772 4220 1063
801 4146 888 4201 Vl.
911 4145 1054 4212 Quin
1070 4146 1245 4200 eidem
1269 4144 1345 4198 rei
1370 4159 1558 4198 sacras
1582 4142 1816 4198 Litteras
1834 4145 2075 4214 adstipu-

493 4242 876 4297 larividemus.
901 4237 1222 4293 Namlsaias
1247 4237 1314 4292 de
1336 4234 1474 4290 Filio
1492 4233 1682 4291 Deisic
1705 4236 2067 4290 vaticinatur:

491 4339 628 4389 Ecce
652 4335 796 4403 virgo
819 4333 873 4386 in
903 4341 1053 4386 utero
1082 4330 1357 4400 concipiet,
1391 4339 1440 4384 et
1466 4330 1635 4398 pariet
1659 4329 1831 4398 ﬁlium
1859 4343 1877 4380 :
1907 4340 1955 4383 et
1984 4345 2072 4382 oo-

490 4427 684 4482 cobunt
709 4412 919 4480 nomen.
949 4423 1062 4486 eius
1096 4421 1409 4476 Emmanuel
1439 4422 1482 4479 '.
1513 4420 1578 4477 Et
1620 4421 1877 4492 quoniam
1916 4421 2071 4492 geni-

2252 4151 2342 4216 ς’.
2381 4150 2492 4203 Καὶ
2526 4150 2700 4220 πάντη
2741 4150 2840 4213 τὰς
2880 4149 3100 4222 Γραφὰς
3137 4149 3351 4222 ὁρῶμεν
3378 4149 3760 4220 διηγουμὲνας.

2192 4239 2420 4304 Ἡσαΐας
2445 4240 2553 4309 γὰρ
2578 4242 2944 4312 προκηρύττει
2969 4242 3098 4312 περὶ
3115 4242 3224 4294 τῶν
3251 4241 3552 4311 μελλόντων
3577 4245 3654 4306 εἰς
3673 4243 3763 4296 τὸν

2180 4333 2310 4386 Υἰὸν
2335 4332 2430 4387 τοῦ
2449 4333 2585 4388 Θεοῦ
2618 4331 3189 4406 πληροῦσθαι,·λέγων·
3231 4335 3382 4390 Ἰδοὺ
3407 4335 3446 4404 ἠ
3467 4336 3765 4406 παρθένος

2177 4427 2248 4478 ἐν
2265 4425 2480 4496 γαστρὶ
2499 4426 2644 4492 ἕξει,
2674 4429 2772 4482 καὶ
2795 4427 3026 4492 τέξεται
3047 4427 3206 4494 υἱὸν,
3219 4428 3317 4481 καὶ
3344 4427 3679 4482 καλέσσυσι
3696 4432 3764 4482 τὸ

493 4531 617 4576 tura
659 4519 816 4591 virgo
847 4517 1154 4584 dicebatur,
1185 4523 1240 4572 et
1286 4524 1443 4571 utero
1482 4515 1728 4570 mulieris
1773 4514 2068 4585 gestandus

2179 4517 2369 4588 ὄνομα
2395 4520 2580 4574 αὐτοῦ
2620 4521 3018 4590 Ἐμμανουήλ.
3049 4521 3160 4576 Καὶ
3185 4520 3374 4592 ἐπειδὴ
3406 4519 3674 4591 παρθένος
3693 4517 3763 4592 ἦν

492 4611 606 4674 ille,
638 4609 797 4678 cujus
819 4622 1019 4661 nomen
1053 4605 1195 4662 idem
1223 4615 1404 4670 sonat,
1437 4621 1500 4661 ac
1522 4605 1794 4660 nobiscum
1819 4604 1982 4670 Deus,
2006 4620 2076 4660 ne

492 4714 601 4769 qua
631 4700 684 4753 in
708 4699 993 4770 prophetae
1022 4699 1206 4750 animo
1239 4699 1305 4751 de
1326 4697 1408 4752 rei
1433 4698 1662 4753 veritate
1691 4696 1960 4751 dubitatio
1991 4711 2077 4752 re-

492 4790 718 4854 sideret,
755 4788 997 4843 oblatum
1027 4788 1130 4844 sibi
1158 4788 1334 4842 visqu
1370 4788 1668 4858 instigante
1701 4786 1906 4858 Spiritu
1948 4804 2074 4841 san-

491 4891 582 4938 cto
628 4883 890 4953 propheta
948 4886 1191 4936 narravit
1242 4901 1253 4934 :
1305 4880 1586 4952 Ingressus
1634 4892 1732 4949 est,
1782 4884 1976 4952 inquit,
2007 4882 2075 4936 ad

489 4977 874 5048 prophetissam
904 4978 945 5031 ⁸.
995 4975 1205 5041 Quibus
1257 4977 1441 5030 verbis
1485 4973 1753 5029 Gabrielis
1793 4975 2075 5028 introitum

490 5072 564 5127 ad
595 5069 874 5141 Virginem
905 5070 1172 5130 declarat,
1214 5069 1375 5138 cujus
1418 5069 1472 5122 in
1501 5067 1796 5137 Evangelio
1844 5068 1901 5119 tit
1927 5084 2075 5120 men-

493 5165 573 5219 tio
609 5183 622 5218 :
653 5165 746 5233 qui
815 5164 1034 5233 quidem
1069 5177 1099 5214 a
1132 5161 1242 5216 Deo
1293 5164 1494 5215 missus
1523 5172 1625 5223 est,
1684 5169 1740 5212 nt
1787 5159 1933 5212 unici
1981 5158 2070 5210 Dei

439 5245 468 5342 ’⁸
493 5254 614 5313 Filii
643 5255 932 5309 adventum
967 5255 1021 5307 in
1063 5254 1206 5306 hunc
1240 5252 1525 5314 mundum,
1559 5259 1612 5304 et
1633 5263 1811 5303 ortum
1845 5267 1910 5304 ex
1947 5249 2060 5302 Ma-

490 5349 574 5402 ria
605 5346 938 5404 nuntiaret".
971 5344 1039 5396 Et
1076 5345 1327 5412 concepit,
1360 5345 1554 5413 inquit,
1574 5353 1621 5396 et
1649 5343 1841 5410 peperit
1875 5344 2067 5411 ﬁlium.

493 5435 564 5492 Et
589 5437 724 5491 dixit
775 5437 1028 5490 Dominus
1061 5436 1128 5487 ad
1179 5452 1256 5488 me
1289 5450 1304 5486 :
1348 5432 1487 5487 Voca
1534 5450 1720 5486 nomen
1754 5432 1913 5500 ejus:
1951 5431 2069 5484 Cito

491 5530 660 5598 spolia
679 5529 910 5592 detrahe,
940 5529 1175 5581 celeriter
1186 5526 1447 5596 prtcdare.
1469 5526 1759 5594 Antequam
1783 5525 1920 5577 norit
1939 5541 2068 5592 puer
2115 5587 2118 5590 ,

566 5703 585 5734 ί
615 5701 678 5754 ιν
711 5702 837 5772 Reg.
875 5718 932 5767 ιι,
969 5704 1049 5756 lt.
1128 5706 1147 5734 ²
1187 5703 1341 5757 Joan.
1379 5720 1498 5769 xui,
1530 5703 1617 5758 2.3.

495 5771 517 5806 τ
553 5771 684 5826 Luc.
719 5787 753 5837 t,
797 5777 865 5827 26
907 5792 1023 5842 sqq.
1106 5778 1125 5803 ⁸
1157 5774 1214 5827 Ι⁴’.
1245 5777 1342 5828 ἔτι.

1731 5702 1748 5733 ³
1785 5697 1940 5753 Joan.
1982 5718 2092 5767 κει,
2128 5703 2216 5757 20.
2279 5762 2281 5764 η
2319 5702 2336 5733 ’δ
2373 5700 2528 5756 Boni.
2560 5721 2597 5766 ι,
2640 5704 2728 5760 Ξὶῖἰ.

2170 4611 2204 4679 ὴ
2233 4611 2559 4680 γεννήσασα,
2602 4611 2695 4663 καὶ
2733 4609 2878 4676 Θεὸς
2900 4613 2932 4664 ό
2956 4611 3088 4680 μεθ’
3122 4609 3292 4680 ἡμῶν
3324 4611 3762 4683 ἑρμηνευόμενος

2173 4701 2230 4750 ἐν
2250 4701 2468 4768 γυναικὶ
2491 4701 2865 4770 κυῖσκόμενος·
2893 4701 2979 4753 ἵνα
3009 4701 3085 4772 μὴ
3115 4702 3174 4754 ὲν
3194 4700 3480 4772 δισταγμῷ
3504 4702 3761 4763 ὑπονοίας

2172 4791 2251 4862 τῷ
2289 4794 2543 4863 προφήτῃ
2579 4793 2806 4865 γένηται
2841 4795 2875 4864 ἠ
2909 4793 3161 4864 ἀλήθεια,
3200 4795 3301 4865 ὁρᾷ
3330 4797 3388 4847 ἐν
3418 4795 3632 4866 ὁράσει,
3666 4799 3761 4851 καὶ

2173 4885 2441 4956 διηγεῖται
2472 4888 2534 4938 ὲκ
2566 4887 2880 4957 Πνεύματος
2910 4887 3066 4954 ἁγίου
3099 4887 3541 4958 ἀναγκαζόμενος
3570 4891 3598 4944 6
3624 4906 3756 4962 προ-

2178 4978 2376 5048 φήτης,
2412 4979 2503 5031 καί
2528 4995 2678 5048 φησι’
2717 4980 2824 5033 Καὶ
2852 4978 3101 5046 εἰσῆλοε
3123 4982 3274 5048 πρὸς
3297 4981 3412 5048 τὴν
3440 4980 3754 5052 προφῆτιν·

2179 5068 2530 5138 διηγούμενος
2563 5071 2815 5141 περὶτῆς
2849 5069 2940 5122 τοῦ
2976 5071 3015 5122 Γ
3018 5071 3215 5143 αὸριὴλ
3248 5073 3610 5144 εὐαγγελικῆς
3647 5075 3755 5126 εἱσ-

2178 5159 2315 5211 όδου·
2348 5160 2407 5222 ὃς
2436 5161 2717 5232 ἀπεστάλη
2754 5162 2856 5214 ὑπὸ
2897 5162 3033 5214 Θεοῦ
3077 5164 3442 5234 διηγήσασθαι
3467 5167 3565 5236 τὴν
3601 5183 3758 5236 μονο-

2181 5250 2370 5319 γενοῦς
2397 5251 2526 5304 Υἱοῦ
2548 5251 2641 5304 τοῦ
2663 5251 2798 5304 Θεοῦ
2821 5252 3026 5305 εἴσοδον
3049 5256 3127 5316 εἰς
3147 5253 3236 5306 τὸν
3255 5255 3480 5324 κόσμον,
3513 5256 3609 5309 καὶ
3637 5259 3758 5324 γέν-

2179 5357 2333 5410 νησιν
2364 5342 2471 5394 ἀπὸ
2499 5342 2734 5412 Μαρίας.
2762 5341 2870 5396 Καὶ
2899 5343 2970 5396 ἐν
3002 5344 3443 5413 γαστρὶ.ἕλα6ε,
3478 5344 3756 5416 (meum

2175 5433 2379 5486 ἔτεκεν
2405 5435 2555 5488 υἱόν.
2587 5436 2695 5487 Καὶ
2723 5431 2853 5487 εἷπε
2873 5435 3088 5502 Κύριος
3110 5435 3259 5503 πρὸς
3274 5436 3370 5504 μὲι
3389 5434 3671 5490 Κάλεσον
3689 5433 3754 5489 τὸ

2177 5525 2363 5594 ὄνομα
2403 5527 2611 5592 αὐτοῦ,
2646 5528 2871 5596 Ταχέως
2900 5528 3271 5594 σκύλευσον,
3323 5527 3506 5593 ὀξέως
3541 5529 3757 5595 προνό-

2831 5706 2850 5737 ³
2889 5703 2995 5761 lsa.
3031 5722 3127 5771 vn,
3165 5707 3247 5761 M.
3350 5709 3370 5740 ⁸
3404 5705 3505 5761 lsa.
3542 5723 3659 5772 vm,
3693 5703 3750 5762 ὃ.
