4134 6392
454 402 564 463 749

1046 406 1413 463 ADVERSUS
1449 402 1789 460 H/ERESES
1826 401 1954 457 LIB.
1999 400 2087 455 ΙΙΙ.
2132 399 2292 456 TOM.
2339 400 2401 454 ll.
2450 431 2521 440 —
2557 396 2828 454 HrERES.
2872 395 3106 451 LXXIX.

3601 398 3706 452 750

448 508 704 595 μευσοῶ.
726 521 883 588 Πρὶν.
902 520 945 590 ἢ,
965 520 1180 589 γνῶναι
1202 522 1269 575 τὸ
1298 521 1540 575 παιδίον
1563 520 1773 574 καλεῖν
1800 519 2025 587 πατέρα

2145 534 2312 573 :ocare
2334 527 2535 585 patrem
2586 526 2633 570 et
2662 526 2906 579 matrem,
2949 515 3221 584 occupabit
3259 517 3391 571 vires
3435 516 3705 595 Damasci,

451 613 494 683 ἢ
533 610 781 682 μητέρα,
822 610 1086 680 λήψεται
1129 612 1387 681 δύναμιν
1432 611 1771 687 Δαμασκοῦ,
1818 611 1917 663 καὶ
1955 611 2030 663 τὰ

449 702 657 757 σκῦλα
686 704 1039 772 Σαμαρείας,
1084 705 1178 756 καὶ
1209 703 1279 756 τὰ
1317 703 1463 774 ἑξῆς.
1499 704 1610 756 Καὶ
1650 703 1829 756 πάντα
1855 700 2031 756 ταῦτα

450 790 604 846 οῦπω
623 787 691 863 ἦν
711 791 1091 861 τετελεσμένα·
1117 790 1316 863 ἤμελλε
1343 792 1400 845 δὲ
1422 791 1579 845 τοῦτο
1601 791 1845 862 γίνεσθαι
1872 794 1929 846 ἐν
1951 792 2029 863 τῷ

450 886 569 957 Υῐῷ
597 884 692 939 τοῦ
718 884 875 952 Θεοῦ,
916 886 1010 939 καὶ
1051 885 1387 958 πληροῦσθαι
1418 885 1558 957 μετὰ
1605 885 1752 957 χίλια
1794 886 1891 958 ἐτη
1936 888 2030 940 καί

451 978 712 1045 ἑξακόσια
744 976 914 1032 πλείω
952 977 1184 1031 ἐλάσσω.
1223 976 1333 1032 Καὶ
1369 978 1508 1048 μετὰ
1535 977 1804 1042 τοσαύτας
1836 978 2031 1046 γενεὰς

450 1069 520 1123 τά
550 1067 834 1140 μέλλοντα,
869 1068 946 1131 ὡς
978 1069 1078 1138 ἤδη
1115 1068 1418 1139 γενόμενα,
1465 1067 1611 1139 ἐώρα
1657 1071 1686 1121 ό
1722 1069 2028 1141 προφήτης.

450 1154 598 1232 Ἀρα
636 1160 859 1230 ψεῦσμα
899 1155 999 1231 iv;
1057 1158 1132 1231 μὴ
1177 1160 1423 1228 γένοιτοί
1469 1159 1628 1213 Ἀλλὰ
1667 1159 1929 1230 ἀσφαλῶς
1970 1162 2031 1214 τὸ

452 1249 606 1320 παρὰ
634 1247 728 1302 τοῦ
775 1247 912 1313 Θεοῦ
950 1248 1324 1319 οἰκονομηθὲν,
1352 1248 1427 1313 ὡς
1461 1249 1562 1321 ήδη
1590 1248 2030 1320 τετελειωμένον,

452 1341 801 1414 ἐκηρύττετο,
829 1342 918 1396 ἴνα
953 1341 1028 1412 μὴ
1061 1341 1335 1413 άπιστηθῇ
1377 1342 1411 1411 ή
1450 1340 1698 1419 ἀλήθεια·
1726 1341 1813 1395 ἵνα
1846 1340 1920 1412 μὴ
1953 1342 2034 1404 εἰς

450 1433 750 1503 δισταγμὸν
775 1433 905 1506 ἔλθῃ
930 1433 962 1504 ἢ
992 1436 1051 1486 ἐν
1082 1433 1307 1503 ὑπονοίᾳ
1342 1431 1436 1486 τοῦ
1466 1433 1748 1505 προφήτου
1768 1434 1830 1487 τὸ
1859 1432 2034 1489 τοιοῦε

449 1545 546 1582 τον
578 1526 856 1599 ἐκθαμϐον
885 1529 981 1582 καὶ
1007 1528 1315 1600 ἔκπληκτον
1356 1530 1652 1601 μυστήριον
1693 1528 1884 1599 μέλλον
1917 1528 2035 1583 ἐσε-

455 1620 600 1673 σθαι.
626 1621 695 1673 Ἢ
723 1621 822 1691 οὐχ
849 1622 980 1691 ὁρᾷς
1003 1620 1133 1673 αὐτὸ
1154 1619 1214 1672 τὸ
1242 1621 1506 1693 κήρυγμα
1530 1622 1594 1674 τὸ
1618 1623 2032 1692 ἐπιφερόμενον,

450 1713 528 1778 ὡς
553 1713 702 1783 λέγει
734 1715 897 1777 αὐτὸς
925 1716 954 1768 ὁ
979 1713 1131 1781 ἅγιος
1166 1714 1392 1779 Ἡσαΐας
1413 1731 1428 1746 ·
1482 1715 1572 1781 Ὠς
1611 1716 1912 1783 πρόϐατον
1934 1715 2046 1769 ἐπὶ

452 1805 703 1876 σφαγὴν
737 1805 917 1877 ἤχθη·
957 1806 1056 1862 καί
1093 1807 1173 1872 ὡς
1218 1806 1408 1876 ἀμνὸς
1449 1806 1731 1861 ἐναντίον
1770 1808 1880 1861 τοῦ
1919 1806 2037 1861 κει-

446 1916 666 1968 ροντος
696 1899 885 1953 αὐτὸν
912 1896 1169 1967 ἄφωνος,
1201 1898 1522 1965 οὕτωςοοὺκ
1551 1898 1779 1969 ἀνοίγει
1805 1897 1872 1952 τὸ
1893 1900 2036 1953 στό-
2063 1921 2105 1976 Β

448 2009 536 2062 μα
564 1990 771 2046 αὐτοῦ.
808 1990 930 2060 Τὴν
964 1990 1039 2044 δὲ
1065 1994 1276 2061 γενεὰν
1304 1991 1491 2046 αὐτοῦ
1524 1991 1618 2056 τίς
1648 1989 2034 2060 διηγήσεταις

461 2084 581 2136 Ὅτι
616 2084 841 2152 αῖρεται
874 2085 943 2137 ἐκ
984 2082 1092 2150 τῆς
1124 2081 1235 2153 τῆς
1261 2085 1299 2152 ἡ
1331 2082 1442 2150 ζωὴ
1476 2082 1684 2137 αὐτοῦ·
1734 2082 1834 2135 καί
1865 2082 2037 2138 δώσω

456 2176 600 2242 τοὺς
631 2177 936 2244 πονηροὺς
975 2175 1109 2229 ἀντὶ
1156 2173 1264 2243 τῆς
1316 2174 1513 2243 ταφῆς
1566 2173 1774 2238 αὐτοῦ,
1826 2173 1921 2226 καὶ
1967 2172 2039 2227 τὰ

459 2263 623 2335 ὲξῆςς
651 2264 760 2318 Καὶ
801 2263 987 2335 βλέπε,
1028 2264 1146 2327 πῶς
1181 2265 1247 2317 τὰ
1284 2264 1475 2337 πρῶτα
1514 2263 1716 2335 ὕστερα
1739 2264 2031 2334 διηγεῖται,

458 2356 651 2411 καὶτὰ
687 2356 890 2428 ὕστερα
931 2359 1004 2420 ὼς
1047 2357 1309 2425 γεγονότα
1343 2355 1654 2428 ἐρμηνεύει,
1688 2356 1887 2427 φήσας·
1942 2354 2036 2420 Ὠς

454 2450 755 2518 πρόϐατον
780 2451 880 2504 ἐπί
919 2450 1167 2520 σφαγὴν
1203 2450 1382 2520 ἤχθη.
1425 2450 1664 2522 Παρῳχη
1674 2449 1833 2520 μένον
1858 2448 1923 2502 δὲ
1951 2446 2036 2500 λέ-

454 2558 612 2610 γεται
641 2536 802 2597 εἶναι.
851 2544 925 2597 Οὐ
970 2542 1081 2614 γὰρ
1124 2539 1296 2607 εἶπεν,
1350 2543 1596 2611 Ἀγεται.
1640 2541 1751 2595 Καὶ
1786 2538 1940 2594 οῦπω
1970 2534 2039 2610 ἦν

455 2637 643 2709 ἀχθεὶς
668 2638 698 2690 ὁ
730 2635 836 2689 ὑπὸ
881 2636 1103 2689 Ἡσαΐου
1134 2635 1557 2705 κηρυττόμενος·
1634 2627 1850 2701 ἐλέγετο
1872 2632 1930 2686 δέ
1960 2629 2039 2701 τῷ

454 2733 714 2806 προφήτῃ
742 2731 819 2794 ὡς
859 2729 962 2800 ’ήδη
999 2728 1366 2799 γεγενημένον
1402 2727 1464 2780 τὸ
1493 2725 1672 2798 ἔργον.
1720 2722 2038 2798 Ἀπαράὸα-

454 2841 547 2889 τος
579 2823 689 2896 γὰρ
733 2818 802 2894 ἧν
837 2824 871 2894 ή
911 2820 1048 2875 Θεοῦ
1077 2819 1456 2893 μυσταγωγία.
1492 2818 1584 2884 Ἐξ
1628 2818 1797 2889 αὐτῆς
1822 2817 1880 2871 δέ
1906 2817 2040 2870 ὐπο-

456 2916 676 2983 6αίνων,
711 2914 893 2968 οὐκέτι
936 2913 1014 2977 ὡς
1048 2912 1314 2983 γενόμενα
1351 2909 1559 2979 ἔλεγεν,
1597 2910 1686 2963 ἵνα
1726 2909 1802 2982 μὴ
1833 2907 2042 2979 πλάνην

457 3008 623 3062 πάλιν
652 3005 1054 3079 ἀπεργάσηται.
1099 3000 1263 3057 Ἀλλά
1325 3019 1512 3074 φησιν,
1549 2999 1786 3068 Alpem:
1824 2999 1894 3053 ἐκ
1930 2997 2043 3067 τῆς

461 3098 578 3170 γῆς
614 3098 654 3166 ἢ
692 3096 804 3166 ζωὴ
843 3096 1052 3152 αὑτοῦ.
1094 3097 1190 3150 Ἐκ
1220 3095 1276 3149 δὲ
1301 3095 1411 3149 τῶν
1448 3093 1542 3148 δύο
1569 3092 1896 3165 προφάσεων
1936 3090 2044 3146 δεί-

462 3209 623 3246 κνυσι
647 3190 748 3265 τὴν
770 3189 1049 3261 ἀλήθειαν·
1074 3189 1157 3243 ὅτι
1180 3187 1261 3254 τὸ,
1285 3186 1466 3257 ἤχθη.
1488 3186 1590 3259 ἤδη
1612 3184 1930 3250 ἐτελειοῦτο,
1947 3185 2045 3240 καὶ

2131 621 2182 665 et
2206 611 2379 679 spolia
2415 609 2680 664 Samaria:
2718 611 2759 673 ‘,
2789 618 2895 663 etc.
2934 607 3065 674 Quae
3105 608 3291 663 omnia
3316 609 3577 663 nondum
3605 611 3709 664 im-

2131 697 2273 767 pleta
2302 695 2546 759 fuerant,
2585 704 2749 765 atque
2781 696 2835 750 in
2855 693 2992 751 Filio
3011 695 3102 751 Dei
3136 707 3258 767 post
3286 712 3460 754 annos
3489 700 3709 754 circiter

2131 788 2280 843 mille
2306 802 2370 843 ac
2398 796 2689 844 sexcentos
2717 788 2901 852 perﬁci
2931 788 3220 843 debebant.
3246 791 3426 856 Quare
3446 805 3567 860 quae
3584 799 3708 861 post

2132 886 2213 934 tot
2240 880 2623 949 generationes
2656 881 2919 935 eventura
2950 879 3078 934 olim
3106 893 3287 944 erant,
3320 882 3547 953 perinde
3575 898 3638 936 ac
3658 882 3707 939 si

2131 972 2277 1026 facta
2304 972 2417 1041 jam
2463 978 2675 1035 essent,
2720 971 2981 1041 propheta
3023 974 3303 1030 cernebat.
3348 973 3487 1029 Num
3542 976 3709 1046 igitur

2130 1064 2478 1120 mendacium
2514 1064 2646 1119 illud
2670 1065 3219 1136 erat?Nequaquam.
3249 1065 3444 1123 Verum
3469 1067 3613 1140 quod
3635 1067 3711 1123 di-

2130 1158 2272 1214 vina;
2324 1158 2682 1231 providentia
2731 1159 2964 1215 consilio
3007 1157 3304 1228 gerendum
3374 1166 3429 1216 et
3468 1159 3676 1215 admini

2134 1250 2418 1306 strandum
2453 1258 2591 1317 erat,
2626 1251 2782 1321 quasi
2825 1249 3126 1321 perfectum
3151 1250 3267 1320 jam
3314 1262 3482 1315 esset,
3512 1252 3710 1309 certis-
3802 1320 3807 1325 δ

2133 1345 2273 1399 sime
2302 1342 2685 1406 nuntiabatur,
2720 1357 2791 1398 ne
2820 1357 2928 1396 non
2975 1343 3185 1397 veritati
3218 1342 3350 1399 ﬁdes
3383 1344 3709 1412 haberetur,

2132 1451 2270 1491 neve
2294 1434 2362 1491 ad
2396 1442 2509 1489 tam
2536 1432 2867 1505 stupendum
2901 1441 2957 1488 et
3018 1434 3340 1489 inusitatum
3366 1436 3709 1507 mysterium,

2133 1527 2282 1600 quod
2330 1527 2627 1598 aliquando
2678 1524 2924 1580 futurum
2975 1533 3115 1590 erat,
3166 1526 3445 1596 prophetae
3491 1529 3712 1584 animus

2136 1621 2438 1676 haesitaret.
2496 1618 2689 1674 Nonne
2737 1617 3050 1673 vaticinium
3107 1619 3243 1673 illud
3297 1619 3711 1684 animadvertis,

2135 1713 2282 1783 quod
2312 1711 2572 1780 deinceps
2603 1710 2886 1767 subtexuit
2937 1708 3129 1776 Isaias,
3163 1725 3286 1764 cum
3321 1712 3395 1765 ita
3436 1710 3710 1779 loquitur:

2142 1806 2412 1873 Tanquam
2445 1802 2556 1855 ovis
2585 1803 2654 1856 ad
2680 1802 2991 1856 occisionem
3021 1800 3209 1854 ductus
3245 1812 3345 1870 est;
3371 1810 3419 1856 et
3449 1812 3508 1854 ut
3546 1818 3716 1873 agnus

2135 1911 2316 1950 coram
2362 1893 2603 1948 tondente
2651 1892 2930 1957 obmutuit,
2974 1892 3051 1946 sic
3095 1908 3198 1946 non
3233 1895 3401 1961 aperit
3450 1910 3508 1947 os
3536 1909 3710 1971 suum.
3808 1878 3811 1883 ’

2138 1987 2535 2044 Generationem
2579 1985 2692 2055 ejus
2734 2002 2890 2056 porro
2937 1986 3054 2056 quis
3102 1984 3416 2042 enarrabit?
3449 1986 3716 2054 Quoniam

2139 2080 2346 2135 tollitur
2375 2097 2403 2134 e
2441 2089 2580 2132 terra
2611 2081 2718 2133 vita
2754 2079 2956 2145 ipsius;
2982 2087 3031 2131 et
3056 2076 3193 2139 dabo
3233 2078 3470 2133 homines
3493 2094 3716 2148 nequam

2136 2188 2231 2243 pro
2260 2172 2535 2242 sepultura
2564 2171 2679 2240 ejus
2713 2169 2769 2218 ’ζ’
2790 2169 2955 2224 Vides
2980 2179 3038 2223 ut
3064 2171 3243 2241 priora
3270 2172 3574 2240 posteriore
3598 2172 3718 2225 loco

2141 2272 2349 2323 narret.
2378 2271 2434 2317 et
2461 2263 2769 2333 posteriora
2806 2270 3064 2331 tanquam
3091 2264 3203 2333 jam
3235 2262 3375 2318 facta
3403 2264 3515 2318 sint
3545 2279 3717 2334 espo.

2139 2355 2713 2425 nat?Tanquamovis,
2739 2356 2939 2426 inquit,
2969 2355 3038 2407 ad
3057 2355 3367 2409 occisionem
3396 2354 3587 2408 ductus
3600 2365 3717 2409 est:
3812 2402 3817 2408 .

2139 2448 2286 2520 quod
2305 2447 2455 2505 velut
2475 2448 2814 2520 praeteritum
2830 2446 3193 2518 signiﬁcatur.
3226 2446 3345 2502 Non
3377 2449 3521 2503 eriim
3540 2448 3678 2514 dixit
3698 2466 3711 2502 :

2141 2539 2399 2595 Ducetur.
2437 2539 2603 2613 Atqui
2638 2539 2879 2594 nondum
2921 2539 3121 2596 ductus
3143 2540 3251 2596 ille
3284 2539 3480 2606 fuerat,
3513 2541 3580 2596 de
3611 2558 3720 2613 quo
3814 2606 3817 2609 _

2140 2631 2547 2687 vaticinabatur
2588 2630 2758 2689 Isaias
2803 2653 2816 2687 :
2858 2642 2913 2687 et
2940 2638 3121 2687 tamen
3164 2648 3253 2687 res
3295 2633 3411 2703 ipsa
3458 2640 3718 2704 tanquam

2141 2710 2383 2796 perfecta
2411 2739 2441 2778 a
2467 2724 2735 2796 propheta
2755 2724 3103 2797 proponitur.
3145 2723 3282 2779 Nam
3332 2725 3720 2796 mysteriorum

2144 2817 2237 2873 illa
2277 2817 2555 2889 prophetae
2584 2817 2771 2887 oblata
2800 2817 3067 2875 divinitus
3117 2818 3391 2874 institutio
3435 2820 3717 2891 praeterire

2146 2917 2242 2965 aut
2266 2910 2469 2965 infecta
2503 2925 2627 2966 esse
2657 2925 2768 2965 non
2804 2917 3037 2981 poterat.
3078 2910 3147 2964 At
3174 2910 3436 2981 deinceps
3468 2924 3724 2982 progres-
3811 2971 3821 2984 ,

2145 3016 2239 3057 sus
2270 3010 2468 3056 caetera
2491 3016 2602 3056 non
2629 3001 2746 3070 jam
2777 3002 2928 3056 velut
2957 2999 3098 3057 facta
3123 3002 3465 3072 pronuntiat,
3492 3017 3560 3057 ne
3584 3001 3726 3056 frauo

2145 3091 2234 3148 dis
2260 3100 2426 3163 atque
2450 3093 2660 3150 erroris
2693 3093 3028 3165 praeberetur
3066 3095 3308 3150 occasio.
3361 3092 3577 3167 1065.
3616 3094 3725 3148 Ita-

2147 3199 2256 3255 que
2277 3224 2292 3249 ,
2322 3182 2576 3252 Tollitur,
2609 3184 2810 3255 inquit,
2842 3201 2870 3239 e
2902 3194 3046 3240 terra
3080 3186 3189 3241 vita
3226 3186 3415 3263 ipsius.
3451 3183 3725 3241 Caeterum

460 3284 543 3347 τὸ,
568 3282 819 3353 αἴρεται,
849 3281 1147 3351 μετέπειτα
1167 3277 1487 3350 ἐπληροῦτο·
1526 3277 1613 3330 ἵνα
1638 3276 1747 3331 ἀπὸ
1773 3275 1869 3330 τοῦ
1891 3293 2044 3345 γεγο-

2146 3276 2362 3331 duobus
2395 3276 2505 3333 illis
2536 3277 2901 3348 argumentis,
2937 3278 3147 3333 oraculi
3176 3279 3463 3335 veritatem
3493 3277 3724 3335 demon-

457 3375 607 3431 νέναι
634 3374 835 3444 νοήσῃς
859 3372 921 3425 τὸ
950 3368 1151 3440 ἀληθὲς
1201 3369 1297 3423 καί
1328 3367 1391 3421 τὸ
1432 3367 1628 3436 πάγιον
1655 3367 1755 3438 τῆς
1774 3365 1871 3420 τοῦ
1901 3364 2036 3420 Θεοῦ

459 3467 816 3539 ἐπαγγελίας.
858 3465 992 3520 Ἀπὸ
1017 3464 1074 3518 δέ
1105 3463 1198 3517 τοῦ
1231 3461 1518 3535 μέλλοντος
1543 3459 1765 3539 ἔσεσθαι
1791 3460 1883 3514 τὸν
1912 3460 2040 3531 χρό-

459 3576 550 3614 νον
580 3557 899 3620 άπεικάσεις
927 3553 1035 3609 τῶν
1061 3551 1600 3624 ἀποκαλυπτομένων
1633 3549 1968 3623 μυστηρίων.

2147 3378 2306 3424 strat.
2336 3367 2474 3424 Nam
2509 3369 2629 3426 haec
2665 3386 2792 3436 vox,
2824 3369 3014 3425 ductus
3046 3381 3145 3437 est,
3178 3387 3293 3428 rem
3317 3371 3427 3442 jam
3458 3379 3573 3427 tum
3597 3387 3726 3444 per-

2149 3462 2347 3516 fectam
2376 3459 2548 3517 fuisse
2594 3461 2903 3532 signiﬁcat;
2936 3463 3069 3518 illud
3114 3479 3269 3528 vero,
3317 3465 3544 3534 tollitur,
3582 3479 3739 3537 post-

2076 3616 2081 3619 ‘
2148 3552 2369 3607 modum
2402 3563 2490 3609 est
2520 3553 2840 3625 impletum;
2879 3562 2936 3609 ut
2968 3570 3037 3610 ex
3066 3569 3134 3610 eo
3164 3555 3311 3627 quod
3347 3555 3553 3613 factum
3589 3558 3725 3614 dici-

461 3661 574 3716 tur,
602 3651 801 3706 divinae
824 3647 1237 3719 pollicitationis
1260 3645 1542 3701 veritatem
1576 3658 1640 3698 ac
1666 3644 2020 3699 stabilitatem
2059 3644 2356 3717 intelligas.
2426 3645 2503 3701 Ex
2533 3662 2599 3702 eo
2634 3662 2762 3702 vero
2793 3647 2938 3719 quod
2974 3647 3216 3705 futurum
3253 3649 3629 3718 denuntiatur,
3656 3653 3727 3709 de

463 3743 877 3817 mysteriorum,
932 3755 1055 3813 qua:
1107 3748 1226 3794 tum
1272 3738 1544 3809 explicata
1595 3747 1748 3803 sunt,
1794 3746 2042 3807 tempore
2078 3739 2457 3809 conjecturam
2492 3739 2674 3796 facere
2708 3741 2908 3810 possis.

534 3836 609 3890 Z'.
641 3833 798 3890 Οὐτω
837 3833 932 3887 καί
970 3831 1065 3884 ἐπὶ
1094 3833 1162 3903 τῇ
1189 3829 1380 3903 Μαρίᾳ.
1409 3831 1439 3883 ὁ
1466 3829 1697 3898 ἄγγελος
1727 3828 2044 3901 προέλεγεν,

462 3927 601 3999 ὅπερ
628 3924 852 3998 ἔμελλεν
892 3923 1270 3995 εἰσερχόμενος
1298 3924 1329 3978 ὁ
1358 3922 1541 3993 πατὴρ
1580 3920 1785 3993 ταύτης
1834 3923 1914 3984 εἰς
1954 3921 2047 3975 τὸν

462 4014 611 4073 οἰκον
643 4017 735 4072 τὸν
772 4016 902 4071 ῐδιον
946 4014 1096 4086 παρά
1138 4012 1273 4068 Θεοῦ
1299 4012 1648 4085 κομίζεσθαι,
1685 4013 1747 4066 τὸ
1777 4012 1845 4067 δι’
1879 4013 2047 4084 εὐχῆς

463 4110 686 4182 αἰτηθὲν
711 4108 800 4165 διὰ
828 4109 925 4179 τῆς
954 4106 1048 4162 τοῦ
1072 4105 1278 4179 πατρὸς
1304 4105 1399 4160 καὶ
1425 4104 1631 4177 μητρὸς
1651 4105 1941 4178 αἰτήσεως·
1965 4104 2048 4158 ὃτι

470 4223 493 4258 ι
538 4203 670 4260 Ἰδοὺ
697 4203 732 4273 ή
759 4202 895 4273 γυνή
931 4217 1025 4254 σου
1056 4198 1412 4268 συνειληφυῖα
1444 4199 1503 4251 ἐν
1532 4196 1751 4270 γαστρί·
1787 4216 1807 4249 ι
1843 4194 1932 4249 ἵνα
1961 4194 2048 4265 βε-

466 4295 635 4359 ϐαίως
660 4289 1063 4364 περαιώσῃτὴν
1093 4289 1331 4343 διάνοιαν
1351 4286 1446 4341 τοῦ
1476 4286 1671 4342 πιστοῦ
1703 4287 1761 4340 ἐν
1790 4287 1857 4356 τῇ
1882 4286 2050 4352 ἐπαγ-

466 4382 645 4455 γελίᾳ.
683 4379 856 4435 Τοῦτο
892 4380 950 4433 δέ
982 4378 1174 4450 γέγονέ
1198 4394 1342 4432 τισιν
1372 4380 1453 4443 εἰς
1482 4377 1712 4449 πλάνην.
1766 4374 2050 4430 Ἀδύνατον

467 4476 579 4547 γάρ
603 4490 726 4534 τινα,
755 4469 910 4546 παρὰ
939 4472 1038 4541 τὴν
1069 4471 1180 4525 τῶν
1205 4468 1507 4542 ἀνθρώπων
1529 4468 1690 4539 φύσιν
1711 4468 1804 4521 ἐπὶ
1827 4467 1927 4537 τῆς
1947 4468 2051 4537 γῆς

467 4562 780 4637 γεννᾶσθαι.
821 4562 985 4633 Μόνῳ
1030 4563 1138 4634 γὰρ
1184 4559 1476 4631 διέπρεψεν
1511 4557 1681 4629 αὐτῷ·
1720 4558 1867 4629 μόνῳ
1905 4572 2051 4627 παρ-

2229 3829 2341 3886 VII.
2382 3831 2474 3889 Sic
2500 3833 2569 3889 de
2598 3833 2765 3888 Maria
2803 3834 3054 3904 praedixit
3078 3836 3330 3909 angelus,
3357 3852 3531 3910 eaque
3553 3838 3730 3910 signi-

2151 3927 2365 3993 ﬁcavit,
2400 3941 2522 3997 qua:
2585 3927 2735 3982 illius
2788 3933 2944 3998 pater
2981 3926 3204 3984 domum
3248 3946 3506 3988 reversus
3544 3946 3574 3987 a
3619 3931 3732 3987 Deo

2149 4026 2555 4074 consecuturus
2587 4027 2765 4086 esset;
2795 4034 2921 4088 quae
2954 4020 3216 4075 nimirum
3257 4030 3489 4093 uterque
3525 4039 3730 4095 parens

2149 4110 2379 4167 summis
2403 4125 2434 4164 a
2462 4110 2573 4164 Deo
2591 4111 2847 4180 precibus
2875 4112 3196 4181 postularet.
3237 4133 3256 4165 ο
3318 4112 3489 4181 Ecce,
3528 4112 3730 4187 inquit.

2164 4215 2305 4256 uxor
2334 4206 2427 4253 tua
2465 4195 2716 4267 concepit
2765 4199 2822 4255 in
2871 4212 3062 4270 utero;
3088 4223 3108 4256 ι
3146 4211 3208 4259 ut
3242 4204 3327 4261 his
3354 4205 3538 4261 verbis
3556 4205 3732 4262 ﬁdelis

2157 4293 2398 4350 hominis
2427 4300 2662 4349 mentem
2693 4293 2749 4348 in
2782 4293 2948 4366 hujus
2979 4297 3236 4367 promissi
3270 4297 3303 4351 li
3327 4298 3375 4353 Ie
3397 4299 3729 4355 corrobora-

2156 4393 2243 4442 ret
2279 4384 2461 4457 :quod
2482 4386 2662 4455 ipsum
2695 4395 2876 4444 tamen
2897 4387 3073 4442 fraudi
3105 4389 3385 4446 nonnullis
3412 4390 3532 4446 fuit.
3564 4389 3735 4461 Atqui

2157 4478 2275 4533 ﬁeri
2314 4492 2425 4534 non
2456 4486 2657 4551 potest,
2701 4488 2760 4534 ut
2788 4481 2915 4550 quis
2946 4488 3145 4551 prater
3175 4496 3521 4539 communem
3554 4483 3738 4540 homi-

2159 4585 2285 4625 num
2314 4577 2568 4625 naturam
2606 4580 2871 4627 nascatur
2916 4573 2969 4626 in
3014 4572 3198 4628 terris.
3238 4571 3341 4629 Uni
3386 4574 3490 4630 hoc
3533 4560 3739 4631 conve-

469 4632 749 4732 εχώρησεν
782 4657 815 4727 ἡ
846 4655 1026 4729 φύσις.
1049 4632 1260 4717 Οῦτως,
1288 4652 1364 4717 ὡς
1389 4651 1635 4723 πλάστης
1670 4652 1765 4706 καὶ
1805 4650 2044 4714 ἐξουσία·

2161 4661 2349 4717 niebat
2388 4660 2504 4726 illi;
2532 4662 2628 4716 uni
2666 4672 2860 4718 natura
2896 4663 3086 4719 cessit.
3139 4662 3261 4729 Hic,
3300 4663 3550 4736 inquam,
3582 4669 3760 4736 velut

473 4753 604 4824 στὴς
619 4751 715 4805 τοῦ
734 4750 1079 4822 πράγματος,
1101 4746 1293 4800 ἐαυτὸν
1309 4745 1417 4801 ἀπὸ
1428 4744 1709 4818 Παρθένου
1744 4742 1933 4814 ὥσπερ
1945 4741 2052 4795 ἀπὸ

471 4845 569 4917 τῆς
603 4847 708 4916 γῆς
767 4843 1130 4902 ἀνεπλάσατο,
1155 4839 1287 4904 Θεὸς
1313 4840 1407 4893 ἀπ’
1433 4838 1678 4911 οὐρανῶν
1700 4835 1890 4900 ἐλθὼν,
1920 4837 2053 4909 σάρ-

471 4953 548 4993 κα
579 4937 938 5008 ἐνδυσάμενος
968 4937 997 4990 ὁ
1023 4935 1195 5002 Λόγος
1224 4933 1285 4998 ἐξ
1323 4933 1486 5002 ἁγίας
1512 4931 1824 5003 Παρθένου·
1853 4931 1914 4985 οὐ
1947 4928 2053 5002 μὴν

472 5030 531 5086 δέ
557 5020 1041 5103 προσκυνουμένης
1066 5027 1164 5097 τῆς
1190 5024 1491 5097 Παρθένου·
1518 5024 1640 5077 οὐδέ
1664 5024 1751 5078 ἵνα
1776 5023 1909 5077 Θεὸν
1929 5020 2057 5076 ταύ-

474 5139 574 5195 την
607 5120 1011 5194 ἀπεργάσηται·
1073 5120 1172 5190 οὐχ
1214 5118 1302 5172 ἵνα
1339 5119 1419 5182 εἰς
1456 5117 1631 5189 ὄνομα
1674 5116 1848 5187 αὐτῆς
1887 5130 2055 5186 πρικτῑ⁴

475 5212 810 5283 ενέγκωμεν·
838 5212 939 5281 οὐχ
961 5210 1052 5264 ἴνα
1078 5210 1346 5278 γυναῖκας
1376 5208 1537 5262 πάλιν
1557 5208 1759 5281 ἰερείας
1776 5206 1915 5278 μετὰ
1940 5224 2060 5261 τοσ-

476 5303 649 5369 αύτας
687 5304 882 5372 γενεὰς
910 5301 1185 5375 ἀποδείξῃ.
1221 5301 1336 5355 Οὐκ
1364 5300 1657 5373 εὐδόκησεν
1688 5303 1718 5354 ὁ
1742 5301 1875 5365 Θεὸς
1900 5298 2059 5354 τοῦτο

478 5400 537 5453 ἐν
585 5396 824 5468 Σαλώμῃ
868 5395 1144 5465 γενέσθαι,
1188 5395 1289 5448 οὐκ
1316 5396 1375 5449 ἐν
1411 5395 1552 5467 αὐτῇ
1594 5392 1912 5467 τῇΜαρίᾳ.
1945 5393 2060 5447 Οὐκ

478 5489 779 5562 ἐπέτρεψεν
810 5490 949 5559 αὐτῇ
978 5487 1164 5542 δοῦναι
1190 5485 1498 5558 βάπτισμα,
1523 5489 1625 5542 οὐκ
1646 5487 1938 5559 εὐλογῆσαι
1963 5504 2063 5557 μα-

479 5582 668 5654 θητάς.
701 5582 777 5635 Οὐ
805 5582 868 5636 τὸ
896 5581 1086 5654 ἄρχειν
1123 5580 1218 5635 ἐπὶ
1243 5580 1343 5652 τῆς
1367 5580 1472 5651 γῆς
1499 5580 1806 5646 ἐκέλευσεν,
1836 5580 1870 5651 ἢ
1901 5582 2062 5652 μόνον

478 5671 728 5745 ἁγίασμα
770 5670 939 5741 αὐτὴν
985 5662 1146 5739 εἶναι,
1186 5672 1282 5725 καὶ
1324 5662 1729 5743 καταξιωθῆναι
1772 5673 1872 5746 τῆς
1897 5670 2063 5727 αὐτοῦ

553 5833 571 5864 ¹
602 5831 709 5887 isa.
738 5848 854 5898 vm,
892 5834 935 5888 ὅ
974 5849 1095 5906 sqq.
1172 5835 1193 5866 ³
1225 5831 1326 5890 Isa.
1362 5847 1477 5897 LIII,
1522 5831 1553 5885 7
1586 5847 1708 5904 sqq.

2161 4751 2356 4808 artifex
2415 4768 2481 4808 ac
2519 4754 2798 4819 dominus,
2851 4755 3209 4826 semetipsum
3254 4771 3286 4811 e
3321 4755 3565 4826 Virgine,
3613 4768 3743 4815 tan-

2160 4860 2326 4916 quam
2357 4861 2389 4902 e
2418 4854 2586 4911 terra,
2619 4844 2911 4901 formavit:
2947 4847 3089 4904 Deus
3126 4864 3158 4904 e
3184 4849 3325 4917 creto
3357 4849 3735 4916 descendens,

2160 4936 2449 4994 Verbume
2465 4934 2685 5011 Virgine
2708 4948 3026 5014 susceptum
3053 4955 3257 5019 corpus
3285 4942 3551 5012 inducas;
3622 4958 3737 5000 non

2140 5020 2290 5086 'ideo
2323 5038 2529 5096 tamen,
2566 5040 2626 5085 ut
2646 5030 2764 5086 hac
2792 5030 3006 5087 adorari
3032 5031 3250 5098 debeat,
3286 5043 3382 5089 aut
3418 5042 3478 5089 ut
3507 5051 3628 5092 eam
3656 5038 3739 5094 di-

2165 5124 2350 5179 vinam
2383 5123 2450 5178 ad
2498 5131 2751 5179 naturam
2782 5125 3266 5197 conditionemque
3302 5126 3625 5193 transferat,
3650 5145 3746 5186 ne-

2167 5230 2275 5286 que
2312 5222 2374 5269 ut
2398 5216 2732 5271 sacrillcium
2776 5216 2925 5272 illius
2955 5216 3010 5271 in
3037 5233 3235 5273 nomen
3268 5219 3751 5293 oll'eratur,neque

2169 5316 2326 5363 tanto
2375 5307 2667 5363 intervallo
2710 5308 2966 5364 mulieres
3017 5309 3334 5384 sacerdotes
3363 5306 3748 5369 instituantur.

2169 5402 2287 5457 Hoc
2311 5418 2379 5458 ne
2409 5403 2463 5456 in
2509 5390 2728 5456 Salome
2757 5401 2977 5470 quidem
3015 5400 3135 5457 ﬁeri
3162 5403 3334 5458 voluit
3363 5401 3527 5472 Deus,
3557 5420 3661 5461 nec
3693 5406 3748 5461 in

2170 5491 2363 5547 Maria.
2396 5490 2518 5548 Non
2544 5491 2597 5549 ei
2631 5491 2946 5561 baptizandi
2987 5500 3312 5564 potestatem
3344 5493 3493 5560 fecit,
3526 5511 3635 5552 non
3659 5497 3745 5550 di-

2172 5584 2401 5655 scipulis
2450 5582 2798 5649 benedicere,
2835 5599 2946 5641 non
2998 5587 3056 5641 in
3099 5578 3264 5643 terris
3305 5601 3540 5655 praeesse
3590 5602 3747 5645 man-

2174 5676 2356 5746 davit;
2387 5675 2484 5734 sed
2517 5676 2622 5734 hoc
2663 5692 2834 5734 unum
2874 5678 3069 5757 voluit,
3113 5688 3172 5736 ut
3222 5664 3477 5739 sanctum
3526 5681 3658 5753 quid
3695 5688 3751 5739 ct
