4134 6392
480 357 586 414 753

1121 360 1489 416 ADVERSUS
1519 361 1860 418 IleRESES
1898 361 2027 417 L'B.
2075 363 2160 417 lll.
2200 360 2362 417 ΤΟΜ.
2405 360 2449 415 ll
2486 392 2555 402 —-
2597 358 2869 414 HAZRES.
2913 354 3149 414 LXXIX.

3653 349 3758 405 754

480 494 573 542 τος
614 479 714 549 τὴν
753 478 977 552 πρώτην
1019 484 1273 549 γυναῖκα.
1312 482 1577 552 Τιμάσθω
1622 488 1655 554 ἡ
1699 486 1882 554 μήτηρ
1915 484 2060 556 ημῶν

2179 485 2314 538 resis
2346 484 2436 537 illa
2482 483 2673 553 magis,
2705 498 2826 550 qua:
2852 482 2922 536 ab
2955 495 3041 541 eo,
3075 493 3102 530 a
3162 491 3270 545 quo
3302 474 3476 545 prima
3534 470 3756 540 decepta

481 568 595 625 Εὕα
621 610 636 633 ,
669 571 746 630 ὡς
783 574 848 626 ἐκ
890 573 1024 626 Θεοῦ
1081 575 1443 646 πεπλασμένη
1476 595 1489 606 ·
1527 578 1600 647 μὴ
1652 577 1934 633 άκουέσθω
1983 577 2062 641 δὲ,

481 659 567 711 ενα
599 659 672 731 μὴ
711 661 874 736 πείσῃ
923 663 992 716 τὰ
1029 665 1194 720 τέκνα
1232 668 1428 736 φαγεῖν
1461 667 1570 722 ἀπὸ
1601 667 1693 723 τοῦ
1739 669 1933 734 ξύλου,
1971 672 2064 725 καὶ

478 751 696 823 ἐντολὴν
727 755 1061 826 παραϐῆναι.
1093 760 1438 817 Μετανσείτω
1464 763 1521 817 δὲ
1542 763 1635 816 καὶ
1667 760 1807 832 αὕτη
1835 762 1945 816 ἀπὸ
1975 781 2064 818 κε·-

478 844 765 912 νοφωνίας.
816 847 1222 920 Ἐπιστρεφέτω
1275 855 1638 926 αἰσχυνομένη
1665 895 1679 920 ,
1717 853 1813 908 καὶ
1881 859 2058 931 φύλλα

482 937 653 1009 συκῆς
684 939 1004 1014 ἐνδυομένη.
1032 941 1378 1000 Κατανοείτω
1401 947 1459 1000 δὲ
1488 947 1658 1019 αὐτὴν
1687 948 1830 1002 καὶὸ
1869 947 2059 1019 Ἀδὰμ,

479 1029 574 1082 καὶ
619 1030 816 1100 μηκέτι
863 1033 999 1105 αὐτῇ
1035 1033 1326 1090 πειθέσθω.
1383 1039 1448 1094 Ἠ
1482 1037 1592 1110 γὰρ
1625 1039 1836 1110 πλάνης
1865 1039 2060 1103 πειθὼ,

481 1118 574 1172 καὶ
604 1121 862 1188 γυναικὸς
891 1123 973 1186 εἰς
1004 1123 1065 1176 τὸ
1087 1126 1329 1180 ἐναντίον
1369 1128 1690 1199 συμϐουλία,
1724 1129 1954 1184 θάνατον
1982 1130 2062 1200 τῷ

483 1209 598 1281 ἰδίῳ
621 1211 843 1285 συζύγῳ
869 1215 1163 1286 ἐργάζεται
1187 1235 1201 1247 ⁸
1230 1219 1292 1272 οὐ
1341 1220 1501 1290 μόνον
1533 1221 1610 1286 δὲ,
1652 1222 1789 1276 ἀλλὰ
1825 1224 1918 1276 καὶ
1949 1226 2062 1286 τοῖς

477 1303 711 1368 τέκνοις.
738 1306 1090 1379 Κατέστρεψε
1122 1310 1186 1363 τὸ
1220 1310 1445 1382 πλάσμα
1474 1311 1586 1366 Εὕα
1635 1313 1724 1368 διὰ
1760 1315 1858 1385 τῆς
1887 1332 2062 1382 παρα-

479 1394 721 1460 ϐάσεως,
755 1397 1096 1466 ὲρεθισθείσα
1128 1397 1215 1452 διὰ
1248 1398 1350 1469 τῆς
1380 1400 1474 1453 τοῦ
1509 1401 1686 1470 ὄφεως
1737 1403 1923 1473 φωνῆς
1969 1404 2061 1456 καὶ¹

477 1486 840 1557 ἐπαγγελίας,
891 1488 1230 1560 πλανηθεῖσα
1262 1492 1372 1544 άπὸ
1411 1492 1504 1546 τοῦ
1559 1495 1939 1565 κηρργματος,
1971 1496 2062 1548 καὶ

477 1578 561 1646 ἐφ’
591 1577 784 1651 ἑτέραν
825 1580 1090 1650 βαδίσασα
1127 1581 1387 1636 διάνοιαν.

2174 576 2369 629 mulier
2393 582 2498 637 est,
2529 576 2788 628 manavit.
2823 573 2948 627 Eva:
2970 571 3134 641 igitur
3164 567 3324 622 matri
3357 573 3558 620 nostra:
3585 563 3759 618 honor

2173 663 2461 729 habeatur,
2521 674 2707 735 utpote
2755 681 2874 735 qum
2910 680 2939 718 a
2995 664 3102 720 Deo
3137 661 3402 734 producta
3449 659 3551 725 sit;
3584 655 3679 712 sed
3708 658 3759 711 ei

2171 771 2518 826 nequaquam
2563 759 2988 827 obtemperetut’,
3038 770 3107 808 ne
3146 753 3332 808 liberis
3378 749 3495 805 suis
3532 761 3761 818 persua-

2170 849 2317 913 deat,
2343 859 2402 904 ut
2423 867 2488 906 ex
2522 852 2717 906 arbore
2748 858 3037 906 vescantur
3070 863 3133 901 ac
3187 844 3503 900 mandatum
3531 841 3756 896 violent.

2171 940 2240 995 At
2285 942 2433 996 illam
2490 958 2708 1012 quoque
2743 941 3055 995 vanissima
3106 938 3254 992 illius
3287 935 3440 991 vocis
3473 933 3756 1004 paeniteat.

2173 1031 2381 1088 Redeat
2407 1033 2473 1088 ad
2505 1041 2741 1088 mentem
2783 1049 2893 1103 pra:
2921 1028 3274 1094 verecundia,
3311 1035 3365 1083 et
3399 1027 3649 1082 ﬁculneis
3673 1024 3758 1080 ΐοι-

2172 1128 2260 1183 liis
2294 1127 2557 1181 induatur
2588 1128 2627 1180 '.
2684 1126 2825 1194 Quin
2881 1135 2935 1180 et
2987 1125 3230 1181 Adamus
3283 1122 3429 1176 illam
3475 1128 3756 1191 agnoscat,

2175 1218 2389 1289 1066
2417 1231 2517 1272 nec
2556 1219 2790 1288 amplius
2823 1232 3028 1272 morem
3067 1223 3239 1287 gerat.
3269 1211 3482 1284 Quippe
3511 1209 3756 1276 fraudes.

2170 1306 2451 1361 blanditia
2490 1317 2544 1361 et
2603 1308 2942 1361 contrarium
2997 1303 3243 1359 mulieris
3273 1301 3569 1358 consilium
3609 1316 3762 1358 mor-

2173 1406 2279 1452 tem
2336 1399 2555 1468 conjugi
2614 1399 2816 1468 pariter
2873 1411 2936 1451 ac
2989 1395 3162 1451 soboli
3209 1394 3580 1450 consciscunt.
3623 1390 3758 1448 Nam

2172 1488 2282 1542 Eva
2334 1506 2431 1559 per
2487 1490 2892 1544 contumaciam
2959 1505 3114 1544 suam
3179 1487 3424 1542 divinum
3481 1485 3760 1556 opificium

2172 1585 2388 1646 evertit,
2430 1599 2552 1636 cum
2595 1582 2864 1651 serpentis
2890 1596 3022 1636 voce
3049 1597 3110 1635 ac
3138 1580 3426 1650 promissis
3457 1579 3658 1646 illecta,
3693 1577 3761 1631 ab
3875 1639 3878 1642 ,

2172 1690 2308 1728 sano
2354 1674 2606 1744 dogmate
2660 1674 2976 1740 deﬂectens,
3018 1675 3177 1728 aliam
3235 1672 3302 1727 ad
3356 1681 3588 1726 mentem
3640 1685 3762 1728 sese

2173 1762 2474 1816 transtulit.

546 1846 620 1902 8'.
655 1849 752 1902 Διὰ
788 1848 944 1904 τοῦτο
994 1853 1023 1905 ό
1073 1851 1289 1906 πάντων
1343 1854 1624 1924 Δεσπότης
1704 1856 1799 1907 καὶ
1837 1855 2060 1924 Σωτὴρ,

2243 1854 2338 1909 IX.
2381 1854 2673 1927 Propterea
2706 1855 2971 1912 Dominus
3027 1857 3273 1912 omnium
3304 1872 3367 1910 ac
3402 1853 3674 1922 Salvator,
3699 1864 3759 1911 ut

477 1937 795 2010 βουλόμενος
828 1941 1166 2012 θεραπεῦσαι
1224 1943 1286 1997 τὸ
1333 1944 1534 2013 ἄλγος,
1571 1947 1665 1999 καὶ
1711 1946 2064 2018 οἰκοδομῆσαι

472 2029 534 2083 τὸ
577 2033 1069 2104 κατεστραμμένον
1093 2073 1108 2100 ,
1143 2035 1238 2088 καὶ
1285 2034 1682 2106 διορθώσασθαι
1721 2037 1782 2088 τὸ
1821 2037 2065 2105 ἠλαττω-

476 2121 636 2190 μένον
659 2163 673 2187 ,
711 2123 901 2195 ἐπειδὴ
953 2124 1062 2178 ἀπὸ
1109 2126 1366 2194 γυναικὸς
1397 2129 1426 2182 ό
1460 2127 1689 2192 θάνατος
1729 2130 1807 2192 εἰς
1845 2129 1935 2182 τὸν
1975 2129 2064 2182 κό-

475 2231 610 2285 σμον
644 2215 946 2288 κατῆλθεν,
987 2219 1052 2270 ὲκ
1084 2219 1342 2288 γυναικὸς
1375 2220 1652 2292 παρθένου
1707 2221 1870 2285 αὐτὸς
1907 2223 2061 2290 ὲγεν-

470 2307 645 2378 νήθη,
695 2308 782 2362 ἵνα
831 2308 921 2362 τὸν
971 2309 1202 2365 θάνατον
1240 2311 1501 2384 ἐκκλείσῃ
1525 2352 1539 2374 ,
1598 2315 1690 2367 καὶ
1722 2314 1782 2366 τὺ
1819 2313 2063 2368 ἐλλεῖπον

473 2399 736 2474 πληρώσῃ
764 2442 778 2464 ,
812 2402 904 2456 καὶ
943 2402 1004 2456 τὸ
1032 2401 1409 2474 ἠλαττωμένον
1437 2404 1723 2477 τελειώσῃ.
1761 2407 2061 2476 Στρὲφεται

471 2492 528 2548 δὲ
561 2497 692 2567 ἡμῖν
748 2494 910 2550 πάλιν
945 2497 977 2566 ἡ
1012 2495 1178 2550 κακία
1209 2538 1222 2554 .
1275 2497 1363 2550 ἵνα
1405 2498 1467 2551 τό
1502 2498 1794 2570 ἐλάττωμα
1844 2501 1922 2564 εἰς
1972 2500 2066 2559 τὸν

471 2585 675 2657 κόσμον
730 2588 1045 2662 προαγάγῃ.
1114 2589 1254 2643 Ἀλλ’
1312 2589 1436 2643 οὔτε
1486 2591 1616 2654 νέοι,
1645 2590 1769 2646 οὔτε
1807 2593 2064 2664 γέροντες

475 2679 754 2734 πείθονται
806 2683 872 2752 τῇ
930 2682 1153 2749 γυναικὶ
1197 2681 1288 2736 διὰ
1317 2682 1416 2752 τὴν
1449 2681 1655 2736 ἄνωθεν
1685 2682 2060 2753 σωφροσύνην.

474 2771 550 2824 Οὐ
580 2771 764 2834 παίζει
817 2773 849 2840 ἡ
884 2771 1159 2840 Αἰγυπτία
1211 2772 1302 2825 τὸν
1340 2770 1596 2844 σώφρονα
1643 2773 1838 2844 Ἰωσὴφ
1865 2814 1881 2838 ,
1938 2773 2062 2826 οὔτε

475 2863 884 2935 παρεκτρέπει’
919 2864 1094 2918 καίτοι
1124 2881 1188 2933 γε
1235 2864 1324 2918 διὰ
1362 2864 1563 2935 πολλῆς
1597 2868 1867 2937 μηχανίας
1899 2870 2066 2937 ἐργα-

477 2955 689 3028 σαμένη
717 2956 779 3010 τὸ
814 2956 988 3010 δεινὸν
1021 2955 1157 3027 πρὸς
1205 2955 1298 3010 τὸν
1347 2957 1512 3010 παῖδα
1562 2959 1661 3029 τῆς
1707 2959 2056 3029 συμϐουλίας.

486 3047 622 3102 Ἀλλ’
652 3049 715 3102 οὐ
752 3046 1006 3115 παίζεται
1032 3049 1320 3120 ἄνθρωπος
1349 3051 1413 3103 ἐκ
1439 3050 1755 3121 Πνεύματος
1779 3053 1932 3122 ἁγίου
1968 3053 2062 3106 λα-

473 3141 583 3197 6ὼν
611 3142 709 3214 τὴν
758 3143 1040 3214 φρόνησιν.
1077 3145 1154 3198 οὐ
1192 3143 1254 3197 τὸ
1283 3143 1500 3216 σῶφρον
1529 3145 1783 3213 ἀφανίζει
1812 3186 1828 3208 ,
1865 3146 1952 3200 ἴνα
1985 3147 2060 3217 μὴ

2167 1946 2216 2000 ei
2235 1946 2410 2001 dolori
2445 1946 2781 2012 mederetur,
2812 1956 2866 2002 et
2893 1948 3040 2017 quod
3070 1963 3325 2004 eversum
3348 1954 3467 2001 erat
3493 1948 3761 2003 instaura-

2168 2045 2270 2099 ret,
2302 2037 2448 2108 quod
2472 2037 2749 2094 defecerat
2772 2040 3106 2099 restitueret.
3129 2038 3576 2110 quandoquidem
3608 2052 3760 2095 mors

2168 2127 2222 2180 in
2252 2127 2518 2182 mundum
2576 2143 2604 2181 a
2653 2129 2882 2184 muliere
2920 2129 3169 2186 derivata
3212 2131 3428 2194 fuerat,
3457 2145 3488 2186 e
3533 2130 3761 2186 muliere

2166 2218 2380 2290 virgine
2425 2228 2588 2276 natus
2642 2227 2748 2284 est,
2795 2235 2905 2290 quo
2938 2229 2993 2276 et
3050 2229 3283 2276 mortem
3325 2221 3660 2288 excluderet,
3706 2229 3760 2276 et

2169 2309 2316 2381 quod
2351 2326 2604 2366 mancum
2639 2319 2756 2366 erat
2783 2309 3080 2383 suppleret,
3112 2319 3166 2367 et
3199 2311 3347 2384 quod
3411 2312 3758 2368 imminutum

2168 2401 2473 2471 perliceret.
2508 2399 2680 2456 Porro
2701 2401 2894 2456 eadem
2922 2403 3120 2456 iterum
3148 2403 3394 2470 nequitia
3424 2403 3755 2461 revolvitur:

2167 2505 2226 2547 ut
2255 2492 2448 2548 vitium
2509 2509 2573 2549 ac
2605 2493 2879 2549 defectum
2909 2493 2964 2549 in
2991 2495 3181 2551 orbem
3210 2503 3482 2551 terrarum
3511 2496 3754 2551 invehat.

2169 2584 2282 2640 Sed
2329 2585 2549 2640 mulieri
2589 2602 2768 2657 neque
2797 2587 3061 2656 juvenes,
3098 2602 3276 2656 neque
3313 2602 3508 2652 senes,
3538 2597 3759 2659 propter

2164 2694 2283 2734 eam
2315 2693 2421 2750 qua
2455 2678 2720 2734 divinitus
2757 2679 2974 2750 praediti
3023 2686 3154 2734 sunt
3188 2679 3630 2749 temperantiam,
3661 2680 3759 2734 ob-

2165 2781 2492 2842 sequuntur.
2526 2769 2645 2825 Non
2685 2771 2864 2826 illudit
2909 2769 3166 2842 Egyptia
3200 2770 3396 2825 mulier
3444 2771 3759 2827 castissima

2163 2864 2403 2937 Josepho
2434 2868 2490 2930 ’,
2541 2881 2641 2922 nec
2675 2882 2704 2919 a
2753 2874 2905 2921 recta
2955 2875 3140 2921 mente
3196 2865 3455 2934 deducit,
3505 2867 3757 2936 quamvis

2165 2971 2362 3013 omnes
2426 2957 2683 3012 adhibeat
2740 2958 3044 3022 machinas,
3103 2972 3213 3028 quo
3260 2956 3643 3014 detestandum
3699 2958 3754 3013 in

2167 3051 2571 3108 adolescentem
2620 3050 2914 3106 consilium
2952 3060 3305 3120 exsequatur.
3339 3047 3543 3105 Verum
3571 3048 3754 3106 luditi-

2166 3143 2279 3197 cari
2309 3158 2434 3197 eum
2462 3159 2627 3198 nemo
2656 3151 2856 3212 potest,
2886 3142 2982 3215 qui
3011 3157 3042 3196 a
3072 3141 3280 3212 Spiritu
3304 3147 3498 3196 sancto
3523 3142 3760 3212 pruden-

472 3236 572 3305 τὴν
597 3236 874 3304 εὐγένειαν
903 3237 1288 3310 κατευτελίσῃι
1315 3238 1718 3310 καταλιμπάνει
1748 3239 1816 3292 τὰ
1843 3239 2059 3311 ἱμάτια,

2166 3236 2296 3291 tiam
2329 3236 2622 3306 acceperit.
2673 3233 2912 3290 Proinde
2956 3247 3135 3304 neque
3169 3232 3550 3288 castimoniam
3596 3247 3753 3288 suam

473 3327 569 3379 καὶ
599 3325 659 3378 τὸ
693 3325 848 3399 σῶμα
894 3323 995 3381 οὐκ
1034 3327 1359 3382 ἀπόλλυσιν·
1411 3325 1796 3402 ἀποδιδράσκει
1854 3331 1944 3385 τὸν
1972 3331 2061 3386 τό·

473 3433 596 3484 πον,
624 3419 711 3472 ἶνα
744 3418 820 3491 μὴ
863 3419 1004 3491 πέσῃ
1036 3422 1101 3490 τῇ
1135 3419 1355 3490 παγίδι·
1391 3423 1530 3492 πρὸς
1580 3421 1770 3493 καιρὸν
1801 3425 2060 3494 τιμωρεῖ-

473 3524 562 3562 ται
586 3548 600 3570 ,
628 3508 709 3572 εἰς
745 3509 838 3562 τὸν
887 3510 1059 3564 αἰῶνα
1094 3509 1402 3581 βασιλεύει·
1435 3515 1494 3565 ὲν
1524 3511 1884 3584 δεσμωτηρίῳ
1929 3513 2059 3584 βάλ-

471 3601 622 3655 λεται
651 3641 664 3664 ,
705 3601 820 3656 ἀλλ’
859 3602 1076 3674 αἱρετὸν
1104 3605 1163 3657 ὲν
1196 3603 1413 3676 φυλακῇ
1449 3605 1780 3674 καταμένειν
1809 3645 1824 3665 ,
1869 3605 1963 3660 καὶ
2003 3609 2061 3660 ὲν

471 3693 645 3764 γωνίᾳ
701 3693 967 3764 ὑπαίθρου
998 3737 1012 3758 ,
1068 3695 1102 3766 ἦ
1163 3693 1304 3766 μετὰ
1359 3695 1616 3764 γυναικὸς
1672 3697 1912 3769 μαχίμου
1969 3697 2062 3751 καὶ

474 3781 847 3852 γλωσσὼδους.
896 3783 1008 3838 Καὶ
1047 3784 1189 3838 πόσα
1221 3784 1338 3837 ἐστι
1367 3784 1584 3852 λέγεινί
1642 3784 1799 3837 Ἤτοι
1840 3785 1948 3855 γὰρ
1987 3783 2063 3847 ὡς

473 3871 644 3942 αὐτὴν
671 3871 1108 3943 προσκυνοῦντες
1132 3872 1231 3946 τὴν
1258 3873 1498 3945 Μαρίαν,
1522 3874 1659 3945 αὐτῇ
1691 3874 2062 3946 προσφέρουσι

475 3963 572 4035 τὴν
607 3963 894 4036 κολλυρίδα
929 3966 985 4018 αἰ
1034 3966 1202 4037 ἀργαὶ⁸
1251 3960 1410 4020 αὗται
1449 3966 1740 4034 γυναῖκες’
1771 3966 1888 4036 ἦτοι
1922 3965 2061 4038 ὑπὲρ

477 4051 647 4122 αὐτῆς
705 4054 1038 4125 προσφέρειν
1090 4055 1428 4126 ἐπιχειροῦσι
1491 4055 1589 4127 τὴν
1655 4055 2064 4127 προειρημένην

471 4144 681 4216 ταύτην
716 4143 925 4216 σαθρὰν
951 4145 1239 4217 κάρπωσιν
1261 4162 1275 4176 ·
1309 4147 1370 4200 τὸ
1406 4148 1513 4201 πᾶν
1548 4149 1697 4200 ἐστιν
1728 4146 1935 4217 ⁴ἰλιλίθιον
1971 4147 2065 4201 καὶ

476 4233 756 4303 ἀλλότριον
777 4274 790 4296 ,
823 4233 918 4287 καὶ
947 4235 1011 4288 ὲκ
1041 4234 1314 4306 δαιμόνων
1341 4239 1609 4309 κινήσεως
1629 4278 1642 4302 ,
1687 4236 1956 4309 φρύαγμα
2003 4253 2064 4289 τε

479 4324 572 4377 καὶ
615 4324 827 4396 ἀπάτη.

2164 3327 2302 3398 eripi
2365 3326 2468 3381 sibi
2526 3327 2756 3397 patitur,
2813 3341 2882 3380 ne
2935 3323 3207 3379 nobilitati
3245 3337 3359 3378 suae
3396 3323 3752 3395 ignominiam

2164 3421 2437 3490 imponat;
2486 3418 2815 3472 vestimenta
2871 3417 3152 3488 relinquit,
3196 3424 3251 3472 et
3283 3418 3534 3488 corporis
3574 3417 3753 3488 jactu—

2165 3525 2280 3565 ram
2320 3524 2429 3564 non
2456 3508 2618 3575 facit;
2657 3509 2837 3563 locum
2866 3510 3016 3563 illum
3044 3508 3270 3573 deserit,
3307 3524 3374 3564 ne
3403 3508 3462 3563 in
3500 3508 3754 3579 laqueum

2165 3602 2407 3668 incidat;
2449 3616 2641 3672 pmnas
2687 3603 2790 3656 luit
2840 3603 2914 3656 ad‘
2941 3613 3158 3673 tempus
3185 3641 3200 3667 ,
3237 3601 3332 3658 sed
3378 3603 3434 3657 in
3486 3609 3751 3658 aeternum

2163 3703 2349 3762 regnat
2374 3707 2389 3754 ;
2418 3691 2472 3745 in
2525 3707 2802 3748 carcerem
2842 3692 3164 3762 conjicitur,
3209 3695 3304 3750 sed
3340 3693 3514 3748 multo
3543 3694 3755 3764 aptabi-

2167 3781 2274 3835 lius
2333 3790 2420 3836 est
2464 3782 2516 3836 in
2580 3784 2830 3838 custodia
2881 3801 3134 3848 manere,
3179 3784 3332 3840 etin
3386 3785 3588 3855 angulo
3647 3785 3752 3840 sub

2166 3871 2281 3936 dio,
2320 3885 2484 3943 quam
2520 3888 2645 3928 cum
2693 3874 2922 3930 muliere
2979 3876 3326 3932 contentiosa
3373 3883 3428 3930 et
3462 3876 3676 3946 loquaci
3705 3877 3747 3930 ³.

2166 3961 2339 4029 Quam
2371 3965 2543 4019 multa
2573 3981 2738 4034 porro
2787 3965 3055 4023 adversus
3086 3968 3232 4022 illam
3284 3969 3520 4024 hazrcsin
3568 3970 3756 4039 dispu-

2168 4056 2270 4109 tari
2315 4058 2582 4127 possunt!
2629 4055 2764 4110 Nam
2825 4066 2920 4111 aut
2949 4057 3176 4114 Mariam
3229 4059 3401 4130 ipsam
3454 4061 3750 4118 adorantes

2168 4146 2486 4216 collyridem
2530 4147 2658 4202 huic
2700 4149 2892 4204 otiosa:
2923 4149 3180 4206 mulieres
3213 4150 3480 4218 oﬂ'erunt;
3519 4161 3613 4208 aut
3649 4170 3751 4224 pro

2169 4236 2286 4306 ipsa
2320 4236 2616 4291 absurdam
2660 4238 2806 4292 illam
2859 4247 2914 4294 et
2952 4238 3238 4295 ridiculam
3295 4242 3633 4298 oblationem
3665 4245 3751 4297 ill-

2169 4334 2426 4389 stituunt.
2455 4334 2756 4404 Utrumque
2789 4351 2918 4392 vero
2949 4337 3210 4392 stolidum
3245 4347 3351 4404 est,
3365 4347 3421 4396 et
3448 4355 3481 4396 a
3500 4339 3748 4395 daemone

2171 4424 2477 4495 profectum
2527 4425 2664 4480 nihil
2700 4435 2897 4497 praeter
2925 4427 3350 4483 ostentationem
3389 4428 3748 4501 fraudemque

2169 4516 2426 4575 continet.

550 4591 667 4644 Ἵνα
696 4590 754 4643 δὲ
804 4588 879 4660 μὴ
914 4589 1357 4660 παρεκτείνωμαι
1391 4588 1468 4658 τῷ
1499 4589 1640 4660 λόγῳ
1667 4628 1680 4652 ,
1723 4589 1950 4660 ἀρκέσει
1991 4587 2060 4642 τὰ

2236 4605 2314 4662 Ne
2353 4607 2455 4662 sint
2507 4605 2746 4678 longior,
2789 4624 2911 4680 quin
2953 4619 3082 4666 sunt
3112 4610 3378 4668 hactenus
3403 4607 3551 4668 dicta
3595 4613 3745 4668 suill-

476 4679 742 4752 εἰρημένα
771 4682 920 4752 ἡμῖν.
964 4680 1028 4732 Ἦ
1057 4679 1243 4750 Μαρία
1270 4682 1328 4732 ὲν
1366 4682 1498 4752 τιμῇ
1525 4719 1540 4746 ,
1572 4683 1600 4734 ό
1641 4679 1845 4752 Κύριος
1886 4696 2060 4753 προσ-

475 4771 760 4826 κυνείσθω.
813 4773 1004 4825 Οὐδενὶ
1048 4771 1157 4842 γὰρ
1211 4772 1537 4843 ἐργάζονται
1584 4774 1634 4826 οἱ
1683 4772 1879 4828 δίκαιοι
1918 4773 2056 4827 πλά-

473 4879 592 4934 νην.
633 4863 1012 4931 Ἇπείραστος
1050 4864 1160 4933 γάρ
1188 4864 1360 4918 ἐστιν
1412 4867 1446 4918 ό
1478 4864 1622 4930 Θεὸς
1665 4865 1898 4920 κακῶν
1935 4885 2056 4920 πει-

477 4954 630 5027 ράζει
663 4954 720 5008 δὲ
751 4955 913 5018 αὐτὸς
952 4955 1176 5021 οὐδένα,
1207 4955 1328 5009 οὐδὲ
1382 4957 1431 5008 οἱ
1463 4955 1628 5010 αὑτοῦ
1666 4956 1880 5024 δοῦλοι,
1917 4961 2059 5031 πρὸς

471 5048 706 5118 ἀπάτην.
760 5047 1056 5112 Ἕκαστος
1108 5046 1177 5101 δὲ
1229 5046 1562 5118 πειράζεται
1611 5050 1680 5103 ἐκ
1734 5049 1845 5118 τῆς
1897 5050 2054 5119 ἰδίας

470 5137 785 5208 ἐπιθυμίας
838 5139 1235 5209 ἐξελκόμενος
1278 5139 1377 5193 καὶ
1430 5139 1872 5210 δελεαζόμενος.
1911 5140 2056 5198 Εἶτα

474 5233 511 5299 ἡ
569 5231 853 5301 ἐπιθυμία
915 5233 1099 5287 τίκτει
1155 5235 1473 5304 ἁμαρτίαν.
1543 5235 1604 5291 Ἠ
1673 5235 1742 5288 δὲ
1798 5236 2056 5306 ἁμαρτία

471 5321 952 5377 ἀποτελεσθεῖσα
985 5323 1246 5378 ἀποκυεῖ
1277 5323 1556 5379 θάνατον.

553 5414 777 5479 Ἰκανῶς
806 5414 863 5467 δὲ
913 5414 1056 5485 ἔχειν
1103 5417 1231 5487 περὶ
1277 5419 1494 5471 πάντων
1553 5417 1757 5471 τούτων
1795 5418 2055 5489 νομίσαν-

471 5523 582 5570 τες,
635 5509 931 5578 ἀγαπητοὶ,
994 5511 1089 5563 καὶ
1131 5509 1356 5583 ταύτην,
1397 5512 1473 5575 ὡς
1523 5514 1720 5576 εἰπεῖν,
1781 5512 1880 5583 τὴν
1921 5530 2052 5566 καν-

472 5598 685 5669 δαρίδα,
747 5599 844 5671 τὴν
903 5598 980 5672 τῷ
1047 5601 1177 5655 εἴδει
1239 5605 1338 5672 μὲν
1388 5603 1770 5676 χρυσὶζουσαν,
1841 5620 2053 5676 πτερω-

568 5759 584 5790 ¹
625 5756 756 5814 Gen.
787 5773 865 5826 ιιι,
901 5761 948 5813 7.
1047 5762 1064 5791 ’
1096 5759 1229 5817 Gen.
1262 5776 1449 5830 xxnx,
1482 5762 1510 5816 7
1547 5777 1664 5834 sqq.

2165 4698 2330 4754 cient.
2367 4699 2536 4754 Maria
2563 4701 2615 4755 in
2641 4700 2852 4758 honore
2882 4702 2974 4768 sit,
3006 4701 3272 4760 Dominus
3304 4703 3584 4761 adoretur.
3607 4705 3744 4761 Nam

2157 4790 2294 4861 justi
2351 4790 2558 4845 nemini
2613 4793 2820 4848 erroris
2869 4795 3217 4851 occasionem
3269 4795 3532 4864 praebent.
3599 4796 3744 4850 Deus

2160 4882 2301 4936 enim
2355 4898 2519 4953 neque
2571 4883 2730 4938 matis
2764 4893 2998 4939 tentatur
3025 4884 3069 4949 ⁸,
3101 4899 3204 4939 nec
3253 4884 3425 4940 ullum
3467 4886 3584 4956 ipse
3607 4926 3625 4953 ,
3660 4886 3744 4941 vel

2160 4977 2282 5044 ejus
2326 4976 2470 5030 servi
2521 4976 2986 5033 circumveniendi
3036 4991 3206 5034 causa
3250 4985 3510 5034 tentant:
3567 4977 3744 5032 Unus-

2160 5064 2376 5133 quisque
2408 5082 2524 5119 vero
2555 5082 2590 5119 a
2637 5053 2856 5136 propria
2889 5067 3315 5137 concupiscentia
3356 5076 3591 5122 tentatur
3616 5072 3743 5123 abs-

2162 5162 2360 5208 tractus
2407 5155 2618 5226 1067
2675 5165 2725 5210 et
2770 5155 2999 5212 illectus.
3046 5155 3248 5211 Deinde
3318 5159 3742 5228 concupiscentia

2137 5254 2428 5315 [peccatum
2461 5245 2623 5312 parit.
2653 5244 2936 5300 Peccatum
2966 5262 3106 5311 vero,
3152 5261 3270 5299 cum
3319 5258 3742 5304 consummatum

2159 5335 2342 5403 fuerit,
2373 5344 2586 5405 generat
2611 5345 2833 5391 mortem
2863 5338 2885 5369 ⁸

2234 5427 2600 5493 Quamobrem
2633 5444 2758 5483 cum
2784 5429 3071 5499 hucusque
3098 5432 3233 5486 satis
3271 5428 3340 5486 de
3380 5430 3448 5487 iis
3483 5432 3738 5488 omnibus

2161 5516 2498 5587 disputatum
2533 5532 2564 5571 a
2614 5518 2771 5573 nobis
2819 5519 3170 5587 arbitremur,
3212 5531 3568 5594 posteaquam
3603 5537 3740 5578 can-

2163 5607 2433 5663 tharidem
2455 5649 2470 5676 ,
2506 5614 2565 5663 ut
2607 5607 2679 5662 ita
2715 5608 2926 5678 dicam,
2959 5611 3144 5677 istam,
3193 5613 3376 5670 colore
3429 5612 3607 5680 fulvo,
3638 5613 3742 5670 alio

1744 5763 1762 5795 ⁸
1789 5762 1948 5818 Prov.
1983 5777 2095 5829 xu,
2127 5764 2179 5822 9.
2257 5763 2275 5796 ‘
2307 5761 2422 5819 Jac.
2453 5781 2490 5832 ι,
2533 5765 2611 5823 15.
2693 5767 2711 5797 ³
2747 5765 2877 5822 ibid.
2915 5765 3006 5833 Μ,
3039 5766 3127 5822 15.
