4134 6392
447 396 552 453 769
1875 399 1931 454 s.
1977 397 2320 457 EPll’ttANll
3623 379 3726 436 rce

450 514 630 586 gregis
675 513 907 569 studiosi
953 515 1178 584 quidam
1218 517 1588 587 scripserunt,
1623 533 1687 571 ac
1715 515 1808 571 Dei
1848 518 2041 574 laudes

2162 521 2329 586 ιαίων,
2356 521 2447 575 καὶ
2478 517 2753 587 εὐφημίας
2780 511 2933 576 τινὰς
2965 511 3127 583 δῆθεν
3148 511 3228 573 εἰς
3256 508 3346 562 τδν
3373 506 3508 560 Θεὸν
3542 506 3728 558 ποιού-

448 605 783 659 (δοηυίηυηιῖ
841 604 1046 674 ψιίιηιε
1104 621 1304 677 ῐη²εηο
1350 623 1485 663 hanc
1524 623 1715 664 errore
1757 608 1928 664 Dem"
1979 625 2038 664 se
2143 634 2293 689 μενοι
2323 616 2419 686 (ὡς
2441 599 2892 680 καταλεγματῖων
2917 605 3012 659 καὶ
3035 600 3369 674 εὐφημιῶν),
3393 596 3733 669 ὥσπερθεδν

457 697 675 765 placare
714 710 777 750 ac
829 697 1129 753 conciliare
1155 699 1262 754 sibi
1298 707 1518 770 putant.
1554 699 1755 756 Verum
1792 702 2036 764 inscitia,

455 805 578 860 qua:
602 789 874 846 obcaecata
903 807 1118 862 semper
1147 800 1254 858 est,
1288 795 1403 849 haec
1429 795 1616 849 omnia
1648 796 1871 852 miseris
1901 797 2034 856 illis.

452 897 559 950 prae
597 881 764 936 animi
805 882 949 938 fastu
981 893 1035 937 et
1061 885 1384 952 insolentia,
1419 883 1599 943 facere
1621 888 1929 959 persuadet.
1958 889 2038 942 Ac

451 976 591 1032 forte
629 984 756 1032 ante
786 976 1010 1047 aliquod
1058 986 1273 1049 tempus
1314 995 1483 1032 unum
1527 995 1593 1034 ex
1635 980 1746 1037 illis
1793 979 2041 1035 aedificiis

449 1067 517 1122 de
556 1068 697 1123 coelo
727 1077 934 1123 tactum
957 1080 1076 1125 est:
1117 1071 1342 1126 ubinam
1373 1087 1502 1125 vero
1523 1073 1792 1142 gentium,
1827 1072 2038 1144 liquido

451 1159 693 1213 uondutn
725 1167 981 1224 constat;
1017 1169 1184 1232 atque
1218 1162 1365 1218 haud
1400 1163 1518 1219 scio
1547 1179 1616 1218 an
1660 1165 1714 1219 in
1754 1164 2040 1221 Phoenicia

449 1249 752 1322 contigisse
781 1251 927 1307 istud
946 1253 1238 1309 audierint.
1273 1255 1416 1320 Quin
1446 1256 1612 1310 etiam
1638 1257 1891 1312 nonnulli
1929 1271 2046 1310 tua-

450 1346 719 1416 gistratus
763 1345 1046 1418 religionis
1088 1347 1289 1404 ardore
1322 1347 1620 1419 ﬂagrantes
1654 1366 1821 1420 quam
1859 1351 2034 1421 pluri-

452 1454 570 1495 tnos
602 1454 668 1495 ex
705 1439 814 1496 illis
850 1440 1211 1505 occiderunt,
1253 1457 1320 1497 eo
1363 1441 1510 1512 quod
1555 1443 1842 1497 veritatem
1881 1443 2042 1496 adul-

453 1531 685 1586 terando
722 1541 1164 1604 corrumperent,
1200 1542 1255 1588 et
1289 1535 1548 1591 Ecclesia:
1589 1549 1794 1591 morem
1827 1551 2040 1606 praepo-

454 1632 603 1678 stera
629 1624 866 1696 quadam
913 1626 1222 1683 imitatione
1250 1626 1520 1683 auderent
1552 1628 1879 1698 exprimere.
1921 1644 2043 1683 cum

454 1731 631 1787 neque
662 1717 965 1773 Christiani
998 1719 1217 1774 interim
1265 1729 1471 1783 essent,
1518 1736 1693 1790 neque
1731 1720 2044 1775 Judaeornm

453 1818 658 1864 sectam
691 1809 1100 1878 profiterentur.
1127 1811 1484 1882 Lupicianns.
1517 1814 1734 1882 opinor.
1761 1812 1869 1866 dux
1903 1829 2045 1868 unus

2140 706 2529 777 ὶξιλεούμενοι,
2571 701 2801 763 ἑαυτοὺς
2831 697 3137 752 ἀπατῶσιν.
3185 693 3250 747 Ἡ
3282 692 3340 746 δὲ
3365 691 3615 760 ἀγνωσία
3636 707 3732 745 τυ·-

2143 799 2248 868 φλή
2281 816 2366 862 τις
2389 792 2544 859 οὖσα,
2577 793 2757 847 πάντα
2786 788 2959 843 ταῦτα
2987 787 3210 857 δοκήσει
3239 785 3473 855 οἰήσεως
3491 785 3604 846 τοῖς
3629 798 3726 834 πεο

2143 890 2506 961 πλανημένοις
2538 880 2974 956 παρασκευάζει.
3009 875 3515 950 Ἐκεραυνοὸολήθη
3539 874 3596 928 δὲ
3625 872 3733 944 πρὸ

2141 985 2334 1057 χρόνου
2370 982 2429 1034 ἓν
2449 980 2560 1033 τῶν
2589 977 2849 1032 τοιούτων
2884 969 3454 1042 κατασκευασμάτωνο
3492 968 3598 1022 οὐκ
3624 965 3734 1038 [χω

2141 1056 2198 1124 δὲ
2237 1071 2416 1136 λέγειν
2439 1069 2498 1122 ὲν
2525 1067 2667 1137 ποίῳ
2700 1065 2869 1134 τόπῳ·
2901 1064 3040 1133 τάχα
3069 1061 3129 1116 δὲ
3149 1061 3211 1114 ὲν
3232 1063 3297 1132 τῇ
3330 1059 3553 1133 Φοινίκῃ
3577 1056 3736 1112 τοῦτο

2143 1162 2480 1234 ἠκούσαμεν.
2523 1158 2686 1213 Ἀλλά
2723 1158 2818 1212 καί
2857 1172 3002 1220 τινες
3036 1153 3145 1208 τῶν
3183 1153 3463 1226 ἀρχόντων
3495 1148 3736 1222 ζηλωταὶ

2145 1256 2374 1319 πολλοὺς
2396 1257 2460 1308 ἐκ
2487 1251 2695 1306 τούτων
2715 1249 3070 1308 ἀπέκτειναν,
3096 1246 3189 1300 διὰ
3210 1245 3272 1298 τὸ
3292 1242 3735 1316 παραχαράττειν

2143 1349 2242 1418 τὴν
2270 1345 2550 1417 ἀλήθειαν,
2587 1344 2681 1397 καὶ
2701 1338 3119 1413 ἀντιμιμεῖσθαι
3154 1334 3486 1407 Ἐκκλησίας
3512 1333 3733 1405 τρόπον,

2149 1441 2224 1512 μὴ
2258 1440 2418 1502 ὄντας
2452 1436 2844 1504 Χριστιανοὺς,
2890 1434 3029 1504 μήτε
3062 1429 3124 1494 ἐξ
3172 1427 3446 1483 Ἰουδαίων
3476 1425 3736 1498 ὁρμωμέ-

2146 1551 2290 1596 νους.
2314 1528 2477 1601 Οἶμαι
2493 1528 2547 1583 δὲ
2593 1525 2962 1590 Λουπικιανδς
2987 1526 3016 1578 ὁ
3039 1521 3417 1594 στρατηλάτης
3440 1513 3521 1582 εἷς
3545 1514 3616 1590 ἦν
3630 1517 3737 1571 τῶν

2147 1627 2272 1690 τοὺς
2296 1624 2493 1686 αὐτοὺς
2536 1621 2863 1692 Εὐφημίτας
2889 1617 2999 1671 τῶν
3040 1615 3314 1687 Ἐλλήνων
3341 1616 3734 1682 τιμωρησαμέ-

2148 1712 2348 1777 vum-3.5
2387 1709 2456 1784 ἧς
2498 1709 2832 1782 προφάσεως
2867 1705 3011 1778 ὲφύη
3059 1703 3224 1758 πάλιν
3274 1702 3461 1763 αὐτοῖς
3510 1698 3739 1768 δευτέρα

2149 1806 2342 1876 πλάνη.
2379 1804 2652 1866 Λαϐόντες
2674 1803 2784 1872 γάρ
2814 1816 2961 1862 τινες
2982 1798 3052 1851 τά
3082 1795 3194 1851 τῶν
3217 1793 3343 1846 τότε
3371 1789 3741 1846 ἁποκτανθένο

453 1915 520 1954 ex
551 1899 636 1954 his
679 1899 802 1964 fuit,
831 1901 927 1972 qui
963 1901 1016 1956 in
1055 1881 1411 1972 Enphemitas
1457 1881 1768 1959 istiusmodi
1805 1905 2038 1974 gentiles

2162 1916 2253 1950 των
2291 1895 2516 1966 σώματα
2560 1894 2648 1948 διὰ
2686 1894 2788 1965 τὴν
2829 1890 3092 1960 τοιαύτην
3133 1884 3456 1958 Ἑλληνικὴν
3485 1881 3737 1953 ἀνομίαν,

457 1991 1011 2047 animadverterunt:
1041 2009 1148 2063 qua
1181 2009 1246 2050 ex
1282 1994 1574 2050 oecasione
1608 2010 1751 2050 nova
1785 1994 1927 2049 facta
1960 2004 2042 2050 est

455 2083 664 2140 erroris
691 2085 958 2141 accessio.
987 2086 1226 2151 Quidam
1265 2088 1413 2141 enim
1453 2102 1645 2141 eorum
1685 2087 1778 2158 qui
1811 2087 1882 2142 ob
1909 2103 2040 2156 gen-

459 2174 614 2229 tilem
651 2174 812 2230 istam
845 2175 1180 2246 impietatem
1222 2177 1500 2232 interfecti
1526 2177 1767 2242 fuerant,
1805 2193 2040 2249 corpora

462 2267 631 2322 certis
659 2267 713 2321 in
741 2267 876 2324 locis
900 2268 1248 2340 sepelientes,
1280 2270 1389 2323 illic
1415 2271 1636 2326 easdem
1671 2271 1796 2326 illas
1856 2271 2046 2325 laudes

2151 1991 2243 2044 ml.
2271 1989 2543 2058 θάψαντες
2566 1987 2622 2039 ἒν
2657 2003 2768 2038 τισι
2799 1984 3006 2046 τόποις,
3042 1983 3158 2034 ἐκεῖ
3195 1978 3357 2033 πάλιν
3385 1976 3455 2029 τά
3487 1973 3627 2028 αύτά
3651 1972 3741 2026 εῦ-

2150 2085 2309 2155 φημὰ
2342 2101 2403 2137 τε
2438 2080 2766 2143 ἐπιτελοῦσι,
2804 2079 2898 2132 καὶ
2927 2071 3350 2147 Μαρτυριανοὺς
3390 2069 3620 2131 ἑαυτοὺς
3645 2067 3742 2119 ὲπ-

2151 2179 2459 2248 ωνὸμασαν,
2493 2173 2652 2245 δῆθεν
2691 2171 2779 2224 διὰ
2811 2171 2940 2233 τοὺς
2982 2168 3124 2238 ὑπὲρ
3173 2164 3284 2219 τῶν
3317 2161 3555 2216 εἰδώλων
3592 2175 3735 2231 μαρ-

2151 2285 2214 2321 τυ
2224 2270 2517 2340 ρήσαντας.

461 2363 802 2433 hymnosque
858 2362 1156 2418 decantant
1189 2371 1244 2418 et
1285 2363 1649 2436 hlartyrianos
1723 2365 1988 2437 appellari
2058 2379 2118 2418 se
2159 2362 2372 2426 volunt,
2416 2369 2640 2433 propter
2696 2357 2821 2413 illos
2855 2353 3148 2416 videlicet.
3185 2351 3282 2422 qui
3341 2349 3413 2406 ob
3471 2346 3742 2402 idolorum

460 2456 668 2509 cultum
702 2455 1027 2527 martyrium
1059 2455 1326 2512 fecerant.

537 2545 753 2618 1069
801 2544 890 2602 lll.
940 2546 1046 2602 Sed
1080 2563 1270 2603 eorum
1317 2564 1510 2605 rursus
1553 2551 1645 2604 alii
1680 2551 1846 2606 altius
1882 2549 2046 2620 quid-

462 2636 588 2690 dam
645 2651 746 2707 pro
790 2637 1039 2693 stultitia:
1081 2655 1195 2694 suae
1236 2648 1400 2710 captu
1435 2642 1813 2713 concipientes
1842 2641 2048 2704 animo,

464 2744 530 2784 ac
571 2728 707 2784 nihil
740 2737 939 2802 praeter
980 2739 1219 2788 mentem
1271 2747 1428 2789 suam
1474 2733 1530 2789 in
1559 2735 1850 2791 consilium
1897 2733 2052 2789 adhi-

467 2825 681 2887 bentes,
715 2823 933 2895 jactare
963 2825 1109 2881 istud
1138 2826 1259 2882 ausi
1301 2835 1459 2882 sunt:
1486 2827 1744 2892 Satanas,
1773 2827 2048 2898 inquiunt,

465 2930 700 2988 magnus
739 2917 962 2988 quidam
994 2926 1100 2984 est,
1123 2933 1187 2974 ac
1226 2918 1387 2990 longe
1431 2919 1796 2985 fortissimus,
1835 2929 1890 2976 et
1911 2921 2052 2974 mala

467 3024 631 3078 quam
651 3009 890 3081 plurima
912 3010 1228 3068 hominibus
1262 3011 1478 3084 inﬂigit.
1507 3013 1620 3068 Cur
1646 3013 1812 3085 igitur
1843 3028 1953 3068 non
1986 3013 2052 3066 ad

467 3100 617 3156 hunc
656 3102 842 3173 potius
865 3103 1246 3174 confugimus,
1297 3113 1351 3160 et
1380 3121 1504 3160 eum
1537 3105 1854 3169 adoramus,
1889 3115 2054 3176 atque

467 3194 679 3250 honore
717 3194 1219 3266 pmdicatiorneque
1259 3211 1606 3261 veneramur,
1654 3207 1714 3251 ut
1749 3198 2053 3252 adulatorio

2223 2545 2296 2596 1".
2329 2539 2510 2594 Ἀλλοι
2555 2539 2613 2592 δὲ
2663 2535 2826 2590 πάλιν
2871 2536 2936 2587 ὲκ
2976 2532 3182 2586 τούτων
3225 2528 3306 2582 ἔτι
3352 2524 3649 2598 βαθύτερόν
3690 2540 3744 2576 τι

2151 2634 2542 2705 διανοούμενοι,
2576 2630 2652 2693 ὡς
2704 2627 2846 2682 κατά
2889 2627 2988 2696 τὴν
3039 2620 3218 2678 αὐτῶν
3277 2619 3552 2691 εὐήθειαν,
3607 2633 3746 2686 συμ-

2154 2731 2334 2802 ϐούλῳ
2368 2731 2437 2800 τῇ
2483 2725 2695 2796 διανοίᾳ
2736 2720 3034 2794 χρώμενοι,
3086 2713 3269 2771 εἷπον·
3325 2732 3344 2766 σ
3393 2713 3452 2766 '0
3496 2709 3746 2802 Σατανᾶς

2159 2797 2334 2894 μέγας
2354 2797 2494 2882 ἐστὶ,
2516 2817 2612 2871 καὶ
2636 2813 3001 2886 ἰσχυρότερος,
3025 2808 3122 2862 καὶ
3145 2805 3318 2860 πολλά
3339 2800 3579 2857 ἐπιτελεῖ
3602 2797 3749 2853 κακὰ

2160 2893 2272 2978 τοῖς
2297 2910 2626 2983 ἀνθρώποις.
2663 2905 2762 2959 Διά
2789 2904 2842 2957 τί
2867 2903 2929 2956 οὑ
2965 2900 3166 2972 μᾶλλον
3195 2897 3332 2968 πρὸς
3360 2893 3550 2948 τοῦτον
3582 2906 3748 2944 κατα-

2163 3005 2456 3076 φεύγομεν,
2503 3000 2598 3054 καὶ
2629 2996 2778 3067 αὐτῷ
2815 2990 3257 3064 προσκυνοῦμεν,
3297 2986 3460 3041 αὐτόν
3489 3001 3549 3037 τε
3578 2980 3747 3052 τιμῶ-

2164 3115 2288 3170 μεν,
2320 3095 2416 3150 καὶ
2448 3092 2610 3146 αὐτὸν
2646 3084 3024 3159 εύφημοῦμεν,
3055 3084 3144 3137 ἵνα
3180 3080 3270 3136 διὰ
3299 3079 3398 3149 τῆς
3430 3075 3748 3170 κολακευτιῗ

2162 3166 2267 3261 κῆς
2305 3185 2600 3260 θεραπείας
2646 3184 2720 3254 μὴ
2768 3179 3042 3254 ὲνεργήσῃ
3076 3177 3209 3248 ἡμῖν
3241 3171 3312 3227 τά
3354 3170 3588 3261 πονηρὰ,
3635 3166 3748 3261 ἀλλξ

470 3287 566 3343 illo
588 3287 739 3343 cultu
775 3289 1104 3345 conciliatus
1140 3304 1339 3346 nocere
1362 3290 1606 3352 desinat,
1664 3291 1775 3348 imo
1800 3305 1929 3345 vero
1959 3305 2056 3344 ιιο⁹

2162 3259 2233 3346 ὼς
2263 3259 2468 3334 δούλων
2504 3275 2668 3331 αὑτοῦ
2715 3272 2874 3345 ἡμῶν
2912 3268 3238 3340 γεγονότων,
3275 3263 3429 3336 φασὶ,
3463 3260 3707 3355 φείδεται
3731 3259 3749 3289 ⁸

471 3388 684 3446 strum,
743 3379 1032 3452 inquiunt,
1079 3383 1238 3453 quasi
1292 3397 1576 3439 servorum
1603 3398 1851 3447 suorum,
1889 3381 2059 3435 ratio-

471 3487 597 3528 nem
648 3469 846 3527 habeat
919 3479 974 3527 et
1028 3472 1316 3544 ignoscat?
1384 3472 1528 3542 Ergo
1589 3471 1666 3526 illi
1731 3469 2059 3525 Satanianos

473 3563 804 3636 semetipsos
836 3565 1130 3635 appellant.
1165 3565 1410 3632 Quorum
1455 3565 1687 3620 hzeresin
1739 3579 1862 3617 cum
1896 3577 2058 3632 supe-

474 3658 717 3713 rioribus
760 3658 891 3722 illis,
943 3657 1013 3712 de
1065 3657 1268 3728 quibus
1305 3657 1566 3726 deinceps
1615 3655 1791 3710 acturi
1845 3669 2058 3713 sumus.

475 3748 916 3820 coniungendam
955 3749 1288 3820 putavimus.
1325 3748 1595 3814 Quoniam
1623 3747 1842 3816 utrique
1866 3760 1894 3799 a
1922 3746 2065 3800 veri-

477 3847 588 3895 tate
615 3838 991 3895 desciscentes
1022 3838 1165 3894 idem
1200 3837 1347 3895 foras
1378 3837 1685 3910 prodeundi
1733 3845 1788 3891 et
1839 3838 1942 3892 sub
1973 3835 2063 3890 dio

480 3929 742 4000 precandi
791 3945 856 3985 ac
900 3929 1134 3985 canendi
1183 3929 1500 3986 institutum
1543 3935 1752 3985 tenent.
1795 3927 2062 3982 Caeterum

480 4019 595 4075 haec
653 4019 837 4075 omnia
885 4018 1109 4074 ludibrii
1151 4025 1207 4073 et
1266 4018 1592 4088 ineptiarum
1637 4017 1819 4087 plena,
1877 4015 2062 4069 damni

480 4108 616 4165 nihil
645 4107 939 4164 admodum
974 4107 1271 4171 habebant,
1306 4122 1484 4178 neque
1508 4122 1536 4160 a
1569 4106 1798 4162 veritate
1828 4112 2066 4160 mentem

483 4200 756 4256 abducere
779 4205 1034 4271 poterant
1072 4216 1086 4255 :
1127 4214 1238 4254 non
1269 4198 1418 4254 enim
1451 4197 1774 4260 Christiani,
1806 4196 1902 4251 sed
1933 4196 2067 4250 meri

482 4293 735 4365 gentiles,
787 4291 1149 4348 habebantur.
1173 4290 1241 4346 At
1272 4291 1367 4361 qui
1405 4289 1569 4345 hodie
1615 4287 1929 4345 Massaliani
1971 4304 2065 4341 vo-

484 4395 681 4441 cantur
701 4423 716 4445 ,
749 4382 944 4442 iisdem
994 4381 1241 4438 moribus
1285 4395 1350 4436 ac
1379 4380 1581 4437 ritibus
1614 4378 1854 4438 addicti,
1895 4393 2070 4448 neque

486 4475 726 4541 initium,
786 4489 964 4546 neque
999 4472 1183 4540 linem,
1233 4487 1412 4543 neque
1449 4478 1636 4542 caput,
1684 4477 1779 4524 aut
1829 4469 2070 4523 radicem

486 4568 688 4623 habent
716 4565 914 4632 ullam;
965 4564 1062 4621 sed
1118 4563 1240 4619 sine
1272 4560 1629 4617 fundamento
1695 4574 1759 4614 ac
1800 4557 2071 4630 principio

2163 3371 2359 3444 ἡμῶν;
2419 3369 2530 3423 Καὶ
2586 3365 2732 3420 οὕτω
2781 3363 2878 3418 καὶ
2923 3357 3070 3417 οὗτοι
3107 3356 3474 3416 Σατανιανοὺς
3526 3349 3754 3412 ἑαυτοὺς

2161 3441 2545 3533 ἐπωνόμασαν.
2587 3455 2754 3528 Ὀμοῦ
2782 3454 2841 3509 δὲ
2871 3452 3078 3507 τούτων
3104 3451 3204 3521 τὴν
3235 3447 3449 3520 αἳρεσιν
3485 3445 3545 3498 ὲν
3573 3441 3751 3511 τούτῳ

2165 3550 2544 3622 συνεθήκαμεν
2570 3548 2665 3601 καὶ
2691 3547 2819 3609 τοὺς
2848 3541 3309 3615 προειρημένους,
3344 3537 3635 3610 μέλλοντας
3664 3533 3753 3601 ὑφ’

2164 3642 2320 3714 ἡμῶν
2348 3641 2466 3693 νυνὶ
2492 3637 2770 3708 λέγεσθαι.
2808 3633 3028 3704 Ἐπειδὴ
3063 3632 3172 3703 γὰρ
3201 3632 3272 3684 τὰ
3294 3630 3385 3684 ἶσα
3410 3630 3468 3682 ὲν
3503 3624 3756 3695 ὑπαίθρῳ

2165 3733 2505 3805 ἐξαγόμενοι,
2537 3729 2642 3797 ἔξω
2685 3727 2982 3800 βεϐηκότες
3011 3725 3112 3794 τῆς
3145 3723 3427 3794 ἀληθείας,
3456 3720 3548 3773 ἐπὶ
3579 3717 3640 3772 τὸ
3665 3715 3756 3770 εῦ-

2165 3827 2378 3898 χεσθαι,
2432 3826 2527 3880 καὶ
2576 3825 2768 3895 ὑμνεῖν
2816 3818 3212 3891 ὲσχολάκασινο
3254 3813 3392 3870 ἀλλὰ
3427 3814 3606 3870 πάντα
3657 3809 3757 3880 μὲν

2165 3917 2336 3970 ταῦτα
2365 3912 2735 3987 περιγέλαστα
2771 3911 2902 3964 ὄντα
2937 3907 3148 3979 ἀϐλαϐῆ
3180 3905 3463 3976 ἐτύγχανε,
3498 3902 3574 3974 μὴ
3597 3900 3758 3956 δυνά-

2172 4026 2308 4080 μενα
2349 4006 2735 4079 παρεκκλίνειν
2775 4003 2865 4058 τὸν
2912 4001 3036 4056 νοῦν
3083 4000 3193 4053 ἀπὸ
3225 4000 3326 4072 τῆς
3366 3995 3656 4068 ἀληθείας’
3694 3994 3756 4047 οῦ

2169 4101 2277 4173 γὰρ
2297 4103 2377 4166 εἰς
2399 4101 2570 4170 ὄνομα
2597 4098 2635 4152 Χ
2652 4096 2834 4171 ριστοῦ
2862 4096 3111 4165 ἐλέγοντο
3142 4087 3304 4156 εἶναι,
3332 4089 3470 4146 ἀλλά
3495 4087 3759 4159 Ἕλληνες

2169 4194 2233 4246 τὸ
2263 4195 2372 4247 πᾶν
2393 4209 2405 4222 ο
2438 4193 2534 4246 νῦν
2566 4191 2623 4244 δὲ
2673 4191 2770 4244 ἀπ’
2807 4187 3036 4242 ἐκείνων
3078 4185 3187 4238 τῶν
3223 4184 3442 4256 τρόπων
3485 4175 3633 4235 οὗτοι
3663 4178 3758 4232 νῦν

2172 4285 2496 4356 καλούμενοι
2539 4278 2936 4342 Μασσαλιανοὶ,
2975 4271 3052 4332 ὦν
3079 4275 3207 4330 οὕτε
3245 4273 3409 4347 ἀρχὴ,
3435 4272 3559 4328 οῦτε
3585 4272 3756 4336 τέλος,

2172 4377 2294 4432 οὔτε
2322 4376 2558 4446 κεφαλὴ,
2591 4375 2718 4430 οῦτε
2767 4374 2922 4446 ῥίζα·
2952 4371 3090 4426 ἀλλά
3122 4368 3192 4423 τά
3221 4368 3398 4423 πάντα
3429 4367 3566 4421 εἰσὶν
3591 4367 3757 4436 ἀστή-

2178 4488 2373 4543 ρικτοι,
2402 4469 2497 4524 καὶ
2524 4466 2875 4540 ἀναρχοι,καὶ
2902 4468 3086 4536 ὴπατη
3096 4463 3267 4534 μένοι,
3295 4461 3370 4532 μὴ
3390 4458 3604 4531 ἔχοντες
3624 4457 3762 4520 ὅλως

2176 4561 2482 4635 στηριγμδν
2525 4556 2877 4629 ὀνόματος,ἦ
2922 4553 3149 4627 θεσμοῦ,
3194 4554 3228 4624 ἢ
3271 4551 3495 4615 θέσεως,
3529 4549 3562 4618 ἢ
3601 4566 3764 4620 νομο·

488 4673 718 4729 prorsus
757 4654 1024 4712 inconditi
1043 4663 1193 4719 sunt,
1225 4662 1280 4709 et
1300 4652 1625 4725 gravissimo
1652 4651 1707 4704 in
1733 4665 1921 4705 errore
1945 4664 2057 4704 ver-

2176 4650 2383 4716 θεσίας.
2430 4649 2659 4706 Δοκοῦσι
2705 4649 2886 4702 τοίνυν
2933 4639 3082 4700 οὗτοι
3129 4643 3421 4699 ὲπιτοαυτὺ
3463 4642 3657 4715 ἄνδρες
3703 4658 3762 4694 τε

489 4759 681 4806 santur
715 4768 729 4804 :
775 4754 967 4820 utpote
1013 4747 1109 4819 qui
1142 4745 1296 4800 nullo
1335 4759 1515 4816 neque
1557 4741 1835 4805 nominis,
1893 4755 2072 4810 neque

491 4841 817 4907 sanctionis,
881 4855 1062 4910 neque
1114 4836 1390 4909 regionis,
1442 4851 1620 4907 neque
1665 4835 1842 4905 legum
1889 4832 2073 4886 firmao

490 4941 674 4990 mento
712 4929 1084 4987 continentur.
1119 4927 1199 4982 llli
1223 4927 1390 5000 igitur
1423 4927 1479 4982 in
1525 4939 1696 4981 unum
1726 4923 1909 4980 .coacti
1959 4929 2071 4976 tam

490 5026 785 5096 viri,quam
810 5023 1090 5085 mulieres,
1105 5020 1330 5078 credere
1354 5021 1407 5076 in
1426 5019 1707 5075 Christum
1725 5017 1999 5080 videntur,
2017 5025 2081 5070 ac

495 5133 555 5175 se
579 5115 782 5173 mundo
829 5115 1183 5171 renuntiasse
1197 5120 1252 5170 et
1279 5129 1377 5168 sua
1409 5111 1593 5165 omnia
1611 5109 1925 5166 deseruisse
1951 5124 2080 5179 pro-

497 5219 738 5260 ﬁtemur.
765 5203 904 5259 Tum
940 5219 1069 5260 vero
1101 5203 1417 5273 promiscue
1449 5216 1614 5257 sexus
1644 5200 1928 5270 utriusque
1956 5199 2083 5254 dor-

499 5297 732 5356 mientes
762 5312 957 5353 omnes
987 5297 1042 5351 in
1075 5293 1498 5366 spatiosissimis
1527 5293 1663 5348 vicis
1705 5307 1802 5361 per
1833 5299 2079 5347 aestatem

495 5391 712 5461 iacent;
738 5386 882 5461 quod
904 5403 964 5444 se
986 5387 1284 5458 quidquam
1310 5388 1365 5442 in
1391 5393 1539 5441 terra
1562 5384 1845 5454 possidere
1867 5396 2082 5454 negent.

503 5481 680 5540 Soluti
729 5499 892 5554 porro
944 5499 1008 5539 ac
1044 5483 1164 5552 vagi
1207 5488 1359 5543 sunt,
1411 5487 1466 5534 et
1523 5493 1721 5532 manus
1769 5476 1835 5530 ad
1888 5477 2087 5546 stipem

503 5576 812 5646 porrigunt,
845 5575 1070 5646 perinde
1098 5589 1164 5628 ac
1188 5573 1335 5627 victu
1359 5577 1413 5626 et
1439 5568 1790 5641 possessione
1815 5576 2083 5625 carentes.

505 5664 614 5721 Sed
644 5683 834 5722 eorum
863 5681 1147 5722 sermones
1177 5663 1532 5720 stoliditatem
1561 5675 1775 5717 omnem
1804 5668 2083 5731 superant.

575 5823 594 5857 ί
627 5823 684 5879 F.
713 5826 977 5895 φεῐδηται.

2181 4746 2274 4799 καὶ
2313 4746 2569 4814 γυναῖκες
2598 4743 2758 4814 δῆθεν
2802 4743 2882 4806 εἰς
2917 4741 3152 4813 Χριστὸν
3184 4737 3628 4802 πεπιστευκέναι,
3669 4735 3762 4788 λέ-

2179 4855 2389 4907 γοντες,
2427 4834 2505 4900 ὼς
2547 4833 2950 4905 ἀποταξάμενοι
2984 4832 3063 4904 τῷ
3095 4833 3307 4903 κόσμῳ,
3341 4831 3434 4886 καὶ
3464 4829 3572 4883 τῶν
3621 4826 3763 4880 ἰδίων

2179 4928 2666 4999 ἀνακεχωρηκότες
2685 4944 2700 4959 ·
2723 4927 2859 4997 ὁμοῦ
2877 4927 2932 4982 δὲ
2951 4925 3155 4998 ἀναμὶξ
3177 4925 3370 4996 ἄνδρες
3394 4922 3510 4993 ἅμα
3526 4917 3762 4989 γυναιξὶ,

2181 5022 2275 5074 καὶ
2299 5023 2558 5089 γυναῖκες
2581 5020 2699 5091 ἅμα
2711 5019 2972 5093 ἀνδράσιν
2991 5017 3280 5073 ὲπιτοαυτδ
3308 5013 3680 5076 καθεύδοντες,
3708 5013 3767 5065 ἐν

2183 5112 2385 5185 ῥύμαις
2425 5112 2524 5183 μὲν
2567 5113 2874 5177 πλατείαις,
2902 5111 3140 5181 ὁπηνίκα
3167 5110 3359 5181 θέρους
3388 5106 3506 5177 ὥρα
3530 5105 3637 5174 εῐη,
3678 5103 3766 5156 διὰ

2179 5203 2240 5255 τὸ
2271 5202 2345 5274 μὴ
2376 5201 2542 5272 ἔχειν,
2577 5203 2734 5273 φησὶ,
2766 5203 2953 5273 κτῆμα
2981 5202 3074 5255 ἐπὶ⁵
3099 5200 3200 5270 τῆς
3223 5200 3349 5270 γῆς.
3389 5196 3685 5250 Ἀκώλυττι
3709 5193 3764 5246 δέ

2183 5296 2308 5357 εἱσι,
2344 5295 2438 5350 καὶ
2469 5294 2772 5349 ὲκτείνουσι
2799 5299 2989 5368 χεῖρας
3018 5295 3290 5366 μεταιτεῖν
3320 5291 3397 5354 ὡς
3426 5289 3650 5343 ἀείοιτοι
3676 5291 3769 5339 καὶ

2186 5387 2515 5457 ἀκτήμονες.
2541 5387 2605 5440 Οἱ
2625 5386 2680 5438 δὲ
2701 5385 2848 5455 λόγοι
2872 5385 3051 5439 αὐτῶν
3077 5383 3331 5453 ἀφρόνων
3357 5381 3639 5437 ἐπέκεινα,-
3671 5378 3767 5431 Ὃν

2185 5479 2228 5532 δ’
2261 5479 2324 5533 ἄν
2353 5497 2474 5532 τινα
2501 5481 2856 5550 ἐπερωτήσῃς
2884 5477 2943 5540 ἐξ
2976 5475 3155 5530 αὐτῶν
3191 5470 3532 5545 ὁρμώμενον,
3562 5467 3771 5520 ἐκεῖνον

2185 5571 2375 5626 ἑαυτὸν
2405 5573 2623 5642 φάσκει,
2658 5567 2768 5626 οἷον
2799 5571 2844 5625 δ’
2875 5571 2941 5624 ἂν
2979 5568 3202 5629 ἐθέλοις.
3243 5565 3401 5617 Ἤτοι
3425 5560 3534 5632 γὰρ
3558 5558 3772 5630 προφή-

2186 5680 2284 5733 την
2351 5662 2542 5726 εἴποις,
2613 5659 2877 5729 λέξουσιν,
2949 5659 3030 5712 ὅτι
3089 5655 3386 5725 Προφήτης
3442 5649 3592 5721 εἰμί·
3653 5647 3773 5718 ἢτοι
