4134 6392
460 394 552 453 ἳϐΙ

1121 397 1493 455 ADVERSUS
1530 400 1875 459 "ERESES
1912 403 2048 460 LIB.

2156 443 2173 460 .
2212 402 2376 463 TOM.
2415 403 2478 461 Il.
2517 436 2587 447 —-—
2626 404 2902 462 ΗλεῐὶΕδ.
2941 402 3154 467 LXXX.

3646 399 3753 458 76$

456 508 693 582 Χριστὸν
752 509 823 564 ἂν
863 509 1159 588 όνομάσῃς,
1214 515 1437 586 φάσκει,
1486 518 1567 572 ὅτι
1620 521 1856 591 Χριστός
1907 524 2058 595 εἰμι’

2152 514 2564 595 Quemcunque
2589 523 2738 581 enim
2766 538 2836 580 ex
2865 521 2977 578 illis
3014 520 3462 593 interrogaveris,
3499 521 3661 576 talcm
3691 538 3752 578 se

457 602 577 673 ῆτοι
612 602 980 677 πατριάρχην,
1008 606 1072 661 τὸ
1102 607 1237 662 αὐτὸ
1259 610 1455 665 ἑαυτὸν
1486 611 1748 682 ὀνομάζει
1776 612 2012 680 ἀναιδῶς
2035 633 2048 648 ·

461 695 584 766 ἢτοι
625 695 881 765 ἄγγελον,
914 697 1014 752 καὶ⁵
1055 699 1249 755 ἑαυτὸν
1281 700 1449 772 λέγει.
1490 704 1604 759 Καὶ
1653 704 1841 770 ἁπλῶς
1880 705 1929 759 ῶ
1952 707 2053 780 τῆς

458 784 567 838 τῶν
610 784 918 857 ἀνθρὼιιαον
967 792 1478 865 ματαιοφροσύνηςι
1514 793 1793 868 Νηστείαν
1836 796 1895 852 δὲ
1943 797 2053 852 οὐδ’

457 875 597 941 ὅλως
625 877 868 934 οἴδασινο
895 880 1034 936 ἀλλά
1059 881 1221 956 δῆθεν
1249 887 1332 950 είς
1358 887 1459 959 τὴν
1480 889 1650 961 ερχὴν
1667 889 2052 961 ὲσχολακότες,

458 970 555 1024 καὶ
577 971 689 1025 ἀπὸ
709 971 862 1046 ῶρας
897 974 1178 1050 δευτέρας,
1212 978 1246 1051 ἢ
1283 981 1495 1054 τρίτης,
1521 983 1556 1055 ἢ
1594 983 1693 1038 καὶ
1728 984 1832 1057 τὴν
1858 984 2053 1054 νύκτα,

458 1062 556 1118 ἐὰν
602 1063 852 1135 φθάσωσι
898 1070 1154 1125 πεινᾶσαι
1172 1110 1190 1137 ,
1239 1072 1420 1128 πάντα
1470 1073 1645 1140 ἀδεῶς
1689 1075 2017 1149 ἐργάζονται
2035 1114 2052 1142 ,

457 1157 732 1226 ἐσθίοντες
788 1163 885 1218 καὶ
919 1164 1190 1231 πίνοντες.
1223 1168 1362 1241 Περὶ
1400 1169 1459 1223 δὲ
1498 1171 1859 1245 αίσχρότητος
1890 1171 1925 1245 ῆ
1960 1173 2057 1228 λα-

457 1253 646 1324 γνείας
670 1256 734 1310 οὐ
761 1256 908 1313 πάνυ
941 1277 993 1315 τι
1020 1261 1259 1335 δύναμαι
1283 1264 1524 1320 είδέναιυ
1543 1264 1691 1339 Πλὴν
1720 1266 1842 1321 οὐδὲ
1862 1267 2054 1323 τούτου

457 1345 597 1402 εἰσὶν
621 1348 964 1418 ἀποδέοντες,
996 1353 1234 1424 μάλιστα
1262 1357 1554 1411 ὲπιτοαυτὺ
1579 1360 1734 1431 κοινῇ
1767 1359 1830 1413 τὸ
1864 1361 2051 1417 κοιτά-

457 1437 575 1504 ζειν
616 1442 915 1515 ισχηκότες
955 1447 1076 1518 ἅμα
1103 1449 1322 1517 γυναιξὶ
1358 1450 1454 1504 καὶ
1491 1450 1771 1523 ἀνδράσιν.
1804 1446 1966 1508 Οὗτοι
1993 1453 2051 1508 δὲ

458 1535 554 1589 καὶ
579 1535 640 1590 ιν
683 1536 987 1612 Ἀντιοχείᾳ
1013 1541 1152 1596 είσὶν
1174 1542 1284 1596 ἀπὸ
1309 1543 1410 1615 τῆς
1432 1543 1626 1616 Μέσης
1655 1543 1764 1598 τῶν
1787 1546 2053 1619 ποταμῶν

457 1624 792 1699 ὁρμώμενοι.

2151 618 2371 688 qualem
2417 617 2683 681 volueris,
2742 630 2871 672 esse
2925 613 3208 670 fatebitur.
3266 612 3394 670 Sive
3424 613 3749 684 prophetam

2151 710 2383 778 dixeris,
2421 709 2721 781 prophetas
2766 723 2830 765 se
2873 722 3000 764 esse
3033 706 3257 774 dicent;
3314 707 3432 763 sive
3468 705 3751 762 Christum

2154 804 2431 867 nomines,
2473 802 2757 860 Christum
2801 817 2865 860 se
2908 816 3036 859 esse
3062 800 3297 874 quilibet
3350 799 3747 873 respondebit;

2153 895 2271 953 sive
2292 895 2691 968 patriarcham,
2722 894 2831 951 hoc
2862 895 3047 967 ipsum
3086 893 3195 952 sibi
3224 907 3428 950 nomen
3460 893 3749 964 impuden-

2153 996 2240 1045 ter
2276 988 2581 1056 attribuet;
2615 988 2734 1045 sive
2764 987 3023 1060 angelum
3053 985 3316 1058 denique,
3349 986 3514 1042 talem
3543 1002 3606 1042 se
3638 1001 3749 1042 non

2151 1081 2425 1137 dubitabit
2463 1095 2737 1138 asserere.
2777 1079 2826 1137 0
2868 1079 3207 1152 singularem
3248 1080 3532 1135 hominum
3562 1094 3754 1135 vecor-

2151 1174 2336 1230 diam!
2375 1173 2535 1242 Ουοά
2593 1175 2663 1230 ad
2703 1172 2979 1246 jejunium
3012 1187 3146 1229 vero
3178 1180 3413 1244 spectat,
3475 1172 3579 1227 hoc
3606 1172 3749 1244 apud

2151 1264 2278 1320 illos
2316 1264 2532 1322 nullum
2577 1270 2664 1320 est
2698 1263 2949 1320 omnino.
2983 1260 3190 1319 Verum
3245 1263 3348 1318 toti
3392 1260 3653 1317 videlicet
3694 1263 3751 1315 in

2151 1357 2431 1414 orationes
2453 1356 2670 1424 intenti,
2694 1372 2726 1412 a
2757 1355 3002 1414 secunda
3028 1355 3260 1413 tertiave
3288 1355 3446 1420 hora,
3470 1355 3557 1410 vel
3581 1355 3749 1410 etiam

2153 1457 2348 1515 noctu,
2387 1451 2437 1506 si
2471 1449 2744 1516 esuriant,
2787 1448 3005 1521 1070
3037 1446 3179 1503 nihil
3216 1462 3328 1503 non
3356 1461 3458 1518 pro
3488 1461 3587 1502 sua
3625 1446 3753 1501 libi-

2154 1544 2286 1601 dine
2331 1541 2563 1611 faciunt,
2619 1555 2685 1598 ac
2717 1540 2844 1598 cibo
2887 1548 3155 1612 potuque‘
3182 1555 3243 1597 se
3278 1539 3641 1611 ingurgitant.
3676 1536 3754 1592 De

2156 1636 2376 1693 illorum
2401 1634 2750 1709 turpitudine
2778 1649 2845 1692 ac
2875 1634 3099 1707 flagitiis
3130 1632 3270 1689 nihil
3298 1640 3454 1689 certo
3481 1631 3751 1702 comperi.

458 1723 567 1780 Sed
603 1725 676 1781 ab
720 1726 792 1784 iis
840 1742 1189 1802 nequaquam
1230 1732 1536 1791 abhorrere
1559 1734 1645 1791 vel
1682 1750 1875 1792 eorum
1924 1735 2270 1794 consuetudo
2297 1735 2617 1808 persuadet,
2669 1748 2782 1807 qua
2833 1733 3149 1806 promiscue
3204 1730 3314 1786 viri
3372 1744 3499 1786 cum
3553 1728 3751 1784 mulie-

459 1820 616 1880 ribus
655 1823 880 1879 cubant.
930 1824 1205 1883 Cteterum
1264 1829 1574 1886 Antiochia:
1626 1846 1850 1903 quoque
1902 1831 2064 1889 sedes
2097 1832 2325 1899 habent,
2363 1845 2477 1904 quo
2503 1844 2536 1886 e
2569 1827 2966 1900 MesOpotamia
2996 1841 3119 1884 sese
3139 1824 3513 1881 contulerunt.

530 1918 605 1970 A'.
634 1915 835 1987 Ἕσχον
866 1917 923 1972 δὲ
955 1919 1015 1974 τὸ
1049 1920 1314 1994 βλαϐερὸν
1339 1923 1501 1979 τοῦτο
1530 1926 1788 1997 φρόνημα
1823 1925 1934 1982 ἀπὸ
1956 1927 2058 1999 τῆς

2232 1925 2323 1983 ιγ.
2358 1925 2475 1982 Hoc
2505 1939 2637 1982 vero
2684 1923 2848 1995 longe
2889 1919 3423 1994 perniciosissimum
3452 1918 3650 1990 dogma
3681 1933 3750 1972 ex

459 2007 730 2081 ἀμετρίας
776 2011 878 2081 τῆς
918 2030 1082 2068 τινων
1131 2015 1379 2087 ἀδελφῶν
1422 2017 1705 2088 ἀφελείας.
1740 2019 1900 2084 Τινὲς
1942 2019 2054 2092 γὰρ

458 2099 570 2153 τῶν
596 2102 884 2176 ἡμετέρων
911 2105 1159 2176 ἀδελφῶν
1187 2108 1284 2162 καὶ
1312 2108 1631 2182 όρθοδόξων,
1662 2111 1738 2184 μὴ
1762 2111 2057 2182 γινώσκον-

463 2207 552 2256 τες
579 2192 644 2247 τὸ
676 2195 878 2268 μέτρον
917 2198 1018 2271 τῆς
1054 2200 1115 2253 ὲν
1143 2201 1370 2274 Χριστῷ
1416 2203 1714 2271 πολιτείας,
1741 2205 1805 2259 τὸ
1834 2205 2056 2260 κελεῦον

463 2282 868 2340 ἅποτάσσεσθαι
886 2287 967 2358 τῷ
994 2289 1209 2362 κόσμῳ,
1231 2290 1532 2363 κτημάτων
1547 2310 1610 2347 τε
1640 2293 1788 2348 ίδίων
1812 2295 1905 2349 καὶ
1926 2312 2059 2366 χρη-

464 2374 649 2444 μάτων
681 2376 1100 2448 ἀποξενοῦσθαι,
1128 2382 1330 2440 πωλεῖν
1352 2401 1415 2439 τε
1443 2387 1515 2440 τά
1543 2385 1677 2452 ἴδια,
1705 2388 1799 2442 καὶ
1835 2388 2056 2460 μεταδι-

457 2466 608 2521 δόναι
644 2473 904 2542 πτωχοῖς,
945 2473 1246 2547 λαμϐάνειν
1274 2472 1333 2530 δὲ
1370 2480 1464 2534 τδν
1499 2478 1756 2551 σταυρὸν,
1803 2481 1900 2535 καὶ
1927 2483 2058 2537 ἀκο-

460 2559 670 2617 λουθεῖν
692 2564 752 2619 ἐν
775 2563 1026 2641 ἀληθείᾳ,
1060 2567 1136 2642 μὴ
1162 2569 1354 2640 ἀργὸν,
1394 2570 1533 2643 μήτε
1562 2570 1762 2644 ἀεργὸν
1781 2575 1875 2627 καὶ
1900 2574 2057 2629 ἀκαι-

463 2655 721 2727 ροφάγον,
774 2658 912 2732 μηδὲ
941 2661 960 2692 ¹
987 2659 1066 2731 τῷ
1097 2661 1304 2735 κηφῆνι
1339 2663 1453 2718 τῶν
1496 2664 1792 2736 μελισσῶν,
1829 2665 2056 2736 ἐργάζει

463 2745 588 2802 σθαι
619 2747 678 2803 δὲ
702 2752 827 2815 ταῖς
861 2752 1022 2817 ίδίαις
1068 2754 1259 2826 χερσίν
1282 2770 1300 2787 '
1329 2753 1521 2830 ὥσπερ
1547 2758 1643 2812 καὶ
1673 2758 1702 2813 ό
1737 2759 1892 2829 ἅγιος
1919 2759 2058 2813 ἀπό-

464 2840 651 2906 στολος
695 2842 912 2910 Παῦλος
957 2845 1376 2919 ἀποταξάμενος
1418 2850 1501 2923 τῷ
1535 2850 1746 2922 κόσμῳ,
1776 2853 1953 2925 κῆρυξ
1999 2852 2059 2908 δὲ

460 2931 536 2986 ὢν
566 2934 667 3007 τῆς
689 2934 966 3007 ἀληθείας,
996 2930 1060 2993 οὗ
1089 2940 1146 2992 αἱ
1172 2943 1356 3012 χεῖρες
1381 2943 1444 2997 οὐ
1481 2942 1643 3014 μόνον
1675 2942 1856 3017 ἐαυτῷ
1883 2946 2060 3018 ἐπήρ-

462 3042 610 3091 κουν,
638 3025 776 3081 ἀλλὰ
805 3028 900 3082 καὶ
924 3030 1040 3094 τοῖς
1064 3030 1317 3086 συνοῦσιν
1339 3032 1489 3105 αὐτῷ
1509 3051 1524 3067 ο
1555 3036 1657 3089 οὐκ
1681 3030 1802 3090 οὖσι
1831 3035 1889 3089 δὲ
1916 3036 2059 3090 ὲκεί-

460 3135 575 3184 νοις
619 3119 833 3193 ἀργοῖς,
868 3121 984 3177 ἀλλ⁹
1015 3123 1133 3196 ἅμα
1163 3115 1548 3200 συμπαροῦσιν
1585 3128 1736 3201 αὐτῷ
1775 3130 1833 3184 ὲν
1861 3131 1928 3202 τῇ
1961 3130 2055 3201 ἐρ-

462 3211 646 3285 γασίαν
670 3213 848 3279 δςπου
873 3217 1141 3288 καυχᾶται
1157 3215 1355 3287 λέγων,
1373 3218 1616 3275 διδάσκει
1636 3220 1694 3274 δὲ
1718 3220 2050 3291 σαφέστατα·

2157 2019 2329 2075 nimia
2361 2015 2728 2090 quorumdam
2765 2014 2997 2070 fratrum
3032 2011 3602 2101 imperitia.manarit.
3642 2008 3750 2077 Qui

2155 2129 2283 2170 cum
2313 2119 2466 2169 recte
2496 2109 2704 2182 alioqui
2735 2108 2805 2165 de
2833 2107 2941 2164 fide
2968 2108 3260 2171 sentirent,
3292 2104 3420 2159 vita:
3445 2120 3510 2160 ex
3541 2102 3752 2158 Christi

2156 2205 2377 2261 Domini
2408 2202 2735 2275 praescripto
2768 2198 3121 2257 instituenda:
3147 2196 3370 2252 modum
3402 2210 3752 2267 nequaquam

2158 2298 2548 2355 intellexerunt
2578 2312 2593 2351 :
2635 2301 2913 2367 quatenus
2945 2290 3267 2348 renuntiare
3320 2287 3543 2360 mundo,
3556 2304 3618 2345 ac
3651 2288 3752 2344 bo-

2159 2391 2249 2447 nis
2278 2404 2340 2446 se
2363 2404 2482 2446 suis
2507 2395 2564 2445 et
2599 2385 2962 2442 facultatibus
3003 2381 3284 2446 abdicare,
3331 2381 3581 2437 fortunas
3619 2396 3753 2437 suas

2157 2482 2399 2539 vendere
2437 2494 2503 2536 ac
2560 2477 2896 2551 pauperibus
2925 2475 3203 2548 dilargiri,
3260 2489 3481 2530 crucem
3514 2472 3754 2534 l'errr,ac

2160 2574 2306 2632 serio
2345 2572 2500 2646 sequi
2530 2587 2591 2629 se
2628 2567 2954 2626 mandavit:
3001 2581 3113 2623 non
3142 2577 3203 2623 ut
3240 2566 3423 2631 iners,
3458 2572 3515 2620 et
3540 2565 3756 2619 otiosus

2159 2666 2436 2738 quispiam
2511 2670 2693 2726 esset,
2735 2669 2831 2716 aut
2878 2658 3267 2732 intempestive
3313 2658 3669 2725 lielluarrtur,
3689 2672 3756 2710 ac

2160 2757 2574 2815 fucoruminter
2601 2769 2733 2827 apes
2768 2752 2968 2811 similis
3007 2751 3186 2808 foret:
3220 2750 3353 2823 quin
3385 2750 3496 2805 imo
3540 2749 3657 2804 suis
3696 2755 3756 2803 ut

2161 2851 2418 2906 manibus
2443 2863 2582 2919 opus
2620 2846 2848 2911 faceret,
2881 2857 2948 2899 ac
2985 2844 3208 2900 beatum
3240 2842 3552 2915 imitaretur
3572 2840 3754 2909 Apos-

2161 2945 2354 3008 tolum,
2394 2942 2516 3015 qui,
2542 2939 2811 2996 mundum
2842 2939 3028 2994 valete
3050 2936 3278 3010 jubens,
3298 2951 3477 3007 prazco
3506 2934 3757 2991 veritatis

2157 3034 2390 3098 exstitit,
2417 3031 2579 3103 cujus
2612 3045 2811 3087 manus
2855 3045 2968 3084 non
3015 3028 3123 3101 ipsi
3171 3029 3372 3091 solum,
3427 3026 3522 3083 sed
3562 3035 3618 3081 et
3665 3025 3755 3091 iis,

2158 3127 2254 3198 qui
2293 3141 2419 3181 cum
2461 3125 2556 3180 illo
2597 3130 2788 3189 erant,
2841 3121 3159 3179 necessaria
3216 3119 3703 3192 suppeditabant‘
3739 3137 3754 3176 :

2160 3234 2289 3275 cum
2329 3224 2386 3276 et
2435 3218 2543 3291 ipsi
2571 3217 2792 3273 interim
2823 3215 3052 3271 minimc
3081 3223 3401 3278 cessarent,
3452 3213 3547 3269 sed
3576 3228 3760 3284 operae

471 3303 537 3358 ὀ
574 3303 664 3377 μὴ
698 3307 1117 3380 ἐργαζόμενος,
1153 3309 1313 3381 μηδὲ
1355 3311 1622 3368 ἐσθιέτω.
1663 3314 1821 3379 Τινὲς
1846 3313 1904 3368 δὲ
1945 3312 2055 3368 τῶν

2156 3312 2452 3385 participes
2477 3319 2685 3377 essent,
2708 3318 2770 3365 ut
2802 3308 3045 3381 quodam
3074 3312 3192 3379 ipse
3225 3307 3350 3362 loco
3373 3306 3644 3378 gloriatur
3690 3322 3759 3361 ac

466 3400 883 3474 προειρημένων
921 3401 1192 3474 ἀδελφῶν,
1222 3403 1296 3471 ὡς
1322 3404 1433 3460 ἀπὸ
1460 3404 1557 3460 τοῦ
1597 3407 1760 3479 Μάνη
1799 3406 2052 3479 μεμαθη-

465 3492 623 3559 κότες
644 3493 809 3565 τάχα,
844 3494 914 3549 ἶν’
942 3494 1118 3561 οὕτως
1157 3496 1321 3561 εῐπω,
1352 3497 1448 3553 τοῦ
1481 3498 1591 3553 ἀπὸ
1627 3500 1892 3572 Περσίδος
1925 3501 2056 3554 ἀνα-

463 3584 780 3658 δεσηκότος,
813 3586 972 3642 ἅτινα
1007 3589 1109 3644 οὐκ
1137 3590 1305 3663 ἐχρῆν
1332 3590 1508 3656 οὕτως
1538 3590 1699 3648 εἷναι.
1734 3593 1967 3647 Σκοπεῖν
1998 3593 2056 3647 δὲ

469 3676 668 3749 μᾶλλον
686 3679 814 3744 τοὺς
835 3679 1114 3745 τοιούτους
1136 3681 1507 3754 παραγγέλλει
1530 3684 1559 3736 ὁ
1586 3682 1729 3747 θεῖος
1750 3682 1906 3753 λόγος
1929 3683 2058 3749 τοὺς

469 3769 637 3841 μηδὲν
666 3769 1089 3844 ἐργαζομένους.
1132 3760 1460 3848 Πεπλάνηκε
1494 3775 1606 3849 γάρ
1638 3793 1800 3831 τινων
1821 3776 1922 3850 τὴν
1943 3776 2060 3848 οίη-

468 3879 552 3916 σιν
576 3862 607 3916 ό
628 3863 787 3933 λόγος
816 3866 845 3919 ὁ
876 3865 1028 3940 παρά
1056 3865 1135 3939 τῷ
1157 3867 1373 3939 Σωτῆρι
1397 3868 1787 3942 γεγραμμένος
1804 3883 1820 3900 ·
1864 3868 2061 3940 Ἐργά-

466 3951 638 4013 (eoas
673 3954 760 4023 μὴ
808 3954 926 4024 τὴν
957 3955 1198 4025 ,ϐρῶσιν
1232 3956 1351 4027 τὴν
1394 3957 1854 4029 ἀπολλυμένην,
1897 3959 2061 4015 ἀλλὰ

462 4046 780 4117 μένουσαν
801 4051 890 4116 εὶς
913 4048 1069 4119 ζωὴν
1085 4049 1346 4107 αἰώνιον.
1374 4050 1675 4125 Νομίζουσι
1699 4052 1756 4106 δὲ
1782 4052 1881 4126 τὴν
1900 4052 2064 4108 ἀπολ·

467 4141 706 4213 λυμένην
751 4137 893 4195 εἶναι
925 4142 1025 4215 τὴν
1051 4144 1224 4218 καλὴν
1266 4145 1551 4219 ἐργασίαν,
1585 4142 1655 4222 ἦς
1685 4149 1766 4212 είς
1789 4145 2063 4202 δικαιοσύ-

466 4252 567 4306 νην
595 4234 794 4308 ἔχομεν
818 4235 910 4291 τὸν
938 4237 1215 4310 κάματον
1241 4239 1365 4312 ἥτις
1389 4239 1693 4312 ἐπληροῦτο
1724 4242 1783 4294 ὲν
1810 4240 2065 4314 Ἀϐραὰμ

467 4325 558 4380 διά
584 4324 679 4381 τοῦ
723 4327 948 4399 μόσχου,
980 4331 1074 4384 καὶ
1109 4331 1177 4403 τῇ
1212 4332 1597 4404 καματουργίᾳ
1627 4333 1726 4404 τῆς
1773 4333 1949 4405 χήρας
1975 4333 2064 4388 διὰ

467 4410 563 4473 τοῦ
603 4418 806 4487 Ἠλίου,
837 4422 932 4476 καὶ
957 4422 1016 4475 ὲν
1042 4425 1110 4496 τῇ
1142 4424 1378 4497 ἐργασίᾳ
1404 4424 1500 4479 τοῦ
1538 4424 1661 4478 Ἶὼῆ
1701 4425 1790 4479 διά
1824 4424 1935 4479 τῶν
1965 4424 2065 4479 αὐ-

467 4514 563 4569 τοῦ
599 4513 827 4579 παίδων,
878 4516 973 4570 καὶ
1024 4516 1343 4590 κτημάτων,
1388 4517 1487 4573 καὶ
1534 4518 1753 4573 πάντων
1808 4517 1919 4573 τῶν
1966 4522 2064 4576 τοῦ

470 4605 608 4661 Θεοῦ
654 4606 857 4663 δούλων
901 4607 1012 4663 τῶν
1058 4610 1143 4673 είς
1181 4609 1533 4680 δικαιοσύνην
1578 4610 1898 4682 καμνόντων
1944 4613 2063 4675 ταῖς

474 4699 635 4765 ἰδίαις
660 4703 870 4775 χερσὶν,
911 4703 992 4767 εἰς
1031 4702 1095 4757 τὸ
1121 4703 1386 4775 ἐπαρκεῖν
1423 4703 1519 4756 καὶ
1546 4705 1660 4768 τοῖς
1691 4702 2027 4775 ὲνδεομένοις
2047 4719 2062 4732 ·

471 4791 655 4857 καθὼς
686 4793 780 4847 καὶ
820 4795 879 4848 ἐν
907 4793 1126 4866 ἑκάστῳ
1155 4794 1505 4869 μοναστηρίῳ
1536 4795 1595 4850 ἒν
1630 4813 1690 4849 τε
1719 4797 1786 4868 τῇ
1820 4795 1929 4849 τῶν
1968 4796 2065 4849 Αί-

470 4884 717 4953 γυπτίων
745 4883 901 4959 χώρᾳ
939 4885 1033 4940 καὶ
1066 4886 1126 4940 ὲν
1167 4887 1371 4952 πάσαις
1398 4884 1607 4960 χώραις
1644 4886 1788 4941 οὕτω
1827 4887 2065 4959 κάμνου-

474 4991 561 5030 σιν
588 4978 669 5040 εἰς
695 4974 1041 5049 δικαιοσύνην
1063 4996 1078 5010 ο
1105 4977 1183 5042 ὡς
1208 4980 1242 5050 η
1277 4979 1521 5051 μέλιττα,
1551 4978 1708 5051 χερσὶ
1738 4979 1838 5051 μὲν
1864 4978 2066 5050 ἔχουσα

470 5066 564 5121 τὸν
593 5066 765 5141 κηρὸν
799 5068 902 5141 τῆς
932 5066 1217 5142 ἐργασίας,
1255 5069 1354 5142 τὴν
1391 5071 1451 5126 δὲ
1474 5070 1686 5142 ψεκάδα
1720 5071 1813 5126 τοῦ
1850 5071 2067 5142 μέλιτος

474 5157 531 5210 ὲν
561 5155 640 5228 τῷ
669 5157 918 5229 στόματι,
949 5159 1090 5230 μετά
1120 5159 1217 5232 τῆς
1251 5158 1386 5224 ἰδίας
1410 5156 1721 5234 ὑμνηγόρου
1758 5159 1946 5231 φωνῆς
1973 5160 2064 5215 τὸν

473 5249 582 5304 τῶν
651 5251 870 5306 πάντων
911 5251 1189 5324 Δεσπότην
1240 5252 1383 5308 κατά
1449 5250 1547 5326 τὴν
1610 5254 1757 5308 ’ἰδίαν
1812 5253 2064 5326 αἴσθησιν

475 5341 742 5414 ὑμνοῦσα,
758 5343 836 5407 ὡς
863 5343 959 5398 καὶ
979 5344 1237 5417 Σαλομὼν
1266 5349 1559 5418 μαρτυρεῖ’
1585 5348 1667 5401 ὅτι
1687 5344 1810 5415 Τὴν
1837 5347 2066 5417 σοφίαν

476 5436 786 5509 τιμήσασα
822 5437 1116 5509 προήχθη.
1151 5438 1311 5493 Οὕτω
1357 5442 1450 5494 καὶ
1499 5441 1550 5494 οἱ
1583 5439 1678 5494 τοῦ
1709 5439 1843 5494 θεοῦ
1886 5439 2063 5494 δοῦλοι

476 5532 523 5585 οί
547 5531 763 5603 ἀληθῶς
792 5533 885 5585 ἐπὶ
915 5531 1017 5603 τῆς
1044 5534 1272 5605 στερεᾶς
1302 5533 1506 5607 πέτρας
1546 5534 1647 5605 τῆς
1683 5533 1941 5604 ἀληθείας
1971 5551 2062 5588 τε-

481 5621 890 5695 θεμελιωμένοι,
931 5625 1024 5677 καὶ
1050 5623 1143 5679 τὸν
1186 5620 1333 5681 οἶκον
1365 5625 1545 5679 αὐτῶν
1571 5625 1826 5697 ἀσφαλῶς
1856 5625 2061 5680 οἰκοδο-

553 5783 569 5814 ¹
605 5782 764 5838 Deest
788 5776 1043 5836 ἐοικέναι.
1159 5783 1180 5813 ’
1203 5782 1317 5837 Art.
1355 5799 1446 5843 xx,
1482 5783 1570 5838 5i.

488 5869 613 5922 mi,
656 5854 741 5908 45.
819 5855 839 5885 ⁷
873 5852 975 5909 Job
1012 5868 1052 5920 ι,
1082 5852 1136 5908 4.
1462 5850 1467 5854 ’

2092 4657 2142 4717 D

1686 5784 1705 5814 ³
1735 5782 1772 5836 ll
1800 5782 1995 5840 Thess.
2033 5797 2112 5849 Ill,
2152 5784 2232 5839 10.
2335 5781 2536 5841 ’Joan.
2564 5802 2638 5851 γι,
2681 5786 2773 5844 9.7.
2879 5788 2899 5819 '
2930 5786 3064 5842 Gen.
3123 5801 3273 5852 xvm,
3311 5785 3359 5841 7.

2156 3406 2382 3463 disertis
2430 3404 2567 3460 illud
2617 3402 2803 3460 verbis
2846 3400 3091 3475 prmcipit
3126 3418 3141 3456 :
3195 3400 3304 3469 Qui
3335 3417 3438 3455 non
3482 3408 3756 3471 operatur,

2157 3516 2264 3554 non
2293 3497 2578 3554 manducet
2599 3497 2640 3554 ³.
2684 3496 2794 3554 Sed
2826 3496 2926 3563 illi,
2966 3510 3109 3568 quos
3144 3495 3279 3559 dixi,
3325 3493 3527 3550 fratres
3579 3496 3757 3549 nostri

2159 3591 2310 3648 haud
2335 3594 2454 3648 scio
2504 3606 2576 3646 an
2606 3607 2636 3646 a
2662 3589 2842 3656 Mane,
2879 3589 2971 3661 qui
3011 3588 3141 3643 illuc
3166 3604 3198 3643 e
3228 3585 3446 3643 Perside
3481 3586 3761 3658 profectus

2159 3693 2279 3751 cst,
2321 3684 2424 3742 ista
2466 3683 2783 3749 didicerint,
2821 3697 2943 3754 quae
2976 3681 3047 3737 ab
3087 3679 3237 3736 omni
3279 3679 3492 3736 ratione
3527 3694 3762 3752 prorsus

2167 3780 2346 3835 aliena
2377 3787 2526 3835 sunt.
2577 3777 2715 3833 Cum
2761 3791 2793 3831 e
2838 3774 3121 3830 contrario
3154 3773 3592 3830 animadvertere
3633 3773 3763 3829 illus

2160 3869 2346 3925 divina
2395 3867 2682 3938 Scriptura
2725 3865 2960 3936 jubcat,
2988 3865 3084 3935 qui
3119 3864 3256 3919 nihil
3297 3863 3483 3934 operis
3522 3863 3759 3919 faciunt.

2164 3960 2368 4019 Verum
2407 3961 2806 4017 nonnullorum
2841 3958 3124 4015 mentibus
3148 3959 3355 4014 dictum
3389 3958 3524 4013 illud
3558 3957 3759 4013 Serva—

2163 4055 2300 4110 toris
2321 4053 2584 4126 imposuit
2603 4071 2616 4107 :
2641 4051 2950 4121 Operamim'
2969 4069 3071 4107 non
3090 4052 3261 4106 cibum
3279 4052 3370 4124 qui
3387 4051 3545 4122 prrit,
3566 4050 3765 4122 sedqui

2162 4156 2434 4216 permanet
2462 4147 2515 4200 in
2533 4146 2697 4200 vitam
2724 4154 2978 4201 wternam
3008 4143 3050 4198 ⁵.
3071 4143 3141 4197 At
3159 4142 3235 4199 illi
3257 4150 3571 4212 pereuntem
3601 4142 3764 4197 illum-

2163 4240 2348 4295 cibum
2432 4238 2501 4294 ad
2555 4238 2875 4310 praeclaram
2919 4236 3067 4292 illam
3112 4249 3335 4305 operam
3406 4233 3768 4306 laboremque

2146 4330 2432 4396 referunt,
2464 4346 2627 4402 quem
2660 4329 2717 4384 in
2742 4327 3117 4385 consectanda
3147 4326 3360 4398 justitia
3393 4325 3759 4382 sustinemus.

2165 4430 2299 4492 Qua:
2330 4420 2554 4495 quidem
2602 4437 2770 4494 opera
2808 4421 2863 4476 in
2900 4419 3216 4477 Abrahamo
3247 4426 3363 4473 tum
3396 4417 3604 4485 eluxit,
3633 4434 3764 4475 cum

2166 4519 2214 4573 is
2274 4518 2508 4572 vitulum
2554 4515 2916 4588 appararet';
2961 4529 3177 4570 necnon
3223 4523 3279 4569 et
3322 4513 3376 4568 in
3407 4511 3596 4578 vidua,
3641 4527 3764 4584 quin

2167 4611 2299 4667 Elia:
2326 4625 2492 4667 causa
2525 4610 2795 4666 laboravit
2817 4609 2874 4677 ’ς
2904 4615 2960 4665 et
2999 4608 3055 4664 in
3090 4606 3231 4663 Jobo
3269 4605 3530 4678 denique,
3571 4605 3670 4677 qui
3699 4607 3756 4661 in

2169 4705 2355 4761 liberis
2396 4704 2538 4760 idem
2582 4703 2699 4760 suis
2743 4701 3093 4774 fortunisque
3136 4700 3457 4774 praestitit’.
3492 4698 3770 4757 Praeterea

2169 4799 2354 4855 nullus
2403 4806 2491 4854 est
2539 4795 2637 4854 Dei
2689 4795 2964 4858 famulus.
3010 4792 3108 4867 qui
3152 4809 3265 4850 non
3308 4792 3377 4849 ad
3404 4791 3770 4849 obtinendam

2162 4891 2432 4962 justitiam
2463 4890 2720 4947 manibus
2737 4889 2854 4946 suis
2870 4903 3010 4960 opus
3029 4894 3306 4954 exerceat,
3329 4901 3441 4960 quo
3461 4886 3519 4941 in
3539 4894 3772 4958 egentes

2169 4982 2450 5039 beneﬁcus
2492 4997 2618 5040 esse
2664 4982 2862 5053 possit.
2891 4980 3052 5049 Quod
3085 4980 3140 5035 in
3185 4995 3519 5052 unoquoque
3569 4993 3762 5035 mona-

2169 5073 2362 5139 sterio,
2392 5080 2506 5129 tam
2536 5073 2593 5128 in
2617 5072 2878 5145 (Egypto,
2907 5086 3074 5144 quam
3093 5071 3148 5127 in
3168 5070 3295 5126 aliis
3320 5068 3627 5142 provinciis
3645 5067 3771 5126 ﬁeri:

2173 5163 2473 5228 cernimus,
2503 5162 2595 5220 ubi
2619 5163 2849 5235 iustitia:
2877 5162 3055 5235 gratia
3075 5162 3158 5219 sic
3171 5161 3240 5218 ad
3262 5176 3402 5234 opus
3430 5159 3765 5216 incumbunt

2173 5269 2386 5317 omnes.
2415 5265 2694 5329 tamquam
2718 5271 2849 5327 apes
2870 5255 3144 5328 quaedam,
3164 5271 3288 5327 quae
3303 5268 3488 5311 ceram
3502 5252 3762 5325 pedibus,

2174 5348 2351 5404 stillas
2381 5348 2559 5405 mellis
2588 5364 2686 5404 ore
2708 5357 3144 5420 comportantes,
3167 5363 3517 5403 communem
3547 5347 3765 5403 univer-

2162 5448 2360 5497 sorum
2385 5441 2595 5514 1071
2620 5441 2912 5499 Dominum
2933 5458 3034 5514 pro
3060 5457 3229 5498 sensu
3264 5457 3368 5498 suo
3382 5451 3547 5512 atque
3572 5448 3761 5513 captu,

2172 5534 2411 5606 quodam
2432 5536 2578 5592 velut
2592 5537 2743 5593 vocis
2759 5546 2923 5593 cantu
2948 5553 3014 5592 ac
3048 5536 3438 5607 praedicatione
3458 5536 3760 5600 celebrant,

2173 5634 2337 5699 prout
2366 5634 2600 5684 testatur
2635 5628 2895 5686 Salomon
2924 5649 2936 5685 :
2988 5629 3337 5700 Sapientiam,
3374 5628 3569 5699 inquit,
3597 5628 3764 5683 Ιιοκοι-

3478 5786 3496 5815 ο
3529 5783 3594 5839 m
3624 5782 3757 5853 Reg.
