4134 6392
365 401 468 456 τῶ

1788 402 1844 458 8.
1887 400 2234 456 ΕΡΙΡΗΔΝΙΙ

3531 402 3632 458 Ἱϐὶ

364 535 489 572 nms
521 529 770 588 prouecta
799 529 876 574 est
907 523 946 574 ¹.
978 518 1087 574 Nec
1117 521 1277 576 aliter
1302 521 1447 577 servi
1471 522 1545 576 illi
1577 521 1669 578 Dei
1702 523 1758 576 in
1779 523 1951 578 solida

2073 521 2309 586 ιοῦντες,
2345 522 2502 585 ἰδίαις
2547 523 2703 593 χερσί
2748 523 2844 586 τὰς
2895 523 3098 588 λεπτὰς
3147 523 3323 576 αὐτῶν
3372 525 3634 595 ἐργασίας

363 610 613 665 veritatis
648 618 825 679 petra,
859 609 1005 665 velut
1047 608 1422 671 fundamento,
1459 609 1709 674 stabiliti,
1752 625 1818 665 ac
1854 611 1952 664 do-

365 719 512 756 mum
540 717 697 758 suam
739 702 951 756 ﬁrmam
988 711 1152 772 atque
1174 701 1557 757 inconcussam
1580 711 1952 764 exstruentes,

367 811 465 864 pro
514 810 577 850 ea
609 811 772 866 quam
803 795 1133 865 profitentur
1169 804 1310 858 arte,
1353 795 1754 850 minutissimas
1781 809 1951 864 quas-

367 902 473 956 que
519 901 718 956 operas
767 887 970 957 singuli
1005 887 1260 941 manibus
1300 887 1418 942 suis
1463 891 1740 941 exercent.
1785 883 1952 939 lidem

366 994 495 1034 vero
534 979 843 1033 universam
884 995 1022 1048 pene
1063 978 1405 1048 Scripturam
1442 994 1539 1033 ore
1573 977 1953 1048 pronuntiant,

368 1069 597 1138 impigre
633 1084 698 1122 ac
749 1077 973 1124 strenue
1012 1078 1108 1124 aut
1145 1070 1357 1125 orando
1396 1079 1492 1126 aut
1525 1069 1765 1140 psalmos
1804 1083 1955 1124 emo-

365 1161 604 1216 dulando
632 1161 980 1234 pervigilant,
1013 1163 1289 1218 solemnes
1332 1163 1400 1218 de
1456 1177 1610 1218 more
1640 1170 1949 1217 conventus

367 1270 431 1308 ac
458 1255 755 1325 quotannis
798 1253 1132 1310 constitutos
1174 1255 1416 1319 obeunt;
1463 1261 1636 1309 statas
1677 1252 1863 1317 boras,
1902 1261 1958 1308 et

369 1346 597 1402 alternis
652 1346 845 1416 spatiis
893 1346 1160 1400 continuo
1199 1345 1834 1417 descriptasperpetuis
1891 1346 1958 1397 ad

370 1435 538 1491 Deum
575 1435 868 1490 fundendis
910 1436 1201 1505 precibus,
1244 1451 1458 1490 summa
1495 1450 1620 1490 cum
1653 1434 1961 1502 abjectione

370 1529 536 1584 animi
578 1543 643 1582 ac
677 1528 970 1584 laboriosis
1011 1529 1306 1598 gemitibus
1357 1530 1692 1600 transigunt,
1728 1545 1854 1584 cum
1879 1530 1962 1583 in-

372 1631 524 1678 terea
554 1622 820 1692 propriis,
855 1623 932 1676 uti
964 1621 1100 1688 dixi,
1133 1621 1413 1687 manibus,
1441 1622 1699 1692 adjuncta
1727 1623 1962 1692 spiritali

371 1714 790 1778 exercitatione,
834 1729 974 1784 opus
999 1715 1326 1781 instituant,
1366 1731 1438 1770 ne
1465 1722 1559 1768 aut
1595 1715 1779 1784 inopia
1813 1714 1963 1769 labo-

2055 613 2380 685 ἐργάζονται
2405 613 2547 667 κατά
2579 613 2676 685 τὴν
2704 614 2934 668 ἑκάστου
2957 615 3170 685 τέχνην.
3214 614 3302 666 Ἐν
3329 613 3554 685 στόματι
3578 613 3635 666 δδ

2057 705 2242 776 σχεδὸν
2263 707 2443 760 πᾶσαν
2463 705 2614 759 θείαν
2631 706 2852 778 Γραφὴν
2874 705 3328 774 ἀπαγγέλλουσιν,
3353 705 3560 777 ἀκμητί
3575 723 3635 760 τε

2054 799 2150 852 καὶ
2166 800 2376 862 ἀόκνως
2396 799 2597 870 συχνὰς
2623 798 3011 862 ποιοῦνταιτάς
3023 800 3348 870 ἀγρυπνίας,
3367 797 3523 852 τοῦτο
3537 799 3638 869 μὲν

2055 895 2113 946 ἐν
2128 893 2335 962 εὐχαῖς,
2349 891 2504 946 τούτο
2518 891 2575 944 δὲ
2593 893 2649 944 έν
2663 892 3022 962 ψαλμῳδίαιςο
3037 891 3325 963 ἐνδελεχῶς
3343 891 3398 945 δὲ
3413 891 3512 955 τάς
3527 908 3639 944 συνο

2057 983 2300 1046 ελεύσεις
2317 983 2413 1046 τὰς
2467 983 2525 1049 ἐξ
2562 982 2716 1047 ἔθους
2750 983 3026 1054 ὲνθέσμως
3067 983 3423 1054 τεταγμέναςο
3459 981 3640 1052 διημε-

2060 1074 2274 1146 ρεύουσί
2312 1091 2373 1127 τε
2395 1075 2624 1128 πάντοτε
2668 1075 2768 1137 τάς
2813 1074 3174 1145 ἀδιαλήπτους
3194 1073 3337 1128 κατά
3367 1073 3640 1144 διάστημα

2059 1163 2228 1236 ὥρας,
2242 1163 2341 1226 τάς
2368 1163 2532 1234 εύχάς
2549 1163 2668 1232 Θεῷ
2683 1162 3114 1231 ἀκαταγνώστως
3137 1161 3274 1233 μετά
3296 1179 3645 1232 ταπεινοφρο-

2063 1253 2228 1324 σύνης
2255 1252 2457 1324 πολλῆς
2479 1253 2572 1307 καὶ
2590 1253 2834 1324 οἰμωγῆς
2851 1253 3274 1324 ἑπιπὸνουίθεῷ)
3291 1253 3641 1324 ἀναπέμπον-

2061 1361 2174 1408 τες,
2190 1346 2310 1406 ταῖς
2332 1359 2391 1396 τε
2419 1343 2576 1406 ἰδίαις
2605 1346 2810 1416 χερσὶν,
2842 1342 2916 1409 ὡς
2940 1343 3097 1415 ἔφην,
3128 1344 3478 1417 ἐργαζόμενοι
3507 1347 3643 1416 μετά

2063 1437 2160 1489 καὶ
2183 1436 2280 1505 τῆς
2301 1435 2675 1506 πνευματικῆς
2691 1437 2977 1506 ἐργασίας·
3003 1437 3092 1490 ἵνα
3111 1437 3184 1507 μὴ
3200 1435 3428 1499 ἐπιδεεῖς
3441 1435 3643 1504 γένων-

2063 1545 2173 1591 ται,
2221 1529 2316 1580 καί
2345 1529 2424 1591 εἰς
2468 1527 2784 1599 ὑποκρίσεις
2829 1526 3179 1598 ἀνθρωπίνας
3222 1527 3522 1598 ἐμπέσωσι,
3552 1527 3646 1580 καὶ

2065 1618 2249 1673 οὐκέτι
2268 1618 2346 1688 τῷ
2373 1617 2660 1672 ἀσεϐοῦντι
2686 1618 2973 1688 δυνάμενοι
2999 1618 3067 1671 τά
3092 1617 3268 1690 ἀληθῆ
3299 1619 3496 1686 λέγειν,
3521 1618 3646 1672 οὔτε

2067 1706 2223 1773 ἐκτὸς
2259 1709 2432 1780 ῥύπου
2469 1704 2609 1762 εἶναι
2635 1709 2744 1762 τῶν
2769 1709 2878 1762 ἀπὸ
2906 1709 3120 1772 ἀδικίας
3153 1708 3456 1781 ἀνθρώπων
3483 1708 3647 1761 πλου-

371 1816 513 1868 rent,
550 1815 644 1861 aut
679 1806 733 1860 in
772 1806 1041 1862 humanas
1077 1807 1460 1862 simulationes
1489 1806 1756 1870 incidant,
1789 1806 1869 1861 sic
1907 1813 1965 1859 ut

2073 1801 2202 1856 σίων
2246 1803 2340 1856 ml.
2370 1801 2839 1856 πλεονεκτούντων
2877 1804 3005 1865 τοὺς
3050 1801 3312 1871 πένητας,
3340 1800 3463 1854 οὕτε
3494 1801 3649 1863 ἐκτὸς

375 1896 555 1966 impiis
587 1895 757 1951 libere
781 1895 1063 1950 veritatem
1096 1895 1279 1965 eloqui
1323 1911 1431 1949 non
1466 1897 1736 1960 audeant;
1781 1913 1960 1967 neque

2073 1895 2251 1947 σιτίων
2284 1893 2487 1947 τούτων
2518 1893 2784 1962 γίνεσθαι,
2818 1895 2892 1966 μὴ
2915 1893 3230 1964 δυναμένοις
3253 1895 3293 1925 ¹¹
3327 1895 3392 1948 ὲκ
3425 1894 3649 1948 δικαίων

374 1990 442 2042 ab
473 2003 663 2043 eorum
691 1987 997 2053 hominum,
1023 1987 1116 2057 qui
1141 2002 1238 2057 per
1285 1986 1440 2041 nel‘as
1464 2002 1527 2041 ac
1551 2001 1849 2057 pauperum
1873 1988 1959 2041 in-

2073 1986 2246 2040 πόνων
2258 1990 2354 2057 τὴν
2376 1990 2652 2060 ἐφήμερον
2667 1988 2810 2058 ἔχειν
2831 1987 3056 2060 τροφὴν,
3086 1987 3200 2041 ἀλλ’
3219 1987 3648 2059 ἀναγκαζόμενοι

368 2077 570 2147 juriam
605 2075 918 2146 locupletati
951 2084 1080 2129 sunt
1112 2075 1436 2145 contagione
1470 2091 1534 2129 ac
1567 2077 1798 2131 maculis
1845 2077 1959 2131 viu-

2073 2081 2154 2134 διὰ
2187 2082 2250 2135 τὸ
2287 2082 2464 2146 ἐνδεὲς
2509 2084 2610 2155 τῆς
2643 2083 2870 2155 ἀεργίας
2896 2081 3176 2153 τραπέζης
3229 2081 3494 2135 πλουσίων
3525 2097 3651 2152 μετ-

375 2171 560 2226 dicare
603 2184 726 2224 sese
767 2170 1016 2239 possint:
1059 2185 1160 2225 nec
1200 2171 1416 2224 illorum
1455 2169 1695 2240 denique
1734 2170 1960 2225 cibariis
2069 2173 2234 2245 έχειν.

376 2283 586 2330 carere,
619 2265 764 2336 quod
796 2265 963 2337 justis
992 2265 1274 2320 laboribus
1314 2265 1697 2333 quotidianum
1728 2267 1832 2321 sibi
1873 2267 2076 2320 victum
2136 2284 2456 2338 comparare
2518 2276 2827 2339 nequeant,
2873 2270 2968 2324 sed
3015 2269 3088 2325 ob
3146 2269 3409 2339 inopiam,
3442 2283 3507 2323 ex
3540 2267 3654 2322 otio

377 2365 430 2410 et
459 2356 655 2410 inertia
685 2354 1014 2421 derivatam,
1050 2356 1118 2410 ad
1149 2355 1431 2410 beatorum
1464 2371 1686 2412 mensas
1707 2357 2000 2429 confugere
2033 2367 2321 2430 cogantur.

379 2449 384 2456 ’
453 2451 515 2507 ν.
563 2453 932 2519 Quamobrem
988 2451 1235 2506 divinum
1280 2468 1381 2506 nos
1429 2453 1713 2506 oraculum
1753 2453 1911 2508 docet
1951 2470 1963 2504 :

382 2540 466 2597 Ne
498 2543 839 2604 concupiscas
863 2543 1005 2597 cibos
1033 2543 1280 2597 divitum.
1311 2545 1382 2598 Ili
1409 2544 1549 2596 enim
1575 2561 1695 2597 cum
1727 2546 1968 2600 mendaci

378 2638 489 2691 vita
537 2637 804 2706 conjuncti
847 2646 969 2690 sunt
1000 2638 1042 2690 '.
1095 2635 1234 2690 Tum
1266 2637 1373 2692 alio
1413 2639 1615 2692 inloco
1659 2639 1958 2708 ejusmodi,

379 2730 571 2801 quales
619 2729 854 2801 appositi
905 2729 1129 2793 fuerint,
1162 2730 1405 2786 vicissim
1448 2732 1834 2802 praeparandos
1867 2733 1964 2787 ad-

388 2831 574 2878 monet
607 2841 621 2878 :
651 2823 806 2890 Quod
839 2823 885 2877 si
916 2822 1242 2878 insatiabilis
1271 2841 1347 2888 es,
1393 2824 1541 2879 illius
1585 2824 1726 2880 cibos
1757 2843 1820 2880 ue
1851 2843 1974 2881 con-

383 2915 626 2982 cupiscas
660 2915 702 2966 ³.
733 2912 849 2980 Qua
886 2913 938 2968 in
971 2930 1033 2970 re
1063 2915 1381 2986 praeclaram
1417 2916 1570 2986 pueri
1591 2917 1670 2971 illi
1701 2917 1976 2989 Babylone

384 3007 611 3078 gloriam
665 3007 846 3078 adepti
907 3015 1058 3068 sunt,
1093 3008 1187 3078 qui
1233 3008 1517 3079 repudiata
1569 3010 1713 3080 regis
1762 3025 1973 3074 mensa,

382 3100 676 3171 exquisitis
726 3099 892 3170 hujus
933 3100 1114 3170 epulis
1176 3099 1448 3171 legumina
1511 3103 1868 3170 praetulerunt
1912 3119 1977 3158 ac

2159 2456 2233 2508 E’.
2270 2454 2364 2508 Διὸ
2396 2454 2759 2528 παραγγέλλει
2802 2456 2832 2508 ὁ
2877 2455 3018 2519 θεῖος
3061 2455 3238 2524 λόγος,
3270 2457 3522 2524 φάσκων·
3559 2455 3653 2524 Μὴ

2072 2545 2340 2614 ἐπιθύμει
2384 2544 2715 2615 βρωμάτων
2755 2545 2874 2598 τῶν
2916 2548 3250 2600 πλουσίων.
3307 2546 3497 2600 Ταῦτα
3549 2545 3656 2614 γὰρ

2073 2637 2270 2704 ἔχεται
2298 2635 2448 2696 ζωῆς
2473 2634 2759 2702 ⁴ερκευδοῦς.
2785 2635 2896 2689 Καὶ
2924 2635 3085 2689 πάλιν
3124 2638 3182 2688 ὲν
3217 2635 3361 2706 ἄλλῳ
3376 2636 3545 2706 τόπῳ,
3575 2637 3656 2689 ὅτι

2072 2728 2329 2792 τοιαύτας
2363 2732 2469 2787 ἔδει
2509 2717 3665 2802 παρασκευάζειν·Εὶδὲάπληστότεροςεῐ,

2087 2821 2450 2895 μὴέπιθύμει
2469 2822 2588 2878 τῶν
2616 2819 2802 2875 αὑτοῦ
2830 2814 3178 2888 ,βρωμάτωνυ
3211 2818 3269 2870 έν
3313 2817 3523 2882 τούτοις
3549 2826 3660 2890 γὰρ

2075 2907 2443 2979 ὲδοξάσθησαν
2465 2917 2516 2962 οἰ
2542 2908 2731 2972 παῖδες
2757 2909 2806 2961 οἰ
2836 2911 2893 2961 ὲν
2914 2910 2981 2979 τῇ
3012 2907 3312 2973 Βαϐυλῶνι,
3343 2907 3659 2978 ἀρνησάμε-

2075 3019 2157 3056 νοι
2188 3002 2468 3073 τράπεζαν
2504 3002 2787 3073 βασιλέως,
2822 3001 2918 3055 καὶ
2956 3001 3316 3072 αἰρησάμενοι
3349 3001 3661 3071 σπέρμασιν

2074 3092 2384 3164 ἀρκεῖσθαι,
2434 3093 2466 3164 ἢ
2500 3093 2766 3167 τραπέζῃ,
2799 3093 2896 3146 καὶ
2931 3090 3205 3163 βρώμασι,
3253 3091 3523 3161 χρήμασι,
3565 3089 3660 3142 καὶ

385 3192 607 3250 divitias
638 3193 1094 3262 splendoremque
1127 3194 1646 3263 contempserunt‘.
1679 3193 1789 3248 Nec
1817 3195 1969 3250 aliter

2079 3185 2206 3258 δόξῃ
2235 3185 2656 3256 ἀποταξάμενοι,
2676 3184 2752 3247 ὼς
2774 3183 3016 3253 Μωῦσῆς
3043 3182 3241 3253 μᾶλλον
3271 3181 3443 3235 εἵλετο
3468 3198 3664 3250 συγκαο

385 3283 622 3358 Moyses,
651 3284 744 3356 qui
767 3283 951 3338 vexari
984 3283 1256 3354 allligique
1288 3300 1411 3338 cum
1443 3285 1644 3355 populo
1675 3284 1790 3349 Dei,
1813 3301 1975 3355 quam

385 3375 728 3449 Egyptiacis
762 3376 1036 3432 thesauris
1072 3376 1275 3445 perfrui
1299 3377 1491 3430 maluit
1521 3377 1562 3431 '.
1585 3375 1688 3443 Qui
1723 3377 1972 3447 quidem,

386 3470 517 3523 dum
577 3468 692 3523 suis
748 3467 864 3537 ipse
917 3467 1175 3522 manibus
1227 3481 1366 3537 opus
1418 3476 1659 3530 exercet,
1713 3466 1976 3538 preplieta

389 3559 565 3614 factus
594 3567 697 3615 est.
755 3558 848 3612 Ille
892 3558 1041 3613 enim
1102 3559 1218 3628 ipse
1257 3558 1458 3614 nobilis
1491 3567 1544 3613 et
1585 3573 1615 3611 a
1670 3558 1779 3612 lilia
1835 3561 1979 3622 regis

390 3653 701 3723 adoptatus,
755 3660 813 3706 ut
875 3666 943 3706 ne
989 3653 1198 3705 otiosus
1247 3666 1385 3720 pane
1431 3661 1764 3714 vesceretur,
1809 3651 1979 3721 opilio

389 3746 724 3801 constitutus
772 3750 876 3800 est.
936 3742 1080 3798 lulem
1140 3751 1196 3797 et
1243 3752 1397 3814 pater
1443 3753 1628 3800 noster
1667 3742 1839 3800 Jacob
1879 3760 1981 3800 nos

392 3839 599 3903 docuit,
635 3852 758 3892 cum
792 3835 1073 3892 Labanum
1106 3836 1414 3906 alloquens,
1483 3834 1558 3889 Da
1589 3837 1743 3900 mihi,
1781 3837 1978 3908 inquit,

393 3933 576 4004 operis
610 3930 838 4001 aliquid,
859 3930 1137 4001 proprium
1172 3939 1230 3984 ut
1263 3932 1466 3984 victum
1509 3932 1798 3986 meream‘.
1828 3929 1982 3986 Unde

393 4031 448 4078 et
482 4039 511 4077 a
543 4038 736 4079 socero
757 4022 939 4074 ovium
979 4019 1162 4075 itidem
1193 4020 1448 4090 gregibus
1492 4020 1806 4090 praeﬁcitur.
1849 4019 1983 4087 Qua

396 4115 604 4170 idcirco
642 4114 853 4184 1072
898 4112 1040 4167 facta
1088 4119 1216 4168 sunt
1254 4111 1458 4178 omnia,
1497 4127 1564 4166 ne
1598 4113 1773 4167 sancti
1806 4113 1983 4168 homi-

394 4224 495 4264 nes
547 4222 741 4279 panem
799 4203 960 4260 otiosi
1022 4203 1388 4259 comederent.
1443 4203 1724 4274 Apostolis
1773 4219 1900 4259 vero
1949 4220 1981 4258 a

2081 3277 2396 3348 κουχεῖσθαι
2427 3277 2504 3348 τῷ
2535 3276 2650 3348 λαῷ
2680 3275 2772 3330 τοῦ
2801 3275 2935 3329 Θεοῦ
2977 3276 3123 3347 ἥπερ
3149 3273 3442 3328 ἀπολαύειν
3474 3274 3584 3326 τῶν
3606 3275 3664 3326 ὲν

2079 3371 2340 3441 Αἰγύπτῳ
2392 3369 2704 3442 θησαυρῶν,
2733 3367 3100 3439 ἐργαζόμενος
3151 3367 3210 3420 δὲ
3264 3365 3422 3430 ἰδίαις
3478 3366 3667 3438 χερσὶν

2080 3463 2238 3534 ἔτυχε
2261 3463 2617 3536 προφητείας.
2647 3460 2946 3533 Προϐἀτων
2973 3459 3082 3528 γὰρ
3119 3451 3276 3520 οὗτος
3297 3457 3503 3528 ποιμὴν
3532 3474 3668 3510 κατ-

2081 3557 2234 3626 έστη,
2257 3557 2285 3609 ὁ
2319 3555 2545 3625 εὐγενὴς
2575 3554 2670 3608 καὶ
2703 3553 2823 3617 υίὸς
2850 3551 3122 3623 θυγατρὸς
3155 3550 3443 3621 βασιλέως,
3475 3551 3562 3603 ἴνα
3591 3550 3667 3619 μὴ

2080 3649 2250 3720 ἀργὸν
2295 3648 2453 3721 ἐσθίῃ
2481 3647 2646 3718 ἀρτον
2666 3663 2679 3675 ο
2709 3645 2785 3710 ὡς
2816 3645 2908 3699 καὶ
2949 3645 3188 3699 διδάσκει
3227 3645 3255 3696 ὁ
3299 3643 3484 3714 πατὴρ
3511 3641 3670 3712 ἡμῶν

2093 3739 2312 3804 Ἰακὼϐ,
2352 3740 2526 3808 λέγων
2559 3738 2776 3793 Λάϐαν’
2805 3737 2904 3801 Δός
2937 3753 3027 3808 μοι
3065 3738 3348 3809 ἐργασίαν,
3380 3737 3468 3791 ἵνα
3504 3736 3671 3807 ἔργά·-

2082 3833 2264 3905 ζωμαι
2317 3831 2410 3885 τοῦ
2452 3831 2581 3886 ἰδίου
2615 3831 2804 3902 ἄρτου.
2842 3831 2952 3884 Καὶ
2979 3828 3140 3895 αὐτὸς
3171 3829 3334 3883 πάλιν
3367 3829 3672 3899 ποιμαίνειν

2081 3925 2483 3997 προστέτακται
2523 3925 2676 3996 παρά
2723 3923 2818 3977 τοῦ
2849 3923 2977 3978 ἰδίου
3027 3923 3313 3994 πενθεροῦ,
3347 3924 3434 3977 ἵνα
3471 3923 3545 3994 μὴ
3573 3924 3672 3994 ἀρ-

2080 4019 2169 4086 γοὶ
2212 4026 2379 4090 ἄρτον
2435 4018 2687 4072 ἐσθίωσιν
2734 4019 2783 4071 οί
2833 4017 3052 4071 δίκαιοι.
3095 4017 3219 4080 Τοῖς
3255 4017 3314 4070 δὲ
3355 4015 3673 4079 ἀποστόλοις

2080 4109 2296 4181 εἴρηται
2354 4109 2640 4181 ἀρκεῖσθαι
2686 4108 2765 4180 τῷ
2811 4108 2956 4179 λόγῳ
2988 4109 3029 4140 ¹¹
3074 4107 3384 4179 κηρύττειν,
3449 4107 3534 4160 ἵνα
3597 4108 3673 4178 μὴ

2081 4203 2418 4274 ἀσχολῶνται
2447 4203 2556 4258 ἀπὸ
2585 4203 2792 4267 πόλεως
2817 4203 2898 4266 εἰς
2925 4201 3100 4267 πόλιν,
3132 4202 3228 4255 καὶ
3251 4201 3360 4255 ἀπὸ
3396 4201 3561 4254 τόπου
3593 4202 3674 4261 εἰς

394 4294 629 4350 Domino
667 4301 999 4365 praeceptum
1040 4293 1183 4348 istud
1211 4300 1330 4348 est:
1367 4301 1428 4346 ut
1457 4293 1630 4349 divini
1664 4294 1812 4350 verbi
1844 4311 1969 4366 praet

2081 4297 2264 4360 τόπον,
2314 4297 2408 4350 ἐπὶ
2454 4297 2516 4350 τὸ
2575 4297 2838 4369 κήρυγμα
2894 4296 2996 4367 τὴν
3051 4295 3276 4368 πορείαν
3339 4294 3670 4365 ποιούμενοι.

394 4389 669 4443 .ἷὶοειίοηε
691 4385 933 4441 contenti
962 4392 1168 4447 essent,
1194 4401 1262 4441 ne
1291 4401 1356 4440 ex
1389 4385 1510 4439 aliis
1536 4387 1672 4442 alias
1701 4387 1755 4440 in
1814 4389 1969 4443 urbe:

2086 4389 2288 4456 ’Ἄξιος
2339 4389 2450 4460 γὰρ
2511 4394 2543 4444 ό
2594 4388 2848 4460 ἐργάτης
2894 4387 3000 4443 τοῦ
3047 4386 3272 4457 μισθοῦ
3293 4386 3515 4441 αὐτοῦ·
3556 4386 3671 4448 καὶ,

395 4497 461 4537 ac
501 4483 618 4536 loca
665 4478 998 4551 praedicandi
1039 4494 1208 4534 causa
1250 4478 1578 4552 migrantes,
1611 4481 1781 4535 variis
1817 4481 1969 4536 rebus

2098 4482 2376 4550 Ἀρκετὸν
2427 4481 2508 4548 τῷ
2557 4481 2924 4553 ἐργαζομένῳ
2969 4482 3008 4548 ἡ
3058 4480 3249 4552 τροφὴ
3305 4479 3511 4535 αὐτοῦ.
3564 4480 3676 4532 Καὶ

395 4571 834 4628 distraherentur
865 4608 882 4624 .
917 4568 1120 4639 Dignus
1157 4577 1232 4622 est
1265 4569 1402 4622 enim
1438 4571 1711 4637 operarius
1752 4571 1969 4624 mercedi

2087 4575 2202 4637 τοῖς
2225 4591 2284 4627 τε
2319 4573 2575 4645 ποιμέσιν
2607 4573 2871 4637 ὡσαύτως
2903 4573 2990 4626 διὰ
3020 4573 3120 4645 τὴν
3159 4572 3267 4626 τῶν
3296 4572 3440 4625 λαῶν
3476 4571 3675 4642 συχνὴν

395 4677 495 4716 sua
518 4661 572 4726 ’ς
599 4667 655 4715 et
680 4677 696 4714 :
733 4658 932 4719 Suﬁicit
961 4660 1202 4728 operario
1228 4659 1539 4712 alimentum
1558 4675 1711 4712 suum
1739 4659 1780 4713 ⁸.
1806 4657 1969 4725 Quam

2089 4662 2368 4734 ἀσχολίαν,
2429 4664 2523 4716 καὶ
2581 4663 2681 4730 τὴν
2736 4662 3202 4734 έκκλησιαστικὴν
3251 4661 3538 4732 διοίκησιν.
3581 4661 3678 4715 καί

396 4756 642 4813 eamdem
673 4754 744 4809 ob
767 4768 990 4808 causam
1009 4753 1324 4822 pastoribus
1352 4768 1450 4822 pro
1482 4751 1796 4806 incredibili
1830 4753 1983 4821 ipso-

398 4865 522 4905 rum
577 4848 632 4902 in
695 4845 1071 4918 gubernandis
1127 4845 1344 4916 populis
1397 4846 1776 4914 occupatione,
1822 4855 1984 4916 atque

398 4940 771 5000 ecclesiastica
796 4938 1206 5010 procuratione.
1247 4937 1776 5007 administrandique
1797 4937 1982 4992 labore

399 5041 664 5108 perpetuo
685 5032 928 5087 divinum
962 5030 1066 5084 hoc
1085 5029 1366 5085 oraculum
1399 5029 1598 5084 edicit:
1627 5029 1760 5095 Quis
1775 5045 1980 5100 gregem

399 5127 594 5198 pascit,
644 5136 695 5180 et
723 5124 871 5178 illius
913 5124 1050 5177 lacte
1085 5139 1188 5176 non
1229 5121 1432 5176 alitur?
1470 5122 1604 5186 Quis
1647 5122 1858 5191 plantat
1910 5123 1985 5176 vi-

401 5237 574 5284 ncant,
592 5229 641 5273 et
657 5218 769 5288 ejus
786 5217 963 5287 {ructu
987 5232 1091 5271 non
1120 5215 1344 5270 vescitur
1363 5215 1384 5246 ⁹
1415 5209 1686 5284 ?Deinde,
1725 5212 1983 5286 Operam,

2089 4755 2338 4826 ἐνδελεχῆ
2372 4755 2733 4828 λειτουργίαν,
2767 4755 2932 4826 φησιν
2963 4758 2993 4810 ὁ
3025 4755 3169 4821 θεῖος
3201 4756 3389 4825 λόγος’
3422 4757 3515 4823 Τίς
3550 4773 3678 4808 πρι-

2083 4846 2284 4915 μαίνει
2315 4847 2601 4916 ποίμνην,
2635 4847 2732 4900 καί
2759 4847 2828 4901 ἐκ
2861 4847 2968 4902 τοῦ
3002 4849 3303 4916 γάλακτος
3340 4847 3532 4916 αὐτῆς
3561 4849 3674 4901 οὐκ

2089 4939 2313 5002 ἐσθίεις
2346 4940 2420 4994 ’Ὴ
2443 4939 2533 5004 τίς
2559 4940 2800 5008 φυτεύει
2821 4939 3166 5008 ἀμπελῶνα,
3193 4942 3294 4995 καί
3318 4942 3387 4995 ἐκ
3410 4939 3518 4994 τοῦ
3542 4957 3676 5008 acap-

2085 5030 2202 5085 ποῦ
2233 5030 2420 5085 αὑτοῦ
2461 5033 2532 5085 οὐ
2565 5031 3044 5102 μεταλαμϐάνεω
3081 5033 3192 5086 Καί
3241 5051 3405 5104 φησιο
3441 5033 3554 5086 Τὸν.
3586 5050 3678 5086 xo-

2087 5123 2297 5177 πιῶντα
2326 5123 2570 5194 γεωργὸν
2599 5124 2682 5178 δεῖ
2725 5124 2943 5197 πρῶτον
2987 5124 3098 5179 τῶν
3131 5126 3359 5198 καρπῶν
3399 5125 3678 5197 μεταλαμ-

2089 5214 2307 5269 ϐάνειν
2339 5215 2428 5269 ῐνα
2470 5214 2562 5269 τὸν
2606 5215 3000 5289 πρεσϐύτερον,
3038 5215 3071 5288 ἢ
3116 5217 3208 5270 τὸν
3255 5218 3554 5271 ἐπίσκοπον
3603 5215 3680 5286 μὴ

403 5313 616 5382 inquit,
658 5321 952 5366 navantem
1005 5308 1298 5380 agricolam
1340 5313 1470 5360 ante
1515 5321 1706 5362 omnes
1759 5323 1856 5377 par
1904 5323 1969 5363 es

2092 5305 2483 5379 ἐλαττούμενον
2535 5309 2636 5379 τῆς
2684 5308 2965 5380 ἐφημέρου
3018 5308 3227 5380 τροφῆς
3284 5309 3673 5380 καταστήσειε’

405 5407 619 5462 fructu-.1
649 5405 811 5458 edere
837 5403 881 5435 ¹⁶
903 5421 915 5456 :
941 5410 998 5455 ut
1027 5417 1096 5456 ne
1125 5401 1522 5472 presbyterum,
1553 5400 1640 5454 vel
1665 5399 1969 5471 episc0pun

2095 5401 2536 5472 προτρεπόμενος
2584 5399 2746 5464 λαοὺς
2797 5403 2860 5455 ὲκ
2889 5401 3111 5456 δικαίων
3151 5403 3330 5456 πόνων
3375 5402 3561 5472 νέμειν
3612 5399 3681 5453 τά

403 5495 724 5566 quotidiana
745 5494 868 5550 cibo
895 5492 1228 5563 indigentem
1249 5490 1561 5544 constituat.
1582 5488 1664 5544 Ob
1686 5490 1736 5543 id
1757 5491 1969 5560 populos

2096 5493 2235 5564 πρὸς
2272 5493 2477 5565 τροφὴν
2510 5495 2623 5556 τοῖς
2652 5492 2858 5564 ἱερεῦσι
2879 5493 2966 5546 διὰ
2996 5494 3260 5566 ἀπαρχῶν
3304 5512 3362 5548 τε
3391 5495 3486 5548 καὶ
3511 5509 3681 5562 προσ-

408 5587 751 5651 adhortatur,
774 5592 835 5640 ut
852 5601 974 5656 qua:
998 5585 1063 5638 ad
1089 5581 1315 5638 alendos
1331 5581 1647 5638 sacerdotes
1671 5581 1969 5638 necessari:

2097 5583 2296 5656 φορῶν,
2348 5583 2576 5638 καὶτῶν
2617 5582 2822 5638 ἄλλων·
2865 5577 2940 5638 ὧν
2979 5583 3226 5649 ἐξουσίαν
3257 5583 3471 5654 ἔχοντες
3512 5585 3562 5636 οἰ
3616 5583 3681 5634 ἐκ

1527 5693 1545 5723 ³
1575 5693 1708 5749 ibid.
1744 5693 1796 5747 ι.
1898 5693 1918 5725 ⁸
1957 5692 1969 5745 Ι

2074 5727 2093 5746 .
2127 5709 2164 5758 ι,
2198 5695 2231 5748 8
2282 5710 2403 5762 sqq.
2479 5695 2499 5725 ⁵
2536 5692 2709 5748 Exod.
2752 5709 2813 5752 ιι.
2860 5693 2961 5758 15;
2998 5693 3160 5749 llebr.
3208 5707 3286 5755 χι,
3326 5693 3412 5747 Η,
3490 5693 3510 5723 ⁸
3541 5692 3652 5746 Gen

414 5787 565 5832 χχιιι,
632 5770 718 5822 l5.
807 5770 826 5800 ⁷
860 5767 1047 5823 Matth.
1085 5784 1134 5830 κ,
1187 5765 1282 5831 ἰυ;
1310 5766 1440 5820 Luc.
1480 5780 1530 5831 x,
1565 5764 1617 5822 7.
1702 5765 1764 5819 εἰ
1799 5763 1939 5820 Tim.

413 5841 456 5872 ι’
503 5836 562 5892 F.
597 5838 772 5892 λόγον.

2074 5765 2136 5850 ’8.
2216 5766 2235 5796 ⁹
2268 5764 2286 5818 Ι
2325 5767 2452 5822 Cor.
2483 5780 2556 5831 Ix,
2599 5765 2653 5818 7.
2735 5766 2776 5796 ‘°
2801 5765 2932 5819 ibid.
2982 5765 3064 5819 15.
3144 5765 3181 5794 "
3212 5765 3336 5818 Cor.
3370 5764 3672 5835 δυνάμενοι

551 5881 562 5894 ι
599 5877 772 5907 ιδυδνσ.

493 5701 507 5731 ¹
540 5700 701 5754 Prov.
735 5714 808 5754 vr.
839 5699 889 5750 8.
969 5699 987 5728 ’
1020 5693 1178 5750 Prov.
1208 5711 1366 5751 xxnr.
1396 5693 1448 5747 '5.
