4134 6392
407 385 506 442 ’165
1010 382 1381 447 ADVERSUS
1424 391 1769 450 HERESES
1809 394 1986 453 LIB.I

2099 396 2262 454 TOM.
2299 398 2360 456 ιι.
2385 430 2452 442 -
2486 399 2760 456 ιιιιιῑιιεε.
2803 396 3013 455 Lxxx.
3541 387 3546 389 ’
3585 401 3690 463 736

401 507 538 562 Θεοῦ
573 511 696 575 τοὺς
745 510 908 575 λαοὺς
945 512 1160 585 ὁδηγεῖν
1208 518 1691 590 προστεταγμένοι,
1715 521 1835 575 οὐδὲ
1866 522 1990 576 τού⁴

2096 532 2238 589 sunt,
2254 525 2579 596 iustissimis
2608 525 2725 582 suis
2751 524 3032 580 laboribus
3057 523 3286 596 quaesita
3307 520 3684 594 suppeditent,

402 619 515 664 τοις
563 602 857 674 κέχρηνται
909 609 1252 682 κατακόρως,
1285 611 1334 663 οί
1373 609 1494 682 Θεῷ
1537 611 1758 677 τελείως
1801 614 1992 686 εὐαρε-

2098 615 2413 672 οίΐοτοιιιιίε
2446 616 2735 688 primitiis,
2788 617 3161 672 oblationibus
3231 631 3296 670 ac
3350 615 3580 686 reliquis
3632 617 3686 671 id

387 697 550 784 lcteiv
576 695 1056 768 ἐπαγγελλόμενοι.

2097 722 2288 779 genus.
2330 706 2464 774 Quae
2489 723 2614 764 cum
2665 707 2722 762 in
2768 714 3039 777 potestate
3066 720 3166 763 sua
3197 705 3455 770 habeant,
3487 705 3690 776 quibus

405 790 764 858 regendorum
811 807 842 846 a
896 792 1004 849 Deo
1038 795 1363 867 populorum
1412 807 1498 856 est
1546 800 1842 857 commissa
1909 801 2218 872 provincia,
2277 803 2474 858 borqu
2537 813 2720 860 tamen
2765 804 2890 858 usui
2934 803 3092 873 plene
3169 802 3498 873 penitusque
3575 816 3690 857 non

403 881 714 955 indulgent,
761 888 856 954 qni
897 886 1008 942 Deo
1055 889 1298 960 perfecte
1341 893 1558 962 placere
1603 910 1663 950 se
1700 896 1842 950 velle
1872 895 2226 964 proﬁtentur.

476 979 569 1044 ς’.
611 978 722 1030 Καὶ
753 978 862 1050 γὰρ
898 980 957 1048 ἐξ
975 982 1153 1036 αὐτῶν
1179 983 1274 1036 τοῦ
1307 985 1444 1040 Θεοῦ
1481 987 1690 1059 ἱερέων,
1718 989 1813 1042 καὶ
1839 987 1994 1042 αὐτοὶ

407 1068 546 1138 μετά
595 1069 688 1123 τοῦ
740 1071 1102 1144 κηρύγματος
1147 1075 1243 1130 τοῦ
1296 1077 1456 1146 λόγου
1521 1080 1849 1152 μιμούμενοι
1901 1079 1998 1134 τὸν

404 1161 560 1229 ἅγιον
581 1164 759 1218 αὐτῶν
796 1165 934 1236 μετὰ
962 1167 1052 1221 τὸν
1074 1167 1209 1222 Θεὸν
1242 1171 1298 1222 ὲν
1326 1171 1548 1244 Χριστῷ
1577 1173 1812 1245 πατέρα,
1849 1173 1992 1244 φημὶ

401 1252 460 1306 δὲ
491 1253 706 1309 Παῦλον
747 1257 839 1311 τὸν
879 1259 1032 1329 ἅγιον
1063 1261 1383 1326 ἀπόστολον,
1429 1265 1524 1318 καὶ
1557 1265 1731 1329 αὐτοὶ,
1766 1265 1906 1320 κατὰ
1931 1265 1993 1319 τδ

401 1345 646 1414 δυνατὸν,
701 1351 751 1403 εί
793 1351 889 1404 καὶ
941 1352 1016 1423 μὴ
1069 1354 1290 1419 πάντες,
1349 1355 1466 1410 ἀλλ’
1499 1360 1548 1411 οἱ
1594 1357 1816 1421 πλείους
1869 1361 1994 1422 ταῖς

407 1437 567 1504 ίδίαις
601 1444 788 1514 χερσὶν
815 1444 1195 1517 ἐργαζόμενοι,
1223 1449 1341 1503 οἷαν
1369 1449 1413 1502 δ’
1443 1451 1720 1520 ἀναλόγως
1744 1451 1990 1522 συμπρέ-

402 1549 610 1586 πουσαν
645 1533 724 1604 τῷ
752 1533 1046 1607 ἀξιώματι,
1073 1540 1290 1612 καὶτῆς
1325 1543 1791 1614 ὲκκλησιαστικῆς
1827 1562 1990 1616 φρον-

400 1624 544 1690 τίδος
577 1627 882 1700 ὲνδελεχείᾳ
925 1629 1136 1703 εὕροιεν
1160 1633 1379 1704 τέχνην,
1414 1636 1564 1700 ὅπως
1610 1636 1748 1708 μετὰ
1774 1637 1869 1692 τοῦ
1899 1637 1988 1692 λό-

400 1731 501 1783 γου
531 1717 626 1772 καὶ
653 1719 748 1772 τοῦ
783 1721 1137 1793 κηρύγματος
1167 1727 1198 1796 ἡ
1230 1727 1531 1798 συνείδησις
1554 1729 1739 1804 χαίρῃ.
1777 1730 1870 1784 καὶ
1899 1729 1988 1784 διὰ

2171 986 2262 1042 Ἣ.
2301 986 2383 1042 11ιί
2417 988 2564 1043 enim
2599 987 2816 1043 tametsi
2849 1001 2880 1042 e
2911 987 3261 1042 sacerdotum
3295 999 3528 1039 numero
3553 985 3686 1050 sint,

2098 1081 2165 1135 ad
2227 1079 2564 1136 sanctissimi
2627 1080 2740 1135 sui'
2773 1078 3080 1134 secundum
3137 1077 3308 1131 Deum
3365 1079 3417 1132 in
3465 1077 3690 1133 Christo

2097 1173 2272 1244 patris
2320 1173 2681 1227 imitationem
2730 1170 2982 1242 (Paulum
3048 1170 3356 1240 apostolum
3421 1169 3688 1240 intelligo)

2096 1284 2207 1324 non
2236 1283 2428 1323 omnes
2458 1268 2702 1338 quidem,
2743 1265 2836 1321 sed
2870 1265 3118 1336 plerique
3170 1272 3354 1316 tamen
3395 1261 3462 1316 ad
3508 1277 3690 1316 susce-

2095 1371 2244 1435 ptam
2268 1362 2438 1417 divini
2461 1361 2614 1417 verbi
2646 1360 3090 1431 pra-dicationem
3109 1367 3392 1411 externam
3427 1368 3688 1408 manuum

2095 1470 2318 1526 operam
2367 1453 2710 1524 adjungunt;
2775 1464 3170 1522 quamcunque
3225 1448 3446 1502 demum
3515 1454 3689 1499 artem

2094 1549 2276 1620 adepti
2313 1547 2443 1611 sint,
2466 1559 2586 1614 quae
2606 1559 2706 1600 nec
2722 1559 2752 1600 e
2767 1545 3034 1614 dignitate
3053 1556 3176 1606 sua,
3213 1554 3317 1594 nec
3339 1539 3409 1594 ab
3432 1537 3692 1593 Ecclesiae

2093 1657 2402 1714 curaquam
2419 1647 2738 1712 perpetuam
2765 1644 2982 1707 gerunt,
3002 1635 3326 1694 abhorreat,
3354 1639 3413 1684 ut
3441 1629 3689 1699 ipsorum

2094 1733 2458 1800 conscientia,
2497 1737 2696 1802 praeter
2746 1729 2898 1783 illum
2947 1725 3118 1780 divini
3162 1723 3315 1778 verbi
3352 1721 3689 1793 praedicandi

401 1809 603 1878 χειρῶν
626 1810 772 1865 ἰδίων
796 1810 1240 1886 καρποφοροῦσα,
1264 1819 1358 1872 καὶ
1383 1821 1548 1892 ἑαυτῇ
1575 1823 1985 1893 ἑπαρκουμένη,

2096 1825 2352 1886 laborem,
2402 1821 2749 1893 prepriarum
2790 1833 3050 1873 manuum
3096 1815 3336 1870 fructum
3381 1813 3584 1874 ferens.
3625 1826 3692 1867 ae

401 1903 513 1964 τοῖς
563 1919 622 1954 τε
673 1903 921 1972 ἀδελφοῖς
969 1902 1064 1959 καὶ
1104 1907 1437 1979 ὲνδεομένοις
1477 1913 1578 1983 τὴν
1627 1913 1765 1983 μετὰ
1803 1915 1993 1984 χεῖρας

400 1993 714 2062 οἰκονομίαν
733 2012 746 2025 ·
779 1998 1044 2068 ἀπαρχῶν
1073 1998 1152 2064 δὲ,
1188 2002 1352 2072 φημὶ,
1398 2003 1493 2056 καὶ
1521 2005 1869 2076 προσφορῶν,
1899 2007 1994 2059 καὶ

402 2082 463 2148 ἐξ
493 2085 674 2139 αὐτῶν
711 2086 825 2160 (25)
856 2089 964 2144 τῶν
985 2093 1071 2146 διὰ
1097 2093 1299 2165 χειρῶν
1331 2096 1708 2168 εἰργασμένων
1731 2100 1798 2153 δι’
1824 2100 1993 2173 ὑπερ-

408 2175 566 2247 Βολὴν
595 2177 890 2244 διαθέσεως
930 2182 1066 2252 πρὸς
1085 2183 1237 2250 Θεὸν,
1268 2187 1363 2240 καὶ
1390 2190 1504 2251 τοῖς
1533 2189 1703 2253 πέλας
1728 2191 1992 2257 ἑκουσίως

405 2269 797 2338 μεταδιδοῦσα·
828 2274 1007 2328 καίτοι
1050 2292 1115 2345 γε
1168 2277 1241 2348 μὴ
1286 2279 1750 2352 ἀναγκαζομένων
1787 2283 1988 2348 αὐτῶν,

407 2360 545 2430 μήτε
582 2365 1082 2437 κατακρινομένων,
1111 2368 1247 2423 ἀλλὰ
1270 2371 1620 2446 δικαιοσύνης
1649 2374 1846 2440 πόνους
1897 2377 1992 2430 καὶ

402 2452 663 2522 ἐργασίαν
699 2457 1158 2533 ἐκκλησιαστικὴν
1193 2464 1446 2534 ἐχόντων,
1487 2467 1582 2520 καὶ
1610 2468 1752 2522 κατὰ
1786 2469 1992 2522 δικαιοο

405 2542 570 2615 σύνην
590 2548 941 2618 σιτουμένων,
958 2551 1025 2604 δι’
1048 2552 1151 2604 ὑπε
1161 2553 1354 2626 ρὸολὴν
1370 2555 1427 2608 δὲ
1442 2558 1818 2628 προαιρέσεως
1832 2557 1991 2613 τοῦτο

401 2636 582 2691 αὐτῶν
640 2640 958 2697 ποιούντων.
1006 2644 1290 2698 Ἐπιποθεῖ
1336 2647 1445 2718 γάρ
1499 2648 1678 2702 αὐτῶν
1721 2651 1754 2720 ἡ
1807 2649 1990 2714 ἔνθεος

402 2725 571 2796 ψυχὴ,
602 2730 694 2781 καὶ
725 2729 784 2782 ἐν
815 2729 966 2802 φόϐῳ
994 2730 1131 2785 Θεοῦ
1164 2735 1560 2808 ὲστηριγμένη,
1591 2739 1687 2792 καὶ
1716 2741 1780 2792 ὲκ
1814 2740 1991 2793 Πνεύ-

407 2835 576 2887 ματος
600 2821 757 2889 ἁγίου
777 2823 876 2894 τὴν
905 2823 1106 2892 γνῶσιν
1133 2828 1470 2900 κεκτημένη,
1493 2829 1725 2884 πλούτου
1753 2833 1990 2904 ἐπουρα-

404 2910 517 2963 νίου
548 2911 639 2965 τοῦ
673 2914 812 2968 κατὰ.
841 2914 1192 2990 δικαιοσύνην
1219 2920 1358 2990 μετὰ
1385 2922 1628 2984 ἐπαίνου,
1655 2924 1750 2978 καὶ
1774 2925 1984 2990 κλέους,

405 3003 501 3055 καὶ
537 3005 841 3074 ἀριστείας,
892 3003 986 3062 τοῦ
1035 3010 1124 3064 διὰ
1163 3011 1321 3066 θείων
1358 3014 1664 3084 δογμάτων,
1707 3018 1802 3071 καὶ
1839 3017 1990 3083 θείας

407 3093 639 3164 μελέτης
672 3097 834 3165 ἁγίας
865 3099 1108 3170 Γραφῆς,
1137 3101 1232 3154 καὶ
1259 3102 1458 3172 λογίων
1480 3104 1638 3169 Θεοῦ,
1660 3105 1989 3178 ψαλμῳδιῶν

404 3204 466 3240 τε
499 3189 595 3242 καὶ
651 3191 943 3258 συνάξεων,
982 3195 1152 3263 ἁγίων
1189 3196 1454 3267 νηστειῶν
1511 3215 1570 3251 τε
1601 3201 1696 3253 κα)⁸
1743 3201 1989 3270 ἁγνείας,
2017 3181 2061 3238 C

407 3279 503 3332 καὶ
532 3280 824 3345 πολιτείας,
862 3284 956 3336 καὶ
984 3285 1083 3354 τῆς
1112 3283 1202 3338 διὰ
1238 3286 1458 3357 χειρῶν,
1490 3287 1675 3343 ἓνεκεν
1713 3291 1993 3346 δικαιοσύ-

405 3387 526 3441 νης,
577 3374 715 3442 μετὰ
758 3374 1128 3446 προαιρέσεως
1174 3379 1461 3448 ἐργασίας.
1500 3380 1658 3435 Ἀλλά
1698 3375 1806 3436 ’καὶ
1852 3383 1996 3456 ἄλλῳ

406 3463 1128 3538 τύπιιι(25·)προελήφθησαν
1146 3470 1196 3522 ot
1218 3470 1374 3523 αὐτοὶ
1387 3470 1558 3542 τίμιοι
1578 3472 1737 3544 ἡμῶν
1752 3473 1993 3544 ἀδελφοὶ,

404 3561 455 3615 oi
482 3560 620 3614 κατὰ
647 3560 1076 3630 Μεσοποταμίαν
1104 3562 1163 3614 ἐν
1196 3564 1579 3635 μοναστηρίοις
1634 3564 1994 3638 ὑπάρχοντες,

408 3651 583 3705 εἴτουν
611 3650 913 3718 Μάνὸραις
941 3653 1327 3722 καλουμέναις,
1361 3653 1578 3726 κώμαις
1604 3657 1621 3687 ¹
1647 3661 1995 3725 γυναικικαῖς

406 3744 874 3816 προϐαλλόμενοι,⁴
904 3746 998 3799 καὶ
1033 3747 1223 3818 σάκκῳ
1253 3751 1523 3819 προφανεῖ
1567 3752 1990 3823 ὲπερειδόμενοι.

294 3831 301 3840 .
411 3839 558 3892 νεδει
590 3838 648 3890 δὲ
692 3839 760 3892 τὰ
788 3839 889 3908 τῆς
941 3841 1104 3908 ἁγίας
1134 3841 1412 3912 Παρθένου
1455 3845 1660 3916 μητρὸς
1701 3847 1857 3918 ἡμῶν
1895 3847 1998 3918 τῆς

405 3929 755 4001 ’Ἐκκλησίας
802 3930 1070 4002 ὑπάρχειν
1125 3932 1291 3987 τέκνα
1340 3934 1532 4005 σεμνά,
1588 3937 1832 4008 οίκουρὰ,
1875 3939 1996 4010 Θεῷ

409 4020 739 4093 λατρεύοντα
783 4024 1030 4095 κρυφίως
1067 4024 1146 4095 τῷ
1173 4025 1336 4079 είδότι
1363 4026 1432 4080 τὰ
1467 4027 1699 4098 κρύφια,
1732 4031 1828 4084 καὶ
1856 4032 1995 4084 ἀπο-

409 4111 603 4165 διδόντι
632 4115 690 4166 ὲν
719 4117 832 4177 τοῖς
872 4119 1146 4184 φανεροῖς,
1184 4115 1327 4170 κατὰ
1359 4117 1421 4170 τὸ
1465 4119 1871 4190 γεγραμμένον,
1900 4122 1996 4175 καὶ

411 4206 764 4277 εὐσχημόνως
800 4207 889 4260 διὰ
925 4208 1052 4271 τοὺς
1092 4207 1217 4274 ἔξω,
1249 4209 1344 4263 καὶ
1380 4208 1455 4281 μὴ
1496 4210 1777 4281 βούλεσθαι
1810 4212 1998 4267 λαϐεῖν

409 4298 519 4352 ἀπὸ
552 4297 660 4352 τῶν
704 4298 956 4371 ὁρώντων
982 4301 1074 4354 τὸν
1116 4300 1304 4371 μισθὸν
1333 4305 1430 4356 καὶ
1458 4303 1558 4374 τὴν
1594 4303 1775 4376 χάριν.
1814 4305 1996 4358 Ἀλλό-

410 4406 561 4460 τριον
605 4391 715 4463 γάρ
773 4392 890 4445 ἐστι
921 4393 1023 4464 τῆς
1077 4392 1372 4463 καθολικῆς
1421 4395 1747 4467 Ἐκκλησίας
1795 4399 1998 4464 σάκκος

412 4485 716 4552 προφανὴς.
745 4486 840 4538 καὶ
871 4485 1014 4557 κόμη
1061 4488 1435 4560 ὲκτεμνομένη
1461 4490 1482 4520 ⁸
1511 4489 1620 4543 ἀπὸ
1661 4488 1754 4544 τοῦ
1788 4491 1999 4564 κηρύγ-

416 4591 586 4645 ματος
611 4575 702 4631 ’.οὗ
732 4568 1072 4636 Ἀποστόλουο
1127 4579 1298 4649 Ἀνὴρ
1321 4580 1452 4650 γὰρ,
1482 4581 1668 4652 φησὶν,
1697 4585 1809 4637 οὐκ
1835 4585 1995 4654 ὀφεί-

411 4670 505 4721 λει
535 4667 748 4740 κομᾶν,
785 4670 965 4724 εἰκὼν
985 4671 1083 4725 καὶ
1109 4671 1264 4737 δόξα
1297 4672 1445 4727 Θεοῦ
1473 4673 1780 4744 ὑπάρχων.

2095 1933 2220 1974 cum
2254 1916 2359 1972 sibi
2420 1916 2548 1986 ipsi,
2599 1923 2713 1968 tum
2765 1911 3028 1966 fratribus
3073 1915 3128 1964 et
3162 1904 3455 1978 egentibus
3503 1904 3690 1975 operis

2095 2010 2178 2065 Sui
2199 2017 2469 2079 quaestum
2496 2006 2839 2076 impertiens,
2864 2004 3144 2074 voluptate
3173 1999 3561 2071 perfundatur,
3587 1998 3691 2052 hoc

2093 2111 2178 2158 est
2198 2110 2306 2155 tam
2331 2100 2601 2172 primitias
2623 2107 2677 2154 et
2723 2099 3049 2157 oblationes,
3075 2110 3239 2166 quam
3260 2091 3405 2164 quod
3425 2105 3689 2146 manuum

2094 2209 2318 2249 suarum
2355 2207 2518 2261 opera
2555 2190 2738 2246 lucelli
2779 2187 3085 2258 quaesierit,
3123 2200 3246 2240 cum
3264 2182 3532 2255 proximis
3571 2180 3690 2235 Suis

2095 2286 2240 2340 ultro
2287 2299 2386 2355 pro
2431 2281 2647 2337 ardenti
2692 2281 2746 2335 in
2809 2279 2979 2334 Deum
3032 2291 3221 2331 amore
3295 2271 3687 2329 communicet.

2091 2377 2256 2448 Atqui
2318 2376 2467 2430 nulla
2541 2375 2606 2426 ad
2677 2373 2730 2428 id
2796 2369 3070 2443 agendum
3126 2365 3454 2424 necessitate
3512 2365 3689 2420 coacti

2092 2469 2444 2537 damnatique
2493 2471 2640 2522 sunt.
2672 2463 2782 2519 Sed
2839 2478 2965 2519 cum
3019 2460 3377 2532 iustissimos
3416 2457 3555 2513 alios
3610 2457 3694 2512 la-

2092 2564 2253 2619 bores
2314 2571 2368 2617 et
2408 2558 2816 2616 ecclesiasticas
2857 2557 3248 2628 occupationes
3308 2553 3588 2615 habeant,
3631 2558 3690 2605 et

2090 2670 2192 2726 pro
2261 2668 2328 2708 eo
2375 2659 2540 2722 atque
2585 2663 2801 2721 aequum
2844 2655 2950 2710 est,
2994 2647 3065 2701 ali
3110 2645 3352 2700 indidem
3411 2643 3688 2706 deb‘eant,

2091 2745 2428 2802 abundantia
2459 2742 2698 2814 quadam
2759 2739 2984 2795 virtutis
3033 2745 3088 2794 et
3115 2737 3343 2808 prolixae
3385 2733 3692 2789 voluntatis

2091 2839 2145 2894 id
2170 2837 2274 2894 sibi
2303 2834 2816 2906 onerisimponunt.
2845 2830 3061 2886 Etenim
3083 2830 3304 2885 divinus
3328 2827 3544 2883 illorum
3570 2826 3692 2881 ani-

2093 2946 2238 2991 mus,
2261 2938 2316 2982 et
2339 2929 2396 2982 in
2424 2925 2518 2981 Dei
2558 2926 2757 2980 timore
2786 2922 3086 2987 stabilitus,
3118 2920 3408 2990 infusaque
3434 2933 3464 2973 a
3483 2917 3692 2988 Spiritu

2094 3019 2305 3093 1073
2343 3025 2534 3074 sancto
2580 3015 2810 3073 scientia
2839 3013 3120 3086 praeditus,
3169 3011 3473 3067 cmlestium
3502 3024 3690 3080 opum,

2091 3128 2212 3184 quae
2237 3112 2290 3164 in
2317 3109 2530 3181 justitia
2562 3107 2757 3179 posita:
2779 3113 2930 3170 sunt,
2961 3103 3236 3160 desiderio
3267 3111 3482 3158 tenetur
3511 3121 3523 3156 :
3549 3117 3690 3172 quas

2102 3219 2228 3260 cum
2268 3201 2430 3257 laude
2482 3208 2538 3256 et
2571 3199 2769 3270 gloria,
2809 3196 3158 3268 egregiisque
3200 3194 3362 3251 factis
3406 3210 3437 3249 e
3469 3192 3694 3248 divinis

2097 3294 2446 3365 dogmatibus
2479 3308 2544 3347 ac
2572 3305 2856 3347 sacrarum
2879 3288 3211 3344 Litterarum
3236 3295 3294 3342 et
3339 3285 3690 3340 oraculorum

2098 3389 2193 3444 Dei
2217 3386 2594 3449 meditatione,
2614 3395 2778 3454 atque
2794 3396 2824 3437 e
2841 3385 3180 3451 psalmorum
3202 3377 3690 3438 concentionibus,

2097 3488 2152 3536 et
2200 3477 2588 3535 ecclesiasticis
2655 3472 3041 3535 conventibus,
3094 3484 3313 3525 necnon
3371 3476 3429 3524 et
3487 3467 3694 3523 sanctis

2094 3571 2343 3644 jejuniis.
2389 3569 2666 3632 castitate,
2703 3565 3120 3635 religiosissimo
3151 3559 3370 3618 vivendi
3405 3559 3677 3624 instituto,

2098 3681 2164 3721 ac
2195 3670 2390 3735 sponte
2424 3661 2529 3718 sibi
2559 3659 2766 3713 indicta
2791 3657 2862 3711 ob
2895 3669 3138 3710 amorem
3167 3653 3402 3722 justitiae
3430 3663 3692 3704 manuum

2097 3771 2264 3827 opera
2315 3759 2750 3823 consequuntur.
2788 3750 2885 3803 Est
2928 3758 2982 3802 et
3029 3748 3135 3802 alia
3177 3745 3427 3817 quaedam
3475 3741 3695 3798 vivendi

2099 3846 2273 3902 forma
2337 3860 2403 3899 ac
2455 3843 2777 3913 disciplina,
2817 3853 2947 3908 aqua
3012 3836 3324 3892 istiusmodi
3384 3834 3687 3888 venerandi

2100 3939 2275 3994 nostri
2309 3937 2506 3992 fratres
2537 3942 2802 3996 utuntur,
2849 3932 2942 4001 qui
2979 3930 3034 3984 in
3071 3927 3462 3999 MesOpotamia
3489 3925 3544 3980 in
3579 3939 3696 3980 mo-

2098 4031 2377 4092 nasteriis,
2403 4044 2541 4100 quas
2575 4026 2828 4081 Mandras
2857 4024 3155 4095 appellant,
3199 4021 3538 4077 domicilium
3571 4019 3697 4073 ﬁxe-

2097 4131 2249 4180 runt.
2274 4121 2378 4188 Qui
2397 4129 2452 4177 et
2474 4133 2661 4176 comas
2686 4117 3010 4171 muliebrem
3028 4115 3084 4169 in
3103 4113 3327 4169 modum
3344 4113 3693 4182 promittunt,

2098 4221 2152 4269 et
2185 4212 2424 4267 cilicium
2459 4209 2741 4280 propalam
2791 4205 3068 4261 affectant.
3107 4201 3213 4258 Sed
3246 4201 3504 4257 nimirum
3531 4213 3698 4269 opor-

2101 4306 2251 4362 tebat
2277 4309 2483 4360 sancta:
2523 4300 2767 4371 Virginis
2823 4314 2890 4355 ac
2951 4304 3157 4353 nostrae
3205 4294 3400 4350 matris
3433 4291 3695 4348 Ecclesiae

2099 4397 2482 4452 lberos‘esse
2523 4393 2904 4466 perbonestos,
2947 4390 3172 4446 domum
3204 4393 3513 4451 servantes,
3565 4383 3697 4441 Deo-

2100 4507 2226 4563 que,
2268 4489 2361 4562 qui
2391 4487 2578 4544 abdita
2619 4487 2946 4556 occultaque
2969 4483 3120 4540 novit
3175 4496 3241 4536 ac
3266 4479 3445 4552 palam
3469 4477 3693 4549 praemia

2103 4583 2382 4657 persolvit,
2420 4582 2499 4636 uti
2545 4579 2813 4651 scriptum
2837 4585 2944 4643 est,
2984 4577 3043 4632 in
3087 4572 3275 4630 abdito
3304 4573 3328 4605 ’⁵
3362 4571 3687 4632 servientes.

2103 4678 2268 4748 id‘que
2295 4675 2512 4740 decore,
2543 4680 2767 4744 propter
2794 4679 3038 4739 exteros,
3069 4677 3124 4725 et
3160 4669 3422 4724 honeste:
3455 4664 3593 4720 adeo
3623 4671 3685 4718 ut

412 4762 619 4816 nullam
650 4765 718 4818 ab
745 4763 1084 4821 intuentibus
1115 4767 1448 4830 mercedem,
1501 4777 1595 4823 aut
1636 4769 1866 4838 gratiam
1897 4777 2298 4842 exspectarent.
2344 4767 2440 4825 Est
2477 4769 2622 4824 enim
2668 4765 2738 4820 ab
2774 4763 3036 4819 Ecclesiae
3071 4759 3359 4816 catholica;
3389 4765 3443 4812 et
3471 4759 3691 4826 apostoo

410 4847 588 4904 lorum
614 4854 862 4910 doctrina
897 4872 1126 4926 prorsus
1154 4858 1416 4920 alienum,
1455 4859 1694 4915 cilicium
1741 4863 1917 4933 palam
1960 4878 2072 4933 prae
2110 4879 2170 4920 se
2213 4862 2377 4924 ferre,
2409 4875 2474 4915 ac
2499 4873 2713 4915 comam
2743 4854 3090 4914 submittere.
3154 4851 3250 4907 Vir
3291 4849 3456 4915 enim,-
3509 4848 3691 4919 inquit

411 4949 732 5018 Apostolus.
767 4965 974 5004 comam
1005 4952 1208 5005 nutrire
1245 4967 1350 5006 non
1373 4952 1546 5017 debet,
1596 4971 1715 5008 cum
1743 4957 1919 5027 imago
1951 4956 2045 5012 Dei
2083 4957 2153 5012 sit
2184 4965 2234 5010 et
2265 4956 2440 5025 gloria
2463 4955 2506 5009 '.

481 5040 559 5094 Z‘.
595 5039 662 5094 Ti.
686 5039 744 5092 δὲ
782 5041 964 5110 χεῖρον
997 5039 1018 5070 ³
1053 5041 1144 5092 καῖ
1171 5040 1431 5095 ἐναντίον.
1459 5045 1523 5096 Oi
1568 5044 1667 5114 μὲν
1696 5043 1758 5096 τὸ
1792 5045 2002 5112 γένειον

2179 5044 2293 5100 Vll.
2354 5043 2462 5098 Sed
2505 5041 2751 5098 deterius
2797 5038 3054 5110 quiddam
3105 5052 3170 5093 ac
3226 5033 3560 5092 contrarium
3620 5035 3692 5090 ab

412 5133 509 5204 τὴν
537 5132 751 5202 μορφὴν
807 5129 902 5185 τοῦ
945 5131 1137 5203 ἀνδρὸς
1166 5132 1550 5202 ἀποτέμνουσι,
1584 5135 1779 5205 τρίχας
1810 5135 1866 5188 δὲ
1901 5137 1994 5205 τῆς

2107 5136 2215 5190 illis
2255 5134 2463 5204 geritur
2498 5151 2511 5187 :
2541 5131 2811 5202 siquidem
2857 5130 2946 5185 isti
2989 5129 3240 5189 barbam,
3276 5127 3382 5180 hoc
3425 5131 3512 5180 est
3560 5138 3694 5194 pro~

413 5222 657 5292 κεφαλῆς
715 5223 975 5287 πολλάκις
1028 5224 1276 5294 κομῶσι.
1316 5225 1426 5278 Καὶ
1468 5225 1598 5295 περὶ
1646 5226 1744 5294 μὲν
1777 5222 1871 5278 οὖν
1901 5221 1996 5279 τοῦ

2115 5228 2293 5297 priam
2329 5226 2431 5280 viri
2467 5224 2725 5284 formam.
2753 5229 3042 5288 resecant;
3070 5220 3301 5292 capillos
3334 5233 3465 5273 vero
3497 5218 3694 5287 ntplu-

410 5317 620 5382 γενείου
649 5314 848 5386 (24)?»
875 5317 995 5378 ταῖς
1011 5316 1298 5381 Διατάξεσι
1325 5316 1435 5370 τῶν
1476 5316 1790 5371 ἀποστόλων
1809 5318 1994 5387 φάσκει

2116 5321 2312 5374 rimum
2346 5319 2673 5389 prolixiores
2705 5316 2944 5380 habent.
2972 5313 3138 5384 Atqui
3172 5311 3320 5382 quod
3365 5310 3432 5366 ad
3464 5311 3690 5368 barbam

484 5433 501 5463 ⁸
537 5431 600 5486 F.
642 5432 838 5505 κόμας.
913 5436 934 5465 ³
967 5433 1025 5487 F.
1058 5434 1429 5505 ἐκτεινομένη.

445 5568 600 5651 ,(95)
631 5568 741 5651 Καὶ
820 5569 889 5635 ἐξ
927 5569 1143 5651 αὐτῶν.
1197 5567 1309 5622 lmo
1365 5582 1758 5651 nonnunquam
1797 5566 1996 5651 id‘cle-

416 5640 546 5694 ricis
580 5649 822 5695 veterum
876 5639 1234 5696 conciliorum
1264 5640 1569 5709 canuibns
1591 5639 1992 5709 prmscriptum,

417 5718 476 5763 ut
522 5711 779 5780 CarIltag.
834 5728 910 5770 ιιι.
977 5727 1098 5766 can.
1167 5709 1244 5764 51.
1315 5708 1551 5764 Clericus
1594 5708 1994 5778 quantumlibet

419 5781 572 5854 verba?
615 5782 707 5835 Dei
735 5782 977 5854 eruditus
997 5781 1467 5854 arti/Seianianum
1493 5791 1716 5854 quierat.
1759 5780 1830 5834 lic
1885 5796 1996 5832 mo-

418 5853 608 5907 nachis
627 5854 936 5915 veromulto
960 5851 1012 5906 id
1047 5853 1224 5917 ipsum
1249 5850 1441 5920 'n’tagis
1474 5850 1699 5907 allirmat
1732 5850 1990 5920 Augusti-

1505 5435 1526 5466 ³
1556 5433 1616 5489 F.
1654 5435 1683 5487 ὃ
1707 5435 1764 5489 δὲ
1791 5439 1991 5507 χεῖρον,
2027 5438 2130 5502 vel,
2166 5436 2244 5490 ἔτι

2429 5435 2452 5466 δ
2481 5433 2670 5489 Matth.
2697 5448 2774 5499 v1,
2801 5433 2881 5488 6.‘
2936 5431 2956 5463 ⁵
2993 5429 3016 5484 Ι
3044 5429 3170 5485 Cor.
3202 5443 3280 5492 ιι,
3316 5427 3371 5481 7.

2107 5583 2212 5623 nus
2240 5568 2382 5622 libro
2413 5567 2677 5638 singulari
2714 5566 2780 5621 de
2803 5581 2863 5622 ea
2890 5581 2948 5621 re
2970 5565 3196 5638 scripto.

2179 5639 2312 5707 (ἥδ’)
2330 5631 2639 5692 Ἀλλιῗκαί
2663 5638 2830 5707 ἄλλλῳ
2859 5639 3043 5703 τύπῳ.
3067 5631 3377 5707 Meminitin
3395 5631 3686 5707 Ancora-to.

2175 5699 2426 5777 (2.4)’Καὶ
2443 5709 2573 5776 περὶ
2587 5707 2704 5778 μὲν
2725 5699 3421 5778 οὖὴτοῦγενείουζίωομε
3453 5710 3535 5753 est
3553 5699 3647 5754 lib.
3668 5715 3686 5754 l

2102 5773 2326 5832 comm.
2355 5773 2551 5846 aposti,
2577 5773 2698 5848 cap.
2733 5780 2785 5833 ὃ.
2833 5773 3004 5832 Notus
3027 5791 3181 5831 conc.
3215 5773 3470 5848 Cgartliag.
3507 5785 3685 5848 canon

2100 5852 2188 5916 Μ’,
2222 5841 2456 5907 Clericus
2503 5867 2593 5906 nec
2633 5841 2836 5906 éomam
2874 5848 3088 5916 nutriat,
3115 5863 3206 5902 nec
3246 5843 3464 5899 barbam
3501 5841 3682 5896 radat.
