4134 6392
459 355 564 412 767

1897 359 1956 414 8.
1999 354 2348 412 EPIPHANII
3640 352 3734 409 768

459 477 677 541 attinet,
710 476 764 532 in
797 476 1174 546 apostolorum
1198 475 1703 532 Constitutionibus
1735 477 1924 530 divino
1948 491 2050 531 ser-

2163 476 2191 526 6
2230 476 2372 537 θείος
2403 472 2560 542 λόγος
2591 472 2687 525 καὶ
2710 473 2744 540 ὴ
2765 470 3084 526 διδασκαλία
3101 470 3177 544 μὴ
3209 469 3473 542 φθείρειν,
3505 472 3736 524 τουτέστι

459 582 622 622 mone
665 583 731 623 ac
766 569 1024 641 dogmate
1065 569 1473 639 praescribitur,
1518 585 1588 625 ne
1621 585 1685 624 ea
1735 583 2055 640 corrumpa-

2163 567 2238 638 μὴ
2267 567 2484 637 τέμνειν
2507 565 2700 637 τρίχας
2743 564 2984 633 γενείου,
3045 563 3180 635 μηδὲ
3212 561 3516 634 ἑταιρισμῷ
3574 579 3735 616 κατα-

458 668 552 715 tur
582 680 598 717 :
636 662 738 717 hoc
784 673 870 718 est
920 678 988 718 ne
1024 661 1192 716 barba
1220 671 1484 732 ponatur,
1535 677 1672 717 neve
1709 661 2050 716 meretricius

2159 657 2444 729 κομεῖσθαι
2464 657 2506 722 ³,
2524 659 2661 729 μήτε
2682 657 3060 728 ὑπερηφανίας
3085 656 3392 727 ὑπόδειγμα
3405 655 3738 726 δικαιοσύνης

457 753 642 808 cultus
667 761 722 809 et
743 762 976 810 ornatus
1005 761 1330 823 usurpetur,
1351 769 1415 808 ac
1445 769 1514 807 ne
1564 768 1660 824 per
1681 753 2051 824 arrogantiam

457 854 513 902 et
539 845 743 901 fastum
775 845 1031 901 affectata
1057 845 1307 917 quaedam
1333 846 1564 915 justitiae
1593 846 1805 919 species
1841 845 1896 900 in
1927 860 2054 902 con-

460 954 653 1010 gressu
707 953 774 994 ac
823 939 1232 996 consuetudine
1295 939 1647 1008 praeferatur.
1712 938 1850 993 Illud
1901 940 2050 996 enim

458 1026 733 1088 Νηληίς
771 1030 1042 1086 duntaxat
1079 1031 1154 1086 ob
1186 1031 1417 1102 ﬁguram
1449 1029 1807 1100 congruebat.
1837 1027 2052 1100 Quippe

461 1127 671 1177 veteres
716 1136 816 1192 per
855 1121 1169 1178 futurarum
1211 1137 1396 1177 rerum
1443 1122 1803 1177 adumbratas
1857 1122 2051 1192 imagi-

459 1226 559 1270 nes
591 1212 832 1269 traducti
879 1223 1031 1280 sunt,
1062 1215 1212 1269 velut
1247 1229 1374 1268 cum
1405 1228 1621 1268 comam
1655 1228 1722 1268 ex
1767 1221 1895 1268 voto
1924 1228 2052 1284 pro-

459 1305 772 1362 missiorem
807 1306 1142 1370 habuerunt,
1196 1307 1374 1362 donec
1425 1306 1611 1361 mundi
1651 1316 1839 1362 votum
1886 1308 2050 1362 adve-

459 1398 565 1466 nit,
615 1406 672 1455 et
720 1399 1004 1470 impletum
1054 1407 1160 1462 est,
1210 1399 1315 1453 hoc
1365 1407 1452 1454 est
1497 1401 1752 1470 apparuit
1793 1399 2049 1456 Christus

462 1492 730 1548 Dominus
759 1492 961 1547 unicus
987 1490 1082 1547 Dei
1121 1489 1332 1557 Filius;
1368 1499 1423 1545 et
1457 1491 1804 1547 innotescere
1843 1493 2049 1547 mundo

458 1583 628 1653 erepit
667 1583 758 1637 ille
807 1582 926 1652 ipse
969 1582 1344 1651 sempiternus
1367 1581 1612 1653 quidem,
1645 1583 1740 1638 sed
1786 1583 1855 1638 ab
1897 1585 2047 1639 omni

456 1689 658 1745 genere
714 1675 998 1729 hominum
1059 1689 1411 1745 nequaquam
1461 1676 1717 1747 agnitus;
1761 1690 1952 1730 verum
2017 1689 2050 1728 a

455 1765 786 1838 quibusdam
815 1765 1105 1832 duntaxat,
1133 1768 1227 1838 qui
1261 1769 1316 1822 in
1350 1767 1532 1837 ipsum
1580 1767 1950 1830 crediderant,
1989 1776 2050 1822 ut

2156 753 2256 823 τὴν
2320 751 2680 824 προσέλευσιν
2734 748 2901 820 ἔχειν.
2953 749 3206 819 Ἐπρεπε
3255 746 3364 819 γὰρ
3402 746 3738 818 Ναζωραίοις

2153 843 2315 898 τοῦτο
2348 843 2510 914 μόνον
2559 840 2649 896 διὰ
2691 841 2786 895 τὸν
2828 839 3020 895 τύπον.
3057 840 3226 912 Τύπῳ
3250 839 3359 912 γὰρ
3386 839 3614 910 ἡγοῦντο
3645 841 3666 871 ⁸
3691 844 3737 895 ot

2157 934 2383 988 παλαιοὶ
2420 933 2516 987 τοῦ
2577 933 2866 1005 μέλλοντος
2909 932 3150 998 ἔσεσθαι,
3179 932 3395 1003 ἔχοντες
3437 933 3615 1002 κόμην
3652 934 3738 987 ἐπὶ

2154 1026 2256 1096 τῆς
2302 1026 2547 1098 κεφαλῆς
2583 1025 2673 1080 διὰ
2693 1025 2790 1097 τὴν
2839 1025 3024 1097 εὐχὴν,
3056 1025 3162 1090 ἕως
3201 1026 3324 1080 ὅτου
3349 1021 3573 1096 ἦλθενή
3610 1028 3737 1098 εὐχὴ

2154 1118 2248 1173 τοῦ
2301 1118 2533 1189 κόσμου,
2595 1118 2691 1171 καὶ
2736 1116 3026 1189 ἐτελειώθη
3050 1133 3064 1146 ·
3105 1116 3315 1190 κεφαλὴ
3347 1117 3405 1171 δὲ
3445 1117 3683 1187 πέφηνεν
3711 1119 3740 1172 6

2153 1210 2389 1282 Χριστὸς
2448 1212 2478 1263 6
2531 1208 2826 1281 μονογενὴς
2858 1209 2985 1273 Υίὸς
3024 1207 3116 1262 τοῦ
3163 1206 3331 1272 Θεοῦ,
3375 1208 3468 1262 καὶ
3497 1207 3738 1279 ἐγνώσθη

2154 1302 2232 1374 τῷ
2260 1305 2449 1373 κόσμῳ
2482 1304 2511 1356 6
2549 1302 2626 1354 ὣν
2667 1301 2754 1356 ἀεὶ
2800 1301 2895 1355 καὶ
2928 1300 3003 1373 μὴ
3053 1301 3454 1373 γινωσκόμενος
3483 1301 3635 1373 παρά
3673 1303 3738 1373 τῇ

2156 1393 2307 1466 πάσῃ
2357 1391 2822 1465 ἀνθρωπότητι,ἢ
2876 1392 3037 1463 μόνον
3087 1391 3250 1456 ἐνίοις
3291 1393 3401 1454 τοῖς
3450 1393 3532 1454 είς
3582 1391 3741 1444 αὐτὸν

2155 1483 2610 1538 πεπιστευκόσιν·
2657 1483 2749 1548 ἶν’,
2791 1484 2921 1537 ὅταν
2962 1482 3180 1554 γνῶμεν
3238 1482 3337 1554 τὴν
3368 1481 3632 1552 κεφαλὴν,
3669 1482 3742 1554 μὴ

2155 1573 2603 1645 καταισχύνωμεν
2663 1574 2760 1644 τὴν
2824 1572 3088 1645 κεφαλήν.
3158 1573 3234 1626 Οὐ
3279 1571 3386 1643 γὰρ
3416 1572 3604 1625 ἕνεκεν
3647 1573 3745 1644 τῆς

2157 1668 2292 1732 ιδίας
2324 1667 2564 1737 κεφαλῆς
2603 1667 2775 1736 λέγει,
2798 1665 2914 1722 ἀλλ’
2961 1665 3072 1722 ἀπὸ
3099 1665 3200 1737 τῆς
3234 1665 3370 1730 ίδίας
3397 1667 3476 1729 είς
3509 1666 3745 1738 Χριστὸν

2154 1761 2449 1831 ἐνσκήπτει
2480 1759 2544 1813 τὸ
2587 1759 2686 1830 τῆς
2711 1757 2910 1829 χλεύης
2943 1755 3103 1828 ἔργον
3241 1758 3449 1826 φησινό
3488 1755 3748 1809 Ἀπόστο-

455 1827 680 1930 cognito
732 1858 919 1928 capite
961 1827 1168 1912 nullam
1217 1827 1753 1928 huic-ignominiam
1799 1827 2050 1927 impona-

2157 1854 2246 1918 λος
2271 1869 2284 1881 ·
2309 1827 2486 1921 -Αὑτὴ
2536 1853 2574 1919 τ’.
2625 1827 2812 1922 eam
2847 1851 2918 1904 οὐ
2968 1827 3239 1904 διδάσρέέι
3263 1846 3435 1917 ἡμᾶς,
3463 1847 3556 1902 ὅτι
3592 1847 3748 1918 ἀνὴρ

457 1965 602 2006 mus.
633 1947 775 2004 Nam
803 1964 914 2005 non
947 1957 1059 2003 tam
1088 1949 1157 2004 de
1182 1950 1405 2020 proprio
1432 1947 1648 2021 1074
1672 1947 1943 2018 cujusque
1965 1963 2050 2004 ca-

458 2033 568 2103 pite
604 2033 852 2105 loquitur
887 2032 1205 2104 Apostolus,
1243 2048 1415 2104 quam
1468 2034 1537 2087 ab
1572 2048 1639 2089 eo
1671 2033 1726 2087 in
1769 2032 2046 2088 Christum

459 2126 638 2196 ipsum
687 2124 985 2180 ludibrium
1026 2127 1534 2198 contumeliamque
1567 2126 1821 2182 derivat:
1856 2125 2049 2182 Nonne

457 2219 655 2291 inquit,
702 2229 898 2274 natura
942 2221 1062 2289 ipsa
1099 2236 1196 2275 nos
1228 2218 1419 2284 docet,
1448 2219 1592 2290 quod
1637 2221 1718 2274 vir
1754 2237 1962 2275 comunt
2000 2223 2050 2276 si

457 2311 687 2375 nutriat,
716 2311 1015 2381 ignominia
1049 2320 1127 2366 est
1152 2311 1234 2365 illi
1259 2311 1303 2365 ‘?
1349 2309 1513 2378 Quod
1553 2312 1778 2382 quidem
1826 2313 2051 2384 ignomi-

458 2402 564 2458 nia:
607 2418 784 2475 genus
822 2403 1102 2459 laudabile
1151 2419 1263 2460 non
1317 2413 1425 2467 est,
1470 2410 1532 2458 ut
1579 2403 1672 2458 illa
1715 2419 1837 2473 quae
1873 2404 2047 2460 dicit:

458 2497 823 2568 Ignominiam
851 2497 1262 2567 contempsisti.
1294 2495 1482 2568 Neque
1510 2497 1660 2552 enim
1695 2497 1854 2567 quasi
1883 2498 2052 2568 quod-

457 2591 584 2645 dam
626 2589 850 2646 virtutis
899 2589 1160 2658 oﬂicium,
1194 2588 1288 2645 Dei
1332 2589 1467 2644 illud
1507 2604 1676 2646 causa
1721 2591 2048 2661 suscipitur,

459 2683 677 2739 tametsi
706 2681 780 2738 ad
805 2681 976 2739 Deum
1001 2682 1284 2754 pertinere
1317 2681 1590 2738 videatur.
1624 2681 1731 2739 Sed
1764 2699 1794 2738 a
1824 2693 2051 2740 conten-

459 2776 610 2831 tione
649 2789 716 2830 ac
756 2775 1060 2846 pertinacia
1102 2774 1411 2846 profectum
1471 2784 1578 2843 est,
1637 2791 1765 2831 cum
1795 2777 1910 2846 jam
1935 2779 2050 2849 pri-

458 2866 580 2924 dem
622 2867 759 2938 legis
800 2868 996 2924 umbra
1063 2866 1346 2939 ﬁguraque
1393 2879 1804 2940 praetergressa,
1849 2871 2051 2925 veritas

461 2961 577 3031 ipsa
618 2959 964 3018 successerit.
999 2959 1181 3027 Quare
1215 2960 1300 3017 sic
1334 2960 1635 3032 Apostolus
1659 2961 1906 3018 decernit
1942 2980 1956 3017 :
1989 2961 2051 3018 Si

458 3053 575 3121 quis
612 3050 822 3107 videtur
853 3053 1210 3107 contentiosa
1261 3067 1399 3116 esse.
1430 3069 1526 3108 nos
1567 3055 1728 3108 talem
1767 3067 2053 3109 consuem-

459 3145 638 3200 dinent
669 3161 776 3201 non
796 3144 1073 3208 habemus,
1107 3159 1202 3199 nec
1227 3143 1483 3201 Ecclesia:
1511 3144 1610 3201 Dei
1629 3147 1672 3201 '.
1694 3145 1906 3214 Quibus
1929 3163 2051 3202 ver-

2152 1949 2272 2020 μὲν
2299 1948 2409 2003 ἐὰν
2438 1945 2615 2018 κομᾷ,
2638 1946 2844 2016 ἀτιμία
2870 1941 3032 2009 αὐτῷ
3053 1943 3223 1998 ἐστιν
3239 1959 3259 2007 ;
3289 1940 3438 2014 Αὕτη
3463 1941 3521 1995 δὲ
3548 1944 3585 2012 ἡ
3631 1942 3749 1995 ἀτι-

2161 2045 2261 2115 μία
2287 2043 2389 2096 ούκ
2415 2040 2696 2112 ἐπαινετὴ,
2727 2038 2804 2103 ὡς
2832 2037 3038 2108 ἐκείνη,
3067 2037 3323 2106 λέγουσα,
3351 2036 3434 2089 ὅτι
3470 2037 3748 2107 Αἰσχύνης

2160 2134 2590 2206 κατεφρόνησας.
2631 2134 2704 2187 Οὐ
2730 2131 2839 2203 γὰρ
2870 2130 2960 2184 διά
2987 2128 3122 2184 Θεὸν
3159 2131 3194 2202 ὴ
3224 2131 3414 2200 ἀρετὴ,
3440 2129 3543 2183 κάν
3567 2146 3630 2182 τε
3662 2129 3753 2182 διὰ

2157 2226 2291 2281 Θεὸν
2341 2224 2718 2296 ὑποληφθείη·
2784 2221 2922 2276 ἀλλὰ
2979 2221 3071 2275 διὰ
3104 2220 3436 2290 φιλονεικίαν
3481 2220 3512 2272 6
3546 2219 3753 2291 τρόπος

2159 2318 2523 2392 παρελθόντος
2553 2317 2649 2372 τοῦ
2671 2317 2814 2371 κατά
2843 2315 3006 2388 νόμον
3040 2314 3235 2378 τύπου,
3253 2315 3347 2369 καὶ
3367 2313 3637 2386 ἐλθούσης
3652 2315 3754 2385 τῆς

2157 2409 2437 2482 ἀληθείας.
2474 2411 2639 2480 Λέγει
2666 2409 2724 2463 δέ
2743 2427 2756 2440 ’
2792 2409 2867 2464 Et
2891 2425 2981 2475 τις
3005 2407 3175 2462 δοκεῖ
3197 2408 3544 2478 φιλόνεικος
3570 2403 3751 2470 εἶναι,

2158 2503 2329 2574 ἡμεῖς
2379 2504 2664 2569 τοιαύτην
2701 2499 3035 2568 συνήθειαν
3081 2500 3193 2553 οὐκ
3235 2497 3475 2568 ἔχομεν,
3505 2498 3652 2552 οὔτε
3693 2499 3755 2552 at

2171 2597 2528 2664 Ἐκκλησίαι
2554 2594 2660 2649 τοῦ
2700 2593 2871 2648 Θεοῦι
2927 2589 3300 2663 Παρεξέϐαλεν
3347 2588 3442 2644 οὖν
3491 2592 3625 2654 τοὺς
3682 2591 3758 2644 τὰ

2159 2687 2381 2742 τοιαῦτα
2436 2685 2863 2759 ἐργαζομένους,
2906 2686 2998 2738 καὶ
3031 2683 3339 2747 ποιοῦντας,
3368 2687 3426 2737 ἐν
3443 2682 3758 2754 φιλονεικία

2157 2798 2217 2834 τε
2245 2780 2424 2845 ὄντας,
2461 2779 2571 2834 ἀπό
2597 2796 2655 2832 τε
2681 2778 2775 2832 τοῦ
2803 2778 3007 2848 θετμοῦ
3041 2777 3146 2832 τῶν
3182 2776 3493 2831 ἀποστόλων
3516 2778 3618 2830 καὶ
3643 2777 3759 2831 ἀπὺ

2158 2875 2258 2944 τῆς
2301 2872 2396 2926 τοῦ
2430 2872 2563 2926 Θεοῦ
2609 2871 2956 2944 Ἑκκλησίας.
3001 2871 3160 2925 Ἀλλά
3186 2872 3361 2930 ταῦτα
3391 2878 3760 2951 ἡναγκάσθη-

2163 2981 2262 3034 μεν
2316 2963 2494 3031 λέγειν
2526 2962 2614 3017 διὰ
2670 2962 2769 3034 τὴν
2829 2963 3100 3034 πρόφασιν
3157 2964 3267 3019 τῶν
3329 2971 3761 3042 προειρημένων

2158 3053 2582 3117 Μασσαλιανῶν,
2631 3054 2714 3107 ὅτι
2743 3055 2837 3107 καὶ
2883 3054 3056 3119 αὐτοὶ,
3107 3055 3360 3121 λασόντες
3404 3060 3624 3114 ἐκεῖθεν
3657 3062 3759 3116 τοῦ

2159 3147 2511 3219 φρονήματος
2564 3145 2662 3216 τὴν
2722 3146 2898 3207 νόσον,
2946 3147 3041 3200 καὶ
3094 3148 3459 3220 ἐκτραπέντες
3487 3153 3596 3224 τὴν
3634 3153 3761 3208 διά·

459 3237 545 3294 bis
577 3251 694 3304 eos,
723 3237 820 3308 qui
847 3236 954 3293 tale
980 3236 1190 3308 aliquid
1222 3236 1460 3306 faciunt,
1491 3247 1548 3295 et
1583 3209 1930 3295 contentiose
1963 3255 2050 3295 re-

2157 3209 2654 3304 uo'tav,'égcbxuka:v
2686 3240 2751 3307 τῇ
2777 3236 3002 3308 ἀληθείᾳ
3022 3254 3039 3272 ο
3061 3239 3155 3292 καὶ
3184 3209 3416 3314 κατέστη
3439 3209 3676 3313 αἵρεσις
3699 3249 3762 3300 ὲν

461 3325 768 3398 tragantur,
796 3327 866 3384 ab
896 3329 1277 3398 apostolorum
1323 3329 1512 3400 regula
1552 3345 1618 3385 ac
1674 3329 1771 3386 Dei
1803 3329 2050 3387 Ecclesia

2157 3330 2424 3402 δεινότητι
2445 3333 2642 3402 ἀργίας
2669 3332 2762 3384 καὶ⁹
2793 3331 2900 3384 τῶν
2933 3331 3107 3386 ἀλλων
3135 3333 3339 3390 κακῶν.

460 3423 890 3480 summovendos
942 3431 1116 3495 putat.
1163 3424 1290 3480 Haec
1333 3425 1502 3498 igitur
1547 3428 1752 3491 omnia,
1780 3437 2005 3498 accepta
2050 3443 2082 3482 a
2147 3426 2492 3484 Massalianis
2542 3429 2858 3494 occasione,
2891 3429 3075 3484 dicere
3133 3432 3502 3487 necessarium
3552 3435 3761 3491 habui-

460 3531 608 3581 mus,
640 3517 788 3586 quod
817 3525 872 3574 et
903 3518 1006 3588 ipsi
1053 3519 1295 3575 indidem
1346 3529 1633 3576 contracto
1676 3523 1957 3593 opinionis
2000 3524 2150 3580 illius
2205 3525 2402 3580 morbo
2461 3525 2756 3596 animoque
2809 3524 3116 3597 depravati,
3159 3543 3188 3580 a
3256 3531 3488 3585 veritate
3523 3531 3764 3588 decide-

459 3618 592 3665 runt
620 3628 634 3664 :
667 3612 814 3668 unde
860 3627 999 3668 nova
1047 3623 1133 3670 est
1183 3615 1411 3672 haeresis
1442 3633 1509 3672 ex
1539 3617 1652 3672 otio
1679 3626 1734 3672 et
1766 3618 1982 3688 ignavia
2006 3619 2332 3688 exterisque
2366 3619 2615 3689 pestibus
2641 3619 2893 3675 conﬂata.

534 3704 670 3762 VIII.
717 3705 840 3764 Hsec
869 3716 1000 3766 sunt
1019 3725 1142 3782 qua:
1169 3709 1238 3768 de
1268 3711 1581 3770 istiusmodi
1611 3714 1927 3771 hominibus
1957 3731 2049 3771 ac-

460 3798 731 3869 cepimus,
768 3801 861 3872 qui
895 3802 1103 3859 mtmdo
1147 3803 1216 3857 ad
1249 3805 1551 3862 ludibrium
1571 3807 1818 3886 expositi
1860 3809 2047 3864 viden-

2228 3714 2312 3771 H'.
2346 3715 2531 3770 Ταῦτά
2564 3716 2711 3768 ἐστιν
2767 3716 2805 3770 ἃ
2844 3717 2972 3788 περί
3014 3716 3218 3770 τούτων
3261 3718 3354 3770 καὶ
3392 3717 3581 3772 αὐτῶν
3617 3721 3765 3790 ἀκη-

2156 3808 2382 3880 κόαμεν,
2413 3808 2523 3862 τῶν
2551 3811 2632 3872 εἰς
2657 3808 2856 3880 χλεύην
2884 3807 2962 3879 τῷ
2991 3807 3181 3879 κόσμῳ
3207 3810 3630 3868 καταστάντων.
3661 3811 3764 3864 καὶ

461 3898 575 3952 tur,
603 3892 807 3962 quique
839 3893 1052 3964 plebeia
1122 3895 1328 3966 ingenii
1362 3898 1446 3980 sui
1486 3913 1650 3956 sensa
1684 3909 1738 3956 et
1764 3916 2047 3960 sermones

2157 3900 2469 3971 συρφετώδη
2527 3899 2654 3954 νοῦν
2692 3901 2784 3954 καὶ
2819 3900 3008 3969 λόγους
3038 3899 3394 3970 ὲξεμούντων,
3420 3902 3765 3954 ἀσυστάτων

461 3995 743 4054 evomunt,
775 4003 840 4042 ac
885 4005 988 4046 nec
1031 3992 1143 4046 ulla
1191 3991 1449 4050 ﬁrmitate
1491 3995 1788 4060 cohmrent,
1836 4005 1890 4052 et
1927 4011 2045 4052 om-

2157 3997 2210 4049 δὲ
2254 3995 2444 4057 ὄντων,
2476 3996 2570 4047 καὶ
2601 3995 2958 4058 ἀνελπίστων,
2986 3994 3081 4046 καὶ
3123 3995 3222 4064 τῆς
3251 3992 3346 4046 τοῦ
3372 3992 3508 4046 Θεοῦ
3536 3995 3762 4048 οἰκοδο-

462 4077 596 4132 nino
621 4080 900 4150 desperati
931 4090 1085 4147 sunt,
1111 4090 1279 4154 atque
1310 4094 1467 4141 extra
1499 4085 1593 4141 Dei
1625 4088 2042 4145 aediﬁcationem

2157 4087 2261 4157 μῆς
2309 4085 2413 4151 ἔξω
2443 4085 2775 4156 βεσηκότων.
2812 4084 2974 4138 Ὅθεν
3028 4085 3121 4137 καὶ
3173 4085 3298 4155 περὶ
3339 4083 3551 4137 τούτων
3591 4085 3767 4155 ὀλίγα

461 4173 766 4227 constituti.
803 4173 987 4239 Quare
1024 4176 1218 4246 paucis
1263 4175 1374 4233 illis
1404 4177 1671 4234 adversus
1713 4195 1810 4236 eos
1851 4180 2041 4252 dispu-

2157 4179 2513 4242 διαλαϐόντες,
2540 4175 2790 4242 αὖθιςείς
2823 4177 3132 4249 ἀνατροπὴν
3159 4176 3339 4230 αὐτῶν
3364 4177 3761 4248 ἐργασόμεθα.

459 4263 613 4329 tatis,
647 4263 714 4318 ad
747 4265 966 4321 eosdem
993 4267 1363 4326 conl‘utandos
1393 4271 1792 4343 aggrediemur.
1825 4272 2043 4328 Princi-

2157 4269 2256 4324 Καὶ
2298 4269 2514 4341 πρῶτον
2568 4267 2687 4338 μὲν,
2725 4269 2808 4322 ὅτι
2841 4270 3098 4338 γυναῖκες
3128 4268 3150 4299 ⁸
3187 4266 3326 4336 μετά
3360 4266 3580 4337 ἀνδρῶν
3627 4271 3764 4322 ἑπι-

461 4354 553 4422 pio
593 4355 853 4413 mulieres
889 4372 1016 4414 cum
1077 4359 1212 4417 viris
1247 4363 1564 4431 promiscue
1611 4366 1848 4431 versari,
1897 4366 2048 4421 nulla

2157 4361 2348 4416 τοαυτδ
2379 4357 2515 4415 εἶναι
2548 4362 2674 4414 οὔτε
2703 4361 2810 4414 ἀπὸ
2842 4359 3081 4423 παλαιᾶς
3127 4357 3416 4430 συνηθείας
3441 4357 3557 4411 τῶν
3586 4360 3763 4427 φύσει

457 4461 526 4500 ex
577 4448 746 4502 veteri
806 4462 996 4505 eorum
1054 4454 1479 4521 consuetudine,
1540 4458 1634 4527 qui
1680 4458 1737 4512 in
1791 4457 2050 4528 canjugio

2157 4454 2426 4523 συζυγῶν
2479 4454 2834 4525 κεκτημένων
2883 4456 2912 4506 6
2946 4451 3152 4515 δίκαιος
3182 4450 3354 4520 ὁρίζει
3393 4448 3580 4518 λόγος,
3615 4451 3767 4506 ἀλλά

458 4545 734 4608 vixerunt,
780 4542 1106 4615 deprompta
1173 4545 1404 4614 iustitiae
1455 4559 1508 4603 et
1553 4550 1860 4606 honestatis
1904 4553 2048 4608 ratio

2157 4547 2293 4618 ἀνὴρ
2321 4545 2493 4617 γυνὴ⁶
2511 4545 2804 4600 ὲπιτοαυτὸ
2825 4543 2922 4598 ἕνα
2949 4543 3085 4614 πρὸς
3115 4541 3212 4613 τὴν
3255 4541 3385 4612 μίαν
3409 4559 3424 4573 ·
3451 4541 3531 4605 ὡς
3571 4543 3765 4613 Ἀδὰμ

460 4633 686 4705 patitur.
719 4634 824 4690 Sed
852 4649 997 4692 unus
1024 4638 1296 4694 duntaxat
1325 4656 1452 4696 cum
1483 4657 1592 4696 una
1618 4643 1932 4699 consociari
1957 4643 2048 4699 de-

2157 4639 2289 4710 πρὸς
2317 4637 2414 4710 τὴν
2443 4638 2609 4700 Εὔαν,
2637 4639 2714 4702 ὡς
2754 4637 2940 4709 Σάρρα
2971 4635 3107 4707 πρὸς
3150 4635 3240 4688 τὸν
3291 4634 3548 4706 Ἀϐραὰμ
3577 4633 3762 4707 εἶχεν,

460 4725 574 4791 bet,
610 4733 670 4780 ut
712 4726 956 4786 Adamus
992 4744 1118 4785 cum
1151 4729 1285 4800 Eva,
1340 4729 1477 4786 Sara
1534 4748 1659 4787 cum
1709 4733 2045 4800 Abrahamo,

2157 4730 2226 4793 ὡς
2266 4729 2530 4784 Ῥεϐέκκα
2553 4729 2633 4800 τῷ
2661 4727 2847 4784 Ἰσαὰκ
2864 4729 3122 4799 συνῆπτο.
3147 4729 3209 4782 Ei
3229 4729 3338 4798 γάρ
3356 4728 3450 4781 καί
3464 4745 3626 4792 τινες
3645 4731 3766 4784 τῶν

461 4815 709 4874 Rebecca
761 4831 886 4874 cum
934 4819 1126 4877 Isaaco
1177 4823 1430 4894 c0pulata
1490 4824 1707 4894 legitur.
1759 4823 1893 4881 Nam
1942 4828 2046 4882 etsi

2157 4822 2412 4893 Πατέρων
2465 4821 2559 4876 δύο
2592 4822 2686 4874 καὶ
2714 4824 2860 4892 τρεῖς
2891 4822 3152 4890 γυναῖκας
3182 4821 3504 4890 ἐσχήκασιν,
3541 4821 3655 4875 οὐκ
3700 4823 3765 4874 ἐν

459 4908 682 4980 quidam
716 4925 748 4966 e
781 4909 1037 4968 Patribus
1084 4913 1223 4970 duas
1255 4923 1440 4972 tresve
1487 4931 1687 4972 uxores
1732 4917 2042 4984 habuerint,

2157 4915 2250 4985 μιᾷ
2272 4913 2421 4984 οἰκίᾳ
2445 4914 2502 4967 ai
2534 4915 2791 4982 γυναῖκες
2823 4908 2984 4983 ἦσαν.
3010 4912 3225 4983 Χοίρων
3261 4911 3372 4982 γὰρ
3401 4911 3462 4964 τὺ
3491 4913 3762 4966 τοιοῦτον

459 4997 652 5054 nonin
694 4999 885 5055 eadem
915 5002 1022 5056 illa:
1045 5002 1210 5059 domo
1243 5004 1486 5062 fuerunt.
1524 5007 1657 5060 Nam
1693 5007 1808 5062 haec
1839 5009 2044 5080 alioqui

2157 5003 2306 5073 εἶδος,
2329 5007 2424 5060 καὶ
2448 5005 2662 5069 κτηνῶν
2691 5007 2725 5075 ἠ
2759 5004 2982 5074 τοιαύτη
3013 5003 3296 5072 συνάφεια.
3325 4995 3488 5057 Οὗτοι
3509 5003 3577 5057 δὲ
3605 5005 3760 5076 μᾶλ-

460 5094 633 5148 torma
665 5095 1092 5167 conjunctioque
1132 5099 1314 5167 porcis
1355 5115 1420 5154 ac
1484 5101 1800 5172 pecudibus,
1841 5119 2044 5159 conve-

2157 5107 2234 5152 ιον
2258 5099 2339 5162 εἰς
2377 5097 2639 5168 ἔκπληξιν
2659 5098 2805 5168 ἡμᾶς
2839 5095 3205 5164 ἀναγκάζουσι
3221 5095 3430 5167 φέρειν,
3461 5097 3761 5166 ἐπαγγελ-

459 5187 562 5242 nit.
592 5185 660 5241 At
685 5187 924 5245 ἥπτειὶοί
956 5189 1130 5244 nostri
1163 5189 1428 5260 majorem
1458 5192 1620 5248 nobis
1645 5200 1928 5263 stuporem
1957 5194 2043 5248 al‘.

2157 5193 2390 5264 λομένων
2421 5190 2602 5244 αὐτῶν
2645 5191 2781 5261 πρὸς
2822 5190 3087 5259 γυναῖκας
3134 5187 3428 5257 συνάφειαν
3465 5188 3544 5258 μὴ
3572 5189 3760 5260 ἔχειν,

461 5278 663 5345 lerunt,
710 5281 804 5352 qui
849 5296 974 5338 cum
1010 5282 1149 5338 nihil
1198 5297 1261 5340 se
1306 5300 1432 5339 cum
1471 5285 1796 5342 mulieribus
1837 5287 2042 5343 habere

2157 5285 2456 5339 τούναντίον
2510 5283 2715 5356 μᾶλλον
2769 5285 2868 5355 τὴν
2902 5281 3100 5353 χλεύην
3149 5279 3622 5351 ἀπεργαζόμενοι,
3658 5282 3760 5335 καὶ

458 5387 750 5428 commune
795 5375 1188 5445 proﬁteantur,
1244 5391 1276 5432 e
1319 5378 1598 5432 contrario
1634 5386 1816 5433 tamen
1859 5379 2039 5448 turpia

2157 5378 2246 5449 τὴν
2287 5377 2496 5431 τελείαν
2555 5375 2736 5431 αὐτῶν
2785 5374 3180 5444 ἐνδεικνύμενοι
3220 5371 3499 5442 αἰσχύνην.
3534 5373 3608 5426 Ei
3637 5373 3762 5445 γὰρ

461 5480 688 5536 quaeque
710 5480 773 5519 ac
815 5467 1044 5522 ridicula
1080 5468 1380 5540 impensius
1405 5478 1719 5542 perpetrant
1757 5477 1811 5525 et
1859 5480 2039 5525 extre-

2157 5472 2243 5524 καὶ
2278 5469 2522 5540 γαμετὰς
2551 5467 2693 5540 εἶχον
2719 5469 2767 5522 οί
2797 5467 3048 5529 τοιοῦτοι,
3074 5464 3366 5536 σποράδην,
3392 5463 3490 5515 οὐκ
3527 5465 3760 5536 ἀναμὶξ

490 5715 549 5794 .¹
578 5715 590 5767 l
616 5712 855 5799 (Ρη-βαι,
888 5720 973 5773 Η.
1043 5723 1060 5754 ³
1105 5723 1233 5778 Ibid.
1261 5724 1342 5779 l9.
1410 5727 1426 5757 ³
1458 5724 1517 5782 F.
1548 5729 2035 5801 κατακοσμεῖποαι.

462 5799 539 5848 εις
572 5786 704 5848 πρὸς
735 5805 831 5848 την
856 5790 1004 5848 μίαν.

2157 5727 2213 5782 F.
2247 5729 2458 5800 ἤγοντο.
2520 5727 2538 5757 ⁸
2576 5724 2632 5780 l7.
2668 5725 2943 5794 γυναῖκας.
3013 5721 3031 5752 ⁸
3077 5717 3134 5773 Γ.
3186 5716 3272 5770 καῖ
3317 5719 3469 5788 γυνή.
3500 5714 3571 5770 Et
3611 5735 3750 5774 mo,

613 5803 704 5857 ρος
735 5805 831 5860 την
856 5806 1004 5859 μιαν.
