4134 6392
405 371 509 427 769
1047 375 1419 431 ADVERSUS
1456 376 1803 433 HAZRESES
1840 379 1968 436 LIB.

2070 384 2101 437 I.
2145 382 2309 439 TOM.
2352 386 2416 439 ll.
2458 417 2527 426 ——
2566 383 2842 441 "ERES.
2885 388 3101 443 LXXX.
3593 393 3695 448 770

400 490 598 554 ταύτας
633 488 862 560 ὤφειλον
891 493 1212 564 κεκτῆσθαι.
1252 495 1316 547 El
1354 495 1411 548 δὲ
1444 496 1537 549 καὶ
1568 497 1704 549 εἰσὶν
1735 499 1792 551 ὲν
1828 498 1968 563 συζυη

2095 516 2239 555 mam
2268 517 2423 557 suam
2457 501 2819 574 ignominiam
2848 504 3174 562 ostendunt.
3205 504 3426 563 Etenim
3467 508 3513 561 si
3558 526 3694 564 uro-

399 582 515 651 γία,
542 581 644 633 οὐκ
688 580 795 634 ἔδει
832 582 1030 645 αὐτοὺς
1060 582 1121 636 τὸ
1145 585 1209 636 ὲκ
1231 583 1368 637 Θεοῦ
1400 584 1767 656 καταδειχθὲν,
1801 586 1968 659 ἀνδρὸς

2110 606 2199 646 res
2231 592 2497 651 baberent
2529 594 2630 659 illi,
2680 596 2994 665 separatim.
3008 611 3115 652 non
3142 599 3456 667 promiscue
3486 599 3691 658 habere

402 672 537 742 πρὸς
577 672 819 739 γυναῖκα
872 673 1197 741 συνάφειαν,
1251 673 1389 745 μετά
1429 676 1866 749 εὐσχημοσύνης,
1897 696 1967 731 κα

2102 684 2226 739 illas
2265 686 2581 756 oportebat.
2632 688 2715 753 Si,
2767 688 3019 759 inquam,
3056 690 3316 762 conjugio
3359 701 3548 750 essent
3593 696 3691 751 ob—

402 765 750 835 σεμνότητος,
785 767 879 819 καὶ
908 767 1247 839 ἐπιστήμης,
1280 769 1374 821 καὶ
1412 769 1472 834 ἐξ
1506 769 1642 833 ἰδίας
1677 770 1968 843 ἐλευθερίας

2100 778 2309 846 stricti,
2338 779 2497 835 nefas
2543 788 2667 836 erat
2689 780 2794 835 viri
2829 796 2958 837 cum
2987 783 3220 841 muliere
3260 785 3689 856 copulationem,

397 857 490 908 ἐπὶ
521 857 582 909 τὸ
623 857 787 927 μέσον
812 858 1079 929 (ῖὲροντας
1100 867 1372 932 φωρᾶσαι.
1404 863 1465 916 Εἰ
1492 860 1548 914 δὲ
1571 866 1665 916 καὶ
1686 864 1968 949 ἀπέσχογτι

2097 886 2263 940 quam
2293 870 2438 928 Deus
2476 888 2602 931 cum
2637 874 2791 931 omni
2829 876 3121 944 modestia,
3149 877 3422 948 gravitate
3480 878 3690 951 1075
3730 868 3747 889 ’

397 948 673 1015 γυναικῶν
728 950 785 1002 ὲν
838 950 1033 1022 ἀγνείᾳ
1056 952 1203 1014 τινες
1237 953 1390 1017 ὄντες
1431 955 1525 1007 καὶ
1565 956 1624 1007 ἐν
1663 948 1987 1028 ἐγκρατείᾳ..

2094 976 2161 1018 ac
2201 962 2489 1033 prudentia
2528 965 2880 1037 conjunctam
2925 967 3190 1032 instituit.
3229 978 3427 1038 sponte
3479 986 3580 1027 sua
3632 972 3689 1028 in

397 1040 689 1112 ἐξύϐρισαν
744 1042 805 1095 τὸ
847 1042 1055 1097 δίκαιον
1082 1043 1169 1097 διὰ
1206 1044 1308 1115 τῆς
1339 1046 1619 1116 ἁνοησίας,
1668 1049 1848 1102 καὶτὸ
1887 1050 1968 1119 τῆς

2100 1056 2341 1112 medium
2374 1057 2626 1127 proferre
2674 1073 2739 1114 ac
2791 1057 3122 1128 patefacere.
3162 1058 3373 1127 Quodsi
3418 1077 3450 1116 a
3490 1063 3686 1119 mulie-

394 1135 595 1203 ἀρετῆς
628 1134 930 1206 πολίτευμα
955 1134 1043 1189 διὰ
1068 1137 1168 1207 τῆς
1204 1139 1264 1190 ὲν
1302 1138 1581 1212 ἀφροσύνῃ
1614 1140 1869 1210 ἀφειδοῦς
1896 1142 1986 1215 έρ-

394 1228 591 1293 γασίας
613 1242 627 1257 ο
657 1228 717 1280 ού
761 1228 872 1282 τῶν
911 1229 1225 1283 ἀποστόλων
1272 1230 1433 1286 τοῦτο
1486 1234 1869 1305 πεπραχότων,
1918 1236 1980 1289 ού

394 1319 503 1372 τῶν
545 1320 650 1392 πρὸ
694 1320 803 1374 τῶν
831 1322 1148 1376 ἀποστόλων
1186 1324 1483 1396 προφητῶν
1514 1327 1674 1381 τοῦτο
1716 1326 1981 1394 διαταξα-

398 1412 593 1480 μένων.

2094 1148 2249 1204 ribus
2282 1150 2561 1207 abstinent
2587 1152 2864 1219 nonnulli,
2909 1152 3005 1223 qui
3039 1153 3425 1215 castimoniam
3475 1154 3581 1214 sibi
3623 1170 3688 1210 ac

2090 1243 2512 1311 temperantiam
2563 1244 2885 1309 indixerint,
2940 1260 3108 1316 quam
3168 1246 3373 1302 habent
3415 1246 3686 1317 justitiam

2091 1346 2188 1401 per
2218 1350 2490 1391 summam
2520 1335 2881 1395 stoliditatem
2919 1344 2975 1393 et
3010 1338 3257 1397 honesta:
3288 1338 3418 1395 vita:
3440 1338 3689 1412 discipli-

2094 1440 2243 1491 nam,
2280 1443 2378 1498 per
2417 1429 2890 1487 inconsideratam
2922 1431 3070 1487 illam
3105 1446 3478 1502 vesanamque
3514 1432 3686 1487 licen-

395 1505 522 1556 tiam
556 1503 919 1574 ignominiose
961 1505 1297 1562 traducunt:
1328 1508 1466 1563 nihil
1510 1509 1656 1564 enim
1699 1509 1972 1580 ejusmodi
2008 1524 2104 1571 aut
2151 1521 2388 1590 apostoli
2459 1537 2707 1594 unquam
2760 1522 3036 1588 fecerunt,
3097 1530 3193 1579 aut
3236 1532 3364 1580 ante
3407 1524 3684 1593 apostolos

395 1597 671 1667 propheta
697 1600 1123 1657 constituerunt.

465 1693 541 1747 9'.
565 1696 806 1767 Μωῦσῆς
822 1697 953 1766 γοῦν
970 1698 1029 1752 ὲν
1039 1702 1105 1771 τῇ
1133 1701 1233 1772 έρή
1243 1718 1350 1774 μῳ,
1369 1701 1657 1757 ἀναλαϐὼν
1685 1704 1786 1776 τὴν
1805 1705 1979 1777 ύμνη·

2159 1704 2252 1761 1X.
2282 1704 2396 1762 lino
2434 1723 2563 1764 vero
2616 1708 2834 1781 Moyses
2885 1709 2941 1765 in
2990 1710 3215 1766 deserto
3246 1725 3469 1768 carmen
3519 1728 3681 1770 suum

378 1785 605 1881 Δγορίαν,
661 1787 776 1857 ᾅδει
818 1788 897 1860 τῷ
920 1790 1041 1862 Θεῷ
1071 1790 1243 1864 ᾆσμα,
1286 1794 1524 1849 ἀνελθὼν
1551 1796 1657 1850 ἀπὸ
1682 1796 1968 1870 θαλάιιόἠς1

2088 1801 2713 1865 concinens,canticum
2750 1803 2861 1857 Deo
2883 1802 3199 1858 modulatur
3228 1817 3261 1856 a
3293 1804 3432 1859 mari
3462 1803 3680 1875 digres-

393 1876 644 1945 φάσκων·
681 1882 956 1951 ’ᾼσωμεν
986 1882 1067 1949 τῷ
1096 1886 1292 1955 Κυρίῳ
1311 1903 1324 1917 ³
1375 1887 1647 1955 ἐνδόξως
1678 1890 1791 1960 γὰρ
1820 1891 1979 1947 δεδό-

389 1970 634 2033 fantur
664 1972 854 2027 ἵππον
893 1975 990 2029 καὶ
1016 1976 1324 2046 ἀναϐάτην
1352 1978 1604 2050 ἕρῤιψεν
1626 1984 1714 2048 εις
1747 1982 1977 2041 θάλασ-

389 2080 531 2119 σαν.
573 2065 742 2136 ὐμοῦ
771 2067 829 2120 δὲ
856 2068 1172 2139 ἐπεφώνουν
1194 2071 1345 2143 αύτῷ
1370 2074 1419 2126 οἱ
1449 2073 1665 2146 ἄνδρες,
1690 2076 1786 2131 καὶ
1817 2077 1976 2131 οὐδα-

395 2158 496 2228 μοῦ
530 2163 784 2227 γυναῖκες
805 2178 818 2191 ·
852 2161 938 2215 ἵνα
972 2162 1069 2234 τὴν
1106 2162 1367 2220 εὔτακτον
1398 2166 1547 2239 δείξῃ
1586 2167 1856 2222 διάθεσιν’
1890 2171 1977 2225 ἵνα

389 2251 450 2302 τὸ
477 2242 673 2322 σεμνὸν
715 2253 818 2323 τῆς
842 2255 1096 2321 εὐταξίας
1127 2258 1223 2312 τοῦ
1253 2261 1420 2331 νόμου
1457 2261 1550 2314 τοῦ
1572 2261 1709 2316 Θεοῦ
1739 2263 1971 2336 κηρύξῃ.

388 2339 522 2399 Εἶτα
579 2345 871 2417 μετέπειτά
925 2367 1092 2420 φησι·
1149 2353 1261 2406 Καὶ
1294 2354 1576 2409 λαϐοῦσα
1624 2358 1864 2429 Μαριὰμ
1907 2358 1977 2412 τὸ

389 2439 723 2505 τύμπανον,
750 2435 899 2510 ἦρχε
914 2442 1035 2496 τῶν
1060 2444 1379 2514 γυναικῶν,
1395 2446 1491 2502 καὶ
1521 2447 1732 2517 ἔλεγεν
1749 2466 1761 2479 '
1787 2451 1977 2520 Ι’ᾼσω--

389 2546 498 2597 μεν
548 2530 630 2597 τῷ
683 2533 883 2601 Κυρίῳ
907 2550 921 2564 ⁸
969 2534 1233 2602 ἐνδόξως
1286 2538 1396 2607 γὰρ
1441 2537 1819 2605 δεδόξασται.
1865 2542 1977 2596 Καὶ

386 2631 643 2693 γυναῖκες
673 2629 810 2699 ὁμοῦ
844 2629 1159 2699 ἐπεφώνουν
1186 2634 1254 2704 τῇ
1288 2634 1600 2705 όμοτρόπῳ,
1626 2636 1720 2689 καὶ
1747 2636 1856 2690 ἀπὸ
1877 2636 1972 2690 τοῦ

386 2716 553 2769 αὑτοῦ
602 2718 795 2785 γένους
834 2720 1182 2793 ὑπαρχούσῃ,
1238 2724 1333 2776 καὶ
1385 2723 1444 2776 ἔν
1481 2742 1590 2778 τινι
1636 2727 1973 2800 προαγούσῃ,

383 2808 471 2863 διὰ
529 2811 629 2880 τὴν
677 2812 1090 2884 ἀνεπιστήμονα
1132 2815 1227 2868 καὶ
1254 2815 1355 2886 τὴν
1384 2816 1701 2889 συρφετὼδη
1735 2819 1976 2876 διάνοιαν

384 2901 493 2954 τῶν
539 2904 741 2974 ἀναμὶξ
782 2904 1167 2977 ἐργαζομένων
1198 2908 1716 2978 ἐτεροδιδασκαλίας.
1752 2915 1891 2983 Περὶ
1917 2914 1974 2969 δὲ

385 2992 486 3061 τῆς
513 2993 864 3059 ἀναστάσεως
916 3012 1083 3066 φησιν
1108 2998 1138 3049 ὁ
1174 3002 1461 3072 προφήτης
1482 3019 1495 3032 ·
1531 3001 1641 3057 Καὶ
1680 3004 1975 3073 κόψονται

385 3084 535 3137 κατὰ
571 3086 797 3153 φυλὴν,
840 3088 1007 3157 φυλὴ
1047 3090 1364 3147 κατέναντι
1399 3093 1639 3163 φυλῆς·
1671 3096 1840 3165 φυλὴ
1868 3097 1975 3151 τοῦ

2086 1907 2206 1948 sus.
2241 1889 2549 1957 Cantemus,
2591 1892 2790 1964 inquit,
2827 1892 3096 1958 Domino;
3129 1894 3357 1965 gloriose
3385 1896 3527 1951 enim
3564 1913 3682 1951 ma-

2084 1984 2368 2054 gniﬁcatus
2380 1995 2460 2039 est
2482 2001 2500 2039 :
2528 2001 2719 2055 equum
2733 1997 2784 2039 et
2801 2001 3137 2041 ascensorem
3166 1985 3357 2056 dejecit
3385 1988 3442 2042 in
3462 2004 3609 2044 mare
3632 1988 3677 2044 ⁸.

2085 2077 2249 2146 Atqui
2318 2086 2435 2131 tum
2491 2077 2627 2132 viris
2683 2079 3085 2143 accinentibus,
3140 2080 3402 2136 mulieres
3449 2080 3519 2135 ab
3570 2081 3676 2135 illis

2088 2168 2402 2233 abfuerunt,
2436 2175 2497 2222 ut
2526 2170 2790 2239 pudorem
2849 2168 3295 2241 modestiamque
3325 2171 3677 2226 demonstra-

2087 2270 2191 2328 ret,
2235 2271 2289 2318 et
2322 2271 2381 2317 ut
2413 2262 2612 2318 divina:
2645 2262 2787 2334 legis
2840 2262 3161 2333 gravitatem
3216 2276 3282 2317 ac
3327 2262 3676 2332 disciplinam

2086 2356 2419 2412 ostenderet.
2455 2354 2638 2427 Pergit
2666 2371 2797 2411 vero
2819 2356 3060 2410 deinde:
3094 2352 3278 2410 Hatria
3324 2370 3485 2426 porro
3540 2366 3677 2426 igni-

2084 2466 2283 2521 panum
2347 2465 2558 2504 sumens
2583 2489 2598 2513 ,
2658 2448 2883 2517 pra'ibat
2942 2445 3254 2501 mulieribus
3310 2456 3359 2499 et
3418 2446 3677 2500 dicebat:

2085 2541 2373 2597 Cantemus
2405 2541 2653 2603 Domino,
2688 2540 2918 2611 gloriose
2944 2540 3085 2593 enim
3125 2538 3501 2608 magniﬁcatus
3529 2550 3604 2594 est
3632 2540 3677 2598 ‘.

2084 2633 2186 2689 Cui
2218 2633 2493 2689 mulieres
2533 2632 2653 2702 pari
2708 2631 2873 2686 modo
2930 2628 3314 2692 succinebant,
3371 2644 3493 2699 quae
3522 2638 3575 2685 et
3609 2644 3674 2683 ex

2083 2730 2275 2786 eodem
2314 2737 2433 2784 erat
2466 2742 2685 2798 genere,
2718 2734 2771 2781 et
2807 2724 3217 2795 quodammodo
3250 2738 3421 2793 supra
3449 2732 3676 2778 caeteras

2083 2823 2379 2887 eminebat,
2414 2829 2477 2876 ut
2506 2821 2590 2876 vel
2619 2836 2686 2875 ex
2719 2817 3276 2888 hoc-nncimperitum
3306 2832 3373 2873 ac
3404 2815 3673 2888 plebeium

2084 2916 2301 2970 illorum
2360 2913 2651 2969 consilium
2703 2912 3131 2980 institutumque
3196 2908 3521 2974 refellatur,
3579 2911 3673 2978 qui

2083 3006 2357 3079 peregrini
2382 3006 2660 3077 dogmatis
2702 3005 2957 3075 pudenda
2990 3004 3083 3056 illa
3123 3016 3189 3055 ac
3222 3002 3435 3056 nefaria
3472 3014 3671 3070 perpe-

2081 3109 2253 3155 trant.
2284 3100 2365 3154 Ad
2389 3098 2506 3153 hac
2534 3099 2604 3153 de
2634 3097 3041 3152 resurrectione
3079 3095 3346 3165 propheta
3377 3094 3461 3149 sic
3488 3095 3670 3165 loqui-

384 3174 589 3230 Νάθαν
626 3181 757 3233 καθ’
788 3180 1036 3248 ἑαυτὴν,
1070 3183 1168 3236 καὶ
1203 3186 1264 3237 αι
1310 3186 1591 3254 γυναῖκες
1615 3187 1817 3241 αὐτῶν
1841 3191 1968 3243 καθ’

2074 3202 2168 3248 tur
2198 3211 2211 3247 :
2247 3190 2317 3245 Et
2353 3192 2603 3262 plangant
2658 3189 2899 3243 tributim
2929 3203 2947 3241 :
2982 3187 3152 3241 tribus
3196 3204 3262 3242 ex
3309 3186 3531 3240 adverso
3572 3187 3671 3241 tri-

384 3268 638 3335 ἑαυτάς·
691 3272 860 3341 φυλὴ
923 3274 1031 3329 τοῦ
1068 3276 1256 3331 Ἰούδα
1304 3278 1434 3331 καθ’
1476 3279 1723 3348 ἑαυτὴν,
1770 3282 1871 3335 καὶ
1910 3286 1971 3336 αὶ

383 3361 664 3432 γυναῖκες
709 3364 909 3419 αὐτῶν
959 3368 1090 3423 καθ’
1117 3369 1353 3437 ἑαυτὰς.
1387 3372 1481 3425 καὶ
1510 3372 1577 3425 τὰ
1621 3373 1767 3443 ἑξῆς.
1815 3374 1973 3427 Οὕτω

383 3456 477 3508 καὶ
492 3457 540 3509 οἱ
570 3456 1222 3514 ἀπόστολοιδιατάσσουσι
1243 3463 1309 3532 τῇ
1346 3463 1677 3535 Ἐκκλησίᾳ’
1710 3464 1857 3518 οὕτω
1877 3466 1971 3519 καὶ

381 3549 410 3599 ό
454 3548 659 3620 Κύριος
697 3548 941 3615 διέταξεν
989 3553 1046 3603 ὲν
1096 3552 1176 3622 τῷ
1220 3552 1559 3627 Εύοιγγελίῳ,
1603 3555 1715 3610 ἀπὸ
1749 3559 1879 3627 μιᾶς
1910 3558 1971 3610 τὸ

383 3639 688 3712 ὑπόδειγμα
717 3644 848 3714 ἡμῖν
879 3644 1186 3715 κηρύττων,
1210 3650 1391 3717 φήσας
1425 3652 1492 3719 τῇ
1535 3650 1704 3721 μητρὶ
1734 3648 1901 3703 αὐτοῦ
1928 3652 1968 3715 ³,

382 3732 478 3799 Μή
493 3751 613 3802 μου
646 3734 860 3789 ἅπτου.
914 3737 1091 3791 Οὔπω
1129 3737 1239 3807 γὰρ
1286 3738 1629 3807 ἀναϐέϐηκα
1662 3741 1814 3811 πρὸς
1863 3742 1971 3795 τὸν

382 3822 633 3889 Πατέρα.
670 3824 856 3890 Οὕτως
876 3828 904 3878 ὁ
934 3826 1109 3891 Γιεζεὶ
1130 3829 1493 3901 προσέρχεται
1515 3833 1580 3902 τῇ
1601 3831 1967 3903 Σουναμίτιδι,

384 3914 773 3985 ἀπωθούμενος
824 3918 1060 3990 ταύτηνο
1098 3920 1184 3972 ἵνα
1242 3922 1316 3991 μὴ
1360 3923 1602 3996 ἀφανίσῃ
1651 3923 1713 3976 τὸ
1741 3924 1965 3995 τάγμα·

384 4007 473 4059 ϊνα
504 4006 577 4077 μὴ
605 4007 802 4079 ὑϐρίσῃ
830 4010 922 4063 τὸν
949 4009 1148 4082 θεσμὸν
1173 4011 1282 4064 τῶν
1304 4013 1621 4085 προφητῶν.
1665 4013 1724 4067 Ὀ
1752 4014 1809 4067 δὲ
1835 4032 1969 4087 προ-

384 4102 584 4170 φήτης,
634 4100 915 4172 Πνεύματι
961 4104 1101 4175 ἁγίῳ
1129 4106 1448 4178 φερόμενος,
1496 4106 1802 4160 κατώδυνον
1826 4108 1969 4180 ἐώρα

383 4195 482 4265 τὴν
526 4194 868 4264 Σουναμῖτιν.
907 4197 1269 4269 Παραμυθίας
1305 4199 1362 4253 δὲ
1420 4200 1579 4271 χάριν
1623 4200 1969 4273 ύπερὸἐόηκε

383 4288 483 4358 τὴν
532 4287 705 4353 τάξιν,
740 4290 833 4341 καὶ
886 4289 1171 4357 ἀνεδέξατο
1208 4292 1346 4363 πρὸς
1395 4293 1495 4363 τὴν
1532 4292 1681 4365 ὥραν
1709 4310 1968 4365 παραμυ-

384 4379 517 4433 θίειν
545 4380 565 4409 ⁸
598 4380 695 4450 τῆς
722 4382 983 4449 γυναικὸς
1010 4384 1190 4453 χάριν,
1212 4384 1326 4437 ἴσον
1347 4384 1693 4454 ἡγησάμενος
1720 4386 1782 4437 τὸ
1805 4384 1969 4439 ἄπτε-

383 4473 505 4527 σθαι
536 4473 644 4527 τῶν
670 4474 836 4528 αὐτοῦ
868 4476 1046 4529 ποδῶν
1083 4478 1235 4551 παρά
1278 4478 1567 4548 συνήθειαν
1600 4478 1698 4549 τὴν
1712 4482 1965 4547 γυναῖκα,

2074 3286 2170 3341 bus
2186 3302 2205 3340 :
2229 3283 2396 3338 tribus
2422 3282 2476 3336 Ν
2480 3283 2641 3337 athon
2659 3297 2751 3351 per
2767 3298 2898 3350 sese,
2914 3290 2962 3335 et
2976 3296 3167 3335 uxores
3185 3278 3401 3333 illorum
3418 3280 3635 3333 seorsim
3654 3296 3670 3332 :

2074 3378 2243 3433 tribus
2276 3376 2424 3431 Iuda
2449 3393 2540 3446 per
2556 3385 2687 3439 sese,
2718 3387 2766 3429 et
2791 3390 2980 3428 uxores
3019 3374 3233 3427 illorum
3246 3371 3537 3437 seorsim',
3562 3378 3668 3427 etc.

2077 3466 2170 3522 Sic
2201 3476 2255 3523 et
2289 3467 2523 3537 apostoli
2557 3465 2821 3520 Ecclesia:
2851 3464 3343 3534 pratscripserunt;
3373 3475 3590 3514 necnon
3618 3470 3671 3514 et

2074 3557 2339 3614 Dominus
2371 3557 2427 3611 in
2473 3557 2769 3626 Evangelio
2814 3554 3097 3610 mandavit
3141 3560 3196 3607 et
3236 3553 3291 3608 in
3342 3568 3450 3606 una
3511 3551 3671 3606 nobis

2070 3651 2380 3718 exemmum
2424 3649 2676 3719 praebuit,
2703 3662 2828 3701 cum
2860 3648 2934 3701 ila
2970 3645 3154 3700 Maria:
3190 3645 3332 3700 dixit
3370 3663 3384 3699 :
3419 3643 3550 3699 Noli
3590 3662 3671 3699 me

2073 3749 2302 3811 tangere.
2364 3736 2613 3792 Nondum
2637 3739 2777 3791 enim
2806 3735 3022 3790 escendi
3058 3735 3126 3788 ad
3177 3733 3393 3788 Patrem
3420 3749 3591 3789 meum
3618 3733 3657 3786 ‘.

2072 3835 2151 3889 Ita
2183 3847 2348 3904 porro
2364 3830 2517 3886 Giezi
2557 3830 2627 3885 ad
2660 3828 3059 3885 Sunamitidem
3091 3827 3362 3882 accedens
3408 3825 3667 3881 feminam

2072 3924 2306 3995 repellit,
2357 3938 2425 3977 ne
2459 3921 2709 3977 ordinem
2754 3920 2985 3974 violaret
3043 3934 3107 3973 ac
3149 3918 3541 3989 prophetarum
3584 3915 3668 3970 in-

2072 4018 2271 4073 stituto
2297 4014 2686 4070 contumeliam
2721 4011 2924 4067 faceret
2958 4010 3004 4063 '.
3048 4010 3116 4063 At
3149 4009 3418 4079 propheta
3458 4006 3666 4078 Spiritu

2072 4117 2267 4165 sancto
2287 4108 2588 4163 instinctus
2620 4106 2812 4161 dolore
2845 4102 3155 4159 confectam
3185 4116 3313 4158 esse
3365 4099 3665 4156 Sunamiti-

2071 4202 2193 4257 dem
2229 4199 2449 4271 agnovit
2487 4218 2500 4253 :
2540 4196 2772 4267 ideoque
2800 4202 2861 4249 ut
2897 4207 3018 4247 eam
3064 4189 3468 4255 consolaretur,
3502 4187 3665 4243 oﬂicil

2070 4295 2243 4365 legem
2277 4292 2558 4363 paululum
2594 4297 2977 4357 transgressus
3026 4292 3131 4347 est,
3169 4296 3238 4335 ac
3266 4288 3491 4351 propter
3515 4278 3661 4332 illius

2072 4387 2353 4448 solatium,
2386 4385 2533 4454 quod
2568 4384 2636 4436 ab
2662 4395 2725 4435 ea
2762 4379 2944 4443 ﬁebat,
2969 4376 3036 4430 ad
3067 4384 3285 4445 tempus
3332 4381 3419 4427 est
3441 4386 3659 4442 passus.

2072 4494 2197 4535 cum
2226 4479 2393 4549 pedes
2428 4492 2560 4532 suos
2601 4490 2631 4528 a
2664 4473 2891 4528 muliere
2948 4480 3146 4541 praeter
3204 4464 3659 4521 consuetudinem

380 4570 480 4640 τῆς
516 4570 685 4639 αὐτῆς
728 4571 786 4623 ὲν
824 4573 889 4640 τῇ
934 4570 1145 4640 διανοίᾳ.
1179 4570 1474 4633 κακώσεως
1513 4588 1573 4623 τε
1624 4571 1719 4623 καὶ
1765 4571 1962 4641 λύπης.

2071 4569 2375 4633 attrectari,
2415 4566 2713 4621 calamitati
2770 4564 2946 4635 ipsius
3001 4577 3067 4616 ac
3120 4558 3292 4615 luctui
3352 4571 3449 4627 par
3498 4564 3662 4626 atque

384 4660 491 4713 Καὶ
550 4661 601 4712 τί
663 4678 753 4732 μοι
804 4661 975 4714 πολλά
1022 4661 1205 4729 λέγειν
1248 4662 1378 4733 περὶ
1416 4660 1640 4725 τούτων,
1686 4661 1795 4714 τῶν
1842 4664 1968 4727 τοὺς

382 4751 549 4815 κύνας
606 4753 975 4825 μιμουμένων,
1023 4754 1269 4818 καὶτοὺς
1312 4754 1411 4817 ὕας
1469 4754 1971 4826 ζηλούντων;Περ“ι

381 4843 437 4896 δὲ
494 4844 589 4897 τοῦ
648 4848 823 4898 εἰπεῖν
876 4846 1069 4899 tau-1w
1113 4846 1370 4915 Χριστὸν,
1412 4847 1517 4899 τίνι
1553 4847 1751 4917 μανίας
1772 4848 1834 4899 ὃν
1871 4848 1972 4901 ούκ

381 4935 569 5007 ὸιρθείη
604 4936 664 4989 τὸ
682 4932 856 5007 δόγμα
881 4937 989 4989 τῶν
1015 4938 1232 4991 σύνεσιν
1260 4938 1615 5007 κεκτημένων
1641 4954 1655 5001 ;
1694 4938 1727 5008 ἦ
1759 4937 1959 5005 λέγειν,

378 5027 461 5081 ὅτι
517 5030 811 5101 Προφήτης
857 5029 969 5098 ἐγώ
1004 5046 1018 5093 ;
1073 5030 1138 5081 Τί
1169 5032 1279 5099 γὰρ
1312 5029 1650 5099 προφητείας
1710 5029 1840 5099 παρ’
1867 5030 1962 5081 αύ-

378 5124 491 5184 τοῖς
514 5119 653 5184 εἶδος
691 5122 1048 5192 φαινόμενον;
1087 5122 1155 5173 Ἢ
1203 5123 1354 5174 ποῖον
1385 5121 1622 5191 Χριστοῦ
1649 5120 1962 5190 θαυμαστὸν

380 5213 541 5283 ἔργον
561 5215 802 5281 γίνεται;
837 5214 971 5267 Είδὲ
999 5213 1161 5276 αὐτὸς
1181 5214 1438 5285 Χριστὸς,
1463 5216 1542 5276 εἰς
1578 5216 1727 5266 ποῖον
1754 5212 1961 5284 Κύριον

378 5306 579 5376 ἥλπικέ
606 5323 665 5358 τε
695 5307 790 5360 καὶ
828 5307 1189 5371 πεπίστευκε;
1224 5307 1289 5359 Τί
1336 5306 1404 5359 τὰ
1434 5308 1531 5376 τῆς
1567 5306 1776 5376 πλάνης
1806 5324 1961 5359 κενο-

382 5400 719 5469 φωνήματας
775 5399 838 5450 Τί
877 5398 985 5451 τῶν
1054 5401 1299 5468 ἀνοήτων
1353 5399 1422 5451 τὰ
1460 5398 1736 5468 δόγματα;
1803 5398 1961 5451 Ἀλλά

258 5506 265 5514 ·
380 5490 605 5560 ἀρκέσει
632 5492 727 5545 καὶ
760 5495 888 5562 περὶ
915 5491 1117 5563 ταύτης
1146 5491 1213 5545 τὰ
1247 5492 1326 5554 εἰς
1358 5492 1529 5561 αὐτὴν
1566 5490 1852 5561 εἰρημένα.

2070 4663 2278 4734 aequale
2306 4677 2430 4717 esse
2474 4659 2743 4715 crederet.
2783 4656 2982 4712 Verum
3015 4652 3148 4724 quid
3179 4668 3282 4724 ego
3334 4649 3547 4707 diutius
3605 4648 3660 4701 in

2071 4757 2180 4811 illis
2219 4754 2524 4810 refutandis
2570 4753 2856 4818 immoror,
2892 4749 3109 4819 1076
3143 4747 3242 4817 qui
3292 4759 3492 4801 canum
3528 4757 3658 4814 por-

2072 4862 2331 4902 corumve
2360 4846 2680 4917 spurcitiam
2728 4842 3056 4899 imitantur?
3082 4839 3239 4906 Quod
3289 4843 3473 4891 autem
3504 4833 3661 4889 Chri~

2072 4949 2215 5008 stum
2247 4955 2307 4995 se
2338 4954 2460 4995 esse
2482 4937 2711 5008 quilibet
2736 4951 2799 4991 ex
2836 4935 2957 4991 istis
2991 4933 3229 4997 asserit;
3260 4930 3386 5001 quis
3415 4928 3658 5000 prudens

2072 5048 2180 5085 non
2209 5032 2341 5084 illud
2380 5028 2604 5084 insaniae
2635 5027 3012 5099 plenissimum
3044 5021 3379 5078 arbitretur?
3410 5028 3504 5073 aut
3532 5033 3655 5072 cum

2071 5141 2130 5179 sc
2159 5126 2451 5195 prophetas
2491 5138 2616 5179 esse
2677 5121 2947 5177 narrant?
2978 5117 3133 5186 Quod
3178 5117 3323 5172 enim
3361 5111 3658 5185 prophetia‘

2071 5233 2244 5289 genus
2311 5216 2454 5286 apud
2513 5217 2636 5272 illos
2696 5214 2954 5286 apparet?
2988 5211 3276 5279 Quodnam
3324 5222 3474 5273 vero,
3514 5213 3573 5259 ut
3626 5219 3657 5257 ει

2065 5311 2287 5364 Christo
2310 5310 2608 5379 quondam,
2645 5307 2969 5363 admirabile
3006 5312 3093 5359 est
3150 5304 3220 5358 ab
3246 5301 3355 5356 illis
3378 5314 3518 5370 opus
3541 5297 3657 5353 edi-

2066 5402 2402 5469 lnm?Quod
2461 5405 2506 5458 si
2560 5405 2793 5472 ipsemet
2848 5407 2935 5455 est
2993 5398 3270 5461 Christus,
3310 5406 3538 5463 ecquem
3599 5390 3652 5442 in

2067 5494 2357 5549 Dominum
2419 5496 2656 5564 speravit
2697 5508 2760 5547 ac
2782 5491 3051 5547 credidit?
3079 5490 3211 5555 Quae
3250 5494 3378 5543 sunt
3408 5485 3513 5539 illae
3543 5490 3635 5538 tan

378 5580 501 5635 dem
533 5585 736 5638 erroris
800 5584 1270 5653 incplim?qineve
1314 5582 1638 5638 stolidornm
1670 5583 1953 5636 hominum
2011 5584 2307 5657 dogmata?
2372 5586 2477 5641 Sed
2530 5587 2792 5639 adversus
2850 5585 3010 5638 istam
3083 5582 3315 5635 Incresin
3374 5578 3655 5644 hucusque

380 5680 689 5751 disputasse
722 5682 858 5736 satis
887 5691 989 5736 est.

455 5794 470 5824 ί
504 5794 868 5866 llallucinatio
898 5805 997 5849 est.
1076 5797 1094 5824 '
1124 5793 1250 5847 Cor.
1292 5792 1660 5866 παραμυθίας.

384 5881 473 5931 ιλ,
506 5866 586 5919 Η.
664 5869 679 5897 ⁷
708 5865 771 5920 ιν
802 5868 933 5938 lieg.
974 5883 1045 5932 iv,
1084 5867 1115 5919 4
1157 5881 1275 5935 sqq.

1742 5792 1760 5821 ³
1799 5789 1966 5843 Exod.
2001 5806 2087 5856 xv,
2127 5792 2175 5845 1.
2252 5792 2275 5824 ⁸
2316 5789 2446 5844 ibid.
2478 5788 2569 5852 20,
2600 5788 2689 5840 2|.
2767 5785 2787 5815 ⁸
2818 5783 2985 5837 Zarh.
3027 5798 3122 5844 xu,
3160 5781 3241 5843 l2,
3283 5780 3368 5833 13.

3450 5780 3467 5809 ⁸
3497 5778 3633 5830 ,ἰωη
