4118 6402
411 395 502 452 ΤΗ
1818 388 1876 444 S.
1918 388 2010 444 EPl

2113 389 2266 446 ιΑΝιῑ

3583 388 3692 446 772

484 515 548 570 Χ.
586 514 689 575 Hic
739 531 840 586 ego
897 522 1178 587 postremo
1211 514 1312 568 toti
1361 526 1393 566 a
1429 527 1517 567 me
1550 512 1703 583 operi
1739 521 1998 583 suscepto

2171 516 2230 569 l'.
2259 515 2370 569 Καὶ
2406 515 2510 579 ἕως
2543 507 2644 572 ὧδε
2690 516 2862 587 ἐχέτω
2893 515 2953 568 τὺ
2985 517 3288 586 σφραγῖσαι
3318 515 3415 567 καὶ
3471 513 3692 568 τελειῶ-

410 608 573 663 linem
604 609 882 678 imponam
915 625 929 661 :
967 607 1022 661 in
1054 620 1166 677 quo
1195 604 1530 676 singularem
1553 618 1682 676 erga
1706 619 1810 660 nos
1829 604 1999 660 divini

409 700 654 756 numinis
682 713 840 770 opem
894 712 959 754 ac
990 697 1341 770 praesentiam
1373 711 1568 753 sumus
1589 698 1820 767 experti,
1855 697 2003 769 quod

410 809 476 849 ex
525 799 642 846 toto
681 791 866 845 animo
922 803 988 845 ac
1031 797 1215 846 mente
1258 789 1536 854 confiteri,
1568 789 1858 860 eidemque
1897 789 2002 844 Do-

412 885 564 939 mino
589 885 793 955 gratias
845 897 1010 954 agere
1059 882 1364 949 debemus;
1406 881 1852 953 quandoquidem
1907 883 2001 938 illo

407 975 632 1044 juvante
653 972 918 1044 quidquid
971 980 1254 1043 receptum
1297 987 1328 1025 a
1361 972 1524 1027 nobis
1555 973 2002 1043 promissumque

415 1065 538 1130 fuit,
576 1065 807 1120 feliciter
837 1062 907 1118 ad
951 1063 1158 1118 exitum
1200 1063 1558 1133 perduximus
1589 1079 1604 1114 :
1639 1076 1703 1117 ac
1735 1077 1859 1118 cum
1888 1062 2002 1116 hae-

411 1170 567 1214 reses
619 1171 826 1212 omnes
903 1157 1262 1227 exposuimus
1333 1154 1826 1225 refutavimusque.
1883 1163 2004 1209 tum‘

413 1249 545 1321 quid
581 1249 651 1303 ab
683 1262 1012 1318 unaquaque
1043 1253 1264 1316 geratur
1297 1261 1398 1316 pro
1441 1245 1640 1300 virium
1689 1254 2001 1300 nostrarum

415 1341 790 1396 imbecillitate
818 1338 1196 1408 patefecimus.
1233 1337 1504 1393 Caeterum
1553 1353 1679 1392 cum
1726 1337 2003 1406 octoginta

415 1436 719 1498 haereseon,
761 1447 900 1503 quas
931 1433 986 1485 in
1014 1432 1201 1484 orbem
1253 1439 1540 1483 terrarum.
1571 1428 1916 1484 introductas
1936 1428 2006 1482 ad

417 1525 559 1579 hanc
577 1525 717 1578 diem
745 1522 1074 1583 audivimus,
1089 1534 1431 1590 quarumque
1453 1535 1738 1574 numerum
1755 1521 2006 1590 etappel-

415 1615 667 1676 lationes,
701 1613 1084 1666 nonnullarum
1113 1610 1280 1663 etiam
1310 1610 1551 1675 decreta,
1584 1617 1638 1664 et
1683 1616 2005 1679 argumenta

418 1705 844 1774 aﬂectionesque
882 1703 1277 1772 cognovimus;
1329 1717 1475 1764 cum,
1511 1702 1755 1770 inquam,
1790 1702 2002 1754 illarum

418 1799 658 1868 origines
682 1811 988 1864 causasque
1011 1794 1158 1847 nulla
1185 1808 1264 1856 re,
1287 1795 1466 1862 quoad
1492 1793 1607 1846 lleri
1638 1793 1835 1862 potuit,
1867 1806 2005 1861 prte-

2109 626 2200 662 σαι
2225 608 2324 680 τὴν
2353 609 2534 662 πᾶσαν
2556 606 2715 680 ήμῶν
2745 608 2876 680 περὶ
2906 607 3111 661 τούτων
3144 607 3529 678 πραγματείαν
3547 624 3560 636 ·
3600 607 3694 660 τοῦ

2105 699 2241 754 Θεοῦ
2275 701 2409 771 ἡμῖν
2455 699 2810 770 ἐπιφανέντος
2841 700 2932 752 καὶ
2986 697 3370 769 βοηθήσαντος,
3399 697 3475 758 ὡς
3497 696 3694 769 ὁμολο-

2104 795 2223 862 γεῖν
2251 791 2400 844 ἐστιν
2427 792 2491 844 ἐκ
2514 791 2696 863 πάσης
2708 791 2908 861 ψυχῆς,
2942 789 3036 843 καὶ
3062 788 3320 854 διανοίας,
3355 789 3696 859 εὐχαριστεῖν
3795 837 3800 841 .

2105 883 2256 955 αὑτῷ
2280 883 2359 954 τῷ
2387 884 2596 956 Κυρίῳ,
2620 885 2703 938 ὅτι
2725 883 2786 936 τὸ
2808 882 3152 953 ἐπάγγελμα,
3177 879 3692 951 δὲπηγγειλάμεθα,

2105 979 2163 1031 ὲν
2200 976 2350 1047 αὑτῷ
2395 976 2473 1046 τῷ
2509 975 2696 1047 Κυρίῳ
2744 974 3169 1046 κατηξιώθημεν
3201 972 3522 1026 τελειῶσαιο
3555 971 3697 1025 κατὰ

2093 1070 2370 1140 -αίρέσεων
2427 1068 2504 1132 δὲ,
2539 1067 2704 1138 φημὶ,
2761 1068 2862 1137 τὴν
2929 1067 3179 1136 διήγησιν
3235 1065 3330 1119 καὶ
3383 1062 3695 1134 ἀνατροπὴν

2105 1160 2486 1232 ποιησάμενοι,
2518 1160 2632 1230 ἅμα
2659 1176 2718 1212 τε
2747 1161 2842 1212 καί
2860 1157 3312 1227 ἀποκαλύψαντες
3333 1157 3466 1225 παρ’
3488 1156 3694 1225 ἑκάστῃ

2103 1255 2158 1307 τί
2182 1254 2500 1325 πράττεται,
2535 1252 2612 1316 ὡς
2653 1251 2794 1305 κατὰ
2835 1250 2934 1322 τὴν
2971 1251 3247 1322 ἡμετέραν
3274 1248 3569 1300 ὑπόστασιν
3593 1245 3695 1316 τῆς

2106 1345 2366 1410 ἀσθενοῦς
2409 1345 2845 1418 ἀνθρωπότητος.
2889 1344 3032 1406 Ἕως
3075 1343 3183 1413 γὰρ
3217 1340 3450 1394 ἐνταῦθα
3499 1339 3692 1408 ὀγδοή-

2106 1455 2273 1492 κοντα
2331 1437 2635 1509 αἱρέσεων,
2694 1427 2769 1488 ὧν
2822 1433 3170 1504 ὲνηχήθημεν
3226 1431 3305 1501 τῷ
3359 1431 3568 1500 κόσμῳ,
3602 1427 3697 1482 καὶ

2107 1529 2353 1600 ἔγνωμεν
2404 1529 2494 1581 τὸν
2541 1527 2774 1599 ἀριθμὸν
2806 1527 2900 1579 καὶ
2927 1526 3027 1589 τάς
3070 1525 3363 1596 ὀνομασίας
3397 1523 3488 1576 καί
3534 1537 3697 1574 τινων

2107 1623 2205 1685 τὰς
2236 1623 2444 1692 ῥήσεις,
2471 1620 2770 1692 προφάσεις
2793 1636 2849 1672 τε
2876 1620 2969 1672 καὶ
2993 1618 3226 1688 σχέσεις,
3250 1616 3348 1680 τὰς
3377 1615 3553 1684 ὁρμὰς
3599 1614 3698 1666 καὶ

2107 1712 2175 1765 τὰ
2218 1711 2368 1764 αἴτια
2427 1710 2855 1782 ἀπαραλείπτως
2914 1707 3329 1772 ὑποδείξαντες,
3385 1703 3696 1775 θαυμασμῷ

2109 1805 2398 1876 φερόμενοι
2425 1800 2857 1872 ἐκπεπλήγμεθα
2886 1798 2946 1851 τὸ
2980 1800 3036 1851 ὲν
3068 1801 3135 1868 τῇ
3163 1797 3282 1868 θεία
3315 1797 3504 1867 Γραφῇ
3541 1796 3695 1864 εἰρη-

415 1889 668 1946 termissa
681 1887 1052 1946 docuerimus,
1067 1884 1414 1939 vehementer
1428 1883 1558 1937 illud
1573 1882 1831 1936 admirari
1846 1883 2010 1954 subit,

2121 1898 2301 1968 μένον,
2343 1896 2425 1949 ὅτι
2453 1890 2780 1960 Ἑξήκοντά
2804 1894 2921 1944 εἱσι
2949 1890 3334 1955 βασίλισσαι,
3362 1888 3460 1940 καὶ
3487 1885 3699 1955 ὀγδοή-

418 1980 562 2049 quod
582 1980 636 2033 in
654 1977 828 2033 sacris
849 1976 1070 2030 Litteris
1087 1973 1432 2030 continetur:
1454 1972 1744 2044 Sexaginta
1773 1982 1895 2032 sunt
1913 1988 2011 2026 re-

417 2074 554 2144 gium
567 2119 584 2145 ,
600 2087 648 2130 ei
662 2087 738 2124 oce
753 2071 976 2138 uaginta
1001 2068 1304 2121 concubina
1324 2083 1342 2131 ,'
1365 2076 1414 2119 et
1437 2064 1862 2128 adolescentulw,
1879 2079 2012 2134 qua-

419 2181 538 2219 rum
561 2163 739 2218 nullus
755 2171 832 2215 est
857 2175 1110 2214 numerus
1125 2175 1142 2214 .'
1157 2175 1262 2212 una
1288 2167 1363 2213 est
1379 2156 1622 2212 columba
1634 2173 1769 2220 mea,
1782 2157 2011 2225 perfecta

428 2273 547 2312 mea
575 2257 617 2309 ⁸.
648 2254 724 2309 De
777 2253 864 2307 his
909 2253 1077 2322 igitur
1114 2251 1392 2321 octoginta
1423 2249 1710 2320 pellicibus
1745 2250 2011 2305 hactenus

419 2351 667 2419 egimus;
704 2344 1078 2408 Barbarisnio,
1148 2341 1512 2406 llellenismo,
1550 2341 1882 2414 Scythismo,
1915 2341 2012 2397 Ju-

420 2439 634 2493 daismo
665 2444 720 2490 et
769 2434 1173 2498 Samaritismo,
1218 2449 1340 2503 quae
1399 2448 1632 2492 uxorum
1677 2433 1900 2487 minime
1931 2435 2011 2488 le-

419 2528 736 2599 gitimarum
765 2524 988 2580 nomina
1019 2531 1149 2578 sunt
1191 2541 1205 2578 :
1235 2523 1546 2593 cujusmodi
1577 2538 1756 2593 neque
1785 2524 1855 2577 ab
1885 2537 2013 2592 rege

419 2619 602 2672 dotem
627 2625 981 2686 acceperunt,
1014 2629 1191 2684 neque
1219 2614 1272 2668 in
1309 2614 1623 2670 testamenti
1654 2615 1856 2669 tabulis
1886 2629 2011 2668 cum

422 2709 551 2766 ﬁliis
580 2709 824 2766 haeredes
855 2709 1076 2780 scriptae
1104 2716 1254 2764 sunt.
1285 2707 1501 2763 Etenim
1528 2709 1576 2762 si
1608 2709 1832 2780 preprie
1865 2709 2011 2778 loqui

421 2803 682 2868 velimus,
714 2816 855 2856 Lxxv
883 2809 1014 2858 sunt
1042 2801 1304 2867 haereses,
1340 2815 1570 2870 quarum
1602 2807 1810 2856 matres
1850 2799 2012 2870 quin-

421 2912 530 2969 que
550 2902 680 2951 sunt
711 2910 727 2946 :
761 2901 890 2965 puta
931 2891 1322 2955 lleilenismus,
1355 2893 1471 2947 sive
1509 2891 1795 2962 gentilium
1836 2898 2009 2956 secta,

422 3004 452 3043 a
484 3006 588 3061 qua
615 2989 845 3060 gentiles
873 2986 1095 3042 oriundi
1143 2993 1304 3051 sunt;
1345 2983 1685 3048 Judaismus,
1728 2983 1874 3038 unde
1927 2981 2014 3038 lu-

420 3083 547 3148 dai,
591 3091 648 3136 et
680 3081 954 3145 haereses;
984 3093 1048 3132 ac
1083 3077 1410 3134 Samaritica
1446 3084 1622 3142 secta,
1651 3074 1795 3130 unde
1819 3074 2014 3128 Sama-

422 3175 674 3230 ritismus
705 3185 760 3228 et
788 3169 1267 3226 Christianismus.
1314 3168 1399 3223 Ah
1432 3167 1520 3224 his
1545 3168 1694 3223 velut
1724 3167 1860 3221 rami
1886 3166 2012 3236 qui-

421 3267 547 3322 dam
577 3273 842 3336 separatae
869 3263 1107 3319 haereses
1130 3261 1336 3317 avulsa:
1357 3267 1508 3316 sunt.
1536 3259 1668 3326 Quae
1696 3259 1825 3314 licet
1853 3258 2013 3313 Chri-
2039 3249 2080 3307 C

423 3361 495 3416 sti
524 3373 722 3413 nomen
754 3370 864 3426 prae
896 3370 956 3411 se
994 3354 1199 3417 ferant,
1240 3352 1375 3406 nihil
1404 3361 1584 3407 tamen
1620 3351 1687 3406 ad
1713 3351 1863 3404 illum
1888 3365 2012 3420 per-

425 3457 638 3506 tinent:
668 3451 763 3505 sed
795 3449 992 3519 partim
1049 3446 1266 3516 longius
1305 3445 1374 3498 ab
1406 3445 1500 3498 illo
1539 3443 1782 3510 distant;
1816 3443 2012 3514 partim

428 3543 640 3613 1077
687 3541 968 3594 minimam
1011 3537 1083 3594 ob
1111 3551 1337 3592 causam
1370 3536 1438 3590 ab
1467 3536 1615 3590 omni
1655 3537 1801 3590 illius
1843 3535 2014 3591 haere-

423 3637 596 3688 ditate
645 3633 850 3687 alienas
892 3644 956 3683 ac
1003 3628 1324 3700 peregrinas
1372 3643 1430 3684 se
1473 3627 1698 3692 faciunt,
1734 3642 1842 3682 una
1889 3643 2013 3682 cum

429 3729 672 3796 ipsarum
707 3723 920 3787 liberis,
960 3737 1086 3778 cum
1110 3720 1366 3776 videlicet
1399 3734 1746 3790 nequaquam
1774 3719 2015 3789 legitime

427 3821 562 3881 sint,
592 3817 688 3871 sed
723 3817 868 3869 inter
906 3823 1165 3870 externas
1215 3813 1544 3876 habeantur,
1586 3826 1650 3865 ac
1685 3811 1864 3865 solum
1905 3810 2012 3866 sibi

428 3909 806 3964 Christianum
863 3921 1061 3960 nomen
1105 3904 1400 3958 vindicent.
1439 3902 1572 3969 Quae
1609 3916 1733 3956 cum
1780 3902 1853 3955 ita
1881 3903 2012 3964 sint,

427 4002 635 4057 veritas
660 4000 817 4054 nobis
847 4001 961 4070 ipsa
990 3995 1320 4053 declaranda
1357 4001 1629 4065 superest,
1659 4002 1825 4060 atque
1854 3993 2015 4047 unica

428 4095 688 4150 nimirum
733 4092 824 4145 illa
872 4090 1150 4151 columba.
1182 4103 1304 4157 quae
1335 4103 1365 4140 a
1400 4100 1607 4156 sponso
1653 4085 2012 4140 collaudatur.

501 4185 593 4241 ΧΙ.
623 4185 893 4250 Quocirca
954 4198 1079 4236 cum
1113 4182 1286 4234 otium
1320 4181 1465 4233 nacti
1503 4179 1700 4244 simus,
1734 4187 1860 4248 post
1898 4176 2017 4231 eni-

429 4295 530 4335 xas
554 4279 620 4332 ad
661 4277 827 4331 Deum
871 4291 1080 4345 preces,
1116 4282 1172 4326 nt
1224 4271 1598 4342 disputatione
1646 4271 1888 4333 brevem,
1934 4270 2016 4325 sic

431 4372 700 4440 majorum
753 4368 1043 4422 traditione
1092 4372 1300 4419 certam
1349 4363 1598 4418 veritatis
1638 4361 2012 4416 defensionem

431 4464 694 4531 deinceps
745 4459 1120 4514 instituemus.
1164 4454 1296 4525 Quae
1341 4452 1566 4523 quidem
1614 4467 1727 4506 non
1771 4458 2016 4521 tempore

431 4554 734 4624 posterior,
766 4551 875 4604 imo
905 4563 1034 4602 vero
1073 4548 1223 4618 prior
1244 4546 1501 4600 omnibus
1530 4543 1773 4606 exstitit,
1805 4558 2015 4613 nosque

431 4647 500 4701 de
523 4661 590 4701 ea
617 4653 742 4699 ante
768 4643 1003 4696 haereses
1021 4655 1236 4701 omnes.
1268 4653 1391 4692 cum
1424 4637 1492 4691 de
1520 4635 1725 4692 Christi
1757 4634 2013 4690 incarna-

433 4737 583 4791 tione
621 4735 1044 4795 dissereremus,
1078 4729 1412 4783 mentionem
1446 4727 1604 4782 initio
1629 4726 1884 4782 fecimus.
1914 4724 2012 4780 Ea-

431 4827 555 4883 dem
575 4842 741 4898 porro
765 4839 912 4880 nunc
939 4838 1064 4877 cum
1104 4837 1297 4876 omnes
1321 4819 1615 4884 antecedit,
1645 4828 1760 4874 tum
1792 4819 2012 4875 Christo

437 4921 668 4976 Domino
691 4927 818 4987 post
847 4918 967 4986 ejus
990 4915 1449 4976 incarnationem,
1474 4913 1622 4967 velut
1644 4928 1845 4982 sponsa
1873 4928 2015 4982 quae-

433 5011 559 5065 dam
589 5008 962 5068 sanctissima,
994 5005 1288 5072 conjuncta
1318 5011 1402 5058 est
1431 5021 1443 5056 :
1469 5016 1591 5071 quae
1627 5010 1681 5056 et
1714 5003 1844 5056 olim
1881 5018 2006 5056 cum

435 5103 646 5157 Adamo
691 5101 952 5160 formata,
989 5106 1043 5152 et
1073 5097 1127 5150 in
1160 5096 1290 5160 illis,
1320 5097 1412 5165 qui
1457 5095 1828 5150 Ahrahamum
1875 5110 2011 5165 pra:-

434 5200 740 5256 cesserunt,
773 5189 1062 5260 praedicata
1092 5188 1352 5260 patribus,
1368 5194 1419 5240 et
1475 5196 1599 5256 post
1637 5186 2008 5242 Ahrahamum

437 5285 596 5341 ﬁdem
657 5285 870 5350 merita,
898 5292 952 5337 ct
1001 5297 1096 5352 per
1148 5280 1386 5350 Moysem
1433 5278 1701 5348 patefacta
1760 5288 1816 5334 et
1859 5279 2005 5350 apud

436 5377 630 5438 Isaiam
663 5375 1008 5446 prredicta,ct
1047 5374 1100 5426 in
1151 5371 1371 5432 Christo
1423 5372 1796 5426 demonstrata
1823 5411 1837 5439 ,
1886 5388 2010 5428 cum

437 5483 611 5537 eoque
637 5467 801 5522 simul
827 5469 1123 5524 exsistens.
1156 5463 1458 5533 posteriore
1482 5480 1511 5516 a
1541 5465 1699 5520 nobis
1717 5468 1837 5520 loco
1861 5480 2012 5521 com-

439 5560 802 5615 mendabitur.
846 5555 982 5611 Nam
1036 5557 1290 5610 athletam
1337 5564 1550 5626 oportet
1600 5559 1835 5630 primum
1891 5574 2011 5612 om-

440 5653 590 5705 nium
627 5652 680 5706 in
703 5650 1004 5706 certamine
1050 5665 1114 5703 ac
1157 5648 1346 5701 labore
1383 5650 1703 5722 cantet-isque
1723 5653 2011 5722 generibus

517 5811 532 5840 ‘
568 5811 723 5864 Cant.
758 5827 828 5877 τι,
862 5810 915 5863 '7.
993 5814 1011 5843 ²
1048 5810 1171 5865 llzirc
1207 5811 1494 5884 depravata
1545 5813 1752 5869 leviter.

2112 2007 2296 2044 κοντα
2339 1987 2684 2043 παλλακαί·
2737 1985 2838 2038 καὶ
2892 1983 3184 2048 νεάνιδες,
3241 1976 3330 2035 ὧν
3374 1981 3487 2034 οὐκ
3527 1979 3699 2032 ἔστιν
3791 2025 3796 2028 .

2111 2083 2376 2150 ἀριθμός⁸
2410 2081 2521 2148 μία
2569 2076 2699 2131 ἐστὶ
2767 2075 3084 2143 περιστερά
3114 2091 3255 2144 μου,
3314 2073 3514 2126 τελεία
3551 2089 3694 2141 μου.

2117 2174 2212 2236 Ὠς
2250 2168 2344 2225 οὖν
2377 2171 2506 2242 περὶ
2536 2169 2643 2224 τῶν
2678 2169 2971 2224 παλλακῶν
2999 2168 3204 2222 τούτων
3233 2167 3340 2220 τῶν
3365 2167 3698 2237 ὀγδοήκοντα

2113 2266 2392 2338 εἰρηκότες
2436 2265 2712 2335 ἀπαρχῆς,
2738 2259 3145 2332 βαρϐαρισμοῦ,
3184 2259 3280 2313 καὶ
3317 2255 3694 2328 Ἑλληνισμοῦ,

2113 2360 2206 2411 καὶ
2233 2355 2566 2427 Σκυθισμοῦ,
2599 2356 2692 2408 καὶ
2720 2351 3077 2422 Ἰουδαῖσμοῦ,
3112 2352 3207 2405 καὶ
3229 2349 3694 2422 Σαμαρειτισμοῦ,
3784 2421 3788 2426 _

2111 2448 2404 2519 ὀνομασίας
2438 2447 2546 2501 τῶν
2588 2447 2688 2501 οὑκ
2732 2445 2908 2499 οὐσῶν
2940 2445 3220 2515 ὲνθέσμων
3246 2443 3541 2514 γυναικῶν,
3575 2443 3696 2496 οὑδὲ
3788 2508 3794 2512 ι

2112 2542 2328 2596 ἀπὸτοῦ
2361 2541 2621 2611 βασιλέως
2646 2538 3143 2610 πεπροικισμένων,
3179 2537 3300 2591 οὐδὲ
3325 2539 3382 2590 ὲν
3410 2535 3695 2607 διαθήκαις

2111 2632 2220 2685 τῶν
2257 2632 2464 2685 τέκνων
2505 2631 2686 2686 αὐτῶν
2742 2630 3104 2701 κληρονομεῖν
3150 2629 3496 2700 δυναμένων·
3536 2627 3693 2695 φύσει

2115 2726 2216 2796 μὲν
2242 2727 2351 2797 γάρ
2378 2726 2514 2777 είσιν
2535 2723 2905 2794 ἑϐδομήκοντα
2929 2723 3114 2784 πέντε,
3148 2721 3245 2774 καὶ⁵
3265 2719 3470 2773 τούτων
3507 2720 3562 2772 αἱ
3591 2735 3698 2789 μη-

2111 2817 2268 2887 τέρες
2319 2818 2480 2870 πέντε
2530 2816 2720 2886 ὥσπερ
2756 2812 3135 2885 Ἑλληνισμὸς,
3188 2811 3279 2880 ἀφ’
3313 2806 3374 2865 οὗ
3410 2809 3692 2879 Ἕλληνες,

2114 2909 2208 2962 καὶ⁵
2247 2908 2600 2976 Ἰουδαῐσμδς,
2634 2907 2726 2975 ἀφ’
2759 2901 2820 2960 οὑ
2871 2904 3135 2965 Ἰουδαῖοι,
3181 2902 3277 2954 καὶ
3306 2899 3569 2972 αἱρέσεις,
3600 2898 3696 2950 καὶ

2114 2999 2507 3072 Σαμαρειτικὴ,
2546 2999 2639 3067 ἀφ’
2682 2989 2744 3051 οὑ
2794 2995 3260 3069 Σαμαρειτισμὸς,
3310 2995 3405 3047 καὶ
3436 2994 3697 3064 Χριστια-

2112 3092 2324 3162 νισμὸς,
2348 3091 2440 3161 ἀφ’
2473 3086 2536 3144 οῦ
2580 3089 3006 3160 ἐξεκλάσθησαν,
3043 3089 3231 3157 ὥσπερ
3258 3085 3458 3148 κλάδοι,
3482 3085 3537 3137 αἱ
3563 3085 3696 3152 ἀφο-

2117 3183 2382 3255 ρισθεῖσαι
2419 3183 2677 3254 αἱρέσεις,
2705 3184 2784 3245 εἱς
2818 3182 2988 3252 ὄνομα
3018 3179 3256 3254 Χριστοῦ
3291 3177 3593 3248 κληθεῖσαι,
3619 3175 3695 3245 μὴ

2114 3269 2270 3328 οὖσαι
2303 3273 2360 3327 δὲ
2387 3274 2574 3334 αὑτοῦ,
2598 3274 2711 3326 ἀλλ’
2739 3274 2794 3326 αἱ
2833 3273 2930 3342 μὲν
2957 3272 3064 3325 ἀπὸ
3091 3269 3325 3342 μήκοθεν
3368 3266 3532 3322 αὑτοῦ
3561 3266 3698 3318 πολὺ

2113 3364 2421 3427 διεστῶσαι,
2451 3364 2580 3417 αἰδὲ
2609 3364 2696 3416 διά
2715 3381 2765 3416 τι
2796 3364 3074 3432 ἐλάχιστον
3097 3359 3575 3433 ἀποκληρονόμους
3604 3357 3697 3409 καὶ⁸

2116 3453 2276 3519 ξένας
2327 3452 2492 3508 αὑτοῦ
2551 3455 2753 3516 ἑαυτὰς
2803 3453 3235 3522 καταστήσασαι,
3285 3451 3378 3504 καὶ
3410 3449 3477 3503 τὰ
3517 3447 3696 3502 αὐτῶν

2115 3547 2282 3602 τέκνα
2312 3545 2422 3599 τῶν
2449 3546 2548 3599 οὑκ
2583 3546 2760 3599 οὐσῶν
2811 3543 3112 3614 ὲνθέσμων,
3143 3542 3248 3607 ἔξω
3279 3543 3336 3595 δὲ
3367 3539 3696 3611 βεϐηκυιῶν,

2118 3640 2280 3711 μόνον
2312 3639 2368 3692 δὲ
2424 3639 2484 3691 τὸ
2525 3638 2696 3709 ὄνομα
2753 3637 3200 3706 ὲπικεκλημένων
3241 3632 3512 3705 Χριστοῦ·
3542 3649 3696 3702 περι-

2116 3732 2467 3803 λειφθήσεται
2496 3734 2627 3802 ήμῖν
2651 3735 2684 3802 ή
2719 3733 2850 3802 περὶ
2895 3731 3154 3800 ἀληθείας
3201 3726 3494 3792 ἀπόδειξις,
3524 3724 3696 3794 αὑτῆς

2116 3841 2177 3878 τε
2217 3826 2315 3896 τῆς
2364 3825 2691 3895 περιστερᾶς
2731 3823 2832 3894 τῆς
2862 3823 3176 3893 μονωτάτης
3196 3821 3300 3874 ὑπὸ
3325 3817 3420 3873 τοῦ
3461 3817 3694 3888 νυμφίου

2117 3917 2338 3971 ὲπαινου
2346 3916 2534 3987 μένης.

2189 4184 2290 4238 1Α’.
2324 4183 2436 4237 Καὶ
2463 4184 2522 4238 ὲν
2571 4181 2734 4253 σχολῇ
2767 4179 2924 4252 ἡμῶν
2967 4178 3309 4249 γενομένων,
3350 4177 3448 4230 καὶ
3492 4174 3698 4245 σφόδρα

2123 4276 2516 4329 ἱκετευσάντων
2547 4273 2701 4336 Θεὸν,
2724 4273 2986 4343 σύντομον
3007 4272 3104 4342 μὲν
3125 4273 3190 4340 τῇ
3213 4269 3454 4339 διαλογῇ,
3479 4265 3698 4336 ἀσφαλῆ

2117 4368 2173 4421 δὲ
2198 4370 2265 4438 τῇ
2300 4365 2591 4437 παραδόσει
2624 4365 2718 4418 καὶ
2750 4363 2890 4434 ὑπὲρ
2924 4361 3176 4432 ἀληθείας
3205 4359 3498 4428 ἀπολογίαν
3525 4360 3583 4410 ὲν
3618 4356 3698 4426 τῷ

2119 4460 2245 4530 ἑξῆς
2301 4457 2663 4531 ποιησόμεθα,
2708 4456 2808 4509 οὑκ
2863 4454 3029 4524 αὐτῆς
3079 4453 3310 4524 ὑστέρας
3335 4450 3521 4521 οῦσης,
3561 4448 3697 4502 ἀλλὰ

2121 4549 2364 4623 πρώτης.
2420 4550 2530 4602 Καὶ
2573 4550 2676 4620 ήδη
2709 4549 2768 4602 δὲ
2792 4547 2890 4618 τῆς
2924 4547 3031 4619 πρὸ
3069 4547 3178 4601 τῶν
3214 4545 3482 4615 αἱρέσεων
3525 4547 3581 4596 ὲν
3627 4544 3694 4613 τῇ

2117 4642 2348 4713 ὲνδημίᾳ
2374 4641 2611 4713 Χριστοῦ
2643 4640 2902 4694 ἀνωτάτω
2925 4641 3056 4710 ἡμῖν
3075 4635 3540 4708 ὑπομνησθείσης,
3565 4636 3585 4666 ³
3601 4633 3698 4687 νῦν

2116 4734 2172 4787 δὲ
2235 4732 2460 4805 πρώτην
2502 4727 2689 4797 οὖσαν,
2739 4732 2835 4785 καὶ
2879 4731 3099 4804 Χριστῷ
3150 4732 3500 4802 συνημμένην
3534 4730 3696 4799 ἁγίαν

2117 4825 2336 4897 νύμφην
2395 4826 2504 4880 ἀπὸ
2557 4829 2656 4897 τῆς
2709 4826 2976 4897 ἐνσάρκου
3029 4823 3192 4878 αὑτοῦ
3218 4823 3546 4894 παρουσίας,
3581 4821 3698 4894 [καὶ

2117 4918 2178 4970 τὸ
2223 4919 2320 4989 τῆς
2364 4917 2527 4973 αὑτοῦ
2577 4917 2924 4991 παρουσίας,]
2975 4919 3097 4988 ἥτις
3127 4917 3244 4970 ἐστὶ
3283 4916 3380 4968 σὺν
3408 4915 3486 4984 τῷ
3526 4913 3699 4983 ’Δδάμ

2121 5008 2500 5080 πεπλασμένη,
2529 5011 2625 5064 καὶ⁵
2657 5012 2715 5063 ὲν
2747 5013 2861 5072 τοῖς
2892 5010 2998 5081 πρὸ
3025 5008 3120 5061 τοῦ
3146 5007 3394 5078 Ἀϐραὰμ
3425 5005 3697 5077 πατριάρ-

2119 5117 2241 5171 χαις
2273 5101 2686 5172 κεκηρυγμένη,
2709 5103 2802 5155 καὶ
2835 5102 2973 5173 μετά
2997 5100 3094 5154 τοῦ
3133 5099 3380 5172 Ἁϐραάμ
3403 5115 3698 5152 πεπιστευ-

2124 5191 2281 5262 μένη,
2329 5193 2425 5245 καὶ¹
2482 5193 2571 5247 διὰ
2625 5195 2902 5257 Μωῡσέως
2967 5191 3434 5260 ἀποκαλυφθεῖσα,
3483 5191 3578 5243 καὶ
3638 5189 3697 5240 έν

2133 5284 2332 5356 Ἡσαΐᾳ
2361 5287 2837 5358 προφητευομένη,
2875 5289 2934 5340 ὲν
2966 5284 3187 5356 Χριστῷ
3217 5285 3274 5337 δὲ
3302 5281 3695 5352 άναδειχθεῖσα,

2123 5379 2216 5432 καὶ
2241 5380 2338 5432 σὺν
2388 5379 2609 5452 Χριστῷ
2644 5381 2984 5453 ὑπάρχουσα,
3012 5383 3069 5434 ὲν
3099 5382 3310 5451 ὑστέρῳ
3338 5379 3395 5432 δὲ
3425 5377 3515 5448 ὑφ’
3543 5379 3575 5446 ἡ
3583 5375 3698 5446 μῶν

2120 5469 2596 5542 ἐγκωμιαζομένη.
2653 5475 2746 5524 Δεῖ
2772 5473 2881 5542 γὰρ
2925 5474 3012 5538 τὸν
3045 5471 3441 5540 ἀγωνιζόμενον
3483 5468 3697 5540 πρῶτον

2119 5561 2427 5618 ὶνίστασοαι
2452 5563 2530 5634 τῷ
2557 5562 2746 5632 ἀγῶνι,
2779 5564 2856 5636 τῷ
2883 5582 2943 5618 τε
2977 5566 3206 5636 καμάτῳ
3237 5565 3327 5618 καὶ
3364 5565 3474 5624 τοῖς
3521 5561 3695 5622 ἄλλοις,

2119 5654 2212 5707 τοῦ
2265 5654 2475 5724 ἀγῶνος
2508 5656 2900 5730 παλαίσμασιν,
2949 5658 3034 5713 ἵνα
3069 5659 3291 5728 ὕστερον
3317 5659 3408 5712 τὸν
3433 5658 3696 5729 στέφανον
