4118 6402
384 327 392 334 ’
446 354 550 412 775

1045 348 1421 405 ADVERSUS
1453 348 1799 406 HA'SRESES
1832 350 1963 407 LIB.
2006 350 2094 407 Ill.
2129 349 2305 406 TOM.’
2338 350 2404 405 ll.
2447 379 2512 393 —-
2556 348 2922 404 EXPOSlTlO
2964 349 3163 406 FlDEl.

3620 351 3724 409 ’Πὸ

440 474 812 546 κομισάμενος
857 472 994 544 μετὰ
1023 472 1119 525 τοῦ
1157 472 1422 541 στεφάνου
1472 472 1530 524 ὲν
1573 471 1896 541 ἀγαλλιάσει
1922 472 2029 526 δια-

2141 472 2410 537 cxerceri,
2441 478 2502 526 ut
2538 478 2731 541 postea
2764 483 3027 524 coronam
3062 468 3319 524 auferens
3342 469 3397 524 in
3430 467 3615 526 latitia
3658 486 3723 526 ac

438 568 617 639 τελοίη
640 583 654 596 ·
712 567 774 619 οὑ
813 566 909 619 τοῦ
935 565 1203 634 στεφάνου
1245 564 1477 618 ὑπάτου
1524 566 1699 628 ὄντος,
1733 564 1869 619 ἀλλὰ
1898 582 2031 637 προ-

440 658 692 730 κειμένου
728 658 826 728 μὲν
866 657 967 728 τῆς
1016 659 1217 730 πάλης,
1242 658 1468 732 ὕστερον
1509 662 1567 713 δὲ
1615 661 1895 732 διδομένου
1949 664 2030 727 είς

382 786 407 821 λ
440 750 615 821 χαρὰν
668 750 762 802 καὶ
782 750 863 813 εἰς
895 749 1222 817 ἀγαλλίασιν
1263 751 1340 822 τῷ
1377 753 1699 824 κεκμηκότι.
1738 753 1924 808 Ταῦτα
1970 754 2029 807 δὲ

441 842 568 914 περὶ
600 841 803 895 τούτων
831 843 1133 913 εἰρηκότες.
1166 844 1258 896 ἐπὶ
1277 846 1403 906 τοὺς
1430 846 1860 916 προειρημένους
1888 863 2029 918 παρ-

444 935 681 1006 έλθωμεν
738 935 951 1002 λόγους,
995 934 1166 1002 δεῖξαι
1220 936 1337 999 πῶς
1391 937 1721 1009 ὀγδοήκοντα
1777 940 1876 1009 μὲν
1906 940 2015 993 εἰσὶ

440 1027 737 1091 παλλακαὶ,
762 1026 801 1091 ξ’
831 1026 886 1080 δὲ
916 1026 1245 1097 βασίλισσαι,
1267 1028 1384 1092 πῶς
1420 1030 1519 1099 μία
1545 1032 1577 1102 ἡ
1605 1031 1895 1102 παρθένος,
1930 1033 2027 1086 καὶ

439 1118 600 1188 ἁγνὴ.
660 1118 754 1171 καὶ
784 1116 969 1189 νύμφη
1018 1117 1175 1187 ὁμοῦ,
1223 1118 1319 1172 καὶ
1348 1122 1667 1193 περιστερὰ,
1695 1124 1788 1176 καὶ
1825 1124 2024 1194 ἀμνὰς,

441 1209 596 1273 πόλις
623 1210 679 1262 δὲ
732 1210 863 1279 ἁγία
910 1207 1070 1273 Θεοῦ,
1101 1212 1194 1264 καὶ
1224 1214 1431 1277 πίστις,
1465 1214 1565 1267 καὶ
1595 1215 1890 1285 ἑδραίωμα
1916 1215 2027 1284 τῆς

439 1302 746 1370 ἀληθείας,
777 1302 878 1356 καὶ
906 1301 1092 1371 πέτρα
1134 1305 1379 1372 στερεάο
1405 1307 1495 1374 ἐφ’
1515 1302 1591 1377 ἧς
1645 1309 1831 1361 πύλαι
1876 1309 2025 1377 ᾅδου

439 1394 551 1447 οὐκ
578 1394 1087 1463 ἁντισχύσουσιν.
1134 1394 1301 1465 Ὁμοῦ
1345 1394 1454 1467 γὰρ
1485 1397 1542 1448 ὲν
1582 1400 1716 1450 πᾶσι
1742 1398 1874 1452 Θεὸν
1907 1401 2027 1453 ἐπι-

442 1484 787 1555 καλούμενοι,
818 1487 912 1539 καὶ
934 1486 1415 1559 ἐπικαλεσάμενοι,
1448 1489 1710 1560 ἐτύχομεν
1735 1492 1834 1563 τῆς
1854 1494 2025 1561 ἐπαγ-

440 1575 626 1645 γελίας
673 1577 960 1649 πληρῶσαι
987 1577 1085 1650 τὴν
1112 1579 1427 1649 ὑπόσχεσιν,
1460 1580 1558 1653 τὴν
1586 1583 1727 1636 κατὰ
1758 1584 2025 1654 αἱρέσεων

439 1666 651 1731 πασῶν,
697 1668 878 1739 φημί·
925 1662 1066 1742 ᾗτινι
1112 1671 1419 1744 ἐπαγγελίᾳ
1470 1674 1564 1728 καὶ
1609 1674 1737 1745 ἄχρι
1782 1677 1881 1747 τῆς
1915 1677 2025 1730 τῶν

438 1758 837 1813 Μασσαλιανῶν
886 1760 1204 1832 ἐφθάσαμεν
1258 1765 1541 1836 αἱρέσεως.
1596 1768 1707 1821 Καὶ
1756 1768 1926 1840 αὐτὴν
1969 1769 2025 1823 δὲ

2135 569 2417 637 voluptate
2474 566 2656 637 degat.
2713 561 2774 618 In
2804 578 2913 633 quo
2964 561 3183 633 quidem
3225 577 3431 617 corona
3465 562 3584 633 ipsa
3614 579 3727 621 non

2134 668 2408 733 postrema
2437 660 2683 715 omnium
2711 665 2816 719 est,
2850 656 2946 713 sed
2980 658 3140 711 lucta;
3187 670 3251 709 ac
3276 657 3561 712 certamini
3597 671 3726 728 pro-

2132 753 2334 825 posita,
2371 762 2649 822 postremo
2674 752 2724 805 ei
2750 750 2845 821 qui
2883 749 2940 803 in
2976 763 3199 804 arenam
3245 748 3612 810 descenderit,
3654 748 3724 802 ad

2131 845 2469 914 voluptatem
2518 841 3047 909 delectationemque
3104 839 3383 894 tribuitur.
3421 838 3555 905 Quae
3594 854 3722 894 cum

2132 937 2206 991 ita
2233 950 2293 990 se
2324 935 2584 1003 habeant,
2626 932 2695 986 ad
2734 932 3044 988 institutum
3066 945 3375 986 sermonem
3394 932 3719 997 redeamus;

2130 1029 2295 1099 idque
2351 1027 2793 1082 demonstremus
2836 1027 3035 1095 ipsum,
3079 1023 3357 1094 quomodo
3401 1040 3529 1079 cum
3562 1034 3718 1082 octo—

2130 1123 2280 1193 ginta
2310 1122 2531 1193 pellices
2562 1122 2673 1177 sint
2699 1134 2763 1174 ac
2808 1120 3095 1189 sexaginta
3124 1119 3348 1189 reginae,
3379 1118 3543 1174 unica
3568 1120 3724 1190 virgo

2131 1217 2203 1273 sit
2240 1223 2295 1272 et
2354 1223 2505 1269 casta
2558 1214 2859 1282 eademque
2912 1226 3139 1282 sponsa,
3187 1209 3435 1265 columba
3468 1251 3484 1276 ,
3556 1225 3718 1281 agna,

2129 1310 2321 1360 sancta
2350 1303 2443 1358 Dei
2465 1303 2681 1367 civitas,
2719 1302 3370 1371 ﬁdes,acﬁrmamenlum
3408 1303 3646 1355 ueritatis
3673 1302 3716 1363 ⁸,

2129 1397 2287 1466 ﬁrma
2320 1405 2488 1462 petra,
2518 1405 2704 1449 contra
2748 1410 2907 1464 quant
2958 1403 3127 1464 porta:
3176 1394 3336 1462 inferi
3371 1411 3473 1448 non
3508 1409 3718 1462 praeva-

2110 1487 2306 1542 lebunt
2331 1489 2372 1541 ¹.
2422 1486 2558 1542 Nam
2602 1488 2710 1541 huc
2751 1502 2926 1556 usque
2959 1486 3175 1553 divina,
3215 1502 3378 1557 quam
3411 1487 3720 1556 imploravi-

2128 1595 2276 1647 mus,
2309 1596 2410 1651 ope
2438 1596 2503 1635 ac
2534 1580 2794 1652 praesidio
2825 1578 2971 1644 freti,
2998 1580 3102 1635 hoc
3138 1581 3373 1635 assecuti
3411 1595 3626 1644 sumus,
3661 1590 3722 1633 ut

2128 1686 2440 1744 susceptam
2471 1689 2500 1727 a
2531 1674 2688 1729 nobis
2739 1673 2808 1728 de
2844 1672 3103 1728 omnibus
3130 1672 3437 1727 liaercsibus
3462 1670 3715 1739 disputa-

2128 1768 2330 1821 tionem
2406 1766 2815 1821 absolveremus
2854 1786 2867 1820 :
2906 1781 3070 1838 qnam
3128 1765 3197 1819 ad
3255 1763 3710 1820 Massalianorum

441 1849 964 1920 καταπεπατηκότες
1018 1851 1095 1923 τῷ
1146 1852 1454 1925 ὑποδήματι
1500 1854 1596 1908 τοῦ
1646 1857 1980 1926 Εύαγγελίου
2007 1898 2022 1923 ,

2134 1858 2362 1938 limresin
2392 1873 2565 1927 nsque
2596 1859 2969 1929 perduximus.
3014 1858 3127 1918 Hac
3163 1858 3345 1928 itaque
3386 1856 3533 1911 velut
3571 1870 3715 1926 quo-

439 1940 633 2011 ῶσπερ
653 1939 1020 2011 χαμαιλέοντα
1063 1942 1357 1996 πολύπουψ
1388 1945 1561 2015 ἀειδῆ,
1586 1945 1851 2019 ἄμορφον,
1892 1949 2026 2002 δυσ-

439 2028 632 2099 οδμίαν
675 2030 966 2094 πνέουσαν,
1021 2032 1077 2084 ὲν
1148 2034 1282 2087 πᾶσι
1337 2034 1457 2105 Θεῷ
1501 2036 2023 2109 εύχαριστήσωμεν,

442 2119 662 2189 Πατέρα
686 2121 744 2172 ἐν
781 2121 916 2192 Υἰῴ,
943 2121 1070 2175 Υίόν
1108 2124 1166 2176 ἐν
1214 2126 1409 2197 Πατρὶ,
1460 2126 1557 2179 σὺν
1580 2129 1721 2200 άγίῳ
1748 2131 2027 2203 Πνεύματι

442 2211 521 2275 είς
549 2214 673 2276 τοὺς
702 2211 905 2277 αἰῶνας
938 2213 1045 2267 τῶν
1068 2213 1301 2270 αἰώνων.
1351 2218 1541 2289 Ἀμήν.

528 2456 546 2488 ¹
583 2455 600 2509 l
636 2457 776 2512 Tim.
806 2474 887 2524 Ill,
920 2460 1007 2515 15.
1083 2463 1104 2493 ¹
1138 2459 1329 2517 Matth.
1368 2477 1479 2525 xvt,
1516 2461 1602 2515 {8.

2134 1948 2259 2001 dam
2314 1946 2589 2019 Evangelii
2636 1950 2822 2004 calceo
2853 1950 3193 2020 proculcata,
3223 1947 3450 2017 perinde
3487 1961 3551 2000 ac
3591 1946 3720 2001 cha-

2136 2041 2421 2097 maeleonte
2452 2044 2768 2113 multipede,
2795 2043 2941 2113 turpi
2998 2056 3063 2096 ac
3106 2041 3359 2103 deformi,
3395 2048 3450 2095 et
3485 2042 3723 2111 graviter

2136 2132 2339 2196 olente,
2380 2134 2452 2188 ob
2494 2134 2610 2191 haec
2641 2136 2827 2189 omnia
2864 2134 2974 2190 Deo
3000 2132 3209 2203 gratias
3237 2147 3487 2202 agamus,
3527 2146 3592 2186 ac
3620 2129 3719 2185 Pa-

2139 2233 2276 2277 trem
2313 2226 2369 2278 in
2408 2223 2564 2291 Filio,
2598 2225 2794 2281 Filium
2843 2226 2897 2280 in
2927 2224 3089 2280 Patre
3124 2238 3249 2279 cum
3278 2233 3468 2279 sancto
3510 2222 3719 2295 Spiritu

2140 2314 2480 2371 celebremus
2515 2317 2567 2370 in
2595 2317 2796 2371 sacula
2832 2318 3177 2373 saeculorum.
3206 2315 3399 2371 Amen.

472 2659 3709 2696 .__._____.______._________________________________________

1433 2818 1661 2906 ΤΟΥ
1712 2818 2054 2904 ΑΓΙΟΥ
2104 2820 2525 2908 ΕΠΙΦΑΝ
2545 2823 2767 2910 ΙΟΥ

1619 3000 1997 3057 ΣΥΝΤΟΜΟΣ
2032 3003 2313 3057 ΑΛΗΘΗΣ
2346 3004 2568 3058 ΛΟΓΟΣ

972 3158 1158 3211 ΠΕΡΙ
1183 3153 1501 3212 ΠΙΣΤΕΩΣ
1534 3158 1967 3213 ΚΑΘΟΛΙΚΗΣ
1997 3159 2127 3213 ΚΑΙ
2167 3158 2689 3215 ΑΙΙΟΣΤΟΛΙΚΗΣ
2738 3162 3190 3218 ΕΚΚΑΗΣΙΑΣ.

1491 3395 1914 3488 SANCTI
1994 3398 2637 3490 EPIPHANII

455 3599 750 3663 BREVIS
782 3598 904 3661 ‘AC
956 3598 1180 3659 VERA
1236 3597 1678 3659 EXPOSlTIO
1725 3597 1947 3658 FIDE!
2012 3596 2501 3659 CATHOLICIE
2547 3598 2650 3656 ET
2710 3595 3238 3658 APOSTOLICJE
3284 3594 3711 3659 ECCLESIE.

505 3785 601 3846 (Ex
625 3785 845 3836 editione
869 3786 1004 3852 card.
1031 3786 1300 3852 Tbomasii,
1330 3783 1654 3852 Institutione;
1678 3785 1980 3852 tyeologicar,
1996 3792 2112 3852 part
2138 3800 2189 3847 η,
2212 3788 2484 3852 AOpp._tom.
2511 3786 2594 3852 IX,
2622 3802 2671 3848 p.
2695 3788 2807 3852 g58.
2834 3775 3363 3852 Recensuit'notisque
3387 3790 3528 3837 auxit
3554 3788 3659 3837 Ᾱιι-
3705 3822 3711 3827 .

906 3849 1068 3898 tonius
1088 3849 1375 3897 Franciscus
1396 3849 1588 3898 Vezzosi
1613 3848 1663 3898 C.
1690 3849 1749 3898 Β.
1773 3850 1940 3898 Romae
1963 3849 2103 3911 1769,
2124 3852 2176 3899 in
2198 3850 2243 3898 4.
2260 3848 2329 3887 ’ὲ-
2346 3849 2498 3900 Notas
2518 3849 2667 3899 etiam
2694 3849 2884 3899 Petavii
2903 3850 3245 3913 subjecimus.)

515 4094 592 4146 A'.
619 4090 699 4144 Τά
736 4091 835 4161 μὲν
861 4091 1114 4162 πολυειδῆ
1137 4091 1232 4144 καὶ
1263 4089 1576 4161 πολύτροπα
1605 4090 1701 4144 καὶ
1727 4089 2029 4163 πολυσχεδῆ

2211 4094 2429 4166 1078
2446 4092 2486 4147 l.
2528 4091 2891 4162 Posteaquam
2930 4091 3083 4145 varia
3105 4105 3169 4144 ac
3189 4090 3514 4161 multiplicia
3537 4105 3567 4145 e
3595 4106 3723 4162 pra--

445 4184 554 4237 τῶν
584 4182 813 4237 σκολιῶν
843 4182 1224 4253 βουλευμάτων
1261 4182 1279 4213 ί
1320 4182 1431 4236 τῶν
1460 4183 1718 4235 ἐναντίων
1744 4182 2034 4236 διαλαϐόν-

445 4295 539 4341 τες
574 4276 823 4349 προπετῆ
862 4276 1168 4345 διδάγματα
1194 4314 1208 4338 ,
1240 4276 1334 4328 καὶ
1384 4274 1521 4345 πρὸς
1567 4270 1706 4336 εἶδος
1753 4275 1857 4327 καὶ
1879 4275 2035 4343 γένος

446 4369 744 4434 διελόντες,
782 4367 991 4440 φροῦδα
1023 4369 1119 4420 καὶ
1151 4366 1294 4419 ἕωλα
1325 4365 1553 4436 δυνάμει
1587 4363 1722 4418 Θεοῦ
1751 4364 2037 4434 διηλέγξα-

450 4481 552 4535 μεν
582 4462 694 4533 (25)
714 4501 729 4525 ,
778 4461 872 4514 τόν
896 4477 955 4512 τε
989 4462 1209 4531 ἄπειρον
1235 4458 1324 4511 τὸν
1352 4457 1461 4512 ἀπὸ
1502 4456 1739 4527 ἑκάστης
1768 4456 2035 4526 αἱρέσεως

450 4554 809 4626 βλασφημιῶν
862 4553 959 4606 καὶ
1000 4550 1395 4623 αἰσχρολογιῶν
1426 4550 1522 4603 καὶ
1551 4548 1899 4618 ἀηδεστάτων
1928 4549 2029 4601 αὺ-

448 4649 557 4701 τῶν
598 4646 915 4717 μυστηρίων
959 4644 1207 4698 κλύδωνα
1234 4641 1657 4713 διανηξάμενοι,
1691 4640 1835 4712 μάλα
1882 4641 2035 4711 μόλις

449 4737 559 4792 τῶν
590 4736 925 4808 ζητημάτων
968 4736 1143 4806 πάντη
1179 4734 1567 4804 ὲπιλυσάμενοι
1589 4771 1604 4796 ,
1644 4733 1740 4787 καὶ
1777 4733 1874 4804 τὴν
1906 4733 2034 4786 τού-

450 4847 559 4883 των
612 4827 915 4901 μοχθηρίαν
949 4825 1390 4897 ὑπερδεὸηκότες
1418 4865 1434 4890 ,
1476 4826 1585 4887 τοῖς
1637 4823 1739 4893 τῆς
1776 4824 2036 4895 ἀληθείας

450 4921 729 4992 γαληνίοις
762 4918 1174 4990 ὲπλησιάσαμεν
1225 4917 1448 4990 χωρίοις
1470 4956 1485 4979 ,
1521 4916 1700 4969 πάντα
1731 4917 1831 4987 μὲν
1870 4916 2035 4969 τόπον

449 5013 813 5068 δυσθάλαττον
858 5012 1291 5082 διαπεράσαντες
1315 5051 1330 5071 ,
1380 5009 1474 5062 καὶ
1508 5010 1688 5061 πᾶσαν
1734 5007 1903 5078 ζάλην
1937 5008 2036 5061 καὶ

452 5105 728 5176 ἀφρισμόν
762 5105 856 5158 καὶ
895 5104 1156 5173 κυμάτων
1183 5102 1456 5172 κύρτωσιν
1484 5103 1505 5132 ⁸
1533 5101 2032 5173 ὑπομεμενηκότες,

454 5201 615 5255 σάλον
640 5200 719 5262 δὲ,
751 5199 827 5262 ὡς
856 5200 1050 5261 εἰπεῖν,
1080 5198 1175 5252 καὶ
1207 5196 1444 5264 ἵλιγγας,
1464 5194 1638 5267 βράχη
1671 5212 1730 5247 τε
1764 5195 1825 5247 οὐ
1848 5196 1914 5247 τὰ
1942 5211 2037 5246 τυ-

2131 4186 2216 4240 vis
2260 4193 2452 4240 exorta
2497 4184 2746 4240 consiliis
2798 4199 2863 4238 ac
2910 4182 3196 4239 temeraria
3248 4181 3594 4237 inimicorum
3630 4183 3723 4237 do-

2133 4286 2317 4349 gmata
2351 4278 2723 4348 disputatione
2756 4283 2946 4331 nostra
2979 4274 3248 4345 complexi
3280 4289 3495 4340 sumus,
3543 4283 3597 4328 ct
3626 4289 3721 4344 per

2133 4370 2341 4426 formas
2364 4384 2674 4441 generaque
2701 4369 3116 4429 distribuentes,
3147 4383 3312 4438 quam
3343 4382 3499 4423 cassa
3523 4376 3576 4421 et
3603 4369 3722 4421 ina-

2134 4463 2225 4517 nia
2256 4462 2438 4517 forent
2466 4461 2561 4516 Dei
2588 4462 2788 4516 virtute
2816 4458 3197 4531 patefecimus,
3227 4469 3339 4513 tum
3368 4474 3499 4514 vero
3519 4473 3586 4513 ex
3619 4458 3719 4511 im-

2140 4556 2350 4610 mensis
2379 4554 2487 4610 illis
2519 4553 2955 4624 uniuscujusque
2980 4562 3145 4608 sectaa
3173 4551 3629 4607 contumeliarum
3663 4550 3719 4603 in

2143 4646 2312 4703 Deum
2357 4662 2421 4701 ac
2460 4662 2667 4701 vocum
2727 4644 3171 4715 turpissimarum
3218 4643 3721 4698 acerbissimorum-

2142 4756 2250 4811 que
2297 4741 2683 4811 mysteriorum
2734 4737 2992 4793 ﬂuctibus
3035 4737 3415 4802 enatavimus;
3462 4748 3719 4803 cumque,

2143 4832 2399 4886 omnibus
2427 4831 2788 4901 quaestionum
2825 4828 2987 4884 nodis
3020 4843 3163 4898 aegre
3202 4826 3489 4882 dissolutis
3517 4827 3724 4881 et.illo‘-

2144 4938 2267 4976 rum
2299 4923 2651 4993 improbitate
2685 4930 2963 4992 superata,
2989 4921 3055 4976 ad
3091 4919 3445 4988 tranquillam
3475 4918 3725 4973 veritatis

2145 5015 2436 5068 stationem
2496 5014 2902 5083 appulerimus,
2974 5010 3178 5066 ditﬁcili
3234 5024 3299 5064 ac
3348 5016 3725 5079 tempestuoso

2143 5106 2291 5159 omni
2321 5106 2443 5158 loco
2474 5105 2827 5167 transmisso,
2853 5111 2907 5157 et
2937 5103 3192 5173 procellis
3235 5116 3299 5155 ac
3326 5100 3602 5171 spumosis
3627 5115 3726 5153 un-

2140 5200 2334 5252 darum
2370 5196 2673 5251 vorticibus
2700 5195 2967 5259 defuncti,
3005 5195 3111 5250 ubi-
3122 5194 3477 5263 jactationem
3515 5207 3577 5247 ac
3599 5208 3724 5247 vcr-

451 5292 615 5363 χόντα
645 5293 740 5345 καὶ
767 5290 1116 5361 θηριοϐόλους
1144 5290 1342 5354 τόπους
1368 5289 1692 5359 θεασάμενοι
1717 5328 1732 5352 ,
1778 5289 1838 5339 ἐν
1869 5288 2029 5359 πείρᾳ

2142 5289 2623 5359 tiginemexperti
2666 5289 2885 5358 sazpius,
2938 5294 3053 5341 tum
3093 5286 3280 5341 brevia
3324 5284 3640 5355 vadosaque
3673 5294 3726 5336 et

450 5404 509 5440 τε
543 5387 748 5439 τούτων
774 5384 863 5437 διὰ
886 5383 993 5437 τῶν
1018 5384 1192 5452 λόγων
1217 5383 1595 5455 γεγενημένοι,
1631 5382 1722 5435 τὸν
1754 5382 1856 5452 τῆς
1882 5381 2031 5452 εἰρή-

524 5539 635 5606 ‘rp.
676 5538 1038 5609 βουλεύματα.
1134 5541 1154 5570 ²
1179 5556 1268 5607 γρ.
1305 5538 1589 5611 κύρτασιν.

525 5719 635 5789 (25)
682 5718 1009 5791 Referamur
1050 5720 1139 5773 illa
1169 5728 1385 5791 oportet
1430 5722 1495 5774 ad
1534 5720 1880 5791 superiorum
1914 5718 2054 5773 ΙιπεειΔ

2142 5382 2341 5438 infesta
2365 5381 2561 5438 belluis
2584 5383 2701 5435 loca
2730 5397 2893 5453 quam
2920 5380 3151 5452 plurima
3177 5380 3581 5451 prospeximus,
3605 5392 3725 5447 quae

2136 5717 2443 5784 subiunxit,
2507 5716 2585 5770 uti
2639 5720 2881 5775 constat,
2939 5719 3265 5782 prmsentem
3328 5706 3479 5762 Fidei
3544 5702 3723 5773 Expo-

456 5806 648 5845 rcscon
671 5792 744 5858 .iu
790 5790 1023 5843 Panario
1057 5789 1483 5847 confutationem
1514 5789 1680 5846 euiS.
1708 5789 2042 5858 Epiphanius
2152 5790 2427 5845 sitionem.
