4118 6402
396 430 503 486 77$

1816 425 1874 479 S.
1919 422 2266 480 EPIPHANII

3579 425 3683 482 770

393 543 615 616 quidem
653 543 722 597 iis
755 543 810 596 in
841 542 1318 612 disputationibus
1347 541 1874 612 commcntariisque
1897 557 1991 611 pe-

2105 560 2194 614 νης
2224 543 2416 614 λιμένα
2449 545 2566 597 νυνὶ
2601 545 2867 616 θεώμενοι
2899 587 2913 609 ,
2945 550 3026 611 είς
3063 549 3123 601 ὃν
3158 549 3394 621 κατᾶραι
3429 545 3690 601 σπεύδον-

399 637 626 692 riclitati
661 651 902 690 sumus:
937 649 1062 689 cum
1099 644 1382 705 postremo
1416 633 1569 704 pacis
1605 642 1824 704 portum
1855 634 1991 688 emi-

395 740 503 781 nus
542 727 879 789 intueamur,
926 725 993 780 ad
1027 741 1153 780 eum
1208 740 1402 780 navem
1453 724 1734 796 applicare
1772 726 1994 796 cupien-

395 824 498 877 tes,
533 814 705 870 divini
743 816 989 870 numinis
1019 831 1176 886 Opem
1215 831 1412 872 rursus
1442 815 1885 886 implorabimus.
1914 818 1992 871 Ac

397 916 543 964 metu
578 908 802 978 quidem
837 909 987 961 omni
1028 916 1083 963 ct
1119 908 1489 978 trepidatione
1529 923 1849 979 nauseaque
1874 925 1994 964 ces-

396 1008 578 1066 sante,
610 1000 820 1070 optimo
855 1000 910 1054 in
958 1007 1105 1055 statu
1140 1003 1304 1070 positi
1335 1001 1853 1072 jucundissimoque
1883 1017 1996 1055 cer-

397 1091 556 1145 tioris
595 1105 747 1145 aura
780 1105 845 1144 ac
874 1091 1196 1147 securitatis
1225 1091 1409 1147 afflatu
1441 1092 1812 1162 perfruentes,
1847 1100 1996 1147 tran-

395 1183 627 1252 quillum
650 1182 766 1252 jam
798 1183 855 1237 in
888 1191 1110 1253 portmn
1143 1185 1428 1248 subducti,
1459 1185 1659 1254 spiritu
1698 1185 1996 1255 animoque

397 1274 687 1344 gestimus.
721 1273 939 1330 Etenim
983 1275 1052 1331 iis
1088 1277 1144 1330 in
1185 1276 1467 1340 omnibus,
1518 1276 1567 1333 si
1605 1291 1798 1332 verum
1833 1275 1996 1334 fateri

399 1368 676 1435 volumus,
707 1367 962 1439 pluribus
994 1367 1364 1426 incommodis
1397 1377 1458 1424 et
1488 1369 1746 1424 maximis
1777 1369 1998 1448 injuriis

400 1461 725 1529 conflictati,
757 1475 844 1524 ac,
874 1461 1129 1516 terrestri
1161 1461 1554 1532 maritimoque
1581 1461 1778 1517 itinere
1810 1460 1997 1517 confe-

401 1559 514 1614 cto.
543 1566 780 1622 quorum
826 1552 882 1606 in
916 1552 1012 1619 illo
1039 1551 1334 1624 impeditas
1366 1567 1433 1608 ac
1467 1551 1717 1610 difﬁciles
1750 1553 1999 1610 salebras

401 1654 458 1699 ct
487 1645 805 1702 solitudinis
829 1646 1185 1717 asperitates,
1214 1647 1268 1702 in
1300 1647 1404 1702 hoc
1438 1648 1592 1702 varia
1622 1649 1864 1720 pericula
1893 1648 2002 1704 fui-

402 1753 528 1793 mus
567 1739 798 1806 emensi,
835 1753 960 1794 cum
986 1740 1104 1807 jam
1136 1740 1418 1796 civitatem
1459 1741 1888 1811 pr05piciamus,
1931 1741 2000 1796 ad

402 1833 582 1901 ipsam
637 1847 1002 1902 properemus
1064 1844 1318 1888 sanctam
1367 1832 1736 1898 Hierusalem,
1793 1834 2001 1890 Christi

2099 651 2190 699 τες
2209 676 2226 700 ,
2254 636 2322 690 δι’
2347 635 2516 707 εύχῆς
2549 637 2712 691 πάλιν
2742 639 2832 690 τὸν
2864 637 3061 710 Κύριον
3090 639 3373 710 ἀξιοῦμεν.
3407 641 3546 710 Ἤδη
3587 637 3689 710 μὲν

2101 728 2300 790 παντὸς
2335 726 2500 796 φόϐου
2553 727 2648 780 καὶ
2699 727 2930 798 θορύϐου
2963 730 3058 782 καὶ
3107 721 3443 794 ναυτίάσεως
3477 730 3690 785 ύπολω-

2102 819 2346 889 φῶντες,
2399 818 2512 885 ’ἐξει
2547 819 2603 872 δὲ
2661 820 2929 894 καλλίστῃ
2964 821 3142 890 (τὰς)
3183 823 3292 894 πρὸ
3333 824 3433 893 τῆς
3461 825 3689 896 στερεᾶς

2100 911 2331 984 ἀϐρας¹⁰
2355 911 2716 982 ἐμπνεόμενοι
2737 913 2831 966 καὶ
2857 913 3158 983 ἀσφαλείας
3186 915 3282 968 καὶ
3305 915 3399 968 τοῦ
3423 932 3483 968 τε
3512 915 3689 969 εὐδίου

2101 1005 2320 1076 λιμένος
2345 1046 2362 1068 ,
2394 1004 2767 1076 ὲνισχυόμενοι
2796 1005 2876 1078 τῷ
2910 1006 3183 1077 πνεύματι
3224 1008 3323 1078 ήδη
3352 1007 3685 1078 γεγήθαμεν.

2103 1099 2283 1153 Πολλά
2319 1099 2419 1171 μὲν
2461 1099 2546 1168 (εί
2579 1099 2664 1154 δεῖ
2708 1099 2757 1152 τ’
2806 1099 2982 1171 ἀληθῆ
3035 1099 3256 1171 λέγειν)
3303 1100 3554 1172 μοχθηρὰ
3596 1101 3691 1155 ἐπὶ

2101 1191 2355 1258 τούτοις,
2391 1192 2486 1246 καὶ
2533 1191 2722 1262 ῦὸρεις
2757 1193 2819 1246 ού
2867 1192 2966 1257 τὰς
3010 1193 3281 1264 τυχούσας
3333 1192 3686 1256 ὑποστάντες,

2103 1286 2203 1340 καὶ
2231 1285 2336 1356 γῆν
2373 1285 2468 1340 καὶ
2510 1283 2782 1340 θάλατταν
2801 1325 2816 1350 ,
2860 1285 2936 1350 ὠς
2986 1288 3162 1340 εἰπεῖν
3186 1327 3202 1351 ,
3233 1285 3599 1352 πεζεύσαντές
3628 1303 3688 1340 τε

2105 1379 2201 1434 καὶ
2227 1379 2768 1452 ποντοπορήσαντες,
2820 1379 2919 1450 τῆς
2961 1379 3059 1450 μὲν
3089 1381 3194 1451 γῆς
3241 1379 3309 1433 τὰ
3355 1379 3563 1451 τραχῆ,
3597 1379 3690 1433 καὶ

2103 1471 2205 1542 τῆς
2234 1470 2447 1541 ὲρήμου
2477 1468 2576 1532 τὰς
2623 1468 2930 1541 δυσχωρίας
2949 1511 2964 1535 ,
2999 1485 3094 1522 και
3141 1467 3250 1522 τῶν
3277 1468 3690 1540 προειρημένων
3721 1463 3723 1465 ’

2106 1564 2360 1634 πελαγῶν
2386 1565 2514 1628 τοὺς
2541 1561 2822 1626 κινδύνους
2844 1603 2859 1626 ,
2887 1561 3024 1632 όμοῦ
3045 1578 3106 1614 τε
3141 1560 3295 1614 πόλιν
3317 1560 3573 1632 ὁρῶντες,
3603 1561 3690 1613 ἐπ’

2107 1657 2277 1729 αὐτὴν
2311 1656 2639 1727 σπεύσωμεν
2662 1696 2677 1721 ,
2718 1654 2819 1726 τὴν
2851 1655 3014 1722 ἁγίαν
3048 1652 3406 1726 Ἰερουσαλὴμ
3429 1691 3445 1717 ,
3474 1654 3570 1706 καὶ
3590 1652 3690 1724 τὴν

2107 1750 2380 1822 παρθένον
2413 1748 2651 1822 Χριστοῦ
2673 1790 2688 1816 ,
2740 1748 2835 1802 καὶ
2871 1746 3091 1818 νύμφην
3111 1786 3126 1812 ,
3157 1746 3376 1818 ἀσφαλῆ
3418 1763 3502 1799 τεν
3531 1745 3691 1816 βάσιν

2109 1843 2206 1896 καὶ
2227 1842 2454 1914 πέτραν,
2504 1841 2708 1912 σεμνήν
2741 1857 2801 1893 τε
2831 1840 3044 1911 μητέρα
3070 1839 3251 1910 ἡμῶν,
3285 1838 3523 1912 Χριστοῦ
3562 1839 3693 1910 νύμσ-

402 1924 670 1994 virginem
720 1939 786 1980 ac
837 1940 1122 1996 sponsam,
1157 1926 1317 1982 basin
1367 1933 1422 1982 et
1477 1935 1690 1997 petram
1734 1903 2000 1982 solidissi-

2105 1951 2230 2006 φην.
2260 1903 2641 2006 Εύκαιρότατα
2665 1903 2767 1987 ’καὶ
2804 1903 3287 2000 αὐτοὶ-λέγοντες·
3322 1903 3522 1992 deﬁes.

404 2030 547 2069 mam
573 2016 1054 2087 venerandamque
1093 2025 1324 2072 matrem
1375 2024 1646 2082 nostram,
1675 2026 1728 2072 et
1749 2018 1998 2074 eamdem

403 2106 608 2162 Christi
641 2123 926 2179 sponsam.
960 2109 1018 2163 In
1055 2125 1166 2180 quo
1197 2119 1508 2181 opportune
1549 2111 1698 2165 istud
1734 2125 2002 2180 usurpare

405 2210 703 2265 possumus
729 2196 938 2252 :Vem'te
961 2241 972 2261 ,
1012 2198 1364 2254 ascendamus
1401 2200 1470 2254 ad
1522 2211 1753 2256 montem
1787 2201 2002 2257 Domini

403 2297 455 2341 et
483 2287 552 2342 ad
585 2288 802 2342 domum
842 2289 1155 2354 DeiJacob,
1191 2301 1242 2345 et
1285 2291 1628 2346 annuntiabit
1670 2293 1820 2347 nobis
1863 2295 2001 2347 viam

405 2395 560 2432 suam
595 2381 636 2444 ¹,
665 2388 770 2435 ctc.

482 2469 787 2541 1079".
828 2472 989 2543 Agite
1024 2473 1232 2544 itaque,
1281 2472 1494 2529 Christi
1550 2475 1644 2529 lilii
1693 2490 1759 2529 ac
1799 2484 2005 2530 sanctre

409 2558 504 2615 Dei
543 2561 803 2618 Ecclesiae
836 2565 1020 2631 liberi,
1056 2564 1152 2635 qui
1194 2563 1300 2619 hoc
1338 2573 1591 2620 nostrum
1619 2564 1686 2620 de
1725 2580 1868 2619 Lxxx
1895 2564 2005 2619 ha:-

409 2655 640 2710 resibus.
673 2672 813 2726 opus
845 2657 1081 2729 benigne
1123 2657 1502 2727 percurristis,
1548 2657 1754 2728 quique
1788 2671 2002 2711 mecum

411 2746 742 2802 altissimum
769 2749 920 2803 illum
951 2765 1243 2821 pravorum
1273 2750 1614 2822 dogmatum,
1641 2767 1764 2821 quae
1801 2752 2006 2807 hucus-

411 2856 517 2910 que
565 2843 1004 2911 percensuimus,
1053 2845 1326 2915 gurgitem
1358 2845 1648 2908 tranastis,
1689 2859 1753 2900 ac
1794 2851 2006 2901 vastam

410 2939 464 2984 et
509 2929 915 2988 formidabilem
971 2933 1428 3005 siticulosamque
1477 2934 1832 2991 solitudinem
1883 2951 2007 3006 per-

413 3024 673 3096 agrastis,
733 3041 917 3081 rerum
971 3026 1220 3082 omnium
1270 3027 1560 3082 Dominum
1625 3028 2002 3098 imploremus.

411 3118 568 3186 Quod
620 3119 840 3190 quidem
876 3121 1201 3191 jamdudum
1238 3123 1296 3177 in
1339 3125 1480 3178 votis
1515 3122 1831 3188 habuimus,
1878 3138 2004 3177 cum

412 3211 468 3266 in
507 3212 754 3283 quolibet
776 3223 1053 3268 sectarum
1085 3213 1402 3270 istiusmodi
1448 3213 1589 3278 loco,
1632 3213 1713 3268 sic
1743 3222 2002 3283 tanquam

411 3308 468 3362 in
501 3304 740 3373 Merrha,
767 3315 822 3361 et
856 3307 910 3360 in
955 3306 1314 3362 formidolosa
1369 3321 1432 3360 ac
1486 3306 1736 3376 squalida
1769 3317 1822 3362 et
1863 3307 2008 3360 inac-

411 3413 570 3454 cessa
602 3397 902 3454 solitudine
925 3399 965 3462 ’,
1004 3401 1056 3452 in
1089 3399 1346 3468 obliquos
1380 3413 1444 3452 ac
1475 3407 1755 3453 tortuosos
1786 3399 2006 3453 illorum

413 3505 696 3547 sermones
721 3491 1151 3546 incurrercmus.
1174 3489 1333 3545 Nunc
1361 3491 1494 3546 illud
1514 3491 1638 3559 jure
1660 3499 1852 3545 nostro
1881 3505 2009 3560 pro-

414 3584 732 3639 nuntiemus
793 3601 805 3637 :
852 3581 1311 3650 Quemadmodum
1380 3583 1649 3637 desiderat
1706 3599 1886 3637 cervus
1939 3582 2008 3637 ad

2095 2026 2304 2095 ,θῶμεν
2342 2027 2432 2092 είς
2468 2025 2534 2078 τὸ
2565 2024 2704 2094 ὄρος
2751 2025 2978 2093 Κυρίου
3006 2023 3106 2078 καὶ
3135 2026 3226 2091 είς
3253 2023 3556 2079 τὸννοῐκον
3581 2024 3689 2078 τοῦ

2104 2116 2251 2170 Θεοῦ
2297 2115 2506 2170 Ἰακὼὸ
2521 2155 2535 2178 ,
2569 2116 2666 2168 καί
2697 2114 3017 2185 ἀναγγελεῖ
3064 2113 3212 2184 ἡμῖν
3245 2115 3363 2183 τὴν
3407 2113 3554 2169 ὁδὸν
3579 2118 3687 2169 αὺ-

2101 2207 2210 2262 τοῦ
2230 2247 2245 2272 ,
2276 2207 2371 2260 καὶ
2400 2205 2470 2260 τὰ
2499 2205 2646 2276 ἑξῆς.

2176 2468 2252 2521 B'.
2275 2470 2410 2538 Ἀγε
2435 2468 2637 2532 τοίνυν,
2670 2469 2717 2521 οἱ
2751 2465 2988 2538 Χριστοῦ
3014 2466 3224 2530 παῖδες.
3255 2466 3362 2519 υίοὶ
3392 2465 3493 2538 τῆς
3532 2466 3690 2536 ἁγίας

2105 2559 2243 2616 Θεοῦ
2291 2560 2638 2632 Ἐκκλησίας,
2671 2561 2722 2612 οἱ
2757 2558 2874 2613 τόδε
2925 2558 2988 2612 τὸ
3033 2557 3316 2630 σύνταγμα
3341 2557 3447 2611 τῶν
3494 2557 3689 2629 ὀγδοή-

2105 2670 2270 2708 κοντα
2339 2653 2604 2724 αἱρέσεων
2642 2652 2866 2724 ἡμέρως
2911 2651 3046 2704 αὐτὸ
3072 2651 3426 2724 διερχόμενοι,
3463 2651 3557 2703 καὶ
3594 2651 3690 2705 σὺν

2106 2747 2231 2818 ἐμοὶ
2255 2745 2346 2800 τὸν
2371 2745 2614 2800 τοιοῦτον
2637 2745 2798 2815 ὄγκον
2821 2745 2931 2798 τῶν
2953 2743 3369 2817 προειρημένων
3402 2741 3689 2814 μοχθηρῶν

2105 2838 2466 2894 διδασκαλιῶν
2511 2839 2918 2911 διανηξάμενοι,
2970 2837 3426 2902 διαπεζεύσαντές
3481 2855 3540 2890 τε
3592 2836 3692 2906 τὴν

2105 2932 2376 3004 τοσαύτην
2409 2931 2637 3004 ἔρημον,
2674 2931 2912 3002 φοϐεράν
2963 2949 3023 2985 τε
3067 2933 3162 2986 καὶ
3193 2933 3250 2984 ὲν
3282 2931 3426 3001 δίψει
3460 2947 3691 2986 κατατε-

2105 3025 2408 3098 ταγμένην,
2465 3023 2923 3096 ἐπικαλεσώμεθα
2977 3024 3068 3077 τὸν
3121 3022 3229 3077 τῶν
3279 3023 3414 3077 ὅλων
3466 3023 3688 3094 Κύριον.

2109 3120 2284 3175 Πάλαι
2310 3119 2408 3191 μὲν
2429 3119 2488 3174 ἐν
2519 3117 2786 3190 ἐπιθυμία
2817 3116 3006 3170 τούτου
3036 3117 3210 3180 ὄντες,
3235 3116 3330 3169 καὶ
3355 3114 3691 3169 καθέκαστον

2108 3215 2272 3267 τόπον
2299 3212 2412 3266 τῶν
2445 3211 2710 3284 αἱρέσεων
2733 3210 2958 3273 τούτων,
2990 3207 3179 3279 ὥσπερ
3207 3211 3264 3262 έν
3295 3209 3491 3279 Maps;
3519 3207 3688 3277 τόπῳ.

2110 3308 2205 3361 καὶ
2232 3306 2293 3360 ἐν
2320 3305 2462 3376 δίψει
2491 3306 2589 3376 τῆς
2621 3303 2856 3377 φοϐερᾶς
2879 3302 3082 3357 ἀϐάτου
3115 3304 3346 3374 ἐρήμου,
3380 3303 3469 3355 ἀεὶ
3501 3319 3692 3355 συναν-

2108 3400 2310 3464 τῶντες
2336 3402 2451 3463 τοῖς
2491 3399 2722 3461 σκολιοῖς
2752 3397 2932 3451 αὐτῶν
2967 3397 3160 3466 λόγοις.
3227 3396 3690 3467 Ἐπιφωνήσωμεν

2110 3493 2205 3548 καὶ
2252 3493 2440 3547 αὐτοί·
2492 3494 2603 3544 “Or
2650 3493 2876 3558 τρόπον
2921 3488 3189 3544 ἐπιποθεῖ
3237 3489 3276 3555 ἠ
3324 3489 3548 3558 ἔλαφος
3592 3488 3688 3541 ἐπὶ

2107 3587 2214 3652 τὰς
2243 3584 2438 3653 πηγὰς
2471 3583 2591 3637 τῶν
2613 3581 2870 3646 ὑδάτων,
2904 3582 3093 3648 οὕτως
3124 3580 3400 3634 ἐπιποθεῖ
3435 3583 3474 3649 ή
3517 3581 3686 3649 ψυχή

414 3675 584 3743 fontes
633 3690 923 3740 aquarum,
990 3675 1066 3728 ita
1117 3675 1384 3729 desiderat
1437 3676 1619 3728 anima
1673 3691 1792 3728 mea
1834 3673 1903 3728 ad
1936 3685 2001 3737 te,

2105 3693 2223 3745 μου
2248 3674 2400 3743 πρὸς
2433 3673 2529 3741 σὲ,
2571 3677 2604 3727 ό
2636 3673 2801 3739 Θεός.
2835 3673 2947 3726 Καὶ
2973 3672 3164 3726 πάλινο
3197 3673 3349 3726 Πότε
3387 3672 3560 3735 ἔλθω,
3592 3673 3688 3726 καὶ

417 3765 556 3820 Deus
584 3766 628 3820 ³.
671 3767 805 3821 Item
841 3785 853 3820 :
895 3765 1119 3832 Quando
1153 3768 1378 3832 veniam,
1405 3777 1454 3822 et
1489 3771 1749 3838 apparebo
1773 3779 1895 3823 ante
1919 3768 2006 3837 fa-

415 3860 547 3912 ciem
574 3857 672 3912 Dei
695 3857 756 3912 ⁸7
780 3857 924 3924 Quin
969 3867 1021 3913 et
1066 3874 1169 3915 nos
1198 3859 1443 3929 ejusdem
1481 3860 1782 3930 Scriptura:
1825 3862 2008 3916 verbis

417 3964 680 4020 sponsam
728 3963 1010 4010 vocemus,
1063 3966 1172 4004 non
1221 3958 1281 4004 ut
1327 3951 1417 4006 ille
1456 3952 1629 4022 ipsius
1660 3951 1908 4023 Sponsus
1943 3967 2008 4006 ac

418 4039 683 4097 Dominus
704 4051 759 4097 et
811 4057 909 4096 rex
939 4050 993 4098 et
1028 4043 1170 4098 Deus
1215 4053 1268 4097 et
1312 4053 1612 4113 protector,
1650 4045 1744 4099 sed
1797 4052 1853 4097 ut
1885 4043 2007 4114 ejus

425 4135 571 4190 servi
606 4133 799 4189 iisdem
831 4135 1034 4205 quibus
1065 4135 1183 4206 ipse
1216 4137 1400 4193 verbis
1430 4138 1581 4194 illam
1614 4141 1956 4211 appellemus
1987 4159 2000 4196 :

429 4223 556 4280 Veni
578 4235 644 4280 de
667 4225 896 4292 Libano,
932 4243 1150 4294 sponsa,
1173 4231 1425 4301 quoniam
1467 4241 1580 4286 tota
1611 4233 1838 4303 pulchra
1857 4249 1934 4302 es,
1957 4243 2008 4289 et

417 4317 632 4371 macula
681 4333 787 4372 non
827 4329 906 4373 est
966 4320 1021 4374 in
1067 4329 1114 4373 te
1133 4321 1177 4374 ⁸.
1211 4320 1472 4379 Paradise
1513 4325 1715 4380 summi
1755 4323 2006 4392 artiﬁcis,

418 4411 599 4464 sancti
634 4413 781 4482 regis
811 4412 1030 4473 civitas,
1060 4414 1183 4484 puri
1209 4414 1515 4485 illibatique
1542 4415 1751 4472 Christi
1779 4433 2007 4488 sponsa,

419 4503 730 4558 castissima
762 4504 939 4575 virgo,
973 4505 1067 4559 uni
1093 4520 1158 4559 ac
1184 4506 1449 4576 singulari
1473 4509 1594 4563 viro
1615 4507 1885 4580 desponsa
1910 4526 2008 4581 per

2109 3767 2450 3838 ὀφθήσομαι
2481 3765 2563 3832 τῷ
2593 3763 2891 3834 προσώπῳ
2916 3766 3024 3820 τοῦ
3052 3764 3238 3830 Θεοῦ;
3272 3764 3371 3820 Διά
3409 3766 3567 3818 τοῦτο
3596 3767 3690 3820 τά-

2107 3877 2222 3932 χιον
2255 3860 2351 3915 καὶ
2378 3860 2533 3914 αὐτοὶ
2565 3856 3040 3930 ὲπικαλεσώμεθα,
3071 3859 3170 3928 οὐχ
3201 3858 3276 3922 ὡς
3315 3859 3523 3921 ἐκεῖνος
3563 3858 3689 3910 ἑκά-

2106 3953 2189 4007 λει
2229 3953 2330 4025 τήν
2357 3951 2600 4024 νύμφην,
2644 3950 3082 4022 νυμφίοςάύτῆς
3109 3951 3416 4020 τυγχάνων,
3450 3950 3545 4002 καὶ
3578 3949 3688 4002 Κύ-

2109 4063 2245 4118 ριος,
2303 4046 2398 4099 καὶ
2443 4044 2745 4114 Δεσπότης,
2804 4043 2900 4097 καὶ
2949 4041 3224 4112 βασιλεὺς,
3269 4041 3362 4095 καὶ
3396 4040 3548 4104 Θεὸς,
3596 4040 3686 4093 καὶ

2109 4138 2458 4210 ύπέρμαχος’
2494 4136 2612 4190 ἀλλ’
2642 4135 2718 4199 ὼς
2750 4133 2925 4188 δοῦλοι
2954 4132 3118 4188 αὐτοῦ
3153 4135 3316 4205 ἡμεῖς
3347 4133 3685 4188 ὲπικαλεσώ-

2110 4227 2271 4300 μεθα,
2304 4227 2514 4298 συνῳδὰ
2541 4226 2620 4298 τῷ
2667 4225 2819 4297 αὐτῷ
2867 4225 2962 4280 καὶ
3003 4223 3160 4280 αὐτοὶ
3187 4225 3466 4295 λέγοντες·
3503 4223 3689 4292 Δεῦρο

2105 4321 2226 4377 ἀπὸ
2264 4320 2546 4384 Λιϐάνου,
2589 4320 2814 4390 νύμφη,
2852 4318 2942 4372 ὅτι
2989 4318 3104 4386 ὅλη
3133 4316 3291 4386 καλὴ
3331 4318 3404 4382 εἴ,
3447 4318 3544 4372 καὶ
3568 4314 3687 4387 μῶ-

2100 4431 2218 4483 μος
2245 4415 2356 4466 οὐκ
2389 4412 2562 4465 ἐστιν
2588 4411 2657 4463 ἐν
2685 4411 2804 4464 σοι.
2861 4409 2918 4463 Ὀ
2960 4407 3288 4481 παράδεισος
3319 4407 3413 4462 τοῦ
3451 4408 3685 4478 μεγάλου

2106 4505 2372 4576 τεχνίτου,
2405 4506 2440 4576 ἡ
2468 4505 2622 4568 πόλις
2655 4503 2748 4557 τοῦ
2793 4504 2951 4572 ἁγίου
2984 4501 3264 4573 βασιλέως,
3295 4504 3328 4573 ἡ
3367 4503 3551 4574 νύμφη
3589 4499 3683 4556 τοῦ

418 4594 606 4658 fidem,
646 4597 930 4666 splendida
961 4606 1017 4651 et
1064 4596 1293 4652 diluculi
1329 4599 1504 4656 instar
1527 4615 1848 4670 emergens;
1889 4603 2001 4673 pul-

2109 4598 2338 4652 ἀσπίλου
2367 4596 2624 4669 Χριστοῦ,
2664 4599 2697 4668 ἡ
2731 4595 2994 4668 παρθένος
3025 4597 3058 4666 ή
3108 4595 3268 4666 ἁγνὴ,
3307 4596 3452 4667 μόνῳ
3479 4596 3558 4649 ἑνὶ
3587 4598 3683 4650 άν-

418 4687 554 4742 chra
587 4698 647 4744 ut
676 4689 828 4756 luna,
854 4689 1026 4744 electa
1078 4696 1140 4744 ut
1174 4689 1278 4753 sol,
1331 4690 1590 4744 terribilis
1617 4700 1676 4748 ut
1695 4699 1999 4749 castrorum

417 4780 568 4836 acies
610 4781 862 4835 ordinata
889 4781 909 4811 ⁸
935 4800 947 4834 :
975 4795 1141 4850 quam
1180 4782 1384 4851 reginae
1417 4781 1638 4838 beatam
1677 4784 1998 4854 praedicant,

416 4879 473 4928 ct
490 4872 818 4928 concubina:
839 4873 1141 4938 celebrant,
1164 4882 1220 4928 et
1245 4875 1440 4944 puellae
1459 4875 1776 4931 collaudant
1793 4879 1812 4908 ⁷
1839 4895 1854 4945 ;
1880 4894 2002 4948 qua:

416 4962 672 5020 ascendis
714 4979 746 5020 c
793 4965 1036 5030 deserto,
1074 4965 1525 5036 splendidissimo
1555 4971 1795 5026 candore
1836 4971 2004 5028 collu-

415 5070 551 5113 cens
613 5065 669 5113 et
720 5057 911 5113 innixa
959 5059 1388 5130 patruelizqute
1433 5069 1838 5133 unguentorum
1889 5064 2000 5118 fra-

418 5149 688 5220 grantiam
716 5151 976 5207 redules:
1006 5167 1128 5222 quae
1153 5153 1411 5210 ascendis
1440 5170 1470 5208 e
1493 5154 1713 5211 deserto
1739 5164 2000 5227 tanquam

417 5241 628 5310 virgula
656 5239 791 5295 fumi
815 5256 883 5296 ex
916 5241 1152 5312 myrrhae
1182 5242 1472 5314 thurisque
1502 5244 1708 5308 suﬂitu,
1740 5255 1904 5316 atque
1936 5263 2001 5301 ex

417 5331 730 5384 aromatarii
785 5331 1114 5401 pulvisculo,
1171 5335 1265 5404 qui
1328 5335 1718 5391 suavissimum
1775 5335 2001 5391 odorem

417 5422 695 5477 exhalavit
718 5422 762 5480 ⁸.
793 5425 967 5490 Quem
999 5425 1090 5479 illa
1129 5427 1437 5496 praevidens
1468 5429 1686 5484 dicebat
1716 5449 1729 5484 :
1765 5429 2006 5502 Unguen-

419 5524 530 5567 tum
569 5516 795 5583 effusum
835 5533 1020 5571 nomen
1059 5530 1206 5571 tuum
1238 5536 1254 5572 :
1284 5531 1558 5590 propterea
1596 5523 2002 5576 adolescentqu

416 5605 715 5660 dilexerunt
743 5618 791 5660 te
825 5608 867 5660 '.
925 5609 1058 5673 Qua:
1110 5609 1178 5662 ad
1219 5609 1500 5665 dexteram
1565 5615 1707 5683 regis
1760 5613 2000 5681 assistis,

492 5789 511 5872 ξ
547 5786 653 5875 lsa.
696 5805 756 5850 ιι,
962 5786 1138 5875 βαθύ.
1166 5804 1252 5875 xvr,
1278 5788 1488 5875 25‘s”.

425 5856 447 5888 ‘
473 5859 631 5914 Cant.
669 5875 751 5924 tu,
783 5861 833 5912 6.
902 5871 922 5901 ν
960 5861 1116 5915 Cant.
1155 5875 1192 5922 I,
1218 5859 1271 5910 2.
1353 5856 1488 5913 “1".
1527 5859 1718 5934 αὔρας.

2107 4691 2196 4762 δρὶ
2237 4691 2295 4743 ἐν
2345 4691 2527 4744 πίστει
2568 4688 3046 4762 μεμνηστευμένη,
3089 4689 3123 4760 ή
3172 4689 3434 4762 διαφανὴς
3466 4688 3559 4743 καὶ
3587 4691 3682 4743 ἐκ-

2110 4783 2389 4836 κύπτουσα
2437 4783 2569 4836 ὡσεὶ
2607 4781 2823 4854 ὄρθρος,
2871 4781 3010 4852 καλὴ
3046 4780 3122 4844 ὡς
3164 4780 3382 4852 σελήνη,
3425 4781 3501 4843 ὡς
3534 4780 3686 4852 ἥλιος

2107 4875 2374 4947 ὲκλεκτὴ,
2428 4873 2636 4945 θάμϐος
2678 4874 2754 4938 ὡς
2806 4872 3136 4945 τεταγμένη,
3181 4874 3215 4942 ή
3273 4872 3680 4944 μακαριζομένη

2107 4968 2216 5022 ἀπὸ
2246 4968 2354 5021 τῶν
2393 4966 2700 5038 βασιλίδων,
2737 4967 2830 5020 καὶ
2856 4965 3228 5036 ὲξυμνουμένη
3260 4965 3363 5019 ὑπὸ
3401 4964 3507 5017 τῶν
3543 4963 3682 5020 παλ-

2107 5061 2360 5124 λακίδων,
2418 5063 2451 5130 ὴ
2506 5060 2612 5113 ὑπὸ
2643 5058 2750 5114 τῶν
2797 5058 3110 5129 θυγατέρων
3153 5057 3540 5128 ἐπαινουμένη.
3587 5056 3682 5112 sui

2107 5153 2216 5205 ἀπὸ
2246 5153 2346 5222 τῆς
2392 5153 2602 5222 ἐρήμου
2629 5149 2989 5220 ἀνερχομένη,
3033 5149 3126 5202 καὶ
3165 5147 3678 5219 λελευκανθισμένη,

2107 5244 2203 5296 καὶ
2249 5244 2341 5295 ἐπὶ
2388 5243 2477 5297 τὸν
2522 5241 2836 5310 ἀδελφιδοῦν
2888 5241 3057 5312 αὐτῆς
3107 5239 3586 5312 ὲπιστηριζομένη,
3645 5242 3680 5312 ή

2111 5337 2298 5407 μύρων
2331 5335 2588 5397 πνέουσα,
2616 5336 2648 5405 ἡ
2705 5333 2814 5386 ἀπὸ
2843 5333 2944 5404 τῆς
2979 5335 3186 5404 ἐρήμου
3235 5332 3565 5404 ἀνερχομένη
3605 5332 3680 5396 ὡς

2109 5429 2336 5498 στελέχη
2371 5427 2579 5480 καπνοῦ
2631 5426 3002 5497 τεθυμιαμένη
3055 5425 3297 5496 σμύρναν
3339 5425 3432 5478 καὶ
3463 5424 3679 5477 λίϐανον

2111 5521 2218 5574 ἀπὸ
2252 5519 2544 5589 κονιορτῶν
2595 5517 2857 5590 μυρεψοῦ,
2907 5516 3000 5570 τοῦ
3043 5517 3330 5579 δεδωκότος
3357 5514 3553 5568 ἑαυτοῦ
3583 5515 3678 5586 τὴν

2112 5613 2386 5683 εὐοδμίαν.
2429 5613 2523 5666 Ὃν
2573 5611 2860 5683 προορῶσα
2903 5609 3086 5678 ἔλεγε·
3123 5610 3322 5676 Μύρων
3347 5606 3676 5660 ἑκκενωθὲν

1571 5792 1591 5861 ’_
1622 5792 1765 5846 Psal.
1806 5809 1914 5861 xu,
1951 5794 2003 5847 ‘2.
2086 5794 2104 5825 ³
2132 5792 2262 5848 ibid.
2291 5793 2341 5845 5.
2423 5794 2443 5826 ⁵
2474 5792 2631 5846 Cant.
2671 5808 2744 5855 tv,
2775 5791 2826 5846 8.
2907 5791 2924 5820 ‘
2953 5791 3107 5842 (lant.
3145 5801 3217 5852 vr,
3248 5786 3299 5840 9.
3377 5785 3396 5816 ⁷
3430 5784 3563 5840 ibid.
3613 5779 3670 5843 8-
