4118 6402
338 381 441 438 ΤΠ

879 373 1249 430 ADVERSUS
1281 371 1625 427 IlAiRESES
1668 369 1793 422 LIB.
1824 367 1907 419 Ill.
1948 365 2109 421 TOM.
2153 366 2216 420 ll.
2257 399 2328 411 --
2367 357 2732 423 EXPOSITIO
2774 368 2973 425 Ηυει.
3503 366 3602 421 7’3

335 494 524 562 ὄνομά
573 507 704 556 σοι,
753 491 852 544 διὰ
899 491 1077 543 τοῦτο
1123 487 1396 551 νεάνιδες
1439 482 1768 553 ἠγάπησαν
1821 497 1916 533 σε.

2028 476 2316 534 ﬁmbriatis
2366 480 2557 534 induta
2592 482 2840 536 vestibus
2863 484 2904 548 ¹,
2951 492 3006 536 et
3043 482 3268 538 intextis
3310 496 3470 545 auro,
3503 497 3600 536 va-

344 589 412 641 'H
462 587 723 656 ὲστηκυῖα
771 587 835 637 ἐκ
897 582 1084 648 δεξιῶν
1132 581 1226 636 τοῦ
1280 578 1560 650 βασιλέως,
1596 575 1916 644 ἑνδεδυμένη

336 678 644 752 κροσσωτὰι,
682 676 995 746 διαχρύσοις
1043 672 1462 742 πεποικιλμένη,
1498 671 1530 741 ἡ
1583 667 1748 739 μηδὲν
1791 683 1918 719 σκο-

338 769 508 824 τεινὸν
545 768 762 838 ἔχουσα.
799 765 935 818 Ποτὲ
968 765 1023 818 δὲ
1060 761 1510 834 μεμελανωμένη,
1548 759 1664 812 νυνὶ
1693 757 1749 809 δὲ
1779 756 1918 826 καλὴ

339 861 431 915 καὶ
459 857 978 928 λελευκανθισμένψ
1015 858 1101 910 ἵνα
1130 858 1187 910 ὲν
1233 856 1312 908 σοὶ
1339 853 1619 923 γενόμενοι
1651 851 1918 920 λωφήσω-

341 969 439 1023 μεν
486 951 594 1005 τῶν
628 949 1051 1023 προδιελθόντων
1094 949 1241 1018 ἡμᾶς
1291 943 1567 1015 στυγερῶν
1613 943 1724 996 τῶν
1772 939 1922 1012 αἱρέ-

341 1062 477 1098 σεων
523 1044 885 1114 πραγμάτων,
934 1041 1025 1095 καὶ
1057 1040 1420 1111 ἡσυχάσωμεν
1464 1035 1572 1090 ἀπὸ
1608 1033 1783 1088 σάλων
1823 1032 1921 1101 τῆς

337 1135 447 1187 τῶν
478 1133 656 1187 αὑτῶν
685 1132 1002 1203 τρικυμίας,
1035 1131 1130 1183 καὶ
1159 1127 1522 1198 ἁναψὺξωμεν
1556 1125 1615 1178 ὲν
1657 1124 1758 1188 σοὶ,
1789 1122 1920 1190 ἁγία

344 1232 527 1299 μήτηρ
567 1226 723 1298 ἡμῶν
764 1225 1079 1294 Ἐκκλησία,
1113 1221 1206 1276 καὶ
1236 1223 1293 1273 ὲν
1341 1221 1408 1290 τῇ
1445 1217 1576 1288 ἁγία
1607 1218 1666 1268 ὲν
1715 1215 1798 1267 σοὶ
1846 1213 1915 1265 δι·

338 1319 630 1390 δασκαλίᾳ,
665 1319 758 1370 καὶ
789 1316 922 1386 ἁγίᾳ
969 1315 1064 1368 καὶ
1113 1313 1249 1384 μόνῃ
1293 1312 1475 1364 πίστει
1514 1307 1651 1361 Θεοῦ
1693 1309 1748 1359 ἐν
1791 1304 1923 1375 ἀλη-

341 1415 481 1485 θείᾳ.
531 1411 690 1465 Ἀλλά
716 1409 950 1480 ἄρξομαι
988 1406 1118 1476 περὶ
1146 1403 1347 1472 ταύτης
1387 1402 1485 1472 τῆς
1524 1399 1686 1467 ἁγίας
1713 1398 1922 1459 πόλεως

335 1503 471 1556 Θεοῦ
499 1503 566 1554 τὰ
608 1500 897 1569 θαυμαστά
924 1494 1269 1570 διηγεῖσθαι*
1309 1493 1379 1545 τὰ
1421 1491 1531 1562 γὰρ
1562 1487 1922 1557 δεδοξασμένα

335 1591 569 1664 ὲλαλήθη
618 1591 746 1660 περὶ
789 1588 983 1656 αὐτῆς,
1035 1587 1112 1649 ὡς
1151 1584 1316 1656 φησὶν
1361 1587 1390 1636 ὁ
1437 1583 1761 1654 Προφήτης·
1816 1585 1915 1634 Δε-

333 1683 681 1754 δοξασμένα
732 1681 1002 1748 ἐλαλήθη
1065 1681 1197 1747 περὶ
1257 1675 1410 1740 σοῦ,
1468 1677 1508 1742 ’ἡ
1577 1676 1755 1739 πόλις
1807 1671 1914 1726 τοῦ

335 1779 507 1834 Θεοῦ.
570 1773 903 1846 Ἀνθρώποις
936 1775 1031 1843 μὲν
1060 1772 1226 1824 πᾶσιν
1259 1768 1547 1837 ἀνέφικτα,
1574 1763 1822 1826 ἀπίστοις
1856 1763 1913 1814 δὲ

2025 570 2229 642 riisque
2274 572 2537 642 perpolita
2570 591 2582 625 :
2619 588 2740 642 quae
2779 573 3183 628 tenebricosum
3219 572 3354 627 nihil
3405 572 3596 634 habes,

2021 672 2117 718 aut
2179 665 2494 720 obscurum.
2553 664 2684 730 Quae
2738 667 2958 736 nigrore
3004 665 3280 735 quondam
3343 664 3601 731 infecta',

2022 758 2250 827 pulchra
2295 773 2442 812 nunc
2489 773 2549 813 es
2595 765 2649 812 et
2682 757 2936 824 candida,
2973 767 3186 819 utgcum
3213 759 3281 814 ad
3326 767 3380 815 te
3409 775 3602 831 perve-

2022 849 2329 925 nerimus,a
2359 849 2697 906 tristissimis
2730 849 2838 904 illis
2867 851 3148 906 haereseon
3175 851 3442 907 molestiis
3463 866 3601 923 quas

2024 943 2292 997 hactenus
2322 941 2621 1007 obivimus,
2661 941 2956 1012 aliquando
2990 929 3302 1009 cessemus;
3332 951 3386 998 et
3420 958 3451 998 a
3472 951 3602 999 tem-

2024 1042 2300 1106 pestatum
2333 1034 2878 1102 decumanorumque
2910 1035 3003 1104 qui
3031 1034 3142 1088 illic
3176 1045 3305 1089 sunt
3336 1033 3600 1090 ﬂuctuum

2019 1123 2319 1194 jactatioue
2357 1125 2832 1193 conquiescentes,
2875 1125 2928 1177 in
2957 1132 3028 1183 te.
3077 1115 3477 1179 sancta‘mater
3501 1125 3604 1179 Ec-

2023 1217 2210 1289 clesia,
2245 1225 2299 1272 et
2327 1218 2382 1272 in
2419 1227 2607 1272 sancta
2641 1217 2891 1272 doctrina
2922 1228 3035 1284 tua,
3073 1233 3137 1272 ac
3170 1217 3385 1288 1080
3413 1224 3600 1274 sancta

2025 1307 2229 1378 pariter
2259 1309 2486 1378 solaque
2513 1308 2604 1363 Dei
2636 1308 2741 1364 ﬁde
2771 1318 2826 1364 et
2854 1309 3084 1363 veritate
3114 1310 3466 1378 respiremus.
3495 1304 3601 1361 Sed

2023 1415 2144 1470 quae
2175 1401 2230 1455 in
2277 1401 2380 1455 hac
2416 1402 2531 1471 ipsa
2568 1401 2919 1456 sanctissima
2960 1399 3055 1456 Dei
3097 1401 3320 1454 civitate
3357 1398 3599 1454 admira-

2023 1494 2174 1546 tione
2210 1491 2375 1563 digna
2421 1499 2548 1546 sunt
2583 1506 2809 1546 narrare
2848 1491 2961 1559 jam
3007 1490 3329 1561 aggrediar:
3366 1491 3602 1561 gloriosa

2015 1587 2161 1640 enim
2191 1585 2260 1640 de
2289 1585 2382 1639 illa
2411 1583 2558 1638 dicta
2589 1593 2738 1648 sunt,
2773 1596 2831 1639 ut
2860 1583 3132 1654 Propheta
3164 1584 3408 1653 loquitur
3432 1603 3444 1636 :
3471 1581 3592 1637 Glo-

2015 1675 2160 1728 riosa
2220 1673 2365 1727 dicta
2412 1684 2537 1728 sunt
2585 1674 2650 1730 dc
2690 1685 2769 1739 te,
2820 1676 3005 1728 civitas
3053 1673 3171 1729 Dei.
3214 1675 3235 1705 ³
3279 1673 3412 1741 Quae
3470 1685 3599 1730 sunt

2015 1766 2309 1836 ejusmodi,
2347 1774 2406 1822 ut
2437 1782 2563 1821 cum
2606 1783 2767 1822 nemo
2797 1783 2861 1822 ea
2905 1767 3219 1822 mortalium
3256 1768 3474 1838 penitus
3508 1782 3595 1823 as-

337 1873 610 1943 ἀλλότρια,
671 1871 879 1930 πιστοῖς
921 1866 980 1921 δὲ
1038 1863 1346 1936 ἀνθρώποις
1397 1863 1492 1916 καὶ
1540 1858 1812 1930 ἀληθινοῖς
1857 1858 1915 1909 ὲν

2022 1860 2173 1930 sequi
2215 1861 2410 1930 possit,
2445 1871 2560 1918 tum
2592 1861 2660 1916 ab
2690 1861 3001 1917 inﬁdelibus
3030 1862 3227 1926 aliena,
3252 1861 3504 1918 ﬁdelibus
3533 1875 3599 1917 ac

337 1965 517 2036 μέρει,
551 1967 608 2017 ὲν
654 1961 946 2032 ὑποσχέσει
979 1959 1036 2012 δὲ
1084 1956 1416 2019 τελειώσεως
1451 1953 1571 2025 (ὡς)
1624 1951 1774 2022 παρά
1818 1949 1914 2003 τοῦ

334 2057 516 2111 αὑτῶν
560 2056 830 2109 Δεσπότου
882 2049 1410 2124 παρασχεθησόμενα
1462 2049 1521 2100 ὲν
1553 2047 1618 2117 τῇ
1671 2043 1917 2114 βασιλείᾳ

337 2149 445 2202 τῶν
476 2147 742 2219 οὐρανῶν,
771 2147 904 2199 ὅπου
937 2143 1076 2214 αὑτὴ
1105 2145 1139 2213 ἡ
1169 2141 1300 2210 ἀγία
1346 2139 1617 2211 παρθένος
1659 2139 1752 2192 καὶ
1787 2135 1919 2206 κλη-

340 2237 566 2308 ρονόμος
608 2238 704 2289 σὺν
751 2235 830 2306 τῷ
880 2233 992 2304 ἰδίῳ
1029 2232 1266 2302 Νυμφίῳ
1307 2233 1365 2284 ὲν
1410 2228 1626 2298 οὐρανῷ
1659 2227 1783 2298 έσχε
1828 2228 1917 2278 τὸν

337 2328 535 2398 κλῆρον
571 2327 663 2381 καὶ
691 2328 790 2398 τὴν
819 2324 1202 2396 κληρονομίαν.
1627 2328 1633 2334 ’

408 2420 483 2474 Γ’.
524 2421 636 2473 Καὶ
670 2418 886 2490 πρῶτον
937 2418 1057 2487 μὲν,
1100 2417 1182 2469 ὅτι
1231 2415 1260 2466 ὁ
1290 2411 1438 2476 ,Θεὸς
1478 2413 1508 2464 ὀ
1561 2412 1654 2463 ἐπὶ
1702 2410 1918 2464 πάντων
1983 2441 1988 2446 -

336 2513 468 2584 ἡμῖν
498 2512 630 2574 Θεὸς
662 2510 896 2582 ὑπάρχει
944 2511 1056 2572 τοῖς
1103 2509 1167 2560 ὲκ
1215 2506 1313 2576 τῆς
1357 2505 1519 2573 ἁγίας
1547 2503 1748 2572 ταύτης
1797 2503 1919 2555 Ἐκ-

337 2603 568 2674 κλησίας
597 2602 953 2673 γεννηθεῖσιν.
1041 2596 1338 2661 Ἀπόδειξις
1384 2595 1491 2668 γὰρ
1543 2593 1682 2665 αὑτὴ
1726 2591 1917 2664 πρώτη

337 2697 466 2766 περὶ
513 2695 790 2764 ἀλήθειαν,
840 2693 932 2746 καὶ
984 2690 1265 2763 ἑδραίωμα
1313 2687 1546 2749 πίστεως
1598 2685 1700 2754 τῆς
1752 2684 1920 2754 μόνης

335 2787 542 2858 ταύτης
574 2785 842 2856 παρθένου
875 2783 972 2837 καὶ
1013 2781 1173 2850 ἁγίας
1205 2778 1533 2849 περιστερᾶς
1564 2777 1658 2828 καὶ
1687 2775 1917 2838 ἀκάκου,

339 2877 468 2949 περὶ
499 2872 567 2947 ἧς
615 2877 642 2928 ὁ
675 2875 878 2945 Κύριος
920 2874 978 2924 ὲν
1021 2869 1299 2941 Πνεύματι
1343 2866 1420 2938 τῴ
1458 2864 1774 2936 Σαλομῶντι
1819 2865 1922 2918 ἁπ-

336 2969 644 3023 εκάλυπτεν
680 2969 736 3021 ἐν
791 2967 1032 3038 ’ᾼσματι
1079 2961 1189 3015 τῶν
1222 2959 1506 3031 ᾀσμάτων,
1558 2959 1651 3011 καὶ
1697 2956 1917 3024 ἔλεγενο

347 3059 685 3131 Ἐξήκοντά
733 3062 853 3113 εἱσι
915 3055 1321 3122 βασίλισσαι.
1395 3051 1495 3106 καὶ
1554 3048 1922 3120 ὀγδοήκοντα

339 3154 668 3216 παλλακαὶ,
719 3151 818 3205 καὶ
851 3148 1122 3214 νεάνιδες
1158 3141 1245 3200 ὧν
1273 3147 1385 3201 οὐκ
1430 3145 1602 3199 ἐστιν
1641 3143 1884 3212 ἀριθμός
1904 3157 1918 3171 ο

335 3245 444 3314 μία
474 3243 605 3298 ἐστὶ
633 3237 954 3310 περιστερά
977 3255 1119 3309 μου,
1150 3237 1350 3290 τελεία
1387 3253 1530 3304 μου.
1568 3233 1723 3286 Μετά
1753 3248 1922 3302 προσ·

337 3341 512 3412 θήκης
536 3337 620 3403 τὸ,
641 3336 780 3407 μοῦ,
811 3336 925 3402 καὶ,
948 3333 1090 3404 μοῦ.
1124 3331 1299 3386 Αὑτοῦ
1332 3333 1442 3403 γὰρ
1476 3325 1796 3398 περιστερὰ,
1829 3325 1924 3379 καὶ

334 3431 501 3487 αὑτοῦ
534 3429 736 3494 τελεία,
768 3429 844 3492 ὡς
890 3426 1000 3480 τῶν
1037 3426 1212 3481 ἄλλων
1242 3423 1551 3494 λεγομένοιν
1601 3419 1696 3473 καὶ
1731 3419 1804 3490 μὴ
1832 3418 1924 3470 οὑο

339 3525 468 3587 σῶν,
505 3522 675 3593 αὐτῆς
701 3521 758 3574 δὲ
803 3520 983 3591 διττῆς
1016 3517 1445 3589 ὀνομαζομένης.
1496 3512 1619 3565 Ἐπὶ
1665 3510 1773 3582 γὰρ
1801 3512 1922 3574 ταῖς

335 3616 523 3678 ἄλλαις
549 3615 649 3668 οὑκ
679 3609 866 3667 εἶπεν·
928 3609 1290 3681 Ὀγδοήκοντά
1323 3610 1428 3661 εἰσι
1458 3605 1730 3660 παλλακαί
1758 3620 1878 3674 μου
1906 3617 1919 3632 ·

334 3699 474 3761 ἀλλὰ
513 3710 635 3769 ταῖς
682 3706 782 3776 μὲν
809 3703 1148 3775 βασιλίσσαις
1189 3700 1276 3754 διὰ
1326 3700 1427 3770 τῆς
1474 3698 1686 3765 ἐνδόξου
1722 3699 1921 3766 ὀνομα-

339 3801 459 3863 σίας
507 3799 606 3869 τὴν
654 3800 950 3866 συνάφειαν
991 3796 1090 3866 τῆς
1149 3793 1313 3864 τιμῆς
1362 3793 1690 3860 ἀπένειμεν·
1738 3789 1833 3840 ἐπὶ
1863 3787 1920 3841 δὲ

334 3894 455 3954 ταῖς
485 3889 788 3952 παλλακαῖς
821 3889 882 3941 τὸ
915 3887 1195 3956 ἀλλότριον
1225 3884 1409 3938 τέλεον
1446 3883 1788 3953 ἀπεφήνατο.
1821 3875 1920 3932 ’Ὧν

337 3983 462 4046 τοὺς
512 3981 781 4052 ἀριθμοὺς
811 3980 924 4051 (26)
978 3982 1058 4042 εἰς
1107 3978 1279 4048 ὄνομα
1329 3975 1718 4046 λαμϐάνοντες,
1780 3972 1922 4026 κατά

333 4074 434 4143 τὴν
481 4073 770 4143 ἀναγωγὴν
822 4072 922 4142 τῆς
979 4069 1210 4141 θεωρίας
1264 4064 1677 4138 ἐπεργάσασθαι
1731 4066 1790 4117 ἐν
1842 4063 1920 4134 τῷ

335 4167 487 4236 τόπῳ
539 4163 982 4234 ἀναγκαζόμεθα,
1042 4153 1133 4216 διὰ
1174 4161 1236 4214 τὺ
1287 4160 1361 4232 μὴ
1417 4156 1799 4229 ὑπερϐαίνειν,
1838 4156 1920 4209 ὅτι

334 4243 818 4330 ψυχρολογοῦντες,
877 4256 991 4309 ἀλλ’
1046 4257 1106 4308 ὲν
1163 4254 1390 4324 ἀληθείᾳ
1437 4251 1632 4320 λόγους
1673 4249 1762 4303 διὰ
1809 4247 1920 4302 τῶν

336 4351 606 4422 ἀληθινῶν
637 4351 676 4404 Γ
684 4349 869 4421 ραφῶν
892 4351 1010 4411 ταῖς
1044 4347 1323 4418 ἀληθιναῖς
1356 4344 1610 4416 θεωρίαις
1636 4339 1920 4409 ἀντεξετά-

335 4442 542 4507 ζοντες.
583 4443 704 4496 ’Ότι
753 4443 853 4512 μὲν
902 4441 1012 4512 γὰρ
1045 4440 1140 4492 καὶ
1185 4441 1214 4492 ό
1254 4436 1486 4510 ἀριθμὸς
1534 4434 1918 4507 γεγραμμένος

2018 1952 2268 2007 veritatis
2294 1953 2558 2008 studiosis
2584 1968 2650 2008 ex
2681 1964 2834 2023 parte
2863 1954 3026 2009 liceat
3057 1955 3345 2025 attingere,
3375 1961 3599 2010 ostensa

2019 2044 2218 2099 iisdem
2256 2045 2475 2100 interim
2522 2047 2906 2116 promissaque
2950 2047 3169 2101 illorum
3203 2048 3444 2118 perfecta
3474 2062 3600 2118 pos-

2019 2139 2288 2203 sessione,
2325 2154 2491 2210 quam
2516 2141 2573 2194 in
2602 2140 2816 2198 caelesti
2854 2155 3026 2211 regno
3060 2142 3306 2212 ipsorum
3335 2141 3599 2196 Dominus

2020 2232 2321 2299 exhibebit,
2375 2233 2469 2288 ubi
2519 2243 2710 2289 saneta
2775 2234 2869 2287 illa
2926 2235 3081 2304 virgo
3127 2242 3183 2288 et
3237 2234 3411 2290 hteres
3472 2248 3596 2288 cum

2024 2323 2238 2396 Sponso
2263 2341 2366 2380 suo
2400 2324 2775 2380 hmreditatem
2811 2337 2875 2379 ac
2912 2328 3302 2394 patrimonium
3335 2327 3599 2384 obtinuit.

2091 2413 2179 2468 lll.
2221 2413 2500 2485 Principio
2534 2413 2827 2470 tenendum
2879 2415 3007 2468 illud
3048 2423 3172 2469 est:
3204 2413 3598 2471 Moderaturcm

2021 2507 2267 2561 omnium
2301 2504 2470 2560 Deum
2500 2505 2569 2559 ad
2598 2521 2700 2562 nos
2727 2507 3003 2577 pertinere
3031 2509 3268 2578 proprie,
3305 2509 3396 2577 qui
3426 2523 3457 2562 e
3483 2523 3603 2562 san-

2022 2609 2110 2653 cta
2150 2599 2243 2652 illa
2291 2613 2482 2652 sumus
2528 2597 2774 2653 Ecclesia
2807 2599 2994 2669 geniti.
3029 2597 3154 2654 Haec
3189 2608 3274 2654 est
3312 2601 3456 2654 enim
3485 2615 3604 2656 om-

2023 2691 2173 2744 nium
2219 2691 2272 2744 in
2313 2690 2573 2744 tradenda
2600 2691 2832 2746 veritate
2875 2691 3048 2760 prima
3085 2690 3505 2756 demonstratio,
3548 2701 3604 2747 et

2025 2784 2200 2838 unicae
2231 2783 2460 2853 virginis
2493 2783 2640 2838 illius
2681 2798 2746 2838 ac
2794 2785 3162 2840 sanctissimae
3201 2793 3256 2840 et
3291 2787 3601 2842 innocentis

2023 2876 2294 2932 columbae
2323 2875 2448 2930 ﬁdei
2477 2877 2903 2941 ﬁrmamentum,
2946 2877 3012 2932 de
3037 2892 3145 2948 qua
3178 2876 3446 2933 Dominus
3474 2892 3602 2934 san-

2023 2967 2100 3022 cti
2136 2965 2376 3038 Spiritus
2402 2967 2583 3022 amatu
2619 2983 2718 3037 per
2743 2968 3089 3024 Salomonem
3122 2969 3237 3025 hate
3270 2972 3326 3024 in
3355 2970 3605 3025 Cantico-

2028 3075 2150 3114 rum
2187 3059 2403 3114 cantico
2428 3059 2756 3130 signiﬁcavit
2787 3078 2801 3114 :
2838 3059 3128 3131 Sexaginta
3156 3071 3279 3115 sunt
3307 3063 3521 3130 regium,
3551 3073 3601 3116 et

2025 3151 2294 3220 octoginta
2332 3152 2659 3218 concubinae,
2703 3162 2752 3206 et
2787 3152 3193 3208 adolescentulo:
3239 3171 3464 3224 quarum
3496 3172 3600 3210 non

2022 3252 2103 3297 cst
2146 3259 2435 3308 numerus;
2462 3261 2570 3297 una
2603 3254 2680 3298 cst
2711 3247 2957 3300 columba
2990 3263 3126 3307 mea.
3168 3248 3397 3316 perfecta
3430 3249 3597 3303 mca‘.

2027 3330 2130 3387 Ubi
2157 3332 2244 3388 bis
2272 3333 2366 3387 illa
2396 3335 2629 3404 repetita
2660 3336 2950 3402 vocabula,
2982 3353 3122 3404 mea,
3145 3346 3220 3404 et,
3254 3355 3391 3392 mea.
3424 3338 3600 3410 Hujus

2023 3425 2168 3479 enim
2207 3424 2486 3490 columba,
2533 3425 2701 3496 hujus
2734 3437 2819 3482 est
2864 3429 2956 3481 illa
2997 3429 3262 3499 perfecta,
3295 3439 3356 3485 ut
3395 3441 3605 3487 cauerat

2024 3517 2365 3586 appellentur
2408 3518 2484 3572 ita
2531 3519 2774 3588 quidem.
2812 3521 3036 3576 minime
3075 3530 3256 3577 tamen
3305 3525 3437 3588 sint,
3485 3525 3602 3595 ipsa

2026 3625 2154 3663 vero
2183 3626 2249 3665 eo
2283 3611 2504 3665 nomine
2532 3611 2822 3680 dupliciter
2849 3613 3108 3682 insignita
3150 3616 3238 3668 sit.
3266 3615 3445 3682 Quare
3475 3633 3600 3671 cum

2023 3699 2090 3753 de
2149 3699 2273 3754 aliis
2333 3701 2652 3769 loqueretur
2714 3716 2824 3756 non
2884 3703 3070 3758 dixit:
3119 3702 3413 3777 Octoginta
3473 3717 3603 3764 sunt

2024 3788 2344 3844 concubinae
2383 3804 2548 3854 metu;
2596 3806 2785 3845 verum
2828 3792 3037 3863 reginis
3068 3794 3268 3849 eximia
3300 3797 3392 3850 illa
3424 3799 3605 3867 appel-

2025 3879 2228 3935 latione
2285 3879 2596 3950 proximum
2647 3881 2942 3951 quemdam
3003 3884 3266 3940 honorem
3317 3889 3602 3955 attribuit;

2024 3973 2363 4028 concubinas
2412 3988 2542 4028 vero
2591 3989 2820 4044 prorsus
2875 3976 3084 4032 alienas
3129 3992 3255 4033 esse
3289 3981 3600 4038 declaravit.

2023 4065 2322 4119 Amborum
2348 4079 2514 4134 porro
2546 4081 2836 4122 numerqu
2883 4083 3006 4122 cum
3054 4071 3374 4125 nominatim
3404 4073 3603 4130 haben-

2023 4171 2147 4214 mus
2171 4172 2516 4226 expressum,
2553 4158 3015 4230 contemplatione
3045 4169 3234 4214 nostra
3260 4163 3507 4218 altiorem
3537 4167 3602 4220 ad

2023 4265 2248 4305 sensum
2289 4259 2496 4310 evecta,
2547 4251 2800 4306 nonnihil
2853 4252 3098 4322 expolire
3151 4254 3300 4311 istud
3350 4255 3455 4311 hoc
3484 4257 3606 4313 loco

2021 4344 2296 4414 cogimur,
2329 4352 2482 4399 utne
2509 4354 2768 4414 tanquam
2795 4344 3054 4416 frigidum
3086 4346 3443 4418 ineptumque
3467 4366 3605 4420 pra:-

2026 4445 2331 4502 tereamus;
2363 4437 2460 4492 sed
2490 4453 2614 4507 quae
2643 4437 2925 4502 dicuntur,
2961 4455 3025 4492 ex
3056 4441 3134 4495 rei
3163 4443 3394 4498 veritate
3422 4459 3486 4498 ac
3517 4461 3605 4499 vc-

334 4537 688 4608 dmpo’z-‘z’aré;
727 4537 876 4589 ἐστιν
919 4533 1157 4603 ἑκάστης
1183 4531 1513 4592 ὑποθέσεως,
1546 4529 1641 4582 καὶ
1677 4526 1800 4584 οὗτε
1827 4525 1919 4579 δύ-

2024 4544 2208 4585 rerum
2253 4529 2579 4585 auctoritate
2626 4527 3056 4600 Scripturarum,
3106 4547 3234 4587 vera
3269 4535 3438 4588 animi
3475 4551 3607 4590 con-

335 4645 491 4683 ναται
523 4630 584 4682 τὺ
614 4631 670 4682 ὲν
698 4627 918 4700 ἀριθμῷ
956 4625 1428 4696 κατατεταγμένον
1452 4623 1618 4676 ’έωλόν
1662 4639 1712 4675 τι
1753 4617 1913 4685 εῖναι,

332 4721 455 4776 οὔτε
494 4724 574 4786 εἰς
605 4724 882 4794 ἀργὸτητα
907 4724 964 4774 ἐν
1001 4724 1066 4791 τῇ
1114 4722 1300 4790 Γραςῇ
1345 4715 1779 4789 ἐπιμετρεῑσθαι.
1813 4715 1916 4766 Βα-

336 4817 572 4870 σίλισσαι
609 4817 667 4869 δέ
693 4819 828 4870 είσιν
877 4819 932 4870 αἱ
988 4817 1086 4888 ἤδη
1145 4814 1406 4885 πρότερον
1451 4813 1529 4874 είς
1567 4809 1916 4878 γενεαλογίαν

332 4910 717 4981 ὠνομασμέναι
759 4909 961 4980 ψυχαί*
1028 4910 1104 4972 ὡς
1158 4909 1267 4979 γὰρ
1331 4906 1541 4976 βασιλεῖ
1593 4904 1915 4957 συνέπονται

333 5004 514 5075 πλήθη
540 5003 728 5066 πολλὰ,
758 5003 850 5055 τοῦ
882 5003 937 5056 δὲ
970 5001 1233 5072 βασιλέως
1251 4999 1493 5070 κεφαλῆς
1520 4997 1706 5068 οὑσης,
1725 4997 1914 5064 ὥσπερ

331 5094 424 5146 ἐπὶ
457 5093 708 5163 σώματος
743 5093 951 5148 πολλῶν
1004 5091 1182 5162 μελῶν
1221 5091 1410 5156 ὄντων,
1461 5090 1569 5144 ἀπὸ
1612 5090 1713 5159 τῆς
1747 5105 1915 5157 κεφα-

329 5185 429 5255 λῆς
468 5185 497 5236 ὀ
525 5179 606 5247 εἷς
635 5183 915 5256 ἄνθρωπος
949 5183 1383 5255 ἀριθμηθήσεται
1404 5199 1416 5211 ·
1462 5181 1635 5244 οὕτως
1679 5181 1788 5234 ἀπὸ
1817 5181 1911 5233 τοῦ

424 5389 442 5419 ¹
468 5386 614 5444 Psal.
645 5403 791 5450 λων,
835 5387 922 5441 Η.
1069 5389 1087 5418 ²
1119 5387 1280 5440 Cant.
1315 5403 1348 5452 t,

402 5591 515 5663 (26)
541 5587 655 5646 τΩν
688 5591 830 5655 τοὺς
858 5591 1162 5660 ἀριθμούς.
1213 5591 1468 5663 Petavius
1513 5591 1751 5646 reddidit
1795 5610 1910 5647 am-

329 5661 514 5714 borum
563 5676 880 5721 numerum;
913 5663 1241 5716 Thomasius
1287 5662 1582 5727 amborum,
1621 5671 1715 5716 aut
1761 5665 1906 5733 quod

330 5735 402 5783 ita
443 5733 532 5785 ille
573 5734 879 5802 scripserit.
916 5741 1012 5787 aut
1038 5734 1186 5801 quod
1238 5734 1612 5802 typograplius
1647 5738 1902 5788 mendum

329 5805 682 5858 commiserit.
720 5803 980 5856 Neutrum
1014 5805 1182 5872 probo
1207 5821 1218 5856 :
1247 5803 1398 5856 ambo
1426 5804 1571 5859 enim
1600 5805 1664 5860 de
1692 5805 1906 5860 duobus

693 5923 959 5984 Parnm.
994 5925 1108 5984 Gtt.
1148 5925 1339 5986 XLII.

2025 4624 2382 4693 templatione
2418 4623 2844 4692 perpendamus.
2897 4621 3111 4677 Etenim
3149 4624 3467 4696 ubicunque
3505 4644 3607 4682 nu.

2025 4733 2210 4772 merus
2253 4718 2584 4787 concipitur,
2633 4719 2934 4773 oscitanter
2971 4720 3314 4788 praetermitti
3366 4735 3473 4775 non
3509 4720 3606 4775 dev

2025 4809 2114 4863 bet
2134 4827 2150 4872 ;
2165 4823 2345 4879 neque
2361 4810 2505 4878 quod
2523 4810 2595 4863 ita
2611 4810 3112 4879 comprehenditur,
3131 4826 3328 4866 vanum
3341 4813 3599 4883 quiddam

2024 4909 2078 4955 et
2117 4905 2280 4956 inane
2316 4902 2529 4966 videri,
2577 4910 2672 4955 aut
2725 4903 2963 4958 otiosum
3009 4905 3334 4960 existimari.
3385 4904 3604 4979 Regium

2026 5009 2190 5062 porro
2224 5004 2375 5059 sunt,
2416 5009 2537 5064 quae
2563 4996 2674 5064 jam
2706 5003 2866 5049 antea
2902 4995 3090 5066 stirpis
3127 4999 3180 5050 in
3231 4998 3373 5052 serie
3412 5014 3603 5054 nume—

2023 5097 2156 5142 rata:
2197 5099 2327 5144 sunt
2372 5091 2596 5155 animae;
2637 5098 2697 5142 ut
2725 5089 2869 5144 enim
2905 5105 3087 5161 regem
3136 5090 3424 5146 innumera
3466 5095 3605 5146 mul-

2023 5181 2200 5236 titudo
2239 5181 2556 5247 comitatur,
2601 5197 2725 5236 cum
2763 5198 2857 5236 rex
2899 5183 3094 5254 capitis
3135 5184 3312 5240 instar
3347 5185 3451 5250 sit;
3484 5201 3608 5256 per.

1511 5387 1530 5417 ³
1558 5386 1705 5440 Psal.
1739 5403 1957 5452 Litium,
1984 5388 2036 5441 5.
2114 5388 2136 5418 δ
2163 5387 2323 5442 Cant.
2360 5404 2434 5453 vt,
2473 5389 2524 5454 7,
2551 5388 2602 5441 8.

2019 5602 2228 5668 tantum
2283 5595 2578 5668 profertur.
2622 5595 3104 5668 Redderemiergo
3139 5599 3321 5668 potius
3355 5613 3600 5668 quarum.

2017 5666 2101 5719 vel
2135 5665 2374 5718 illarum.
2406 5665 2536 5720 Loci
2589 5683 2785 5722 sensus
2831 5665 3078 5736 profecto
3117 5665 3503 5723 declarat‘tam
3533 5669 3600 5722 ad

2016 5737 2233 5860 i‘eginﬁs
2263 5753 2426 5804 quam
2470 5739 2536 5792 ad
2571 5739 2909 5795 concubinas
2962 5754 3147 5796 vocem
3182 5738 3332 5793 illam
3366 5753 3488 5795 esse
3516 5755 3602 5794 re-

2038 5821 2320 5860 orenam.

2038 5821 2293 5861 crenuum
2305 5845 2320 5861 .

3249 5931 3328 5994 25
