4118 6402
523 440 624 496 779

1919 443 1988 502 ‘S.
2031 443 2373 502 EPIPIIAND

3663 455 3811 515 ’τεο

520 559 646 614 inde
683 569 848 631 atque
899 559 957 616 in
1017 576 1268 632 corpore,
1319 577 1443 616 cum
1501 565 1655 634 plura
1693 565 1934 619 membra
1987 567 2115 627 sint,

2230 566 2347 629 ἑνὸς
2392 563 2653 634 βασιλέως
2695 564 2754 618 τὸ
2785 567 2896 618 ’πᾶν
2925 564 3149 636 πλῆθος,
3203 568 3264 621 τὸ
3312 567 3538 622 ὑπὸ-τὸν
3572 567 3802 640 βασιλέα

519 653 697 722 capite
723 654 846 722 ipso
883 655 1101 708 censeri
1125 671 1270 710 unus
1304 655 1464 708 homo
1490 658 1878 728 numerarique
1905 659 2113 728 1081

523 747 664 800 solet
697 764 710 800 :
750 746 830 799 sic
875 747 944 799 ab
984 762 1095 800 uno
1131 763 1257 817 rege
1299 747 1595 802 multitudo
1637 750 1818 804 omnis
1871 751 2117 820 subjecta

521 839 661 910 regi,
694 839 762 892 ad
787 839 1046 894 eumdem
1085 839 1237 894 illum
1268 839 1558 895 referetur.

595 931 686 986 IV.
741 933 1106 998 Quamobrem
1169 933 1371 1002 regina:
1437 935 1660 987 nomine
1719 933 2002 1003 generatio
2058 934 2113 987 in

523 1026 748 1081 Christo
792 1028 1130 1089 continetur,
1178 1041 1286 1079 non
1319 1025 1464 1095 quod
1497 1025 1678 1080 omnis
1713 1027 1996 1095 generatio
2040 1041 2116 1079 re-

524 1119 791 1186 gnaverit,
847 1117 942 1171 sed
987 1116 1133 1186 quod
1183 1131 1290 1170 una
1343 1116 1612 1170 duntaxat
1664 1117 1884 1170 Domini
1932 1121 2117 1188 cogni-

523 1211 675 1264 tione
729 1210 977 1278 przedita,
1011 1225 1076 1264 ex
1124 1211 1231 1263 viri
1287 1209 1453 1263 unius
1494 1210 1863 1279 appellatione
1909 1211 2113 1280 regiam

525 1301 849 1370 dignitatem
919 1302 990 1357 sit
1053 1301 1412 1371 ordinemque
1475 1311 1832 1357 consecuta:
1882 1302 2114 1371 exempli

527 1395 723 1463 gratia,
755 1393 998 1447 Adamus
1025 1407 1151 1444 eum
1184 1400 1296 1446 tota
1325 1393 1604 1461 progenie,
1629 1394 1818 1462 regina
1845 1407 1952 1446 una
1986 1408 2116 1445 cen-

529 1484 772 1550 sebitur;
827 1484 1084 1553 illiusque
1126 1483 1472 1552 principatus
1511 1493 1565 1538 et
1599 1484 1666 1537 ab
1709 1499 1774 1538 eo
1818 1484 2111 1538 deductum

526 1577 714 1646 stirpis
758 1575 995 1639 initium,
1038 1590 1204 1643 penes
1246 1589 1387 1643 quos
1423 1575 1570 1643 regia
1603 1574 1843 1645 dignitas
1882 1576 2111 1633 exstitit.

525 1686 648 1724 cum
679 1670 745 1725 iis
772 1671 867 1740 qui
900 1685 1025 1724 cum
1062 1669 1157 1721 illo
1186 1668 1600 1735 conjunguntur
1637 1677 1860 1738 propter
1887 1667 1986 1723 Dei
2021 1685 2113 1721 co-

526 1762 849 1832 gnitionem,
903 1759 1162 1830 quodque
1209 1759 1419 1829 primus
1460 1759 1704 1812 omnium
1756 1774 1784 1812 a
1830 1758 1939 1813 Deo
1985 1759 2112 1829 ﬁngi

527 1855 864 1924 formarique
908 1852 1204 1916 meruerit;
1259 1859 1375 1904 tum
1434 1851 1582 1920 quod
1631 1853 1968 1921 poenitentia:
2008 1854 2114 1922 pri-

2226 659 2303 720 είς
2333 657 2429 710 ἕνα
2457 657 2966 729 ἀναλογισθήσεται.

2289 936 2361 986 A'.
2403 931 2698 986 Βασίλισσα
2729 933 2908 986 τοίνυν
2934 933 2966 1004 ἡ
2994 933 3156 1003 γενεὰ
3186 935 3243 986 ἑν
3266 936 3487 1006 Χριστῷ
3519 936 3800 1008 κέκληται,

2218 1026 2278 1078 οὐ
2330 1026 2429 1095 τῆς
2465 1026 2646 1096 πάσης
2692 1028 2885 1093 γενεᾶς
2920 1025 3340 1096 βασιλευσάσης,
3377 1027 3513 1081 ἀλλὰ
3550 1029 3647 1100 τῆς
3678 1033 3806 1101 μιᾶς

2218 1113 2547 1184 ἑπιγνούσης
2606 1115 2698 1166 τὸν
2747 1114 2952 1185 Κύριον
3006 1116 3071 1168 δι’
3119 1117 3418 1188 ὀνομασίας
3466 1119 3560 1172 τοῦ
3615 1121 3805 1192 ἀνδρὸς

2220 1206 2414 1276 (αἰτία)
2448 1207 2509 1259 τὸ
2543 1205 2820 1276 βασιλικὴν
2848 1207 3066 1278 ἀξίωμα
3108 1209 3200 1261 καὶ
3239 1210 3391 1274 τάξιν
3419 1213 3722 1282 φερομένου
3760 1217 3801 1272 δ,

2219 1296 2294 1360 ὡς
2323 1291 2433 1349 οἷον
2463 1298 2636 1349 εἰπεῖν
2678 1297 2848 1368 Ἀδὰμ
2893 1300 2986 1351 καὶ
3033 1302 3182 1353 πᾶσα
3238 1301 3404 1354 αὐτοῦ
3432 1303 3616 1369 γενεὰ,
3655 1302 3808 1373 βασί·

2216 1388 2375 1440 λισσα
2420 1389 2557 1460 αὑτὴ
2590 1387 3046 1460 ἀριθμηθήσεται,
3081 1391 3114 1462 ἧ
3149 1409 3205 1444 τε
3254 1391 3422 1444 αὐτοῦ
3468 1395 3612 1464 ἀρχὴ
3647 1395 3742 1447 καὶ
3771 1397 3800 1464 ἡ

2217 1481 2554 1552 πατριαρχία
2594 1480 2976 1548 βασιλεύσασαι
3019 1483 3157 1550 μετὰ
3202 1483 3310 1535 τῶν
3355 1486 3470 1554 μετ’
3512 1485 3676 1538 αὑτοῦ
3718 1486 3803 1538 διὰ

2215 1569 2313 1642 τὴν
2346 1572 2482 1642 πρὸς
2512 1571 2603 1624 τὸν
2635 1571 2768 1624 Θεὸν
2798 1572 3018 1640 γνῶσιν,
3064 1575 3155 1626 καὶ
3187 1574 3252 1645 ἥν
3286 1574 3617 1646 κατηξίωται
3651 1577 3802 1645 πρώ-

2214 1680 2315 1732 την
2350 1663 2544 1716 πλάσιν
2594 1663 2934 1732 πλασθῆναι,
2985 1667 3080 1717 καὶ
3131 1666 3206 1729 ὼς
3258 1667 3546 1737 μετάνοιαν
3589 1669 3804 1738 πρῶτος

2214 1753 2534 1819 ἐνεδείξατο,
2567 1755 2642 1819 ὡς
2693 1755 2804 1825 ἔχει
2837 1757 2871 1826 ἡ
2913 1756 3224 1809 ἀκολουθία.
3279 1754 3410 1810 Εἶτα
3443 1759 3580 1828 μετὰ
3616 1760 3802 1814 τοῦτον

2215 1846 2319 1918 Σὴθ
2348 1849 2438 1900 καὶ
2465 1850 2496 1918 ἠ
2526 1851 2674 1901 πᾶσα
2708 1849 2824 1918 μετ’
2866 1848 3030 1901 αὑτοῦ
3057 1850 3432 1921 άνθρωπότης.
3467 1853 3575 1903 Καὶ
3615 1852 3800 1915 Ἐνὼς,

527 1962 651 2002 mus
703 1945 1014 2014 exemplum
1061 1944 1296 2005 dederit,
1340 1951 1400 1997 ut
1447 1960 1510 1997 ex
1550 1944 1670 2013 ejus
1701 1945 1929 1998 historia
1981 1959 2106 1999 con-

2219 1940 2309 1990 xa‘t
2354 1942 2585 2003 Καῖνᾶν,
2616 1942 2710 1993 καὶ
2745 1941 3049 2013 Μαλελεήλ,
3094 1944 3188 1996 καὶ
3230 1944 3420 2015 Ἰάρεδ,
3471 1946 3566 1998 καὶ
3605 1943 3800 2015 Ἑνὼχ,

527 2043 653 2090 stat.
700 2034 834 2089 Post
885 2033 1155 2087 Adamum
1207 2031 1410 2087 Scthus
1471 2041 1525 2085 et
1581 2033 1825 2087 universi
1872 2033 1939 2086 ad
1985 2049 2110 2088 eum

525 2127 752 2196 ascripti
785 2123 1066 2178 mortales.
1089 2123 1220 2177 Item
1259 2121 1426 2186 Enos,
1458 2122 1690 2188 Cainan,
1725 2122 1987 2187 Maleleel,
2018 2122 2112 2177 Ja-

513 2218 660 2282 ’red,
721 2216 942 2280 Enoch,
1007 2213 1346 2274 Mathusala,
1405 2213 1678 2279 Lamech,
1725 2212 1857 2268 Noe.
1906 2213 2109 2269 Horum

526 2312 775 2366 ominum
827 2319 1142 2365 sanctorum
1195 2309 1456 2368 virorum.
1501 2308 1596 2378 qui
1647 2309 1963 2378 singillatim
2016 2324 2113 2379 per

513 2403 910 2475 generationes
932 2407 1310 2465 recensentur,
1331 2415 1677 2470 quorumque
1693 2416 1954 2454 numerus
1969 2402 2110 2471 apud

530 2493 841 2547 Mattlncum
878 2491 1047 2568 initus
1086 2491 1227 2552 est‘,
1257 2504 1286 2542 a
1312 2505 1421 2559 quo
1468 2505 1579 2543 an
1613 2489 2016 2560 generationes,
2049 2505 2113 2544 ac

531 2592 752 2655 patrum
784 2583 1026 2652 origines
1052 2582 1492 2650 praestandorum
1524 2581 1766 2634 virorum
1799 2581 2112 2636 nominibus

529 2690 806 2746 expressae
850 2683 1010 2739 sunt;
1059 2672 1153 2742 qui
1187 2671 1279 2726 Dei
1319 2671 1566 2725 notitiam
1608 2671 1788 2740 adepti
1825 2679 1974 2736 sunt,
2019 2678 2113 2725 aut

530 2767 675 2839 quod
707 2769 761 2822 in
793 2767 973 2836 aliqua
1007 2766 1113 2819 alia
1145 2780 1203 2818 re
1251 2764 1535 2833 insigniter
1571 2773 1735 2834 atque
1763 2765 1962 2819 eximie
1991 2778 2113 2819 sese

532 2869 842 2930 gesserunt,
874 2859 1079 2926 regium
1111 2865 1165 2910 et
1190 2855 1536 2925 splendorem
1564 2863 1618 2908 et
1651 2856 1993 2924 majestatem
2021 2854 2114 2907 oh-

529 2955 817 3008 tinueru-nt
849 2968 862 3002 :
899 2949 1114 3014 horum,
1171 2947 1418 3016 inquam,
1479 2947 1764 3014 catalogus
1811 2945 1879 2998 ad
1941 2960 2114 3014 usque

526 3041 738 3098 Christi
778 3038 993 3092 Domini
1024 3037 1255 3091 natalem
1290 3037 1613 3105 pertexitur.
1646 3033 1782 3088 Nam
1811 3036 1879 3088 ah
1903 3034 2113 3088 Adamo

528 3134 602 3189 ad
639 3132 904 3187 Noemutn
935 3144 1110 3199 usque
1133 3128 1511 3198 generationes
1553 3127 1866 3196 prateriere
1899 3125 2110 3182 decem.

533 3226 782 3283 Totidem
813 3239 842 3278 a
873 3221 1084 3276 Noemo
1114 3221 1179 3274 ad
1214 3219 1625 3286 Abrahamum;
1657 3219 1726 3273 ab
1760 3219 1865 3273 hoc
1897 3217 1965 3272 ad
2009 3219 2114 3273 Da-

2217 2031 2311 2082 καὶ
2347 2030 2700 2097 Μαθουσάλα,
2747 2033 2842 2084 καὶ
2877 2033 3088 2103 Λαμὲχ,
3124 2035 3219 2087 καὶ
3255 2035 3399 2089 Νῶε.
3451 2036 3670 2090 Τούτων
3695 2037 3802 2090 τῶν

2218 2121 2387 2189 ἁγίων
2406 2122 2513 2176 τῶν
2533 2123 2905 2194 καταλογάδην
2933 2127 2989 2177 ἐν
3021 2125 3237 2196 ἀριθμῷ
3268 2127 3409 2179 κατὰ
3436 2127 3632 2195 γενεὰν
3667 2145 3801 2182 κατ-

2218 2212 2644 2282 αριθμηθέντων,
2662 2207 2736 2266 ὦν
2751 2216 2778 2266 ὁ
2802 2214 3034 2284 ἀριθμὸς
3054 2215 3203 2286 παρὰ
3220 2215 3484 2286 Ματθαίῳ
3499 2217 3800 2270 δείκνυται.

2229 2306 2521 2375 Ἐξήκοντα
2565 2304 2670 2376 γὰρ
2714 2305 2924 2358 καὶδύο
2969 2306 3151 2373 γενεαί
3197 2323 3254 2359 τε
3300 2307 3396 2359 καὶ
3446 2307 3803 2378 πατριαρχίαι

2219 2397 2348 2466 παρ’
2377 2396 2524 2466 αὐτῷ
2549 2397 2875 2468 ἑμφέρονται
2900 2397 2988 2450 διὰ
3019 2398 3127 2450 τῶν
3158 2397 3437 2470 ὀνομάτων
3462 2399 3569 2451 τῶν
3597 2399 3801 2451 ἐντελε-

2220 2485 2424 2554 στέρων
2459 2485 2688 2556 ἀνδρῶν,
2726 2487 2862 2557 πρὸς
2909 2487 3002 2539 τὸν
3039 2487 3170 2539 Θεὸν
3209 2489 3306 2558 τὴν
3340 2487 3542 2552 γνῶσιν
3569 2490 3801 2559 ἐσχηκό-

2217 2593 2358 2639 των,
2401 2576 2432 2648 ἤ
2467 2577 2532 2629 δι’
2563 2578 2752 2648 ἑτέραν
2797 2577 2919 2631 τινὰ
2947 2579 3228 2648 ἀριστείαν
3266 2581 3365 2651 τὴν
3404 2580 3688 2652 βασιλικήν
3741 2597 3802 2634 τε

2217 2670 2373 2735 δόξαν
2397 2671 2490 2723 καὶ
2521 2671 2836 2742 ὲμὸρίθειαν
2869 2673 3302 2744 μετεσχηκότων,
3332 2675 3360 2726 ὁ
3385 2673 3683 2741 κατάλογος
3703 2675 3798 2726 τοῦ

2218 2762 2451 2833 ἀριθμοῦ
2503 2764 2799 2834 ἐμφέρεται
2844 2763 2971 2835 ἄχρι
3019 2764 3119 2834 τῆς
3167 2763 3259 2817 τοῦ
3305 2764 3542 2835 Χριστοῦ
3593 2781 3800 2836 παρου-

2221 2853 2361 2914 σίας.
2396 2851 2502 2904 Καὶ
2533 2853 2640 2925 γὰρ
2667 2855 2850 2922 γενεαὶ
2875 2855 3313 2926 παρεληλύθασιν
3340 2857 3446 2909 ἀπὸ
3492 2857 3665 2927 Ἀδὰμ
3698 2857 3803 2920 ἓως

2219 2941 2310 2996 τοῦ
2346 2940 2466 2995 Νῶε
2485 2943 2647 2997 δέκα·
2681 2947 2775 3000 καὶ
2821 2947 2929 3000 ἀπὸ
2977 2946 3071 3000 τοῦ
3105 2948 3225 3000 Νῶε
3257 2949 3384 3020 ἄχρι
3423 2948 3516 3002 τοῦ
3555 2949 3802 3021 Ἀϐραὰμ

2219 3031 2376 3086 ἄλλαι
2403 3032 2554 3085 δέκαο
2585 3034 2693 3086 ἀπὸ
2724 3034 2781 3087 δὲ
2828 3035 2922 3088 τοῦ
2965 3037 3214 3108 Ἀϐραὰμ
3245 3039 3371 3109 ἄχρι
3405 3039 3570 3093 Δαὸὶδ
3617 3043 3801 3110 γενεαὶ

2221 3122 2280 3176 ιδ’
2287 3140 2299 3154 ⁸
2335 3123 2442 3176 ἀπὸ
2482 3124 2539 3177 δὲ
2598 3125 2760 3178 Δαῦἱδ
2800 3127 2903 3190 ἓως
2944 3129 3039 3198 τῆς
3071 3130 3444 3199 αἰχμαλωσίας
3495 3132 3682 3199 γενεαὶ
3721 3132 3798 3184 ιδ’·

2220 3216 2314 3268 καὶ
2333 3214 2440 3268 ἀπὸ
2467 3216 2564 3286 τῆς
2588 3217 2961 3287 αἰχμαλωσίας
2983 3221 3086 3283 ἕως
3109 3221 3200 3273 τοῦ
3236 3222 3469 3292 Χριστοῦ
3497 3225 3681 3292 γενεαὶ
3704 3224 3764 3277 ιδ’
3780 3236 3798 3253 ⁸

531 3320 712 3374 vitlem
744 3333 876 3383 xw;
910 3331 937 3368 a
966 3313 1170 3367 Davide
1197 3313 1266 3367 ad
1315 3312 1683 3382 captivilatem
1721 3328 1844 3378 xw;
1884 3313 2013 3366 hinc
2045 3311 2113 3366 ad

2219 3305 2289 3370 ὼς
2322 3301 2460 3358 εἶναι
2494 3307 2601 3359 ἀπὸ
2639 3307 2733 3360 τοῦ
2762 3308 2931 3380 Ἀδάμ
2965 3310 3092 3380 ἄχρι
3142 3309 3380 3378 Χριστοῦ
3416 3314 3678 3383 ἑξήκοντα
3710 3315 3802 3367 δύο

533 3409 814 3465 Christum
838 3406 1096 3461 similiter
1111 3419 1224 3458 κεν.
1251 3403 1595 3473 Collignntur
1612 3403 1680 3458 ab
1707 3403 1917 3458 Adamo
1941 3419 2114 3474 usque

536 3502 604 3556 ad
631 3500 912 3555 Christum
945 3496 1330 3568 generationes
1360 3511 1494 3556 an.
1531 3511 1653 3565 quae
1683 3496 1966 3550 brevitatis
1999 3510 2118 3564 gra-

533 3594 611 3647 tia
652 3609 717 3646 ιχ
747 3587 1093 3645 solummodo
1140 3597 1530 3651 numerantur;
1568 3603 1691 3641 nam
1733 3595 1788 3639 et
1819 3587 1872 3640 in
1919 3588 2115 3640 solitu-

536 3685 662 3738 dine
691 3699 815 3736 cum
856 3697 1003 3734 Lun
1038 3680 1261 3732 arbores
1288 3679 1589 3746 palmarum
1625 3677 1821 3741 forent,
1861 3694 1966 3731 Lxx
1999 3688 2118 3731 lan-

525 3786 652 3831 ‘tnm
699 3775 995 3843 Scriptura
1044 3771 1367 3826 memoravit
1388 3773 1429 3823 '.
1471 3768 1555 3821 ita
1591 3785 1714 3822 cum
1762 3769 1827 3823 ad
1877 3777 2116 3824 montem

538 3881 641 3919 uix
695 3864 872 3918 vocati
907 3863 1160 3923 fuissent,
1202 3858 1590 3914 accedentibus
1621 3858 1754 3911 Elad
1785 3867 1840 3912 et
1866 3857 2112 3924 Modad',

539 3975 687 4014 Lxxn
725 3964 853 4013 sunt
882 3955 1110 4025 reperti.
1152 3953 1422 4007 Praeterea
1451 3967 1586 4005 cum
1612 3947 1786 4016 LXX,
1826 3949 2116 4004 Ptolemaeo

539 4058 823 4122 regnante,
853 4063 1043 4102 sacros
1063 4045 1269 4099 Libros
1287 4042 1626 4113 interpretati
1650 4045 1778 4100 sint,
1798 4056 1899 4095 nos
1934 4051 2114 4096 tamen

539 4140 849 4211 compendii
907 4139 1080 4210 gratia
1132 4136 1488 4205 Septuaginta
1540 4135 1779 4187 virorum
1823 4133 2116 4186 editionem

541 4235 824 4290 nominare
856 4229 1265 4286 consuevimus.
1297 4227 1388 4280 Sic
1410 4235 1464 4280 et
1493 4241 1557 4279 ιι
1583 4225 1744 4279 modo
1772 4223 1970 4292 regium
1999 4239 2117 4277 mea

539 4325 762 4398 quidem
811 4323 1085 4380 sententia
1137 4325 1580 4374 commemorata:
1622 4325 1782 4375 sunt,
1840 4325 1900 4369 ut
1942 4324 2119 4369 extre-

543 4420 646 4472 mis
679 4416 939 4485 utrinque
972 4413 1205 4468 sublatis
1251 4410 1465 4463 medius
1508 4409 1598 4462 ille
1635 4406 2022 4476 sexagenarius
2043 4406 2118 4460 ad

541 4509 769 4581 ﬁguram
808 4516 861 4561 et
890 4506 1180 4574 imaginem
1213 4501 1430 4571 1082
1463 4514 1528 4552 ac
1560 4497 1854 4568 perfectam
1886 4502 2121 4550 contem-

539 4602 838 4673 plationem
869 4595 1204 4651 evehendam
1239 4599 1557 4662 superesset
1583 4607 1600 4644 :
1633 4590 1778 4651 senis
1805 4588 2004 4657 quippe
2024 4585 2120 4640 de-

532 4691 768 4745 cadihus
815 4703 910 4743 sex
957 4686 1170 4740 dierum
1208 4682 1477 4736 circuitus
1525 4680 1848 4740 absolvitur,
1901 4686 1958 4730 ut
1993 4692 2119 4732 san-

531 4795 751 4837 ctarum
779 4781 1086 4833 animarum
1119 4789 1242 4843 qua:
1279 4789 1345 4828 ex
1377 4772 1482 4826 ﬁde
1528 4771 1583 4825 in
1618 4768 1728 4824 Deo
1754 4777 2002 4838 regnant,
2033 4766 2124 4820 ﬁat

540 4891 607 4930 ex
631 4872 874 4943 qualibet
901 4867 1251 4940 generatione
1275 4862 1612 4933 conjunctio.
1646 4859 1799 4914 Unde
1820 4866 1874 4914 et
1907 4874 2001 4914 sex
2028 4858 2126 4930 hy—

549 5011 560 5022 ,
615 5029 632 5060 ¹
663 5027 851 5085 Matth.
880 5042 922 5088 ι,
960 5023 984 5077 1
1015 5038 1181 5094 sqq.__
1227 5022 1248 5051 ²
1276 5018 1445 5094 Exod.
1489 5034 1577 5094 xv,
1616 5017 1708 5072 2'7.

541 5097 998 5171 ἑρμηνεύσαντες.
1061 5087 1261 5145 ’σἨαξο
1293 5090 1482 5146 leviter
1519 5087 1834 5158 depravata.

608 5255 725 5326 (27)
769 5250 1006 5318 Ἐπειδὴ
1041 5249 1150 5326 γὰρ
1284 5247 1352 5310 ἐξ
1377 5243 1660 5326 δεκάδων.
1693 5243 1768 5299 De
1793 5241 2124 5326 numerise-

541 5314 681 5382 narii
709 5314 1490 5392 'perl‘ectione'agit_V_itruvius
1515 5315 1607 5368 lib.
1644 5330 1724 5379 Ill,
1754 5329 1873 5392 cap.
1907 5315 1957 5368 1.
1978 5314 2120 5366 Idem

543 5386 805 5451 numerus
839 5393 1022 5446 decies
1049 5386 1454 5457 multiplicatus,
1478 5387 1533 5439 in
1562 5401 1630 5457 L7!
1664 5386 1977 5457 reginarum
2004 5399 2119 5457 nu—

542 5483 692 5520 mero
715 5453 1397 5532 comprehemlitur{quod
1445 5453 1870 5532 hocﬁloco'vult
1922 5453 2116 5524 Epiph.

541 5537 648 5591 Sed
680 5524 924 5589 nonnihil
949 5529 1245 5585 desiderari
1272 5524 1508 5581 videtur.
1547 5524 1752 5579 PETAV.

617 5608 728 5674 (‘28)
757 5606 967 5656 Ἔνθεν
989 5603 1098 5670 γὰρ
1122 5599 1191 5674 τὸ
1219 5594 1626 5674 ἐξαγωνιαῖον.
1668 5597 1887 5651 Boetius
1914 5592 2120 5674 lib.__De

541 5665 856 5744 arithfcap.
894 5665 1436 5744 15,'de_hex_agonis_,
1461 5681 1760 5744 eorumque
1805 5665 2118 5744 generatio:

544 5748 704 5800 nibus
743 5735 929 5815 agens,
972 5735 1357 5815 scribit__htin_c_
1400 5737 1453 5788 in
1505 5735 1724 5815 modum
1761 5735 2025 5807 produci,
2069 5735 2113 5790 si

541 5807 801 5871 numeroi
827 5812 1060 5868 naturali
1091 5809 1282 5864 ordine
1302 5807 1642 5878 disposueris
1671 5826 1683 5862 :

1805 5017 1825 5047 ³
1853 5013 2015 5068 Num.
2048 5029 2124 5078 ιι,
2153 5011 2242 5066 27.
2318 5014 2339 5045 ⁸
2370 5012 2502 5085 Reg.
2541 5016 2865 5088 φερομένην.
2897 5016 2958 5071 F.
3003 5019 3326 5089 φερομένης.

2220 3398 2430 3467 γενεὰς,
2459 3398 2662 3462 αἵτινες
2685 3400 2948 3470 ἑξήκοντα
2979 3402 3066 3456 διὰ
3086 3403 3184 3472 τὴν
3217 3405 3510 3474 συντομίαν
3533 3407 3800 3478 ἠρίθμην-

2215 3505 2343 3541 ται·
2392 3493 2483 3542 καὶ
2525 3489 2634 3559 γὰρ
2671 3491 2729 3543 ὲν
2759 3494 2823 3561 τῇ
2859 3493 3050 3564 ἐρήμῳ
3094 3494 3460 3566 ἑϐδομήκοντα
3489 3497 3584 3550 δύο
3618 3499 3802 3551 στελε-

2217 3581 2326 3651 χῶν
2370 3581 2626 3648 φοινικῶν
2671 3584 3059 3653 ὑπαρχόντων,
3113 3587 3482 3659 ἑϐδομήκοντα
3531 3592 3563 3658 ἡ
3612 3591 3802 3661 Γραφὴ

2217 3675 2487 3745 ὠνόμασε,
2528 3677 2621 3728 καὶ
2665 3678 2744 3738 είς
2778 3676 2838 3728 τὸ
2879 3675 3002 3748 ὅρος
3036 3681 3532 3750 προσκεκλημένων
3566 3683 3802 3752 ἑὸδομή-

2217 3781 2400 3827 κοντα,
2441 3765 2811 3835 ἑϐδομήκοντα
2847 3767 2940 3820 δύο
2987 3769 3333 3839 εὑρίσκονται
3381 3773 3477 3824 σὺν
3530 3772 3609 3842 τῷ
3647 3774 3803 3826 Ἐλὰδ

2217 3858 2311 3909 καὶ
2333 3857 2545 3910 Μωδάδ.
2578 3859 2683 3908 Καὶ
2704 3858 3071 3930 ἑϐδομήκοντα
3092 3860 3184 3913 δύο
3208 3863 3683 3933 ἑρμηνεύσαντας⁵
3707 3867 3803 3918 ἐπὶ

2220 3948 2573 4018 Πτολεμαίου,
2611 3949 2698 4002 διὰ
2735 3949 2792 4002 δὲ
2829 3950 2925 4021 τὴν
2977 3952 3269 4019 συντομίαν
3316 3952 3588 4026 εἰώθαμεν
3619 3956 3800 4024 λέγειν

2217 4039 2324 4091 τῶν
2359 4040 2755 4112 Ἐϐδομήκοντα
2787 4042 2884 4113 τὴν
2913 4043 3223 4113 ἑρμηνείαν.
3256 4044 3412 4097 Οὕτω
3442 4047 3536 4099 καὶ
3559 4047 3654 4100 νῦν
3678 4048 3800 4119 ἑξη-

2220 4147 2382 4183 κοντα
2405 4130 2734 4200 βασίλισσαι,
2754 4129 2926 4203 οἶμαι,
2942 4135 3207 4205 εἴρηνται,
3221 4134 3434 4207 ὲξαιρου
3443 4138 3604 4208 μένου
3630 4139 3724 4192 τοῦ
3740 4157 3798 4191 τε

2218 4218 2422 4273 ἄνωθεν
2440 4220 2672 4291 ἀριθμοῦ
2709 4224 2801 4275 καὶ
2829 4222 2922 4275 τοῦ
2967 4223 3229 4289 κάτωθεν,
3255 4225 3342 4279 διὰ
3373 4227 3433 4279 τὸ
3474 4227 3801 4298 μεσαίτατον

2218 4310 2328 4364 τῶν
2358 4311 2621 4382 ἑξήκοντα
2639 4313 2774 4384 πρὸς
2803 4314 3007 4378 τύπους
3034 4317 3126 4368 καὶ
3147 4317 3433 4388 ἀναγωγὴν
3466 4321 3564 4389 τῆς
3592 4320 3801 4382 τελείας

2221 4399 2472 4472 Θεωρίας.
2511 4403 2726 4474 Ἐπειδὴ
2749 4404 2857 4474 γὰρ
2874 4405 2940 4458 δι’
2967 4405 3027 4471 ἓξ
3043 4406 3279 4462 δεκάδων
3301 4409 3412 4476 (27)
3435 4413 3534 4482 τὴν
3559 4413 3656 4484 τῆς
3676 4414 3801 4479 ἑξλ-

2221 4492 2429 4562 ημέρου
2461 4492 2800 4564 πληροῦσθαι
2833 4496 3079 4567 περίοδον
3111 4499 3396 4569 συμϐαίνει
3424 4501 3444 4532 ⁶
3484 4505 3562 4566 εἰς
3593 4504 3655 4556 τὸ
3679 4522 3801 4559 συν-

2222 4582 2489 4636 άπτεσθαι
2533 4585 2643 4638 ἀπὸ
2675 4586 2912 4656 ἑκάστης
2942 4591 3133 4656 γενεᾶς
3177 4589 3340 4644 ὁσίων
3371 4591 3556 4663 ψυχῶν
3597 4597 3655 4649 ἑν
3683 4596 3802 4662 Θεῷ

2228 4675 2624 4746 βασιλευουσῶν
2672 4678 2813 4731 κατὰ
2857 4680 2955 4749 τὴν
2994 4680 3198 4734 πίστιν.
3262 4682 3450 4736 Ἔνθεν
3480 4683 3589 4756 γὰρ
3623 4687 3716 4740 καὶ
3743 4687 3803 4753 ἒξ

2229 4766 2404 4838 ὑδρίαι
2435 4768 2781 4839 εὑρίσκονται
2805 4771 2918 4841 (28)
2955 4773 3012 4825 ἐν
3054 4774 3207 4843 Κανᾷ
3235 4774 3334 4844 τῆς
3361 4776 3649 4842 Γαλιλαίας
3676 4778 3805 4831 λίθι-

2231 4876 2349 4926 ναι,
2391 4860 2592 4924 αἵτινες
2623 4861 2874 4930 λείψασαι
2905 4862 3066 4916 πάλιν
3091 4864 3440 4936 ἐπληροῦντο,
3485 4869 3802 4939 χωρήσασαι

3405 5020 3426 5052 ⁵
3454 5019 3532 5075 Ita
3562 5021 3695 5093 Reg.
3729 5020 3790 5076 Ρ.

2433 5237 3588 5303 125456789

2225 5308 2361 5386 Tum
2387 5309 2702 5364 intermissis
2735 5309 2900 5362 tribus
2930 5326 3016 5364 eos
3043 5314 3351 5386 conjungas,
3379 5315 3470 5384 qui
3501 5333 3556 5368 se
3583 5330 3803 5386 quater-

2223 5382 2375 5454 narie
2410 5388 2682 5454 transeury
2712 5395 2730 5432 :
2769 5389 2997 5454 et-erunt
3025 5383 3233 5454 quidem
3265 5382 3446 5454 eorum
3488 5382 3718 5454 radices,
3751 5404 3800 5444 et

2219 5449 2592 5515 fundamenta.
2623 5448 2706 5502 Ea:
2744 5450 2934 5518 quibus
2953 5448 3158 5519 junctis
3200 5467 3376 5506 omnes
3408 5453 3670 5527 Itexagoni
3699 5448 3802 5515 nc.-

2223 5530 2445 5573 scuntur

2430 5581 3264 5649 459151731

2215 5667 2266 5714 et
2314 5659 2383 5712 ad
2415 5658 2655 5713 eumdem
2705 5658 2942 5712 ordinem
2984 5671 3395 5729 consequentes:
3438 5671 3592 5726 atque
3620 5665 3687 5721 ab
3713 5667 3804 5726 hic

2215 5733 2627 5801 sexangulorum
2663 5729 2849 5800 forma:
2875 5741 3186 5801 nascuntur.

2431 5800 3165 5855 615984566

3401 5873 3604 5933 PI-znv.
