4118 6402
398 360 491 416 781

975 356 1347 414 ADVERSUS
1380 355 1723 413 HERESES
1760 355 1891 413 LIB.
1934 354 2205 411 HLTOM.
2245 354 2312 410 ll.
2357 384 2426 394 —
2460 310 2828 412 EXPOSlTIO
2868 353 3073 411 FIDEI.

3570 351 3673 408 78!

393 481 452 532 ὲν
498 479 690 544 αύταίς
732 480 836 533 ἀνὰ
870 480 1145 551 μετρητὰς
1182 480 1275 533 δύο
1303 479 1336 550 ἢ
1372 481 1521 550 τρεῖς
1546 494 1560 508 ’
1607 479 1734 550 περὶ
1767 478 1859 531 τοῦ
1884 476 1980 548 μέ-

2084 477 2218 533 driac
2250 476 2412 532 Canae
2436 477 2492 531 in
2530 474 2755 532 Galilaea
2783 477 3009 548 lapidea:
3038 474 3209 532 fuisse
3235 473 3515 539 dicuntur,
3552 487 3676 543 qua

392 587 523 641 τρου
552 570 651 641 τῆς
674 570 919 634 Παλαιᾶς
935 572 1030 625 καὶ
1056 571 1200 635 Νέας
1220 570 1494 642 Διαθήκης
1516 571 1611 624 καὶ
1634 569 1863 642 Τριάδος
1884 567 1979 621 τοῦ

392 661 782 734 πληρώματος.
818 663 1030 727 Αἴτινες
1054 664 1162 717 ἀπὸ
1201 663 1293 716 τοῦ
1330 662 1523 726 ὓδατος
1540 664 1620 725 εἰς
1646 657 1788 715 οἶνον
1811 662 1981 731 ἄκρα-

392 770 483 808 τον
519 752 976 826 μεταϐέϐληνται,
1021 754 1395 827 πληρωθεῖσαι
1431 756 1513 817 εἰς
1549 753 1849 825 εὐφρασίαν
1876 752 1980 821 γάρ

397 864 541 917 μων,
591 847 687 901 καὶ
732 846 864 899 υίῶν
893 847 1001 900 τῶν
1032 845 1353 919 ἀνθρώπων.
1404 844 1596 899 Ἔνθεν
1633 844 1743 915 γὰρ
1765 843 1827 896 τὸ
1859 842 1980 909 ἐξα-

392 941 649 1006 γωνιαῖον
665 938 909 993 καλεῖται
932 939 1083 1010 παρὰ
1098 941 1210 1002 τοῖς
1228 937 1426 1005 ἔξωθεν
1443 937 1642 1006 λόγοις,
1654 936 1745 989 διὰ
1763 934 1981 1007 τριάδος

394 1031 488 1083 καὶ
504 1030 795 1100 ἑϐδομάδος
822 1033 901 1095 εἰς
922 1029 1192 1084 εἰκοσιένα
1214 1028 1446 1100 ἀριθμὸν
1470 1026 1785 1098 γεωμετρού
1795 1043 1976 1098 μενον,

393 1116 454 1175 οὗ
487 1120 839 1191 ὲξαγωνιαίου
872 1122 1117 1194 σημασία
1144 1123 1260 1175 ἐστὶ
1284 1119 1618 1193 πληρώσεως
1648 1119 1742 1173 τοῦ
1778 1117 1981 1181 παντὸς

394 1215 672 1286 ὁρωμένου
712 1214 929 1279 κύτους,
967 1214 1057 1268 διὰ
1088 1213 1150 1267 τὸ
1180 1214 1419 1285 τετραχῆ
1447 1212 1591 1282 ἔχειν
1615 1210 1759 1282 (29),
1805 1210 1881 1274 ὡς
1904 1210 1980 1261 εί-

394 1310 537 1368 πεῖν,
566 1307 626 1361 τὸ
661 1305 1045 1378 τετραγὼνιον,
1075 1304 1392 1377 ὑποϐάθραν
1433 1321 1493 1357 τε
1552 1304 1647 1358 καὶ
1697 1302 1798 1373 τὴν
1840 1300 1981 1355 ἄνω-

394 1399 485 1452 θεν
525 1398 626 1470 τῆς
656 1399 980 1472 ὀροφώσεως
1007 1398 1236 1470 σκέπην,
1264 1398 1423 1451 ἓκτον
1451 1396 1682 1470 ἀριθμὸν
1712 1393 1906 1449 τελεῖν.

2085 583 2210 622 cum
2253 576 2437 623 essent
2482 568 2783 636 exhaustae,
2836 585 3032 625 rursus
3075 567 3395 639 implentur,
3443 564 3674 637 singulas

2088 666 2347 715 metretas
2397 660 2536 716 duas
2583 672 2763 718 tresve
2812 660 3296 732 capientes‘:qui
3350 658 3549 715 modus
3602 658 3671 713 ad

2086 746 2259 804 Vetus
2296 747 2622 820 Novumque
2658 749 3073 807 Testamentum
3104 759 3159 807 et
3189 749 3478 806 Trinitatis
3518 765 3673 805 com-

2085 838 2420 908 plementum
2452 840 2705 896 refertur.
2753 840 2965 898 Eaedem
2999 858 3163 914 porro
3196 841 3402 914 hydria:
3433 859 3499 898 ex
3527 857 3668 913 aqua

2085 931 2141 984 in
2186 945 2397 984 merum
2431 932 2613 986 vinum
2663 949 2941 990 conversae
2988 946 3136 1001 sunt,
3179 951 3304 990 cum
3347 935 3414 989 ad
3453 938 3673 1006 nuptia-

2085 1039 2205 1077 rum
2238 1024 2569 1079 hilaritatem
2594 1035 2647 1081 et
2671 1025 2905 1082 ﬁliorum
2940 1027 3222 1082 hominum
3247 1028 3670 1083 oblectationem

2082 1116 2319 1185 impleta
2361 1115 2615 1175 fuissent.
2661 1119 2804 1175 Hinc
2842 1121 3009 1175 etiam
3049 1123 3346 1192 sexangula
3382 1138 3413 1176 a
3458 1123 3670 1177 mathe-

2085 1205 2302 1260 maticis
2346 1204 2516 1277 ﬁgura
2556 1210 2892 1276 nominatur,
2938 1227 3060 1282 qua:
3090 1228 3186 1283 pcr
3237 1215 3539 1268 ternarium
3591 1230 3671 1269 se-

2083 1298 2504 1370 ptenariumque
2543 1299 2611 1355 ad
2645 1319 2733 1356 xxx
2770 1305 3101 1374 geometrica
3150 1306 3524 1362 modulatione
3555 1322 3672 1376 per-

2089 1389 2350 1445 ducitur:
2383 1408 2491 1462 qua
2521 1394 2741 1463 quidem
2775 1396 3094 1468 hex‘agonus
3137 1398 3308 1455 totius
3341 1400 3673 1455 universita-

395 1491 467 1545 tis
501 1491 777 1562 implelam
819 1490 1126 1544 vastitatem
1169 1488 1478 1560 signiﬁcat;
1528 1502 1655 1542 nam
1700 1485 1790 1555 qui
1844 1484 1901 1537 in
1956 1496 2021 1536 eo
2061 1490 2147 1535 est
2198 1481 2610 1554 quadrangulus
2659 1488 3071 1556 quaternarium
3140 1503 3466 1556 numerum,
3522 1488 3672 1545 basis

397 1601 524 1643 Vero
553 1602 617 1641 ac
647 1586 898 1656 superior
929 1601 1056 1656 pars
1082 1585 1195 1640 sive
1228 1584 1502 1654 fastigium
1534 1583 1811 1640 senarium
1843 1575 2156 1650 perﬁciunt.

461 1680 540 1734 E'.
593 1679 733 1732 Ἀλλ’
764 1679 851 1732 ἵνα
905 1680 979 1751 μὴ
1028 1680 1107 1741 είς
1149 1678 1349 1741 πλάτος
1396 1676 1623 1748 μηκύνω
1671 1674 1761 1728 τὸν
1795 1673 1976 1740 λόγον,

2162 1665 2223 1723 V.
2268 1667 2373 1724 Sed
2400 1686 2469 1725 ne
2497 1671 2712 1742 longior
2745 1674 2869 1739 sim,
2909 1675 3042 1729 satis
3075 1675 3340 1730 hactenus
3366 1674 3433 1729 de
3465 1673 3671 1746 reginis

398 1765 557 1821 πάλιν
593 1765 792 1830 ἱκανῶς
825 1767 967 1838 ἔχειν
997 1767 1201 1837 νομίζω
1231 1768 1358 1839 περὶ
1390 1764 1497 1819 τῶν
1527 1765 1790 1837 ἐξήκοντα
1818 1763 1976 1834 βασι-

2083 1759 2191 1817 illis
2234 1776 2301 1815 1.x
2336 1760 2545 1818 dictum
2592 1764 2868 1833 arbitror,
2919 1767 3024 1822 hoc
3063 1776 3179 1833 est,
3221 1769 3671 1840 generationibus

396 1859 591 1913 λισσῶν
616 1860 720 1923 ’ἐως
754 1860 852 1930 τῆς
893 1859 985 1913 τοῦ
1016 1857 1252 1931 Χριστοῦ
1294 1859 1596 1931 παρουσίας
1632 1857 1834 1927 γενεῶν
1861 1857 1981 1929 ἀρι-

395 1950 707 2023 θμηθεισῶν
749 1951 820 2005 τὰ
868 1953 1153 2023 εἰρημένα.
1212 1952 1369 2006 Μετὰ
1409 1951 1467 2006 δὲ
1499 1952 1590 2005 τὸν
1623 1951 1855 2024 Χριστὸν
1889 1950 1982 2005 καὶ

395 2040 553 2114 δεῦρο
596 2043 981 2114 τυγχανουσῶν
1019 2043 1204 2097 λοιπὸν
1237 2043 1461 2112 γενεῶν,
1502 2042 1683 2108 καθὼς
1720 2042 1868 2113 αὐτῷ
1905 2041 1982 2112 τῷ

395 2137 585 2207 Κυρίῳ
632 2137 778 2207 μόνῳ
823 2135 1107 2204 ἔγνωσται.
1166 2136 1362 2190 Οὐκέτι
1393 2135 1501 2208 γὰρ
1535 2136 1675 2189 κατὰ
1708 2135 1901 2205 γενεὰν
1931 2136 1980 2188 οἱ

395 2227 618 2298 ἀριθμοὶ
651 2228 801 2300 παρά
851 2245 992 2281 τισιν
1042 2227 1417 2300 ἀνηνέχθησαν
1456 2228 1489 2300 ἢ
1539 2227 1978 2299 κατετάχθησαν,

393 2320 477 2375 διὰ
503 2321 563 2375 τὺ
588 2319 1027 2394 ὑποσφραγίσθαι
1063 2319 1175 2392 (50)
1202 2320 1293 2375 τὸν
1319 2321 1548 2392 ἀριθμὸν
1592 2322 1688 2394 τῆς
1725 2321 1982 2394 τοιαύτης

392 2417 703 2482 ὑποθέσεως
737 2419 831 2471 καὶ
853 2417 1278 2472 ἀποκεκλεῖσθαι
1298 2417 1388 2471 διὰ
1412 2418 1504 2471 τοῦ
1527 2417 1637 2472 τῶν
1654 2417 1981 2488 βασιλισσῶν

393 2506 626 2580 ἀριθμοῦ
649 2508 755 2572 ἓως
784 2507 948 2562 αὐτοῦ
982 2510 1080 2579 τῆς
1110 2508 1376 2578 ὲνσάρκου
1404 2508 1705 2579 παρουσίας
1738 2508 1980 2581 ἠριθμη-

394 2602 580 2670 μένον.
610 2600 814 2655 Λοιπὸν
841 2600 952 2671 γὰρ
976 2601 1025 2652 οἱ
1057 2600 1347 2669 μετέπειτα
1387 2600 1744 2673 συγγραφεῖς,
1770 2601 1802 2671 ἢ
1828 2601 1983 2670 λογο-

390 2693 616 2763 γράφοι,
659 2692 692 2763 ἢ
726 2692 1111 2763 χρονογράφοι,
1141 2691 1174 2762 ἦ
1214 2691 1640 2763 ἱστοριογράφοι,
1674 2694 1856 2748 οὐκέτι
1885 2711 1979 2763 γε·-

390 2785 516 2849 νεὰς
562 2783 909 2857 ἀριθμοῦσιν,
943 2783 1058 2838 ἀλλ’
1109 2782 1142 2854 ἢ
1178 2782 1443 2853 βασιλέων
1485 2786 1585 2848 τὰς
1609 2785 1861 2856 διαδοχὰς
1886 2789 1981 2841 καλ⁹

391 2876 617 2948 χρόνους
667 2876 810 2930 κατὰ
874 2875 964 2928 τὸν
997 2874 1106 2927 τῶν
1144 2875 1280 2928 ἑτῶν
1327 2875 1559 2946 ἀριθμὸν
1608 2875 1839 2930 ἑκάστου
1865 2876 1978 2946 (5|)

393 2967 660 3038 βασιλέως
685 2983 698 2997 ·
752 2966 880 3020 ὥστ’
918 2966 1216 3037 ὲξάπαντος
1249 2962 1306 3020 εὖ
1342 2966 1487 3037 μάλα
1522 2967 1614 3020 τὸν
1650 2968 1868 3021 συνετὸν
1902 2985 1981 3037 γι-

391 3060 642 3123 νώσκειν,
673 3060 755 3113 ὅτι
797 3058 891 3112 καὶ
932 3058 1040 3113 ἀπὸ
1083 3058 1271 3111 τούτου
1311 3058 1405 3112 τοῦ
1436 3057 1752 3131 ζητήματος
1780 3061 1842 3113 τὸ
1870 3062 1978 3114 πᾶν

389 3150 487 3205 τοῦ
517 3152 711 3224 χρόνου
768 3150 1079 3222 συνετμήθη
1127 3153 1208 3215 είς
1250 3151 1341 3205 τὸν
1521 3123 1598 3222 ξβί
1630 3152 1832 3221 γενεῶν
1874 3152 1979 3215 ἕως
2006 3123 2051 3186 C

392 3243 631 3316 Χριστοῦ
666 3244 916 3316 ἀριθμὸν,
950 3243 1039 3297 διὰ
1069 3242 1130 3296 τὸ
1175 3244 1371 3314 μηκέτι
1405 3245 1543 3315 μετὰ
1573 3245 1809 3317 Χριστὸν
1839 3245 1981 3299 κατὰ

390 3338 490 3409 τὴν
518 3337 774 3392 ὑπόθεσιν
796 3338 999 3408 ταύτην
1019 3338 1106 3392 διὰ
1126 3337 1486 3407 γενεαλογιῶν
1503 3338 1629 3402 τοὺς
1655 3338 1750 3392 τοῦ
1771 3338 1979 3410 κόσμου

390 3429 616 3500 χρόνους
653 3428 1042 3500 ἀριθμεῖσθαι,
1092 3428 1470 3500 τελειουμένου
1519 3431 1578 3483 ὲν
1613 3431 1714 3502 μιᾷ
1749 3428 1981 3484 συνενώ-

393 3534 477 3574 σει
504 3537 563 3573 τε
614 3519 989 3595 σημαινομένῃ
1013 3521 1154 3574 κατὰ
1186 3520 1247 3574 τὸ
1282 3520 1383 3592 τῆς
1410 3520 1658 3585 εὐδοκίας
1684 3520 1820 3575 Θεοῦ
1846 3523 1983 3592 άμε-

390 3614 656 3669 τάστατον
686 3613 915 3686 ἔρεισμα
933 3630 947 3644 ·
976 3614 1051 3679 ὡς
1074 3614 1182 3668 ἀπὸ
1206 3613 1307 3683 τῆς
1329 3614 1502 3685 αὐτῆς
1529 3614 1627 3685 τὴν
1657 3614 1752 3669 τοῦ
1784 3614 1982 3677 αἰῶνος

394 3707 706 3761 συντέλειαν
752 3707 1211 3778 συντεμνομένην,
1259 3708 1353 3760 καὶ
1382 3706 1477 3760 ἐπὶ
1520 3707 1582 3760 τὸ
1614 3707 1979 3777 μεταϐατικὸν

392 3801 487 3855 τοῦ
515 3801 799 3872 μέλλοντος
831 3800 1027 3864 αἰῶνος
1059 3799 1462 3871 πληρουμένην.
1519 3799 1610 3853 Διὸ
1642 3800 1811 3869 λέγει,
1856 3802 1979 3854 Μία

392 3892 527 3946 ἐστὶ
560 3891 880 3961 περιστερά
919 3909 1039 3962 μου
1060 3937 1071 3951 .
1114 3892 1316 3945 τελεία
1336 3907 1491 3961 μου·
1549 3890 1624 3954 ὡς
1668 3891 1774 3955 ἕως
1810 3893 1981 3963 αὐτῆς

392 3984 502 4038 τῶν
537 3985 754 4039 πάντων
792 3984 1203 4056 τελειουμένων,
1236 3987 1337 4039 κάν
1366 4001 1426 4038 τε
1453 3985 1636 4056 χρόνοι
1671 3986 1765 4039 καὶ
1794 3988 1980 4057 καιροὶ

393 4077 629 4131 ἐνιαυτοί
655 4094 715 4130 τε
745 4078 837 4131 καὶ
866 4077 1211 4148 διαστήματα
1234 4077 1453 4146 γενεῶν.
1474 4079 1619 4131 κατά
1646 4095 1705 4131 τε
1722 4077 1979 4148 βασιλέας

393 4169 428 4241 ἢ
456 4170 696 4234 ὑπάτους
722 4170 756 4241 ἢ
785 4169 1122 4240 ὀλυμπιάδας
1163 4169 1196 4241 ἢ
1226 4169 1547 4240 ἡγεμονίας,
1572 4172 1601 4223 ὁ
1626 4170 1762 4224 αἰὼν
1786 4172 1978 4226 ἑαυτὸν

393 4262 769 4334 ἀριθμήσειεψ
800 4262 1122 4334 ὀγδοήκοντα
1146 4262 1202 4315 δὲ
1238 4262 1528 4326 παλλακαὶ,
1557 4265 1760 4329 αἵτινες
1795 4267 1854 4318 ὲν
1882 4266 1978 4336 μέ-

395 4371 474 4425 σῳ
500 4353 608 4406 τῶν
644 4351 948 4423 βασιλίδων,
986 4352 1077 4405 καὶ
1107 4351 1213 4423 πρὸ
1251 4352 1349 4423 τῆς
1378 4352 1645 4424 ὲνσάρκου
1679 4352 1973 4423 βασιλείας,

391 4445 639 4501 τουτέστι
667 4445 764 4517 τῆς
790 4443 1046 4508 πίστεως,
1075 4443 1171 4497 καὶ
1196 4444 1367 4514 αὐτῆς
1401 4444 1606 4515 ταύτης
1631 4445 1731 4515 τῆς
1758 4443 1978 4517 νύμφης
2008 4473 2054 4532 D

392 4538 486 4591 καὶ
521 4537 794 4609 παρθένου
840 4537 935 4590 καὶ
970 4535 1216 4589 ἀσπίλου.
1244 4552 1303 4588 τε
1351 4536 1448 4591 καὶ
1473 4539 1832 4609 περιστερᾶς,
1875 4539 1974 4609 τῆς

395 4629 563 4700 μόνης
586 4631 651 4701 τῇ
691 4628 860 4701 μητρὶ
885 4627 979 4682 καὶ
1003 4629 1070 4700 τῇ
1098 4625 1354 4699 τεκούσῃ.

464 4808 555 4873 C.".
589 4804 885 4877 Ἐκκλησία
901 4803 1010 4875 γάρ
1030 4805 1177 4858 ἐστιν
1201 4803 1309 4858 ἀπὸ
1332 4804 1463 4874 μιᾶς
1487 4802 1722 4867 πίστεως
1744 4821 1992 4878 γεγεννη-

393 4897 550 4971 μένη,
577 4898 829 4968 τεχθεῖσα
859 4897 916 4951 δὲ
936 4896 1024 4951 διὰ
1044 4897 1362 4967 Πνεύματος
1392 4897 1570 4966 ἁγίου,
1594 4895 1691 4968 μία
1722 4896 1975 4974 τῇλμόνῃ,

390 4990 486 5046 καὶ
515 4991 615 5063 μία
636 4993 702 5062 τῇ
727 4990 1119 5062 γεγεννηκυίαο
1152 4990 1245 5043 καὶ
1267 4991 1391 5044 ὅσαι
1409 4989 1548 5060 μετὰ
1570 4987 1775 5060 ταύτην
1808 4985 1975 5061 ἦλθον

466 5147 482 5177 ¹
522 5144 682 5201 Joan.
728 5144 846 5209 ",1
893 5160 1016 5215 sqq.
1095 5146 1115 5176 '
1146 5142 1310 5198 Cant.
1343 5157 1418 5206 vr,
1450 5142 1505 5197 8.

460 5298 572 5370 (29)
604 5298 801 5381 Ardea
836 5297 1093 5381 τετραχῆ
1131 5299 1316 5368 ἔχειν.
1348 5297 1476 5355 Hec
1509 5314 1578 5355 ex
1614 5308 1878 5372 sequente
1914 5299 1978 5356 ti-

390 5385 525 5441 8Ul‘3
554 5379 844 5440 perspicua
869 5379 1019 5424 SUDL

2082 1869 2204 1923 quae
2226 1853 2291 1909 ad
2309 1854 2588 1912 Christum
2616 1873 2791 1929 usque
2814 1869 3196 1916 numerantur.
3220 1860 3352 1919 Post
3375 1862 3663 1919 Christum

2083 1961 2214 2001 vero
2256 1946 2322 2002 ad
2372 1947 2478 2003 hoc
2537 1955 2753 2020 tempus
2794 1958 2929 2022 quot
2980 1954 3362 2024 generationes
3408 1955 3669 2027 deinceps

2083 2039 2474 2104 successerint,
2512 2041 2664 2097 solus
2711 2043 2864 2097 novit
2894 2041 3178 2100 Dominus.
3217 2045 3339 2102 Non
3366 2048 3512 2104 enim
3551 2063 3670 2104 amo

2082 2130 2227 2201 plins
2266 2148 2363 2203 per
2398 2134 2815 2205 generationes,
2857 2143 3165 2209 temporum
3210 2148 3294 2197 est
3331 2143 3400 2197 ab
3431 2143 3544 2198 ullo
3572 2143 3670 2200 de—

2087 2221 2254 2278 ducta
2281 2223 2605 2296 digestaque
2634 2226 2806 2283 series
2835 2248 2847 2282 :
2885 2244 2982 2300 pro
3004 2245 3070 2286 eo
3094 2233 3240 2302 quod
3274 2249 3537 2292 numerus
3564 2237 3669 2293 iste

2081 2329 2181 2384 per
2210 2315 2359 2369 illam
2395 2316 2570 2387 ipsam
2600 2319 2913 2390 reginarum
2941 2323 3413 2380 enumerationem
3442 2342 3565 2397 quae
3597 2330 3667 2383 ad

2082 2405 2363 2463 Christum
2396 2407 2691 2466 Dominum
2726 2420 3106 2480 recensentur,
3137 2416 3286 2472 velut
3338 2419 3671 2491 obsignatus

2083 2514 2148 2555 ac
2180 2500 2477 2558 conclusus
2523 2509 2629 2557 est.
2674 2501 2814 2558 Nam
2864 2506 2960 2574 qui
3006 2509 3353 2577 postmodum
3404 2513 3667 2569 exstitere

2083 2593 2384 2663 scriptores
2431 2608 2497 2648 ac
2548 2582 3030 2666 commentatores,
3080 2608 3177 2655 aut
3225 2602 3546 2676 chronologi
3580 2609 3664 2661 vel

2084 2684 2336 2739 historici
2360 2686 2541 2741 nullas
2564 2687 2798 2757 amplius
2821 2693 3205 2760 generationes
3234 2709 3542 2762 numerant,
3567 2701 3664 2754 seJ

2083 2791 2272 2846 regum
2295 2777 2679 2833 successiones
2697 2794 2760 2834 ac
2778 2787 3025 2852 tempora
3050 2786 3351 2842 secundum
3374 2804 3664 2846 numerum

2082 2884 2354 2926 annorum
2389 2872 2657 2941 cujusque
2687 2873 2851 2943 regis.
2898 2873 2975 2929 Ex
3012 2877 3214 2946 quibus
3254 2880 3496 2949 prudens
3532 2882 3663 2940 illud

2082 2960 2318 3032 quisque
2353 2960 2514 3017 facile
2554 2969 2734 3032 potest
2768 2963 3224 3034 animadvertere,
3259 2978 3315 3024 et
3337 2985 3400 3025 ex
3428 2986 3491 3026 ea
3517 2988 3668 3042 qum-

2085 3052 2265 3109 stione
2298 3053 2543 3108 indicare
2564 3073 2577 3107 :
2596 3052 2835 3125 Tempus
2864 3071 3027 3111 omne
3067 3058 3122 3112 in
3144 3073 3255 3113 uti
3284 3062 3668 3131 generationes

2084 3142 2152 3196 ad
2201 3141 2481 3198 Christum
2543 3161 2719 3215 usque
2770 3146 3051 3201 redactum
3111 3147 3317 3220 fuisse,
3375 3163 3665 3224 propterea

2082 3235 2228 3306 quod
2264 3235 2524 3308 deinceps
2548 3244 2674 3306 post
2700 3238 3001 3304 Christum,
3027 3248 3086 3293 ut
3124 3256 3192 3297 ex
3221 3242 3289 3298 iis
3327 3259 3450 3309 quae
3474 3245 3668 3319 dispu.

2082 3334 2198 3382 tata
2228 3337 2357 3382 sunt
2380 3338 2625 3399 apparet,
2651 3330 2841 3386 mundi
2870 3337 3114 3401 tempora
3144 3348 3254 3389 non
3289 3338 3525 3409 amplius
3568 3356 3668 3412 per

2082 3420 2429 3490 genealogias
2478 3421 2689 3491 digesta
2733 3422 3031 3489 sunt..Qui
3065 3424 3286 3495 quidem
3315 3430 3555 3490 mundus
3607 3436 3663 3493 in

2082 3527 2191 3566 una
2221 3511 2315 3565 illa
2344 3526 2614 3567 annorum
2645 3514 2973 3571 collectione
3008 3515 3399 3586 perfectionem
3432 3522 3665 3597 adeptus

2080 3612 2199 3668 est,
2233 3619 2397 3673 quam
2444 3605 2800 3662 immutabilis
2829 3622 2894 3663 ac
2926 3608 3103 3665 solida
3139 3608 3235 3668 Dei
3277 3613 3532 3674 voluntas
3567 3619 3666 3676 ob-

2082 3696 2339 3767 signavit.
2383 3695 2566 3764 Quare
2597 3698 2665 3752 ab
2706 3698 2810 3754 hac
2852 3700 3305 3777 eadem‘abrupta
3349 3684 3667 3767 terminata-

2082 3805 2189 3859 que
2226 3790 2410 3844 saeculi
2451 3792 2873 3858 consummatio,
2917 3802 2972 3849 et
3010 3795 3078 3851 ad
3106 3811 3280 3852 aevum
3330 3798 3575 3860 futurum
3606 3814 3667 3860 ut

2081 3880 2373 3951 impleatur
2398 3882 2670 3937 traducta.
2713 3883 2945 3963 1083'
2974 3884 3057 3941 Ob
3080 3886 3134 3942 id
3163 3888 3362 3945 dicitur
3394 3909 3408 3946 :
3439 3892 3557 3949 Una
3587 3905 3665 3952 est

2083 3974 2327 4028 columba
2346 3991 2481 4039 mea,
2500 3974 2729 4045 perfecta
2746 3993 2862 4031 mea
2876 3979 2927 4032 ’ς
2954 3981 3112 4048 quasi
3133 3981 3189 4035 in
3212 3983 3387 4053 ipsam
3406 3987 3663 4044 universa

2080 4070 2355 4137 desinant,
2403 4080 2648 4143 tempora
2676 4073 2944 4138 videlicet,
2968 4075 3121 4138 anni,
3156 4090 3218 4131 ac
3249 4080 3663 4148 generationum

2082 4161 2388 4226 intervalla,
2417 4164 2532 4219 sive
2552 4180 2651 4235 per
2675 4180 2850 4235 reges,
2875 4165 2989 4222 sive
3012 4182 3106 4236 per
3125 4171 3403 4237 consules,
3427 4172 3544 4230 sive
3566 4190 3665 4244 per

2079 4258 2440 4327 olympiadas,
2477 4266 2573 4312 aut
2598 4259 2974 4330 magistratus,
3012 4269 3314 4329 temporum
3348 4266 3529 4335 spatia
3561 4283 3665 4321 nu-

2079 4358 2379 4405 merentur.
2430 4349 2720 4422 Octoginta
2774 4365 2939 4421 porro
2977 4354 3295 4409 concubina:
3337 4363 3469 4410 sunt
3519 4357 3663 4413 inter

2080 4442 2302 4513 reginas
2348 4442 2671 4513 interjectaa.
2720 4445 2884 4500 etiam
2929 4444 3132 4501 Christi
3177 4461 3285 4517 qua
3331 4448 3496 4506 homo
3538 4460 3655 4519 est,

2082 4548 2251 4605 regno
2278 4534 2513 4604 priores,
2545 4537 2649 4591 hoc
2675 4545 2780 4603 est,
2813 4537 2937 4604 ﬁde,
2974 4538 3203 4608 ipsaque
3225 4553 3427 4609 sponsa
3454 4545 3660 4612 pariter

2081 4637 2146 4678 ac
2179 4624 2409 4696 virgine,
2444 4626 2672 4692 illibata,
2707 4628 2981 4693 columba,
3027 4644 3148 4699 quae
3189 4629 3352 4684 unica
3383 4633 3544 4687 matri
3575 4642 3661 4690 est

2081 4723 2244 4786 atque
2269 4718 2540 4787 genitrici.

2155 4808 2241 4862 Vl.
2286 4811 2567 4881 Siquidem
2603 4810 2849 4868 Ecclesia
2878 4814 2947 4869 ab
2974 4829 3080 4869 una
3114 4812 3217 4869 ﬁde
3242 4815 3442 4886 genita,
3473 4831 3538 4872 ac
3565 4833 3663 4890 per

2081 4898 2342 4969 Spiritum
2378 4912 2629 4958 sanctum
2663 4903 2721 4958 in
2750 4904 2943 4982 lucem.
2973 4905 3141 4972 edita,
3193 4920 3299 4961 una
3331 4915 3418 4964 est
3445 4909 3563 4976 uni,
3604 4918 3662 4966 et

2080 5008 2188 5047 una
2219 4992 2470 5064 genitrici
2494 5010 2626 5053 suae.
2658 4993 2798 5052 Tum
2830 5012 2962 5054 vero
2985 5007 3337 5070 quotcunque
3360 5008 3483 5072 post
3512 5001 3661 5057 illam

2086 5300 2220 5357 Nam
2260 5302 2671 5372 quadrangulns
2708 5302 2923 5359 medius
2964 5303 3108 5360 inter
3136 5304 3273 5360 duas
3309 5307 3548 5364 unitates
3576 5308 3666 5362 in-

2073 5382 2363 5442 .terceptns
2391 5382 2493 5431 est.
2530 5374 2734 5427 Penv.

2157 5444 2270 5511 (50)
2311 5444 2773 5519 Ἐπισφραγίσθαι
2803 5443 3037 5515 legimus
3082 5445 3223 5516 apud
3247 5445 3529 5502 Petavium
3567 5464 3665 5519 pro

2084 5513 2542 5586 ὑποσφραγίσθαι.

2156 5583 2458 5656 (διχεαίω
2494 5583 2705 5656 Petavii
2754 5585 2866 5639 illic
2899 5586 3101 5640 habent
3126 5586 3357 5640 ἕκαστον
3404 5602 3505 5656 pro
3538 5587 3664 5640 ὲκα·

2084 5672 2231 5709 στου.
2252 5655 2466 5709 Latina
2496 5672 2626 5709 vero
2654 5655 3034 5725 interpretatio
3058 5658 3111 5710 in
3137 5659 3328 5713 iisdem
3361 5655 3446 5712 εει
3466 5656 3666 5725 hujus.

2083 5727 2271 5800 modi;
2314 5725 2404 5800 sed
2444 5742 2622 5797 regum
2641 5729 3010 5800 successiones
3040 5745 3102 5784 ac
3135 5738 3390 5798 tempore,
3442 5743 3667 5800 quorum

2084 5796 2395 5868 singillatim
2421 5795 2588 5853 annos
2618 5795 2940 5856 describunt.
