  <div class='ocr_page' id='page_1' title='image "/cluster/home/n/w/nwhite01/storage/ocr_20150623/42/nnc1.0046978682/427.png"; bbox 0 0 4118 6402; ppageno 0'>
   <div class='ocr_carea' id='block_1_1' title="bbox 437 451 544 508">
    <p class='ocr_par' dir='ltr' id='par_1_1' title="bbox 437 451 544 508">
     <span class='ocr_line' id='line_1_1' title="bbox 437 451 544 508; baseline 0.037 -4"><span class='ocrx_word' id='word_1_1' title='bbox 437 451 544 508; x_wconf 73' lang='lat'><strong>783</strong></span> 
     </span>
    </p>
   </div>
   <div class='ocr_carea' id='block_1_2' title="bbox 1851 458 2316 515">
    <p class='ocr_par' dir='ltr' id='par_1_2' title="bbox 1851 458 2316 515">
     <span class='ocr_line' id='line_1_2' title="bbox 1851 458 2316 515; baseline 0 -1"><span class='ocrx_word' id='word_1_2' title='bbox 1851 467 1858 474; x_wconf 86' lang='lat'>&#39;</span> <span class='ocrx_word' id='word_1_3' title='bbox 1877 458 1934 514; x_wconf 89' lang='lat' dir='ltr'><strong>S.</strong></span> <span class='ocrx_word' id='word_1_4' title='bbox 1976 459 2316 515; x_wconf 75' lang='lat' dir='ltr'><strong>EPIPHANH</strong></span> 
     </span>
    </p>
   </div>
   <div class='ocr_carea' id='block_1_3' title="bbox 3608 465 3704 521">
    <p class='ocr_par' dir='ltr' id='par_1_3' title="bbox 3608 465 3704 521">
     <span class='ocr_line' id='line_1_3' title="bbox 3608 465 3704 521; baseline 0.042 -4"><span class='ocrx_word' id='word_1_5' title='bbox 3608 465 3704 521; x_wconf 64' lang='lat'><strong>785</strong></span> 
     </span>
    </p>
   </div>
   <div class='ocr_carea' id='block_1_4' title="bbox 432 570 2015 652">
    <p class='ocr_par' dir='ltr' id='par_1_4' title="bbox 432 570 2015 650">
     <span class='ocr_line' id='line_1_4' title="bbox 432 570 2015 650; baseline 0.003 -22"><span class='ocrx_word' id='word_1_6' title='bbox 432 570 517 628; x_wconf 70' lang='lat' dir='ltr'><strong>re)</strong></span> <span class='ocrx_word' id='word_1_7' title='bbox 547 579 677 628; x_wconf 87' lang='lat' dir='ltr'><strong>ante</strong></span> <span class='ocrx_word' id='word_1_8' title='bbox 704 574 1053 650; x_wconf 83' lang='lat' dir='ltr'><strong>prodierunt,</strong></span> <span class='ocrx_word' id='word_1_9' title='bbox 1099 575 1422 630; x_wconf 72' lang='lat' dir='ltr'><strong>concubinae</strong></span> <span class='ocrx_word' id='word_1_10' title='bbox 1470 577 1825 632; x_wconf 81' lang='lat' dir='ltr'><strong>nominantur</strong></span> <span class='ocrx_word' id='word_1_11' title='bbox 1853 597 1864 632; x_wconf 94' lang='lat'><strong>:</strong></span> <span class='ocrx_word' id='word_1_12' title='bbox 1896 593 2015 649; x_wconf 68' lang='lat' dir='ltr'><strong>qua:</strong></span> 
     </span>
    </p>
   </div>
   <div class='ocr_carea' id='block_1_5' title="bbox 2117 570 3706 652">
    <p class='ocr_par' dir='ltr' id='par_1_5' title="bbox 2121 580 3706 652">
     <span class='ocr_line' id='line_1_5' title="bbox 2121 580 3706 652; baseline 0.002 -20"><span class='ocrx_word' id='word_1_13' title='bbox 2121 582 2214 634; x_wconf 74' lang='grc' dir='ltr'><strong>καὶ</strong></span> <span class='ocrx_word' id='word_1_14' title='bbox 2251 580 2356 652; x_wconf 79' lang='grc' dir='ltr'><strong>πρὸ</strong></span> <span class='ocrx_word' id='word_1_15' title='bbox 2395 581 2562 651; x_wconf 74' lang='grc' dir='ltr'>αὐτῆς</span> <span class='ocrx_word' id='word_1_16' title='bbox 2605 580 2928 644; x_wconf 72' lang='grc' dir='ltr'>παλλακίδες</span> <span class='ocrx_word' id='word_1_17' title='bbox 2957 580 3365 652; x_wconf 84' lang='grc' dir='ltr'>ὠνομασμέναι,</span> <span class='ocrx_word' id='word_1_18' title='bbox 3417 581 3619 646; x_wconf 69' lang='grc' dir='ltr'>αἵτινες</span> <span class='ocrx_word' id='word_1_19' title='bbox 3646 583 3706 636; x_wconf 76' lang='grc' dir='ltr'>τὸ</span> 
     </span>
    </p>
   </div>
   <div class='ocr_carea' id='block_1_6' title="bbox 433 662 2017 739">
    <p class='ocr_par' dir='ltr' id='par_1_6' title="bbox 433 662 2017 739">
     <span class='ocr_line' id='line_1_6' title="bbox 433 662 2017 739; baseline 0.004 -22"><span class='ocrx_word' id='word_1_20' title='bbox 433 662 561 719; x_wconf 83' lang='lat' dir='ltr'><strong>licet</strong></span> <span class='ocrx_word' id='word_1_21' title='bbox 583 681 614 720; x_wconf 82' lang='lat' dir='ltr'><strong>a</strong></span> <span class='ocrx_word' id='word_1_22' title='bbox 645 673 977 722; x_wconf 85' lang='lat' dir='ltr'><strong>testamento</strong></span> <span class='ocrx_word' id='word_1_23' title='bbox 1006 676 1060 722; x_wconf 91' lang='lat' dir='ltr'><strong>et</strong></span> <span class='ocrx_word' id='word_1_24' title='bbox 1086 666 1403 722; x_wconf 65' lang='lat' dir='ltr'><strong>hmreditate</strong></span> <span class='ocrx_word' id='word_1_25' title='bbox 1433 683 1542 722; x_wconf 92' lang='lat' dir='ltr'><strong>non</strong></span> <span class='ocrx_word' id='word_1_26' title='bbox 1574 682 1802 739; x_wconf 83' lang='lat' dir='ltr'><strong>prorsus</strong></span> <span class='ocrx_word' id='word_1_27' title='bbox 1829 669 2017 724; x_wconf 79' lang='lat' dir='ltr'><strong>aliena:</strong></span> 
     </span>
    </p>
   </div>
   <div class='ocr_carea' id='block_1_7' title="bbox 437 754 2016 828">
    <p class='ocr_par' dir='ltr' id='par_1_7' title="bbox 437 754 2016 828">
     <span class='ocr_line' id='line_1_7' title="bbox 437 754 2016 828; baseline 0.003 -20"><span class='ocrx_word' id='word_1_28' title='bbox 437 754 660 822; x_wconf 92' lang='lat' dir='ltr'><strong>fuerint,</strong></span> <span class='ocrx_word' id='word_1_29' title='bbox 696 757 901 811; x_wconf 83' lang='lat' dir='ltr'><strong>nullam</strong></span> <span class='ocrx_word' id='word_1_30' title='bbox 941 765 1120 812; x_wconf 90' lang='lat' dir='ltr'><strong>tamen</strong></span> <span class='ocrx_word' id='word_1_31' title='bbox 1154 773 1181 811; x_wconf 91' lang='lat' dir='ltr'><strong>a</strong></span> <span class='ocrx_word' id='word_1_32' title='bbox 1214 757 1396 814; x_wconf 80' lang='lat' dir='ltr'><strong>Verbo</strong></span> <span class='ocrx_word' id='word_1_33' title='bbox 1429 757 1606 812; x_wconf 81' lang='lat' dir='ltr'><strong>dotem</strong></span> <span class='ocrx_word' id='word_1_34' title='bbox 1636 760 2016 828; x_wconf 83' lang='lat' dir='ltr'><strong>obtinuerunt,</strong></span> 
     </span>
    </p>
   </div>
   <div class='ocr_carea' id='block_1_8' title="bbox 432 846 2018 923">
    <p class='ocr_par' dir='ltr' id='par_1_8' title="bbox 432 846 2018 923">
     <span class='ocr_line' id='line_1_8' title="bbox 432 846 2018 923; baseline 0.004 -23"><span class='ocrx_word' id='word_1_35' title='bbox 432 861 536 901; x_wconf 80' lang='lat' dir='ltr'><strong>nec</strong></span> <span class='ocrx_word' id='word_1_36' title='bbox 587 846 962 904; x_wconf 88' lang='lat' dir='ltr'><strong>infundentem</strong></span> <span class='ocrx_word' id='word_1_37' title='bbox 1013 864 1072 903; x_wconf 87' lang='lat' dir='ltr'><strong>se</strong></span> <span class='ocrx_word' id='word_1_38' title='bbox 1128 848 1388 920; x_wconf 75' lang='lat' dir='ltr'><strong>Spiritum</strong></span> <span class='ocrx_word' id='word_1_39' title='bbox 1424 859 1674 905; x_wconf 90' lang='lat' dir='ltr'><strong>sanctum</strong></span> <span class='ocrx_word' id='word_1_40' title='bbox 1726 851 1783 906; x_wconf 91' lang='lat' dir='ltr'><strong>in</strong></span> <span class='ocrx_word' id='word_1_41' title='bbox 1821 853 2018 923; x_wconf 87' lang='lat' dir='ltr'><strong>seipsis</strong></span> 
     </span>
    </p>
   </div>
   <div class='ocr_carea' id='block_1_9' title="bbox 433 939 2015 1008">
    <p class='ocr_par' dir='ltr' id='par_1_9' title="bbox 433 939 2015 1008">
     <span class='ocr_line' id='line_1_9' title="bbox 433 939 2015 1008; baseline 0.004 -16"><span class='ocrx_word' id='word_1_42' title='bbox 433 947 765 1008; x_wconf 80' lang='lat' dir='ltr'><strong>exceperunt</strong></span> <span class='ocrx_word' id='word_1_43' title='bbox 799 958 812 994; x_wconf 90' lang='lat'><strong>:</strong></span> <span class='ocrx_word' id='word_1_44' title='bbox 845 939 941 995; x_wconf 85' lang='lat' dir='ltr'><strong>sed</strong></span> <span class='ocrx_word' id='word_1_45' title='bbox 975 940 1148 994; x_wconf 90' lang='lat' dir='ltr'><strong>solam</strong></span> <span class='ocrx_word' id='word_1_46' title='bbox 1198 956 1322 994; x_wconf 88' lang='lat' dir='ltr'><strong>cum</strong></span> <span class='ocrx_word' id='word_1_47' title='bbox 1374 939 1556 996; x_wconf 81' lang='lat' dir='ltr'><strong>Verbo</strong></span> <span class='ocrx_word' id='word_1_48' title='bbox 1591 942 1644 996; x_wconf 90' lang='lat' dir='ltr'><strong>in</strong></span> <span class='ocrx_word' id='word_1_49' title='bbox 1679 943 2015 999; x_wconf 79' lang='lat' dir='ltr'><strong>conscientia</strong></span> 
     </span>
    </p>
   </div>
   <div class='ocr_carea' id='block_1_10' title="bbox 435 1026 2016 1104">
    <p class='ocr_par' dir='ltr' id='par_1_10' title="bbox 435 1026 2016 1104">
     <span class='ocr_line' id='line_1_10' title="bbox 435 1026 2016 1104; baseline 0.005 -24"><span class='ocrx_word' id='word_1_50' title='bbox 435 1042 533 1082; x_wconf 89' lang='lat' dir='ltr'><strong>sua</strong></span> <span class='ocrx_word' id='word_1_51' title='bbox 558 1026 1023 1084; x_wconf 76' lang='lat' dir='ltr'><strong>necessitudinem</strong></span> <span class='ocrx_word' id='word_1_52' title='bbox 1052 1029 1384 1085; x_wconf 84' lang='lat' dir='ltr'><strong>habuerunt.</strong></span> <span class='ocrx_word' id='word_1_53' title='bbox 1412 1029 1680 1087; x_wconf 64' lang='lat' dir='ltr'><strong>Praeclare</strong></span> <span class='ocrx_word' id='word_1_54' title='bbox 1706 1033 1850 1087; x_wconf 84' lang='lat' dir='ltr'><strong>enim</strong></span> <span class='ocrx_word' id='word_1_55' title='bbox 1875 1035 2016 1104; x_wconf 91' lang='lat' dir='ltr'><strong>apud</strong></span> 
     </span>
    </p>
   </div>
   <div class='ocr_carea' id='block_1_11' title="bbox 435 1117 2014 1194">
    <p class='ocr_par' dir='ltr' id='par_1_11' title="bbox 435 1117 2014 1194">
     <span class='ocr_line' id='line_1_11' title="bbox 435 1117 2014 1194; baseline 0.004 -22"><span class='ocrx_word' id='word_1_56' title='bbox 435 1117 690 1174; x_wconf 67' lang='lat' dir='ltr'><strong>Hebraeos</strong></span> <span class='ocrx_word' id='word_1_57' title='bbox 713 1121 1016 1174; x_wconf 72' lang='lat' dir='ltr'><strong>concubina:</strong></span> <span class='ocrx_word' id='word_1_58' title='bbox 1039 1123 1333 1192; x_wconf 76' lang='lat' dir='ltr'><strong>appellatio</strong></span> <span class='ocrx_word' id='word_1_59' title='bbox 1362 1123 1695 1194; x_wconf 85' lang='lat' dir='ltr'><strong>concipitur,</strong></span> <span class='ocrx_word' id='word_1_60' title='bbox 1720 1140 1844 1178; x_wconf 93' lang='lat' dir='ltr'><strong>cum</strong></span> <span class='ocrx_word' id='word_1_61' title='bbox 1875 1124 2014 1180; x_wconf 84' lang='lat' dir='ltr'><strong>Phe-</strong></span> 
     </span>
    </p>
   </div>
   <div class='ocr_carea' id='block_1_12' title="bbox 433 1206 2016 1284">
    <p class='ocr_par' dir='ltr' id='par_1_12' title="bbox 433 1206 2016 1284">
     <span class='ocr_line' id='line_1_12' title="bbox 433 1206 2016 1284; baseline 0.006 -24"><span class='ocrx_word' id='word_1_62' title='bbox 433 1206 663 1278; x_wconf 78' lang='lat' dir='ltr'><strong>legestha</strong></span> <span class='ocrx_word' id='word_1_63' title='bbox 689 1207 912 1262; x_wconf 91' lang='lat' dir='ltr'><strong>dicitur.</strong></span> <span class='ocrx_word' id='word_1_64' title='bbox 938 1207 1032 1265; x_wconf 88' lang='lat' dir='ltr'><strong>Est</strong></span> <span class='ocrx_word' id='word_1_65' title='bbox 1054 1218 1244 1265; x_wconf 86' lang='lat' dir='ltr'><strong>autem</strong></span> <span class='ocrx_word' id='word_1_66' title='bbox 1258 1209 1457 1284; x_wconf 86' lang='lat' dir='ltr'><strong>Pheleg</strong></span> <span class='ocrx_word' id='word_1_67' title='bbox 1484 1211 1678 1268; x_wconf 87' lang='lat' dir='ltr'><strong>Latine</strong></span> <span class='ocrx_word' id='word_1_68' title='bbox 1710 1214 2016 1281; x_wconf 84' lang='lat' dir='ltr'><strong>dimidium;</strong></span> 
     </span>
    </p>
   </div>
   <div class='ocr_carea' id='block_1_13' title="bbox 429 1299 2019 1371">
    <p class='ocr_par' dir='ltr' id='par_1_13' title="bbox 429 1299 2019 1371">
     <span class='ocr_line' id='line_1_13' title="bbox 429 1299 2019 1371; baseline 0.005 -18"><span class='ocrx_word' id='word_1_69' title='bbox 429 1299 589 1354; x_wconf 85' lang='lat' dir='ltr'><strong>estha</strong></span> <span class='ocrx_word' id='word_1_70' title='bbox 617 1300 890 1354; x_wconf 80' lang='lat' dir='ltr'><strong>mulierem</strong></span> <span class='ocrx_word' id='word_1_71' title='bbox 916 1301 1219 1371; x_wconf 88' lang='lat' dir='ltr'><strong>signillcat:</strong></span> <span class='ocrx_word' id='word_1_72' title='bbox 1250 1310 1312 1356; x_wconf 89' lang='lat' dir='ltr'><strong>ut</strong></span> <span class='ocrx_word' id='word_1_73' title='bbox 1343 1302 1484 1358; x_wconf 88' lang='lat' dir='ltr'><strong>idem</strong></span> <span class='ocrx_word' id='word_1_74' title='bbox 1527 1305 1600 1360; x_wconf 90' lang='lat' dir='ltr'><strong>sit</strong></span> <span class='ocrx_word' id='word_1_75' title='bbox 1620 1306 1928 1361; x_wconf 89' lang='lat' dir='ltr'><strong>concubina</strong></span> <span class='ocrx_word' id='word_1_76' title='bbox 1955 1322 2019 1362; x_wconf 90' lang='lat' dir='ltr'><strong>ac</strong></span> 
     </span>
    </p>
   </div>
   <div class='ocr_carea' id='block_1_14' title="bbox 431 1390 2016 1469">
    <p class='ocr_par' dir='ltr' id='par_1_14' title="bbox 431 1390 2016 1469">
     <span class='ocr_line' id='line_1_14' title="bbox 431 1390 2016 1469; baseline 0.006 -25"><span class='ocrx_word' id='word_1_77' title='bbox 431 1390 720 1446; x_wconf 90' lang='lat' dir='ltr'><strong>dimidium</strong></span> <span class='ocrx_word' id='word_1_78' title='bbox 755 1392 1023 1447; x_wconf 88' lang='lat' dir='ltr'><strong>mulieris.</strong></span> <span class='ocrx_word' id='word_1_79' title='bbox 1070 1391 1206 1446; x_wconf 90' lang='lat' dir='ltr'><strong>Nam</strong></span> <span class='ocrx_word' id='word_1_80' title='bbox 1249 1395 1392 1464; x_wconf 88' lang='lat' dir='ltr'><strong>quod</strong></span> <span class='ocrx_word' id='word_1_81' title='bbox 1435 1395 1502 1450; x_wconf 89' lang='lat' dir='ltr'><strong>ad</strong></span> <span class='ocrx_word' id='word_1_82' title='bbox 1550 1396 1842 1451; x_wconf 88' lang='lat' dir='ltr'><strong>Dominum</strong></span> <span class='ocrx_word' id='word_1_83' title='bbox 1890 1413 2016 1469; x_wconf 89' lang='lat' dir='ltr'><strong>spe-</strong></span> 
     </span>
    </p>
   </div>
   <div class='ocr_carea' id='block_1_15' title="bbox 429 1484 2017 1556">
    <p class='ocr_par' dir='ltr' id='par_1_15' title="bbox 429 1484 2017 1556">
     <span class='ocr_line' id='line_1_15' title="bbox 429 1484 2017 1556; baseline 0.006 -20"><span class='ocrx_word' id='word_1_84' title='bbox 429 1493 566 1548; x_wconf 87' lang='lat' dir='ltr'><strong>ctat,</strong></span> <span class='ocrx_word' id='word_1_85' title='bbox 600 1484 891 1540; x_wconf 84' lang='lat' dir='ltr'><strong>universos</strong></span> <span class='ocrx_word' id='word_1_86' title='bbox 925 1485 1017 1541; x_wconf 92' lang='lat' dir='ltr'><strong>ille</strong></span> <span class='ocrx_word' id='word_1_87' title='bbox 1065 1484 1296 1540; x_wconf 82' lang='lat' dir='ltr'><strong>liberam</strong></span> <span class='ocrx_word' id='word_1_88' title='bbox 1331 1486 1396 1540; x_wconf 90' lang='lat' dir='ltr'><strong>ad</strong></span> <span class='ocrx_word' id='word_1_89' title='bbox 1433 1487 1609 1542; x_wconf 90' lang='lat' dir='ltr'><strong>lucem</strong></span> <span class='ocrx_word' id='word_1_90' title='bbox 1643 1490 1882 1556; x_wconf 81' lang='lat' dir='ltr'><strong>vocavit,</strong></span> <span class='ocrx_word' id='word_1_91' title='bbox 1932 1491 2017 1546; x_wconf 87' lang='lat' dir='ltr'><strong>his</strong></span> 
     </span>
    </p>
   </div>
   <div class='ocr_carea' id='block_1_16' title="bbox 431 1575 2017 1643">
    <p class='ocr_par' dir='ltr' id='par_1_16' title="bbox 431 1575 2017 1643">
     <span class='ocr_line' id='line_1_16' title="bbox 431 1575 2017 1643; baseline 0.005 -16"><span class='ocrx_word' id='word_1_92' title='bbox 431 1577 611 1632; x_wconf 85' lang='lat' dir='ltr'><strong>verbis</strong></span> <span class='ocrx_word' id='word_1_93' title='bbox 642 1595 654 1630; x_wconf 90' lang='lat'><strong>:</strong></span> <span class='ocrx_word' id='word_1_94' title='bbox 689 1575 828 1629; x_wconf 87' lang='lat' dir='ltr'><strong>Dum</strong></span> <span class='ocrx_word' id='word_1_95' title='bbox 873 1577 1042 1630; x_wconf 80' lang='lat' dir='ltr'><strong>lucem</strong></span> <span class='ocrx_word' id='word_1_96' title='bbox 1086 1577 1289 1632; x_wconf 78' lang='lat' dir='ltr'><strong>habetis</strong></span> <span class='ocrx_word' id='word_1_97' title='bbox 1325 1577 1611 1643; x_wconf 80' lang='lat' dir='ltr'><strong>vobiscum,</strong></span> <span class='ocrx_word' id='word_1_98' title='bbox 1647 1581 1704 1634; x_wconf 87' lang='lat' dir='ltr'><strong>in</strong></span> <span class='ocrx_word' id='word_1_99' title='bbox 1753 1581 1866 1635; x_wconf 85' lang='lat' dir='ltr'><strong>luce</strong></span> <span class='ocrx_word' id='word_1_100' title='bbox 1898 1598 2017 1634; x_wconf 88' lang='lat' dir='ltr'><strong>am-</strong></span> 
     </span>
    </p>
   </div>
   <div class='ocr_carea' id='block_1_17' title="bbox 432 1666 2014 1742">
    <p class='ocr_par' dir='ltr' id='par_1_17' title="bbox 432 1666 2014 1742">
     <span class='ocr_line' id='line_1_17' title="bbox 432 1666 2014 1742; baseline 0.004 -23"><span class='ocrx_word' id='word_1_101' title='bbox 432 1666 612 1722; x_wconf 71' lang='lat' dir='ltr'><strong>bulate</strong></span> <span class='ocrx_word' id='word_1_102' title='bbox 646 1667 686 1721; x_wconf 80' lang='grc'><strong>⁸.</strong></span> <span class='ocrx_word' id='word_1_103' title='bbox 722 1667 823 1723; x_wconf 85' lang='lat' dir='ltr'><strong>Cui</strong></span> <span class='ocrx_word' id='word_1_104' title='bbox 863 1668 1194 1737; x_wconf 88' lang='lat' dir='ltr'><strong>astipulatur</strong></span> <span class='ocrx_word' id='word_1_105' title='bbox 1235 1669 1534 1738; x_wconf 81' lang='lat' dir='ltr'><strong>Apostolus</strong></span> <span class='ocrx_word' id='word_1_106' title='bbox 1570 1689 1582 1724; x_wconf 92' lang='lat'>:</span> <span class='ocrx_word' id='word_1_107' title='bbox 1629 1670 1732 1725; x_wconf 80' lang='lat' dir='ltr'><strong>Vos</strong></span> <span class='ocrx_word' id='word_1_108' title='bbox 1758 1713 1774 1738; x_wconf 92' lang='lat'><strong>,</strong></span> <span class='ocrx_word' id='word_1_109' title='bbox 1805 1671 2014 1742; x_wconf 88' lang='lat' dir='ltr'><strong>inquit,</strong></span> 
     </span>
    </p>
   </div>
   <div class='ocr_carea' id='block_1_18' title="bbox 428 1758 2017 1834">
    <p class='ocr_par' dir='ltr' id='par_1_18' title="bbox 428 1758 2017 1834">
     <span class='ocr_line' id='line_1_18' title="bbox 428 1758 2017 1834; baseline 0.005 -24"><span class='ocrx_word' id='word_1_110' title='bbox 428 1758 689 1824; x_wconf 73' lang='lat' dir='ltr'><strong>diciestis</strong></span> <span class='ocrx_word' id='word_1_111' title='bbox 723 1759 847 1829; x_wconf 82' lang='lat' dir='ltr'><strong>ﬁlii,</strong></span> <span class='ocrx_word' id='word_1_112' title='bbox 869 1769 916 1814; x_wconf 85' lang='lat' dir='ltr'><strong>et</strong></span> <span class='ocrx_word' id='word_1_113' title='bbox 951 1759 1086 1814; x_wconf 76' lang='lat' dir='ltr'><strong>lucis</strong></span> <span class='ocrx_word' id='word_1_114' title='bbox 1116 1761 1219 1830; x_wconf 83' lang='lat' dir='ltr'><strong>ﬁlii</strong></span> <span class='ocrx_word' id='word_1_115' title='bbox 1243 1762 1286 1816; x_wconf 83' lang='lat'><strong>&#39;.</strong></span> <span class='ocrx_word' id='word_1_116' title='bbox 1316 1763 1453 1816; x_wconf 89' lang='lat' dir='ltr'><strong>Item</strong></span> <span class='ocrx_word' id='word_1_117' title='bbox 1490 1762 1598 1817; x_wconf 88' lang='lat' dir='ltr'><strong>alio</strong></span> <span class='ocrx_word' id='word_1_118' title='bbox 1632 1762 1688 1817; x_wconf 88' lang='lat' dir='ltr'><strong>in</strong></span> <span class='ocrx_word' id='word_1_119' title='bbox 1723 1762 2017 1834; x_wconf 65' lang='lat' dir='ltr'><strong>Scriptura:</strong></span> 
     </span>
    </p>
   </div>
   <div class='ocr_carea' id='block_1_19' title="bbox 430 1851 2016 1924">
    <p class='ocr_par' dir='ltr' id='par_1_19' title="bbox 430 1851 2016 1924">
     <span class='ocr_line' id='line_1_19' title="bbox 430 1851 2016 1924; baseline 0.006 -20"><span class='ocrx_word' id='word_1_120' title='bbox 430 1853 552 1907; x_wconf 92' lang='lat' dir='ltr'><strong>loco</strong></span> <span class='ocrx_word' id='word_1_121' title='bbox 580 1869 595 1908; x_wconf 90' lang='lat'><strong>:</strong></span> <span class='ocrx_word' id='word_1_122' title='bbox 627 1851 734 1919; x_wconf 82' lang='lat' dir='ltr'><strong>Qui</strong></span> <span class='ocrx_word' id='word_1_123' title='bbox 768 1853 910 1907; x_wconf 87' lang='lat' dir='ltr'><strong>male</strong></span> <span class='ocrx_word' id='word_1_124' title='bbox 940 1854 1072 1924; x_wconf 87' lang='lat' dir='ltr'><strong>agit,</strong></span> <span class='ocrx_word' id='word_1_125' title='bbox 1105 1854 1217 1909; x_wconf 82' lang='lat' dir='ltr'><strong>odit</strong></span> <span class='ocrx_word' id='word_1_126' title='bbox 1245 1855 1435 1921; x_wconf 86' lang='lat' dir='ltr'><strong>lucem,</strong></span> <span class='ocrx_word' id='word_1_127' title='bbox 1472 1873 1564 1910; x_wconf 82' lang='lat' dir='ltr'><strong>nec</strong></span> <span class='ocrx_word' id='word_1_128' title='bbox 1595 1858 1797 1912; x_wconf 85' lang='lat' dir='ltr'><strong>accedit</strong></span> <span class='ocrx_word' id='word_1_129' title='bbox 1829 1859 1901 1912; x_wconf 88' lang='lat' dir='ltr'><strong>ad</strong></span> <span class='ocrx_word' id='word_1_130' title='bbox 1932 1861 2016 1913; x_wconf 86' lang='lat' dir='ltr'><strong>lu-</strong></span> 
     </span>
    </p>
   </div>
   <div class='ocr_carea' id='block_1_20' title="bbox 408 1933 2088 2021">
    <p class='ocr_par' dir='ltr' id='par_1_20' title="bbox 408 1933 2088 2021">
     <span class='ocr_line' id='line_1_20' title="bbox 408 1933 2088 2021; baseline 0.004 -24"><span class='ocrx_word' id='word_1_131' title='bbox 408 1959 535 1999; x_wconf 68' lang='grc' dir='ltr'>ιιεηι</span> <span class='ocrx_word' id='word_1_132' title='bbox 563 1942 732 1999; x_wconf 71' lang='grc' dir='ltr'>’.διο</span> <span class='ocrx_word' id='word_1_133' title='bbox 780 1945 946 2016; x_wconf 77' lang='lat' dir='ltr'><strong>igitur</strong></span> <span class='ocrx_word' id='word_1_134' title='bbox 988 1945 1310 2000; x_wconf 73' lang='lat' dir='ltr'><strong>concubina:</strong></span> <span class='ocrx_word' id='word_1_135' title='bbox 1355 1961 1466 2001; x_wconf 93' lang='lat' dir='ltr'><strong>non</strong></span> <span class='ocrx_word' id='word_1_136' title='bbox 1507 1947 1707 2016; x_wconf 82' lang='lat' dir='ltr'><strong>palam,</strong></span> <span class='ocrx_word' id='word_1_137' title='bbox 1741 1954 1851 2004; x_wconf 79' lang='lat' dir='ltr'><strong>nOn</strong></span> <span class='ocrx_word' id='word_1_138' title='bbox 1889 1965 2011 2021; x_wconf 84' lang='lat' dir='ltr'><strong>per-</strong></span> <span class='ocrx_word' id='word_1_139' title='bbox 2046 1933 2088 1987; x_wconf 81' lang='grc' dir='ltr'><strong>Β</strong></span> 
     </span>
    </p>
   </div>
   <div class='ocr_carea' id='block_1_21' title="bbox 429 2035 2014 2108">
    <p class='ocr_par' dir='ltr' id='par_1_21' title="bbox 429 2035 2014 2108">
     <span class='ocr_line' id='line_1_21' title="bbox 429 2035 2014 2108; baseline 0.006 -20"><span class='ocrx_word' id='word_1_140' title='bbox 429 2035 586 2100; x_wconf 72' lang='lat' dir='ltr'><strong>recte,</strong></span> <span class='ocrx_word' id='word_1_141' title='bbox 623 2051 802 2107; x_wconf 84' lang='lat' dir='ltr'><strong>neque</strong></span> <span class='ocrx_word' id='word_1_142' title='bbox 839 2037 1037 2092; x_wconf 72' lang='lat' dir='ltr'><strong>dotata:</strong></span> <span class='ocrx_word' id='word_1_143' title='bbox 1059 2036 1340 2093; x_wconf 90' lang='lat' dir='ltr'><strong>ducuntur</strong></span> <span class='ocrx_word' id='word_1_144' title='bbox 1379 2053 1410 2093; x_wconf 92' lang='lat' dir='ltr'><strong>a</strong></span> <span class='ocrx_word' id='word_1_145' title='bbox 1458 2040 1631 2108; x_wconf 82' lang='lat' dir='ltr'><strong>viris;</strong></span> <span class='ocrx_word' id='word_1_146' title='bbox 1681 2056 1748 2096; x_wconf 90' lang='lat' dir='ltr'><strong>ac</strong></span> <span class='ocrx_word' id='word_1_147' title='bbox 1795 2044 2014 2097; x_wconf 86' lang='lat' dir='ltr'><strong>tametsi</strong></span> 
     </span>
    </p>
   </div>
   <div class='ocr_carea' id='block_1_22' title="bbox 429 2129 2012 2200">
    <p class='ocr_par' dir='ltr' id='par_1_22' title="bbox 429 2129 2012 2200">
     <span class='ocr_line' id='line_1_22' title="bbox 429 2129 2012 2200; baseline 0.003 -18"><span class='ocrx_word' id='word_1_148' title='bbox 429 2129 747 2184; x_wconf 85' lang='lat' dir='ltr'><strong>nonnullam</strong></span> <span class='ocrx_word' id='word_1_149' title='bbox 771 2143 896 2184; x_wconf 90' lang='lat' dir='ltr'><strong>cum</strong></span> <span class='ocrx_word' id='word_1_150' title='bbox 921 2129 1165 2183; x_wconf 86' lang='lat' dir='ltr'><strong>virorum</strong></span> <span class='ocrx_word' id='word_1_151' title='bbox 1191 2129 1518 2200; x_wconf 87' lang='lat' dir='ltr'><strong>corporibus</strong></span> <span class='ocrx_word' id='word_1_152' title='bbox 1550 2132 2012 2188; x_wconf 87' lang='lat' dir='ltr'><strong>necessitudinem</strong></span> 
     </span>
    </p>
   </div>
   <div class='ocr_carea' id='block_1_23' title="bbox 411 2220 2014 2295">
    <p class='ocr_par' dir='ltr' id='par_1_23' title="bbox 411 2220 2014 2295">
     <span class='ocr_line' id='line_1_23' title="bbox 411 2220 2014 2295; baseline 0.002 -20"><span class='ocrx_word' id='word_1_153' title='bbox 411 2220 771 2286; x_wconf 82' lang='lat' dir='ltr'><strong>contrahant,</strong></span> <span class='ocrx_word' id='word_1_154' title='bbox 821 2220 1006 2275; x_wconf 68' lang='lat' dir='ltr'><strong>liberae</strong></span> <span class='ocrx_word' id='word_1_155' title='bbox 1035 2220 1393 2278; x_wconf 88' lang='lat' dir='ltr'><strong>nihilominus</strong></span> <span class='ocrx_word' id='word_1_156' title='bbox 1437 2222 1648 2278; x_wconf 89' lang='lat' dir='ltr'><strong>honore</strong></span> <span class='ocrx_word' id='word_1_157' title='bbox 1679 2224 1933 2295; x_wconf 81' lang='lat' dir='ltr'><strong>conjugis</strong></span> <span class='ocrx_word' id='word_1_158' title='bbox 1960 2234 2014 2280; x_wconf 91' lang='lat' dir='ltr'><strong>et</strong></span> 
     </span>
    </p>
   </div>
   <div class='ocr_carea' id='block_1_24' title="bbox 426 2310 2014 2383">
    <p class='ocr_par' dir='ltr' id='par_1_24' title="bbox 426 2310 2014 2383">
     <span class='ocr_line' id='line_1_24' title="bbox 426 2310 2014 2383; baseline 0.005 -20"><span class='ocrx_word' id='word_1_159' title='bbox 426 2311 788 2383; x_wconf 84' lang='lat' dir='ltr'><strong>appellatione</strong></span> <span class='ocrx_word' id='word_1_160' title='bbox 823 2325 889 2365; x_wconf 90' lang='lat' dir='ltr'><strong>ac</strong></span> <span class='ocrx_word' id='word_1_161' title='bbox 924 2310 1183 2367; x_wconf 84' lang='lat' dir='ltr'><strong>firmitate</strong></span> <span class='ocrx_word' id='word_1_162' title='bbox 1208 2352 1223 2376; x_wconf 96' lang='lat'><strong>,</strong></span> <span class='ocrx_word' id='word_1_163' title='bbox 1270 2313 1419 2377; x_wconf 90' lang='lat' dir='ltr'><strong>dote,</strong></span> <span class='ocrx_word' id='word_1_164' title='bbox 1468 2315 1806 2383; x_wconf 83' lang='lat' dir='ltr'><strong>nuptialibus</strong></span> <span class='ocrx_word' id='word_1_165' title='bbox 1852 2315 2014 2372; x_wconf 88' lang='lat' dir='ltr'><strong>donis</strong></span> 
     </span>
    </p>
   </div>
   <div class='ocr_carea' id='block_1_25' title="bbox 415 2401 2017 2474">
    <p class='ocr_par' dir='ltr' id='par_1_25' title="bbox 415 2401 2017 2474">
     <span class='ocr_line' id='line_1_25' title="bbox 415 2401 2017 2474; baseline 0.002 -18"><span class='ocrx_word' id='word_1_166' title='bbox 415 2418 492 2458; x_wconf 80' lang='lat' dir='ltr'><strong>ac</strong></span> <span class='ocrx_word' id='word_1_167' title='bbox 529 2403 856 2457; x_wconf 87' lang='lat' dir='ltr'><strong>muneribus</strong></span> <span class='ocrx_word' id='word_1_168' title='bbox 883 2441 898 2466; x_wconf 92' lang='lat'><strong>,</strong></span> <span class='ocrx_word' id='word_1_169' title='bbox 950 2402 1195 2472; x_wconf 87' lang='lat' dir='ltr'><strong>legitima</strong></span> <span class='ocrx_word' id='word_1_170' title='bbox 1229 2401 1466 2472; x_wconf 90' lang='lat' dir='ltr'><strong>denique</strong></span> <span class='ocrx_word' id='word_1_171' title='bbox 1507 2404 1896 2474; x_wconf 84' lang='lat' dir='ltr'><strong>conjunctione</strong></span> <span class='ocrx_word' id='word_1_172' title='bbox 1929 2419 2017 2460; x_wconf 89' lang='lat' dir='ltr'><strong>ca-</strong></span> 
     </span>
    </p>
   </div>
   <div class='ocr_carea' id='block_1_26' title="bbox 425 2493 2016 2567">
    <p class='ocr_par' dir='ltr' id='par_1_26' title="bbox 425 2493 2016 2567">
     <span class='ocr_line' id='line_1_26' title="bbox 425 2493 2016 2567; baseline 0.003 -20"><span class='ocrx_word' id='word_1_173' title='bbox 425 2502 568 2551; x_wconf 84' lang='lat' dir='ltr'><strong>rent.</strong></span> <span class='ocrx_word' id='word_1_174' title='bbox 607 2493 886 2564; x_wconf 83' lang='lat' dir='ltr'><strong>Ejusmodi</strong></span> <span class='ocrx_word' id='word_1_175' title='bbox 920 2502 1050 2549; x_wconf 89' lang='lat' dir='ltr'><strong>sunt</strong></span> <span class='ocrx_word' id='word_1_176' title='bbox 1082 2495 1362 2566; x_wconf 80' lang='lat' dir='ltr'><strong>octoginta</strong></span> <span class='ocrx_word' id='word_1_177' title='bbox 1387 2495 1492 2550; x_wconf 80' lang='lat' dir='ltr'><strong>illae</strong></span> <span class='ocrx_word' id='word_1_178' title='bbox 1523 2496 1844 2567; x_wconf 86' lang='lat' dir='ltr'><strong>singillatim</strong></span> <span class='ocrx_word' id='word_1_179' title='bbox 1871 2511 1901 2550; x_wconf 91' lang='lat' dir='ltr'><strong>a</strong></span> <span class='ocrx_word' id='word_1_180' title='bbox 1929 2512 2016 2552; x_wconf 91' lang='lat' dir='ltr'><strong>me</strong></span> 
     </span>
    </p>
   </div>
   <div class='ocr_carea' id='block_1_27' title="bbox 427 2587 2012 2658">
    <p class='ocr_par' dir='ltr' id='par_1_27' title="bbox 427 2587 2012 2658">
     <span class='ocr_line' id='line_1_27' title="bbox 427 2587 2012 2658; baseline 0.001 -17"><span class='ocrx_word' id='word_1_181' title='bbox 427 2589 746 2657; x_wconf 83' lang='lat' dir='ltr'><strong>percensitae</strong></span> <span class='ocrx_word' id='word_1_182' title='bbox 784 2588 1042 2643; x_wconf 71' lang='lat' dir='ltr'><strong>hau-eses.</strong></span> <span class='ocrx_word' id='word_1_183' title='bbox 1088 2587 1149 2642; x_wconf 88' lang='lat' dir='ltr'><strong>In</strong></span> <span class='ocrx_word' id='word_1_184' title='bbox 1191 2587 1393 2658; x_wconf 84' lang='lat' dir='ltr'><strong>quibus</strong></span> <span class='ocrx_word' id='word_1_185' title='bbox 1427 2587 1626 2641; x_wconf 90' lang='lat' dir='ltr'><strong>mirum</strong></span> <span class='ocrx_word' id='word_1_186' title='bbox 1669 2589 1802 2642; x_wconf 87' lang='lat' dir='ltr'><strong>illud</strong></span> <span class='ocrx_word' id='word_1_187' title='bbox 1845 2588 2012 2643; x_wconf 88' lang='lat' dir='ltr'><strong>videri</strong></span> 
     </span>
    </p>
   </div>
   <div class='ocr_carea' id='block_1_28' title="bbox 426 2679 2015 2750">
    <p class='ocr_par' dir='ltr' id='par_1_28' title="bbox 426 2679 2015 2750">
     <span class='ocr_line' id='line_1_28' title="bbox 426 2679 2015 2750; baseline 0.001 -16"><span class='ocrx_word' id='word_1_188' title='bbox 426 2681 629 2735; x_wconf 83' lang='lat' dir='ltr'><strong>nemini</strong></span> <span class='ocrx_word' id='word_1_189' title='bbox 653 2681 835 2744; x_wconf 86' lang='lat' dir='ltr'><strong>debet,</strong></span> <span class='ocrx_word' id='word_1_190' title='bbox 867 2679 914 2734; x_wconf 93' lang='lat' dir='ltr'><strong>si</strong></span> <span class='ocrx_word' id='word_1_191' title='bbox 947 2680 1003 2733; x_wconf 93' lang='lat' dir='ltr'><strong>in</strong></span> <span class='ocrx_word' id='word_1_192' title='bbox 1031 2694 1361 2750; x_wconf 89' lang='lat' dir='ltr'><strong>unaquaque</strong></span> <span class='ocrx_word' id='word_1_193' title='bbox 1389 2680 1612 2749; x_wconf 86' lang='lat' dir='ltr'><strong>regione</strong></span> <span class='ocrx_word' id='word_1_194' title='bbox 1642 2679 1868 2750; x_wconf 66' lang='lat' dir='ltr'><strong>singulae</strong></span> <span class='ocrx_word' id='word_1_195' title='bbox 1893 2679 2015 2735; x_wconf 85' lang='lat' dir='ltr'><strong>aliis</strong></span> 
     </span>
    </p>
   </div>
   <div class='ocr_carea' id='block_1_29' title="bbox 425 2769 2014 2843">
    <p class='ocr_par' dir='ltr' id='par_1_29' title="bbox 425 2769 2014 2843">
     <span class='ocr_line' id='line_1_29' title="bbox 425 2769 2014 2843; baseline -0.001 -16"><span class='ocrx_word' id='word_1_196' title='bbox 425 2771 756 2843; x_wconf 86' lang='lat' dir='ltr'><strong>quibusdam</strong></span> <span class='ocrx_word' id='word_1_197' title='bbox 786 2771 1104 2828; x_wconf 86' lang='lat' dir='ltr'><strong>nominibus</strong></span> <span class='ocrx_word' id='word_1_198' title='bbox 1149 2771 1290 2826; x_wconf 76' lang='lat' dir='ltr'><strong>allici</strong></span> <span class='ocrx_word' id='word_1_199' title='bbox 1323 2772 1556 2826; x_wconf 88' lang='lat' dir='ltr'><strong>soleant.</strong></span> <span class='ocrx_word' id='word_1_200' title='bbox 1599 2769 1741 2837; x_wconf 84' lang='lat' dir='ltr'><strong>Quin</strong></span> <span class='ocrx_word' id='word_1_201' title='bbox 1782 2779 1838 2826; x_wconf 91' lang='lat' dir='ltr'><strong>et</strong></span> <span class='ocrx_word' id='word_1_202' title='bbox 1880 2771 2014 2825; x_wconf 90' lang='lat' dir='ltr'><strong>illud</strong></span> 
     </span>
    </p>
   </div>
   <div class='ocr_carea' id='block_1_30' title="bbox 425 2862 2016 2934">
    <p class='ocr_par' dir='ltr' id='par_1_30' title="bbox 425 2862 2016 2934">
     <span class='ocr_line' id='line_1_30' title="bbox 425 2862 2016 2934; baseline -0.002 -15"><span class='ocrx_word' id='word_1_203' title='bbox 425 2865 807 2922; x_wconf 82' lang='lat' dir='ltr'><strong>observatione</strong></span> <span class='ocrx_word' id='word_1_204' title='bbox 844 2863 1068 2934; x_wconf 86' lang='lat' dir='ltr'><strong>dignum</strong></span> <span class='ocrx_word' id='word_1_205' title='bbox 1120 2871 1239 2928; x_wconf 87' lang='lat' dir='ltr'><strong>est,</strong></span> <span class='ocrx_word' id='word_1_206' title='bbox 1293 2877 1670 2932; x_wconf 62' lang='lat' dir='ltr'><strong>smpenumero</strong></span> <span class='ocrx_word' id='word_1_207' title='bbox 1713 2862 2016 2932; x_wconf 83' lang='lat' dir='ltr'><strong>quamlibet</strong></span> 
     </span>
    </p>
   </div>
   <div class='ocr_carea' id='block_1_31' title="bbox 427 2953 2014 3030">
    <p class='ocr_par' dir='ltr' id='par_1_31' title="bbox 427 2953 2014 3030">
     <span class='ocr_line' id='line_1_31' title="bbox 427 2953 2014 3030; baseline -0.002 -17"><span class='ocrx_word' id='word_1_208' title='bbox 427 2974 524 3030; x_wconf 83' lang='lat' dir='ltr'><strong>per</strong></span> <span class='ocrx_word' id='word_1_209' title='bbox 576 2973 695 3013; x_wconf 87' lang='lat' dir='ltr'><strong>sese</strong></span> <span class='ocrx_word' id='word_1_210' title='bbox 733 2957 986 3012; x_wconf 68' lang='lat' dir='ltr'><strong>haeresim</strong></span> <span class='ocrx_word' id='word_1_211' title='bbox 1039 2956 1268 3011; x_wconf 80' lang='lat' dir='ltr'><strong>scissam</strong></span> <span class='ocrx_word' id='word_1_212' title='bbox 1322 2969 1385 3008; x_wconf 89' lang='lat' dir='ltr'><strong>ac</strong></span> <span class='ocrx_word' id='word_1_213' title='bbox 1436 2953 1666 3009; x_wconf 91' lang='lat' dir='ltr'><strong>divisam</strong></span> <span class='ocrx_word' id='word_1_214' title='bbox 1715 2955 1778 3009; x_wconf 75' lang='lat' dir='ltr'><strong>.in</strong></span> <span class='ocrx_word' id='word_1_215' title='bbox 1830 2954 2014 3010; x_wconf 85' lang='lat' dir='ltr'><strong>varias</strong></span> 
     </span>
    </p>
   </div>
   <div class='ocr_carea' id='block_1_32' title="bbox 428 3044 2013 3119">
    <p class='ocr_par' dir='ltr' id='par_1_32' title="bbox 428 3044 2013 3119">
     <span class='ocr_line' id='line_1_32' title="bbox 428 3044 2013 3119; baseline -0.003 -17"><span class='ocrx_word' id='word_1_216' title='bbox 428 3057 612 3119; x_wconf 81' lang='lat' dir='ltr'><strong>partes</strong></span> <span class='ocrx_word' id='word_1_217' title='bbox 638 3057 692 3103; x_wconf 89' lang='lat' dir='ltr'><strong>et</strong></span> <span class='ocrx_word' id='word_1_218' title='bbox 711 3049 979 3103; x_wconf 84' lang='lat' dir='ltr'><strong>vocabula</strong></span> <span class='ocrx_word' id='word_1_219' title='bbox 1003 3045 1236 3101; x_wconf 85' lang='lat' dir='ltr'><strong>distrahi</strong></span> <span class='ocrx_word' id='word_1_220' title='bbox 1262 3063 1275 3099; x_wconf 91' lang='lat'>:</span> <span class='ocrx_word' id='word_1_221' title='bbox 1297 3045 1464 3116; x_wconf 88' lang='lat' dir='ltr'><strong>quod,</strong></span> <span class='ocrx_word' id='word_1_222' title='bbox 1493 3056 1552 3100; x_wconf 90' lang='lat' dir='ltr'><strong>ut</strong></span> <span class='ocrx_word' id='word_1_223' title='bbox 1580 3045 1716 3110; x_wconf 78' lang='lat' dir='ltr'><strong>dixi,</strong></span> <span class='ocrx_word' id='word_1_224' title='bbox 1750 3044 2013 3099; x_wconf 88' lang='lat' dir='ltr'><strong>admirari</strong></span> 
     </span>
    </p>
   </div>
   <div class='ocr_carea' id='block_1_33' title="bbox 426 3135 2013 3210">
    <p class='ocr_par' dir='ltr' id='par_1_33' title="bbox 426 3135 2013 3210">
     <span class='ocr_line' id='line_1_33' title="bbox 426 3135 2013 3210; baseline -0.004 -15"><span class='ocrx_word' id='word_1_225' title='bbox 426 3157 535 3196; x_wconf 86' lang='lat' dir='ltr'><strong>non</strong></span> <span class='ocrx_word' id='word_1_226' title='bbox 575 3147 813 3210; x_wconf 87' lang='lat' dir='ltr'><strong>oportet,</strong></span> <span class='ocrx_word' id='word_1_227' title='bbox 845 3154 910 3194; x_wconf 90' lang='lat' dir='ltr'><strong>ac</strong></span> <span class='ocrx_word' id='word_1_228' title='bbox 940 3138 1101 3210; x_wconf 89' lang='lat' dir='ltr'><strong>plane</strong></span> <span class='ocrx_word' id='word_1_229' title='bbox 1133 3138 1209 3192; x_wconf 90' lang='lat' dir='ltr'><strong>ita</strong></span> <span class='ocrx_word' id='word_1_230' title='bbox 1249 3153 1370 3193; x_wconf 88' lang='lat' dir='ltr'><strong>sese</strong></span> <span class='ocrx_word' id='word_1_231' title='bbox 1402 3151 1494 3193; x_wconf 87' lang='lat' dir='ltr'><strong>res</strong></span> <span class='ocrx_word' id='word_1_232' title='bbox 1526 3137 1708 3191; x_wconf 86' lang='lat' dir='ltr'><strong>habet.</strong></span> <span class='ocrx_word' id='word_1_233' title='bbox 1741 3135 2013 3190; x_wconf 65' lang='lat' dir='ltr'><strong>Caeterum</strong></span> 
     </span>
    </p>
   </div>
   <div class='ocr_carea' id='block_1_34' title="bbox 423 3228 2014 3298">
    <p class='ocr_par' dir='ltr' id='par_1_34' title="bbox 423 3228 2014 3298">
     <span class='ocr_line' id='line_1_34' title="bbox 423 3228 2014 3298; baseline -0.005 -10"><span class='ocrx_word' id='word_1_234' title='bbox 423 3248 588 3288; x_wconf 75' lang='lat' dir='ltr'><strong>Luxu</strong></span> <span class='ocrx_word' id='word_1_235' title='bbox 623 3246 914 3288; x_wconf 85' lang='lat' dir='ltr'><strong>numerum</strong></span> <span class='ocrx_word' id='word_1_236' title='bbox 955 3230 1286 3293; x_wconf 83' lang='lat' dir='ltr'><strong>invenimus,</strong></span> <span class='ocrx_word' id='word_1_237' title='bbox 1326 3243 1496 3283; x_wconf 88' lang='lat' dir='ltr'><strong>unum</strong></span> <span class='ocrx_word' id='word_1_238' title='bbox 1535 3228 1757 3297; x_wconf 85' lang='lat' dir='ltr'><strong>quidem</strong></span> <span class='ocrx_word' id='word_1_239' title='bbox 1785 3236 2014 3298; x_wconf 83' lang='lat' dir='ltr'><strong>propter</strong></span> 
     </span>
    </p>
   </div>
   <div class='ocr_carea' id='block_1_35' title="bbox 426 3321 2012 3394">
    <p class='ocr_par' dir='ltr' id='par_1_35' title="bbox 426 3321 2012 3394">
     <span class='ocr_line' id='line_1_35' title="bbox 426 3321 2012 3394; baseline -0.006 -12"><span class='ocrx_word' id='word_1_240' title='bbox 426 3344 589 3382; x_wconf 89' lang='lat' dir='ltr'><strong>unam</strong></span> <span class='ocrx_word' id='word_1_241' title='bbox 627 3327 774 3382; x_wconf 87' lang='lat' dir='ltr'><strong>illam</strong></span> <span class='ocrx_word' id='word_1_242' title='bbox 819 3340 850 3379; x_wconf 81' lang='grc' dir='ltr'><strong>ιι</strong></span> <span class='ocrx_word' id='word_1_243' title='bbox 881 3325 1109 3394; x_wconf 87' lang='lat' dir='ltr'><strong>reliquis</strong></span> <span class='ocrx_word' id='word_1_244' title='bbox 1138 3322 1432 3390; x_wconf 86' lang='lat' dir='ltr'><strong>divulsam,</strong></span> <span class='ocrx_word' id='word_1_245' title='bbox 1467 3328 1520 3375; x_wconf 92' lang='lat' dir='ltr'><strong>et</strong></span> <span class='ocrx_word' id='word_1_246' title='bbox 1556 3321 1650 3374; x_wconf 93' lang='lat' dir='ltr'><strong>uni</strong></span> <span class='ocrx_word' id='word_1_247' title='bbox 1683 3321 2012 3389; x_wconf 87' lang='lat' dir='ltr'><strong>sponsotri-</strong></span> 
     </span>
    </p>
   </div>
   <div class='ocr_carea' id='block_1_36' title="bbox 425 3412 2008 3488">
    <p class='ocr_par' dir='ltr' id='par_1_36' title="bbox 425 3412 2008 3488">
     <span class='ocr_line' id='line_1_36' title="bbox 425 3412 2008 3488; baseline -0.004 -13"><span class='ocrx_word' id='word_1_248' title='bbox 425 3423 634 3482; x_wconf 85' lang='lat' dir='ltr'><strong>hutam,</strong></span> <span class='ocrx_word' id='word_1_249' title='bbox 667 3417 735 3473; x_wconf 91' lang='lat' dir='ltr'><strong>de</strong></span> <span class='ocrx_word' id='word_1_250' title='bbox 765 3432 872 3488; x_wconf 74' lang='lat' dir='ltr'><strong>qua</strong></span> <span class='ocrx_word' id='word_1_251' title='bbox 904 3415 1215 3474; x_wconf 85' lang='lat' dir='ltr'><strong>istiusmodi</strong></span> <span class='ocrx_word' id='word_1_252' title='bbox 1253 3415 1618 3485; x_wconf 87' lang='lat' dir='ltr'><strong>appellatione</strong></span> <span class='ocrx_word' id='word_1_253' title='bbox 1644 3412 2008 3468; x_wconf 84' lang='lat' dir='ltr'><strong>testificatur:</strong></span> 
     </span>
    </p>
   </div>
   <div class='ocr_carea' id='block_1_37' title="bbox 429 3504 2011 3575">
    <p class='ocr_par' dir='ltr' id='par_1_37' title="bbox 429 3504 2011 3575">
     <span class='ocr_line' id='line_1_37' title="bbox 429 3504 2011 3575; baseline -0.005 -9"><span class='ocrx_word' id='word_1_254' title='bbox 429 3511 546 3566; x_wconf 82' lang='lat' dir='ltr'><strong>Una</strong></span> <span class='ocrx_word' id='word_1_255' title='bbox 576 3520 652 3565; x_wconf 79' lang='lat' dir='ltr'><strong>est</strong></span> <span class='ocrx_word' id='word_1_256' title='bbox 685 3508 932 3562; x_wconf 84' lang='lat' dir='ltr'><strong>columba</strong></span> <span class='ocrx_word' id='word_1_257' title='bbox 978 3524 1096 3562; x_wconf 88' lang='lat' dir='ltr'><strong>mea</strong></span> <span class='ocrx_word' id='word_1_258' title='bbox 1126 3507 1180 3574; x_wconf 71' lang='grc'>⁸,</span> <span class='ocrx_word' id='word_1_259' title='bbox 1217 3513 1271 3562; x_wconf 89' lang='lat' dir='ltr'><strong>et</strong></span> <span class='ocrx_word' id='word_1_260' title='bbox 1317 3520 1531 3570; x_wconf 89' lang='lat' dir='ltr'><strong>rursus,</strong></span> <span class='ocrx_word' id='word_1_261' title='bbox 1564 3504 1796 3575; x_wconf 75' lang='lat' dir='ltr'><strong>perfecta</strong></span> <span class='ocrx_word' id='word_1_262' title='bbox 1826 3519 1942 3557; x_wconf 90' lang='lat' dir='ltr'><strong>mea</strong></span> <span class='ocrx_word' id='word_1_263' title='bbox 1965 3504 2011 3558; x_wconf 82' lang='grc'><strong>⁵.</strong></span> 
     </span>
    </p>
   </div>
   <div class='ocr_carea' id='block_1_38' title="bbox 423 3596 2015 3672">
    <p class='ocr_par' dir='ltr' id='par_1_38' title="bbox 423 3596 2015 3672">
     <span class='ocr_line' id='line_1_38' title="bbox 423 3596 2015 3672; baseline -0.004 -15"><span class='ocrx_word' id='word_1_264' title='bbox 423 3602 636 3671; x_wconf 86' lang='lat' dir='ltr'><strong>Quibus</strong></span> <span class='ocrx_word' id='word_1_265' title='bbox 659 3602 866 3656; x_wconf 89' lang='lat' dir='ltr'><strong>indicat</strong></span> <span class='ocrx_word' id='word_1_266' title='bbox 883 3599 1099 3672; x_wconf 64' lang='lat'><strong>1085.</strong></span> <span class='ocrx_word' id='word_1_267' title='bbox 1112 3598 1450 3655; x_wconf 88' lang='lat' dir='ltr'><strong>concubinas</strong></span> <span class='ocrx_word' id='word_1_268' title='bbox 1466 3612 1658 3651; x_wconf 78' lang='lat' dir='ltr'><strong>omnes</strong></span> <span class='ocrx_word' id='word_1_269' title='bbox 1674 3596 1941 3667; x_wconf 86' lang='lat' dir='ltr'><strong>ignobiles</strong></span> <span class='ocrx_word' id='word_1_270' title='bbox 1961 3603 2015 3651; x_wconf 90' lang='lat' dir='ltr'><strong>et</strong></span> 
     </span>
    </p>
   </div>
   <div class='ocr_carea' id='block_1_39' title="bbox 423 3689 2015 3758">
    <p class='ocr_par' dir='ltr' id='par_1_39' title="bbox 423 3689 2015 3758">
     <span class='ocr_line' id='line_1_39' title="bbox 423 3689 2015 3758; baseline -0.004 -8"><span class='ocrx_word' id='word_1_271' title='bbox 423 3696 690 3750; x_wconf 83' lang='lat' dir='ltr'><strong>obscuras</strong></span> <span class='ocrx_word' id='word_1_272' title='bbox 711 3708 853 3758; x_wconf 89' lang='lat' dir='ltr'><strong>esse,</strong></span> <span class='ocrx_word' id='word_1_273' title='bbox 875 3707 975 3748; x_wconf 91' lang='lat' dir='ltr'><strong>nec</strong></span> <span class='ocrx_word' id='word_1_274' title='bbox 992 3691 1303 3746; x_wconf 86' lang='lat' dir='ltr'><strong>innocentia</strong></span> <span class='ocrx_word' id='word_1_275' title='bbox 1325 3700 1418 3744; x_wconf 85' lang='lat' dir='ltr'><strong>aut</strong></span> <span class='ocrx_word' id='word_1_276' title='bbox 1435 3689 1686 3746; x_wconf 89' lang='lat' dir='ltr'><strong>castitate</strong></span> <span class='ocrx_word' id='word_1_277' title='bbox 1703 3703 1767 3743; x_wconf 91' lang='lat' dir='ltr'><strong>ac</strong></span> <span class='ocrx_word' id='word_1_278' title='bbox 1793 3689 2015 3744; x_wconf 86' lang='lat' dir='ltr'><strong>lenitate</strong></span> 
     </span>
    </p>
   </div>
   <div class='ocr_carea' id='block_1_40' title="bbox 424 3777 2015 3852">
    <p class='ocr_par' dir='ltr' id='par_1_40' title="bbox 424 3777 2015 3852">
     <span class='ocr_line' id='line_1_40' title="bbox 424 3777 2015 3852; baseline -0.004 -14"><span class='ocrx_word' id='word_1_279' title='bbox 424 3784 661 3840; x_wconf 86' lang='lat' dir='ltr'><strong>censeri.</strong></span> <span class='ocrx_word' id='word_1_280' title='bbox 694 3781 758 3836; x_wconf 87' lang='lat' dir='ltr'><strong>Et</strong></span> <span class='ocrx_word' id='word_1_281' title='bbox 778 3781 997 3852; x_wconf 87' lang='lat' dir='ltr'><strong>quidem</strong></span> <span class='ocrx_word' id='word_1_282' title='bbox 1017 3781 1084 3835; x_wconf 90' lang='lat' dir='ltr'><strong>ab</strong></span> <span class='ocrx_word' id='word_1_283' title='bbox 1101 3780 1259 3835; x_wconf 88' lang='lat' dir='ltr'><strong>initio</strong></span> <span class='ocrx_word' id='word_1_284' title='bbox 1285 3795 1314 3834; x_wconf 91' lang='lat' dir='ltr'><strong>a</strong></span> <span class='ocrx_word' id='word_1_285' title='bbox 1343 3779 1694 3835; x_wconf 84' lang='lat' dir='ltr'><strong>Barbarismo</strong></span> <span class='ocrx_word' id='word_1_286' title='bbox 1710 3793 1774 3833; x_wconf 92' lang='lat' dir='ltr'><strong>ac</strong></span> <span class='ocrx_word' id='word_1_287' title='bbox 1800 3777 2015 3850; x_wconf 86' lang='lat' dir='ltr'><strong>Scythi-</strong></span> 
     </span>
    </p>
   </div>
   <div class='ocr_carea' id='block_1_41' title="bbox 425 3868 2010 3946">
    <p class='ocr_par' dir='ltr' id='par_1_41' title="bbox 425 3868 2010 3946">
     <span class='ocr_line' id='line_1_41' title="bbox 425 3868 2010 3946; baseline -0.004 -15"><span class='ocrx_word' id='word_1_288' title='bbox 425 3889 546 3931; x_wconf 83' lang='lat' dir='ltr'><strong>smo</strong></span> <span class='ocrx_word' id='word_1_289' title='bbox 569 3875 637 3929; x_wconf 91' lang='lat' dir='ltr'><strong>ad</strong></span> <span class='ocrx_word' id='word_1_290' title='bbox 660 3881 965 3946; x_wconf 87' lang='lat' dir='ltr'><strong>postremos</strong></span> <span class='ocrx_word' id='word_1_291' title='bbox 989 3887 1164 3943; x_wconf 85' lang='lat' dir='ltr'><strong>usque</strong></span> <span class='ocrx_word' id='word_1_292' title='bbox 1188 3871 1758 3935; x_wconf 80' lang='lat' dir='ltr'><strong>Massalianos,-Lxxv1.</strong></span> <span class='ocrx_word' id='word_1_293' title='bbox 1781 3868 2010 3942; x_wconf 74' lang='lat' dir='ltr'><strong>[tum]</strong></span> 
     </span>
    </p>
   </div>
   <div class='ocr_carea' id='block_1_42' title="bbox 413 3962 2014 4037">
    <p class='ocr_par' dir='ltr' id='par_1_42' title="bbox 413 3962 2014 4037">
     <span class='ocr_line' id='line_1_42' title="bbox 413 3962 2014 4037; baseline -0.002 -18"><span class='ocrx_word' id='word_1_294' title='bbox 413 3969 664 4025; x_wconf 67' lang='lat' dir='ltr'><strong>haereses</strong></span> <span class='ocrx_word' id='word_1_295' title='bbox 688 3965 944 4037; x_wconf 55' lang='lat' dir='ltr'><strong>ascripta!</strong></span> <span class='ocrx_word' id='word_1_296' title='bbox 965 3972 1112 4021; x_wconf 88' lang='lat' dir='ltr'><strong>sunt.</strong></span> <span class='ocrx_word' id='word_1_297' title='bbox 1129 3963 1212 4018; x_wconf 88' lang='lat' dir='ltr'><strong>Ad</strong></span> <span class='ocrx_word' id='word_1_298' title='bbox 1226 3979 1364 4034; x_wconf 89' lang='lat' dir='ltr'><strong>quas</strong></span> <span class='ocrx_word' id='word_1_299' title='bbox 1382 3962 1713 4018; x_wconf 82' lang='lat' dir='ltr'><strong>Hellenismo</strong></span> <span class='ocrx_word' id='word_1_300' title='bbox 1727 3962 1868 4017; x_wconf 91' lang='lat' dir='ltr'><strong>unde</strong></span> <span class='ocrx_word' id='word_1_301' title='bbox 1883 3978 2014 4033; x_wconf 87' lang='lat' dir='ltr'><strong>gen-</strong></span> 
     </span>
    </p>
   </div>
   <div class='ocr_carea' id='block_1_43' title="bbox 417 4050 2015 4123">
    <p class='ocr_par' dir='ltr' id='par_1_43' title="bbox 417 4050 2015 4123">
     <span class='ocr_line' id='line_1_43' title="bbox 417 4050 2015 4123; baseline -0.003 -14"><span class='ocrx_word' id='word_1_302' title='bbox 417 4056 604 4112; x_wconf 64' lang='lat' dir='ltr'><strong>tilium</strong></span> <span class='ocrx_word' id='word_1_303' title='bbox 634 4063 816 4120; x_wconf 63' lang='lat' dir='ltr'><strong>sectae,</strong></span> <span class='ocrx_word' id='word_1_304' title='bbox 853 4062 908 4110; x_wconf 88' lang='lat' dir='ltr'><strong>et</strong></span> <span class='ocrx_word' id='word_1_305' title='bbox 934 4051 1228 4110; x_wconf 74' lang='lat' dir='ltr'><strong>Judaismo</strong></span> <span class='ocrx_word' id='word_1_306' title='bbox 1261 4069 1292 4108; x_wconf 91' lang='lat' dir='ltr'><strong>a</strong></span> <span class='ocrx_word' id='word_1_307' title='bbox 1325 4068 1434 4123; x_wconf 87' lang='lat' dir='ltr'><strong>quo</strong></span> <span class='ocrx_word' id='word_1_308' title='bbox 1470 4050 1735 4117; x_wconf 68' lang='lat' dir='ltr'><strong>Judaicae,</strong></span> <span class='ocrx_word' id='word_1_309' title='bbox 1773 4051 2015 4106; x_wconf 89' lang='lat' dir='ltr'><strong>Samari-</strong></span> 
     </span>
    </p>
   </div>
   <div class='ocr_carea' id='block_1_44' title="bbox 407 4145 2011 4220">
    <p class='ocr_par' dir='ltr' id='par_1_44' title="bbox 407 4145 2011 4220">
     <span class='ocr_line' id='line_1_44' title="bbox 407 4145 2011 4220; baseline -0.004 -16"><span class='ocrx_word' id='word_1_310' title='bbox 407 4160 788 4220; x_wconf 47' lang='lat' dir='ltr'><strong>‘tanorumque</strong></span> <span class='ocrx_word' id='word_1_311' title='bbox 842 4148 1083 4204; x_wconf 81' lang='lat' dir='ltr'><strong>factione</strong></span> <span class='ocrx_word' id='word_1_312' title='bbox 1126 4146 1271 4203; x_wconf 88' lang='lat' dir='ltr'><strong>unde</strong></span> <span class='ocrx_word' id='word_1_313' title='bbox 1307 4145 1648 4200; x_wconf 69' lang='lat' dir='ltr'><strong>Samaritica:</strong></span> <span class='ocrx_word' id='word_1_314' title='bbox 1683 4152 2011 4209; x_wconf 84' lang='lat' dir='ltr'><strong>manarunt,</strong></span> 
     </span>
    </p>
   </div>
   <div class='ocr_carea' id='block_1_45' title="bbox 2124 672 3703 746">
    <p class='ocr_par' dir='ltr' id='par_1_45' title="bbox 2124 672 3703 746">
     <span class='ocr_line' id='line_1_45' title="bbox 2124 672 3703 746; baseline 0.003 -22"><span class='ocrx_word' id='word_1_315' title='bbox 2124 673 2232 725; x_wconf 74' lang='grc' dir='ltr'><strong>πᾶν</strong></span> <span class='ocrx_word' id='word_1_316' title='bbox 2253 674 2352 725; x_wconf 83' lang='grc' dir='ltr'><strong>οὐκ</strong></span> <span class='ocrx_word' id='word_1_317' title='bbox 2377 673 2656 744; x_wconf 75' lang='grc' dir='ltr'><strong>ἀλλότριαι</strong></span> <span class='ocrx_word' id='word_1_318' title='bbox 2677 672 2996 744; x_wconf 80' lang='grc' dir='ltr'>γεγένηνται</span> <span class='ocrx_word' id='word_1_319' title='bbox 3025 673 3290 745; x_wconf 83' lang='grc' dir='ltr'><strong>διαθήκης</strong></span> <span class='ocrx_word' id='word_1_320' title='bbox 3317 674 3410 728; x_wconf 73' lang='grc' dir='ltr'>καὶ</span> <span class='ocrx_word' id='word_1_321' title='bbox 3443 675 3703 746; x_wconf 89' lang='grc' dir='ltr'>κληρονο-</span> 
     </span>
    </p>
   </div>
   <div class='ocr_carea' id='block_1_46' title="bbox 2124 765 3701 841">
    <p class='ocr_par' dir='ltr' id='par_1_46' title="bbox 2124 765 3701 841">
     <span class='ocr_line' id='line_1_46' title="bbox 2124 765 3701 841; baseline 0.003 -23"><span class='ocrx_word' id='word_1_322' title='bbox 2124 766 2270 836; x_wconf 88' lang='grc' dir='ltr'>μίας,</span> <span class='ocrx_word' id='word_1_323' title='bbox 2301 765 2374 837; x_wconf 82' lang='grc' dir='ltr'>μὴ</span> <span class='ocrx_word' id='word_1_324' title='bbox 2417 767 2878 838; x_wconf 82' lang='grc' dir='ltr'>πεπροικισμέναι</span> <span class='ocrx_word' id='word_1_325' title='bbox 2910 767 2966 820; x_wconf 85' lang='grc' dir='ltr'>δὲ</span> <span class='ocrx_word' id='word_1_326' title='bbox 2995 768 3098 821; x_wconf 80' lang='grc' dir='ltr'>ὑπὸ</span> <span class='ocrx_word' id='word_1_327' title='bbox 3132 767 3226 821; x_wconf 78' lang='grc' dir='ltr'>τοῦ</span> <span class='ocrx_word' id='word_1_328' title='bbox 3256 769 3452 837; x_wconf 87' lang='grc' dir='ltr'>Λόγου,</span> <span class='ocrx_word' id='word_1_329' title='bbox 3499 769 3592 822; x_wconf 77' lang='grc' dir='ltr'>καὶ</span> <span class='ocrx_word' id='word_1_330' title='bbox 3627 768 3701 841; x_wconf 80' lang='grc' dir='ltr'>μὴ</span> 
     </span>
    </p>
   </div>
   <div class='ocr_carea' id='block_1_47' title="bbox 2119 857 3701 931">
    <p class='ocr_par' dir='ltr' id='par_1_47' title="bbox 2119 857 3701 931">
     <span class='ocr_line' id='line_1_47' title="bbox 2119 857 3701 931; baseline 0.003 -22"><span class='ocrx_word' id='word_1_331' title='bbox 2119 857 2406 927; x_wconf 80' lang='grc' dir='ltr'>δεξάμεναι</span> <span class='ocrx_word' id='word_1_332' title='bbox 2440 858 2708 930; x_wconf 82' lang='grc' dir='ltr'>ὑποδοχὴν</span> <span class='ocrx_word' id='word_1_333' title='bbox 2757 859 2850 912; x_wconf 82' lang='grc' dir='ltr'>τοῦ</span> <span class='ocrx_word' id='word_1_334' title='bbox 2893 861 3050 927; x_wconf 87' lang='grc' dir='ltr'>ἁγίου</span> <span class='ocrx_word' id='word_1_335' title='bbox 3083 860 3420 931; x_wconf 83' lang='grc' dir='ltr'>Πνεύματος,</span> <span class='ocrx_word' id='word_1_336' title='bbox 3455 861 3612 930; x_wconf 91' lang='grc' dir='ltr'>μόνον</span> <span class='ocrx_word' id='word_1_337' title='bbox 3644 863 3701 914; x_wconf 81' lang='grc' dir='ltr'>δὲ</span> 
     </span>
    </p>
   </div>
   <div class='ocr_carea' id='block_1_48' title="bbox 2122 947 3694 1022">
    <p class='ocr_par' dir='ltr' id='par_1_48' title="bbox 2122 947 3694 1022">
     <span class='ocr_line' id='line_1_48' title="bbox 2122 947 3694 1022; baseline 0.004 -22"><span class='ocrx_word' id='word_1_338' title='bbox 2122 947 2414 1017; x_wconf 85' lang='grc' dir='ltr'>συνάφειαν</span> <span class='ocrx_word' id='word_1_339' title='bbox 2435 949 2538 1002; x_wconf 80' lang='grc' dir='ltr'><strong>ὑπὸ</strong></span> <span class='ocrx_word' id='word_1_340' title='bbox 2565 950 2866 1019; x_wconf 76' lang='grc' dir='ltr'>συνείδησιν</span> <span class='ocrx_word' id='word_1_341' title='bbox 2896 950 3030 1020; x_wconf 76' lang='grc' dir='ltr'>πρὸς</span> <span class='ocrx_word' id='word_1_342' title='bbox 3059 950 3150 1003; x_wconf 78' lang='grc' dir='ltr'><strong>τὸν</strong></span> <span class='ocrx_word' id='word_1_343' title='bbox 3183 951 3354 1020; x_wconf 81' lang='grc' dir='ltr'>Λόγον</span> <span class='ocrx_word' id='word_1_344' title='bbox 3387 954 3694 1022; x_wconf 83' lang='grc' dir='ltr'>ὲσχηκυῖαι.</span> 
     </span>
    </p>
   </div>
   <div class='ocr_carea' id='block_1_49' title="bbox 2120 1041 3700 1114">
    <p class='ocr_par' dir='ltr' id='par_1_49' title="bbox 2120 1041 3700 1114">
     <span class='ocr_line' id='line_1_49' title="bbox 2120 1041 3700 1114; baseline 0 -20"><span class='ocrx_word' id='word_1_345' title='bbox 2120 1042 2315 1106; x_wconf 81' lang='grc' dir='ltr'>Καλῶς</span> <span class='ocrx_word' id='word_1_346' title='bbox 2337 1042 2445 1112; x_wconf 81' lang='grc' dir='ltr'>γὰρ</span> <span class='ocrx_word' id='word_1_347' title='bbox 2461 1044 2488 1095; x_wconf 92' lang='grc' dir='ltr'><strong>ό</strong></span> <span class='ocrx_word' id='word_1_348' title='bbox 2520 1041 2768 1112; x_wconf 79' lang='grc' dir='ltr'>Ἐϐραῖος</span> <span class='ocrx_word' id='word_1_349' title='bbox 2783 1042 2901 1110; x_wconf 79' lang='grc' dir='ltr'><strong>τὴν</strong></span> <span class='ocrx_word' id='word_1_350' title='bbox 2915 1042 3260 1096; x_wconf 74' lang='grc' dir='ltr'>παλλακίδα</span> <span class='ocrx_word' id='word_1_351' title='bbox 3276 1042 3503 1114; x_wconf 83' lang='grc' dir='ltr'>ἔφρασε,</span> <span class='ocrx_word' id='word_1_352' title='bbox 3521 1043 3700 1113; x_wconf 82' lang='grc' dir='ltr'><strong>φήσας</strong></span> 
     </span>
    </p>
   </div>
   <div class='ocr_carea' id='block_1_50' title="bbox 2119 1132 3690 1205">
    <p class='ocr_par' dir='ltr' id='par_1_50' title="bbox 2119 1132 3690 1205">
     <span class='ocr_line' id='line_1_50' title="bbox 2119 1132 3690 1205; baseline -0.001 -18"><span class='ocrx_word' id='word_1_353' title='bbox 2119 1132 2793 1204; x_wconf 63' lang='grc' dir='ltr'>αὑτῇβίίφελέγεσθα·</span> <span class='ocrx_word' id='word_1_354' title='bbox 2827 1134 3016 1204; x_wconf 83' lang='grc' dir='ltr'>φελὲγ,</span> <span class='ocrx_word' id='word_1_355' title='bbox 3041 1133 3070 1187; x_wconf 81' lang='grc' dir='ltr'><strong>ὅ</strong></span> <span class='ocrx_word' id='word_1_356' title='bbox 3100 1134 3456 1205; x_wconf 77' lang='grc' dir='ltr'><strong>ἑρμηνεύεται</strong></span> <span class='ocrx_word' id='word_1_357' title='bbox 3479 1133 3690 1203; x_wconf 81' lang='grc' dir='ltr'>ἣμισυ·</span> 
     </span>
    </p>
   </div>
   <div class='ocr_carea' id='block_1_51' title="bbox 2119 1221 3697 1295">
    <p class='ocr_par' dir='ltr' id='par_1_51' title="bbox 2119 1221 3697 1295">
     <span class='ocr_line' id='line_1_51' title="bbox 2119 1221 3697 1295; baseline 0.002 -21"><span class='ocrx_word' id='word_1_358' title='bbox 2119 1221 2273 1286; x_wconf 78' lang='grc' dir='ltr'>ἔσϐα,</span> <span class='ocrx_word' id='word_1_359' title='bbox 2310 1221 2486 1292; x_wconf 63' lang='grc' dir='ltr'>γυνή’</span> <span class='ocrx_word' id='word_1_360' title='bbox 2523 1223 2612 1278; x_wconf 82' lang='grc' dir='ltr'>ἵνα</span> <span class='ocrx_word' id='word_1_361' title='bbox 2654 1223 2813 1295; x_wconf 71' lang='grc' dir='ltr'>εἴπῃ,</span> <span class='ocrx_word' id='word_1_362' title='bbox 2858 1225 3030 1295; x_wconf 79' lang='grc' dir='ltr'>ἥμισυ</span> <span class='ocrx_word' id='word_1_363' title='bbox 3081 1225 3359 1292; x_wconf 86' lang='grc' dir='ltr'>γυναικός.</span> <span class='ocrx_word' id='word_1_364' title='bbox 3407 1227 3568 1277; x_wconf 75' lang='grc' dir='ltr'>Ὅσον</span> <span class='ocrx_word' id='word_1_365' title='bbox 3601 1225 3697 1295; x_wconf 76' lang='grc' dir='ltr'>μὲν</span> 
     </span>
    </p>
   </div>
   <div class='ocr_carea' id='block_1_52' title="bbox 2119 1309 3696 1388">
    <p class='ocr_par' dir='ltr' id='par_1_52' title="bbox 2119 1309 3696 1388">
     <span class='ocr_line' id='line_1_52' title="bbox 2119 1309 3696 1388; baseline 0.002 -22"><span class='ocrx_word' id='word_1_366' title='bbox 2119 1314 2228 1386; x_wconf 80' lang='grc' dir='ltr'><strong>γὰρ</strong></span> <span class='ocrx_word' id='word_1_367' title='bbox 2253 1309 2388 1385; x_wconf 86' lang='grc' dir='ltr'>ἦκεν</span> <span class='ocrx_word' id='word_1_368' title='bbox 2419 1318 2499 1379; x_wconf 85' lang='grc' dir='ltr'><strong>είς</strong></span> <span class='ocrx_word' id='word_1_369' title='bbox 2530 1315 2621 1368; x_wconf 80' lang='grc' dir='ltr'><strong>τὸν</strong></span> <span class='ocrx_word' id='word_1_370' title='bbox 2642 1315 2868 1388; x_wconf 77' lang='grc' dir='ltr'><strong>Κύριον,</strong></span> <span class='ocrx_word' id='word_1_371' title='bbox 2901 1319 3109 1382; x_wconf 81' lang='grc' dir='ltr'><strong>πάντας</strong></span> <span class='ocrx_word' id='word_1_372' title='bbox 3140 1316 3408 1387; x_wconf 78' lang='grc' dir='ltr'><strong>κέκληκεν</strong></span> <span class='ocrx_word' id='word_1_373' title='bbox 3437 1319 3517 1380; x_wconf 82' lang='grc' dir='ltr'><strong>εἰς</strong></span> <span class='ocrx_word' id='word_1_374' title='bbox 3547 1317 3696 1369; x_wconf 80' lang='grc' dir='ltr'>ἐλευ-</span> 
     </span>
    </p>
   </div>
   <div class='ocr_carea' id='block_1_53' title="bbox 2121 1405 3694 1481">
    <p class='ocr_par' dir='ltr' id='par_1_53' title="bbox 2121 1405 3694 1481">
     <span class='ocr_line' id='line_1_53' title="bbox 2121 1405 3694 1481; baseline 0.003 -23"><span class='ocrx_word' id='word_1_375' title='bbox 2121 1405 2300 1478; x_wconf 86' lang='grc' dir='ltr'>θέριον</span> <span class='ocrx_word' id='word_1_376' title='bbox 2341 1409 2477 1478; x_wconf 86' lang='grc' dir='ltr'>φῶς,</span> <span class='ocrx_word' id='word_1_377' title='bbox 2514 1411 2721 1481; x_wconf 80' lang='grc' dir='ltr'>φήσας·</span> <span class='ocrx_word' id='word_1_378' title='bbox 2763 1411 2862 1476; x_wconf 82' lang='grc' dir='ltr'>Ὠς</span> <span class='ocrx_word' id='word_1_379' title='bbox 2900 1411 3070 1479; x_wconf 79' lang='grc' dir='ltr'>ἔχετε</span> <span class='ocrx_word' id='word_1_380' title='bbox 3115 1409 3183 1464; x_wconf 83' lang='grc' dir='ltr'>τὸ</span> <span class='ocrx_word' id='word_1_381' title='bbox 3229 1409 3354 1480; x_wconf 71' lang='grc' dir='ltr'><strong>φῶς</strong></span> <span class='ocrx_word' id='word_1_382' title='bbox 3385 1411 3515 1480; x_wconf 80' lang='grc' dir='ltr'>μεθ’</span> <span class='ocrx_word' id='word_1_383' title='bbox 3561 1410 3694 1462; x_wconf 77' lang='grc' dir='ltr'>ἐαυ-</span> 
     </span>
    </p>
   </div>
   <div class='ocr_carea' id='block_1_54' title="bbox 2119 1499 3694 1570">
    <p class='ocr_par' dir='ltr' id='par_1_54' title="bbox 2119 1499 3694 1570">
     <span class='ocr_line' id='line_1_54' title="bbox 2119 1499 3694 1570; baseline -0.001 -17"><span class='ocrx_word' id='word_1_384' title='bbox 2119 1499 2257 1563; x_wconf 87' lang='grc' dir='ltr'>τῶν,</span> <span class='ocrx_word' id='word_1_385' title='bbox 2291 1501 2362 1553; x_wconf 82' lang='grc' dir='ltr'><strong>ἐν</strong></span> <span class='ocrx_word' id='word_1_386' title='bbox 2393 1501 2539 1569; x_wconf 65' lang='grc' dir='ltr'>φωτὶ</span> <span class='ocrx_word' id='word_1_387' title='bbox 2568 1501 2960 1569; x_wconf 78' lang='grc' dir='ltr'><strong>περιπατεῖτε.</strong></span> <span class='ocrx_word' id='word_1_388' title='bbox 2993 1504 3100 1556; x_wconf 79' lang='lat' dir='ltr'><strong>Kal</strong></span> <span class='ocrx_word' id='word_1_389' title='bbox 3130 1505 3158 1555; x_wconf 82' lang='lat'>6</span> <span class='ocrx_word' id='word_1_390' title='bbox 3187 1501 3340 1570; x_wconf 79' lang='grc' dir='ltr'>ἆγιος</span> <span class='ocrx_word' id='word_1_391' title='bbox 3375 1501 3694 1562; x_wconf 80' lang='grc' dir='ltr'>Ἀπόστολος</span> 
     </span>
    </p>
   </div>
   <div class='ocr_carea' id='block_1_55' title="bbox 2120 1590 3694 1663">
    <p class='ocr_par' dir='ltr' id='par_1_55' title="bbox 2120 1590 3694 1663">
     <span class='ocr_line' id='line_1_55' title="bbox 2120 1590 3694 1663; baseline 0 -19"><span class='ocrx_word' id='word_1_392' title='bbox 2120 1592 2323 1661; x_wconf 81' lang='grc' dir='ltr'>λέγων’</span> <span class='ocrx_word' id='word_1_393' title='bbox 2380 1592 2578 1661; x_wconf 84' lang='grc' dir='ltr'>Ὑμεῖς</span> <span class='ocrx_word' id='word_1_394' title='bbox 2609 1591 2676 1644; x_wconf 85' lang='grc' dir='ltr'>δὲ</span> <span class='ocrx_word' id='word_1_395' title='bbox 2719 1593 2944 1662; x_wconf 78' lang='grc' dir='ltr'>ἡμέρας</span> <span class='ocrx_word' id='word_1_396' title='bbox 2975 1592 3117 1646; x_wconf 85' lang='grc' dir='ltr'>ἐστὲ</span> <span class='ocrx_word' id='word_1_397' title='bbox 3153 1592 3469 1663; x_wconf 77' lang='grc' dir='ltr'>τέκνα,καὶ</span> <span class='ocrx_word' id='word_1_398' title='bbox 3514 1590 3694 1644; x_wconf 76' lang='grc' dir='ltr'>τέκνα</span> 
     </span>
    </p>
   </div>
   <div class='ocr_carea' id='block_1_56' title="bbox 2118 1680 3693 1755">
    <p class='ocr_par' dir='ltr' id='par_1_56' title="bbox 2118 1680 3693 1755">
     <span class='ocr_line' id='line_1_56' title="bbox 2118 1680 3693 1755; baseline -0.001 -20"><span class='ocrx_word' id='word_1_399' title='bbox 2118 1685 2332 1751; x_wconf 74' lang='grc' dir='ltr'>φωτός.</span> <span class='ocrx_word' id='word_1_400' title='bbox 2371 1683 2480 1736; x_wconf 76' lang='grc' dir='ltr'><strong>Καὶ</strong></span> <span class='ocrx_word' id='word_1_401' title='bbox 2515 1685 2674 1737; x_wconf 85' lang='grc' dir='ltr'>πάλιν</span> <span class='ocrx_word' id='word_1_402' title='bbox 2706 1685 2764 1736; x_wconf 83' lang='grc' dir='ltr'>ὲν</span> <span class='ocrx_word' id='word_1_403' title='bbox 2803 1686 2868 1755; x_wconf 82' lang='grc' dir='ltr'>τῇ</span> <span class='ocrx_word' id='word_1_404' title='bbox 2904 1683 3025 1754; x_wconf 69' lang='grc' dir='ltr'>θεία</span> <span class='ocrx_word' id='word_1_405' title='bbox 3065 1684 3288 1754; x_wconf 82' lang='grc' dir='ltr'><strong>Γραφῇ·</strong></span> <span class='ocrx_word' id='word_1_406' title='bbox 3327 1683 3388 1736; x_wconf 84' lang='grc' dir='ltr'><strong><em>Ὀ</em></strong></span> <span class='ocrx_word' id='word_1_407' title='bbox 3414 1680 3600 1735; x_wconf 80' lang='grc' dir='ltr'>ποιῶν</span> <span class='ocrx_word' id='word_1_408' title='bbox 3622 1683 3693 1734; x_wconf 80' lang='grc' dir='ltr'>τὸ</span> 
     </span>
    </p>
   </div>
   <div class='ocr_carea' id='block_1_57' title="bbox 2119 1776 3694 1848">
    <p class='ocr_par' dir='ltr' id='par_1_57' title="bbox 2119 1776 3694 1848">
     <span class='ocr_line' id='line_1_57' title="bbox 2119 1776 3694 1848; baseline 0 -19"><span class='ocrx_word' id='word_1_409' title='bbox 2119 1777 2343 1848; x_wconf 75' lang='grc' dir='ltr'>φαῦλα,</span> <span class='ocrx_word' id='word_1_410' title='bbox 2366 1777 2532 1846; x_wconf 81' lang='grc' dir='ltr'>μισεῖ</span> <span class='ocrx_word' id='word_1_411' title='bbox 2566 1777 2630 1831; x_wconf 90' lang='grc' dir='ltr'>τὸ</span> <span class='ocrx_word' id='word_1_412' title='bbox 2675 1776 2821 1847; x_wconf 70' lang='grc' dir='ltr'>φῶς,</span> <span class='ocrx_word' id='word_1_413' title='bbox 2861 1780 2957 1832; x_wconf 79' lang='grc' dir='ltr'>καὶ</span> <span class='ocrx_word' id='word_1_414' title='bbox 3003 1781 3114 1832; x_wconf 85' lang='grc' dir='ltr'>οὐκ</span> <span class='ocrx_word' id='word_1_415' title='bbox 3157 1779 3392 1848; x_wconf 78' lang='grc' dir='ltr'>ἔρχεται</span> <span class='ocrx_word' id='word_1_416' title='bbox 3437 1779 3586 1848; x_wconf 78' lang='grc' dir='ltr'>πρὸς</span> <span class='ocrx_word' id='word_1_417' title='bbox 3627 1779 3694 1831; x_wconf 76' lang='grc' dir='ltr'>τὸ</span> 
     </span>
    </p>
   </div>
   <div class='ocr_carea' id='block_1_58' title="bbox 2119 1867 3692 1942">
    <p class='ocr_par' dir='ltr' id='par_1_58' title="bbox 2119 1867 3692 1942">
     <span class='ocr_line' id='line_1_58' title="bbox 2119 1867 3692 1942; baseline 0 -22"><span class='ocrx_word' id='word_1_418' title='bbox 2119 1868 2264 1936; x_wconf 72' lang='grc' dir='ltr'>φῶς.</span> <span class='ocrx_word' id='word_1_419' title='bbox 2299 1867 2455 1921; x_wconf 72' lang='grc' dir='ltr'>Οὕτω</span> <span class='ocrx_word' id='word_1_420' title='bbox 2495 1870 2590 1921; x_wconf 75' lang='grc' dir='ltr'><strong>καὶ</strong></span> <span class='ocrx_word' id='word_1_421' title='bbox 2641 1869 2968 1933; x_wconf 80' lang='grc' dir='ltr'>παλλακίδες</span> <span class='ocrx_word' id='word_1_422' title='bbox 2992 1912 3004 1934; x_wconf 89' lang='grc'><strong>,</strong></span> <span class='ocrx_word' id='word_1_423' title='bbox 3054 1871 3154 1923; x_wconf 84' lang='grc' dir='ltr'><strong>οὐκ</strong></span> <span class='ocrx_word' id='word_1_424' title='bbox 3180 1873 3237 1922; x_wconf 83' lang='grc' dir='ltr'>ὲν</span> <span class='ocrx_word' id='word_1_425' title='bbox 3285 1870 3360 1941; x_wconf 79' lang='grc' dir='ltr'><strong>τῷ</strong></span> <span class='ocrx_word' id='word_1_426' title='bbox 3398 1871 3692 1942; x_wconf 78' lang='grc' dir='ltr'>προφανεῖ,</span> 
     </span>
    </p>
   </div>
   <div class='ocr_carea' id='block_1_59' title="bbox 2115 1958 3693 2032">
    <p class='ocr_par' dir='ltr' id='par_1_59' title="bbox 2115 1958 3693 2032">
     <span class='ocr_line' id='line_1_59' title="bbox 2115 1958 3693 2032; baseline -0.001 -20"><span class='ocrx_word' id='word_1_427' title='bbox 2115 1961 2216 2012; x_wconf 72' lang='grc' dir='ltr'><strong>οὐκ</strong></span> <span class='ocrx_word' id='word_1_428' title='bbox 2262 1959 2319 2011; x_wconf 79' lang='grc' dir='ltr'><strong>ἐν</strong></span> <span class='ocrx_word' id='word_1_429' title='bbox 2356 1961 2422 2030; x_wconf 79' lang='grc' dir='ltr'>τῇ</span> <span class='ocrx_word' id='word_1_430' title='bbox 2465 1958 2781 2022; x_wconf 84' lang='grc' dir='ltr'>τελειώσει,</span> <span class='ocrx_word' id='word_1_431' title='bbox 2829 1960 2950 2012; x_wconf 73' lang='grc' dir='ltr'>οὐδὲ</span> <span class='ocrx_word' id='word_1_432' title='bbox 2987 1963 3044 2012; x_wconf 80' lang='grc' dir='ltr'>ὲν</span> <span class='ocrx_word' id='word_1_433' title='bbox 3087 1959 3270 2032; x_wconf 72' lang='grc' dir='ltr'>προικὶ</span> <span class='ocrx_word' id='word_1_434' title='bbox 3315 1961 3540 2028; x_wconf 77' lang='grc' dir='ltr'><strong>ἄγονται</strong></span> <span class='ocrx_word' id='word_1_435' title='bbox 3582 1961 3693 2021; x_wconf 76' lang='grc' dir='ltr'>τοῖς</span> 
     </span>
    </p>
   </div>
   <div class='ocr_carea' id='block_1_60' title="bbox 2115 2047 3694 2122">
    <p class='ocr_par' dir='ltr' id='par_1_60' title="bbox 2115 2047 3694 2122">
     <span class='ocr_line' id='line_1_60' title="bbox 2115 2047 3694 2122; baseline 0.003 -22"><span class='ocrx_word' id='word_1_436' title='bbox 2115 2047 2392 2118; x_wconf 79' lang='grc' dir='ltr'><strong>ἀνδράσιν,</strong></span> <span class='ocrx_word' id='word_1_437' title='bbox 2421 2049 2469 2100; x_wconf 85' lang='grc' dir='ltr'><strong>εί</strong></span> <span class='ocrx_word' id='word_1_438' title='bbox 2504 2050 2597 2102; x_wconf 76' lang='grc' dir='ltr'><strong>καὶ</strong></span> <span class='ocrx_word' id='word_1_439' title='bbox 2629 2049 2926 2118; x_wconf 84' lang='grc' dir='ltr'>συνάφειαν</span> <span class='ocrx_word' id='word_1_440' title='bbox 2958 2053 3136 2120; x_wconf 86' lang='grc' dir='ltr'>σχοῖεν</span> <span class='ocrx_word' id='word_1_441' title='bbox 3173 2051 3228 2104; x_wconf 87' lang='grc' dir='ltr'><strong>αἱ</strong></span> <span class='ocrx_word' id='word_1_442' title='bbox 3261 2051 3419 2103; x_wconf 63' lang='grc' dir='ltr'><strong>αὑταὶ¹</strong></span> <span class='ocrx_word' id='word_1_443' title='bbox 3459 2051 3594 2122; x_wconf 87' lang='grc' dir='ltr'>πρὸς</span> <span class='ocrx_word' id='word_1_444' title='bbox 3625 2053 3694 2104; x_wconf 64' lang='grc' dir='ltr'><strong>τὰ</strong></span> 
     </span>
    </p>
   </div>
   <div class='ocr_carea' id='block_1_61' title="bbox 2118 2138 3694 2212">
    <p class='ocr_par' dir='ltr' id='par_1_61' title="bbox 2118 2138 3694 2212">
     <span class='ocr_line' id='line_1_61' title="bbox 2118 2138 3694 2212; baseline 0.002 -20"><span class='ocrx_word' id='word_1_445' title='bbox 2118 2138 2346 2210; x_wconf 85' lang='grc' dir='ltr'>σώματα</span> <span class='ocrx_word' id='word_1_446' title='bbox 2387 2140 2494 2193; x_wconf 88' lang='grc' dir='ltr'><strong>τῶν</strong></span> <span class='ocrx_word' id='word_1_447' title='bbox 2529 2139 2758 2211; x_wconf 83' lang='grc' dir='ltr'>ἀνδρῶν,</span> <span class='ocrx_word' id='word_1_448' title='bbox 2803 2141 2864 2194; x_wconf 80' lang='grc' dir='ltr'><strong>οὐ</strong></span> <span class='ocrx_word' id='word_1_449' title='bbox 2921 2141 3108 2211; x_wconf 85' lang='grc' dir='ltr'>μέντοι</span> <span class='ocrx_word' id='word_1_450' title='bbox 3160 2159 3223 2209; x_wconf 89' lang='grc' dir='ltr'><strong>γε</strong></span> <span class='ocrx_word' id='word_1_451' title='bbox 3266 2141 3366 2212; x_wconf 81' lang='grc' dir='ltr'>τὴν</span> <span class='ocrx_word' id='word_1_452' title='bbox 3415 2141 3515 2210; x_wconf 83' lang='grc' dir='ltr'>τῆς</span> <span class='ocrx_word' id='word_1_453' title='bbox 3547 2142 3694 2195; x_wconf 73' lang='grc' dir='ltr'>ἐλευο</span> 
     </span>
    </p>
   </div>
   <div class='ocr_carea' id='block_1_62' title="bbox 2117 2231 3694 2304">
    <p class='ocr_par' dir='ltr' id='par_1_62' title="bbox 2117 2231 3694 2304">
     <span class='ocr_line' id='line_1_62' title="bbox 2117 2231 3694 2304; baseline 0.001 -20"><span class='ocrx_word' id='word_1_454' title='bbox 2117 2231 2281 2302; x_wconf 82' lang='grc' dir='ltr'>θέρας</span> <span class='ocrx_word' id='word_1_455' title='bbox 2320 2231 2578 2301; x_wconf 82' lang='grc' dir='ltr'>γυναικὸς</span> <span class='ocrx_word' id='word_1_456' title='bbox 2613 2233 2779 2303; x_wconf 78' lang='grc' dir='ltr'>τιμὴν</span> <span class='ocrx_word' id='word_1_457' title='bbox 2814 2234 2908 2286; x_wconf 71' lang='grc' dir='ltr'>καὶ</span> <span class='ocrx_word' id='word_1_458' title='bbox 2947 2234 3244 2304; x_wconf 77' lang='grc' dir='ltr'>ὀνομασίαν</span> <span class='ocrx_word' id='word_1_459' title='bbox 3275 2235 3370 2286; x_wconf 74' lang='grc' dir='ltr'>καὶ</span> <span class='ocrx_word' id='word_1_460' title='bbox 3405 2234 3694 2304; x_wconf 78' lang='grc' dir='ltr'>βεϐαίωσιν</span> 
     </span>
    </p>
   </div>
   <div class='ocr_carea' id='block_1_63' title="bbox 2117 2323 3697 2397">
    <p class='ocr_par' dir='ltr' id='par_1_63' title="bbox 2117 2323 3697 2397">
     <span class='ocr_line' id='line_1_63' title="bbox 2117 2323 3697 2397; baseline 0.003 -21"><span class='ocrx_word' id='word_1_461' title='bbox 2117 2323 2212 2376; x_wconf 83' lang='grc' dir='ltr'><strong>καὶ</strong></span> <span class='ocrx_word' id='word_1_462' title='bbox 2233 2325 2435 2395; x_wconf 73' lang='grc' dir='ltr'>φερνὴν</span> <span class='ocrx_word' id='word_1_463' title='bbox 2471 2327 2564 2377; x_wconf 77' lang='grc' dir='ltr'><strong>καὶ</strong></span> <span class='ocrx_word' id='word_1_464' title='bbox 2591 2324 2716 2378; x_wconf 79' lang='grc' dir='ltr'>έδνα</span> <span class='ocrx_word' id='word_1_465' title='bbox 2751 2326 2844 2379; x_wconf 81' lang='grc' dir='ltr'><strong>καὶ</strong></span> <span class='ocrx_word' id='word_1_466' title='bbox 2875 2327 3206 2396; x_wconf 74' lang='grc' dir='ltr'>προικισμὸν</span> <span class='ocrx_word' id='word_1_467' title='bbox 3242 2327 3336 2380; x_wconf 74' lang='grc' dir='ltr'><strong>καὶ</strong></span> <span class='ocrx_word' id='word_1_468' title='bbox 3363 2327 3697 2397; x_wconf 76' lang='grc' dir='ltr'>γνησιότητα</span> 
     </span>
    </p>
   </div>
   <div class='ocr_carea' id='block_1_64' title="bbox 2115 2413 3697 2487">
    <p class='ocr_par' dir='ltr' id='par_1_64' title="bbox 2115 2413 3697 2487">
     <span class='ocr_line' id='line_1_64' title="bbox 2115 2413 3697 2487; baseline 0.001 -20"><span class='ocrx_word' id='word_1_469' title='bbox 2115 2413 2260 2485; x_wconf 75' lang='grc' dir='ltr'>ἔχειν</span> <span class='ocrx_word' id='word_1_470' title='bbox 2291 2415 2565 2469; x_wconf 86' lang='grc' dir='ltr'>δύνανται.</span> <span class='ocrx_word' id='word_1_471' title='bbox 2591 2415 2925 2480; x_wconf 86' lang='grc' dir='ltr'>Παλλακίδες</span> <span class='ocrx_word' id='word_1_472' title='bbox 2959 2415 3090 2483; x_wconf 79' lang='grc' dir='ltr'>γοῦν</span> <span class='ocrx_word' id='word_1_473' title='bbox 3118 2417 3173 2470; x_wconf 78' lang='lat' dir='ltr'><strong>al</strong></span> <span class='ocrx_word' id='word_1_474' title='bbox 3200 2416 3434 2486; x_wconf 80' lang='grc' dir='ltr'>καθεξῆς</span> <span class='ocrx_word' id='word_1_475' title='bbox 3461 2416 3697 2487; x_wconf 80' lang='grc' dir='ltr'>ἀριθμη-</span> 
     </span>
    </p>
   </div>
   <div class='ocr_carea' id='block_1_65' title="bbox 2117 2504 3696 2578">
    <p class='ocr_par' dir='ltr' id='par_1_65' title="bbox 2117 2504 3696 2578">
     <span class='ocr_line' id='line_1_65' title="bbox 2117 2504 3696 2578; baseline 0.001 -21"><span class='ocrx_word' id='word_1_476' title='bbox 2117 2504 2294 2559; x_wconf 77' lang='grc' dir='ltr'>θεῖσαι</span> <span class='ocrx_word' id='word_1_477' title='bbox 2323 2505 2585 2576; x_wconf 75' lang='grc' dir='ltr'>αἱρέσεις,</span> <span class='ocrx_word' id='word_1_478' title='bbox 2613 2506 2687 2569; x_wconf 86' lang='grc' dir='ltr'>ὼς</span> <span class='ocrx_word' id='word_1_479' title='bbox 2724 2507 2836 2560; x_wconf 78' lang='grc' dir='ltr'><strong>ἄνω</strong></span> <span class='ocrx_word' id='word_1_480' title='bbox 2866 2506 3022 2576; x_wconf 81' lang='grc' dir='ltr'>ἔφην,</span> <span class='ocrx_word' id='word_1_481' title='bbox 3060 2507 3407 2578; x_wconf 75' lang='grc' dir='ltr'>ὀγδοήκοντα.</span> <span class='ocrx_word' id='word_1_482' title='bbox 3440 2508 3530 2576; x_wconf 84' lang='grc' dir='ltr'><strong>Μὴ</strong></span> <span class='ocrx_word' id='word_1_483' title='bbox 3564 2507 3696 2560; x_wconf 76' lang='grc' dir='ltr'>θαυο</span> 
     </span>
    </p>
   </div>
   <div class='ocr_carea' id='block_1_66' title="bbox 2120 2596 3696 2670">
    <p class='ocr_par' dir='ltr' id='par_1_66' title="bbox 2120 2596 3696 2670">
     <span class='ocr_line' id='line_1_66' title="bbox 2120 2596 3696 2670; baseline 0.001 -22"><span class='ocrx_word' id='word_1_484' title='bbox 2120 2596 2340 2667; x_wconf 78' lang='grc' dir='ltr'>μαςέτω</span> <span class='ocrx_word' id='word_1_485' title='bbox 2365 2598 2422 2649; x_wconf 90' lang='grc' dir='ltr'><strong>δέ</strong></span> <span class='ocrx_word' id='word_1_486' title='bbox 2450 2615 2554 2661; x_wconf 82' lang='grc' dir='ltr'>τις,</span> <span class='ocrx_word' id='word_1_487' title='bbox 2579 2599 2626 2650; x_wconf 84' lang='grc' dir='ltr'><strong>εί</strong></span> <span class='ocrx_word' id='word_1_488' title='bbox 2655 2599 2750 2651; x_wconf 73' lang='grc' dir='ltr'><strong>καὶ</strong></span> <span class='ocrx_word' id='word_1_489' title='bbox 2775 2598 2954 2662; x_wconf 80' lang='grc' dir='ltr'>ἄλλοις</span> <span class='ocrx_word' id='word_1_490' title='bbox 2976 2599 3234 2670; x_wconf 84' lang='grc' dir='ltr'>ὀνόμασιν</span> <span class='ocrx_word' id='word_1_491' title='bbox 3257 2599 3462 2666; x_wconf 77' lang='grc' dir='ltr'>ἑκάστη</span> <span class='ocrx_word' id='word_1_492' title='bbox 3491 2599 3696 2652; x_wconf 80' lang='grc' dir='ltr'>τούτων</span> 
     </span>
    </p>
   </div>
   <div class='ocr_carea' id='block_1_67' title="bbox 2118 2688 3696 2764">
    <p class='ocr_par' dir='ltr' id='par_1_67' title="bbox 2118 2688 3696 2764">
     <span class='ocr_line' id='line_1_67' title="bbox 2118 2688 3696 2764; baseline 0.003 -23"><span class='ocrx_word' id='word_1_493' title='bbox 2118 2688 2472 2759; x_wconf 84' lang='grc' dir='ltr'>κικλήσκεται</span> <span class='ocrx_word' id='word_1_494' title='bbox 2526 2691 2583 2742; x_wconf 85' lang='grc' dir='ltr'>ὲν</span> <span class='ocrx_word' id='word_1_495' title='bbox 2641 2691 2848 2764; x_wconf 77' lang='grc' dir='ltr'>ἑκάστῃ</span> <span class='ocrx_word' id='word_1_496' title='bbox 2899 2690 3072 2762; x_wconf 81' lang='grc' dir='ltr'><strong>χώρᾳ.</strong></span> <span class='ocrx_word' id='word_1_497' title='bbox 3136 2691 3298 2744; x_wconf 83' lang='grc' dir='ltr'>Ἀλλὰ</span> <span class='ocrx_word' id='word_1_498' title='bbox 3358 2691 3453 2744; x_wconf 75' lang='grc' dir='ltr'><strong>καὶ</strong></span> <span class='ocrx_word' id='word_1_499' title='bbox 3519 2693 3696 2745; x_wconf 76' lang='grc' dir='ltr'>ἐκεῖνο</span> 
     </span>
    </p>
   </div>
   <div class='ocr_carea' id='block_1_68' title="bbox 2118 2781 3696 2855">
    <p class='ocr_par' dir='ltr' id='par_1_68' title="bbox 2118 2781 3696 2855">
     <span class='ocr_line' id='line_1_68' title="bbox 2118 2781 3696 2855; baseline 0.003 -22"><span class='ocrx_word' id='word_1_500' title='bbox 2118 2781 2555 2853; x_wconf 82' lang='grc' dir='ltr'>παρατηρητέον,</span> <span class='ocrx_word' id='word_1_501' title='bbox 2586 2782 2667 2835; x_wconf 81' lang='grc' dir='ltr'>ὅτι</span> <span class='ocrx_word' id='word_1_502' title='bbox 2708 2783 2966 2845; x_wconf 80' lang='grc' dir='ltr'>πολλάκις</span> <span class='ocrx_word' id='word_1_503' title='bbox 3001 2783 3121 2836; x_wconf 79' lang='grc' dir='ltr'><strong>καθ’</strong></span> <span class='ocrx_word' id='word_1_504' title='bbox 3148 2784 3347 2855; x_wconf 76' lang='grc' dir='ltr'>ἑαυτὴν</span> <span class='ocrx_word' id='word_1_505' title='bbox 3374 2783 3535 2837; x_wconf 81' lang='grc' dir='ltr'>πάλιν</span> <span class='ocrx_word' id='word_1_506' title='bbox 3569 2785 3696 2838; x_wconf 81' lang='grc' dir='ltr'><strong>ἑκά-</strong></span> 
     </span>
    </p>
   </div>
   <div class='ocr_carea' id='block_1_69' title="bbox 2119 2869 3697 2945">
    <p class='ocr_par' dir='ltr' id='par_1_69' title="bbox 2119 2869 3697 2945">
     <span class='ocr_line' id='line_1_69' title="bbox 2119 2869 3697 2945; baseline 0.006 -26"><span class='ocrx_word' id='word_1_507' title='bbox 2119 2883 2218 2938; x_wconf 88' lang='grc' dir='ltr'><strong>στη</strong></span> <span class='ocrx_word' id='word_1_508' title='bbox 2254 2869 2467 2939; x_wconf 83' lang='grc' dir='ltr'>αἵρεσις</span> <span class='ocrx_word' id='word_1_509' title='bbox 2506 2870 2739 2940; x_wconf 83' lang='grc' dir='ltr'>σχίσασα</span> <span class='ocrx_word' id='word_1_510' title='bbox 2783 2872 2863 2934; x_wconf 86' lang='grc' dir='ltr'><strong>είς</strong></span> <span class='ocrx_word' id='word_1_511' title='bbox 2911 2871 3080 2926; x_wconf 85' lang='grc' dir='ltr'>πολλὰ</span> <span class='ocrx_word' id='word_1_512' title='bbox 3131 2873 3270 2944; x_wconf 86' lang='grc' dir='ltr'>μέρη</span> <span class='ocrx_word' id='word_1_513' title='bbox 3314 2875 3410 2928; x_wconf 73' lang='grc' dir='ltr'><strong>καὶ</strong></span> <span class='ocrx_word' id='word_1_514' title='bbox 3457 2874 3697 2945; x_wconf 72' lang='grc' dir='ltr'>ὀνόματα</span> 
     </span>
    </p>
   </div>
   <div class='ocr_carea' id='block_1_70' title="bbox 2115 2958 3690 3036">
    <p class='ocr_par' dir='ltr' id='par_1_70' title="bbox 2115 2958 3690 3036">
     <span class='ocr_line' id='line_1_70' title="bbox 2115 2958 3690 3036; baseline 0.003 -24"><span class='ocrx_word' id='word_1_515' title='bbox 2115 2958 2333 3030; x_wconf 83' lang='grc' dir='ltr'>διέστη·</span> <span class='ocrx_word' id='word_1_516' title='bbox 2391 2961 2452 3014; x_wconf 78' lang='grc' dir='ltr'><strong>οὐ</strong></span> <span class='ocrx_word' id='word_1_517' title='bbox 2481 2962 2590 3034; x_wconf 84' lang='grc' dir='ltr'>γάρ</span> <span class='ocrx_word' id='word_1_518' title='bbox 2641 2962 2757 3015; x_wconf 80' lang='grc' dir='ltr'>ἐστι</span> <span class='ocrx_word' id='word_1_519' title='bbox 2791 2962 2996 3032; x_wconf 73' lang='grc' dir='ltr'>θαῦμα,</span> <span class='ocrx_word' id='word_1_520' title='bbox 3048 2963 3163 3017; x_wconf 72' lang='grc' dir='ltr'>ἐστι</span> <span class='ocrx_word' id='word_1_521' title='bbox 3208 2964 3315 3036; x_wconf 80' lang='grc' dir='ltr'>γὰρ</span> <span class='ocrx_word' id='word_1_522' title='bbox 3355 2968 3450 3019; x_wconf 71' lang='grc' dir='ltr'><strong>καὶ</strong></span> <span class='ocrx_word' id='word_1_523' title='bbox 3499 2965 3690 3028; x_wconf 78' lang='grc' dir='ltr'>οὕτως.</span> 
     </span>
    </p>
   </div>
   <div class='ocr_carea' id='block_1_71' title="bbox 2129 3051 3697 3128">
    <p class='ocr_par' dir='ltr' id='par_1_71' title="bbox 2129 3051 3697 3128">
     <span class='ocr_line' id='line_1_71' title="bbox 2129 3051 3697 3128; baseline 0.004 -24"><span class='ocrx_word' id='word_1_524' title='bbox 2129 3051 2488 3123; x_wconf 78' lang='grc' dir='ltr'>Ὀγδοήκοντα</span> <span class='ocrx_word' id='word_1_525' title='bbox 2515 3054 2569 3106; x_wconf 86' lang='grc' dir='ltr'>δὲ</span> <span class='ocrx_word' id='word_1_526' title='bbox 2605 3054 2698 3107; x_wconf 67' lang='grc' dir='ltr'>καὶ</span> <span class='ocrx_word' id='word_1_527' title='bbox 2719 3055 2814 3107; x_wconf 75' lang='grc' dir='ltr'>ἕνα</span> <span class='ocrx_word' id='word_1_528' title='bbox 2844 3055 3074 3126; x_wconf 76' lang='grc' dir='ltr'>ἀριθμὸν</span> <span class='ocrx_word' id='word_1_529' title='bbox 3103 3056 3448 3126; x_wconf 86' lang='grc' dir='ltr'>εὑρίσκομεν,</span> <span class='ocrx_word' id='word_1_530' title='bbox 3477 3057 3570 3109; x_wconf 77' lang='grc' dir='ltr'>ἕνα</span> <span class='ocrx_word' id='word_1_531' title='bbox 3597 3059 3697 3128; x_wconf 76' lang='grc' dir='ltr'>μὲν</span> 
     </span>
    </p>
   </div>
   <div class='ocr_carea' id='block_1_72' title="bbox 2115 3142 3696 3220">
    <p class='ocr_par' dir='ltr' id='par_1_72' title="bbox 2115 3142 3696 3220">
     <span class='ocr_line' id='line_1_72' title="bbox 2115 3142 3696 3220; baseline 0.005 -25"><span class='ocrx_word' id='word_1_532' title='bbox 2115 3142 2204 3196; x_wconf 78' lang='grc' dir='ltr'><strong>διὰ</strong></span> <span class='ocrx_word' id='word_1_533' title='bbox 2227 3143 2324 3214; x_wconf 80' lang='grc' dir='ltr'>τὴν</span> <span class='ocrx_word' id='word_1_534' title='bbox 2355 3144 2485 3215; x_wconf 89' lang='grc' dir='ltr'>μίαν</span> <span class='ocrx_word' id='word_1_535' title='bbox 2533 3146 2640 3199; x_wconf 91' lang='grc' dir='ltr'><strong>τῶν</strong></span> <span class='ocrx_word' id='word_1_536' title='bbox 2672 3147 2861 3200; x_wconf 86' lang='grc' dir='ltr'>πασῶν</span> <span class='ocrx_word' id='word_1_537' title='bbox 2908 3147 3293 3218; x_wconf 81' lang='grc' dir='ltr'>διωρισμένην,</span> <span class='ocrx_word' id='word_1_538' title='bbox 3333 3148 3478 3218; x_wconf 84' lang='grc' dir='ltr'>μόνῳ</span> <span class='ocrx_word' id='word_1_539' title='bbox 3522 3149 3579 3202; x_wconf 84' lang='grc' dir='ltr'><strong>δὲ</strong></span> <span class='ocrx_word' id='word_1_540' title='bbox 3616 3149 3696 3220; x_wconf 83' lang='grc' dir='ltr'>τῷ</span> 
     </span>
    </p>
   </div>
   <div class='ocr_carea' id='block_1_73' title="bbox 2117 3235 3697 3311">
    <p class='ocr_par' dir='ltr' id='par_1_73' title="bbox 2117 3235 3697 3311">
     <span class='ocr_line' id='line_1_73' title="bbox 2117 3235 3697 3311; baseline 0.004 -24"><span class='ocrx_word' id='word_1_541' title='bbox 2117 3236 2334 3306; x_wconf 83' lang='grc' dir='ltr'>νυμφίῳ</span> <span class='ocrx_word' id='word_1_542' title='bbox 2368 3235 2820 3307; x_wconf 87' lang='grc' dir='ltr'>κεκληρωμένην,</span> <span class='ocrx_word' id='word_1_543' title='bbox 2857 3237 2949 3288; x_wconf 84' lang='grc' dir='ltr'><strong>ὑπ’</strong></span> <span class='ocrx_word' id='word_1_544' title='bbox 2974 3236 3136 3290; x_wconf 73' lang='grc' dir='ltr'>αὑτοῦ</span> <span class='ocrx_word' id='word_1_545' title='bbox 3168 3237 3224 3289; x_wconf 84' lang='grc' dir='ltr'>δὲ</span> <span class='ocrx_word' id='word_1_546' title='bbox 3256 3237 3697 3311; x_wconf 75' lang='grc' dir='ltr'>ὁμολογουμένην</span> 
     </span>
    </p>
   </div>
   <div class='ocr_carea' id='block_1_74' title="bbox 2115 3327 3693 3399">
    <p class='ocr_par' dir='ltr' id='par_1_74' title="bbox 2115 3327 3693 3399">
     <span class='ocr_line' id='line_1_74' title="bbox 2115 3327 3693 3399; baseline 0.002 -19"><span class='ocrx_word' id='word_1_547' title='bbox 2115 3329 2179 3397; x_wconf 80' lang='grc' dir='ltr'>τῇ</span> <span class='ocrx_word' id='word_1_548' title='bbox 2216 3327 2394 3397; x_wconf 78' lang='grc' dir='ltr'>τοιᾷδε</span> <span class='ocrx_word' id='word_1_549' title='bbox 2429 3327 2716 3397; x_wconf 84' lang='grc' dir='ltr'>ὀνομασίᾳ,</span> <span class='ocrx_word' id='word_1_550' title='bbox 2749 3329 2834 3380; x_wconf 81' lang='grc' dir='ltr'><strong>ὅτι</strong></span> <span class='ocrx_word' id='word_1_551' title='bbox 2870 3329 2988 3382; x_wconf 84' lang='grc' dir='ltr'>Μία</span> <span class='ocrx_word' id='word_1_552' title='bbox 3024 3329 3157 3381; x_wconf 82' lang='grc' dir='ltr'>ἐστὶ</span> <span class='ocrx_word' id='word_1_553' title='bbox 3205 3331 3523 3396; x_wconf 78' lang='grc' dir='ltr'>περιστερά</span> <span class='ocrx_word' id='word_1_554' title='bbox 3550 3348 3693 3399; x_wconf 83' lang='grc' dir='ltr'>μου,</span> 
     </span>
    </p>
   </div>
   <div class='ocr_carea' id='block_1_75' title="bbox 2115 3415 3696 3485">
    <p class='ocr_par' dir='ltr' id='par_1_75' title="bbox 2115 3415 3696 3485">
     <span class='ocr_line' id='line_1_75' title="bbox 2115 3415 3696 3485; baseline 0.001 -18"><span class='ocrx_word' id='word_1_555' title='bbox 2115 3415 2210 3468; x_wconf 71' lang='grc' dir='ltr'>καὶ</span> <span class='ocrx_word' id='word_1_556' title='bbox 2243 3415 2427 3480; x_wconf 87' lang='grc' dir='ltr'>πάλιν,</span> <span class='ocrx_word' id='word_1_557' title='bbox 2453 3417 2651 3469; x_wconf 78' lang='grc' dir='ltr'>τελεία</span> <span class='ocrx_word' id='word_1_558' title='bbox 2669 3433 2808 3485; x_wconf 80' lang='grc' dir='ltr'>μου.</span> <span class='ocrx_word' id='word_1_559' title='bbox 2845 3417 2937 3479; x_wconf 75' lang='grc' dir='ltr'>Ὠς</span> <span class='ocrx_word' id='word_1_560' title='bbox 2982 3416 3089 3468; x_wconf 85' lang='grc' dir='ltr'><strong>τῶν</strong></span> <span class='ocrx_word' id='word_1_561' title='bbox 3120 3415 3306 3468; x_wconf 81' lang='grc' dir='ltr'>πασῶν</span> <span class='ocrx_word' id='word_1_562' title='bbox 3356 3416 3696 3470; x_wconf 81' lang='grc' dir='ltr'>παλλακίδων</span> 
     </span>
    </p>
   </div>
   <div class='ocr_carea' id='block_1_76' title="bbox 2116 3506 3691 3580">
    <p class='ocr_par' dir='ltr' id='par_1_76' title="bbox 2116 3506 3691 3580">
     <span class='ocr_line' id='line_1_76' title="bbox 2116 3506 3691 3580; baseline 0.001 -22"><span class='ocrx_word' id='word_1_563' title='bbox 2116 3506 2357 3574; x_wconf 81' lang='grc' dir='ltr'>ἀγεννῶν</span> <span class='ocrx_word' id='word_1_564' title='bbox 2386 3507 2582 3569; x_wconf 74' lang='grc' dir='ltr'>οὐσῶν,</span> <span class='ocrx_word' id='word_1_565' title='bbox 2609 3509 2704 3560; x_wconf 77' lang='grc' dir='ltr'>καὶ</span> <span class='ocrx_word' id='word_1_566' title='bbox 2742 3508 2842 3560; x_wconf 76' lang='grc' dir='ltr'><strong>οὐκ</strong></span> <span class='ocrx_word' id='word_1_567' title='bbox 2867 3510 2922 3560; x_wconf 83' lang='grc' dir='ltr'>ἐν</span> <span class='ocrx_word' id='word_1_568' title='bbox 2959 3507 3164 3580; x_wconf 76' lang='grc' dir='ltr'>ἀκακία</span> <span class='ocrx_word' id='word_1_569' title='bbox 3192 3510 3691 3580; x_wconf 79' lang='grc' dir='ltr'>ἐπιμετρουμένων,</span> 
     </span>
    </p>
   </div>
   <div class='ocr_carea' id='block_1_77' title="bbox 2114 3595 3695 3670">
    <p class='ocr_par' dir='ltr' id='par_1_77' title="bbox 2114 3595 3695 3670">
     <span class='ocr_line' id='line_1_77' title="bbox 2114 3595 3695 3670; baseline 0.001 -20"><span class='ocrx_word' id='word_1_570' title='bbox 2114 3597 2235 3650; x_wconf 82' lang='grc' dir='ltr'>οὐδὲ</span> <span class='ocrx_word' id='word_1_571' title='bbox 2255 3599 2311 3650; x_wconf 82' lang='grc' dir='ltr'>ὲν</span> <span class='ocrx_word' id='word_1_572' title='bbox 2343 3597 2534 3667; x_wconf 83' lang='grc' dir='ltr'>ἁγνείᾳ</span> <span class='ocrx_word' id='word_1_573' title='bbox 2559 3599 2652 3650; x_wconf 73' lang='grc' dir='ltr'><strong>καὶ</strong></span> <span class='ocrx_word' id='word_1_574' title='bbox 2679 3598 3002 3670; x_wconf 84' lang='grc' dir='ltr'>ἡμερότητι.</span> <span class='ocrx_word' id='word_1_575' title='bbox 3035 3599 3155 3650; x_wconf 75' lang='grc' dir='ltr'>Εἰσὶ</span> <span class='ocrx_word' id='word_1_576' title='bbox 3193 3599 3290 3669; x_wconf 85' lang='grc' dir='ltr'><strong>μὲν</strong></span> <span class='ocrx_word' id='word_1_577' title='bbox 3322 3595 3416 3652; x_wconf 77' lang='grc' dir='ltr'><strong>οὖν</strong></span> <span class='ocrx_word' id='word_1_578' title='bbox 3442 3598 3695 3669; x_wconf 77' lang='grc' dir='ltr'>ἀπαρχῆς</span> 
     </span>
    </p>
   </div>
   <div class='ocr_carea' id='block_1_78' title="bbox 2118 3689 3693 3762">
    <p class='ocr_par' dir='ltr' id='par_1_78' title="bbox 2118 3689 3693 3762">
     <span class='ocr_line' id='line_1_78' title="bbox 2118 3689 3693 3762; baseline -0.001 -20"><span class='ocrx_word' id='word_1_579' title='bbox 2118 3690 2522 3760; x_wconf 85' lang='grc' dir='ltr'>συναπτόμεναι</span> <span class='ocrx_word' id='word_1_580' title='bbox 2553 3689 2630 3760; x_wconf 83' lang='grc' dir='ltr'>τῷ</span> <span class='ocrx_word' id='word_1_581' title='bbox 2664 3691 2983 3760; x_wconf 82' lang='grc' dir='ltr'>καλουμένῳ</span> <span class='ocrx_word' id='word_1_582' title='bbox 3018 3690 3389 3762; x_wconf 79' lang='grc' dir='ltr'>Βαρϐαρισμῷ</span> <span class='ocrx_word' id='word_1_583' title='bbox 3423 3691 3517 3744; x_wconf 72' lang='grc' dir='ltr'>καὶ</span> <span class='ocrx_word' id='word_1_584' title='bbox 3553 3692 3693 3744; x_wconf 86' lang='grc' dir='ltr'>Σκυ-</span> 
     </span>
    </p>
   </div>
   <div class='ocr_carea' id='block_1_79' title="bbox 2117 3779 3692 3854">
    <p class='ocr_par' dir='ltr' id='par_1_79' title="bbox 2117 3779 3692 3854">
     <span class='ocr_line' id='line_1_79' title="bbox 2117 3779 3692 3854; baseline 0.002 -23"><span class='ocrx_word' id='word_1_585' title='bbox 2117 3779 2296 3850; x_wconf 84' lang='grc' dir='ltr'>θισμῷ</span> <span class='ocrx_word' id='word_1_586' title='bbox 2323 3780 2450 3850; x_wconf 77' lang='grc' dir='ltr'>ἄχρι</span> <span class='ocrx_word' id='word_1_587' title='bbox 2477 3779 2583 3832; x_wconf 90' lang='grc' dir='ltr'><strong>τῶν</strong></span> <span class='ocrx_word' id='word_1_588' title='bbox 2606 3780 3020 3852; x_wconf 82' lang='grc' dir='ltr'>προειρημένων</span> <span class='ocrx_word' id='word_1_589' title='bbox 3036 3781 3458 3845; x_wconf 87' lang='grc' dir='ltr'>Μασσαλιανῶν,</span> <span class='ocrx_word' id='word_1_590' title='bbox 3475 3789 3545 3834; x_wconf 82' lang='grc' dir='ltr'>σε’</span> <span class='ocrx_word' id='word_1_591' title='bbox 3569 3779 3692 3854; x_wconf 48' lang='lat' dir='ltr'><strong>[of]</strong></span> 
     </span>
    </p>
   </div>
   <div class='ocr_carea' id='block_1_80' title="bbox 2115 3868 3696 3945">
    <p class='ocr_par' dir='ltr' id='par_1_80' title="bbox 2115 3868 3696 3945">
     <span class='ocr_line' id='line_1_80' title="bbox 2115 3868 3696 3945; baseline 0.001 -20"><span class='ocrx_word' id='word_1_592' title='bbox 2115 3871 2206 3925; x_wconf 83' lang='grc' dir='ltr'><strong>τὸν</strong></span> <span class='ocrx_word' id='word_1_593' title='bbox 2249 3871 2501 3942; x_wconf 78' lang='grc' dir='ltr'>ἀριθμὸν,</span> <span class='ocrx_word' id='word_1_594' title='bbox 2552 3873 2646 3926; x_wconf 81' lang='grc' dir='ltr'><strong>καὶ</strong></span> <span class='ocrx_word' id='word_1_595' title='bbox 2686 3872 3036 3943; x_wconf 83' lang='grc' dir='ltr'>Ἑλληνισμὸς</span> <span class='ocrx_word' id='word_1_596' title='bbox 3091 3872 3148 3938; x_wconf 79' lang='grc' dir='ltr'>ἐξ</span> <span class='ocrx_word' id='word_1_597' title='bbox 3191 3868 3251 3927; x_wconf 71' lang='grc' dir='ltr'><strong>οὗ</strong></span> <span class='ocrx_word' id='word_1_598' title='bbox 3282 3874 3338 3926; x_wconf 82' lang='grc' dir='ltr'><strong>αἱ</strong></span> <span class='ocrx_word' id='word_1_599' title='bbox 3386 3873 3696 3945; x_wconf 69' lang='grc' dir='ltr'>Ἑλληνικαὶ</span> 
     </span>
    </p>
   </div>
   <div class='ocr_carea' id='block_1_81' title="bbox 2115 3958 3695 4036">
    <p class='ocr_par' dir='ltr' id='par_1_81' title="bbox 2115 3958 3695 4036">
     <span class='ocr_line' id='line_1_81' title="bbox 2115 3958 3695 4036; baseline 0.001 -19"><span class='ocrx_word' id='word_1_600' title='bbox 2115 3964 2374 4035; x_wconf 88' lang='grc' dir='ltr'>αἱρέσεις,</span> <span class='ocrx_word' id='word_1_601' title='bbox 2420 3965 2515 4017; x_wconf 77' lang='grc' dir='ltr'>καὶ</span> <span class='ocrx_word' id='word_1_602' title='bbox 2564 3965 2892 4036; x_wconf 81' lang='grc' dir='ltr'>Ἰουδαῖσμὸς</span> <span class='ocrx_word' id='word_1_603' title='bbox 2930 3965 2987 4032; x_wconf 75' lang='grc' dir='ltr'><strong>ἐξ</strong></span> <span class='ocrx_word' id='word_1_604' title='bbox 3017 3958 3077 4019; x_wconf 77' lang='grc' dir='ltr'>οὗ</span> <span class='ocrx_word' id='word_1_605' title='bbox 3119 3965 3424 4032; x_wconf 72' lang='grc' dir='ltr'>Ίουδαῐκαὶ,</span> <span class='ocrx_word' id='word_1_606' title='bbox 3468 3968 3563 4019; x_wconf 71' lang='grc' dir='ltr'><strong>καὶ</strong></span> <span class='ocrx_word' id='word_1_607' title='bbox 3593 3967 3695 4019; x_wconf 84' lang='grc' dir='ltr'>Σα-</span> 
     </span>
    </p>
   </div>
   <div class='ocr_carea' id='block_1_82' title="bbox 2119 4051 3695 4132">
    <p class='ocr_par' dir='ltr' id='par_1_82' title="bbox 2119 4051 3695 4132">
     <span class='ocr_line' id='line_1_82' title="bbox 2119 4051 3695 4132; baseline 0.003 -24"><span class='ocrx_word' id='word_1_608' title='bbox 2119 4057 2410 4128; x_wconf 82' lang='grc' dir='ltr'>μαρειτικὴ</span> <span class='ocrx_word' id='word_1_609' title='bbox 2443 4057 2500 4124; x_wconf 74' lang='grc' dir='ltr'>ἐξ</span> <span class='ocrx_word' id='word_1_610' title='bbox 2542 4051 2610 4128; x_wconf 83' lang='grc' dir='ltr'>ἦς</span> <span class='ocrx_word' id='word_1_611' title='bbox 2658 4059 2712 4111; x_wconf 76' lang='lat' dir='ltr'><strong>ai</strong></span> <span class='ocrx_word' id='word_1_612' title='bbox 2766 4059 3197 4130; x_wconf 81' lang='grc' dir='ltr'>Σαμαρειτικαὶ,</span> <span class='ocrx_word' id='word_1_613' title='bbox 3248 4059 3354 4112; x_wconf 85' lang='grc' dir='ltr'><strong>τῶν</strong></span> <span class='ocrx_word' id='word_1_614' title='bbox 3403 4059 3568 4132; x_wconf 84' lang='grc' dir='ltr'>τριῶν</span> <span class='ocrx_word' id='word_1_615' title='bbox 3602 4060 3695 4112; x_wconf 74' lang='grc' dir='ltr'><strong>ἐπὶ</strong></span> 
     </span>
    </p>
   </div>
   <div class='ocr_carea' id='block_1_83' title="bbox 2113 4147 3689 4223">
    <p class='ocr_par' dir='ltr' id='par_1_83' title="bbox 2113 4147 3689 4223">
     <span class='ocr_line' id='line_1_83' title="bbox 2113 4147 3689 4223; baseline 0.003 -23"><span class='ocrx_word' id='word_1_616' title='bbox 2113 4148 2206 4200; x_wconf 86' lang='grc' dir='ltr'><strong>τὸν</strong></span> <span class='ocrx_word' id='word_1_617' title='bbox 2254 4147 2648 4220; x_wconf 73' lang='grc' dir='ltr'>ἑϐδομηκοστὸν</span> <span class='ocrx_word' id='word_1_618' title='bbox 2689 4149 2915 4220; x_wconf 73' lang='grc' dir='ltr'>ἕϐδομον</span> <span class='ocrx_word' id='word_1_619' title='bbox 2955 4150 3184 4223; x_wconf 83' lang='grc' dir='ltr'>ἀριθμὸν</span> <span class='ocrx_word' id='word_1_620' title='bbox 3220 4151 3689 4222; x_wconf 87' lang='grc' dir='ltr'>προστιθεμένων,</span> 
     </span>
    </p>
   </div>
   <div class='ocr_carea' id='block_1_84' title="bbox 424 4236 2015 4313">
    <p class='ocr_par' dir='ltr' id='par_1_84' title="bbox 424 4236 2010 4307">
     <span class='ocr_line' id='line_1_84' title="bbox 424 4236 2010 4307; baseline -0.004 -11"><span class='ocrx_word' id='word_1_621' title='bbox 424 4241 834 4307; x_wconf 83' lang='lat' dir='ltr'><strong>accedentibus,</strong></span> <span class='ocrx_word' id='word_1_622' title='bbox 856 4242 962 4297; x_wconf 88' lang='lat' dir='ltr'><strong>hoc</strong></span> <span class='ocrx_word' id='word_1_623' title='bbox 981 4249 1086 4304; x_wconf 90' lang='lat' dir='ltr'><strong>est,</strong></span> <span class='ocrx_word' id='word_1_624' title='bbox 1113 4239 1290 4294; x_wconf 89' lang='lat' dir='ltr'><strong>tribus</strong></span> <span class='ocrx_word' id='word_1_625' title='bbox 1313 4239 1538 4294; x_wconf 91' lang='lat' dir='ltr'><strong>omnino</strong></span> <span class='ocrx_word' id='word_1_626' title='bbox 1560 4239 1724 4293; x_wconf 84' lang='lat' dir='ltr'><strong>sectis</strong></span> <span class='ocrx_word' id='word_1_627' title='bbox 1741 4236 1807 4291; x_wconf 90' lang='lat' dir='ltr'><strong>ad</strong></span> <span class='ocrx_word' id='word_1_628' title='bbox 1825 4253 1930 4291; x_wconf 77' lang='lat' dir='ltr'><strong>Lxx</strong></span> <span class='ocrx_word' id='word_1_629' title='bbox 1941 4253 2010 4290; x_wconf 88' lang='lat' dir='ltr'><strong>vn</strong></span> 
     </span>
    </p>
   </div>
   <div class='ocr_carea' id='block_1_85' title="bbox 2117 4236 3697 4313">
    <p class='ocr_par' dir='ltr' id='par_1_85' title="bbox 2117 4239 3697 4313">
     <span class='ocr_line' id='line_1_85' title="bbox 2117 4239 3697 4313; baseline 0.003 -22"><span class='ocrx_word' id='word_1_630' title='bbox 2117 4240 2196 4302; x_wconf 85' lang='grc' dir='ltr'><strong>είς</strong></span> <span class='ocrx_word' id='word_1_631' title='bbox 2240 4239 2634 4309; x_wconf 81' lang='grc' dir='ltr'>όγδοηκοντάδα</span> <span class='ocrx_word' id='word_1_632' title='bbox 2695 4241 2924 4312; x_wconf 81' lang='grc' dir='ltr'>ἀριθμὸν</span> <span class='ocrx_word' id='word_1_633' title='bbox 2967 4241 3356 4313; x_wconf 87' lang='grc' dir='ltr'>πληρουμένων</span> <span class='ocrx_word' id='word_1_634' title='bbox 3387 4282 3402 4308; x_wconf 96' lang='grc'><strong>,</strong></span> <span class='ocrx_word' id='word_1_635' title='bbox 3458 4244 3554 4295; x_wconf 78' lang='grc' dir='ltr'><strong>καὶ</strong></span> <span class='ocrx_word' id='word_1_636' title='bbox 3597 4243 3697 4310; x_wconf 83' lang='grc' dir='ltr'>τῆς</span> 
     </span>
    </p>
   </div>
   <div class='ocr_carea' id='block_1_86' title="bbox 423 4331 2015 4405">
    <p class='ocr_par' dir='ltr' id='par_1_86' title="bbox 423 4332 2010 4405">
     <span class='ocr_line' id='line_1_86' title="bbox 423 4332 2010 4405; baseline -0.003 -17"><span class='ocrx_word' id='word_1_637' title='bbox 423 4335 758 4405; x_wconf 78' lang='lat' dir='ltr'><strong>superiores,</strong></span> <span class='ocrx_word' id='word_1_638' title='bbox 800 4350 942 4389; x_wconf 78' lang='lat' dir='ltr'><strong>Lxxx</strong></span> <span class='ocrx_word' id='word_1_639' title='bbox 971 4349 1235 4389; x_wconf 88' lang='lat' dir='ltr'><strong>numerus</strong></span> <span class='ocrx_word' id='word_1_640' title='bbox 1270 4333 1521 4388; x_wconf 78' lang='lat' dir='ltr'><strong>efﬁcitur.</strong></span> <span class='ocrx_word' id='word_1_641' title='bbox 1573 4332 1836 4401; x_wconf 83' lang='lat' dir='ltr'><strong>Superest</strong></span> <span class='ocrx_word' id='word_1_642' title='bbox 1881 4345 2010 4394; x_wconf 76' lang='lat' dir='ltr'><strong>una,</strong></span> 
     </span>
    </p>
   </div>
   <div class='ocr_carea' id='block_1_87' title="bbox 2117 4331 3697 4405">
    <p class='ocr_par' dir='ltr' id='par_1_87' title="bbox 2119 4331 3697 4404">
     <span class='ocr_line' id='line_1_87' title="bbox 2119 4331 3697 4404; baseline 0.002 -21"><span class='ocrx_word' id='word_1_643' title='bbox 2119 4334 2248 4402; x_wconf 82' lang='grc' dir='ltr'>μιᾶς</span> <span class='ocrx_word' id='word_1_644' title='bbox 2271 4349 2334 4384; x_wconf 87' lang='grc' dir='ltr'><strong>πε</strong></span> <span class='ocrx_word' id='word_1_645' title='bbox 2343 4331 2749 4404; x_wconf 80' lang='grc' dir='ltr'>ριλειπομένης,</span> <span class='ocrx_word' id='word_1_646' title='bbox 2771 4333 3051 4385; x_wconf 86' lang='grc' dir='ltr'>τουτέστιν</span> <span class='ocrx_word' id='word_1_647' title='bbox 3077 4335 3110 4401; x_wconf 81' lang='grc' dir='ltr'>ἡ</span> <span class='ocrx_word' id='word_1_648' title='bbox 3131 4332 3262 4400; x_wconf 84' lang='grc' dir='ltr'>ἁγία</span> <span class='ocrx_word' id='word_1_649' title='bbox 3277 4331 3539 4404; x_wconf 81' lang='grc' dir='ltr'>καθολικὴ</span> <span class='ocrx_word' id='word_1_650' title='bbox 3577 4333 3697 4386; x_wconf 82' lang='grc' dir='ltr'><strong>Ἐκ-</strong></span> 
     </span>
    </p>
   </div>
   <div class='ocr_carea' id='block_1_88' title="bbox 427 4421 2015 4495">
    <p class='ocr_par' dir='ltr' id='par_1_88' title="bbox 427 4425 2012 4495">
     <span class='ocr_line' id='line_1_88' title="bbox 427 4425 2012 4495; baseline -0.003 -12"><span class='ocrx_word' id='word_1_651' title='bbox 427 4429 681 4483; x_wconf 84' lang='lat' dir='ltr'><strong>nimirum</strong></span> <span class='ocrx_word' id='word_1_652' title='bbox 717 4437 908 4483; x_wconf 89' lang='lat' dir='ltr'><strong>sancta</strong></span> <span class='ocrx_word' id='word_1_653' title='bbox 949 4434 1003 4480; x_wconf 90' lang='lat' dir='ltr'><strong>et</strong></span> <span class='ocrx_word' id='word_1_654' title='bbox 1049 4427 1322 4481; x_wconf 88' lang='lat' dir='ltr'><strong>catholica</strong></span> <span class='ocrx_word' id='word_1_655' title='bbox 1383 4425 1649 4489; x_wconf 83' lang='lat' dir='ltr'><strong>Ecclesia,</strong></span> <span class='ocrx_word' id='word_1_656' title='bbox 1705 4439 1827 4495; x_wconf 65' lang='lat' dir='ltr'><strong>quae</strong></span> <span class='ocrx_word' id='word_1_657' title='bbox 1883 4438 2012 4478; x_wconf 88' lang='lat' dir='ltr'><strong>vere</strong></span> 
     </span>
    </p>
   </div>
   <div class='ocr_carea' id='block_1_89' title="bbox 2117 4421 3695 4495">
    <p class='ocr_par' dir='ltr' id='par_1_89' title="bbox 2117 4421 3695 4495">
     <span class='ocr_line' id='line_1_89' title="bbox 2117 4421 3695 4495; baseline 0.001 -19"><span class='ocrx_word' id='word_1_658' title='bbox 2117 4421 2312 4495; x_wconf 90' lang='grc' dir='ltr'>κλησία</span> <span class='ocrx_word' id='word_1_659' title='bbox 2342 4463 2356 4488; x_wconf 95' lang='grc'><strong>,</strong></span> <span class='ocrx_word' id='word_1_660' title='bbox 2431 4423 2525 4476; x_wconf 75' lang='grc' dir='ltr'><strong>καὶ</strong></span> <span class='ocrx_word' id='word_1_661' title='bbox 2592 4425 3018 4495; x_wconf 81' lang='grc' dir='ltr'>Χριστιανισμὺς</span> <span class='ocrx_word' id='word_1_662' title='bbox 3079 4425 3244 4487; x_wconf 79' lang='grc' dir='ltr'>ὅντως</span> <span class='ocrx_word' id='word_1_663' title='bbox 3309 4425 3695 4495; x_wconf 83' lang='grc' dir='ltr'>ὠνομασμένος</span> 
     </span>
    </p>
   </div>
   <div class='ocr_carea' id='block_1_90' title="bbox 425 4512 2015 4588">
    <p class='ocr_par' dir='ltr' id='par_1_90' title="bbox 425 4512 2010 4588">
     <span class='ocr_line' id='line_1_90' title="bbox 425 4512 2010 4588; baseline -0.004 -15"><span class='ocrx_word' id='word_1_664' title='bbox 425 4519 739 4573; x_wconf 74' lang='lat' dir='ltr'><strong>Christiana</strong></span> <span class='ocrx_word' id='word_1_665' title='bbox 784 4518 980 4588; x_wconf 86' lang='lat' dir='ltr'><strong>religio</strong></span> <span class='ocrx_word' id='word_1_666' title='bbox 1025 4517 1230 4572; x_wconf 88' lang='lat' dir='ltr'><strong>dicitur</strong></span> <span class='ocrx_word' id='word_1_667' title='bbox 1261 4535 1274 4570; x_wconf 89' lang='lat'>:</span> <span class='ocrx_word' id='word_1_668' title='bbox 1309 4531 1540 4586; x_wconf 68' lang='lat' dir='ltr'><strong>quaeque</strong></span> <span class='ocrx_word' id='word_1_669' title='bbox 1577 4515 1690 4584; x_wconf 88' lang='lat' dir='ltr'><strong>jam</strong></span> <span class='ocrx_word' id='word_1_670' title='bbox 1730 4522 1845 4567; x_wconf 89' lang='lat' dir='ltr'><strong>tum</strong></span> <span class='ocrx_word' id='word_1_671' title='bbox 1880 4512 2010 4567; x_wconf 90' lang='lat' dir='ltr'><strong>olim</strong></span> 
     </span>
    </p>
   </div>
   <div class='ocr_carea' id='block_1_91' title="bbox 2117 4512 3696 4588">
    <p class='ocr_par' dir='ltr' id='par_1_91' title="bbox 2117 4515 3696 4588">
     <span class='ocr_line' id='line_1_91' title="bbox 2117 4515 3696 4588; baseline 0.001 -20"><span class='ocrx_word' id='word_1_672' title='bbox 2117 4515 2392 4587; x_wconf 83' lang='grc' dir='ltr'>ἀπαρχῆς,</span> <span class='ocrx_word' id='word_1_673' title='bbox 2423 4517 2514 4569; x_wconf 73' lang='grc' dir='ltr'><strong>καὶ</strong></span> <span class='ocrx_word' id='word_1_674' title='bbox 2537 4518 2634 4570; x_wconf 86' lang='grc' dir='ltr'><strong>σὺν</strong></span> <span class='ocrx_word' id='word_1_675' title='bbox 2662 4517 2740 4588; x_wconf 83' lang='grc' dir='ltr'>τῷ</span> <span class='ocrx_word' id='word_1_676' title='bbox 2772 4518 2940 4587; x_wconf 79' lang='grc' dir='ltr'>Ἀδὰμ</span> <span class='ocrx_word' id='word_1_677' title='bbox 2974 4520 3067 4570; x_wconf 79' lang='grc' dir='ltr'>καὶ</span> <span class='ocrx_word' id='word_1_678' title='bbox 3101 4518 3206 4588; x_wconf 78' lang='grc' dir='ltr'>πρὸ</span> <span class='ocrx_word' id='word_1_679' title='bbox 3244 4515 3338 4570; x_wconf 81' lang='grc' dir='ltr'>τοῦ</span> <span class='ocrx_word' id='word_1_680' title='bbox 3382 4517 3572 4588; x_wconf 77' lang='grc' dir='ltr'>Ἀδὰμ,</span> <span class='ocrx_word' id='word_1_681' title='bbox 3599 4518 3696 4570; x_wconf 58' lang='grc' dir='ltr'><strong>καί⁸</strong></span> 
     </span>
    </p>
   </div>
   <div class='ocr_carea' id='block_1_92' title="bbox 425 4605 2015 4680">
    <p class='ocr_par' dir='ltr' id='par_1_92' title="bbox 425 4605 2014 4676">
     <span class='ocr_line' id='line_1_92' title="bbox 425 4605 2014 4676; baseline -0.004 -11"><span class='ocrx_word' id='word_1_682' title='bbox 425 4621 478 4665; x_wconf 89' lang='lat' dir='ltr'><strong>et</strong></span> <span class='ocrx_word' id='word_1_683' title='bbox 512 4625 636 4663; x_wconf 89' lang='lat' dir='ltr'><strong>cum</strong></span> <span class='ocrx_word' id='word_1_684' title='bbox 671 4608 902 4672; x_wconf 81' lang='lat' dir='ltr'><strong>Adamo,</strong></span> <span class='ocrx_word' id='word_1_685' title='bbox 929 4611 1039 4664; x_wconf 90' lang='lat' dir='ltr'><strong>imo</strong></span> <span class='ocrx_word' id='word_1_686' title='bbox 1072 4618 1200 4664; x_wconf 87' lang='lat' dir='ltr'><strong>ante</strong></span> <span class='ocrx_word' id='word_1_687' title='bbox 1233 4609 1500 4662; x_wconf 79' lang='lat' dir='ltr'><strong>Adamum</strong></span> <span class='ocrx_word' id='word_1_688' title='bbox 1533 4607 1736 4676; x_wconf 88' lang='lat' dir='ltr'><strong>ipsum,</strong></span> <span class='ocrx_word' id='word_1_689' title='bbox 1771 4605 2014 4674; x_wconf 88' lang='lat' dir='ltr'><strong>adeoque</strong></span> 
     </span>
    </p>
   </div>
   <div class='ocr_carea' id='block_1_93' title="bbox 2117 4605 3696 4680">
    <p class='ocr_par' dir='ltr' id='par_1_93' title="bbox 2117 4606 3696 4680">
     <span class='ocr_line' id='line_1_93' title="bbox 2117 4606 3696 4680; baseline 0.001 -22"><span class='ocrx_word' id='word_1_690' title='bbox 2117 4607 2221 4677; x_wconf 77' lang='grc' dir='ltr'><strong>πρὸ</strong></span> <span class='ocrx_word' id='word_1_691' title='bbox 2248 4608 2464 4660; x_wconf 84' lang='grc' dir='ltr'>πάντων</span> <span class='ocrx_word' id='word_1_692' title='bbox 2508 4606 2618 4661; x_wconf 84' lang='grc' dir='ltr'><strong>τῶν</strong></span> <span class='ocrx_word' id='word_1_693' title='bbox 2645 4607 2856 4660; x_wconf 86' lang='grc' dir='ltr'>αἰώνων</span> <span class='ocrx_word' id='word_1_694' title='bbox 2899 4609 2994 4660; x_wconf 81' lang='grc' dir='ltr'><strong>σὺν</strong></span> <span class='ocrx_word' id='word_1_695' title='bbox 3035 4607 3254 4680; x_wconf 84' lang='grc' dir='ltr'>Χριστῷ</span> <span class='ocrx_word' id='word_1_696' title='bbox 3301 4607 3567 4679; x_wconf 84' lang='grc' dir='ltr'>Θελήματι</span> <span class='ocrx_word' id='word_1_697' title='bbox 3599 4607 3696 4660; x_wconf 77' lang='grc' dir='ltr'>τοῦ</span> 
     </span>
    </p>
   </div>
   <div class='ocr_carea' id='block_1_94' title="bbox 425 4695 2012 4757">
    <p class='ocr_par' dir='ltr' id='par_1_94' title="bbox 425 4695 2012 4757">
     <span class='ocr_line' id='line_1_94' title="bbox 425 4695 2012 4757; baseline -0.003 -2"><span class='ocrx_word' id='word_1_698' title='bbox 425 4711 553 4757; x_wconf 83' lang='lat' dir='ltr'><strong>ante</strong></span> <span class='ocrx_word' id='word_1_699' title='bbox 575 4702 764 4757; x_wconf 85' lang='lat' dir='ltr'><strong>omnia</strong></span> <span class='ocrx_word' id='word_1_700' title='bbox 797 4702 999 4756; x_wconf 66' lang='lat' dir='ltr'><strong>saecula</strong></span> <span class='ocrx_word' id='word_1_701' title='bbox 1030 4716 1154 4756; x_wconf 91' lang='lat' dir='ltr'><strong>cum</strong></span> <span class='ocrx_word' id='word_1_702' title='bbox 1185 4700 1408 4754; x_wconf 78' lang='lat' dir='ltr'><strong>Christo</strong></span> <span class='ocrx_word' id='word_1_703' title='bbox 1434 4698 1620 4753; x_wconf 82' lang='lat' dir='ltr'><strong>ﬂoruit</strong></span> <span class='ocrx_word' id='word_1_704' title='bbox 1651 4698 1719 4752; x_wconf 89' lang='lat' dir='ltr'><strong>de</strong></span> <span class='ocrx_word' id='word_1_705' title='bbox 1743 4695 1924 4751; x_wconf 84' lang='lat' dir='ltr'><strong>Patris</strong></span> <span class='ocrx_word' id='word_1_706' title='bbox 1949 4710 2012 4750; x_wconf 92' lang='lat' dir='ltr'><strong>ac</strong></span> 
     </span>
    </p>
   </div>
   <div class='ocr_carea' id='block_1_95' title="bbox 426 4789 2012 4865">
    <p class='ocr_par' dir='ltr' id='par_1_95' title="bbox 426 4789 2012 4865">
     <span class='ocr_line' id='line_1_95' title="bbox 426 4789 2012 4865; baseline -0.003 -17"><span class='ocrx_word' id='word_1_707' title='bbox 426 4791 550 4848; x_wconf 80' lang='lat' dir='ltr'><strong>Filii</strong></span> <span class='ocrx_word' id='word_1_708' title='bbox 591 4801 645 4849; x_wconf 90' lang='lat' dir='ltr'><strong>et</strong></span> <span class='ocrx_word' id='word_1_709' title='bbox 681 4793 922 4865; x_wconf 81' lang='lat' dir='ltr'><strong>Spiritus</strong></span> <span class='ocrx_word' id='word_1_710' title='bbox 956 4791 1132 4848; x_wconf 84' lang='lat' dir='ltr'><strong>sancti</strong></span> <span class='ocrx_word' id='word_1_711' title='bbox 1184 4792 1486 4847; x_wconf 83' lang='lat' dir='ltr'><strong>voluntate.</strong></span> <span class='ocrx_word' id='word_1_712' title='bbox 1520 4789 1622 4844; x_wconf 89' lang='lat' dir='ltr'><strong>Cui</strong></span> <span class='ocrx_word' id='word_1_713' title='bbox 1666 4789 1885 4859; x_wconf 85' lang='lat' dir='ltr'><strong>quidem</strong></span> <span class='ocrx_word' id='word_1_714' title='bbox 1918 4803 2012 4844; x_wconf 89' lang='lat' dir='ltr'><strong>eo-</strong></span> 
     </span>
    </p>
   </div>
   <div class='ocr_carea' id='block_1_96' title="bbox 427 4881 2011 4956">
    <p class='ocr_par' dir='ltr' id='par_1_96' title="bbox 427 4881 2011 4956">
     <span class='ocr_line' id='line_1_96' title="bbox 427 4881 2011 4956; baseline -0.004 -16"><span class='ocrx_word' id='word_1_715' title='bbox 427 4901 548 4940; x_wconf 89' lang='lat' dir='ltr'><strong>rum</strong></span> <span class='ocrx_word' id='word_1_716' title='bbox 579 4887 826 4940; x_wconf 89' lang='lat' dir='ltr'><strong>omnium</strong></span> <span class='ocrx_word' id='word_1_717' title='bbox 865 4886 958 4956; x_wconf 90' lang='lat' dir='ltr'><strong>qui</strong></span> <span class='ocrx_word' id='word_1_718' title='bbox 990 4886 1044 4939; x_wconf 92' lang='lat' dir='ltr'><strong>in</strong></span> <span class='ocrx_word' id='word_1_719' title='bbox 1084 4884 1326 4954; x_wconf 89' lang='lat' dir='ltr'><strong>qualibet</strong></span> <span class='ocrx_word' id='word_1_720' title='bbox 1356 4882 1711 4952; x_wconf 85' lang='lat' dir='ltr'><strong>generatione</strong></span> <span class='ocrx_word' id='word_1_721' title='bbox 1743 4881 1852 4936; x_wconf 85' lang='lat' dir='ltr'><strong>Deo</strong></span> <span class='ocrx_word' id='word_1_722' title='bbox 1892 4881 2011 4948; x_wconf 86' lang='lat' dir='ltr'><strong>pla-</strong></span> 
     </span>
    </p>
   </div>
   <div class='ocr_carea' id='block_1_97' title="bbox 426 4975 2013 5050">
    <p class='ocr_par' dir='ltr' id='par_1_97' title="bbox 426 4975 2013 5050">
     <span class='ocr_line' id='line_1_97' title="bbox 426 4975 2013 5050; baseline -0.004 -17"><span class='ocrx_word' id='word_1_723' title='bbox 426 4989 659 5035; x_wconf 89' lang='lat' dir='ltr'><strong>cuerunt</strong></span> <span class='ocrx_word' id='word_1_724' title='bbox 705 4987 970 5050; x_wconf 84' lang='lat' dir='ltr'><strong>tempore,</strong></span> <span class='ocrx_word' id='word_1_725' title='bbox 1003 4977 1139 5033; x_wconf 83' lang='lat' dir='ltr'><strong>ﬁdes</strong></span> <span class='ocrx_word' id='word_1_726' title='bbox 1179 4985 1264 5032; x_wconf 84' lang='lat' dir='ltr'><strong>est</strong></span> <span class='ocrx_word' id='word_1_727' title='bbox 1292 4976 1509 5040; x_wconf 89' lang='lat' dir='ltr'><strong>habita;</strong></span> <span class='ocrx_word' id='word_1_728' title='bbox 1537 4985 1590 5030; x_wconf 89' lang='lat' dir='ltr'><strong>et</strong></span> <span class='ocrx_word' id='word_1_729' title='bbox 1619 4975 1929 5030; x_wconf 82' lang='lat' dir='ltr'><strong>advenienti</strong></span> <span class='ocrx_word' id='word_1_730' title='bbox 1957 4976 2013 5028; x_wconf 91' lang='lat' dir='ltr'><strong>in</strong></span> 
     </span>
    </p>
   </div>
   <div class='ocr_carea' id='block_1_98' title="bbox 427 5063 2012 5135">
    <p class='ocr_par' dir='ltr' id='par_1_98' title="bbox 427 5063 2012 5135">
     <span class='ocr_line' id='line_1_98' title="bbox 427 5063 2012 5135; baseline -0.003 -13"><span class='ocrx_word' id='word_1_731' title='bbox 427 5069 572 5124; x_wconf 91' lang='lat' dir='ltr'><strong>hunc</strong></span> <span class='ocrx_word' id='word_1_732' title='bbox 602 5068 868 5124; x_wconf 87' lang='lat' dir='ltr'><strong>mundum</strong></span> <span class='ocrx_word' id='word_1_733' title='bbox 904 5067 1125 5124; x_wconf 89' lang='lat' dir='ltr'><strong>Christo</strong></span> <span class='ocrx_word' id='word_1_734' title='bbox 1157 5067 1389 5122; x_wconf 91' lang='lat' dir='ltr'><strong>Domino</strong></span> <span class='ocrx_word' id='word_1_735' title='bbox 1418 5063 1710 5121; x_wconf 80' lang='lat' dir='ltr'><strong>manifeste</strong></span> <span class='ocrx_word' id='word_1_736' title='bbox 1742 5072 1827 5120; x_wconf 90' lang='lat' dir='ltr'><strong>est</strong></span> <span class='ocrx_word' id='word_1_737' title='bbox 1858 5071 2012 5135; x_wconf 87' lang='lat' dir='ltr'><strong>pate-</strong></span> 
     </span>
    </p>
   </div>
   <div class='ocr_carea' id='block_1_99' title="bbox 2078 4699 3699 4771">
    <p class='ocr_par' dir='ltr' id='par_1_99' title="bbox 2078 4699 3699 4771">
     <span class='ocr_line' id='line_1_99' title="bbox 2078 4699 3699 4771; baseline -0.001 -19"><span class='ocrx_word' id='word_1_738' title='bbox 2078 4729 2082 4734; x_wconf 90' lang='lat'><em>-</em></span> <span class='ocrx_word' id='word_1_739' title='bbox 2117 4700 2328 4771; x_wconf 84' lang='grc' dir='ltr'>Πατρὸς</span> <span class='ocrx_word' id='word_1_740' title='bbox 2370 4701 2463 4752; x_wconf 78' lang='grc' dir='ltr'>καὶ</span> <span class='ocrx_word' id='word_1_741' title='bbox 2493 4699 2624 4753; x_wconf 87' lang='grc' dir='ltr'>Υίοῦ</span> <span class='ocrx_word' id='word_1_742' title='bbox 2679 4702 2775 4754; x_wconf 74' lang='grc' dir='ltr'>καὶ</span> <span class='ocrx_word' id='word_1_743' title='bbox 2832 4701 2990 4768; x_wconf 79' lang='grc' dir='ltr'>ἁγίου</span> <span class='ocrx_word' id='word_1_744' title='bbox 3042 4701 3378 4771; x_wconf 83' lang='grc' dir='ltr'>Πνεύματος,</span> <span class='ocrx_word' id='word_1_745' title='bbox 3425 4701 3520 4754; x_wconf 74' lang='grc' dir='ltr'><strong>καὶ</strong></span> <span class='ocrx_word' id='word_1_746' title='bbox 3561 4700 3699 4771; x_wconf 77' lang='grc' dir='ltr'>μετὰ</span> 
     </span>
    </p>
   </div>
   <div class='ocr_carea' id='block_1_100' title="bbox 2119 4790 3699 4862">
    <p class='ocr_par' dir='ltr' id='par_1_100' title="bbox 2119 4790 3699 4862">
     <span class='ocr_line' id='line_1_100' title="bbox 2119 4790 3699 4862; baseline -0.001 -19"><span class='ocrx_word' id='word_1_747' title='bbox 2119 4791 2336 4843; x_wconf 86' lang='grc' dir='ltr'>πάντων</span> <span class='ocrx_word' id='word_1_748' title='bbox 2384 4790 2492 4843; x_wconf 86' lang='grc' dir='ltr'><strong>τῶν</strong></span> <span class='ocrx_word' id='word_1_749' title='bbox 2533 4793 2675 4844; x_wconf 81' lang='grc' dir='ltr'>κατὰ</span> <span class='ocrx_word' id='word_1_750' title='bbox 2704 4793 2897 4860; x_wconf 82' lang='grc' dir='ltr'>γενεὰν</span> <span class='ocrx_word' id='word_1_751' title='bbox 2931 4791 3050 4862; x_wconf 84' lang='grc' dir='ltr'>Θεῷ</span> <span class='ocrx_word' id='word_1_752' title='bbox 3093 4791 3573 4862; x_wconf 79' lang='grc' dir='ltr'>εὐαρεστησάντων</span> <span class='ocrx_word' id='word_1_753' title='bbox 3606 4807 3699 4842; x_wconf 84' lang='grc' dir='ltr'>πι-</span> 
     </span>
    </p>
   </div>
   <div class='ocr_carea' id='block_1_101' title="bbox 2120 4881 3697 4954">
    <p class='ocr_par' dir='ltr' id='par_1_101' title="bbox 2120 4881 3697 4954">
     <span class='ocr_line' id='line_1_101' title="bbox 2120 4881 3697 4954; baseline -0.001 -20"><span class='ocrx_word' id='word_1_754' title='bbox 2120 4881 2477 4952; x_wconf 81' lang='grc' dir='ltr'>στευόμενος,</span> <span class='ocrx_word' id='word_1_755' title='bbox 2523 4884 2617 4934; x_wconf 78' lang='grc' dir='ltr'>καὶ</span> <span class='ocrx_word' id='word_1_756' title='bbox 2672 4884 2730 4934; x_wconf 82' lang='grc' dir='ltr'>ὲν</span> <span class='ocrx_word' id='word_1_757' title='bbox 2764 4886 2830 4954; x_wconf 78' lang='grc' dir='ltr'>τῇ</span> <span class='ocrx_word' id='word_1_758' title='bbox 2871 4882 3036 4935; x_wconf 80' lang='grc' dir='ltr'>αὐτοῦ</span> <span class='ocrx_word' id='word_1_759' title='bbox 3095 4882 3365 4953; x_wconf 79' lang='grc' dir='ltr'>παρουσίᾳ</span> <span class='ocrx_word' id='word_1_760' title='bbox 3408 4882 3466 4933; x_wconf 76' lang='grc' dir='ltr'>ἐν</span> <span class='ocrx_word' id='word_1_761' title='bbox 3508 4881 3697 4950; x_wconf 86' lang='grc' dir='ltr'>κόσμῳ</span> 
     </span>
    </p>
   </div>
   <div class='ocr_carea' id='block_1_102' title="bbox 2121 4972 3694 5044">
    <p class='ocr_par' dir='ltr' id='par_1_102' title="bbox 2121 4972 3694 5044">
     <span class='ocr_line' id='line_1_102' title="bbox 2121 4972 3694 5044; baseline 0 -20"><span class='ocrx_word' id='word_1_762' title='bbox 2121 4972 2308 5041; x_wconf 85' lang='grc' dir='ltr'>σαφῶς</span> <span class='ocrx_word' id='word_1_763' title='bbox 2352 4975 2797 5044; x_wconf 69' lang='grc' dir='ltr'>ἀποκαλυφθεὶς,</span> <span class='ocrx_word' id='word_1_764' title='bbox 2851 4975 2945 5028; x_wconf 72' lang='grc' dir='ltr'><strong>καὶ</strong></span> <span class='ocrx_word' id='word_1_765' title='bbox 2976 4975 3071 5027; x_wconf 81' lang='grc' dir='ltr'>νῦν</span> <span class='ocrx_word' id='word_1_766' title='bbox 3117 4974 3254 5044; x_wconf 74' lang='grc' dir='ltr'>μετὰ</span> <span class='ocrx_word' id='word_1_767' title='bbox 3311 4973 3409 5036; x_wconf 81' lang='grc' dir='ltr'>τὰς</span> <span class='ocrx_word' id='word_1_768' title='bbox 3452 4973 3694 5044; x_wconf 85' lang='grc' dir='ltr'>αἱρέσεις</span> 
     </span>
    </p>
   </div>
   <div class='ocr_carea' id='block_1_103' title="bbox 2119 5063 3697 5138">
    <p class='ocr_par' dir='ltr' id='par_1_103' title="bbox 2119 5063 3697 5138">
     <span class='ocr_line' id='line_1_103' title="bbox 2119 5063 3697 5138; baseline 0.002 -23"><span class='ocrx_word' id='word_1_769' title='bbox 2119 5063 2319 5127; x_wconf 83' lang='grc' dir='ltr'>ταύτας</span> <span class='ocrx_word' id='word_1_770' title='bbox 2353 5066 2533 5130; x_wconf 81' lang='grc' dir='ltr'>πάσας</span> <span class='ocrx_word' id='word_1_771' title='bbox 2560 5069 2659 5130; x_wconf 77' lang='grc' dir='ltr'><strong>τὰς</strong></span> <span class='ocrx_word' id='word_1_772' title='bbox 2695 5067 2758 5138; x_wconf 85' lang='grc' dir='ltr'><strong>δὴ</strong></span> <span class='ocrx_word' id='word_1_773' title='bbox 2808 5068 3140 5129; x_wconf 83' lang='grc' dir='ltr'>παλλακίδας</span> <span class='ocrx_word' id='word_1_774' title='bbox 3194 5069 3282 5136; x_wconf 80' lang='grc' dir='ltr'>ὑφ’</span> <span class='ocrx_word' id='word_1_775' title='bbox 3332 5067 3491 5137; x_wconf 83' lang='grc' dir='ltr'>ἡμῶν</span> <span class='ocrx_word' id='word_1_776' title='bbox 3535 5067 3697 5120; x_wconf 73' lang='grc' dir='ltr'>πάλιν</span> 
     </span>
    </p>
   </div>
   <div class='ocr_carea' id='block_1_104' title="bbox 428 5153 2015 5230">
    <p class='ocr_par' dir='ltr' id='par_1_104' title="bbox 428 5156 2015 5230">
     <span class='ocr_line' id='line_1_104' title="bbox 428 5156 2015 5230; baseline -0.004 -14"><span class='ocrx_word' id='word_1_777' title='bbox 428 5168 604 5228; x_wconf 80' lang='lat' dir='ltr'><strong>facta;</strong></span> <span class='ocrx_word' id='word_1_778' title='bbox 649 5176 795 5216; x_wconf 89' lang='lat' dir='ltr'><strong>nunc</strong></span> <span class='ocrx_word' id='word_1_779' title='bbox 830 5169 1012 5216; x_wconf 86' lang='lat' dir='ltr'><strong>autem</strong></span> <span class='ocrx_word' id='word_1_780' title='bbox 1053 5167 1177 5230; x_wconf 90' lang='lat' dir='ltr'><strong>post</strong></span> <span class='ocrx_word' id='word_1_781' title='bbox 1211 5159 1528 5228; x_wconf 87' lang='lat' dir='ltr'><strong>superiores</strong></span> <span class='ocrx_word' id='word_1_782' title='bbox 1560 5172 1752 5212; x_wconf 91' lang='lat' dir='ltr'><strong>omnes</strong></span> <span class='ocrx_word' id='word_1_783' title='bbox 1781 5156 2015 5211; x_wconf 62' lang='lat' dir='ltr'><strong>haereses</strong></span> 
     </span>
    </p>
   </div>
   <div class='ocr_carea' id='block_1_105' title="bbox 2117 5153 3624 5230">
    <p class='ocr_par' dir='ltr' id='par_1_105' title="bbox 2123 5153 3624 5229">
     <span class='ocr_line' id='line_1_105' title="bbox 2123 5153 3624 5229; baseline 0.003 -23"><span class='ocrx_word' id='word_1_784' title='bbox 2123 5153 2549 5225; x_wconf 80' lang='grc' dir='ltr'>ὲξυμνουμένας,</span> <span class='ocrx_word' id='word_1_785' title='bbox 2576 5157 2651 5221; x_wconf 84' lang='grc' dir='ltr'>ὡς</span> <span class='ocrx_word' id='word_1_786' title='bbox 2676 5157 2815 5212; x_wconf 83' lang='grc' dir='ltr'>κατὰ</span> <span class='ocrx_word' id='word_1_787' title='bbox 2841 5158 2938 5229; x_wconf 77' lang='grc' dir='ltr'><strong>τὴν</strong></span> <span class='ocrx_word' id='word_1_788' title='bbox 2971 5158 3286 5212; x_wconf 82' lang='grc' dir='ltr'>ἀκολουθίαν</span> <span class='ocrx_word' id='word_1_789' title='bbox 3309 5156 3404 5211; x_wconf 84' lang='grc' dir='ltr'>τοῦ</span> <span class='ocrx_word' id='word_1_790' title='bbox 3443 5158 3624 5227; x_wconf 85' lang='grc' dir='ltr'>λόγου.</span> 
     </span>
    </p>
   </div>
   <div class='ocr_carea' id='block_1_106' title="bbox 425 5248 2022 5321">
    <p class='ocr_par' dir='ltr' id='par_1_106' title="bbox 425 5248 2022 5321">
     <span class='ocr_line' id='line_1_106' title="bbox 425 5248 2022 5321; baseline -0.005 -12"><span class='ocrx_word' id='word_1_791' title='bbox 425 5258 539 5310; x_wconf 82' lang='lat' dir='ltr'><strong>sive</strong></span> <span class='ocrx_word' id='word_1_792' title='bbox 567 5255 906 5310; x_wconf 88' lang='lat' dir='ltr'><strong>concubinas</strong></span> <span class='ocrx_word' id='word_1_793' title='bbox 944 5253 1192 5308; x_wconf 86' lang='lat' dir='ltr'><strong>oratione</strong></span> <span class='ocrx_word' id='word_1_794' title='bbox 1219 5257 1405 5306; x_wconf 90' lang='lat' dir='ltr'><strong>nostra</strong></span> <span class='ocrx_word' id='word_1_795' title='bbox 1433 5248 1802 5321; x_wconf 75' lang='lat' dir='ltr'><strong>praedicanda,</strong></span> <span class='ocrx_word' id='word_1_796' title='bbox 1831 5262 2022 5318; x_wconf 88' lang='lat' dir='ltr'><strong>quem-</strong></span> 
     </span>
    </p>
   </div>
   <div class='ocr_carea' id='block_1_107' title="bbox 423 5343 1765 5412">
    <p class='ocr_par' dir='ltr' id='par_1_107' title="bbox 423 5343 1765 5412">
     <span class='ocr_line' id='line_1_107' title="bbox 423 5343 1765 5412; baseline -0.003 -13"><span class='ocrx_word' id='word_1_797' title='bbox 423 5347 719 5402; x_wconf 91' lang='lat' dir='ltr'><strong>admodum</strong></span> <span class='ocrx_word' id='word_1_798' title='bbox 756 5346 996 5402; x_wconf 89' lang='lat' dir='ltr'><strong>instituti</strong></span> <span class='ocrx_word' id='word_1_799' title='bbox 1024 5345 1297 5401; x_wconf 88' lang='lat' dir='ltr'><strong>sermonis</strong></span> <span class='ocrx_word' id='word_1_800' title='bbox 1332 5344 1468 5398; x_wconf 88' lang='lat' dir='ltr'><strong>ordo</strong></span> <span class='ocrx_word' id='word_1_801' title='bbox 1502 5343 1765 5412; x_wconf 87' lang='lat' dir='ltr'><strong>postulat.</strong></span> 
     </span>
    </p>
   </div>
   <div class='ocr_carea' id='block_1_108' title="bbox 495 5436 2016 5514">
    <p class='ocr_par' dir='ltr' id='par_1_108' title="bbox 495 5436 2016 5514">
     <span class='ocr_line' id='line_1_108' title="bbox 495 5436 2016 5514; baseline -0.003 -18"><span class='ocrx_word' id='word_1_802' title='bbox 495 5441 610 5496; x_wconf 75' lang='lat' dir='ltr'><strong>Vll.</strong></span> <span class='ocrx_word' id='word_1_803' title='bbox 653 5441 868 5514; x_wconf 86' lang='lat' dir='ltr'><strong>Quippe</strong></span> <span class='ocrx_word' id='word_1_804' title='bbox 893 5441 1132 5499; x_wconf 83' lang='lat' dir='ltr'><strong>Verbum</strong></span> <span class='ocrx_word' id='word_1_805' title='bbox 1158 5443 1339 5512; x_wconf 91' lang='lat' dir='ltr'><strong>ipsum</strong></span> <span class='ocrx_word' id='word_1_806' title='bbox 1369 5440 1423 5493; x_wconf 92' lang='lat' dir='ltr'><strong>in</strong></span> <span class='ocrx_word' id='word_1_807' title='bbox 1447 5438 1693 5493; x_wconf 87' lang='lat' dir='ltr'><strong>Canticis</strong></span> <span class='ocrx_word' id='word_1_808' title='bbox 1723 5439 1829 5492; x_wconf 88' lang='lat' dir='ltr'><strong>hoc</strong></span> <span class='ocrx_word' id='word_1_809' title='bbox 1852 5436 2016 5492; x_wconf 90' lang='lat' dir='ltr'><strong>modo</strong></span> 
     </span>
    </p>
   </div>
   <div class='ocr_carea' id='block_1_109' title="bbox 425 5531 2007 5606">
    <p class='ocr_par' dir='ltr' id='par_1_109' title="bbox 425 5531 2007 5606">
     <span class='ocr_line' id='line_1_109' title="bbox 425 5531 2007 5606; baseline -0.004 -17"><span class='ocrx_word' id='word_1_810' title='bbox 425 5535 755 5598; x_wconf 74' lang='lat' dir='ltr'><strong>numeravit,</strong></span> <span class='ocrx_word' id='word_1_811' title='bbox 797 5535 1080 5606; x_wconf 76' lang='lat' dir='ltr'><strong>sexaginta</strong></span> <span class='ocrx_word' id='word_1_812' title='bbox 1116 5533 1365 5604; x_wconf 85' lang='lat' dir='ltr'><strong>reginas,</strong></span> <span class='ocrx_word' id='word_1_813' title='bbox 1408 5538 1462 5585; x_wconf 87' lang='lat' dir='ltr'><strong>et</strong></span> <span class='ocrx_word' id='word_1_814' title='bbox 1491 5531 1768 5600; x_wconf 78' lang='lat' dir='ltr'><strong>octoginta</strong></span> <span class='ocrx_word' id='word_1_815' title='bbox 1809 5544 2007 5584; x_wconf 88' lang='lat' dir='ltr'><strong>concu-</strong></span> 
     </span>
    </p>
   </div>
   <div class='ocr_carea' id='block_1_110' title="bbox 2194 5427 3698 5504">
    <p class='ocr_par' dir='ltr' id='par_1_110' title="bbox 2194 5427 3698 5504">
     <span class='ocr_line' id='line_1_110' title="bbox 2194 5427 3698 5504; baseline -0.001 -19"><span class='ocrx_word' id='word_1_816' title='bbox 2194 5433 2267 5485; x_wconf 88' lang='lat' dir='ltr'><strong>Z&#39;.</strong></span> <span class='ocrx_word' id='word_1_817' title='bbox 2307 5432 2476 5495; x_wconf 81' lang='grc' dir='ltr'>Αὐτὸς</span> <span class='ocrx_word' id='word_1_818' title='bbox 2525 5433 2634 5504; x_wconf 84' lang='grc' dir='ltr'>γὰρ</span> <span class='ocrx_word' id='word_1_819' title='bbox 2685 5435 2713 5486; x_wconf 89' lang='grc' dir='ltr'><strong>ό</strong></span> <span class='ocrx_word' id='word_1_820' title='bbox 2752 5431 2926 5499; x_wconf 85' lang='grc' dir='ltr'>Λόγος</span> <span class='ocrx_word' id='word_1_821' title='bbox 2967 5432 3024 5483; x_wconf 82' lang='grc' dir='ltr'>ὲν</span> <span class='ocrx_word' id='word_1_822' title='bbox 3071 5447 3183 5493; x_wconf 90' lang='grc' dir='ltr'>τοις</span> <span class='ocrx_word' id='word_1_823' title='bbox 3231 5429 3508 5501; x_wconf 79' lang='grc' dir='ltr'>’ᾼσμασιν</span> <span class='ocrx_word' id='word_1_824' title='bbox 3555 5427 3698 5483; x_wconf 79' lang='grc' dir='ltr'>οὕτω</span> 
     </span>
    </p>
   </div>
   <div class='ocr_carea' id='block_1_111' title="bbox 2118 5521 3696 5597">
    <p class='ocr_par' dir='ltr' id='par_1_111' title="bbox 2118 5521 3696 5597">
     <span class='ocr_line' id='line_1_111' title="bbox 2118 5521 3696 5597; baseline -0.002 -19"><span class='ocrx_word' id='word_1_825' title='bbox 2118 5525 2445 5597; x_wconf 69' lang='grc' dir='ltr'>ἠρίθμησεν,</span> <span class='ocrx_word' id='word_1_826' title='bbox 2479 5525 2742 5595; x_wconf 77' lang='grc' dir='ltr'>ἑξήκοντα</span> <span class='ocrx_word' id='word_1_827' title='bbox 2788 5523 3106 5594; x_wconf 82' lang='grc' dir='ltr'>βασιλίσσας</span> <span class='ocrx_word' id='word_1_828' title='bbox 3153 5523 3353 5593; x_wconf 87' lang='grc' dir='ltr'>φήσας,</span> <span class='ocrx_word' id='word_1_829' title='bbox 3387 5523 3483 5576; x_wconf 80' lang='grc' dir='ltr'><strong>καὶ</strong></span> <span class='ocrx_word' id='word_1_830' title='bbox 3508 5521 3696 5592; x_wconf 83' lang='grc' dir='ltr'>ὀγδοή-</span> 
     </span>
    </p>
   </div>
   <div class='ocr_carea' id='block_1_112' title="bbox 502 5728 2015 5801">
    <p class='ocr_par' dir='ltr' id='par_1_112' title="bbox 502 5729 2013 5801">
     <span class='ocr_line' id='line_1_112' title="bbox 502 5729 2013 5801; baseline -0.002 -13"><span class='ocrx_word' id='word_1_831' title='bbox 502 5734 520 5766; x_wconf 83' lang='grc'><strong>²</strong></span> <span class='ocrx_word' id='word_1_832' title='bbox 552 5735 708 5788; x_wconf 83' lang='lat' dir='ltr'><strong>Joan.</strong></span> <span class='ocrx_word' id='word_1_833' title='bbox 738 5751 836 5798; x_wconf 80' lang='lat' dir='ltr'><strong>xu,</strong></span> <span class='ocrx_word' id='word_1_834' title='bbox 865 5735 954 5790; x_wconf 78' lang='grc'><strong>55.</strong></span> <span class='ocrx_word' id='word_1_835' title='bbox 1032 5739 1052 5768; x_wconf 80' lang='grc'>²</span> <span class='ocrx_word' id='word_1_836' title='bbox 1086 5737 1103 5790; x_wconf 97' lang='grc'><strong>1</strong></span> <span class='ocrx_word' id='word_1_837' title='bbox 1135 5735 1328 5790; x_wconf 90' lang='lat' dir='ltr'><strong>Thess.</strong></span> <span class='ocrx_word' id='word_1_838' title='bbox 1356 5749 1408 5796; x_wconf 89' lang='lat' dir='ltr'><strong>v,</strong></span> <span class='ocrx_word' id='word_1_839' title='bbox 1441 5732 1491 5786; x_wconf 83' lang='lat'><strong>5.</strong></span> <span class='ocrx_word' id='word_1_840' title='bbox 1571 5733 1590 5765; x_wconf 83' lang='grc'><em>³</em></span> <span class='ocrx_word' id='word_1_841' title='bbox 1620 5730 1779 5787; x_wconf 83' lang='lat' dir='ltr'><strong>Joan.</strong></span> <span class='ocrx_word' id='word_1_842' title='bbox 1810 5747 1892 5801; x_wconf 90' lang='grc' dir='ltr'>ιιι,</span> <span class='ocrx_word' id='word_1_843' title='bbox 1921 5729 2013 5785; x_wconf 74' lang='lat'><strong>20.</strong></span> 
     </span>
    </p>
   </div>
   <div class='ocr_carea' id='block_1_113' title="bbox 2117 5728 2773 5801">
    <p class='ocr_par' dir='ltr' id='par_1_113' title="bbox 2117 5728 2773 5792">
     <span class='ocr_line' id='line_1_113' title="bbox 2117 5728 2773 5792; baseline -0.005 -7"><span class='ocrx_word' id='word_1_844' title='bbox 2117 5748 2119 5757; x_wconf 57' lang='grc' dir='ltr'><em>ν</em></span> <span class='ocrx_word' id='word_1_845' title='bbox 2154 5728 2312 5785; x_wconf 88' lang='lat' dir='ltr'><strong>Cant.</strong></span> <span class='ocrx_word' id='word_1_846' title='bbox 2346 5745 2420 5792; x_wconf 71' lang='grc' dir='ltr'>γι,</span> <span class='ocrx_word' id='word_1_847' title='bbox 2448 5728 2502 5783; x_wconf 88' lang='lat'><strong>8.</strong></span> <span class='ocrx_word' id='word_1_848' title='bbox 2579 5729 2600 5760; x_wconf 81' lang='grc'>⁸</span> <span class='ocrx_word' id='word_1_849' title='bbox 2641 5728 2773 5784; x_wconf 88' lang='lat' dir='ltr'><strong>ibid.</strong></span> 
     </span>
    </p>
   </div>
   <div class='ocr_carea' id='block_1_114' title="bbox 499 5889 861 5962">
    <p class='ocr_par' dir='ltr' id='par_1_114' title="bbox 499 5889 861 5962">
     <span class='ocr_line' id='line_1_114' title="bbox 499 5889 861 5962; baseline 0.006 -18"><span class='ocrx_word' id='word_1_850' title='bbox 499 5889 634 5962; x_wconf 71' lang='grc' dir='ltr'><strong>(δι’)</strong></span> <span class='ocrx_word' id='word_1_851' title='bbox 663 5894 861 5962; x_wconf 73' lang='grc' dir='ltr'>Αὑτήν.</span> 
     </span>
    </p>
   </div>
  </div>
