4118 6402
398 408 505 466 τεὸ
961 408 1330 467 ADVERSUS
1367 412 1712 468 HERESES
1737 413 1877 468 LIB.
1907 413 1985 471 Ili.

2089 415 2203 475 ΟΜ.
2244 420 2400 473 Π.-
2433 416 2798 474 EXPOSlTlO
2834 417 3032 474 FIDEI.
3575 423 3676 478 756

401 521 565 559 κοντα
596 502 960 566 παλλακίδας,
1005 505 1101 558 καὶ
1136 506 1383 570 νεάνιδας
1419 499 1494 562 ὧν
1530 510 1633 561 οὐκ
1674 508 1820 562 ἐστιν
1855 511 1978 580 ἀρι-

2089 514 2263 579 binas,
2291 524 2345 568 et
2370 515 2807 570 adolescentulas
2835 528 3069 585 quarum
3095 529 3360 570 numerus
3385 531 3494 569 non
3519 527 3604 572 est
3629 521 3675 576 ⁸.

398 599 555 671 ομός.
586 599 707 652 Μία
733 597 790 649 δὲ
812 638 826 660 ,
859 597 1043 668 φησὶν,
1075 599 1207 653 ἐστὶ
1253 601 1572 671 περιστερά
1613 620 1754 672 μου,
1785 605 1985 658 τελεία

2093 602 2209 657 Una
2234 613 2333 668 est,
2365 605 2562 675 inquit,
2607 605 2852 659 columba
2883 621 3019 668 mea,
3065 604 3296 673 perfecta
3331 620 3489 658 mea:
3516 607 3674 660 unica

395 711 516 761 μου
537 732 551 757 ,
575 693 686 761 μία
721 692 852 745 ἐστὶ
895 690 971 760 τῇ
997 691 1175 762 μητρὶ
1215 692 1404 762 αὐτῆς
1431 735 1446 757 ,
1488 696 1744 764 ἐκλεκτὴ
1788 697 1863 766 τῇ
1895 715 1985 752 τε·

401 781 596 851 κούσῃ
623 781 837 850 αὑτήν.
868 784 977 836 Καὶ
1002 783 1227 855 ὕστερον
1255 784 1496 839 δείκνυσι
1545 787 1660 851 πῶς
1694 793 1845 861 παρὰ
1874 793 1980 845 πᾶ-

405 892 488 928 σιν
529 875 907 947 εὑρεθήσεται,
945 875 1022 940 ὡς
1076 878 1399 948 ἐντιμοτέρα
1449 879 1639 932 πασῶν
1679 877 1835 947 οὖσα,
1891 884 1984 937 καὶ

405 965 621 1020 πάντων
651 967 1017 1032 δεσπόζουσα,
1066 970 1159 1021 καὶ
1204 970 1364 1022 αὑτοῦ
1416 971 1549 1042 μόνη
1582 972 1982 1046 ἐκλελεγμένη,

405 1055 469 1134 ἧς
515 1063 583 1115 τὰ
616 1062 784 1116 τέκνα
831 1062 1145 1134 κληρονόμοι
1192 1063 1282 1116 τοῦ
1333 1064 1619 1134 βασιλέως,
1684 1070 1777 1122 καὶ
1819 1069 1985 1124 τέκνα

401 1154 661 1226 ἀληθινὰ,
706 1157 783 1220 ὼς
819 1158 983 1210 τέκνα
1025 1157 1123 1228 τῆς
1160 1158 1522 1227 ἐπαγγελίας,
1560 1162 1656 1214 καὶ
1707 1163 1766 1216 οὐ
1818 1163 1984 1218 τέκνα

398 1245 500 1314 τῆς
537 1244 982 1318 παιδίσκης,οῠτε
1010 1245 1358 1312 παλλακίδος,
1377 1246 1502 1300 οὔτε
1533 1250 1638 1304 τῶν
1667 1251 1842 1306 ἄλλων
1875 1253 1985 1307 τῶν

401 1337 718 1409 ἀναρίθμως
745 1338 1216 1408 ἑρμηνευομένων.
1244 1340 1306 1391 El
1334 1340 1441 1412 γὰρ
1472 1340 1564 1394 καὶ⁸
1611 1341 1720 1394 ἀπὸ
1752 1343 1988 1397 Χεττού-

403 1445 502 1496 ρας
526 1427 627 1498 τῆς
655 1428 978 1493 παλλακίδος
1005 1429 1162 1500 ἔσχεν
1194 1433 1222 1483 ὁ
1260 1431 1510 1503 Ἀϐραὰμ
1540 1433 1725 1498 τέκνα,
1760 1437 1819 1488 οὑ
1854 1453 1986 1505 συγ-

402 1521 715 1592 κληρονόμα
775 1523 1030 1593 τυγχάνει
1079 1524 1146 1576 τὰ
1187 1523 1353 1578 τέκνα
1404 1526 1502 1596 τῆς
1550 1527 1858 1600 Χεττοὺρας
1910 1529 1986 1600 τῷ

419 1613 603 1666 Ἰσαάκ
625 1630 638 1642 ·
681 1613 891 1684 δόματα
922 1614 979 1667 δέ
1005 1613 1199 1668 ἐλαϐεν
1232 1615 1306 1679 ὼς
1337 1616 1577 1687 ληγάτου
1611 1619 1773 1690 χάριν
1795 1635 1808 1648 ο
1842 1621 1930 1674 ἵνα
1959 1624 1987 1674 ό

400 1704 570 1769 τύπος
604 1706 754 1777 μένοι
790 1708 870 1770 εἱς
913 1708 1204 1779 ἀναγωγὴν
1237 1707 1332 1761 τοῦ
1365 1709 1553 1778 λόγου,
1584 1713 1664 1774 είς
1688 1711 1746 1764 τὸ
1780 1711 1854 1784 μὴ
1883 1713 1988 1766 ἀπ-

2085 704 2162 749 est
2198 696 2358 749 matri
2386 713 2516 760 suae,
2545 696 2711 750 electa
2741 696 2981 766 genitrici
3016 711 3128 750 sua:
3152 695 3193 747 ³.
3237 695 3377 749 Tum
3417 696 3552 750 illud
3584 697 3676 752 deo

2087 797 2375 853 monstrat,
2410 788 2868 860 quemadmodum
2901 788 3132 859 reperiri
3159 789 3230 845 ab
3259 791 3516 846 omnibus
3547 805 3673 860 pos-

2087 881 2197 936 sit:
2234 887 2421 950 utpote
2460 896 2582 950 qua:
2633 882 2892 936 omnibus
2939 881 3261 937 honoratior
3302 883 3394 948 sit,
3443 883 3674 953 imperet

2086 973 2368 1036 omnibus,
2401 981 2566 1043 atque
2597 974 2700 1044 ipsi
2729 974 2848 1029 sola
2882 975 3029 1029 velut
3061 974 3263 1029 eximia
3295 974 3367 1029 sit
3392 985 3445 1030 et
3475 976 3668 1039 electa,

2088 1065 2246 1134 cujus
2288 1065 2380 1118 ﬁlii
2424 1064 2666 1120 haeredes
2699 1073 2829 1120 sunt
2867 1067 3013 1135 regis
3059 1080 3122 1118 ac
3153 1065 3247 1120 ﬁlii
3283 1065 3532 1136 legitimi,
3568 1067 3672 1122 hoc

2086 1163 2200 1217 est,
2235 1155 2618 1224 promissionis
2649 1156 2829 1220 liberi,
2866 1171 2974 1210 non
3005 1156 3217 1210 ancillae
3240 1156 3281 1220 ἢ,
3319 1171 3499 1227 neque
3542 1171 3673 1212 con-

2087 1247 2300 1302 cubinae
2323 1259 2850 1321 caeteraruinveﬂua:
2872 1249 3024 1302 nullo
3053 1265 3286 1306 numero
3311 1252 3671 1322 comprehen—

2087 1339 2312 1396 duntur.
2346 1340 2611 1406 Quamvis
2644 1342 2792 1396 enim
2823 1359 2889 1396 ex
2919 1343 3185 1398 Chettnra
3229 1344 3535 1399 concubina
3570 1362 3668 1402 sua

2087 1428 2290 1484 liberos
2317 1429 2664 1486 Abrahamus
2692 1433 3001 1502 susceperit
3027 1434 3070 1498 ⁸,
3105 1434 3310 1488 nullam
3349 1442 3531 1491 tamen
3577 1436 3668 1492 isti

2087 1536 2210 1575 cum
2243 1521 2429 1578 lsaaco
2472 1524 2524 1577 in
2565 1525 2881 1593 patrimonii
2929 1526 3374 1582 communionem
3404 1528 3666 1589 veniunt.

2089 1614 2182 1668 sed
2225 1630 2449 1669 munera
2484 1614 2769 1680 dumtaxat,
2805 1618 2964 1685 quasi
3008 1617 3182 1688 legata
3223 1618 3473 1687 quaedam
3524 1620 3672 1675 acci-

2087 1704 2261 1774 piunt,
2286 1712 2345 1757 ut
2372 1705 2584 1760 altioris
2608 1720 2710 1761 nos
2733 1721 2930 1761 sensus
2954 1705 3126 1777 ﬁgura
3153 1708 3272 1778 ipsa
3299 1716 3669 1772 commoneat,

401 1797 620 1850 ελπὶσαι
651 1797 804 1861 τινὰς
829 1797 929 1867 τῆς
953 1798 1046 1850 τοῦ
1083 1798 1320 1870 Χριστοῦ
1361 1799 1610 1870 κλήσεως
1630 1818 1642 1830 °
1668 1803 1764 1855 καὶ
1785 1803 1893 1874 γὰρ
1916 1803 1983 1856 τὰ

2089 1808 2156 1848 ne
2194 1794 2318 1864 quis
2361 1795 2428 1848 de
2470 1794 2677 1851 Christi
2736 1798 3024 1853 vocatione
3068 1798 3342 1869 desperet.
3391 1797 3526 1853 Nam
3577 1801 3669 1854 illa

401 1889 610 1959 δόματα
638 1888 673 1942 ἃ
710 1889 876 1942 ἔδωκε
907 1889 986 1959 τῷ
1029 1890 1254 1962 Ἰσμαὴλ
1282 1892 1377 1945 καὶ
1414 1895 1526 1956 τοῖς
1569 1895 1708 1957 υἱοῖς
1750 1871 1982 1948 Χεττού-

2089 1885 2261 1952 dona,
2301 1902 2422 1956 qua:
2477 1885 2692 1942 lsmaeli
2735 1897 2790 1942 et
2828 1888 3107 1944 Cbettura:
3153 1889 3279 1945 ﬁliis
3325 1889 3670 1946 Abrahamus

403 1993 524 2048 ρας,
556 1977 726 2040 τύπος
753 1972 820 2049 ἦν
850 1977 961 2031 τῶν.
999 1979 1300 2048 μελλόντων
1333 1980 1551 2034 ἔσεσθαι
1599 1982 1806 2051 ἀγαθοῦ
1832 1985 1848 2014 ¹
1902 1987 1983 2048 εἱς

403 2069 734 2140 ἐπιστροφὴν
781 2069 970 2140 ψυχῶν
1024 2071 1134 2144 (52)
1186 2073 1324 2144 πρὸ-ς
1370 2075 1472 2145 τὴν
1508 2076 1690 2128 πίστιν
1743 2076 1836 2129 καὶ
1886 2078 1985 2147 τὴν

402 2160 682 2232 ἀλήθειαν.
715 2162 794 2232 Τῇ
829 2162 928 2232 μὲν
953 2163 1061 2235 γὰρ
1093 2165 1273 2236 Ἅγαρ
1304 2164 1560 2238 παιδίσκῃ
1591 2164 1723 2238 οΰσῃ
1759 2168 1852 2220 καὶ
1877 2168 1986 2222 ἀπὸ

401 2255 495 2308 τοῦ
539 2254 792 2327 Ἀϐραὰμ
836 2255 1203 2329 ἐκϐληθείσῃ,
1256 2258 1332 2321 ὡς
1381 2261 1414 2328 ἡ
1462 2258 1797 2312 δουλεύσασα
1836 2259 1987 2313 κάτω

414 2346 771 2417 Ἰερουσαλὴμ
803 2347 942 2417 μετά
977 2347 1085 2400 τῶν
1116 2348 1323 2402 τέκνων
1357 2349 1550 2420 αὐτῆς,
1581 2351 1710 2422 περ)⁸
1734 2346 1803 2422 ἧς
1832 2351 1985 2422 εἴρη-

401 2455 524 2492 ται.’
595 2439 903 2512 ’Λπέρῤιψα
966 2439 1064 2512 τὴν
1130 2441 1345 2512 μητέρα
1397 2441 1585 2513 ὑμῶν’
1639 2442 1733 2496 καὶ
1789 2443 1982 2496 πάλιν·

407 2530 625 2584 Ἔδωκα
676 2530 882 2602 βιϐλίον
931 2531 1262 2585 ἀποστασίου
1307 2534 1387 2596 εἱς
1421 2532 1520 2597 τὰς
1564 2535 1754 2604 χεῖρας
1791 2533 1984 2603 αὐτῆς

411 2622 586 2694 ταύτῃ
619 2623 729 2694 γάρ
775 2626 841 2694 τῇ
893 2624 1175 2696 παιδίσκῃ,
1210 2626 1388 2696 Ἅγαρ
1421 2623 1482 2677 τέ
1527 2642 1695 2697 φημι,
1726 2623 1985 2695 συμϐολι-

403 2714 652 2787 κώτερον
673 2716 739 2769 δι’
771 2715 961 2770 ἐλπίδα
1005 2715 1343 2788 ἐπιστροφῆς
1363 2759 1378 2781 ,
1410 2718 1578 2770 ἀσκὸν
1613 2717 1829 2770 δίδωσιν
1868 2716 1988 2769 ὓδα-

405 2826 515 2873 τος,
563 2809 650 2861 ἵνα
689 2807 836 2879 δείξῃ
872 2808 967 2862 τοῦ
1008 2809 1235 2881 λουτροῦ
1277 2810 1377 2880 τῆς
1419 2810 1843 2880 παλιγγενεσίας
1885 2809 1986 2881 τὴν

403 2899 634 2970 δἐναμιν
669 2902 748 2964 είς
793 2900 932 2971 δόμα
974 2900 1120 2970 ζωῆς
1166 2902 1278 2963 τοῖς
1319 2900 1569 2966 ἀπίστοις
1606 2901 1983 2968 ἀποδοθεῖσαν,

406 2988 499 3042 καὶ
521 2989 601 3052 είς
627 2989 961 3060 ἐπιστροφὴν
987 2989 1207 3044 πάντων
1231 2990 1340 3043 τῶν
1371 2989 1540 3043 ἐθνῶν
1569 2991 1706 3062 πρὸς
1733 2991 1834 3063 τὴν
1865 2991 1988 3044 ἐπί-

405 3097 607 3148 γνωσιν
649 3082 747 3152 τῆς
789 3080 1068 3151 ἀληθείας.
1124 3083 1253 3145 Τοῖς
1297 3083 1353 3135 δὲ
1386 3085 1523 3147 υἱοῖς
1553 3083 1869 3153 Χεττούρας
1915 3083 1984 3137 τά

404 3172 614 3244 δόματα
654 3169 724 3244 ἦν
765 3175 1062 3245 χρημάτων
1094 3172 1352 3248 ὓπαρξις,
1381 3175 1582 3246 χρυσὸς
1612 3177 1709 3229 καὶ
1746 3174 1986 3248 ἄργυρος

405 3266 500 3318 καὶ
529 3265 843 3335 ἱματισμὸς,
875 3265 968 3319 καὶ
998 3266 1155 3318 ἅτινα
1189 3267 1248 3319 ἐν
1276 3266 1560 3338 μυστηρίῳ
1595 3267 1842 3338 Ἀϐραὰμ
1881 3269 1980 3321 ἀπ-

405 3355 651 3411 έκλεισεν
687 3357 744 3410 ἐν
777 3361 894 3420 ταῖς
926 3359 1162 3430 πήραις,
1207 3358 1422 3412 λίϐανον
1469 3359 1563 3412 καὶ
1615 3357 1861 3429 σμύρναν
1893 3360 1988 3414 καὶ

404 3449 608 3520 χρυσὸν
647 3448 755 3502 τῶν
787 3448 876 3502 διὰ
906 3450 1013 3502 τῶν
1057 3448 1322 3519 βασιλέων
1353 3449 1602 3522 Σοδόμων
1645 3453 1740 3505 καὶ
1771 3451 1984 3523 Γομόρ-

406 3545 526 3614 pag,
558 3543 666 3597 τῶν
702 3544 829 3615 περὶ
867 3543 1269 3615 Χοδολλογόμορ
1301 3542 1392 3595 καὶΙ
1420 3543 1628 3615 Βαρσά,
1661 3543 1756 3596 καὶ⁹
1783 3543 1986 3597 λοιπῶν

404 3634 512 3688 τῶν
543 3634 641 3706 τὴν
686 3635 1064 3706 αἰχμαλωσίαν
1107 3634 1215 3688 ἀπὸ
1247 3635 1496 3704 Σοδόμων
1543 3635 1638 3688 καὶ
1687 3635 1982 3708 Γομόρρων

404 3727 499 3780 καὶ
523 3727 727 3782 λοιπῶν
771 3727 1066 3788 λαϐόντων,
1103 3728 1197 3781 καὶ
1229 3727 1638 3781 σκυλευσάντων
1671 3729 1769 3799 τήν
1807 3745 1864 3781 τε
1893 3728 1984 3780 ἴπ-

405 3838 528 3885 πον,
578 3823 672 3875 καὶ
707 3823 1231 3900 αἰχμαλωτισάντων
1273 3823 1334 3876 τὸ
1377 3821 1579 3893 πλῆθος
1619 3822 1729 3877 τῶν
1773 3820 1985 3893 ἀνθρώ-

407 3930 544 3976 πων,
572 3915 666 3967 καὶ
695 3914 1136 3986 ἀφαρπαξάντων
1164 3915 1262 3978 τὰς
1281 3915 1389 3969 ἀπὸ
1413 3915 1646 3968 ἑκάστου
1671 3912 1986 3984 περιουσίας

402 4022 466 4058 τε
509 4007 605 4059 καὶ
662 4009 958 4078 χρημάτων
1005 4008 1101 4062 καὶ
1138 4007 1246 4062 τῶν
1284 4007 1460 4062 ἄλλων
1495 4005 1730 4077 πλῆθοςο
1767 4005 1795 4058 ὃ
1824 4004 1986 4067 αὐτὸς
2032 4020 2037 4024 ‘

405 4097 748 4170 ἀπέστρεψεν
775 4101 882 4153 ἀπὸ
910 4102 1008 4171 τῆς
1045 4103 1220 4173 κοπῆς
1255 4101 1364 4154 τῶν
1395 4100 1659 4171 βασιλέων
1691 4098 1837 4161 τότε,
1893 4098 1986 4151 καὶ

403 4187 529 4241 οὔτε
573 4190 915 4262 ἀποστρέψαι
964 4192 1033 4246 τά
1080 4194 1182 4264 ἤδη
1224 4193 1416 4266 Κυρίῳ
1457 4189 1576 4262 Θεῷ
1611 4189 1988 4260 ἀποταχθὲντα

2085 1979 2386 2040 distribuit,
2416 1978 2723 2034 futurorum
2759 1981 3025 2035 bonorum
3057 1981 3347 2053 imaginem
3374 1981 3669 2037 adumbra-

2087 2071 2247 2135 bant,
2282 2087 2402 2141 qua:
2432 2073 2488 2126 in
2519 2072 2934 2127 conversionem
2969 2073 3276 2127 animarum
3310 2073 3378 2127 ad
3413 2073 3570 2129 ﬁdem
3617 2081 3671 2129 ct

2086 2165 2371 2220 veritatem
2418 2173 2574 2218 erant
2612 2166 2936 2220 obventura.
2996 2165 3206 2218 Etenim
3258 2165 3405 2235 Agar
3457 2165 3670 2220 ancillae

2087 2275 2250 2330 quam
2278 2259 2622 2314 Abrahamus
2644 2256 2825 2328 eiecit,
2855 2273 2974 2329 quae
2994 2266 3078 2314 est
3106 2256 3382 2315 inferioris
3412 2259 3673 2315 Hierusa—

2088 2351 2191 2405 lem
2225 2349 2394 2420 ﬁgura
2425 2364 2549 2404 cum
2578 2349 2765 2404 liberis
2798 2350 2915 2405 suis
2945 2363 3052 2404 una
3086 2350 3379 2405 servientis
3405 2350 3448 2415 ⁸,
3477 2349 3545 2404 de
3565 2367 3671 2420 qua

2087 2439 2351 2510 scriptum
2383 2447 2507 2494 est:
2539 2439 2725 2508 Abjeci
2753 2447 2982 2493 matrem
3008 2449 3247 2494 vestram
3266 2441 3320 2507 ";
3345 2440 3509 2495 item:
3539 2438 3672 2496 Dedi

2087 2532 2327 2586 libellum
2369 2531 2580 2602 repudii
2616 2532 2671 2586 in
2707 2531 2919 2602 1085
2947 2547 3139 2588 manus
3174 2533 3320 2588 illius
3344 2532 3398 2598 ⁸;
3420 2530 3568 2598 huic,
3589 2533 3674 2588 in-

2087 2639 2274 2694 quam,
2293 2623 2435 2694 Agar
2459 2624 2672 2678 ancillae
2689 2623 2756 2676 ad
2773 2639 2923 2694 spem
2947 2623 3320 2680 conversionis
3343 2624 3676 2680 adumbran-

2087 2717 2212 2770 dam
2235 2724 2357 2771 uter
2377 2729 2531 2786 aqua:
2552 2717 2713 2771 datus
2741 2727 2846 2780 est,
2871 2731 2980 2786 quo
3007 2717 3210 2770 lavacri
3241 2718 3675 2787 regenerationis

2088 2806 2171 2862 vis
2191 2813 2246 2862 et
2265 2806 2554 2862 elIicacitas
2568 2805 2887 2860 ostendatur
2902 2823 2914 2859 :
2928 2804 3073 2875 quod
3093 2805 3350 2875 tan‘quam
3372 2806 3535 2862 vitale
3556 2821 3675 2859 mu-

2089 2915 2194 2955 nus
2229 2899 2561 2960 inﬁdelihus.
2593 2905 2647 2952 et
2676 2897 2730 2952 in
2763 2898 3047 2952 nationum
3072 2898 3318 2952 omnium
3348 2897 3671 2952 conversio-

2090 3005 2213 3044 nem
2260 2989 2326 3043 ad
2373 2989 2705 3059 agnitionem
2754 2989 2998 3044 veritatis
3049 2995 3136 3043 est
3182 2989 3462 3042 oblatum..
3503 2985 3675 3057 Igitur

2090 3084 2367 3139 Chetturm
2396 3083 2583 3137 liberis
2612 3082 2808 3136 collata
2841 3082 2933 3136 illa
2962 3097 3190 3138 munera
3223 3081 3477 3151 pecunia:-
3495 3093 3672 3147 erant,

2093 3190 2286 3230 aurum
2311 3173 2581 3238 videlicet,
2609 3181 2896 3243 argentum
2917 3182 2972 3227 et
2993 3174 3185 3237 vestis,
3210 3181 3408 3242 etquae
3428 3188 3536 3227 non
3557 3173 3677 3229 sine

2095 3269 2355 3340 mysterio
2385 3253 2728 3323 Abrahamus
2760 3267 2816 3322 in
2844 3268 3062 3321 illorum
3102 3267 3251 3338 peris
3274 3267 3520 3331 inclusit,
3547 3267 3675 3321 thus

2091 3367 2146 3414 et
2179 3359 2397 3430 myrrha
2421 3366 2474 3414 et
2502 3374 2697 3413 aurum
2731 3375 2852 3429 quae
2881 3359 2951 3413 ab
2977 3357 3338 3414 Sodomorum
3372 3365 3426 3414 et
3451 3359 3678 3414 Gomor-

2093 3451 2205 3506 rhae
2238 3452 2460 3522 regibus
2490 3454 2703 3522 accepit
2737 3471 2750 3506 :
2792 3467 2901 3518 quo
2945 3460 3188 3522 tempore
3214 3451 3678 3523 Chodollogomor

2091 3552 2145 3599 et
2178 3543 2346 3599 Barsa
2370 3545 2661 3614 ceterique
2688 3559 2843 3615 reges
2879 3543 3192 3599 Sodomitas
3214 3552 3269 3599 et
3292 3542 3676 3599 Gomorrhmos

2090 3637 2334 3707 captivos
2375 3636 2751 3700 abduxerunt,
2787 3651 2854 3691 ac
2896 3636 3122 3707 praedati
3171 3647 3299 3692 sunt
3342 3643 3677 3706 tamequos

2092 3743 2255 3799 quam
2297 3728 2567 3793 homines,
2597 3739 2658 3784 et
2682 3729 3122 3800 uniuscujusque
3150 3728 3399 3785 fortunas
3431 3729 3698 3799 diripua-~

2095 3826 2239 3874 runt.
2274 3818 2406 3886 Quae
2429 3835 2569 3875 cum,
2594 3821 3031 3878 Abrahamusex
3062 3822 3152 3876 illa
3183 3837 3370 3893 regum
3395 3821 3678 3892 depraada-

2093 3910 2239 3965 tione
2265 3921 2666 3978 recuperasset,
2709 3925 2810 3964 nec
2837 3911 3102 3981 quietiam
3141 3911 3370 3966 Domino
3397 3910 3510 3967 Deo
3538 3926 3675 3968 con-

2092 4010 2304 4058 secrata
2333 4001 2550 4058 fuerant
2584 4003 2810 4058 auderet
2833 4011 3099 4070 avertere,
3131 4004 3274 4060 inter
3295 4004 3402 4058 alia
3430 4003 3576 4058 dona
3605 4005 3674 4058 li-

2093 4096 2240 4152 beris
2265 4095 2543 4165 suisquos
2568 4110 2603 4150 e
2623 4095 2884 4152 Cbettura
2909 4105 3248 4167 susceperat,
3273 4096 3424 4152 ultro
3447 4110 3676 4152 conces-

2094 4191 2204 4258 sit;
2236 4198 2302 4246 ut
2333 4192 2388 4246 in
2423 4190 2773 4246 Hebraeorum
2803 4188 3455 4258 traditionibus-legimus

403 4282 770 4356 τολμήσαντος
816 4285 1014 4351 αὐτοῦ,
1067 4285 1206 4338 ἀλλά
1250 4285 1541 4348 δεδωκότος
1586 4285 1727 4339 αὺτά
1772 4285 1979 4354 δόματα
2018 4285 2160 4357 μετά
2205 4284 2312 4338 τῶν
2343 4283 2520 4339 ἄλλων
2559 4283 2674 4346 τοῖς
2717 4283 2861 4346 υἱοῖς
2908 4280 3076 4335 αὐτοῦ
3109 4285 3223 4345 τοῖς
3285 4281 3396 4335 ἀπὸ
3442 4280 3686 4336 X51106-

408 4393 528 4445 ρας,
564 4375 641 4439 ὡς
669 4375 903 4449 εὕρομεν
934 4379 992 4431 ἐν
1025 4379 1146 4440 ταῖς
1176 4377 1504 4448 παραδόσεσι
1534 4377 1641 4430 τῶν
1689 4375 1984 4448 Ἐϐραίων.

474 4471 556 4523 H'.
611 4468 701 4520 Ἐν
745 4467 802 4520 δὲ
845 4470 913 4539 τῇ
944 4465 1038 4520 τοῦ
1087 4467 1326 4539 Χριστοῦ
1361 4467 1637 4539 παρουσίᾳ
1665 4466 1774 4520 τῶν
1805 4465 1984 4519 αὐτῶν

2162 4459 2298 4516 Vill.
2339 4459 2702 4531 Posteaquam
2737 4473 2868 4514 vero
2909 4459 3166 4514 Christus
3214 4459 3270 4512 in
3316 4458 3464 4516 hunc
3509 4477 3675 4517 mun-

402 4562 608 4616 τέκνων
631 4561 725 4615 τοῦ
770 4561 1023 4634 Ἀϐραὰμ
1057 4560 1165 4614 τῶν
1195 4561 1303 4614 ἀπὸ
1336 4561 1649 4631 Χεττούρας
1687 4558 1982 4630 ἐκϐληθέν-

403 4671 512 4706 των
560 4652 668 4706 ἀπὸ
714 4651 807 4706 τοῦ
865 4652 1153 4725 ’Λϐραάμ,
1187 4654 1282 4706 καὶ
1327 4650 1688 4716 ἀπελθόντων,
1719 4650 1813 4703 καὶ
1847 4666 1979 4703 κατ-

403 4744 740 4815 οικησάντων
767 4747 847 4808 εἰς
883 4744 954 4798 τὰ
993 4746 1131 4817 μέρη
1165 4744 1234 4798 τά
1270 4743 1534 4816 Ἀραϐικά
1558 4747 1655 4815 τῆς
1685 4742 1982 4811 Μαγωδίας

403 4837 588 4910 χώρας
609 4879 624 4904 ,
665 4837 773 4892 τῶν
801 4838 1062 4892 ἐλθόντων
1107 4839 1295 4908 μάγων
1326 4838 1438 4910 (55)
1469 4836 1577 4891 ἀπὸ
1603 4837 1698 4906 τῆς
1737 4834 1994 4904 διαδοχῆς,

402 4928 512 4986 τῶν
539 4931 871 5002 σπερμάτων
902 4930 1147 4994 ἐκείνων,
1181 4928 1661 5002 προσενηνεγμένα
1689 4926 1897 4997 δόματα
1922 4943 1981 4979 τε

476 5161 491 5190 ¹
525 5156 579 5211 F.
629 5157 870 5225 ἀγαθῶν.

400 5228 436 5282 2
467 5245 590 5300 sqq.
664 5229 686 5259 ο
728 5229 861 5282 ibid.

473 5448 586 5519 (32)
612 5451 718 5514 Εὶς
760 5444 1140 5519 ἐπιστροφὴν
1161 5442 1398 5519 ψυχῶν,
1429 5451 1535 5498 etc.
1564 5443 1699 5519 Qua)
1721 5445 1982 5519 conuersis

400 5517 471 5572 ad
483 5515 490 5519 ’
503 5517 662 5588 ﬁdem
712 5527 762 5572 et
791 5518 1064 5588 veritatem
1106 5517 1298 5568 animis
1336 5523 1489 5568 erant
1522 5515 1828 5580 obventura,
1859 5516 1984 5570 red-

400 5586 606 5643 duntur
637 5603 743 5642 non
773 5589 911 5642 male
939 5604 970 5642 a
1009 5586 1252 5642 Petavio.

473 5659 588 5730 (33)
619 5657 748 5712 Τῶν
791 5659 1092 5730 ἐαθόντων
1116 5654 1680 5730 Mdmylﬂpiphanii
1723 5655 1977 5730 ‘opinioni

401 5726 731 5798 de're'gione
770 5728 912 5782 unde
945 5727 1195 5798 venerint
1241 5726 1378 5797 Magi
1407 5727 1687 5798 Christum
1723 5726 1778 5779 in
1820 5727 1978 5780 incu-

406 5796 623 5854 nabulis
657 5801 962 5870 vagientem
1011 5797 1310 5870 adoraturi,
1340 5796 1563 5870 constat
1595 5796 1974 5870 deuveteribus

407 5865 881 5933 suﬁragatos‘esse
909 5867 1326 5934 Tertullianum,
1355 5865 1629 5922 Justinum
1655 5865 1969 5938 Martyrem,

967 5158 986 5188 ‘
1018 5159 1177 5212 Cant.
1221 5173 1295 5219 vr,
1335 5157 1388 5210 7.
1466 5154 1669 5221 ’ibid.,
1695 5151 1751 5208 8.
1830 5149 2049 5206 ‘Galat.

2095 4553 2224 4608 dum
2257 4552 2424 4618 venit,
2460 4551 2623 4606 iidem
2653 4551 2731 4605 illi
2773 4550 3071 4605 Abrahami
3118 4559 3174 4606 et
3217 4550 3496 4606 Chetturae
3543 4551 3693 4622 ﬁlii,,

2092 4646 2184 4716 qui
2216 4659 2245 4699 a
2280 4655 2434 4715 patre
2464 4644 2675 4714 rejecti;
2716 4644 2772 4698 in
2816 4641 3226 4722 Magodiarquae
3264 4642 3480 4699 Arabiae
3520 4645 3673 4716 regio

2091 4747 2196 4800 est,
2228 4736 2632 4802 habitaverant,
2685 4735 2791 4789 hoc
2829 4744 2932 4795 est,
2974 4737 3124 4805 magi
3164 4749 3231 4790 ex
3275 4734 3426 4789 illius
3455 4735 3671 4806 generis

2095 4829 2448 4886 successione
2499 4829 2804 4898 propagati,
2855 4826 3048 4883 eadem
3097 4828 3190 4882 illa
3229 4828 3374 4883 dona
3416 4827 3684 4898 ejusdem.

2091 4923 2158 4976 ad
2219 4921 2661 4977 communionem
2716 4918 3134 4990 signiﬁcandam
3183 4919 3403 4976 Christo
3453 4918 3677 4976 Bethle—

2101 5167 2188 5217 ιν,
2213 5150 2304 5204 Si.
2382 5150 2403 5180 '
2438 5149 2573 5203 Cen.
2607 5145 2821 5210 μηδ.
2899 5142 3120 5198 ‘Galat.
3146 5141 3324 5207 tv,22.
3400 5143 3418 5172 "
3446 5139 3574 5196 Ose.
3618 5157 3678 5205 ιι,

2096 5447 2396 5520 Hilarium;
2435 5446 2504 5501 de
2545 5444 2946 5520 recentioribus
2985 5443 3145 5515 longe
3183 5442 3388 5520 plures.
3425 5441 3669 5520 Aliorum

2092 5518 2312 5572 Patrum
2348 5533 2458 5571 non
2503 5531 2608 5570 una
2650 5525 2735 5571 est
2769 5515 2988 5583 opinio;
3042 5511 3142 5568 nec
3185 5511 3387 5581 cuique
3422 5511 3667 5583 Opinioni

2091 5589 2290 5644 desunt
2325 5588 2380 5641 in
2414 5589 2514 5640 hac
2554 5594 2740 5640 nostra
2775 5579 2934 5639 aitate
2971 5579 3040 5638 ab
3070 5579 3664 5649 illorum'temporibus

2093 5660 2249 5728 longe
2276 5657 2494 5728 dissita.
2532 5655 2942 5728 suifragatores.
2968 5651 3315 5728 _\_’id_esis‘vel
3345 5650 3668 5728 unnm_Cal-

2086 5721 2290 5800 metuam
2326 5730 2379 5782 in
2418 5721 2814 5800 Dissertatione
2852 5726 2920 5800 de
2955 5724 3136 5800 ﬁagis
3179 5721 3568 5800 Commentario
3612 5722 3669 5800 in

2085 5799 2401 5853 Matt/imum
2428 5797 2742 5867 praemissa;
2777 5805 2830 5851 et
2859 5797 2912 5851 in
2944 5789 3282 5850 Dictionario
3323 5807 3486 5846 sacra:
3528 5789 3670 5846 Scri-

2080 5881 2270 5938 pturw,
2309 5869 2375 5924 ad
2404 5864 2591 5924 vocem
2622 5864 2789 5937 Magi.
