4118 6402
442 432 549 507 τα
1844 461 1902 515 s.
1943 460 2286 519 EPlPliANll
3588 466 3691 529 πει

445 564 589 621 hemi
623 566 962 634 obtulerunt,
995 585 1121 625 cum
1150 572 1218 626 ad
1256 580 1541 644 aspectum
1582 576 1778 634 sideris
1805 593 1871 633 eo
1904 594 2025 649 pro-

2128 585 2221 637 καὶ
2266 583 2416 655 δῶρα
2469 586 2551 650 εἰς
2596 589 2944 660 συμμετοχὴν
3000 588 3100 659 τῆς
3151 587 3322 658 αὐτῆς
3362 588 3575 652 ἑλπίδος
3615 587 3696 659 τῷ

446 656 575 713 fecti
632 658 926 752 fuissent‘.
957 659 1283 732 Cuiusmodi
1318 671 1462 722 dona
1508 667 1714 726 diserte
1757 672 2021 742 prepheta

2128 676 2344 747 Χριστῷ
2385 679 2443 731 ἑν
2491 656 2759 751 Βηθλεὲμ,
2802 656 2878 734 τά
2900 656 3037 734 αὐτὰ
3057 656 3231 752 δῶρα,
3258 656 3346 733 ὅτε
3376 678 3466 732 τὸν
3494 656 3695 749 ἀστέρα

445 750 691 805 declarat
719 751 806 807 bis
835 753 1019 808 verbis
1049 772 1064 809 :
1097 755 1362 821 Quoniam
1392 764 1851 830 antequam_sciat
1894 776 2023 828 puer

2128 770 2455 843 θεασάμενοι
2485 768 2669 843 ἦλθον.
2700 750 2799 827 Ὧν
2824 774 3011 846 δώρων
3046 750 3155 844 τὴν
3176 774 3322 843 σαφῆ
3356 774 3694 845 παράστασιν

446 844 716 914 appellare
739 854 947 913 patrem
973 855 1065 900 aut
1099 860 1345 915 matrem,
1377 853 1545 921 capiet
1580 855 1869 922 potentiam
1905 855 2021 911 Da-

444 936 611 989 masci
635 943 686 989 et
713 935 886 1005 spolia
917 936 1206 1006 Samarire,
1251 958 1432 996 coram
1465 960 1581 1014 rege
1613 946 1953 1016 Assyriorum
1980 950 2021 1005 '.

447 1026 580 1082 Nam
636 1029 751 1085 haec
783 1032 968 1086 omnia
1000 1032 1296 1090 Abrahami
1333 1040 1674 1108 temporibus
1698 1056 1730 1095 e
1756 1039 2023 1095 Damasco

445 1132 501 1177 et
555 1121 804 1177 Samaria
839 1139 867 1178 a
902 1128 1419 1196 supervenientibus
1450 1131 1559 1185 illis
1583 1133 1803 1203 regibus
1839 1141 2020 1205 capta,

446 1225 515 1271 ut.
541 1225 667 1271 ante
696 1217 833 1281 dixi,
861 1218 1100 1275 fuerant.
1124 1220 1281 1287 Quod
1310 1230 1395 1278 est
1427 1223 1593 1293 igitur
1616 1231 1835 1294 tempus
1865 1226 2019 1289 illud,

445 1325 556 1382 quo
591 1319 883 1383 antequam
938 1322 1145 1384 patrem
1190 1322 1285 1369 aut
1329 1325 1560 1372 matrem
1605 1320 1880 1388 appellare
1915 1320 2024 1374 sci-

444 1413 552 1466 ret,
592 1404 733 1459 dona
765 1405 855 1460 illa
889 1407 1055 1476 cepit,
1092 1407 1199 1463 nisi
1235 1422 1360 1462 cum
1389 1410 1455 1464 ad
1489 1410 1667 1479 ipsum
1704 1412 2024 1469 accedentes

448 1494 593 1565 magi
642 1512 802 1567 peras
849 1513 1003 1563 suas,
1034 1499 1118 1553 vel
1153 1499 1534 1568 thesauros,ut
1567 1501 1813 1572 quaedam
1845 1519 2025 1560 exem-

448 1589 620 1659 piuria
672 1605 786 1659 prae
839 1605 898 1646 se
944 1589 1152 1652 ferunt,
1200 1600 1554 1662 aperuerunt,
1598 1593 2022 1664 obtuleruntque

449 1684 725 1753 myrrham
771 1691 826 1739 et
872 1684 1000 1740 thus
1033 1693 1089 1740 et
1118 1686 1357 1739 aurum?
1393 1684 1559 1743 Vides
1587 1701 1749 1757 quam
1781 1697 1908 1759 apte
1938 1704 2024 1746 ve-

446 1777 627 1831 ritatis
671 1791 855 1831 secum
908 1791 1094 1832 sermo
1151 1777 1434 1849 seriesque
1474 1779 1804 1841 consentiat.
1855 1796 2022 1849 “ulle

449 1868 683 1924 hmreses
731 1867 864 1938 ipsae
906 1868 1232 1925 concubinas
1279 1869 1411 1934 sint,
1443 1884 1677 1940 quarum
1708 1871 1861 1926 libmi
1895 1887 2019 1927 m1-

448 1974 579 2014 uera
613 1960 965 2030 acceperint?
999 1958 1134 2026 Quae
1161 1960 1383 2031 quidem
1414 1960 1653 2017 haereses
1693 1963 1907 2034 1086
1934 1978 2025 2018 so—

451 2052 560 2105 lum
597 2066 795 2106 nomen
843 2053 1179 2119 obtinentes,
1231 2052 1285 2107 id
1317 2061 1423 2117 est,
1455 2053 1570 2109 sola
1600 2052 1805 2109 Christi
1839 2054 2026 2125 appel-

450 2143 650 2197 latione
700 2145 926 2200 censitae
972 2160 1175 2214 paucas
1218 2160 1249 2201 e
1297 2145 1473 2201 sacris
1534 2144 1759 2201 Litteris
1805 2155 2025 2205 senten-

447 2238 553 2291 tias
588 2235 904 2306 accipiunt:
947 2250 1042 2306 per
1068 2249 1207 2307 quas
1254 2235 1565 2301 veritatem,
1614 2237 1662 2293 si
1711 2239 1898 2305 velint,
1939 2241 2025 2295 in-

448 2326 693 2397 telligere
736 2325 972 2396 possint.
1010 2323 1105 2380 Sin
1138 2326 1319 2381 minus
1345 2326 1536 2392 velint,
1570 2333 1624 2381 et
1658 2329 1723 2383 ad
1757 2329 2022 2385 llerodem

449 2418 674 2473 redeant
703 2436 715 2472 :
750 2417 1067 2473 mandatum
1103 2419 1247 2473 enim
1271 2419 1399 2475 illlis
1422 2428 1527 2486 est,
1563 2435 1630 2476 ne
1657 2421 1724 2476 ad
1755 2420 2022 2478 Herodem

447 2510 695 2574 redeant,
727 2507 823 2564 sed
848 2523 943 2579 per
973 2509 1133 2563 aliam
1162 2509 1303 2564 viam
1332 2517 1679 2566 revertantur
1706 2511 1760 2565 in
1791 2513 2022 2583 patriam

454 2618 632 2655 suam.
676 2597 783 2655 Sed
817 2601 862 2655 si
895 2601 1157 2671 imperata
1207 2599 1386 2658 facere
1432 2601 1774 2669 detrectent,
1840 2605 2023 2660 inania

447 2703 501 2746 et
542 2691 882 2746 infructuosa
927 2690 1043 2748 haec
1084 2692 1193 2748 illis
1242 2693 1385 2747 dona
1432 2692 1655 2757 fuerint,
1700 2696 1925 2765 perinde
1962 2712 2025 2752 ac

451 2784 626 2854 magis
680 2781 949 2857 proiectio
995 2784 1042 2839 si
1089 2784 1155 2837 ad
1206 2783 1477 2840 Herodem
1527 2788 1903 2857 revertissent,
1958 2803 2025 2843 eo

449 2872 595 2941 quod
631 2873 888 2928 similiter
923 2856 1159 2929 haereses
1192 2874 1324 2944 ipsre
1354 2890 1637 2930 sacrarum
1687 2856 2023 2932 Litterarum

450 2965 702 3033 dagmata
729 2965 1089 3021 adulterando
1114 2974 1494 3037 corrumpant.

521 3054 613 3111 lx.
655 3055 749 3111 lla:
791 3065 919 3111 sunt
960 3056 1129 3127 igitur
1181 3060 1463 3130 octoginta
1509 3060 1850 3124 concubinae,
1893 3075 2027 3131 qua-

452 3163 574 3203 rum
634 3164 898 3204 numerus
956 3148 1319 3220 exprimitur;
1386 3152 1587 3223 regina-
1643 3168 1863 3223 quoque
1923 3153 2029 3211 illas

2123 863 2151 911 ὁ
2189 865 2468 934 προφήτης
2491 866 2781 938 παρίστησι
2812 865 3005 934 λέγων,
3034 865 3113 919 ὅτι
3133 865 3282 933 Πρὶν
3312 863 3349 931 ἢ
3384 861 3604 934 γνῶναι
3630 860 3691 914 τό

2131 957 2371 1012 παιδίον
2398 958 2610 1012 καλεῖν
2637 958 2861 1027 πατέρα
2887 958 2924 1027 ἢ
2956 956 3202 1027 μητέρα,
3231 955 3488 1024 λήψεται
3517 953 3690 1006 δῦναι

2120 1064 2227 1117 μιν
2262 1048 2582 1116 Δαμασκοῦ
2620 1048 2721 1102 καὶ
2759 1050 2831 1103 τὰ
2863 1049 3065 1103 σκύλα
3105 1045 3459 1114 Σαμαρείας,
3489 1042 3691 1097 ἔναντι

2118 1140 2425 1206 ,βασιλέως
2460 1141 2815 1208 Ἀσσυρίων.
2869 1138 3053 1194 Ταῦτα
3098 1138 3207 1211 γὰρ
3253 1135 3361 1190 ἀπὸ
3404 1128 3694 1205 Δαμασκοῦ

2126 1235 2182 1286 ἑν
2212 1233 2425 1304 χρόνοις
2458 1231 2729 1302 Ἀϐραὰμ,
2760 1231 2835 1294 ὼς
2869 1233 3148 1302 προεῖπον,
3174 1228 3277 1281 ὑπὸ
3303 1227 3411 1280 τῶν
3436 1224 3694 1296 βασιλέων

2123 1322 2232 1375 τῶν
2260 1321 2521 1375 ἐλθόντων
2547 1320 2802 1390 εἴληπται
2827 1321 2919 1374 καὶ
2946 1320 3052 1373 ἀπὸ
3083 1318 3417 1391 Σαμαρείας.
3447 1318 3580 1368 Πότε
3602 1310 3694 1367 οὖν

2124 1412 2314 1466 ἐλαϐεν
2344 1411 2482 1465 αὐτὰ
2514 1413 2641 1485 πρὶν
2666 1413 2697 1479 ἦ
2730 1412 2933 1479 γνῶναι
2962 1411 3146 1464 καλεῖν
3172 1410 3385 1480 πατέρα
3408 1408 3439 1478 ἧ
3466 1408 3693 1478 μητέρα,

2123 1504 2238 1559 ἀλλ’
2272 1505 2361 1557 ὅτε
2404 1500 2569 1575 ἦλθον
2617 1504 2665 1555 οἱ
2729 1488 2925 1573 μάγοι,
2976 1503 3070 1555 καὶ
3115 1500 3330 1572 ἤνοιξαν
3373 1498 3472 1562 τὰς
3519 1501 3698 1567 πήρας

2124 1595 2351 1660 ἑαυτῶν,
2401 1594 2590 1665 ῆτοὺς
2635 1593 2961 1666 θησαυροὺς,
2994 1593 3069 1657 ὡς
3113 1593 3224 1663 ἔχει
3253 1592 3370 1644 ἑνια
3412 1588 3521 1642 τῶν
3560 1590 3698 1641 ἀντι-

2126 1688 2373 1761 γράφων,
2405 1688 2501 1741 καὶ
2531 1688 2916 1759 προσήνεγκαν
2951 1684 3197 1756 σμύρναν
3235 1683 3329 1736 καὶ
3368 1681 3582 1735 λίϐανον
3605 1680 3696 1733 καὶ

2126 1781 2362 1853 χρυσόν;
2396 1780 2506 1833 Καὶ
2543 1781 2676 1851 ὁρᾷς
2707 1778 2824 1842 πῶς
2866 1777 2979 1848 ἔχει
3001 1777 3022 1809 ⁸
3050 1779 3105 1830 αἱ
3144 1776 3241 1846 τῆς
3276 1774 3530 1843 ἀληθείας
3556 1772 3697 1844 φρά-

2130 1890 2244 1937 σεις
2277 1873 2369 1927 καὶ
2403 1871 2752 1938 ἀκολουθίαι;
2790 1871 2865 1934 ὡς
2895 1870 2988 1924 καὶ
3017 1861 3174 1922 αὗται
3203 1868 3259 1921 αἱ
3286 1867 3526 1939 αἱρέσεις
3561 1863 3697 1917 παλ-

2122 1964 2340 2027 λακίδες
2366 1963 2670 2034 ὑπάρχουσι
2691 2003 2706 2027 ,
2739 1962 2835 2016 καὶ
2880 1960 2948 2015 τὰ
2977 1960 3156 2023 αὐτῶν
3195 1959 3362 2012 τέκνα
3392 1955 3554 2010 ἔλαϐε
3601 1954 3700 2008 δό-

2125 2074 2289 2127 ματα,
2316 2055 2376 2108 τὸ
2416 2055 2585 2125 ὄνομα
2615 2054 2774 2126 μόνον
2802 2050 3082 2115 λαϐοῦσαι,
3116 2050 3342 2120 ὀνόματι
3374 2048 3534 2118 μόνον
3561 2046 3697 2114 Χρι-

2124 2146 2251 2200 στοῦ
2296 2145 2618 2217 κληθεῖσαι,
2668 2144 2762 2197 καὶ
2804 2142 2932 2206 τοὺς
2979 2138 3194 2210 ὀλίγους
3251 2138 3360 2193 ἀπὸ
3404 2138 3501 2208 τῆς
3550 2133 3697 2198 θείας

2123 2236 2347 2308 Γραφῆς
2387 2235 2578 2305 λόγους
2612 2233 3010 2304 ὑποδεξάμεναι
3030 2271 3044 2295 ,
3076 2232 3161 2284 ἵνα
3190 2231 3256 2283 δι’
3298 2228 3474 2282 αὐτῶν
3502 2226 3698 2280 συνῶσι

2122 2330 2222 2400 τὴν
2255 2329 2553 2400 ἀλήθειαν,
2585 2326 2680 2381 ἐὰν
2715 2325 2963 2379 θέλωσιν.
3006 2325 3066 2376 Et
3106 2322 3163 2375 δὲ
3202 2320 3275 2391 μὴ
3303 2318 3527 2381 θέλοιεν,
3565 2315 3699 2368 ἀλλὰ

2123 2420 2486 2491 ἀνακάμψωσι
2508 2419 2643 2490 πρὸς
2664 2419 2754 2471 τὸν
2790 2414 3067 2489 Ἡρώδην*
3098 2409 3566 2484 παραγγέλλονται
3590 2406 3699 2478 γὰρ

2128 2514 2202 2585 μὴ
2239 2511 2619 2581 ἀνακάμπτειν
2648 2509 2784 2581 πρὸς
2824 2505 3091 2579 Ἡρώδην,
3121 2503 3257 2559 ἀλλὰ
3291 2503 3357 2555 δι’
3386 2501 3552 2570 ἄλλης
3574 2497 3697 2552 ὀδοῦ

2124 2605 2469 2677 ἀφικνεῖσθαι
2513 2607 2593 2666 είς
2638 2602 2736 2674 τὴν
2786 2599 2995 2654 ἑαυτῶν
3047 2596 3307 2668 πατρίδα.
3350 2594 3475 2647 Ἐὰν
3527 2592 3585 2644 δὲ
3624 2590 3698 2661 μὴ

2125 2702 2395 2772 ποιήσωσι
2434 2698 2504 2751 τὰ
2552 2694 3027 2768 προστεταγμένα,
3059 2691 3235 2763 μάτην
3267 2689 3480 2760 ἑαυτοῖς
3516 2686 3584 2738 τά
3611 2685 3701 2737 δό-

2129 2809 2297 2865 ματα,
2324 2791 2399 2854 ὡς
2440 2789 2671 2852 ἐκείνοις
2701 2790 2734 2859 ὴ
2765 2786 2995 2849 ἑλευσις,
3028 2786 3076 2837 εί
3099 2781 3423 2852 ἀνέκαμψαν
3443 2780 3578 2849 πρὸς
3609 2777 3700 2830 τὸν

2137 2882 2402 2956 Ἡρώδην,
2450 2881 2538 2935 διὰ
2580 2880 2643 2932 τὸ
2680 2878 2878 2949 ὁμοίως
2907 2877 3005 2939 τὰς
3034 2875 3204 2938 αὑτὰς
3242 2872 3482 2945 αἱρέσεις
3527 2884 3704 2940 παρα-

2126 2978 2422 3049 χαράσσειν
2449 2975 2557 3027 τῶν
2590 2973 2751 3026 θείων
2780 2970 2953 3039 λόγων
2979 2970 3046 3023 τὰ
3074 2967 3398 3037 διδάγματα.

2199 3048 2277 3126 8'.
2320 3064 2487 3124 Αὖται
2521 3063 2613 3121 οὖν
2642 3068 2779 3119 εἰσιν
2811 3065 3145 3134 ὀγδοήκοντα
3183 3058 3531 3121 παλλακίδες,
3562 3048 3636 3110 ὧν
3671 3055 3701 3107 6

2129 3163 2358 3237 ἀριθμὸς
2392 3154 2546 3224 οὗτος
2571 3158 2891 3230 ἐμφέρεται,
2923 3156 3170 3209 κάκεῖναι
3208 3155 3263 3206 αἱ
3307 3150 3614 3222 βασίλισσαι
3643 3146 3701 3199 αἱ

451 3245 583 3311 ipsa:
626 3248 757 3295 sunt
808 3241 1006 3297 anima
1035 3256 1156 3311 qua:
1186 3258 1284 3313 per
1326 3246 1706 3315 generationes
1741 3261 2026 3302 recensen-

2133 3255 2275 3312 κατὰ
2310 3254 2408 3319 τὰς
2439 3251 2633 3321 γενεὰς
2673 3246 3058 3320 ἀριθμηθεῖσαι
3091 3244 3279 3315 ψυχαὶ,
3306 3240 3582 3294 τουτέστιν
3610 3237 3704 3292 ἂν·

456 3343 568 3396 tur,
604 3333 706 3389 hoc
733 3342 820 3389 est
862 3334 964 3388 viri
999 3342 1165 3405 atque
1202 3336 1549 3406 patriarchae.
1595 3336 2028 3394 Adolescentulte

455 3440 620 3494 porro
657 3440 893 3496 quarum
947 3427 1073 3481 iniri
1127 3442 1389 3482 numerus
1436 3442 1546 3483 non
1599 3437 1800 3498 potest,
1844 3430 2026 3484 varias

454 3518 902 3586 philosophorum
948 3526 1127 3575 sectas
1153 3534 1275 3589 quae
1312 3520 1365 3573 in
1410 3519 1671 3575 mundum
1705 3521 2029 3577 introducta:

449 3617 604 3669 sunt.
653 3625 718 3664 ac
764 3609 983 3664 diversa
1023 3610 1462 3681 uniuscujusque
1511 3613 1727 3667 vivendi
1777 3613 2028 3669 instituta

452 3701 800 3769 signiﬁcant;
846 3713 1081 3767 quorum
1137 3699 1295 3755 laude
1340 3701 1505 3771 digna
1560 3701 1665 3755 alia
1717 3709 1867 3769 sunt,
1923 3700 2029 3754 alia

453 3792 831 3861 vituperanda.
872 3792 1070 3863 Ecquis
1098 3793 1243 3849 enim
1285 3795 1473 3849 mundi
1508 3795 1672 3864 hujus
1709 3797 2028 3853 varietatem

456 3886 811 3954 percenseat?
849 3884 1022 3951 Quam
1054 3887 1241 3941 multa:
1271 3887 1413 3957 apud
1445 3889 1676 3957 gentiles
1705 3890 1824 3943 alite
1857 3897 2023 3944 sectae

457 3986 581 4047 post
624 3978 1103 4035 manifestissimas
1135 3980 1256 4036 illas
1285 3990 1524 4049 quatuor
1563 3983 1629 4037 de
1674 3983 1874 4053 quibus
1920 3984 2032 4054 egi—

456 4088 509 4125 m
525 4087 608 4133 us,
642 4072 1016 4141 pullularunt?
1044 4072 1182 4138 Quin
1216 4073 1376 4126 etiam
1403 4083 1525 4144 post
1554 4074 1672 4129 illas
1703 4076 1938 4131 haereses
1968 4088 2030 4128 ac

457 4172 797 4234 sequentes,
840 4164 1041 4219 diversi
1091 4165 1372 4219 hominum
1425 4166 1588 4220 animi
1640 4174 1694 4222 et
1744 4168 2031 4236 opiniones

452 4256 684 4327 juvenili
713 4256 951 4327 quodam
982 4253 1127 4311 fastu
1158 4263 1212 4310 et
1239 4257 1553 4327 arrogantia
1581 4258 1820 4327 privatas
1852 4267 2031 4314 sectas

458 4365 560 4421 pro
596 4364 695 4403 sua
742 4349 947 4419 quique
990 4348 1215 4403 libidine
1240 4349 1627 4403 condiderunt.
1666 4348 1872 4419 Utputa
1906 4349 2033 4421 Pyr-

458 4434 641 4490 rhonii
687 4437 940 4507 'quidam
1006 4438 1402 4509 appellantur;
1455 4439 1655 4508 aliique
1719 4443 2031 4510 complures

454 4538 604 4589 sunt,
628 4541 859 4599 quorum
884 4530 1105 4583 nomina
1140 4544 1204 4584 ac
1235 4529 1453 4585 decreta
1489 4531 1803 4603 singillatim
1843 4543 1899 4588 et
1931 4549 2021 4587 or-

2125 3349 2251 3421 δρες
2300 3345 2391 3401 καὶ
2441 3344 2797 3415 πατριάρχαι.
2850 3338 3107 3402 Νεάνιδες
3171 3337 3226 3389 δὲ
3278 3328 3352 3387 ὧν
3403 3334 3507 3386 οὐκ
3558 3330 3704 3383 ἔστιν

2126 3441 2358 3513 ἀριθμὸς
2383 3481 2397 3504 ,
2439 3442 2495 3492 ἑν
2525 3439 2641 3500 ταῖς
2676 3434 2861 3489 λοιπὸν
2903 3430 3044 3486 κατᾶ
3077 3431 3254 3485 πάντα
3301 3427 3507 3496 κόσμον
3553 3422 3704 3513 φιλο-

2129 3509 2345 3600 σοφίαις
2365 3568 2379 3593 ,
2413 3528 2507 3582 καὶ
2537 3526 2777 3594 ἑκάστης
2805 3523 2984 3593 ψυχῆς
3016 3518 3335 3580 πολιτείαις,
3362 3514 3463 3583 τῆς
3492 3513 3590 3583 μὲν
3622 3509 3704 3564 οὔ·

2129 3639 2228 3692 σης
2260 3619 2569 3689 ἑπαινετῆς,
2604 3617 2701 3687 τῆς
2734 3614 2789 3667 δὲ
2833 3612 2917 3667 οὔ.
2957 3612 3054 3675 Τίς
3095 3610 3203 3681 γὰρ
3237 3607 3562 3680 ἀριθμήσειε
3607 3600 3704 3655 τοῦ

2129 3715 2334 3783 κόσμου
2364 3710 2554 3764 τούτου
2588 3709 2688 3777 τὴν
2710 3704 3011 3775 διαφοράν;
3042 3702 3211 3757 Πόσαι
3247 3700 3355 3770 γὰρ
3379 3697 3538 3752 ἄλλαι
3572 3695 3703 3764 παρ’

2130 3805 2354 3875 Ἕλλησι
2389 3802 2525 3873 μετὰ
2549 3801 2648 3863 τὰς
2671 3795 3072 3871 προειρημένας
3095 3793 3361 3863 τέτταρας
3388 3783 3706 3857 φανερωτά-

2127 3916 2224 3962 τας
2266 3899 2366 3950 οὐκ
2392 3896 2627 3965 ἔφυσανς
2660 3893 2755 3947 καὶ
2789 3890 2868 3944 ἑτι
2904 3888 3041 3955 μετὰ
3070 3887 3170 3949 τὰς
3202 3885 3441 3954 αἱρέσεις
3468 3879 3703 3943 ὲκείνας,

2131 3990 2223 4043 mi.
2251 3987 2350 4051 τὰς
2399 3984 2730 4058 μετέπειτα,
2774 3980 2916 4034 κατὰ
2956 3978 3056 4049 τὴν
3088 3976 3318 4029 ἑκάστου
3363 3970 3610 4041 γνώμην,
3647 3967 3705 4020 ἑν

2129 4082 2347 4151 δοκήσει
2379 4077 2719 4145 νεανιότητος
2762 4072 2881 4127 καθ’
2912 4069 3111 4131 ἑαυτὰς
3137 4067 3417 4137 γινόμεναι
3444 4060 3614 4133 ψυχαί
3643 4075 3706 4111 τε

2132 4174 2223 4226 καὶ
2246 4150 2494 4243 γνῶμαι·
2524 4167 2598 4231 ὡς
2632 4164 2936 4237 Πυρρώνιοι
2971 4158 3260 4215 καλοῦνταί
3292 4173 3458 4218 τινες.
3494 4153 3589 4206 καὶ
3614 4150 3707 4204 ἄλ-

2130 4266 2211 4320 λοι
2245 4264 2484 4327 πλείους,
2515 4255 2587 4314 ὧν
2616 4259 2683 4313 τὰ
2725 4258 2966 4330 ὀνόματα
2996 4254 3093 4307 καὶ
3131 4252 3228 4315 τὰς
3254 4250 3412 4316 δόξας
3439 4246 3561 4301 καθ’
3589 4246 3706 4315 εἱρ-

2138 4358 2234 4428 μὸν
2276 4354 2527 4420 ὑποτάξω
2551 4393 2565 4417 ,
2610 4350 2819 4404 πολλῶν
2873 4348 2971 4419 μὲν
3019 4347 3185 4398 ὄντων
3230 4343 3338 4394 τῶν
3381 4343 3459 4399 εἰς
3506 4335 3706 4405 γνῶσιν

2133 4426 2290 4521 ημῶν
2330 4444 2685 4518 ἐληλυθότων,
2718 4436 3178 4509 πολλοστημόριόν
3208 4450 3265 4486 τε
3295 4431 3403 4484 τῶν
3432 4430 3488 4482 ἑν
3519 4426 3706 4533 κόσμῳ

2136 4520 2507 4613 ὗπαρχόντων.
2551 4535 2664 4590 Καὶ
2695 4534 2801 4588 εἰσὶ
2841 4533 2938 4605 μὲν
2971 4532 3026 4584 αἱ
3056 4528 3116 4593 ἐξ
3172 4524 3437 4593 Ἑλλήνων
3462 4520 3596 4580 αἵδε,
3631 4520 3708 4570 ὢν

454 4621 587 4677 dine
626 4620 878 4676 referam.
920 4623 999 4674 Ac
1043 4622 1171 4676 licet
1200 4622 1269 4677 de
1308 4624 1495 4679 multis
1534 4625 1802 4683 hactenus
1831 4642 2026 4699 cogno-

2142 4610 2365 4706 πρώτην
2415 4631 2639 4699 τάξαιμι
2681 4626 2932 4699 ἀπαρχῆς
2966 4623 3063 4694 τὴν
3105 4618 3277 4674 Θαλοῦ
3319 4615 3413 4669 τοῦ
3442 4610 3706 4682 Μιλησίου

455 4715 654 4775 verim,
690 4724 856 4784 quota
896 4729 1024 4785 pars
1050 4721 1230 4770 tamen
1265 4730 1455 4772 eorum
1486 4726 1570 4772 est
1601 4732 1724 4788 quae
1754 4725 1870 4775 toto
1902 4723 2035 4780 orbe

2140 4726 2365 4798 γνώμην
2396 4741 2454 4777 τε
2487 4724 2579 4776 καὶ
2604 4721 2779 4785 δόξαν.

463 4810 803 4864 versantur?
867 4808 947 4864 Ex
987 4810 1055 4865 iis
1112 4825 1275 4881 porro
1318 4812 1486 4866 sectis
1532 4813 1813 4883 gentilium
1854 4816 1936 4872 hae
1987 4796 2222 4895 propriae
2261 4796 2501 4876 luerunt
2537 4838 2550 4872 :
2600 4817 2744 4871 inter
2785 4829 2923 4885 quas
2961 4809 3209 4866 Thaletis
3248 4802 3446 4861 Milesii
3495 4796 3705 4870 opinio.

454 4919 581 4961 nem
608 4922 671 4959 ac
702 4905 901 4976 dogma
940 4905 1121 4975 priore
1150 4906 1272 4960 loco
1298 4922 1616 4976 proponam.

527 4996 731 5053 Thales
779 4999 963 5068 itaque
1012 4997 1255 5053 Milesius
1298 5015 1441 5054 unus
1477 5015 1506 5054 e
1540 5017 1613 5055 νει
1660 5001 2024 5072 sapientibus,

530 5157 546 5186 ¹
572 5155 763 5210 Matth.
791 5172 850 5219 ll,
883 5156 905 5209 l
941 5172 1063 5226 sqq.
1139 5158 1159 5188 ³
1193 5157 1295 5213 lsa.
1332 5173 1449 5227 vui,
1490 5159 1545 5213 4.
1623 5159 1642 5189 ⁸
1671 5158 1733 5215 F.
1764 5160 1965 5231 ἔχουσι.

528 5333 870 5409 (ὗῆραλῆς
900 5337 933 5387 ὁ
972 5333 1289 5409 Μιλήσιος.
1333 5334 1552 5401 Thales,
1577 5353 1774 5409 genere
1810 5339 2031 5396 Phaeni-

457 5404 601 5481 eius,
626 5404 792 5481 Mileti
826 5413 1023 5481 tamen
1044 5405 1098 5458 in
1126 5404 1274 5481 _lon_ia
1313 5414 1495 5467 natus.
1519 5404 1611 5481 ubi
1642 5409 1848 5476 ﬂoruit,
1877 5412 2031 5481 juxta

457 5479 758 5539 Laeuium,
784 5475 1059 5529 sexcentis
1090 5476 1310 5530 circiter
1360 5486 1487 5531 ante
1529 5479 1807 5535 Christum
1836 5475 2030 5537 annis.

457 5549 589 5603 inde
621 5546 863 5620 Milesius
902 5544 1115 5620 dictus;
1147 5555 1203 5599 et
1239 5548 1383 5620 quod
1417 5548 1629 5616 primus
1671 5549 1862 5606 ordine
1898 5568 2038 5620 quo-

457 5620 584 5675 dam
629 5614 770 5690 apud
800 5630 954 5690 suos
984 5614 1359 5690 philosophari
1393 5614 1640 5688 coeperit,
1682 5614 2039 5690 philosopho-

459 5705 583 5744 rum

964 5770 1123 5809 nemo
1145 5756 1592 5827 philosophorum
1622 5760 1715 5814 illo
1749 5761 2027 5829 antiquior

463 5826 534 5887 ad
575 5826 822 5900 notitiam
863 5833 1104 5900 nostram
1139 5826 1467 5900 pervenerit,
1489 5843 1609 5900 serae
1643 5826 2032 5900 philosophicas

462 5902 534 5955 si)
567 5908 635 5953 eo
677 5895 895 5952 initium
936 5893 1383 5959 ducunt‘omnes.
1417 5898 1502 5958 Nil
1540 5893 1691 5957 illum
1742 5893 2032 5974 scripsisse

2210 5003 2381 5066 Αὐτὸς
2414 5000 2523 5074 γὰρ
2578 4998 2761 5069 Θαλῆς
2803 4998 2832 5050 ὁ
2889 4995 3154 5067 Μιλήσιος
3192 4991 3303 5063 (⁸54)
3328 5033 3343 5059 ,
3382 4985 3461 5054 εἷς
3494 4987 3570 5042 ὢν
3601 4987 3709 5040 τῶν

2134 5340 2529 5407 tradunt;qua:
2558 5337 2623 5407 de
2645 5336 2764 5407 ipso
2794 5337 3184 5407 memorantur,
3215 5329 3284 5384 ab
3318 5326 3712 5407 Herodoto,Ci-

2138 5425 2355 5473 cernne,
2370 5400 2683 5471 Plutarcho,
2701 5404 2931 5465 Laertio,
2950 5403 3207 5473 aliisque,
3219 5400 3539 5473 transmissa
3555 5413 3712 5473 acce-

2141 5471 2348 5552 pimus.
2372 5476 2528 5533 Unde
2563 5477 2741 5531 oritur
2768 5472 3137 5552 omnimodam
3178 5471 3245 5525 de
3274 5472 3464 5552 iisdem
3493 5484 3559 5550 ac
3591 5471 3708 5537 ple-

2142 5542 2268 5605 iiam
2296 5549 2545 5603 notitiam
2582 5561 2682 5602 nos
2723 5560 2832 5600 non
2862 5544 3094 5620 habere,
3126 5557 3233 5620 nec
3260 5542 3394 5620 satis
3429 5542 3571 5620 scire
3599 5554 3709 5620 quo

2146 5635 2313 5675 sensu
2344 5633 2541 5688 aquam
2573 5632 2755 5688 rerum
2789 5612 3387 5688 omniumprincipium
3420 5612 3707 5688 statuerit.

364 5746 384 5768 ⁸
459 5705 583 5744 rum
641 5679 1171 5808 Grmeimmfri'nceps
1205 5679 1496 5747 'habeturf
1530 5696 1585 5743 et
1628 5679 1850 5745 Ionica»
1878 5679 2041 5746 sectae
2147 5679 2522 5746 Consulantur
2588 5687 2679 5754 qui
2741 5685 2942 5739 veteris
3002 5679 3356 5761 philosophiae
3420 5679 3707 5734 historiam

459 5771 683 5828 parens,
714 5763 769 5828 et
787 5770 859 5825 qu
964 5770 1123 5809 nemo
1145 5756 1592 5827 philosophorum
1622 5760 1715 5814 illo
1749 5761 2027 5828 antiquior
2138 5762 2342 5828 scripto
2372 5758 2740 5828 adornarunt:
2766 5752 3102 5828 Gassendus,
3130 5749 3426 5819 Stanletus,
3456 5748 3705 5804 Alhertus

2138 5762 2342 5829 scripto
2372 5748 2740 5829 adornarunt:
2766 5748 3102 5829 Gassend‘us,
3130 5748 3426 5819 Stanleius,
3456 5748 3705 5804 Alhertus

2138 5823 2443 5896 Fabricius,
2468 5826 2796 5895 Bruckerus,
2829 5832 2882 5881 et
2898 5823 3008 5878 alii.
