4118 6402
372 400 474 460 ’⁷39

948 402 1345 495 .ADVERSUS
1377 402 1719 462 ILEBESES
1760 405 1887 462 LIB.
1924 404 1987 461 ΙΙΙ

2091 362 2225 463 on."
2251 407 2318 465 ll.
2338 440 2416 469 .—
2470 407 2842 473 EXPOSITIO
2878 404 3080 464 FlDEl.

3543 402 3650 462 που

378 522 525 577 ἑπτὰ
555 494 758 595 σοφῶν,
789 490 1087 596 ἀρχέγονον
1113 526 1330 580 πάντων
1351 527 1670 597 ἀπεφήνατο
1696 528 1757 581 τὸ
1783 526 1928 599 ὕδωρ
1948 546 1961 559 ·

2091 531 2407 602 irincipium
2461 546 2646 586 rerum
2676 531 2921 589 omnium
2945 541 3143 597 aquam
3171 541 3293 581 esse
3321 525 3494 588 dixit;
3524 539 3652 579 nam

379 612 442 681 ἐξ
475 612 667 677 ὓδατος
704 614 814 683 γάρ
870 630 1003 683 φησι
1053 613 1122 667 τά
1157 615 1335 669 πάντα
1361 611 1502 668 εἶναι
1529 656 1544 681 ,
1579 616 1675 669 καὶ
1701 616 1780 677 εἰς
1814 613 1960 685 ὕδωρ

384 705 549 760 πάλιν
584 704 935 762 ἀναλύεσθαι.

458 798 880 870 Ἀναξίμανδρος
908 801 936 852 6
969 797 1064 853 τοῦ
1096 798 1427 871 Πραξιάδου,
1460 802 1556 858 καὶ
1581 801 1742 865 αὐτὸς
1783 800 1962 874 Μιλής

376 908 492 955 σιος
523 890 654 964 (55),
695 891 757 944 τὸ
787 891 1015 964 ἄπειρον
1045 893 1222 965 ἀρχὴν
1260 895 1518 950 ἁπάντων
1557 894 1761 966 ἔφησεν
1787 888 1961 947 εἶναι’

377 984 442 1036 ἐκ
471 984 661 1037 τούτου
692 982 802 1056 γὰρ
847 983 918 1037 τά
958 986 1138 1041 πάντα
1178 985 1462 1055 γίνεσθαι,
1490 988 1584 1042 καὶ
1615 988 1696 1052 εἰς
1734 986 1867 1041 αὐτὸ
1895 986 1963 1040 τά

379 1077 558 1131 πάντα
583 1076 935 1132 ἀναλύεσθαι.

460 1169 818 1242 Ἀναξιμένης
865 1173 893 1225 6
941 1170 1035 1226 τοῦ
1069 1172 1418 1244 Εὐρυστάτου
1472 1172 1623 1243 (56),
1672 1172 1769 1228 καὶ
1800 1171 1966 1236 αὐτὸς

378 1262 645 1335 Μιλήσιος
675 1262 829 1333 (57),
879 1262 973 1319 τὸν
1021 1263 1159 1335 ἀέρα
1206 1263 1302 1318 τοῦ
1356 1265 1559 1334 παντὸς
1603 1264 1778 1336 ἀρχὴν
1824 1259 1966 1319 εῖναι

379 1353 564 1424 λέγει,
596 1355 692 1408 καὶ
716 1356 781 1408 ἔκ
807 1353 998 1409 τούτου
1035 1355 1104 1409 τά
1131 1354 1333 1411 πάντα.

479 1445 848 1519 Ἀναξαγόρας
909 1449 939 1501 6
996 1447 1090 1501 τοῦ
1147 1446 1540 1519 Ἡγησιϐούλου
1596 1448 1627 1502 6
1677 1445 1967 1518 Κλαζομέ-

381 1557 494 1604 νιος
520 1539 631 1610 (58)
651 1581 667 1604 ,
714 1539 888 1612 ἀρχὰς
918 1538 1027 1594 τῶν
1060 1539 1279 1594 πάντων
1322 1539 1422 1604 τὰς
1464 1540 1821 1612 όμοιομερίας
1853 1537 1965 1612 (59)

381 1631 586 1701 ἔφησεν
616 1627 778 1685 εἶναι.

466 1722 758 1794 Ἀρχέλαος
785 1725 813 1777 6
846 1720 1247 1794 Ἀπολλοδώρου
1268 1763 1282 1788 ,
1312 1722 1455 1778 κατά
1494 1723 1552 1777 δέ
1572 1740 1726 1787 τινας
1754 1723 1972 1779 Μίλτω-

381 1833 474 1881 νος
505 1856 522 1881 ,
564 1815 848 1887 Ἀθηναῖος
896 1815 955 1869 δὲ
1002 1811 1071 1887 ἦν
1111 1816 1221 1886 (40)
1251 1855 1267 1879 ,
1311 1816 1575 1885 φυσικὸς,
1623 1817 1690 1871 ὲκ
1745 1817 1851 1889 γῆς
1902 1816 1971 1872 τά

2063 638 2133 676 ex
2190 637 2336 694 aqua
2389 624 2503 677 orir
2588 620 2807 686 omnia,
2859 626 2914 674 et
2967 618 3028 673 in
3077 631 3276 688 aquam
3325 614 3510 670 omnia
3566 629 3653 668 re-

2064 713 2225 770 solvi.

2136 806 2550 864 Anaximander
2582 804 2872 861 Praxiadre
2916 802 3087 867 ﬁlius,
3128 800 3374 857 Milesius
3416 806 3472 857 et
3512 798 3651 872 ipse,

2066 901 2343 957 inﬁnitum
2396 900 2736 973 principium
2785 901 3034 953 omnium
3084 893 3412 957 constituit,
3460 907 3531 948 ex
3587 906 3697 947 eo.

2065 995 2212 1051 enim
2240 995 2427 1051 omnia
2457 994 2632 1060 nasci,
2662 999 2718 1049 et
2746 991 2803 1048 in
2834 990 2970 1046 illud
2996 1003 3153 1060 aeque
3188 985 3440 1044 dissolvi.

2136 1176 2509 1235 Anaximenes
2564 1173 2847 1249 Eurystati
2895 1173 3061 1237 ﬁlius,
3111 1180 3168 1230 et
3210 1172 3331 1243 ipse
3386 1168 3652 1232 Milesius,

2068 1286 2250 1329 aerem
2293 1270 2630 1343 principium
2687 1284 2870 1327 rerum
2920 1280 3046 1324 esse
3092 1263 3303 1334 deﬁnit,
3365 1263 3436 1319 ab
3480 1276 3656 1333 eoque

2075 1364 2339 1420 universa
2365 1377 2615 1417 manare.

2140 1456 2501 1525 Anaxagoras
2555 1450 2871 1524 Hegesibuli
2923 1449 3093 1516 ﬁlius,
3134 1445 3541 1508 Clazomenius,
3582 1443 3658 1501 si—

2069 1547 2411 1604 militudines
2477 1547 2722 1618 partium
2781 1543 3115 1616 principium
3170 1555 3356 1597 rerum
3408 1536 3654 1592 omnium

2071 1647 2668 1801 θεῗόἕξιζτοιιειοο
2691 1725 3034 1799 Apollodori,
3067 1724 3184 1780 sive
3212 1728 3271 1775 ut
3303 1720 3426 1775 aliis
3458 1720 3655 1790 placet.

2074 1823 2312 1879 Miltouis
2359 1821 2502 1887 ﬁlio,
2560 1818 2884 1876 Atheniensi
2918 1832 2984 1874 ac
3042 1816 3288 1888 physico,
3350 1812 3532 1884 placet
3588 1810 3660 1867 ab

384 1910 564 1964 πάντα
594 1908 743 1979 λέγει
769 1909 1138 1981 γεγενῆσθαι·
1190 1909 1329 1981 αὕτη
1367 1910 1476 1982 γὰρ
1513 1911 1656 1982 ἀρχὴ
1696 1909 1806 1965 τῶν
1831 1910 1968 1965 ὅλων

2091 1932 2217 1972 erra
2265 1916 2449 1971 omnia
2502 1912 2799 1986 proﬁcisci;
2865 1911 3031 1981 idque
3092 1907 3228 1963 adeo
3285 1920 3473 1962 rerum
3525 1918 3652 1959 esse

385 2002 534 2057 ἐστὶν
560 2042 574 2066 ,
604 2001 681 2066 ὥς
711 2019 864 2074 φησι.

477 2095 776 2169 Σωκράτης
832 2098 861 2150 6
915 2094 1010 2150 τοῦ
1080 2095 1375 2166 Ἐλῦάγλου
1419 2096 1548 2163 (41)
1602 2096 1636 2168 ἢ
1697 2097 1975 2167 Σωφρονί-

387 2202 520 2240 σκου
569 2184 720 2257 (42),
761 2186 856 2239 καὶ
904 2185 1242 2258 Φαιναρέτης
1282 2187 1383 2257 τῆς
1433 2186 1599 2257 μαίας
1624 2228 1638 2249 ,
1690 2188 1718 2241 6
1764 2185 1974 2257 ὴθικὸς,

387 2278 468 2333 Ὺά
504 2278 627 2334 καθ’
660 2278 874 2342 ἑάυτδν,
903 2278 1078 2349 ἔλεγε,
1113 2279 1274 2350 μόνον
1295 2279 1376 2334 δεῖ
1397 2278 1858 2351 περιεργάζεσθαι
1883 2279 1976 2334 τὸν

386 2369 676 2443 ἄνθρωπον
700 2412 716 2435 ,
750 2368 972 2423 πλείονα
1001 2368 1060 2423 δὲ
1096 2371 1191 2441 μή.

456 2461 764 2534 Φερεκύδης
795 2461 906 2533 (45)
943 2462 1039 2516 καὶ
1089 2461 1254 2526 αὐτὸς
1301 2463 1406 2535 γῆν
1447 2478 1581 2533 φησι
1616 2461 1725 2534 πρὸ
1760 2461 1978 2517 πάντων

388 2557 743 2627 γεγενῆσθαι.

458 2649 786 2722 Πυθαγόρας
816 2649 845 2702 6
878 2647 1085 2719 Σάμιος
1104 2687 1119 2712 ,
1154 2646 1491 2719 Μνησάρχου
1525 2646 1639 2711 υίὸς
1662 2687 1678 2713 ,
1710 2645 1845 2700 θεὸν
1873 2645 1980 2718 ἔφη

388 2736 529 2795 εῖναι
575 2740 674 2813 τὴν
723 2740 946 2812 μονάδα,
1006 2741 1101 2794 καὶ
1131 2739 1255 2809 δίχα
1292 2738 1500 2810 ταύτης
1550 2739 1717 2810 μηδὲν
1752 2739 1982 2811 γεγενῆ-

391 2833 536 2888 σθαι.
570 2834 764 2902 Ἔλεγε
795 2833 873 2899 δὲ,
908 2832 984 2904 μὴ
1017 2832 1127 2886 δεῖν
1156 2831 1307 2885 θύειν
1337 2834 1452 2895 τοῖς
1486 2830 1630 2896 θεοῖς
1662 2831 1799 2896 ζῶα,
1843 2833 1979 2904 μηδὲ

393 2926 505 2997 μὴν
552 2924 751 2979 ἐσθίειν
779 2943 833 2978 τι
881 2923 990 2978 τῶν
1020 2923 1303 2996 ἐμψύχων,
1340 2925 1481 2995 μήτε
1534 2923 1808 2995 κυάμους,
1842 2927 1981 2996 μήτε

391 3013 534 3071 οἶνον
569 3016 745 3069 πίνειν
769 3017 895 3079 τοὺς
939 3015 1156 3086 σοφούς.
1189 3016 1385 3085 Ἔλεγε
1434 3015 1491 3068 δὲ
1518 3015 1587 3069 τὰ
1616 3014 1725 3069 ἀπὸ
1753 3014 1982 3087 σελήνης

395 3112 568 3176 κάτω,
595 3107 815 3179 παθητὰ
856 3104 995 3162 εἶναι
1028 3108 1228 3163 πάντα.
1265 3108 1346 3161 Τά
1382 3107 1440 3162 δὲ
1478 3107 1739 3179 ὑπεράνω
1763 3110 1862 3179 τῆς
1894 3125 1983 3162 σε-

394 3201 599 3273 λήνης,
633 3200 822 3270 ἀπαθῆ
853 3196 1012 3256 εἶναι.
1047 3201 1241 3270 Ἔλεγε
1264 3200 1321 3254 δὲ
1370 3201 1464 3254 κα).
1500 3200 1846 3270 μεταϐαίνειν
1883 3201 1983 3273 τὴν

395 3291 574 3363 ψυχὴν
604 3293 684 3354 είς
719 3290 889 3343 πολλά
923 3288 1039 3353 ζῶα
1063 3306 1079 3322 ο
1122 3291 1374 3343 ἐκέλευσε
1416 3290 1474 3344 δὲ
1516 3290 1610 3344 καὶ
1654 3294 1767 3354 τοῖς
1807 3291 1983 3365 μαθη-

395 3385 520 3446 ταῖς
549 3382 714 3436 αὐτοῦ
751 3382 961 3452 σιωπᾷν
992 3381 1083 3433 ἐπὶ
1114 3381 1382 3451 πενταετῆ
1414 3381 1605 3453 χρόνον
1631 3398 1644 3411 ·
1678 3382 1772 3436 καὶ
1802 3381 1865 3436 τὸ
1896 3400 1987 3436 τε·

397 3479 668 3539 λευταῖον,
709 3474 828 3529 θεὸν
852 3474 1040 3528 ἑαυτὸν
1068 3472 1413 3543 ἐπωνόμασε.

468 3568 777 3640 Ξενοφάνης
825 3569 854 3621 ὁ
885 3567 980 3622 τοῦ
1029 3566 1386 3639 Ὀρθουμένου
1410 3607 1426 3634 ,
1479 3564 1822 3636 Κολοφώνιος
1849 3565 1987 3639 (44),

399 3663 466 3716 ὲκ
497 3662 601 3732 γῆς
630 3662 726 3716 καὶ
756 3659 950 3721 ὓδατος
976 3658 1083 3729 ἔφη
1129 3657 1200 3711 τά
1241 3657 1419 3712 πάντα
1454 3656 1730 3726 γίνεσθαι·
1759 3653 1899 3711 εἶναι
1930 3657 1988 3711 δὲ

400 3753 469 3809 τά
493 3754 692 3818 πάντα,
724 3754 801 3818 ὼς
832 3753 958 3823 ἔφη,
1004 3752 1156 3806 οὐδὲν
1189 3751 1408 3822 ἀληθές.
1444 3751 1630 3815 Οὕτως
1665 3750 1728 3805 τὺ
1758 3752 1989 3823 ἀτρεκὲς

402 3847 535 3917 ἡμῖν
560 3845 754 3917 ἄδηλον
779 3886 794 3912 ,
818 3846 1039 3918 δόκησις
1082 3845 1140 3899 δὲ
1174 3844 1267 3898 ἐπὶ
1292 3845 1427 3898 πᾶσι
1463 3844 1720 3899 τέτυκται
1753 3844 1989 3916 μάλιστα

404 3938 513 3992 τῶν
541 3938 815 4008 ἀφανέων.

480 4093 593 4163 (55)
622 4079 735 4147 Καὶ
763 4094 945 4160 αὐτὸς
969 4095 1284 4160 Μιλήσιος.
1309 4093 1715 4149 Anaximander
1744 4093 1991 4151 Milesius

407 4170 465 4217 et
511 4163 626 4231 ipse
680 4164 800 4223 fuit.
847 4172 900 4235 et
954 4163 1200 4219 Thaletis
1239 4166 1562 4235 discipulus.
1604 4163 1724 4218 Non
1772 4174 1991 4220 constat

409 4248 519 4304 quo
552 4248 716 4289 sensu
747 4234 1017 4288 inlinitum
1050 4250 1230 4289 rerum
1275 4237 1520 4289 omnium
1555 4236 1885 4304 principium
1915 4237 1994 4291 di-

409 4303 552 4359 xerit
576 4321 590 4368 ;
619 4304 752 4358 illud
777 4305 894 4374 ipse
912 4320 1021 4359 non
1045 4306 1260 4375 aperuit
1281 4323 1295 4371 ;
1314 4308 1407 4376 qui
1432 4303 1566 4376 post
1579 4322 1703 4358 eum
1733 4303 1988 4371 ﬂoruere,

410 4377 680 4429 incertum
710 4390 779 4429 an
821 4376 1262 4445 ipsiuS'mentem
1299 4375 1662 4443 cOnjectando
1692 4386 1821 4432 sunt
1845 4391 1994 4432 asse-

410 4446 546 4499 cuti.
581 4445 774 4501 Cicero
798 4446 852 4499 in
884 4445 1130 4509 Lucullo,
1176 4462 1328 4501 num.
1361 4447 1450 4510 57,
1486 4447 1758 4501 inﬁnitum
1793 4448 1995 4502 Anaxi-

412 4516 650 4579 mandri,
675 4517 996 4584 inﬁnitatem
1031 4530 1240 4571 natura:
1278 4518 1530 4585 appellat.

2076 2023 2435 2081 principium.

2151 2100 2409 2157 Socrates
2436 2098 2646 2171 Elbagli
2677 2097 2794 2155 sive
2824 2093 3211 2167 Sophronisci,
3237 2100 3292 2149 et
3320 2091 3661 2148 thnaretae

2078 2192 2395 2250 obstetricis
2447 2190 2633 2257 ﬁlius,
2689 2186 2918 2245 moralis
2967 2186 3371 2258 philosophus,
3427 2197 3551 2252 quae
3591 2180 3663 2237 ad

2080 2300 2203 2343 sese
2230 2283 2508 2356 pertinent
2541 2281 2723 2337 solum
2754 2278 2966 2335 homini
2999 2275 3333 2348 inquirenda
3360 2273 3523 2340 dixit,
3564 2286 3663 2327 ne.

2080 2391 2188 2449 que
2210 2381 2477 2447 praeterea
2500 2371 2822 2444 quidquam.

2097 2516 2103 2522 .
2152 2464 2493 2539 Pherecydes
2514 2478 2735 2537 quoque
2762 2470 2965 2519 terram
2991 2460 3250 2517 omnibus
3274 2458 3514 2529 priorem
3538 2470 3664 2515 esse

2082 2560 2315 2617 deﬁniit.
2708 2596 2709 2599 η

2151 2650 2490 2724 Pythagoras
2523 2648 2744 2705 Samius
2776 2645 3089 2703 Mnesarcbi
3132 2644 3301 2705 ﬁlius,
3341 2642 3513 2699 Deum
3543 2655 3667 2699 esse

2082 2743 2377 2800 monadem
2447 2741 2724 2806 asseruit,
2775 2754 2956 2814 neque
3013 2737 3315 2809 quidquam
3378 2735 3499 2792 sine
3546 2734 3669 2805 ipsa

2083 2835 2434 2907 productum.
2459 2833 2704 2906 Negabat
2727 2834 2835 2889 diis
2858 2848 2983 2890 csse
3005 2832 3264 2887 animalia
3282 2826 3665 2892 sacriﬁcanda,

2085 2936 2180 2984 aut
2206 2928 2466 2984 animatis
2488 2926 2844 2990 vescendum,
2897 2940 2962 2981 ac
3008 2941 3076 2981 ne
3126 2923 3283 2979 fabas
3319 2921 3538 2992 quidem
3574 2934 3668 2974 co—

2086 3020 2419 3086 medendas,
2477 3034 2658 3089 neque
2700 3018 2817 3073 vini
2866 3025 3055 3088 potum
3111 3013 3456 3084 sapientibus
3512 3009 3675 3064 aditi-

2085 3111 2324 3167 bendum
2354 3109 2607 3181 putabat.
2646 3106 2794 3163 Idem
2825 3122 2949 3178 quae
2987 3104 3129 3160 infra
3171 3104 3356 3158 lunam
3379 3108 3530 3163 sunt,
3566 3114 3668 3171 pa-

2085 3205 2261 3260 tibilia
2282 3219 2406 3261 esse
2433 3203 2652 3259 dicebat
2677 3201 2900 3266 omnia;
2928 3200 3215 3270 superiora
3241 3213 3369 3253 vero
3394 3196 3506 3268 pati
3531 3194 3679 3250 nihii-

2089 3312 2271 3368 posse.
2304 3296 2387 3350 Ad
2418 3297 2534 3350 haec
2565 3294 2803 3348 animam
2834 3293 2988 3348 varia
3024 3291 3080 3345 in
3110 3289 3371 3345 animalia
3407 3287 3674 3348 transire,
3700 3344 3709 3350 _

2087 3390 2221 3445 Item
2248 3388 2538 3459 discipulis
2565 3389 2682 3444 suis
2706 3384 3119 3457 quinquennale
3144 3382 3422 3438 silentium
3459 3378 3671 3437 indice-

2088 3482 2214 3546 bat;
2248 3487 2527 3551 postremo
2573 3478 2734 3535 deum
2766 3492 2890 3534 sese
2916 3476 3207 3531 nominare
3236 3488 3408 3529 ausus
3436 3479 3584 3534 εει.Δ

2157 3568 2854 3642 XenophanesOrthumeni
2874 3567 3039 3634 ﬁlius,
3054 3565 3450 3637 Colophonius.
3469 3579 3501 3619 e
3523 3569 3671 3619 terra
3706 3598 3709 3601 -

2088 3675 2145 3720 et
2189 3678 2331 3734 aqua
2364 3668 2668 3734 prOpagata
2713 3677 2839 3718 esse
2866 3661 3004 3716 dixit
3030 3662 3246 3726 omnia;
3297 3674 3477 3730 neque
3506 3657 3672 3725 quid-

2090 3768 2254 3825 quam
2310 3751 2369 3807 in
2405 3751 2517 3805 uila
2567 3766 2630 3806 re
2679 3751 2928 3808 veritatis
2983 3751 3208 3806 inesse:
3261 3750 3343 3805 sic
3401 3749 3673 3805 incertum

2091 3845 2449 3914 ignotumque
2501 3857 2689 3898 verum
2746 3857 2911 3899 esse:
2976 3842 3162 3913 opinio
3214 3856 3389 3909 vero,
3448 3842 3671 3911 inquit,

2090 3938 2298 4010 ubique
2322 3943 2599 4001 versatur,
2632 3937 2938 4007 praesertim
2983 3936 3034 3989 in
3065 3935 3341 3993 obscuris.

2092 4110 2253 4151 nemo
2282 4094 2497 4151 facilius
2526 4111 2698 4164 neque
2721 4093 3185 4165 elegantiusdixit
3213 4092 3341 4162 quid
3363 4092 3503 4163 apud
3526 4091 3675 4145 Ana-

2094 4181 2352 4238 xagoram
2387 4165 2963 4238 fuerit_6poto_p§pewt.

2165 4232 2279 4308 ('40)
2331 4232 2632 4308 ᾊθηναῖοξ
2677 4232 2873 4304 δὲῆν.
2905 4235 3299 4308 Atheniensem
3343 4232 3675 4287 Archelaum

2102 4304 2310 4361 faciunt
2346 4305 2598 4360 Laertius
2661 4314 2825 4375 atque
2899 4304 3121 4360 Suidas.
3193 4304 3424 4360 Constat
3462 4312 3673 4375 _tamen

2098 4377 2365 4432 Milesium
2397 4376 2586 4441 fuisse,
2621 4384 2675 4431 et
2698 4372 3034 4446 Anaxagorae
3061 4376 3414 4446 discipulum.
3445 4372 3677 4446 Athenis

2096 4456 2278 4502 tamen
2311 4447 2553 4502 scholam
2602 4448 2794 4517 patria:
2822 4444 3089 4516 pertaesus
3130 4444 3433 4517 transtulit,
3494 4444 3677 4512 ibique

2098 4520 2247 4573 viros
2276 4518 2575 4572 clarissimi
2607 4516 3164 4573 nominisauditores
3200 4516 3405 4578 habuit,
3447 4523 3501 4569 et
3540 4529 3680 4580 prae-

482 4586 595 4661 (56)
638 4577 1020 4661 kraEIItémc
1052 4591 1086 4642 ὁ
1116 4587 1239 4661 Δτοῦ
1279 4577 1687 4656 Εὗρυστάτου.
1730 4587 1896 4644 Corn.
1927 4605 1987 4645 ex

2099 4590 2260 4661 cipue
2300 4586 2601 4661 Socratem,
2637 4603 2685 4661 a.
2713 4603 2822 4657 quo
2851 4602 3051 4641 nomen
3097 4577 3404 4661 desumpsit
3434 4577 3679 4661 philoso-

413 4655 654 4731 Lae_r_tio,
668 4730 671 4731 ν
686 4655 1094 4731 Εὐρυστράτου.
1111 4657 1322 4731 PETAV.

483 4725 596 4788 (57)
622 4728 732 4781 Καὶ
757 4725 941 4795 ἁύτύξν
966 4728 1282 4795 Μιλήσιος.
1315 4727 1712 4784 Anaximandri
1740 4729 1993 4797 auditor;

415 4797 519 4871 fuit
546 4807 725 4851 autem
750 4799 892 4854 ﬁlius
922 4800 1251 4870 Eurystrati,
1274 4815 1384 4871 non
1419 4800 1717 4871 Enrystati,
1752 4801 1829 4853 uti
1858 4801 1998 4857 bene

413 4868 482 4923 ad
507 4868 649 4922 hunc
679 4870 862 4923 locum
891 4868 1274 4924 animadvertit
1295 4868 1571 4926 Petavius.

492 4939 603 5011 (58)
648 4939 702 5011 ὀ
736 4937 1148 5011 Κλαζομένιος.
1177 4939 1523 5011 Clazomenis
1559 4940 1846 5003 nimirum,
1876 4957 1998 5011 qum

417 5009 583 5082 Ioniae
614 5009 769 5082 urbs
795 5009 898 5064 fuit
933 5011 1198 5082 celebris.
1230 5019 1423 5082 natus.
1464 5010 1687 5081 Spectat
1730 5009 1907 5082 igitur
1931 5026 1998 5066 eo

418 5080 640 5151 nomine
667 5088 721 5151 ct
748 5080 1106 5151 Anaxagoras
1137 5080 1205 5135 ad
1228 5080 1468 5136 lonicam
1508 5080 1716 5137 sectam
1742 5080 1772 5149 ;’
1785 5089 1998 5151 spectat

418 5148 1074 5223 quodet_Anaximcnem
1105 5151 1365 5223 habuerit
1391 5160 1805 5223 praeceptorem.

493 5219 606 5289 (59)
639 5219 756 5285 Τὰς
813 5222 1206 5290 ὀμοιομερίας.
1268 5219 1410 5278 Male
1462 5219 1802 5291 interpretati
1870 5232 2000 5277 sunt

418 5291 795 5363 similitudines
832 5302 1089 5359 partium.
1119 5293 1315 5363 Cicero
1361 5296 1482 5348 loco
1534 5294 1695 5362 paulo
1742 5295 1999 5363 superius

419 5378 447 5434 a
472 5363 631 5416 nobis
663 5361 922 5434 indicato,
940 5361 1320 5434 ὀμοιομέρειαν
1346 5361 1582 5434 appellat
1600 5372 1773 5430 partes
1799 5361 1998 5419 similes

421 5433 559 5486 Elter
589 5448 682 5497 se;
711 5431 858 5500 quod
890 5431 992 5487 nec
1032 5431 1208 5487 reddit
1241 5431 1431 5489 veruin
1454 5431 1656 5489 Graecae
1691 5435 1843 5487 vocis
1875 5450 2000 5489 sen-

422 5519 568 5559 suln.
600 5503 970 5573 Aliiiobscura
995 5519 1094 5573 nec
1120 5502 1314 5559 Latina
1341 5519 1476 5560 voce
1498 5506 1690 5559 dicunt
1717 5514 1895 5573 partes
1927 5507 2000 5558 si-

420 5573 657 5628 milares.
683 5572 791 5628 Nec
815 5573 1013 5627 mirum
1033 5591 1047 5641 ;
1064 5572 1293 5629 Latinus
1317 5589 1497 5630 sermo
1526 5575 2002 5629 animadversione

420 5642 684 5708 Lucretii,
729 5645 824 5698 lib.
859 5660 891 5698 v
922 5643 999 5697 De
1058 5660 1235 5698 rerum
1276 5657 1494 5710 natura,
1528 5661 1660 5700 voce
1710 5653 1860 5699 caret
1893 5661 1998 5715 qua

418 5715 807 5786 ὁμοιομερείας
859 5730 1082 5770 sensum
1132 5715 1421 5784 exprimat.
1456 5714 1715 5770 Nostrum
1748 5731 1856 5769 non
1893 5714 1997 5779 est,

425 5798 527 5838 nec
556 5785 671 5857 luci
692 5788 1003 5857 praesentis.
1032 5794 1277 5841 veterum
1303 5786 1750 5857 philosophorum
1786 5788 2000 5857 opinio-

428 5867 523 5909 nes
553 5855 866 5927 explanare.
908 5856 1153 5913 Adeatur
1192 5857 1311 5938 loco
1341 5859 1510 5914 citato
1542 5855 1853 5926 Lucretius,
1890 5873 1999 5929 quo
2024 5888 2049 5911 κ

2102 4654 2259 4730 pliica
2273 4666 2420 4714 secta
2438 4656 2717 4730 Socratica
2732 4654 3067 4730 nuncupata.
3082 4656 3164 4708 An
3177 4654 3365 4730 revera
3380 4654 3683 4710 Archelaus

2100 4726 2301 4785 terram
2340 4729 2582 4796 posuerit
2611 4744 2793 4783 rerum
2829 4727 3072 4781 omnium
3108 4726 3461 4797 principium,
3493 4731 3547 4780 et
3570 4739 3678 4794 quo

2100 4815 2286 4863 sensu,
2324 4799 2589 4854 incertum
2620 4807 2723 4854 est.

2172 4870 2284 4939 (41)
2312 4868 2549 4924 Barbara
2568 4885 2705 4925 .vox.
2725 4898 2795 4908 --
2825 4866 2961 4939 Reg.
3007 4866 3334 4936 Ἑμάλγλου,
3358 4865 3567 4939 Psrxv.

2173 4935 2283 5011 (49)
2318 4941 2783 5011 Σωφρονίσκου.
2799 5008 2811 5011 Α
2828 4935 3281 5011 Spphrqniscum,
3336 4935 3681 5007 professione

2102 5006 2450 5080 lapidarium,
2472 5006 2760 5080 parentem
2798 5006 2991 5063 habuit
3011 5006 3298 5080 _Socral.es.

2172 5080 2283 5152 (45)
2315 5074 2672 5148 Φερὲῦὶύὸης.
2708 5077 2861 5152 [Ilum
2902 5077 3228 5152 crediderim
3278 5076 3573 5152 memorari
3603 5074 3677 5152 ibi

2101 5145 2466 5221 Pherecydem
2498 5145 2659 5219 gente
2714 5148 2934 5221 Syrum,
2981 5148 3128 5221 quod
3173 5163 3239 5202 ex
3274 5145 3453 5217 Syro,
3468 5162 3582 5221 una
3611 5146 3680 5221 de

2101 5217 2429 5292 Cycladibus
2455 5217 2656 5282 insula,
2701 5217 2771 5292 sii
2813 5219 3107 5292 oriundus.
3137 5226 3325 5271 natum
3367 5217 3679 5271 testimonio

2104 5289 2287 5362 surda:
2315 5293 2462 5345 circa
2492 5291 2852 5362 Olympiadem
2886 5306 3009 5362 xcv,
3042 5289 3156 5342 sive
3188 5302 3362 5362 annos
3388 5295 3678 5342 sexcentos

2103 5370 2229 5416 ante
2252 5360 2532 5415 Christum
2552 5359 2781 5422 'natum,
2811 5360 3129 5430 Pythagora:
3154 5359 3495 5430 magistrum.

2174 5433 2289 5503 (44)
2307 5430 2710 5503 Κολοφώνιος.
2739 5426 3338 5503 Colophone‘nimirum
3356 5426 3517 5503 lonia:
3544 5426 3679 5503 urbe

2102 5496 2285 5558 natus.
2306 5502 2363 5555 In
2392 5496 2598 5556 Italiam
2615 5496 2893 5570 navigans
2911 5498 3409 5570 deindeLnarrante
3436 5496 3677 5570 Laertia,

2102 5571 2631 5644 Pythagorgtennit
2670 5564 2913 5626 scholam
2949 5578 3072 5639 post
3088 5564 3405 5644 _'\l‘elaugemA
3442 5567 3681 5644 ﬁliusﬁ-

2104 5638 2237 5699 lium
2263 5638 2363 5707 ;'et
2391 5640 2645 5697 Eleaticze
2671 5638 2991 5710 secumque:
3019 5657 3047 5693 a
3088 5638 3441 5709 Pythagoreis
3473 5639 3529 5691 in
3552 5638 3680 5691 Elea

2105 5716 2221 5771 sive
2260 5712 2435 5769 Velia.
2470 5711 2675 5782 Magna:
2713 5712 2934 5766 Graeciae
2984 5710 3141 5782 urbe,
3167 5716 3292 5782 'orta
3333 5716 3680 5782 cs_t,_parens

2104 5784 2337 5842 exstitit.
2394 5777 2686 5836 Auditores
2746 5783 2957 5845 habuit,
2990 5781 3081 5851 qui
3131 5777 3395 5851 hic_apud
3446 5777 3681 5850 Epipha-

2105 5857 2257 5914 nium
2284 5861 2607 5927 sequuntur,
2642 5848 3022 5910 Parmenidem
3049 5859 3213 5922 atque
3232 5848 3531 5908 Zenonem.
