4118 6402
441 281 538 344 Ἰ91

1867 296 1922 350 S.
1969 295 2332 356 EPIPIIANII-

3615 305 3724 366 m

515 407 872 463 Parmenides
891 406 1102 478 Pyretis
1121 405 1286 470 ﬁlius,
1307 409 1478 478 patria
1497 407 1734 472 Eleates,
1751 409 2023 466 inﬁnitum

2205 415 2548 488 Παρμενίδης
2581 419 2608 471 6
2649 417 2742 470 τοῦ
2768 415 3017 490 Πύρητος
3045 459 3060 484 ,
3103 417 3166 472 τὸ
3212 417 3366 486 γένος
3423 417 3722 492 Ἐλεάτης,

445 499 628 556 aiebat
665 501 909 553 omnium
949 513 1132 554 rerum
1161 513 1286 555 esse
1317 501 1671 570 principium.

515 589 662 646 Zeno
697 590 910 646 Eleates
959 589 1231 646 Eristicus
1281 591 1396 646 sive
1423 591 1852 656 Contentiosus,
1907 607 2030 647 eum

442 683 630 738 eadem
671 683 843 736 altero
880 697 1003 736 cum
1055 681 1275 738 Zenone
1325 685 1630 751 sentiebat;
1675 693 1788 740 tum
1829 686 2032 740 immo—

443 775 606 829 bilem
635 789 757 830 esse
805 782 1006 830 terram
1029 815 1043 838 ,
1073 789 1176 830 nec
1220 779 1434 830 inanem
1467 777 1638 832 ullum
1678 793 1800 833 esse
1827 777 2028 832 locum.

447 865 586 939 Ergo
619 868 691 922 ita
735 867 1084 938 disputabat:
1119 867 1394 940 Quidquid
1431 879 1680 926 movetur
1704 913 1719 936 ,
1754 879 1847 926 aut
1881 874 1934 926 in
1967 889 2033 926 eo

445 964 499 1016 in
527 977 634 1032 quo
673 969 758 1017 est
790 963 909 1016 loco
937 971 1209 1028 movetur,
1237 971 1331 1018 aut
1365 965 1418 1018 in
1449 981 1560 1035 quo
1587 979 1696 1020 non
1725 971 1830 1020 est.
1865 965 2030 1036 Atqui

447 1070 546 1109 nec
577 1055 630 1109 in
675 1069 786 1126 quo
813 1055 953 1112 inest
979 1057 1123 1120 loco,
1169 1073 1269 1112 nec
1301 1057 1354 1112 in
1377 1074 1485 1128 quo
1525 1075 1633 1112 non
1664 1059 1827 1126 inest,
1853 1075 2032 1116 move-

445 1155 554 1201 tur.
594 1145 742 1202 Nihil
774 1147 942 1218 igitur
975 1157 1249 1204 movetur.

515 1239 764 1296 Melissus
784 1239 1056 1312 lthagenis
1073 1239 1236 1308 ﬁlius,
1261 1241 1500 1306 Samius,
1519 1259 1690 1299 unum
1711 1259 1833 1302 esse
1850 1244 2034 1301 definit

447 1333 666 1385 omnia:
717 1347 892 1401 neque
935 1332 1236 1402 quidquam
1293 1333 1348 1388 in
1379 1343 1576 1389 natura
1609 1349 1735 1391 esse
1771 1345 2034 1392 constans

446 1433 538 1477 aut
579 1431 922 1494 perpetuum,
954 1425 1048 1480 sed
1077 1427 1260 1480 omnia
1293 1427 1341 1480 vi
1375 1443 1497 1482 esse
1527 1429 1931 1498 corruptibilia.

519 1515 825 1586 Leucippus
888 1515 1168 1581 Milesius,
1227 1517 1467 1574 Eleatem
1523 1521 1612 1574 alii
1665 1520 1908 1588 faciunt,
1965 1537 2032 1578 ex

449 1607 808 1664 Eristicorum
836 1624 1032 1680 grege,
1075 1610 1392 1666 universum
1447 1611 1501 1665 in
1557 1611 1772 1666 inﬁnito
1823 1614 2030 1668 versari

449 1701 656 1756 docuit.
701 1699 874 1755 Porro
931 1702 1114 1755 omnia
1151 1701 1266 1756 sola
1297 1702 1480 1772 specie
1525 1709 1580 1756 et
1609 1703 1866 1772 opinione
1894 1719 2033 1758 con-

449 1799 634 1855 stare,
671 1792 895 1847 veritate
949 1791 1067 1862 ipsa
1122 1793 1290 1858 nihil;
1331 1793 1426 1848 sed
1467 1809 1734 1864 apparere
1772 1795 1847 1848 ita
1891 1798 2030 1851 dun—

449 1893 619 1946 taxat,
659 1883 888 1954 perinde
915 1897 980 1938 ac
1021 1899 1205 1939 remus
1241 1885 1298 1938 in
1332 1900 1530 1955 aquam
1565 1885 1872 1942 demersus.

523 1977 741 2046 1088
795 1975 1137 2032 Democritus
1187 1975 1498 2048 Damasippi
1550 1978 1716 2044 ﬁlius,
1750 1978 2030 2042 Abderita,

451 2069 714 2123 mundum
742 2069 1014 2124 inﬁnitum
1043 2069 1349 2132 constituit,
1367 2083 1429 2124 ac
1447 2083 1614 2140 supra
1644 2069 1805 2125 inane
1827 2071 2030 2142 posuit.

449 2163 718 2217 Praeterea
781 2177 948 2215 unum
1007 2176 1130 2217 esse
1189 2163 1350 2216 linem
1402 2163 1696 2230 omnium,
1757 2171 1812 2218 et
1864 2163 2034 2218 animi

453 2253 900 2322 tranquillitatem
935 2255 1202 2324 optimum
1239 2269 1360 2308 esse
1392 2293 1406 2314 ,
1454 2253 1672 2308 dolores
1726 2269 1856 2309 vero
1907 2255 2033 2308 mali

451 2345 631 2399 omnis
687 2346 952 2399 terminos
997 2344 1255 2399 asseruit.
1318 2344 1474 2410 Quod
1521 2345 1733 2415 justum
1793 2347 2034 2412 videtur,

455 2447 798 2504 nequaquam
857 2449 980 2489 esse
1025 2435 1277 2505 justum:
1331 2435 1596 2506 injustum
1645 2451 1778 2491 vero
1825 2445 2037 2491 natura:

451 2543 576 2584 esse
627 2528 986 2582 contrarium.
1055 2529 1168 2582 Ιιιιο
1220 2544 1352 2584 vero
1407 2530 1708 2600 pessimum
1752 2529 2033 2584 inventum

455 2623 598 2690 leges
637 2620 980 2690 appellabat,
1041 2635 1144 2675 nec
1193 2621 1260 2676 iis
1307 2635 1500 2690 parere
1529 2621 1833 2690 sapientem
1871 2635 2036 2692 opor-

455 2721 594 2774 tere.
627 2711 722 2766 sed
755 2711 808 2766 in
849 2727 1064 2766 summa
1096 2713 1342 2766 libertate
1377 2712 1576 2767 vivere.

523 2803 868 2862 Metrodorus
905 2803 1076 2860 Chius
1111 2805 1246 2858 nihil
1283 2821 1313 2860 a
1359 2819 1634 2876 quoquam
1673 2803 1800 2860 sciri
1838 2803 2031 2858 voluit.

454 2895 654 2953 Verum
677 2937 694 2962 ,
723 2897 903 2968 inquit
927 2937 940 2960 ,
969 2911 1092 2968 quae
1127 2913 1291 2954 nosse
1321 2897 1600 2960 videmur,
1639 2903 1894 2952 accurate
1925 2911 2032 2950 non

453 2989 806 3061 intelligimus
833 3007 844 3042 :
887 3005 1064 3060 neque
1095 2989 1350 3045 sensibus
1377 2989 1686 3043 adhibenda
1739 2987 1874 3043 lides
1901 2996 1987 3043 est
2017 3007 2030 3041 :

454 3083 638 3138 omnia
665 3085 868 3154 quippe
893 3083 1152 3152 Opinione
1184 3087 1463 3136 constant.

525 3171 854 3244 Protagoras
895 3173 1174 3229 Menandri
1217 3173 1380 3238 ﬁlius,
1427 3171 1705 3236 Abderita,
1748 3169 1880 3226 deos
1913 3185 2036 3224 esse

455 3268 709 3338 negabat,
740 3283 802 3324 ac
827 3269 1170 3323 divinitatem
1197 3283 1415 3324 omnem
1445 3267 1692 3323 funditus
1719 3266 1962 3320 tollebat.

525 3357 793 3431 Diogenes
827 3359 1164 3430 Stnyrnazus,
1198 3361 1304 3423 vel,
1361 3367 1421 3414 ut
1461 3359 1550 3412 alii
1599 3357 1790 3412 volunt
1815 3397 1830 3422 ,
1865 3355 2034 3427 Cyre-

457 3465 630 3516 naeus,
666 3451 908 3506 eamdem
945 3467 1072 3504 cum
1105 3449 1403 3521 Protagora
1433 3451 1745 3521 opinionem
1793 3449 1992 3503 tenuit.

533 3539 745 3612 Pyrrho
778 3541 1072 3604 Elidensis.
1111 3543 1359 3599 collectis
1398 3543 1452 3597 in
1503 3557 1671 3597 unum
1709 3541 2036 3611 sapientium

457 3637 702 3691 omnium
743 3635 1124 3706 dogmatibus,
1176 3635 1584 3690 confutationes
1651 3649 1841 3690 eorum
1901 3635 2041 3690 scri-

460 3731 606 3799 psit:
637 3737 692 3783 et
727 3727 935 3784 eversis
981 3727 1198 3782 illorum
1249 3728 1638 3798 opinionibus,
1677 3728 1882 3782 nullam
1921 3743 2038 3782 ain-

461 3823 653 3892 plexus
681 3829 784 3875 est.

533 3913 886 3984 Empedocles
906 3911 1139 3969 Hetonis
1163 3913 1328 3980 ﬁlius,
1355 3914 1764 3985 Agrigentinus,
1791 3913 1970 3984 ignem
1989 3921 2042 3969 et

457 4015 660 4062 terram
695 4013 750 4061 et
779 4021 978 4076 aquam
1015 4013 1070 4060 et
1107 4020 1289 4061 aerem
1321 4016 1558 4076 quatuor
1585 4021 1710 4062 esse
1743 4005 1920 4076 prima
1957 4007 2040 4061 di-

465 4099 540 4153 xit
565 4097 857 4161 elementa,
889 4105 1050 4168 atque
1090 4099 1434 4152 inimicitiam
1464 4099 1750 4153 elementis
1785 4099 2041 4154 omnibus

463 4192 720 4262 priorem.
783 4187 1065 4259 Siquidem
1121 4190 1280 4244 initio
1348 4201 1599 4261 separata
1655 4205 1719 4244 ac
1777 4191 2040 4246 distracta

461 4289 653 4347 erant,
701 4283 914 4351 inquit,
975 4281 1190 4346 omnia;
1227 4297 1374 4336 nunc
1433 4283 1486 4336 in
1544 4299 1712 4337 unum
1747 4283 2041 4352 conjuncta

460 4379 628 4436 sunt,
661 4371 949 4426 conciliata
998 4371 1266 4432 invicem,
1323 4381 1378 4424 et
1411 4373 1584 4426 amica
1623 4371 1854 4427 reddita.
1897 4372 2043 4438 Quo-

2139 510 2231 564 καὶ
2263 509 2424 574 αὐτὸς
2447 509 2508 562 τὸ
2537 511 2766 582 ἄπειρον
2794 509 2977 578 ἔλεγεν
3011 510 3182 582 ἀρχὴν
3205 511 3312 564 τῶν
3351 511 3586 566 πάντων.

2205 603 2388 670 Ζήνων
2415 604 2442 655 6
2485 601 2740 674 Ἐλεάτης
2767 605 2794 655 6
2839 601 3160 675 Ἐριστικὸς,
3197 605 3285 656 ἴσα
3313 603 3390 672 τῷ
3421 603 3590 674 ἑτέρῳ
3615 605 3722 676 Ζή-

2133 711 2284 760 νωνι,
2318 695 2412 748 καὶ
2442 695 2538 766 τὴν
2561 695 2667 764 γῆν
2699 695 2956 766 ἀκίνητον
2987 695 3135 763 λέγει
3159 738 3172 752 .
3201 697 3298 748 καὶ
3330 695 3533 766 μηδένα
3559 696 3724 748 τόπον

2135 785 2294 838 κενὸν
2331 783 2489 840 εἶναι.
2543 787 2652 840 Καὶ
2697 787 2845 856 λέγει
2893 785 3098 850 οὕτως’
3143 787 3216 840 Τὸ
3263 788 3580 858 κινούμενον
3611 787 3720 856 (45)

2133 877 2252 948 ἦτοι
2291 879 2348 930 ὲν
2405 871 2448 946 ᾧ
2499 880 2614 932 ἐστι
2655 881 2804 950 τόπῳ
2851 883 3102 942 κινεῖται,
3154 881 3186 952 ἦ
3249 883 3307 932 ἐν
3345 875 3390 948 ᾧ
3443 881 3542 933 οὐκ
3585 879 3718 932 ἐστι’

2137 969 2231 1020 καὶ
2263 967 2387 1022 οὔτε
2423 971 2483 1022 ὲν
2519 961 2564 1038 ᾧ
2596 971 2709 1023 ἐστι
2760 971 2908 1042 τόπῳ
2943 973 3212 1036 κινεῖται,
3250 971 3374 1025 οὔτε
3425 973 3482 1024 ὲν
3529 965 3574 1040 ᾧ
3619 971 3720 1026 οὐκ

2135 1059 2284 1112 ἐστιν
2311 1077 2322 1090 ·
2371 1061 2472 1113 οὐκ
2502 1061 2609 1132 ἄρα
2635 1079 2688 1115 τι
2714 1065 2965 1116 κινεῖται.

2205 1257 2478 1323 Μέλισσος
2529 1259 2558 1314 6
2589 1257 2680 1313 τοῦ
2727 1257 3031 1328 Ἰθαγενοῦς
3057 1301 3072 1322 ,
3105 1259 3308 1332 Σάμιος
3340 1258 3400 1312 τὸ
3437 1258 3628 1328 γένος,
3661 1258 3720 1312 ἓν

2134 1349 2196 1402 τὸ
2219 1351 2324 1403 πᾶν
2349 1349 2450 1421 ἔφη
2479 1345 2647 1416 εἶναι,
2687 1349 2855 1422 μηδὲν
2887 1351 2944 1404 δὲ
2976 1349 3193 1420 βέϐαιον
3229 1349 3494 1420 ὑπάρχειν
3521 1351 3586 1420 τῇ
3615 1347 3714 1416 φύε

2138 1458 2219 1494 σει
2239 1481 2252 1505 ,
2287 1441 2422 1494 ἀλλὰ
2449 1441 2624 1495 πάντα
2652 1437 2790 1496 εἶναι
2827 1441 3043 1512 φθαρτὰ
3085 1441 3144 1492 ὲν
3165 1439 3412 1509 δυνάμει.

2205 1533 2518 1598 Λεύκιππος
2549 1537 2577 1588 6
2603 1535 2866 1604 Μιλήσιος
2887 1535 3000 1604 (46)
3027 1573 3040 1596 ,
3071 1532 3212 1585 κατὰ
3245 1531 3302 1584 δέ
3333 1548 3486 1594 τινας
3537 1529 3720 1582 Ἐλεά-

2135 1642 2270 1696 της,
2325 1625 2417 1677 καὶ
2461 1619 2613 1688 οὗτος
2643 1623 2944 1696 ἐριστικός,
2995 1625 3054 1676 ὲν
3095 1623 3309 1692 ἀπείρῳ
3349 1623 3443 1674 καὶ
3479 1614 3632 1683 οὗτος
3658 1620 3720 1672 τὸ

2139 1714 2245 1765 πᾶν
2277 1712 2380 1784 ἔφη
2423 1707 2561 1766 εἶναι
2586 1755 2600 1776 ,
2639 1711 2781 1765 κατὰ
2819 1712 3118 1780 φαντασίαν
3159 1711 3214 1764 δὲ
3264 1711 3358 1764 xui.
3397 1711 3618 1780 δόκησιν
3649 1709 3718 1762 τὰ

2137 1803 2314 1858 πάντα
2364 1803 2648 1872 γίνεσθαι,
2699 1804 2792 1858 καὶ
2834 1803 2998 1874 μηδὲν
3052 1801 3194 1856 κατὰ
3241 1801 3538 1874 ἀλήθειαν,
3600 1800 3716 1856 ἀλλ’

2135 1894 2278 1949 οὕτω
2309 1895 2594 1965 φαίνεσθαι
2621 1899 2760 1949 κατὰ
2782 1895 2879 1966 τὴν
2906 1898 2962 1949 ὲν
2987 1895 3063 1966 τῷ
3087 1893 3240 1948 ὕδατι
3271 1894 3484 1964 κώπην.

2205 1987 2544 2059 Δημόκριτος
2583 1988 2611 2039 6
2643 1987 2737 2040 τοῦ
2787 1987 3150 2058 Δαμασίππου
3171 2027 3186 2053 ,
3237 1985 3598 2064 Ἀϐδηρίτης,
3629 1984 3718 2038 τὸν

2135 2079 2340 2150 κόσμον
2379 2081 2604 2153 ἄπειρον
2633 2079 2767 2152 ἔφη.
2802 2081 2896 2134 καὶ
2927 2079 3066 2150 ὑπὲρ
3104 2077 3262 2132 κενοῦ
3291 2077 3527 2132 κεῖσθαι.
3573 2079 3718 2146 Ἔφη

2134 2171 2191 2225 δὲ
2225 2173 2319 2226 καὶ
2349 2172 2407 2226 ἓν
2440 2173 2590 2238 τέλος
2619 2169 2758 2226 εἶναι
2805 2172 2912 2225 τῶν
2943 2171 3162 2225 πάντων
3191 2213 3206 2236 ,
3235 2170 3330 2224 καὶ
3360 2167 3626 2239 εὐθυμίαν
3659 2168 3720 2221 τὸ

2136 2265 2427 2335 κράτιστον
2461 2261 2622 2330 εἶναι,
2661 2265 2760 2330 τὰς
2789 2265 2845 2318 δὲ
2873 2263 3048 2328 λύπας
3080 2265 3238 2336 ὅρους
3266 2263 3464 2325 κακίας
3491 2278 3504 2291 ⁸
3543 2261 3634 2315 καὶ
3661 2260 3720 2312 τὸ

2133 2355 2324 2413 δοκοῦν
2351 2359 2554 2413 δίκαιον
2601 2359 2700 2411 οὐκ
2742 2354 2883 2411 εἶναι
2910 2357 3116 2410 δίκαιον
3137 2373 3149 2386 ·
3179 2355 3363 2408 ἄδικον
3391 2354 3449 2406 δὲ
3479 2353 3540 2406 τὸ
3561 2354 3718 2405 ἐναντ-

2135 2451 2248 2504 τίον
2280 2452 2378 2522 τῆς
2431 2451 2676 2522 Quaem,"
2712 2451 2956 2503 ἐπίνοιαν
2989 2447 3098 2520 γὰρ
3147 2449 3324 2518 κακὴν
3368 2449 3496 2510 τοὺς
3521 2445 3718 2515 νόμους

2135 2545 2311 2614 ἔλεγε,
2333 2546 2426 2598 καὶ
2454 2545 2514 2598 οὐ
2551 2543 2658 2616 χρὴ
2689 2545 2874 2614 νόμοις
2907 2543 3224 2614 πειθαρχεῖν
3257 2541 3348 2594 τὸν
3373 2541 3556 2611 σοφὸν,
3582 2539 3716 2594 ἀλλὰ

2135 2635 2456 2707 ἐλευθερίως
2498 2635 2617 2706 ζῇν.

2205 2815 2567 2887 ὶὶητῴδωρος
2602 2819 2630 2869 6
2659 2817 2786 2879 Χῖος
2813 2816 2915 2886 ἔφη
2948 2815 3152 2887 μηδένα
3181 2814 3344 2886 μηδὲν
3371 2813 3714 2876 ἐπίστασθαι,

2136 2905 2271 2960 ἀλλὰ
2300 2905 2468 2959 ταῦτα
2502 2905 2534 2960 ἃ
2569 2906 2834 2975 δοκοῦμεν
2865 2906 3178 2975 γινώσκειν,
3211 2905 3452 2976 ἀκριϐῶς
3475 2905 3574 2957 οὑκ
3605 2905 3718 2956 ἐπι·

2139 2999 2403 3069 στάμεθα,
2439 2999 2558 3052 οὐδὲ
2583 3001 2702 3062 ταῖς
2733 2999 3013 3072 αἰσθήσεσι
3039 3000 3121 3052 δεῖ
3150 2997 3438 3071 προσέχειν
3461 3015 3473 3028 ·
3501 2998 3720 3068 δοκήσει

2062 3117 2104 3174 c
2139 3091 2247 3162 γάρ
2286 3093 2400 3144 ἐστι
2435 3091 2503 3144 τὰ
2533 3094 2728 3146 πάντα.

2214 3183 2584 3254 Πρωταγόρας
2627 3185 2655 3236 6
2703 3183 2798 3237 τοῦ
2831 3183 3140 3254 Μενάνδρου
3161 3223 3176 3246 ,
3230 3183 3548 3254 Ἀϐδηρίτης
3573 3224 3587 3248 ,
3615 3181 3720 3252 ἔφη

2143 3277 2216 3346 μὴ
2245 3273 2399 3336 θεοὺς
2427 3269 2564 3328 εἶναι
2597 3275 2705 3346 (47)
2731 3317 2745 3340 ,
2781 3277 2914 3346 μηδὲ
2943 3277 3076 3340 ὅλως
3097 3277 3228 3330 Θεὸν
3253 3275 3540 3348 ὑπάρχειν.

2211 3367 2466 3438 Διογένης
2509 3369 2538 3419 6
2575 3367 2900 3438 Σμυρναῖος,
2940 3368 3080 3422 κατὰ
3108 3367 3165 3422 δέ
3205 3387 3354 3432 τινας
3389 3369 3720 3440 Κυρηναῖος,

2141 3459 2207 3512 τὰ
2237 3459 2377 3512 αὐτὰ
2405 3459 2481 3530 τῷ
2509 3460 2850 3532 Πρωταγόρᾳ
2888 3461 3129 3527 ἐδόξασε.

2213 3549 2442 3622 Πύρρων
2465 3551 2571 3604 ἀπὸ
2600 3553 2834 3616 Ἤλιδος,
2859 3553 2968 3605 τῶν
2991 3553 3164 3607 ἄλλων
3189 3551 3370 3622 σοφῶν
3395 3551 3462 3606 τὰ
3477 3553 3724 3622 δόγματα

2143 3639 2464 3708 συναγαγὼν
2511 3641 2708 3702 πάντα,
2750 3641 3048 3706 ἀντιθέσεις
3082 3644 3263 3706 αὐτοῖς
3297 3642 3554 3714 ἔγραψεν,
3595 3643 3720 3697 ἁνα-

2140 3731 2357 3802 τρέπων
2399 3733 2499 3794 τὰς
2535 3732 2692 3798 δόξας
2736 3733 2934 3798 αὐτῶν,
2961 3735 3054 3788 καὶ
3091 3735 3266 3788 οὐδενὶ
3307 3734 3538 3806 δόγματι
3595 3735 3724 3806 ἠρέ-

2146 3839 2324 3877 σκετο.

2227 3915 2595 3990 Ἐμπεδοκλῆς
2627 3919 2655 3970 6
2683 3917 2776 3972 τοῦ
2811 3919 3084 3984 Μέτωνος,
3133 3921 3575 3990 Ἀκραγαντῖνος,
3613 3918 3726 3990 πῦρ

2142 4011 2235 4062 καὶ
2269 4009 2373 4078 γῆν
2404 4009 2498 4062 καὶ
2521 4009 2663 4080 ὕδωρ
2689 4013 2784 4063 καὶ
2807 4011 2946 4081 ἀέρα
2986 4012 3223 4083 τέτταρα
3251 4009 3572 4084 πρωτόγονα
3611 4014 3724 4065 εἰσ-

2141 4099 2306 4172 ἔφερε
2331 4103 2592 4172 στοιχεῖα,
2625 4103 2716 4156 καὶ
2763 4103 2949 4172 ἔλεγεν
2984 4103 3183 4174 ἔχθραν
3209 4105 3474 4176 ὑπάρχειν
3508 4105 3724 4177 πρῶτον

2141 4193 2250 4245 τῶν
2281 4195 2594 4264 στοιχείων·
2637 4195 2938 4266 κεχώριστο
2985 4195 3114 4268 γὰρ,
3144 4197 3298 4269 φησὶ.
3337 4197 3396 4250 τὸ
3437 4199 3724 4270 πρότερον,

2143 4287 2237 4340 νῦν
2271 4285 2328 4340 δὲ
2383 4287 2705 4357 συνήνωται,
2755 4288 2830 4352 ὡς
2871 4288 3043 4357 λέγει,
3101 4289 3406 4358 φιλωθέντα
3451 4289 3722 4358 ἀλλήλοις.

2145 4375 2250 4431 Δύο
2281 4374 2373 4432 οῦν
2403 4381 2510 4432 εἰσι
2545 4381 2666 4434 κατ’
2700 4381 2862 4434 αὐτὸν
2891 4381 3058 4452 ἁρχαὶ
3095 4382 3190 4434 καὶ
3215 4381 3504 4452 δυνάμεις,
3555 4382 3726 4454 ἔχθρα

459 4467 608 4521 circa
647 4465 757 4520 duo
809 4471 940 4521 sunt
975 4463 1126 4520 illius
1174 4466 1437 4536 opinione
1494 4466 1796 4536 principia,
1853 4467 2038 4536 visque

2147 4469 2240 4524 καὶ
2282 4471 2465 4540 φιλία·
2517 4465 2594 4526 ὧν
2636 4473 2668 4544 ή
2716 4472 2814 4544 μὲν
2861 4473 3010 4527 ἐστιν
3052 4473 3305 4545 ἑνωτικὴ,
3357 4475 3390 4544 ἡ
3439 4473 3496 4526 δὲ
3533 4473 3728 4544 διαχω-

462 4558 684 4626 duplex,
725 4555 1017 4611 inimicitia
1055 4563 1109 4611 et
1146 4555 1424 4622 amicitia;
1463 4571 1698 4627 quorum
1741 4557 1846 4610 ista
1874 4572 2043 4627 copu-

460 4649 634 4713 landi,
663 4651 754 4704 illa
783 4649 1073 4722 separandi
1103 4655 1374 4718 potestate
1413 4649 1664 4719 praedita.

533 4739 846 4796 Heraclitus
871 4739 1120 4794 Dlesonis
1143 4739 1307 4803 ﬁlius,
1335 4741 1623 4810 Ephesius,
1643 4741 1753 4812 igni
1778 4741 2044 4812 originem

464 4849 648 4890 rerum
691 4835 937 4889 omnium
988 4833 1322 4897 aseribebat,
1356 4833 1412 4886 in
1451 4834 1814 4904 eumdemque
1848 4835 2046 4890 resolvi

466 4921 693 4992 putabat
721 4923 925 4977 omnia.

536 5101 650 5171 (45)
690 5101 760 5156 Τὸ
789 5103 1166 5173 κινούμενον,
1194 5111 1299 5173 etc.
1324 5099 1468 5158 Bella
1493 5100 1737 5171 profecto
1762 5115 2052 5173 argumen-

469 5177 623 5242 tatio,
659 5180 714 5226 et
747 5172 868 5226 viro
905 5173 1233 5242 philosopho
1265 5172 1465 5242 digna!

539 5241 653 5314 (46)
695 5242 759 5296 '0
780 5240 1105 5314 Μιλήσιος.
1125 5240 1254 5297 Non
1283 5240 1502 5314 invenio
1525 5241 1862 5312 Leucippum
1893 5253 2055 5314 gente

471 5310 741 5368 Milesium
773 5313 978 5368 fuisse:
1033 5313 1124 5366 alii
1173 5315 1372 5383 ipsum
1399 5311 1639 5368 Eleatem
1689 5310 1919 5376 faciunt,
1963 5317 2052 5368 alii

467 5383 887 5444 Abderitamnn,
935 5384 1024 5438 alii
1067 5381 1308 5438 Melinm.
1343 5381 1675 5438 Consulatur
1707 5383 1981 5438 Laertius.

540 5453 653 5523 (47)
684 5451 802 5506 Non
833 5455 969 5524 satis
999 5463 1236 5518 constat,
1267 5468 1335 5506 an
1363 5451 1693 5524 Protagoras
1720 5455 1852 5508 deos
1886 5469 2054 5524 nega-

469 5522 632 5588 Verit,
666 5537 859 5578 necne.
896 5522 1192 5593 Negavisse
1212 5523 1494 5579 credidere
1532 5522 1776 5578 veterum
1815 5522 2054 5591 plurii'ni,

470 5594 616 5660 quod
648 5593 845 5648 librum
884 5593 961 5648 De
993 5595 1097 5647 dtis
1127 5610 1249 5650 eum
1295 5595 1716 5662 composuisset,
1764 5596 1909 5649 illius
1953 5595 2058 5648 ini-

475 5663 616 5733 tium
635 5662 848 5728 fecerit,
873 5673 932 5720 ut
971 5673 1056 5720 est
1081 5667 1222 5733 apud
1252 5663 1544 5718 Eusebium
1575 5663 1873 5733 Prwparat.
1910 5683 2060 5718 evan-

475 5681 605 5716 uum
635 5681 848 5728 recent,
873 5681 932 5720 nt
971 5681 1056 5720 eSt
1081 5681 1110 5717 a
1153 5681 1222 5718 ua
1252 5681 1544 5718 Lusemum
1575 5681 1873 5733 rrwparat.
1910 5683 2055 5718 evan-

475 5730 572 5796 σει.
608 5732 705 5788 lib.
737 5749 845 5800 xtv,
883 5751 1000 5806 cap.
1035 5737 1084 5790 1:
1115 5681 1225 5788 ἕιεγ
1255 5736 1330 5798 ὡς
1356 5735 1512 5802 εἰσιν,
1547 5733 1644 5788 εἴθ’
1671 5735 1745 5798 ὡς
1778 5736 1874 5789 οὐκ
1903 5738 2055 5804 εἰσιν,

2147 4561 2382 4632 ριστική.

2231 4743 2608 4814 Ἡράκλειτος,
2650 4747 2678 4798 6
2723 4742 2819 4798 τοῦ
2855 4743 3150 4808 Βλέσωνος,
3195 4741 3460 4813 Ἐφέσιος,
3511 4747 3574 4797 ἐκ
3627 4759 3732 4795 πυ-

2151 4836 2242 4907 ρὸς
2280 4837 2434 4907 ἔλεγε
2454 4839 2522 4892 τὰ
2555 4837 2732 4890 πάντα
2758 4832 2917 4902 εἶναι,
2952 4837 3046 4890 καὶ
3075 4837 3156 4899 εἰς
3187 4833 3298 4906 πῦρ
3325 4835 3488 4888 πάλιν
3511 4833 3728 4888 ἀναλύε-

2152 4929 2296 4981 σθαι.

2152 5103 2250 5156 el’ﬁ‘
2274 5101 2601 5168 ὁποῖοί-τινες
2619 5103 2779 5162 ἰδέαν,
2795 5113 2926 5166 etc.,
2945 5102 3088 5171 quod
3111 5102 3324 5156 initium
3353 5103 3566 5164 Cicero.
3583 5103 3677 5156 lib.
3711 5118 3726 5156 l

2153 5173 2232 5228 De
2255 5187 2367 5227 nat.
2403 5176 2642 5234 deorum,
2674 5173 2864 5228 Latine
2909 5173 2982 5226 ita
3023 5173 3350 5233 reddiderat,
3391 5173 3470 5226 De
3501 5174 3606 5227 diis
3635 5191 3727 5227 ne—

2153 5261 2250 5312 que
2279 5253 2338 5296 ut
2372 5247 2499 5304 sint.
2531 5260 2692 5312 neque
2726 5257 2784 5295 tu
2815 5259 2918 5295 non
2948 5245 3075 5303 sint,
3105 5242 3267 5297 habeo
3289 5245 3480 5297 dicere.
3503 5243 3726 5306 Verum.

2156 5316 2199 5368 si
2235 5313 2420 5368 Flavio
2445 5313 2762 5368 Philostrati
2795 5313 2929 5367 ﬁdes
2973 5313 3244 5376 habenda,
3269 5313 3321 5366 in
3355 5315 3446 5368 lib.
3489 5330 3502 5367 l
3536 5313 3612 5367 De
3641 5330 3730 5368 so-

2153 5384 2360 5450 plu'stis.
2396 5385 2638 5455 cogitare
2659 5383 2940 5446 debemus,
2974 5399 3082 5455 non
3107 5391 3165 5436 ut
3203 5385 3569 5455 deos_negaret
3595 5383 3728 5455 illud

2155 5455 2359 5510 dixisse
2389 5452 2734 5523 l’rdtagoram
2757 5495 2772 5515 ,
2809 5455 2904 5508 sed
2933 5469 2994 5507 ex
3028 5452 3302 5524 Magorum
3331 5452 3622 5524 Persarum
3647 5453 3730 5506 in»

2157 5525 2460 5588 stitntione,
2485 5539 2514 5576 a
2545 5525 2745 5592 quibus
2765 5534 3044 5591 acceperat
3067 5523 3370 5577 doctrinam
3392 5525 3460 5578 de
3483 5523 3589 5576 diis
3615 5536 3726 5576 non

2157 5609 2280 5650 esse
2313 5595 2658 5663 vulgandam.
2686 5592 2766 5646 Ad
2793 5593 2906 5646 haec
2937 5594 3052 5661 ipsa
3079 5593 3318 5649 ineuntis
3347 5595 3543 5649 librum
3566 5592 3728 5648 verba

2161 5679 2267 5720 non
2291 5665 2538 5737 negantis
2563 5671 2711 5732 sunt,
2743 5665 2838 5718 sed
2863 5663 3182 5720 dubitantis.
