4118 6402
382 426 483 487 795

1827 448 1888 505 S.
1922 447 2266 504 EPIPHANII

3547 445 3655 504 796

377 547 693 621 diligentem
723 566 948 623 operam
985 553 1156 611 dedit.
1205 556 1420 614 Bonum
1460 569 1694 632 sapienti
1734 564 1961 621 cuilibet

2076 568 2162 620 τὸν
2210 568 2411 621 Πόντον
2463 566 2692 629 πόλεως,
2744 569 2811 618 τά
2864 564 3043 619 πάντα
3097 562 3420 618 Ἀντισθένει
3465 566 3650 637 συνῆν.

377 656 502 700 esse
539 644 845 714 tolerabile,
881 656 1081 704 catera
1111 652 1350 721 nugacia
1395 660 1450 709 et
1495 653 1682 711 inania
1718 672 1969 728 pronun-

380 736 556 792 tiavit.

446 826 641 884 Crates
662 826 868 888 Thebis
896 828 950 887 in
970 833 1181 891 Boeotia
1206 833 1501 902 oriundus,
1528 845 1679 892 secta
1705 837 1970 909 Cynicus,

379 931 564 974 rerum
616 924 865 978 omnium
919 924 1161 997 inoptam
1235 942 1419 982 veram
1482 944 1606 986 esse
1663 929 1969 988 libertatem

377 1007 690 1064 afﬁrmavit.

446 1101 767 1161 Arcesilaus
806 1106 986 1161 solum
1030 1107 1201 1164 Deum
1242 1109 1531 1167 veritatem
1577 1113 1821 1185 assequi,
1865 1115 1969 1172 ho-

285 1224 290 1228 -
377 1194 589 1250 minum
631 1213 762 1253 vero
795 1200 1094 1261 neminem.
1128 1202 1396 1258 decrevit.

446 1286 766 1345 Carneades
793 1293 1079 1347 Arcesilao
1111 1294 1166 1347 in
1198 1295 1459 1350 omnibus
1490 1311 1756 1353 assensus
1789 1306 1895 1354 cst.

446 1379 774 1438 Aristoteles
802 1382 1125 1440 Nicomachi
1165 1385 1337 1453 (ilius,
1370 1395 1428 1441 ut
1449 1390 1735 1444 nonnullis
1765 1390 1965 1461 placet,

376 1470 644 1542 Macedo,
699 1492 765 1532 ac
821 1477 1052 1551 Stagiris
1103 1482 1371 1537 oriundus
1404 1524 1417 1547 ,
1478 1497 1795 1553 quanquam
1870 1482 1965 1538 alii

376 1563 647 1624 Thracem
700 1568 874 1626 fuisse
914 1573 1127 1637 malint,
1162 1572 1273 1629 duo
1321 1574 1591 1644 principia
1640 1574 1964 1641 constituit,
2000 1630 2003 1633 Α

374 1657 549 1715 Deum
594 1675 660 1716 ac
707 1663 1021 1719 materiam.
1058 1663 1192 1730 Quae
1233 1680 1399 1736 supra
1446 1665 1633 1719 lunam
1679 1672 1835 1730 sum,
1881 1664 1966 1719 di-

375 1752 505 1805 vina
558 1753 899 1823 providentia
947 1755 1275 1826 gubernari;
1329 1756 1591 1813 inferiora
1646 1758 1794 1812 nulla
1851 1758 1964 1829 regi

374 1845 744 1914 povidentia,
775 1846 870 1901 sed
922 1855 1129 1903 temere
1158 1864 1222 1902 ac
1251 1850 1370 1904 sine
1406 1849 1623 1905 ratione
1668 1848 1782 1904 ﬁeri
1811 1860 1965 1920 puta-

2076 659 2288 729 Ἐιρησε
2328 657 2390 710 τὸ
2433 657 2638 726 ἀγαθὸν
2683 656 2862 710 οἰστὸν
2908 655 3072 709 παντὶ
3111 654 3260 725 σοφῷ
3300 653 3471 720 εἶναι,
3514 657 3583 711 τὰ
3607 657 3653 712 δ’

2072 749 2209 803 ἄλλα
2244 750 2420 803 πάντα
2447 749 2601 802 οὐδὲν
2628 748 2660 819 ἢ
2692 748 2963 818 φλυαρίας
2993 746 3279 816 ὑπάρχειν.

2143 842 2368 914 Κράτης
2392 841 2499 896 ἀπὸ
2524 841 2718 911 Θηϐῶν
2743 839 2853 894 τῶν
2876 837 3205 903 Βοιωτικιῖω,
3233 839 3327 892 καὶ
3352 837 3512 901 αὐτὸς
3540 838 3652 892 Κυ-

2070 933 2239 996 νικὸς,
2271 932 2454 1001 ἔλεγεν
2481 931 2795 1000 ἐλευθερίας
2826 926 2968 984 εἶναι
2999 930 3098 1001 τὴν
3125 928 3533 1001 ἀκτημοσύνην.

2153 1116 2502 1188 Ἀρκεσίλαος
2526 1116 2732 1183 ἔφασκε
2779 1116 2858 1185 τῷ
2883 1114 3003 1186 Θεῷ
3042 1112 3265 1184 ἐφικτὸν
3313 1108 3453 1167 εἶναι
3490 1113 3650 1185 μόνον

2071 1208 2130 1261 τὸ
2165 1207 2383 1277 ἀληθὲς,
2412 1204 2683 1277 ἀνθρώπῳ
2707 1204 2766 1259 δὲ
2793 1204 2876 1260 οὔ.

2140 1298 2458 1371 Καρνεάδης
2491 1298 2559 1350 τὰ
2584 1296 2724 1351 αὐτὰ
2753 1295 2829 1366 τῷ
2866 1294 3201 1365 Ἀρκεσιλάῳ
3228 1291 3476 1359 ἐδόξασεν
3494 1326 3511 1343 .

2155 1386 2533 1459 Ἀριστοτέλης
2561 1388 2588 1439 ὁ
2617 1385 2957 1456 Νικομάχου,
2995 1382 3138 1438 κατὰ
3163 1383 3261 1455 μέν
3295 1400 3447 1446 τινας
3470 1383 3657 1437 Μακε-

2066 1477 2194 1541 δὼν,
2240 1479 2349 1533 ἀπὸ
2412 1477 2757 1549 Σταγείρων
2805 1477 2881 1541 ὡς
2933 1477 2990 1530 δὲ
3026 1475 3156 1530 ἔνιοι
3220 1475 3357 1546 (54),
3410 1474 3557 1547 Θρᾲξ
3587 1470 3654 1547 ἦν

2066 1572 2127 1625 τὸ
2157 1571 2332 1641 γένος.
2380 1570 2573 1639 Ἔλεγε
2605 1569 2661 1622 δὲ
2689 1569 2783 1623 δύο
2814 1569 2986 1641 ἀρχὰς
3015 1564 3174 1633 εἶναι,
3207 1568 3339 1622 Θεὸν
3372 1568 3465 1622 καὶ
3488 1567 3618 1639 ὓλην
3636 1584 3651 1599 ο

2068 1663 2161 1715 καί
2192 1661 2266 1715 τά
2289 1662 2388 1733 μὲν
2416 1661 2674 1732 ὑπεράνω
2698 1661 2797 1731 τῆς
2822 1659 3051 1729 σελήνης
3074 1659 3223 1723 θείας
3249 1660 3502 1732 προνοίας
3526 1675 3657 1728 τυγ-

2067 1755 2287 1824 χάνειν·
2328 1751 2398 1807 τὰ
2452 1752 2509 1805 δὲ
2539 1750 2783 1805 κάτωθεν
2818 1753 2919 1822 τῆς
2954 1751 3180 1823 σελήνης
3216 1752 3528 1823 ἀπρονόητα
3553 1749 3658 1805 ὐπ-

2066 1848 2283 1917 άρχειν,
2328 1844 2423 1898 καὶ
2452 1845 2597 1915 φορᾷ
2636 1860 2744 1897 τινι
2782 1842 2962 1915 ἀλόγῳ
3000 1842 3284 1913 φέρεσθαι,
3314 1843 3389 1906 ὡς
3432 1842 3643 1913 ἔτυχεν.

377 1937 473 1991 vit.
510 1937 640 1994 Item
662 1939 801 1996 duos
839 1956 962 1995 esse
993 1942 1251 2006 mundos,
1291 1942 1508 2013 1090
1536 1943 1875 2013 superiorem
1920 1949 1973 1997 et

2078 1936 2231 1994 Εἶναι
2264 1939 2319 1992 δὲ
2349 1939 2495 2007 λέγει
2528 1936 2622 1990 δύο
2661 1937 2916 2008 κόσμους,
2948 1936 3040 1989 τὸν
3076 1937 3189 1990 άνω
3229 1937 3323 1989 καὶ
3360 1936 3452 1989 τὸν
3480 1936 3650 1989 κάτω’

376 2030 661 2099 inﬁmum;
710 2031 864 2086 illum
912 2033 1292 2103 incorruptum
1345 2050 1488 2097 esse,
1523 2035 1798 2105 corrumpi
1844 2049 1973 2090 vero

378 2120 633 2175 alterum.
680 2119 967 2176 Postremo
1006 2122 1243 2177 animam
1281 2123 1530 2193 corporis
1580 2139 1704 2179 esse
1752 2121 1972 2179 cndele—

377 2210 562 2275 chiau,
589 2212 690 2267 hoc
717 2220 822 2275 est,
864 2214 1179 2269 continuam
1217 2216 1511 2269 motionem
1542 2229 1617 2269 ao-
1636 2230 1958 2285 perennem.

451 2300 873 2375 Theophrastus
914 2304 1141 2361 Eresius
1169 2307 1521 2363 Aristotelem
1552 2308 1780 2362 omnino
1812 2322 1972 2363 secu-

378 2400 471 2449 ιυε
502 2402 607 2450 εει

452 2480 637 2538 Strato
668 2481 1082 2554 Lampsacenus
1111 2499 1336 2539 causam
1372 2485 1620 2540 omnium
1653 2502 1837 2542 rerum
1880 2503 1973 2543 ca-

377 2573 502 2628 lida:
527 2582 739 2630 naturae
765 2575 1065 2630 tribuebat.
1116 2575 1368 2633 lnlinitas
1388 2594 1512 2633 esse
1539 2580 1729 2634 mundi
1755 2588 1968 2651 partes,

378 2680 558 2737 neque
589 2664 801 2720 animal
826 2680 954 2722 esse
986 2682 1162 2737 capax
1193 2682 1358 2722 omne
1390 2668 1633 2724 dicebat.

451 2840 831 2914 Praxiphanes
882 2839 1135 2898 Rhodius
1182 2842 1372 2899 eadem
1425 2860 1490 2901 ac
1552 2843 1970 2918 Theophrastus

381 2934 693 2991 asserebat.

446 3025 728 3083 Critolaus
766 3023 1046 3083 Phaselita
1087 3027 1442 3084 Aristotelem
1472 3038 1701 3086 secutus
1728 3039 1854 3086 est..

451 3201 599 3258 Zeno
630 3201 897 3260 Citiensis
944 3201 1167 3259 Stoicus
1204 3204 1405 3275 templa
1442 3205 1549 3262 diis
1576 3206 1785 3261 exstrui
1818 3205 1970 3261 nole-

2075 2032 2169 2087 καὶ
2208 2031 2300 2084 τὸν
2350 2031 2447 2101 μὲν
2484 2031 2595 2084 ἄνω
2635 2027 2932 2100 ἄφθαρτον,
2975 2027 3066 2081 τὸν
3094 2028 3150 2081 δὲ
3200 2029 3349 2082 κάτω
3379 2027 3646 2097 φθαρτόν·

2073 2124 2169 2177 καὶ
2193 2123 2291 2195 τὴν
2317 2120 2494 2193 ψυχὴν
2528 2119 2857 2191 ἐνδελέχειαν
2880 2117 2992 2191 (55)
3016 2119 3265 2190 σώματος
3286 2118 3457 2189 λέγει.

2142 2303 2485 2375 Θεόφραστος
2524 2300 2769 2372 Ἐφέσιος
2797 2300 2815 2331 ¹
2864 2298 2932 2353 τά
2967 2298 3107 2352 αὐτὰ
3146 2299 3509 2370 Ἀριστοτέλει
3540 2297 3655 2352 ἑ.δό-

2074 2395 2496 2559 ξΩιέῗιτοραπιονίων
2532 2486 2597 2539 ἐκ
2629 2483 2930 2555 Λαμψάκου
2949 2483 3046 2556 τὴν
3078 2483 3288 2556 θερμὴν
3314 2483 3502 2537 οὐσίαν
3544 2482 3657 2536 ἕλε⁹

2071 2598 2167 2651 γεν
2214 2579 2393 2633 αἰτίαν
2441 2578 2657 2632 πάντων
2705 2576 2992 2647 ὑπάρχειν.
3060 2576 3300 2647 Ἀπειρα
3360 2575 3420 2629 δὲ
3470 2574 3659 2644 ἔλεγεν

2072 2669 2212 2726 εἶναι
2253 2668 2322 2723 τὰ
2357 2668 2500 2741 μέρη
2545 2666 2639 2720 τοῦ
2676 2666 2913 2737 κόσμου’
2953 2665 3049 2721 καὶ
3075 2668 3182 2720 πᾶν
3210 2665 3350 2731 ζῶον
3384 2664 3568 2734 ἔλεγεν
3591 2664 3656 2719 οὐ

2073 2761 2345 2817 δεικτικὸν
2371 2756 2533 2813 εἶναι.

2141 2849 2493 2923 Πραξιφάνης
2531 2847 2733 2911 Ῥόδιος
2771 2846 2841 2901 τὰ
2870 2846 3011 2902 αὑτά
3054 2846 3133 2918 τῷ
3170 2846 3501 2918 Θεοφράστῳ
3535 2843 3657 2903 ἐδό-

2079 2944 2443 3102 ξαίἷριτόλαος
2487 3029 2515 3081 ὁ
2541 3028 2868 3102 Φασηλίτης,
2920 3031 2990 3084 τὰ
3022 3029 3161 3084 αὐτὰ
3183 3028 3261 3101 τῷ
3301 3029 3654 3102 Ἀριστοτέλει

2076 3122 2318 3190 ὲδόξασε.

2144 3217 2330 3285 Ζήνων
2342 3218 2371 3269 ὁ
2389 3217 2609 3279 Κιτιεὺς
2627 3214 2738 3286 (56)
2751 3215 2779 3268 ὁ
2802 3213 3041 3277 Στωϊκὸς
3082 3212 3184 3285 ἔφη
3215 3213 3288 3284 μὴ
3303 3212 3413 3266 δεῖν
3428 3212 3569 3276 θεοῖς
3581 3214 3631 3265 οί

382 3292 474 3347 bat
511 3312 525 3348 :
558 3293 760 3364 quippe
796 3293 1043 3347 divinum
1078 3309 1282 3348 numen
1317 3296 1432 3349 sola
1466 3305 1649 3350 mente
1680 3296 1967 3351 continen-

2076 3281 2321 3376 κοδομεῖν
2357 3306 2499 3378 ἱερὰ,
2532 3281 2648 3360 am
2687 3281 2832 3375 ἐγειν
2868 3303 2932 3356 τὸ
2963 3281 3133 3356 Θεῖονί
3160 3281 3225 3355 ἐν
3269 3281 3414 3373 μόνῳ
3443 3301 3519 3372 τῷ
3549 3300 3655 3372 νῷ⁸

380 3380 510 3437 dum
535 3403 548 3437 :
569 3384 684 3437 sive
708 3383 894 3453 potius
916 3383 1221 3438 habendam
1247 3399 1346 3453 pro
1370 3384 1483 3438 Deo
1510 3393 1743 3441 mentem
1771 3388 1965 3455 ipsum;

382 3480 572 3546 utpote
604 3490 725 3544 quze
756 3475 1211 3530 sit’immortalis.
1247 3475 1496 3529 Mortuos
1527 3475 1659 3531 feris
1704 3477 1972 3547 objicien-

381 3565 507 3627 dos.
548 3572 643 3619 aut
675 3566 784 3636 igni
823 3566 1296 3621 concremandos:
1332 3580 1532 3636 pueros
1561 3567 1616 3620 in
1648 3566 1931 3622 amoribus
1953 3606 1969 3631 ,

381 3672 447 3713 ac
480 3657 694 3713 deliciis
733 3657 938 3713 habere
981 3659 1349 3727 permittebat.
1409 3654 1554 3711 Idem
1605 3657 1875 3711 moderari
1908 3673 1971 3713 ac

384 3764 575 3821 regere
607 3749 792 3803 omnia
824 3746 994 3803 Deum
1026 3751 1330 3804 asserebat.
1372 3748 1573 3803 Rerum
1606 3764 1807 3805 causas
1843 3767 1973 3822 par-

384 3839 484 3894 tim
524 3840 580 3895 in
625 3849 816 3894 nostra
860 3847 1137 3910 potestate
1168 3843 1398 3912 positas,
1437 3841 1636 3911 partim
1667 3851 1823 3896 extra
1872 3859 1973 3899 nos

383 3931 553 4019 sitoas;
586 3932 688 3987 hoc
717 3942 802 3987 est
837 3947 1021 3988 rerum
1067 3933 1203 3987 alias
1247 3933 1390 4002 juris
1423 3947 1546 3987 esse
1594 3934 1794 3999 nostri,
1837 3935 1973 3991 alias

384 4038 730 4095 nequaquam
779 4040 943 4090 esse,
988 4023 1306 4080 deﬁniebat.
1359 4024 1441 4078 Ad
1490 4027 1606 4079 lucc
1654 4027 1893 4080 animam
1943 4040 1974 4079 a

384 4131 617 4186 corpore
649 4116 887 4189 sejungi,
942 4133 1106 4188 quam
1146 4126 1201 4173 et
1235 4103 1567 4173 diuturnum.
1592 4118 1847 4188 spiritum
1879 4133 1976 4188 ap-

387 4209 659 4280 pellabat;
691 4210 787 4265 sed
820 4224 929 4264 non
957 4224 1189 4282 prorsus
1221 4209 1595 4279 incorruptam
1629 4225 1782 4278 esse;
1813 4209 1977 4265 adeo-

386 4317 493 4373 que
516 4302 776 4373 paulatim
806 4303 1070 4374 temporis
1096 4303 1495 4375 longinquitate
1518 4304 1797 4369 consumi,
1827 4313 1883 4360 ct
1919 4303 1975 4359 in

386 4394 616 4450 nihilum
648 4394 841 4466 redigi.

461 4508 1064 4571 Cleanthes_summum
1112 4510 1342 4576 bonum,
1387 4518 1441 4566 et
1475 4511 1767 4566 honestum
1814 4511 1974 4565 volu-

2076 3398 2275 3470 μᾶλλον
2310 3399 2365 3452 δὲ
2391 3399 2523 3452 Θεὸν
2568 3396 2816 3469 ἡγεῖσθαι
2846 3396 2938 3449 τὸν
2967 3394 3121 3449 νοῦν*
3178 3393 3292 3447 ἔστι
3320 3393 3428 3465 γὰρ
3457 3393 3653 3446 ἀθάνα-

2072 3507 2182 3554 τος.
2218 3491 2357 3553 Τοὺς
2385 3491 2441 3544 δὲ
2469 3488 2839 3552 τελευτῶντας
2869 3486 3028 3552 ζώοις
3060 3484 3429 3556 παραϐάλλειν
3460 3484 3655 3554 χρῆναι

2073 3584 2107 3655 ἢ
2133 3584 2292 3656 πυρί·
2323 3582 2417 3637 καὶ
2439 3584 2550 3644 τοῖς
2567 3581 2836 3643 παιδικοῖς
2856 3577 3092 3651 χρῆσθαι
3126 3576 3441 3640 ἀκωλύτως.
3464 3575 3654 3645 Ἔλεγε

2072 3676 2129 3730 δὲ
2160 3676 2337 3729 πάντα
2370 3674 2590 3727 διοικεῖν
2619 3674 2679 3727 τὸ
2710 3673 2884 3726 Θεῖον.
2946 3673 2988 3723 Τ
2994 3670 3057 3734 ὰς
3088 3671 3146 3723 δὲ
3177 3672 3353 3733 αἰτίας
3382 3667 3489 3723 τῶν
3516 3684 3650 3739 πρα-

2073 3767 2299 3838 γμάτων
2332 3765 2408 3837 πὴ
2445 3766 2543 3837 μὲν
2566 3764 2648 3833 ἐφ’
2679 3766 2829 3835 ἡμῖν,
2863 3762 2937 3833 πὴ
2963 3761 3018 3814 δὲ
3046 3761 3146 3814 οὐκ
3170 3762 3254 3830 ἐφ’
3282 3762 3412 3832 ἡμῖν
3438 3777 3452 3791 ο
3500 3777 3648 3813 cout-

2076 3857 2193 3910 ἐστι
2222 3858 2289 3911 τὰ
2318 3856 2415 3927 μὲν
2446 3855 2554 3908 τῶν
2596 3855 2938 3926 πραγμάτων
2970 3855 3054 3925 ἐφ’
3082 3857 3232 3925 ἡμῖν,
3266 3852 3335 3906 τὰ
3365 3851 3422 3904 δὲ
3451 3851 3551 3904 οὐκ
3574 3851 3658 3920 ἐφ’

2074 3951 2229 4020 ἡμῖν.
2265 3950 2455 4018 Ἔλεγε
2485 3950 2541 4003 δὲ
2572 3948 2666 4002 καὶ
2703 3947 2840 4018 μετὰ
2869 3948 3147 4019 χωρισμὸν
3167 3950 3187 3978 ²
3207 3946 3319 4017 (57)
3348 3946 3440 3998 τοῦ
3471 3945 3655 4016 σῶμα·

2076 4058 2187 4106 τος,
2219 4042 2315 4096 καὶ
2343 4041 2530 4096 ἐκάλει
2558 4040 2657 4113 τὴν
2695 4041 2872 4112 ψυχὴν
2915 4038 3261 4112 πολυχρόνιον
3304 4036 3548 4108 πνεῦμω
3598 4035 3660 4089 οὐ

2081 4134 2187 4205 μὴν
2223 4134 2278 4187 δὲ
2316 4133 2594 4207 ἄφθαρτον
2619 4134 2687 4186 δι’
2711 4133 2833 4186 ὅλου
2870 4131 3054 4199 ἔλεγεν
3083 4131 3251 4202 αὐτὴν
3279 4124 3437 4182 εἶναι.
3472 4126 3662 4181 Ἐκδα-

2077 4226 2314 4279 πανᾶται
2350 4225 2458 4297 γὰρ
2489 4224 2594 4279 ὑπὸ
2631 4224 2725 4278 τοῦ
2765 4223 2961 4278 πολλοῦ
2987 4223 3177 4295 χρόνου
3222 4224 3303 4285 είς
3338 4220 3400 4273 τὸ
3434 4219 3659 4289 ἀφανὲς,

2077 4315 2154 4380 ὥς
2183 4333 2334 4389 φησι.

2150 4514 2429 4586 Κλεάνθης
2477 4515 2539 4567 τὸ
2575 4513 2781 4583 ἀγαθὸν
2824 4513 2934 4584 (58)
2987 4513 3080 4567 καὶ
3117 4511 3283 4566 καλὸν
3329 4510 3477 4579 λέγει
3523 4504 3663 4564 εῖναι

388 4609 568 4670 ptales
625 4616 749 4657 esse
804 4600 1024 4657 dicebat
1062 4619 1076 4656 :
1119 4602 1395 4658 hominem
1445 4605 1618 4658 solam
1668 4603 1973 4674 appellabat

2076 4603 2175 4666 τὰς
2196 4603 2386 4675 ἡδονάς
2405 4620 2419 4633 ’
2478 4602 2574 4656 καὶ
2601 4602 2887 4675 ἄνθρωπον
2915 4602 3097 4656 ἐκάλει
3125 4601 3292 4671 μόνην
3325 4600 3426 4670 τὴν
3450 4596 3660 4669 ψυχήνο

389 4688 663 4757 animam;
696 4689 829 4779 deos
869 4692 1129 4763 mysticas
1170 4707 1294 4748 esse
1320 4693 1583 4763 quasdam
1617 4692 1818 4763 ﬁguras
1839 4733 1854 4759 ,
1887 4709 1977 4749 sa-

389 4796 595 4852 craque
626 4784 876 4838 nomina.
913 4781 1103 4855 Itaque
1157 4785 1328 4841 solem
1361 4784 1705 4848 Daduchum,
1747 4786 1851 4842 hoc
1891 4795 1976 4843 est

486 4963 505 4993 ¹
545 4961 846 5019 Cornarius
889 4963 1189 5037 Ἐρέσσιος,
1222 4972 1277 5020 et
1308 4979 1435 5019 mox
1463 4965 1737 5038 Στράτων.

464 5138 593 5216 (54)⁸
651 5140 749 5208 Ὠς
799 5138 869 5195 δὲ
938 5143 1106 5197 ἔνιοι.
1169 5141 1281 5199 Nec
1328 5144 1663 5216 immerito,
1726 5145 1978 5216 quamvis

391 5207 645 5283 Thraciae
683 5207 812 5281 pars
852 5216 909 5267 in
939 5230 1045 5283 qua
1096 5222 1260 5269 natus
1312 5207 1657 5277 Aristoteles,
1711 5207 1981 5271 a'Graecis

393 5281 561 5355 fuerit
606 5282 716 5351 jam
778 5281 1164 5355 wtate‘ipsius
1220 5295 1487 5355 occupata
1545 5295 1599 5342 et
1651 5285 1982 5342 Macedoniae

392 5354 620 5421 adjecta.

466 5422 578 5491 (55)
610 5421 723 5496 Ka_l
752 5422 868 5492 τὴν
892 5424 1107 5494 ψυχὴν
1139 5424 1542 5494 ἐνδελέχειαν.
1576 5427 1650 5480 Ita
1685 5424 1829 5496 apud
1860 5426 1986 5481 Ari-

393 5493 862 5567 διοιειθιιιῼὶρθι·ο
895 5493 1120 5564 legerat,
1158 5511 1273 5567 non
1297 5493 1652 5567 ἐντελέχειαν.
1678 5493 1883 5550 Ρὶ-ῑτλν.

467 5562 580 5629 (56)
612 5564 824 5631 Ζήνων
875 5568 909 5619 ό
948 5562 1204 5631 Κιτιεύς.
1239 5565 1387 5619 Zeno
1417 5562 1528 5626 ille.
1575 5567 1775 5621 Stoica:
1822 5574 1986 5622 sectae

400 5632 678 5703 princeps,
713 5651 878 5703 quam
906 5636 1138 5690 Athenis
1182 5636 1431 5691 fundavit
1467 5639 1728 5693 trecentis
1762 5637 1986 5692 circiter

397 5711 527 5756 ante
561 5703 842 5759 Christum
884 5707 1064 5761 annis.

471 5771 585 5839 (57)
619 5774 833 5844 Ἔλεγε
861 5775 1263 5847 δεῖκαὶ-μετὰ
1310 5778 1634 5847 χωρισμόν.
1682 5777 1867 5831 Miltila
1922 5793 1987 5832 ac

402 5853 671 5913 suspensa
709 5853 795 5901 est
826 5846 1024 5903 oratio.
1063 5845 1225 5904 Forte
1262 5845 1404 5903 illud
1431 5845 1640 5904 voluit:
1679 5848 1890 5904 animas
1917 5863 1983 5905 ex

2083 4695 2176 4749 καὶ
2219 4695 2346 4759 τοὺς
2388 4695 2543 4758 θεοὺς
2590 4693 2829 4765 μυστικὰ
2882 4695 3137 4765 σχήματα
3184 4691 3367 4761 ἔλεγεν
3396 4685 3534 4743 εἶναι
3569 4689 3662 4752 καὶ

2083 4786 2304 4858 κλήσεις
2354 4787 2525 4859 ἱεράς.
2596 4788 2705 4841 Καὶ
2745 4784 3047 4854 δᾳδοῦχον
3092 4784 3329 4854 ἔφασκεν
3377 4779 3517 4836 εἶναι
3569 4779 3664 4835 τὸν

1839 4967 1861 5000 ³
1896 4984 1986 5038 γρ.
2014 4966 2451 5039 μεταχωρισμόν.
2487 4965 2689 5023 Deesse
2718 4965 2965 5021 nonnihil
3000 4974 3149 5037 puto.

2081 5145 2343 5217 opinione
2382 5146 2693 5201 Stoicorum
2741 5144 3069 5214 corporibus
3108 5142 3319 5217 solutas
3345 5139 3666 5210 aliquandiu

2081 5210 2456 5288 perseverare,
2494 5234 2558 5271 ac
2586 5210 2860 5288 paulatim
2885 5228 3238 5288 evanescere.
3261 5210 3482 5288 Pis-ru.

2156 5288 2269 5357 (58)
2299 5281 2610 5354 Κλεάνθηᾷ
2660 5288 2725 5339 τὸ
2755 5286 3001 5355 ἀγαθόν.
3055 5284 3203 5337 Itane
3259 5281 3457 5357 Sloicm
3501 5287 3666 5335 secta

2084 5352 2338 5412 columen
2374 5352 2811 5412 vclutiVCircaeo'
2848 5357 3045 5427 poculo
3087 5361 3310 5423 repente
3350 5352 3527 5427 [actus
3579 5360 3667 5406 est

2086 5427 2310 5502 [Epicuri
2358 5427 2623 5502 de_gr_ege
2670 5424 2903 5502 porcus?
2935 5426 3052 5502 Non
3096 5424 3525 5502 opinor._Quare
3565 5428 3667 5502 aut

2086 5494 2260 5554 falsus
2305 5509 2388 5555 est
2437 5494 2809 5563 Epiphanius,
2845 5506 2938 5552 aut
2982 5496 3179 5550 horum
3225 5494 3513 5549 verborum
3564 5494 3664 5545 iste

2087 5584 2286 5625 sensus
2337 5578 2423 5623 est
2454 5563 2731 5623 {Nullam
2782 5570 2887 5623 nisi
2927 5567 2982 5621 in
3028 5567 3298 5620 honestate
3344 5563 3665 5630 uoluptatem

2086 5639 2257 5694 inesse
2281 5639 2508 5693 dicebat.
2546 5638 2745 5695 Eodem
2776 5638 2940 5694 modo
2975 5633 3353 5704 castigandum
3401 5632 3545 5704 quod
3576 5646 3663 5685 se-

2088 5710 2298 5835 ?uitur,
2329 5710 2691 5782 Chrysippum
2721 5711 2881 5766 linem
2910 5710 2968 5762 ὲν
2996 5706 3074 5778 τῷ
3096 5702 3362 5777 ἧδυπαθεῖ
3389 5702 3660 5776 posuiseo-

2115 5796 2245 5835 nan.

2115 5796 2245 5837 DEI.
