  <div class='ocr_page' id='page_1' title='image "/cluster/home/n/w/nwhite01/storage/ocr_20150623/42/nnc1.0046978682/437.png"; bbox 0 0 4118 6402; ppageno 0'>
   <div class='ocr_carea' id='block_1_1' title="bbox 435 369 545 426">
    <p class='ocr_par' dir='ltr' id='par_1_1' title="bbox 435 369 545 426">
     <span class='ocr_line' id='line_1_1' title="bbox 435 369 545 426; baseline 0.018 -2"><span class='ocrx_word' id='word_1_1' title='bbox 435 369 545 426; x_wconf 72' lang='lat'><strong>803</strong></span> 
     </span>
    </p>
   </div>
   <div class='ocr_carea' id='block_1_2' title="bbox 1832 369 2272 428">
    <p class='ocr_par' dir='ltr' id='par_1_2' title="bbox 1832 369 2272 428">
     <span class='ocr_line' id='line_1_2' title="bbox 1832 369 2272 428; baseline -0.005 0"><span class='ocrx_word' id='word_1_2' title='bbox 1832 373 1891 428; x_wconf 91' lang='lat' dir='ltr'><strong>S.</strong></span> <span class='ocrx_word' id='word_1_3' title='bbox 1926 369 2272 428; x_wconf 75' lang='lat' dir='ltr'><strong>EPIPHANII</strong></span> 
     </span>
    </p>
   </div>
   <div class='ocr_carea' id='block_1_3' title="bbox 3602 369 3704 426">
    <p class='ocr_par' dir='ltr' id='par_1_3' title="bbox 3602 369 3704 426">
     <span class='ocr_line' id='line_1_3' title="bbox 3602 369 3704 426; baseline 0.02 -2"><span class='ocrx_word' id='word_1_4' title='bbox 3602 369 3704 426; x_wconf 62' lang='lat'><strong>80-3</strong></span> 
     </span>
    </p>
   </div>
   <div class='ocr_carea' id='block_1_4' title="bbox 433 477 2015 554">
    <p class='ocr_par' dir='ltr' id='par_1_4' title="bbox 433 479 2015 553">
     <span class='ocr_line' id='line_1_4' title="bbox 433 479 2015 553; baseline -0.001 -17"><span class='ocrx_word' id='word_1_5' title='bbox 433 498 541 552; x_wconf 85' lang='lat' dir='ltr'><strong>que</strong></span> <span class='ocrx_word' id='word_1_6' title='bbox 583 481 765 553; x_wconf 86' lang='lat' dir='ltr'><strong>specie</strong></span> <span class='ocrx_word' id='word_1_7' title='bbox 801 481 868 535; x_wconf 87' lang='lat' dir='ltr'><strong>ad</strong></span> <span class='ocrx_word' id='word_1_8' title='bbox 915 479 1302 536; x_wconf 90' lang='lat' dir='ltr'><strong>concitandum</strong></span> <span class='ocrx_word' id='word_1_9' title='bbox 1352 489 1632 552; x_wconf 84' lang='lat' dir='ltr'><strong>stuporem</strong></span> <span class='ocrx_word' id='word_1_10' title='bbox 1665 481 1860 550; x_wconf 85' lang='lat' dir='ltr'><strong>vulgus</strong></span> <span class='ocrx_word' id='word_1_11' title='bbox 1895 481 2015 536; x_wconf 91' lang='lat' dir='ltr'><strong>illu-</strong></span> 
     </span>
    </p>
   </div>
   <div class='ocr_carea' id='block_1_5' title="bbox 2122 477 3702 554">
    <p class='ocr_par' dir='ltr' id='par_1_5' title="bbox 2126 477 3702 554">
     <span class='ocr_line' id='line_1_5' title="bbox 2126 477 3702 554; baseline -0.002 -20"><span class='ocrx_word' id='word_1_12' title='bbox 2126 481 2418 554; x_wconf 75' lang='grc' dir='ltr'>προσώπου</span> <span class='ocrx_word' id='word_1_13' title='bbox 2444 477 2603 550; x_wconf 73' lang='grc' dir='ltr'>δῆθεν</span> <span class='ocrx_word' id='word_1_14' title='bbox 2631 479 2769 550; x_wconf 80' lang='grc' dir='ltr'>ὑπὲρ</span> <span class='ocrx_word' id='word_1_15' title='bbox 2805 477 3079 552; x_wconf 81' lang='grc' dir='ltr'>θαύματος</span> <span class='ocrx_word' id='word_1_16' title='bbox 3107 477 3402 552; x_wconf 69' lang='grc' dir='ltr'>ἀπατηλῶς</span> <span class='ocrx_word' id='word_1_17' title='bbox 3427 479 3494 532; x_wconf 84' lang='grc' dir='ltr'>τὰ</span> <span class='ocrx_word' id='word_1_18' title='bbox 3523 478 3702 552; x_wconf 82' lang='grc' dir='ltr'>πλήθη</span> 
     </span>
    </p>
   </div>
   <div class='ocr_carea' id='block_1_6' title="bbox 433 573 2020 644">
    <p class='ocr_par' dir='ltr' id='par_1_6' title="bbox 433 573 2020 644">
     <span class='ocr_line' id='line_1_6' title="bbox 433 573 2020 644; baseline 0 -16"><span class='ocrx_word' id='word_1_19' title='bbox 433 575 597 640; x_wconf 88' lang='lat' dir='ltr'><strong>dunt;</strong></span> <span class='ocrx_word' id='word_1_20' title='bbox 643 581 696 628; x_wconf 85' lang='lat' dir='ltr'><strong>et</strong></span> <span class='ocrx_word' id='word_1_21' title='bbox 742 573 1067 644; x_wconf 77' lang='lat' dir='ltr'><strong>quibusdam</strong></span> <span class='ocrx_word' id='word_1_22' title='bbox 1123 573 1279 629; x_wconf 81' lang='lat' dir='ltr'><strong>furiis</strong></span> <span class='ocrx_word' id='word_1_23' title='bbox 1333 575 1579 644; x_wconf 82' lang='lat' dir='ltr'><strong>agitant:</strong></span> <span class='ocrx_word' id='word_1_24' title='bbox 1611 587 1723 627; x_wconf 87' lang='lat' dir='ltr'><strong>tum</strong></span> <span class='ocrx_word' id='word_1_25' title='bbox 1777 581 1831 628; x_wconf 86' lang='lat' dir='ltr'><strong>et</strong></span> <span class='ocrx_word' id='word_1_26' title='bbox 1883 573 2020 628; x_wconf 82' lang='lat' dir='ltr'><strong>facie</strong></span> 
     </span>
    </p>
   </div>
   <div class='ocr_carea' id='block_1_7' title="bbox 433 663 2017 732">
    <p class='ocr_par' dir='ltr' id='par_1_7' title="bbox 433 663 2017 732">
     <span class='ocr_line' id='line_1_7' title="bbox 433 663 2017 732; baseline 0 -16"><span class='ocrx_word' id='word_1_27' title='bbox 433 679 599 717; x_wconf 87' lang='lat' dir='ltr'><strong>manu</strong></span> <span class='ocrx_word' id='word_1_28' title='bbox 631 663 904 716; x_wconf 86' lang='lat' dir='ltr'><strong>detersum</strong></span> <span class='ocrx_word' id='word_1_29' title='bbox 953 663 1230 732; x_wconf 80' lang='lat' dir='ltr'><strong>quidpiam</strong></span> <span class='ocrx_word' id='word_1_30' title='bbox 1263 663 1326 716; x_wconf 89' lang='lat' dir='ltr'><strong>ad</strong></span> <span class='ocrx_word' id='word_1_31' title='bbox 1359 663 1646 716; x_wconf 90' lang='lat' dir='ltr'><strong>sanitatem</strong></span> <span class='ocrx_word' id='word_1_32' title='bbox 1692 679 2017 732; x_wconf 78' lang='lat' dir='ltr'><strong>recuperan-</strong></span> 
     </span>
    </p>
   </div>
   <div class='ocr_carea' id='block_1_8' title="bbox 433 751 2022 822">
    <p class='ocr_par' dir='ltr' id='par_1_8' title="bbox 433 751 2022 822">
     <span class='ocr_line' id='line_1_8' title="bbox 433 751 2022 822; baseline 0.001 -20"><span class='ocrx_word' id='word_1_33' title='bbox 433 753 580 814; x_wconf 85' lang='lat' dir='ltr'><strong>dam,</strong></span> <span class='ocrx_word' id='word_1_34' title='bbox 611 761 774 821; x_wconf 85' lang='lat' dir='ltr'><strong>atque</strong></span> <span class='ocrx_word' id='word_1_35' title='bbox 805 751 1180 821; x_wconf 64' lang='lat' dir='ltr'><strong>aegritudinem</strong></span> <span class='ocrx_word' id='word_1_36' title='bbox 1215 753 1454 807; x_wconf 86' lang='lat' dir='ltr'><strong>remedia</strong></span> <span class='ocrx_word' id='word_1_37' title='bbox 1485 753 1892 822; x_wconf 71' lang='lat' dir='ltr'><strong>postulantibus</strong></span> <span class='ocrx_word' id='word_1_38' title='bbox 1921 753 2022 804; x_wconf 85' lang='lat' dir='ltr'><strong>im-</strong></span> 
     </span>
    </p>
   </div>
   <div class='ocr_carea' id='block_1_9' title="bbox 437 847 697 912">
    <p class='ocr_par' dir='ltr' id='par_1_9' title="bbox 437 847 697 912">
     <span class='ocr_line' id='line_1_9' title="bbox 437 847 697 912; baseline 0.004 -16"><span class='ocrx_word' id='word_1_39' title='bbox 437 847 697 912; x_wconf 78' lang='lat' dir='ltr'><strong>pertiunl.</strong></span> 
     </span>
    </p>
   </div>
   <div class='ocr_carea' id='block_1_10' title="bbox 507 935 2022 1006">
    <p class='ocr_par' dir='ltr' id='par_1_10' title="bbox 507 935 2022 1006">
     <span class='ocr_line' id='line_1_10' title="bbox 507 935 2022 1006; baseline 0.001 -18"><span class='ocrx_word' id='word_1_40' title='bbox 507 935 619 990; x_wconf 80' lang='lat' dir='ltr'><strong>XII.</strong></span> <span class='ocrx_word' id='word_1_41' title='bbox 663 937 886 990; x_wconf 75' lang='lat' dir='ltr'><strong>Ad-hzrc</strong></span> <span class='ocrx_word' id='word_1_42' title='bbox 919 938 962 992; x_wconf 87' lang='lat' dir='ltr'><strong>si</strong></span> <span class='ocrx_word' id='word_1_43' title='bbox 985 935 1360 1006; x_wconf 76' lang='lat' dir='ltr'><strong>Memphiticas</strong></span> <span class='ocrx_word' id='word_1_44' title='bbox 1384 943 1437 990; x_wconf 91' lang='lat' dir='ltr'><strong>et</strong></span> <span class='ocrx_word' id='word_1_45' title='bbox 1459 935 1872 1006; x_wconf 84' lang='lat' dir='ltr'><strong>HeliOpoliticas</strong></span> <span class='ocrx_word' id='word_1_46' title='bbox 1899 953 2022 990; x_wconf 91' lang='lat' dir='ltr'><strong>mu-</strong></span> 
     </span>
    </p>
   </div>
   <div class='ocr_carea' id='block_1_11' title="bbox 437 1027 2019 1100">
    <p class='ocr_par' dir='ltr' id='par_1_11' title="bbox 437 1027 2019 1100">
     <span class='ocr_line' id='line_1_11' title="bbox 437 1027 2019 1100; baseline 0.003 -20"><span class='ocrx_word' id='word_1_47' title='bbox 437 1029 594 1082; x_wconf 81' lang='lat' dir='ltr'><strong>lieres</strong></span> <span class='ocrx_word' id='word_1_48' title='bbox 635 1027 798 1097; x_wconf 86' lang='lat' dir='ltr'><strong>Orgia</strong></span> <span class='ocrx_word' id='word_1_49' title='bbox 839 1031 1177 1084; x_wconf 76' lang='lat' dir='ltr'><strong>celebrantes</strong></span> <span class='ocrx_word' id='word_1_50' title='bbox 1225 1045 1541 1100; x_wconf 66' lang='lat' dir='ltr'><strong>persequar,</strong></span> <span class='ocrx_word' id='word_1_51' title='bbox 1578 1045 1700 1098; x_wconf 74' lang='lat' dir='ltr'><strong>quae</strong></span> <span class='ocrx_word' id='word_1_52' title='bbox 1735 1039 2019 1098; x_wconf 81' lang='lat' dir='ltr'><strong>tympano-</strong></span> 
     </span>
    </p>
   </div>
   <div class='ocr_carea' id='block_1_12' title="bbox 437 1123 2016 1192">
    <p class='ocr_par' dir='ltr' id='par_1_12' title="bbox 437 1123 2016 1192">
     <span class='ocr_line' id='line_1_12' title="bbox 437 1123 2016 1192; baseline 0.001 -18"><span class='ocrx_word' id='word_1_53' title='bbox 437 1137 556 1174; x_wconf 87' lang='lat' dir='ltr'><strong>rum</strong></span> <span class='ocrx_word' id='word_1_54' title='bbox 593 1137 655 1174; x_wconf 90' lang='lat' dir='ltr'><strong>ac</strong></span> <span class='ocrx_word' id='word_1_55' title='bbox 701 1123 958 1174; x_wconf 81' lang='lat' dir='ltr'><strong>tibiarum</strong></span> <span class='ocrx_word' id='word_1_56' title='bbox 1002 1123 1231 1190; x_wconf 84' lang='lat' dir='ltr'><strong>strepitu</strong></span> <span class='ocrx_word' id='word_1_57' title='bbox 1273 1137 1333 1176; x_wconf 88' lang='lat' dir='ltr'><strong>se</strong></span> <span class='ocrx_word' id='word_1_58' title='bbox 1367 1123 1513 1192; x_wconf 86' lang='lat' dir='ltr'><strong>ipsas</strong></span> <span class='ocrx_word' id='word_1_59' title='bbox 1545 1123 1934 1182; x_wconf 66' lang='lat' dir='ltr'><strong>exstimulant;</strong></span> <span class='ocrx_word' id='word_1_60' title='bbox 1971 1123 2016 1176; x_wconf 87' lang='lat' dir='ltr'><strong>si</strong></span> 
     </span>
    </p>
   </div>
   <div class='ocr_carea' id='block_1_13' title="bbox 434 1211 2020 1286">
    <p class='ocr_par' dir='ltr' id='par_1_13' title="bbox 434 1211 2020 1286">
     <span class='ocr_line' id='line_1_13' title="bbox 434 1211 2020 1286; baseline 0.002 -22"><span class='ocrx_word' id='word_1_61' title='bbox 434 1211 709 1264; x_wconf 79' lang='lat' dir='ltr'><strong>Coritidas</strong></span> <span class='ocrx_word' id='word_1_62' title='bbox 737 1221 790 1264; x_wconf 85' lang='lat' dir='ltr'><strong>et</strong></span> <span class='ocrx_word' id='word_1_63' title='bbox 821 1211 1450 1286; x_wconf 63' lang='lat' dir='ltr'><strong>trieteritidasmuzeque</strong></span> <span class='ocrx_word' id='word_1_64' title='bbox 1473 1215 1524 1270; x_wconf 92' lang='lat' dir='ltr'><strong>in</strong></span> <span class='ocrx_word' id='word_1_65' title='bbox 1547 1216 1792 1272; x_wconf 65' lang='lat' dir='ltr'><strong>Bathteea</strong></span> <span class='ocrx_word' id='word_1_66' title='bbox 1811 1225 1863 1270; x_wconf 82' lang='lat' dir='ltr'><strong>et</strong></span> <span class='ocrx_word' id='word_1_67' title='bbox 1916 1211 2020 1267; x_wconf 78' lang='lat' dir='ltr'><strong>Me-</strong></span> 
     </span>
    </p>
   </div>
   <div class='ocr_carea' id='block_1_14' title="bbox 437 1303 2018 1373">
    <p class='ocr_par' dir='ltr' id='par_1_14' title="bbox 437 1303 2018 1373">
     <span class='ocr_line' id='line_1_14' title="bbox 437 1303 2018 1373; baseline 0.002 -18"><span class='ocrx_word' id='word_1_68' title='bbox 437 1305 707 1357; x_wconf 87' lang='lat' dir='ltr'><strong>nuthitide</strong></span> <span class='ocrx_word' id='word_1_69' title='bbox 737 1303 920 1358; x_wconf 81' lang='lat' dir='ltr'><strong>furore</strong></span> <span class='ocrx_word' id='word_1_70' title='bbox 948 1313 1232 1372; x_wconf 64' lang='lat' dir='ltr'><strong>correpta},</strong></span> <span class='ocrx_word' id='word_1_71' title='bbox 1271 1305 1496 1373; x_wconf 90' lang='lat' dir='ltr'><strong>pudoris</strong></span> <span class='ocrx_word' id='word_1_72' title='bbox 1529 1319 1612 1358; x_wconf 85' lang='lat' dir='ltr'><strong>sui</strong></span> <span class='ocrx_word' id='word_1_73' title='bbox 1641 1317 1704 1358; x_wconf 91' lang='lat' dir='ltr'><strong>ac</strong></span> <span class='ocrx_word' id='word_1_74' title='bbox 1737 1305 2018 1358; x_wconf 74' lang='lat' dir='ltr'><strong>modestia:</strong></span> 
     </span>
    </p>
   </div>
   <div class='ocr_carea' id='block_1_15' title="bbox 437 1397 2017 1466">
    <p class='ocr_par' dir='ltr' id='par_1_15' title="bbox 437 1397 2017 1466">
     <span class='ocr_line' id='line_1_15' title="bbox 437 1397 2017 1466; baseline 0.002 -19"><span class='ocrx_word' id='word_1_75' title='bbox 437 1397 718 1450; x_wconf 70' lang='lat' dir='ltr'><strong>muliebris</strong></span> <span class='ocrx_word' id='word_1_76' title='bbox 773 1397 1176 1450; x_wconf 85' lang='lat' dir='ltr'><strong>obliviscuntur</strong></span> <span class='ocrx_word' id='word_1_77' title='bbox 1222 1415 1234 1451; x_wconf 92' lang='lat'><strong>:</strong></span> <span class='ocrx_word' id='word_1_78' title='bbox 1273 1405 1478 1466; x_wconf 87' lang='lat' dir='ltr'><strong>quanta</strong></span> <span class='ocrx_word' id='word_1_79' title='bbox 1535 1397 1666 1450; x_wconf 89' lang='lat' dir='ltr'><strong>mihi</strong></span> <span class='ocrx_word' id='word_1_80' title='bbox 1727 1397 2017 1451; x_wconf 87' lang='lat' dir='ltr'><strong>verborum</strong></span> 
     </span>
    </p>
   </div>
   <div class='ocr_carea' id='block_1_16' title="bbox 436 1487 2019 1558">
    <p class='ocr_par' dir='ltr' id='par_1_16' title="bbox 436 1487 2019 1558">
     <span class='ocr_line' id='line_1_16' title="bbox 436 1487 2019 1558; baseline 0 -16"><span class='ocrx_word' id='word_1_81' title='bbox 436 1487 610 1556; x_wconf 85' lang='lat' dir='ltr'><strong>c0pia,</strong></span> <span class='ocrx_word' id='word_1_82' title='bbox 637 1503 910 1557; x_wconf 84' lang='lat' dir='ltr'><strong>quamque</strong></span> <span class='ocrx_word' id='word_1_83' title='bbox 955 1489 1148 1558; x_wconf 84' lang='lat' dir='ltr'><strong>amplis</strong></span> <span class='ocrx_word' id='word_1_84' title='bbox 1195 1489 1565 1543; x_wconf 84' lang='lat' dir='ltr'><strong>voluminibus</strong></span> <span class='ocrx_word' id='word_1_85' title='bbox 1613 1503 1751 1558; x_wconf 87' lang='lat' dir='ltr'><strong>opus</strong></span> <span class='ocrx_word' id='word_1_86' title='bbox 1781 1489 1909 1550; x_wconf 86' lang='lat' dir='ltr'><strong>erit,</strong></span> <span class='ocrx_word' id='word_1_87' title='bbox 1959 1496 2019 1542; x_wconf 89' lang='lat' dir='ltr'><strong>ut</strong></span> 
     </span>
    </p>
   </div>
   <div class='ocr_carea' id='block_1_17' title="bbox 435 1580 2014 1650">
    <p class='ocr_par' dir='ltr' id='par_1_17' title="bbox 435 1580 2014 1650">
     <span class='ocr_line' id='line_1_17' title="bbox 435 1580 2014 1650; baseline -0.002 -15"><span class='ocrx_word' id='word_1_88' title='bbox 435 1582 928 1635; x_wconf 84' lang='lat' dir='ltr'><strong>conniiemoramlis</strong></span> <span class='ocrx_word' id='word_1_89' title='bbox 957 1581 1024 1634; x_wconf 92' lang='lat' dir='ltr'><strong>iis</strong></span> <span class='ocrx_word' id='word_1_90' title='bbox 1057 1581 1332 1643; x_wconf 87' lang='lat' dir='ltr'><strong>onmibus,</strong></span> <span class='ocrx_word' id='word_1_91' title='bbox 1366 1597 1486 1650; x_wconf 73' lang='lat' dir='ltr'><strong>quae</strong></span> <span class='ocrx_word' id='word_1_92' title='bbox 1510 1595 1674 1650; x_wconf 87' lang='lat' dir='ltr'><strong>supra</strong></span> <span class='ocrx_word' id='word_1_93' title='bbox 1705 1580 2014 1650; x_wconf 85' lang='lat' dir='ltr'><strong>percensui,</strong></span> 
     </span>
    </p>
   </div>
   <div class='ocr_carea' id='block_1_18' title="bbox 437 1672 2019 1743">
    <p class='ocr_par' dir='ltr' id='par_1_18' title="bbox 437 1672 2019 1743">
     <span class='ocr_line' id='line_1_18' title="bbox 437 1672 2019 1743; baseline 0 -17"><span class='ocrx_word' id='word_1_94' title='bbox 437 1689 662 1743; x_wconf 66' lang='lat' dir='ltr'><strong>qumque</strong></span> <span class='ocrx_word' id='word_1_95' title='bbox 697 1673 1086 1742; x_wconf 81' lang='lat' dir='ltr'><strong>prOpcnioJum</strong></span> <span class='ocrx_word' id='word_1_96' title='bbox 1137 1672 1345 1724; x_wconf 87' lang='lat' dir='ltr'><strong>inlinita</strong></span> <span class='ocrx_word' id='word_1_97' title='bbox 1387 1681 1535 1738; x_wconf 88' lang='lat' dir='ltr'><strong>sunt,</strong></span> <span class='ocrx_word' id='word_1_98' title='bbox 1573 1672 1886 1726; x_wconf 90' lang='lat' dir='ltr'><strong>incumbere</strong></span> <span class='ocrx_word' id='word_1_99' title='bbox 1927 1689 2019 1726; x_wconf 83' lang='lat' dir='ltr'><strong>ve-</strong></span> 
     </span>
    </p>
   </div>
   <div class='ocr_carea' id='block_1_19' title="bbox 437 1761 2015 1832">
    <p class='ocr_par' dir='ltr' id='par_1_19' title="bbox 437 1761 2015 1832">
     <span class='ocr_line' id='line_1_19' title="bbox 437 1761 2015 1832; baseline 0 -16"><span class='ocrx_word' id='word_1_100' title='bbox 437 1761 566 1816; x_wconf 79' lang='lat' dir='ltr'><strong>lini?</strong></span> <span class='ocrx_word' id='word_1_101' title='bbox 597 1763 743 1815; x_wconf 85' lang='lat' dir='ltr'><strong>Licet</strong></span> <span class='ocrx_word' id='word_1_102' title='bbox 771 1765 914 1816; x_wconf 86' lang='lat' dir='ltr'><strong>enim</strong></span> <span class='ocrx_word' id='word_1_103' title='bbox 965 1763 1234 1832; x_wconf 85' lang='lat' dir='ltr'><strong>ingentem</strong></span> <span class='ocrx_word' id='word_1_104' title='bbox 1273 1763 1400 1816; x_wconf 92' lang='lat' dir='ltr'><strong>mihi</strong></span> <span class='ocrx_word' id='word_1_105' title='bbox 1451 1763 1549 1816; x_wconf 85' lang='lat' dir='ltr'><strong>hac</strong></span> <span class='ocrx_word' id='word_1_106' title='bbox 1583 1763 1637 1816; x_wconf 93' lang='lat' dir='ltr'><strong>in</strong></span> <span class='ocrx_word' id='word_1_107' title='bbox 1675 1779 1732 1818; x_wconf 88' lang='lat' dir='ltr'><strong>re</strong></span> <span class='ocrx_word' id='word_1_108' title='bbox 1777 1763 2015 1818; x_wconf 84' lang='lat' dir='ltr'><strong>laborem</strong></span> 
     </span>
    </p>
   </div>
   <div class='ocr_carea' id='block_1_20' title="bbox 2123 569 3708 646">
    <p class='ocr_par' dir='ltr' id='par_1_20' title="bbox 2123 569 3708 646">
     <span class='ocr_line' id='line_1_20' title="bbox 2123 569 3708 646; baseline -0.003 -19"><span class='ocrx_word' id='word_1_109' title='bbox 2123 575 2589 646; x_wconf 79' lang='grc' dir='ltr'>ὲξοιστρήσαντες,</span> <span class='ocrx_word' id='word_1_110' title='bbox 2619 572 2959 642; x_wconf 77' lang='grc' dir='ltr'><strong>μεταδιδόασι</strong></span> <span class='ocrx_word' id='word_1_111' title='bbox 2997 576 3063 643; x_wconf 88' lang='grc' dir='ltr'>τῇ</span> <span class='ocrx_word' id='word_1_112' title='bbox 3100 573 3242 644; x_wconf 75' lang='grc' dir='ltr'>χειρὶ</span> <span class='ocrx_word' id='word_1_113' title='bbox 3277 569 3386 625; x_wconf 74' lang='grc' dir='ltr'><strong>ἀπὸ</strong></span> <span class='ocrx_word' id='word_1_114' title='bbox 3408 569 3503 623; x_wconf 89' lang='grc' dir='ltr'><strong>τοῦ</strong></span> <span class='ocrx_word' id='word_1_115' title='bbox 3539 587 3708 639; x_wconf 82' lang='grc' dir='ltr'>προσ-</span> 
     </span>
    </p>
   </div>
   <div class='ocr_carea' id='block_1_21' title="bbox 2121 665 3704 736">
    <p class='ocr_par' dir='ltr' id='par_1_21' title="bbox 2121 665 3704 736">
     <span class='ocr_line' id='line_1_21' title="bbox 2121 665 3704 736; baseline -0.003 -16"><span class='ocrx_word' id='word_1_116' title='bbox 2121 667 2270 725; x_wconf 78' lang='grc' dir='ltr'>ώπου</span> <span class='ocrx_word' id='word_1_117' title='bbox 2333 667 2746 736; x_wconf 79' lang='grc' dir='ltr'>ἀπομαξάμενοι</span> <span class='ocrx_word' id='word_1_118' title='bbox 2806 665 3020 735; x_wconf 72' lang='grc' dir='ltr'>ἑκάστῳ</span> <span class='ocrx_word' id='word_1_119' title='bbox 3070 665 3178 717; x_wconf 86' lang='grc' dir='ltr'><strong>τῶν</strong></span> <span class='ocrx_word' id='word_1_120' title='bbox 3239 665 3599 733; x_wconf 70' lang='grc' dir='ltr'><strong>αἰτησάντων,</strong></span> <span class='ocrx_word' id='word_1_121' title='bbox 3628 665 3704 726; x_wconf 81' lang='grc' dir='ltr'><strong>είς</strong></span> 
     </span>
    </p>
   </div>
   <div class='ocr_carea' id='block_1_22' title="bbox 2126 755 3526 828">
    <p class='ocr_par' dir='ltr' id='par_1_22' title="bbox 2126 755 3526 828">
     <span class='ocr_line' id='line_1_22' title="bbox 2126 755 3526 828; baseline -0.001 -18"><span class='ocrx_word' id='word_1_122' title='bbox 2126 757 2422 828; x_wconf 67' lang='grc' dir='ltr'>μετάληψιν</span> <span class='ocrx_word' id='word_1_123' title='bbox 2449 756 2638 825; x_wconf 82' lang='grc' dir='ltr'>ὑγείας</span> <span class='ocrx_word' id='word_1_124' title='bbox 2685 772 2743 808; x_wconf 88' lang='grc' dir='ltr'><strong>τε</strong></span> <span class='ocrx_word' id='word_1_125' title='bbox 2772 756 2866 808; x_wconf 76' lang='grc' dir='ltr'>καὶ</span> <span class='ocrx_word' id='word_1_126' title='bbox 2895 755 3059 815; x_wconf 81' lang='grc' dir='ltr'>ἄκους</span> <span class='ocrx_word' id='word_1_127' title='bbox 3102 755 3279 808; x_wconf 87' lang='grc' dir='ltr'>πόνων</span> <span class='ocrx_word' id='word_1_128' title='bbox 3322 755 3526 808; x_wconf 75' lang='grc' dir='ltr'>ἕνεκεν.</span> 
     </span>
    </p>
   </div>
   <div class='ocr_carea' id='block_1_23' title="bbox 2192 937 3698 1013">
    <p class='ocr_par' dir='ltr' id='par_1_23' title="bbox 2192 937 3698 1013">
     <span class='ocr_line' id='line_1_23' title="bbox 2192 937 3698 1013; baseline -0.003 -18"><span class='ocrx_word' id='word_1_129' title='bbox 2192 941 2293 996; x_wconf 85' lang='grc' dir='ltr'><strong>ῘΒ’.</strong></span> <span class='ocrx_word' id='word_1_130' title='bbox 2328 943 2438 1004; x_wconf 76' lang='grc' dir='ltr'><strong>Τάς</strong></span> <span class='ocrx_word' id='word_1_131' title='bbox 2473 941 2528 994; x_wconf 79' lang='grc' dir='ltr'>δὲ</span> <span class='ocrx_word' id='word_1_132' title='bbox 2551 941 2900 1013; x_wconf 64' lang='grc' dir='ltr'>Μεμφίτιδας</span> <span class='ocrx_word' id='word_1_133' title='bbox 2937 937 3396 1001; x_wconf 81' lang='grc' dir='ltr'>Ἦλιουπολίτιδας</span> <span class='ocrx_word' id='word_1_134' title='bbox 3430 937 3698 1010; x_wconf 79' lang='grc' dir='ltr'>ὀργώσας,</span> 
     </span>
    </p>
   </div>
   <div class='ocr_carea' id='block_1_24' title="bbox 2119 1030 3700 1104">
    <p class='ocr_par' dir='ltr' id='par_1_24' title="bbox 2119 1030 3700 1104">
     <span class='ocr_line' id='line_1_24' title="bbox 2119 1030 3700 1104; baseline -0.003 -17"><span class='ocrx_word' id='word_1_135' title='bbox 2119 1035 2390 1104; x_wconf 83' lang='grc' dir='ltr'><strong>τυμπάνῳ</strong></span> <span class='ocrx_word' id='word_1_136' title='bbox 2426 1051 2485 1087; x_wconf 83' lang='grc' dir='ltr'><strong>τε</strong></span> <span class='ocrx_word' id='word_1_137' title='bbox 2511 1036 2604 1088; x_wconf 70' lang='grc' dir='ltr'><strong>καὶ</strong></span> <span class='ocrx_word' id='word_1_138' title='bbox 2631 1034 2778 1103; x_wconf 75' lang='grc' dir='ltr'>αὐλῷ</span> <span class='ocrx_word' id='word_1_139' title='bbox 2807 1035 2868 1085; x_wconf 85' lang='grc' dir='ltr'><strong>τὸ</strong></span> <span class='ocrx_word' id='word_1_140' title='bbox 2898 1032 3191 1103; x_wconf 78' lang='grc' dir='ltr'><strong>θέλγητρον</strong></span> <span class='ocrx_word' id='word_1_141' title='bbox 3218 1033 3296 1094; x_wconf 83' lang='grc' dir='ltr'><strong>είς</strong></span> <span class='ocrx_word' id='word_1_142' title='bbox 3331 1031 3529 1094; x_wconf 78' lang='grc' dir='ltr'>ἑαυτὰς</span> <span class='ocrx_word' id='word_1_143' title='bbox 3559 1030 3700 1100; x_wconf 83' lang='grc' dir='ltr'>λαμ-</span> 
     </span>
    </p>
   </div>
   <div class='ocr_carea' id='block_1_25' title="bbox 2119 1125 3703 1198">
    <p class='ocr_par' dir='ltr' id='par_1_25' title="bbox 2119 1125 3703 1198">
     <span class='ocr_line' id='line_1_25' title="bbox 2119 1125 3703 1198; baseline -0.004 -18"><span class='ocrx_word' id='word_1_144' title='bbox 2119 1127 2410 1192; x_wconf 78' lang='grc' dir='ltr'>ϐανούσας,</span> <span class='ocrx_word' id='word_1_145' title='bbox 2453 1130 2500 1180; x_wconf 81' lang='grc' dir='ltr'><strong>εἰ</strong></span> <span class='ocrx_word' id='word_1_146' title='bbox 2560 1127 2960 1198; x_wconf 74' lang='grc' dir='ltr'><strong>διηγησαίμην,</strong></span> <span class='ocrx_word' id='word_1_147' title='bbox 3003 1125 3289 1194; x_wconf 82' lang='grc' dir='ltr'>Κορίτιδάς</span> <span class='ocrx_word' id='word_1_148' title='bbox 3350 1139 3410 1176; x_wconf 86' lang='grc' dir='ltr'><strong>τε</strong></span> <span class='ocrx_word' id='word_1_149' title='bbox 3455 1125 3549 1176; x_wconf 73' lang='grc' dir='ltr'><strong>καὶ</strong></span> <span class='ocrx_word' id='word_1_150' title='bbox 3585 1135 3703 1193; x_wconf 86' lang='grc' dir='ltr'>τρι-</span> 
     </span>
    </p>
   </div>
   <div class='ocr_carea' id='block_1_26' title="bbox 2120 1215 3700 1291">
    <p class='ocr_par' dir='ltr' id='par_1_26' title="bbox 2120 1215 3700 1291">
     <span class='ocr_line' id='line_1_26' title="bbox 2120 1215 3700 1291; baseline -0.003 -20"><span class='ocrx_word' id='word_1_151' title='bbox 2120 1218 2457 1291; x_wconf 84' lang='grc' dir='ltr'>ετηρίτιδας,</span> <span class='ocrx_word' id='word_1_152' title='bbox 2484 1219 2578 1272; x_wconf 74' lang='grc' dir='ltr'><strong>καὶ</strong></span> <span class='ocrx_word' id='word_1_153' title='bbox 2611 1219 2710 1280; x_wconf 82' lang='grc' dir='ltr'>τὰς</span> <span class='ocrx_word' id='word_1_154' title='bbox 2742 1219 2833 1270; x_wconf 72' lang='grc' dir='ltr'><strong>ἐπὶ</strong></span> <span class='ocrx_word' id='word_1_155' title='bbox 2866 1219 2966 1286; x_wconf 72' lang='grc' dir='ltr'>τῆς</span> <span class='ocrx_word' id='word_1_156' title='bbox 3005 1216 3236 1278; x_wconf 86' lang='grc' dir='ltr'>Βαθείας</span> <span class='ocrx_word' id='word_1_157' title='bbox 3261 1215 3356 1268; x_wconf 81' lang='grc' dir='ltr'>καὶ</span> <span class='ocrx_word' id='word_1_158' title='bbox 3393 1217 3458 1268; x_wconf 80' lang='grc' dir='ltr'><strong>ὲκ</strong></span> <span class='ocrx_word' id='word_1_159' title='bbox 3489 1216 3700 1268; x_wconf 73' lang='grc' dir='ltr'>Μενοῦ-</span> 
     </span>
    </p>
   </div>
   <div class='ocr_carea' id='block_1_27' title="bbox 2121 1309 3698 1380">
    <p class='ocr_par' dir='ltr' id='par_1_27' title="bbox 2121 1309 3698 1380">
     <span class='ocr_line' id='line_1_27' title="bbox 2121 1309 3698 1380; baseline -0.003 -17"><span class='ocrx_word' id='word_1_160' title='bbox 2121 1310 2320 1373; x_wconf 84' lang='grc' dir='ltr'>θίτιδος</span> <span class='ocrx_word' id='word_1_161' title='bbox 2372 1309 2475 1374; x_wconf 78' lang='grc' dir='ltr'><strong>ἔξω</strong></span> <span class='ocrx_word' id='word_1_162' title='bbox 2501 1309 2794 1380; x_wconf 74' lang='grc' dir='ltr'>βεϐηκυίας</span> <span class='ocrx_word' id='word_1_163' title='bbox 2828 1309 2966 1362; x_wconf 82' lang='grc' dir='ltr'>αίδοί</span> <span class='ocrx_word' id='word_1_164' title='bbox 3001 1325 3060 1361; x_wconf 87' lang='grc' dir='ltr'><strong>τε</strong></span> <span class='ocrx_word' id='word_1_165' title='bbox 3105 1310 3199 1361; x_wconf 74' lang='grc' dir='ltr'>καὶ</span> <span class='ocrx_word' id='word_1_166' title='bbox 3243 1311 3570 1360; x_wconf 77' lang='grc' dir='ltr'>καταστάσει</span> <span class='ocrx_word' id='word_1_167' title='bbox 3601 1321 3698 1374; x_wconf 78' lang='grc' dir='ltr'>γυ-</span> 
     </span>
    </p>
   </div>
   <div class='ocr_carea' id='block_1_28' title="bbox 2119 1395 3697 1472">
    <p class='ocr_par' dir='ltr' id='par_1_28' title="bbox 2119 1395 3697 1472">
     <span class='ocr_line' id='line_1_28' title="bbox 2119 1395 3697 1472; baseline -0.003 -18"><span class='ocrx_word' id='word_1_168' title='bbox 2119 1401 2373 1472; x_wconf 78' lang='grc' dir='ltr'>ναικείᾳ,</span> <span class='ocrx_word' id='word_1_169' title='bbox 2425 1401 2609 1462; x_wconf 87' lang='grc' dir='ltr'>πόσοις</span> <span class='ocrx_word' id='word_1_170' title='bbox 2667 1399 2849 1467; x_wconf 79' lang='grc' dir='ltr'>ὄγκοις</span> <span class='ocrx_word' id='word_1_171' title='bbox 2902 1398 3180 1468; x_wconf 86' lang='grc' dir='ltr'><strong>γλώττης,</strong></span> <span class='ocrx_word' id='word_1_172' title='bbox 3223 1397 3255 1468; x_wconf 83' lang='grc' dir='ltr'>ἦ</span> <span class='ocrx_word' id='word_1_173' title='bbox 3311 1397 3460 1467; x_wconf 85' lang='grc' dir='ltr'>πόσῳ</span> <span class='ocrx_word' id='word_1_174' title='bbox 3510 1395 3697 1450; x_wconf 81' lang='grc' dir='ltr'>πλάτει</span> 
     </span>
    </p>
   </div>
   <div class='ocr_carea' id='block_1_29' title="bbox 2121 1485 3698 1558">
    <p class='ocr_par' dir='ltr' id='par_1_29' title="bbox 2121 1485 3698 1558">
     <span class='ocr_line' id='line_1_29' title="bbox 2121 1485 3698 1558; baseline -0.003 -14"><span class='ocrx_word' id='word_1_175' title='bbox 2121 1491 2426 1556; x_wconf 78' lang='grc' dir='ltr'>συντάξεως</span> <span class='ocrx_word' id='word_1_176' title='bbox 2485 1491 2675 1544; x_wconf 76' lang='grc' dir='ltr'>ἑαυτὸν</span> <span class='ocrx_word' id='word_1_177' title='bbox 2729 1490 2945 1553; x_wconf 72' lang='grc' dir='ltr'>ἐπιδοὺς</span> <span class='ocrx_word' id='word_1_178' title='bbox 3008 1490 3102 1542; x_wconf 78' lang='grc' dir='ltr'>ἐπὶ</span> <span class='ocrx_word' id='word_1_179' title='bbox 3157 1490 3246 1541; x_wconf 82' lang='grc' dir='ltr'><strong>τὸν</strong></span> <span class='ocrx_word' id='word_1_180' title='bbox 3305 1485 3698 1558; x_wconf 80' lang='grc' dir='ltr'>προειρημένον</span> 
     </span>
    </p>
   </div>
   <div class='ocr_carea' id='block_1_30' title="bbox 2119 1580 3696 1656">
    <p class='ocr_par' dir='ltr' id='par_1_30' title="bbox 2119 1580 3696 1656">
     <span class='ocr_line' id='line_1_30' title="bbox 2119 1580 3696 1656; baseline -0.003 -20"><span class='ocrx_word' id='word_1_181' title='bbox 2119 1583 2374 1656; x_wconf 83' lang='grc' dir='ltr'>ἀριθμὸν,</span> <span class='ocrx_word' id='word_1_182' title='bbox 2413 1585 2502 1636; x_wconf 75' lang='grc' dir='ltr'><strong>τὸν</strong></span> <span class='ocrx_word' id='word_1_183' title='bbox 2533 1583 2812 1654; x_wconf 76' lang='grc' dir='ltr'>ἀμύθητον</span> <span class='ocrx_word' id='word_1_184' title='bbox 2843 1581 3035 1636; x_wconf 75' lang='grc' dir='ltr'>ἑαυτὸν</span> <span class='ocrx_word' id='word_1_185' title='bbox 3079 1580 3328 1634; x_wconf 83' lang='grc' dir='ltr'>ἐκδοῦναι</span> <span class='ocrx_word' id='word_1_186' title='bbox 3361 1581 3696 1650; x_wconf 75' lang='grc' dir='ltr'>δυνήσομαις</span> 
     </span>
    </p>
   </div>
   <div class='ocr_carea' id='block_1_31' title="bbox 2119 1669 3700 1747">
    <p class='ocr_par' dir='ltr' id='par_1_31' title="bbox 2119 1669 3700 1747">
     <span class='ocr_line' id='line_1_31' title="bbox 2119 1669 3700 1747; baseline -0.003 -19"><span class='ocrx_word' id='word_1_187' title='bbox 2119 1678 2180 1728; x_wconf 80' lang='grc' dir='ltr'><strong>Εἰ</strong></span> <span class='ocrx_word' id='word_1_188' title='bbox 2231 1677 2360 1747; x_wconf 53' lang='grc' dir='ltr'>γὰρ-μ</span> <span class='ocrx_word' id='word_1_189' title='bbox 2392 1679 2485 1730; x_wconf 68' lang='grc' dir='ltr'>καὶ</span> <span class='ocrx_word' id='word_1_190' title='bbox 2543 1677 2788 1745; x_wconf 85' lang='grc' dir='ltr'>κάματον</span> <span class='ocrx_word' id='word_1_191' title='bbox 2848 1673 3255 1745; x_wconf 72' lang='grc' dir='ltr'>ὑπερϐάλλοντα</span> <span class='ocrx_word' id='word_1_192' title='bbox 3321 1675 3400 1736; x_wconf 84' lang='grc' dir='ltr'><strong>είς</strong></span> <span class='ocrx_word' id='word_1_193' title='bbox 3465 1669 3700 1742; x_wconf 75' lang='grc' dir='ltr'>ἐμαυτὸν</span> 
     </span>
    </p>
   </div>
   <div class='ocr_carea' id='block_1_32' title="bbox 2119 1762 3700 1834">
    <p class='ocr_par' dir='ltr' id='par_1_32' title="bbox 2119 1762 3700 1834">
     <span class='ocr_line' id='line_1_32' title="bbox 2119 1762 3700 1834; baseline -0.001 -16"><span class='ocrx_word' id='word_1_194' title='bbox 2119 1765 2438 1834; x_wconf 78' lang='grc' dir='ltr'>ἀναδέξαιμι</span> <span class='ocrx_word' id='word_1_195' title='bbox 2451 1807 2462 1824; x_wconf 84' lang='grc'><strong>.</strong></span> <span class='ocrx_word' id='word_1_196' title='bbox 2481 1765 2766 1818; x_wconf 76' lang='grc' dir='ltr'>ἀτέλεστον</span> <span class='ocrx_word' id='word_1_197' title='bbox 2779 1763 3170 1834; x_wconf 66' lang='grc' dir='ltr'>καταλείψαιμι</span> <span class='ocrx_word' id='word_1_198' title='bbox 3187 1763 3285 1833; x_wconf 84' lang='grc' dir='ltr'><strong>τὴν</strong></span> <span class='ocrx_word' id='word_1_199' title='bbox 3301 1763 3504 1816; x_wconf 84' lang='grc' dir='ltr'>τούτων</span> <span class='ocrx_word' id='word_1_200' title='bbox 3531 1762 3700 1817; x_wconf 82' lang='grc' dir='ltr'>κατά-</span> 
     </span>
    </p>
   </div>
   <div class='ocr_carea' id='block_1_33' title="bbox 437 1849 2015 1930">
    <p class='ocr_par' dir='ltr' id='par_1_33' title="bbox 437 1854 2015 1924">
     <span class='ocr_line' id='line_1_33' title="bbox 437 1854 2015 1924; baseline 0.001 -15"><span class='ocrx_word' id='word_1_201' title='bbox 437 1855 806 1924; x_wconf 76' lang='lat' dir='ltr'><strong>unposuerim,</strong></span> <span class='ocrx_word' id='word_1_202' title='bbox 859 1854 1214 1908; x_wconf 86' lang='lat' dir='ltr'><strong>nihilominus</strong></span> <span class='ocrx_word' id='word_1_203' title='bbox 1265 1855 1481 1908; x_wconf 90' lang='lat' dir='ltr'><strong>illorum</strong></span> <span class='ocrx_word' id='word_1_204' title='bbox 1533 1857 1914 1910; x_wconf 83' lang='lat' dir='ltr'><strong>tractationem</strong></span> <span class='ocrx_word' id='word_1_205' title='bbox 1953 1870 2015 1910; x_wconf 88' lang='lat' dir='ltr'><strong>ac</strong></span> 
     </span>
    </p>
   </div>
   <div class='ocr_carea' id='block_1_34' title="bbox 2122 1849 3697 1930">
    <p class='ocr_par' dir='ltr' id='par_1_34' title="bbox 2122 1849 3697 1930">
     <span class='ocr_line' id='line_1_34' title="bbox 2122 1849 3697 1930; baseline -0.002 -22"><span class='ocrx_word' id='word_1_206' title='bbox 2122 1855 2298 1926; x_wconf 71' lang='grc' dir='ltr'>ληψιν·</span> <span class='ocrx_word' id='word_1_207' title='bbox 2331 1856 2515 1927; x_wconf 75' lang='grc' dir='ltr'>ἐπειδὴ</span> <span class='ocrx_word' id='word_1_208' title='bbox 2536 1849 3077 1930; x_wconf 55' lang='grc' dir='ltr'>γάρ,1κέἀι·ιδες,ὦν</span> <span class='ocrx_word' id='word_1_209' title='bbox 3096 1859 3205 1908; x_wconf 83' lang='grc' dir='ltr'>οὐκ</span> <span class='ocrx_word' id='word_1_210' title='bbox 3242 1855 3412 1908; x_wconf 80' lang='grc' dir='ltr'>ἐστιν</span> <span class='ocrx_word' id='word_1_211' title='bbox 3433 1851 3697 1922; x_wconf 82' lang='grc' dir='ltr'>ἀριθμὸς,</span> 
     </span>
    </p>
   </div>
   <div class='ocr_carea' id='block_1_35' title="bbox 437 1947 2018 2018">
    <p class='ocr_par' dir='ltr' id='par_1_35' title="bbox 437 1947 2018 2018">
     <span class='ocr_line' id='line_1_35' title="bbox 437 1947 2018 2018; baseline 0 -16"><span class='ocrx_word' id='word_1_212' title='bbox 437 1949 978 2018; x_wconf 76' lang='lat' dir='ltr'><strong>comprehensionem</strong></span> <span class='ocrx_word' id='word_1_213' title='bbox 1023 1947 1396 2016; x_wconf 81' lang='lat' dir='ltr'><strong>imperfectam</strong></span> <span class='ocrx_word' id='word_1_214' title='bbox 1442 1963 1665 2003; x_wconf 86' lang='lat' dir='ltr'><strong>necesse</strong></span> <span class='ocrx_word' id='word_1_215' title='bbox 1705 1949 1808 2002; x_wconf 86' lang='lat' dir='ltr'><strong>erit</strong></span> <span class='ocrx_word' id='word_1_216' title='bbox 1851 1949 2018 2002; x_wconf 90' lang='lat' dir='ltr'><strong>relin-</strong></span> 
     </span>
    </p>
   </div>
   <div class='ocr_carea' id='block_1_36' title="bbox 437 2039 2017 2111">
    <p class='ocr_par' dir='ltr' id='par_1_36' title="bbox 437 2039 2017 2111">
     <span class='ocr_line' id='line_1_36' title="bbox 437 2039 2017 2111; baseline 0 -17"><span class='ocrx_word' id='word_1_217' title='bbox 437 2039 547 2111; x_wconf 85' lang='lat' dir='ltr'><strong>qui.</strong></span> <span class='ocrx_word' id='word_1_218' title='bbox 587 2039 859 2110; x_wconf 84' lang='lat' dir='ltr'><strong>Scriptum</strong></span> <span class='ocrx_word' id='word_1_219' title='bbox 890 2047 972 2094; x_wconf 88' lang='lat' dir='ltr'><strong>est</strong></span> <span class='ocrx_word' id='word_1_220' title='bbox 1000 2039 1142 2094; x_wconf 86' lang='lat' dir='ltr'><strong>enim</strong></span> <span class='ocrx_word' id='word_1_221' title='bbox 1167 2059 1178 2092; x_wconf 94' lang='lat'><strong>:</strong></span> <span class='ocrx_word' id='word_1_222' title='bbox 1205 2039 1639 2104; x_wconf 71' lang='lat' dir='ltr'><strong>Adolescentuiw,</strong></span> <span class='ocrx_word' id='word_1_223' title='bbox 1668 2057 1892 2110; x_wconf 81' lang='lat' dir='ltr'><strong>quarum</strong></span> <span class='ocrx_word' id='word_1_224' title='bbox 1913 2057 2017 2094; x_wconf 86' lang='lat' dir='ltr'><strong>non</strong></span> 
     </span>
    </p>
   </div>
   <div class='ocr_carea' id='block_1_37' title="bbox 435 2130 2014 2200">
    <p class='ocr_par' dir='ltr' id='par_1_37' title="bbox 435 2130 2014 2200">
     <span class='ocr_line' id='line_1_37' title="bbox 435 2130 2014 2200; baseline 0 -16"><span class='ocrx_word' id='word_1_225' title='bbox 435 2140 511 2184; x_wconf 81' lang='lat' dir='ltr'><strong>est</strong></span> <span class='ocrx_word' id='word_1_226' title='bbox 536 2147 784 2184; x_wconf 83' lang='lat' dir='ltr'><strong>numerus</strong></span> <span class='ocrx_word' id='word_1_227' title='bbox 809 2133 848 2182; x_wconf 89' lang='grc'><strong>¹.</strong></span> <span class='ocrx_word' id='word_1_228' title='bbox 888 2130 967 2182; x_wconf 86' lang='lat' dir='ltr'><strong>Ad</strong></span> <span class='ocrx_word' id='word_1_229' title='bbox 1004 2145 1142 2198; x_wconf 88' lang='lat' dir='ltr'><strong>quas</strong></span> <span class='ocrx_word' id='word_1_230' title='bbox 1179 2145 1333 2184; x_wconf 86' lang='lat' dir='ltr'><strong>sacra</strong></span> <span class='ocrx_word' id='word_1_231' title='bbox 1365 2131 1453 2182; x_wconf 86' lang='lat' dir='ltr'><strong>illa</strong></span> <span class='ocrx_word' id='word_1_232' title='bbox 1485 2133 1776 2200; x_wconf 81' lang='lat' dir='ltr'><strong>pertinent,</strong></span> <span class='ocrx_word' id='word_1_233' title='bbox 1811 2147 1930 2200; x_wconf 66' lang='lat' dir='ltr'><strong>quae</strong></span> <span class='ocrx_word' id='word_1_234' title='bbox 1961 2132 2014 2184; x_wconf 92' lang='lat' dir='ltr'><strong>in</strong></span> 
     </span>
    </p>
   </div>
   <div class='ocr_carea' id='block_1_38' title="bbox 437 2220 2010 2292">
    <p class='ocr_par' dir='ltr' id='par_1_38' title="bbox 437 2220 2010 2292">
     <span class='ocr_line' id='line_1_38' title="bbox 437 2220 2010 2292; baseline 0.001 -18"><span class='ocrx_word' id='word_1_235' title='bbox 437 2222 633 2291; x_wconf 82' lang='lat' dir='ltr'><strong>0pp:tl0</strong></span> <span class='ocrx_word' id='word_1_236' title='bbox 673 2220 762 2275; x_wconf 86' lang='lat' dir='ltr'><strong>Sai</strong></span> <span class='ocrx_word' id='word_1_237' title='bbox 807 2229 860 2275; x_wconf 89' lang='lat' dir='ltr'><strong>et</strong></span> <span class='ocrx_word' id='word_1_238' title='bbox 900 2221 1120 2278; x_wconf 82' lang='lat' dir='ltr'><strong>Pelusii.</strong></span> <span class='ocrx_word' id='word_1_239' title='bbox 1163 2221 1382 2275; x_wconf 79' lang='lat' dir='ltr'><strong>Bubasti</strong></span> <span class='ocrx_word' id='word_1_240' title='bbox 1416 2233 1468 2274; x_wconf 87' lang='lat' dir='ltr'><strong>et</strong></span> <span class='ocrx_word' id='word_1_241' title='bbox 1495 2221 1668 2292; x_wconf 84' lang='lat' dir='ltr'><strong>Abydi</strong></span> <span class='ocrx_word' id='word_1_242' title='bbox 1710 2233 2010 2292; x_wconf 78' lang='lat' dir='ltr'><strong>geruntur:</strong></span> 
     </span>
    </p>
   </div>
   <div class='ocr_carea' id='block_1_39' title="bbox 437 2313 2018 2385">
    <p class='ocr_par' dir='ltr' id='par_1_39' title="bbox 437 2313 2018 2385">
     <span class='ocr_line' id='line_1_39' title="bbox 437 2313 2018 2385; baseline 0.001 -18"><span class='ocrx_word' id='word_1_243' title='bbox 437 2329 648 2368; x_wconf 77' lang='lat' dir='ltr'><strong>necnon</strong></span> <span class='ocrx_word' id='word_1_244' title='bbox 687 2323 740 2368; x_wconf 85' lang='lat' dir='ltr'><strong>et</strong></span> <span class='ocrx_word' id='word_1_245' title='bbox 787 2314 1008 2366; x_wconf 80' lang='lat' dir='ltr'><strong>Antinoi</strong></span> <span class='ocrx_word' id='word_1_246' title='bbox 1055 2313 1302 2377; x_wconf 90' lang='lat' dir='ltr'><strong>delubra,</strong></span> <span class='ocrx_word' id='word_1_247' title='bbox 1351 2329 1476 2368; x_wconf 88' lang='lat' dir='ltr'><strong>cum</strong></span> <span class='ocrx_word' id='word_1_248' title='bbox 1543 2315 1837 2385; x_wconf 85' lang='lat' dir='ltr'><strong>mysteriis,</strong></span> <span class='ocrx_word' id='word_1_249' title='bbox 1897 2329 2018 2384; x_wconf 75' lang='lat' dir='ltr'><strong>qua:</strong></span> 
     </span>
    </p>
   </div>
   <div class='ocr_carea' id='block_1_40' title="bbox 437 2407 2016 2479">
    <p class='ocr_par' dir='ltr' id='par_1_40' title="bbox 437 2407 2016 2479">
     <span class='ocr_line' id='line_1_40' title="bbox 437 2407 2016 2479; baseline 0 -17"><span class='ocrx_word' id='word_1_250' title='bbox 437 2409 547 2462; x_wconf 86' lang='lat' dir='ltr'><strong>Illic</strong></span> <span class='ocrx_word' id='word_1_251' title='bbox 582 2409 875 2462; x_wconf 89' lang='lat' dir='ltr'><strong>obeuntur.</strong></span> <span class='ocrx_word' id='word_1_252' title='bbox 927 2409 1056 2460; x_wconf 88' lang='lat' dir='ltr'><strong>Item</strong></span> <span class='ocrx_word' id='word_1_253' title='bbox 1097 2417 1150 2462; x_wconf 89' lang='lat' dir='ltr'><strong>et</strong></span> <span class='ocrx_word' id='word_1_254' title='bbox 1195 2425 1316 2478; x_wconf 71' lang='lat' dir='ltr'><strong>quae</strong></span> <span class='ocrx_word' id='word_1_255' title='bbox 1355 2407 1633 2474; x_wconf 87' lang='lat' dir='ltr'><strong>Pharbeti,</strong></span> <span class='ocrx_word' id='word_1_256' title='bbox 1676 2417 1770 2463; x_wconf 89' lang='lat' dir='ltr'><strong>aut</strong></span> <span class='ocrx_word' id='word_1_257' title='bbox 1817 2410 2016 2479; x_wconf 89' lang='lat' dir='ltr'><strong>quibus</strong></span> 
     </span>
    </p>
   </div>
   <div class='ocr_carea' id='block_1_41' title="bbox 437 2501 2016 2570">
    <p class='ocr_par' dir='ltr' id='par_1_41' title="bbox 437 2501 2016 2570">
     <span class='ocr_line' id='line_1_41' title="bbox 437 2501 2016 2570; baseline 0.001 -16"><span class='ocrx_word' id='word_1_258' title='bbox 437 2501 621 2556; x_wconf 68' lang='lat' dir='ltr'><strong>hircus</strong></span> <span class='ocrx_word' id='word_1_259' title='bbox 657 2517 686 2554; x_wconf 89' lang='lat' dir='ltr'><strong>a</strong></span> <span class='ocrx_word' id='word_1_260' title='bbox 721 2501 1014 2556; x_wconf 84' lang='lat' dir='ltr'><strong>Mendesiis</strong></span> <span class='ocrx_word' id='word_1_261' title='bbox 1059 2502 1291 2566; x_wconf 89' lang='lat' dir='ltr'><strong>colitur;</strong></span> <span class='ocrx_word' id='word_1_262' title='bbox 1340 2511 1395 2556; x_wconf 89' lang='lat' dir='ltr'><strong>et</strong></span> <span class='ocrx_word' id='word_1_263' title='bbox 1436 2517 1557 2570; x_wconf 71' lang='lat' dir='ltr'><strong>qua:</strong></span> <span class='ocrx_word' id='word_1_264' title='bbox 1603 2503 1658 2554; x_wconf 91' lang='lat' dir='ltr'><strong>in</strong></span> <span class='ocrx_word' id='word_1_265' title='bbox 1703 2501 2016 2556; x_wconf 77' lang='lat' dir='ltr'><strong>Busiritana</strong></span> 
     </span>
    </p>
   </div>
   <div class='ocr_carea' id='block_1_42' title="bbox 437 2591 2018 2664">
    <p class='ocr_par' dir='ltr' id='par_1_42' title="bbox 437 2591 2018 2664">
     <span class='ocr_line' id='line_1_42' title="bbox 437 2591 2018 2664; baseline 0 -16"><span class='ocrx_word' id='word_1_266' title='bbox 437 2593 779 2664; x_wconf 81' lang='lat' dir='ltr'><strong>praefectura,</strong></span> <span class='ocrx_word' id='word_1_267' title='bbox 811 2595 1184 2658; x_wconf 81' lang='lat' dir='ltr'><strong>Sebennitica,</strong></span> <span class='ocrx_word' id='word_1_268' title='bbox 1226 2609 1290 2648; x_wconf 91' lang='lat' dir='ltr'><strong>ac</strong></span> <span class='ocrx_word' id='word_1_269' title='bbox 1331 2591 1702 2663; x_wconf 89' lang='lat' dir='ltr'><strong>Diospolitana</strong></span> <span class='ocrx_word' id='word_1_270' title='bbox 1735 2595 2018 2649; x_wconf 85' lang='lat' dir='ltr'><strong>celebran-</strong></span> 
     </span>
    </p>
   </div>
   <div class='ocr_carea' id='block_1_43' title="bbox 437 2685 2018 2758">
    <p class='ocr_par' dir='ltr' id='par_1_43' title="bbox 437 2685 2018 2758">
     <span class='ocr_line' id='line_1_43' title="bbox 437 2685 2018 2758; baseline -0.001 -17"><span class='ocrx_word' id='word_1_271' title='bbox 437 2695 544 2741; x_wconf 89' lang='lat' dir='ltr'><strong>tur.</strong></span> <span class='ocrx_word' id='word_1_272' title='bbox 579 2687 685 2741; x_wconf 86' lang='lat' dir='ltr'><strong>Sed</strong></span> <span class='ocrx_word' id='word_1_273' title='bbox 725 2695 777 2740; x_wconf 89' lang='lat' dir='ltr'><strong>et</strong></span> <span class='ocrx_word' id='word_1_274' title='bbox 805 2687 1004 2742; x_wconf 86' lang='lat' dir='ltr'><strong>alicubi</strong></span> <span class='ocrx_word' id='word_1_275' title='bbox 1049 2689 1102 2740; x_wconf 93' lang='lat' dir='ltr'><strong>in</strong></span> <span class='ocrx_word' id='word_1_276' title='bbox 1139 2688 1401 2740; x_wconf 87' lang='lat' dir='ltr'><strong>honorem</strong></span> <span class='ocrx_word' id='word_1_277' title='bbox 1435 2685 1584 2752; x_wconf 90' lang='lat' dir='ltr'><strong>Seth,</strong></span> <span class='ocrx_word' id='word_1_278' title='bbox 1609 2701 1768 2756; x_wconf 81' lang='lat' dir='ltr'><strong>quem</strong></span> <span class='ocrx_word' id='word_1_279' title='bbox 1800 2685 2018 2758; x_wconf 88' lang='lat' dir='ltr'><strong>Typho-</strong></span> 
     </span>
    </p>
   </div>
   <div class='ocr_carea' id='block_1_44' title="bbox 437 2783 2014 2853">
    <p class='ocr_par' dir='ltr' id='par_1_44' title="bbox 437 2783 2014 2853">
     <span class='ocr_line' id='line_1_44' title="bbox 437 2783 2014 2853; baseline 0.001 -17"><span class='ocrx_word' id='word_1_280' title='bbox 437 2797 557 2838; x_wconf 87' lang='lat' dir='ltr'><strong>nem</strong></span> <span class='ocrx_word' id='word_1_281' title='bbox 593 2789 804 2852; x_wconf 87' lang='lat' dir='ltr'><strong>putant,</strong></span> <span class='ocrx_word' id='word_1_282' title='bbox 851 2783 1006 2837; x_wconf 88' lang='lat' dir='ltr'><strong>asino</strong></span> <span class='ocrx_word' id='word_1_283' title='bbox 1045 2783 1182 2838; x_wconf 83' lang='lat' dir='ltr'><strong>ritus</strong></span> <span class='ocrx_word' id='word_1_284' title='bbox 1221 2797 1285 2838; x_wconf 84' lang='lat' dir='ltr'><strong>ac</strong></span> <span class='ocrx_word' id='word_1_285' title='bbox 1320 2783 1677 2837; x_wconf 68' lang='lat' dir='ltr'><strong>caeremonias</strong></span> <span class='ocrx_word' id='word_1_286' title='bbox 1725 2789 2014 2853; x_wconf 86' lang='lat' dir='ltr'><strong>peragunt.</strong></span> 
     </span>
    </p>
   </div>
   <div class='ocr_carea' id='block_1_45' title="bbox 438 2873 2018 2948">
    <p class='ocr_par' dir='ltr' id='par_1_45' title="bbox 438 2873 2018 2948">
     <span class='ocr_line' id='line_1_45' title="bbox 438 2873 2018 2948; baseline 0 -20"><span class='ocrx_word' id='word_1_287' title='bbox 438 2877 536 2928; x_wconf 84' lang='lat' dir='ltr'><strong>Alii</strong></span> <span class='ocrx_word' id='word_1_288' title='bbox 567 2873 1143 2948; x_wconf 83' lang='lat' dir='ltr'><strong>Tithramboni,quam</strong></span> <span class='ocrx_word' id='word_1_289' title='bbox 1164 2875 1593 2943; x_wconf 87' lang='lat' dir='ltr'><strong>interpretantur</strong></span> <span class='ocrx_word' id='word_1_290' title='bbox 1623 2873 1892 2942; x_wconf 83' lang='lat' dir='ltr'><strong>Hecaten;</strong></span> <span class='ocrx_word' id='word_1_291' title='bbox 1927 2875 2018 2928; x_wconf 82' lang='lat' dir='ltr'><strong>alii</strong></span> 
     </span>
    </p>
   </div>
   <div class='ocr_carea' id='block_1_46' title="bbox 437 2963 2018 3037">
    <p class='ocr_par' dir='ltr' id='par_1_46' title="bbox 437 2963 2018 3037">
     <span class='ocr_line' id='line_1_46' title="bbox 437 2963 2018 3037; baseline 0.001 -18"><span class='ocrx_word' id='word_1_292' title='bbox 437 2964 666 3037; x_wconf 79' lang='lat' dir='ltr'><strong>Nepthy,</strong></span> <span class='ocrx_word' id='word_1_293' title='bbox 685 2967 772 3020; x_wconf 85' lang='lat' dir='ltr'><strong>alii</strong></span> <span class='ocrx_word' id='word_1_294' title='bbox 788 2965 1094 3028; x_wconf 83' lang='lat' dir='ltr'><strong>Therinuu,</strong></span> <span class='ocrx_word' id='word_1_295' title='bbox 1115 2963 1202 3018; x_wconf 86' lang='lat' dir='ltr'><strong>alii</strong></span> <span class='ocrx_word' id='word_1_296' title='bbox 1223 2963 1350 3020; x_wconf 87' lang='lat' dir='ltr'><strong>Isidi</strong></span> <span class='ocrx_word' id='word_1_297' title='bbox 1371 2963 1676 3020; x_wconf 81' lang='lat' dir='ltr'><strong>initiantur.</strong></span> <span class='ocrx_word' id='word_1_298' title='bbox 1697 2965 2018 3034; x_wconf 89' lang='lat' dir='ltr'><strong>Cujusmodi</strong></span> 
     </span>
    </p>
   </div>
   <div class='ocr_carea' id='block_1_47' title="bbox 439 3057 2021 3128">
    <p class='ocr_par' dir='ltr' id='par_1_47' title="bbox 439 3057 2021 3128">
     <span class='ocr_line' id='line_1_47' title="bbox 439 3057 2021 3128; baseline 0.001 -18"><span class='ocrx_word' id='word_1_299' title='bbox 439 3059 647 3112; x_wconf 78' lang='lat' dir='ltr'><strong>inﬁnita</strong></span> <span class='ocrx_word' id='word_1_300' title='bbox 668 3060 770 3112; x_wconf 90' lang='lat' dir='ltr'><strong>alia</strong></span> <span class='ocrx_word' id='word_1_301' title='bbox 794 3061 898 3114; x_wconf 83' lang='lat' dir='ltr'><strong>uici</strong></span> <span class='ocrx_word' id='word_1_302' title='bbox 925 3067 1310 3128; x_wconf 80' lang='lat' dir='ltr'><strong>possunt,quae</strong></span> <span class='ocrx_word' id='word_1_303' title='bbox 1337 3057 1615 3127; x_wconf 87' lang='lat' dir='ltr'><strong>speciatim</strong></span> <span class='ocrx_word' id='word_1_304' title='bbox 1633 3066 2021 3113; x_wconf 88' lang='lat' dir='ltr'><strong>utreccnsean-</strong></span> 
     </span>
    </p>
   </div>
   <div class='ocr_carea' id='block_1_48' title="bbox 437 3147 2020 3220">
    <p class='ocr_par' dir='ltr' id='par_1_48' title="bbox 437 3147 2020 3220">
     <span class='ocr_line' id='line_1_48' title="bbox 437 3147 2020 3220; baseline -0.001 -16"><span class='ocrx_word' id='word_1_305' title='bbox 437 3155 562 3216; x_wconf 81' lang='lat' dir='ltr'><strong>tur,</strong></span> <span class='ocrx_word' id='word_1_306' title='bbox 599 3152 858 3220; x_wconf 84' lang='lat' dir='ltr'><strong>temporis</strong></span> <span class='ocrx_word' id='word_1_307' title='bbox 913 3151 1206 3220; x_wconf 89' lang='lat' dir='ltr'><strong>plurimum</strong></span> <span class='ocrx_word' id='word_1_308' title='bbox 1246 3147 1459 3220; x_wconf 62' lang='lat'><strong>1094</strong></span> <span class='ocrx_word' id='word_1_309' title='bbox 1499 3147 1828 3204; x_wconf 85' lang='lat' dir='ltr'><strong>desiderent.</strong></span> <span class='ocrx_word' id='word_1_310' title='bbox 1875 3147 2020 3213; x_wconf 85' lang='lat' dir='ltr'><strong>Quo-</strong></span> 
     </span>
    </p>
   </div>
   <div class='ocr_carea' id='block_1_49' title="bbox 2126 1946 3700 2018">
    <p class='ocr_par' dir='ltr' id='par_1_49' title="bbox 2126 1946 3700 2018">
     <span class='ocr_line' id='line_1_49' title="bbox 2126 1946 3700 2018; baseline -0.001 -19"><span class='ocrx_word' id='word_1_311' title='bbox 2126 1947 2360 2018; x_wconf 81' lang='grc' dir='ltr'>εἴρηται.</span> <span class='ocrx_word' id='word_1_312' title='bbox 2398 1948 2478 2001; x_wconf 83' lang='grc' dir='ltr'>Τά</span> <span class='ocrx_word' id='word_1_313' title='bbox 2513 1965 2570 2000; x_wconf 88' lang='grc' dir='ltr'><strong>τε</strong></span> <span class='ocrx_word' id='word_1_314' title='bbox 2599 1949 2656 2000; x_wconf 77' lang='grc' dir='ltr'>ἐν</span> <span class='ocrx_word' id='word_1_315' title='bbox 2694 1949 2810 2010; x_wconf 86' lang='grc' dir='ltr'>Σάῖ,</span> <span class='ocrx_word' id='word_1_316' title='bbox 2839 1948 2907 2000; x_wconf 85' lang='grc' dir='ltr'><strong>τά</strong></span> <span class='ocrx_word' id='word_1_317' title='bbox 2933 1965 2990 2000; x_wconf 90' lang='grc' dir='ltr'><strong>τε</strong></span> <span class='ocrx_word' id='word_1_318' title='bbox 3025 1950 3082 2001; x_wconf 82' lang='grc' dir='ltr'>ὲν</span> <span class='ocrx_word' id='word_1_319' title='bbox 3115 1947 3419 2018; x_wconf 75' lang='grc' dir='ltr'>Πηλουσίῳ,</span> <span class='ocrx_word' id='word_1_320' title='bbox 3454 1946 3522 1999; x_wconf 86' lang='grc' dir='ltr'><strong>τά</strong></span> <span class='ocrx_word' id='word_1_321' title='bbox 3555 1962 3612 1998; x_wconf 88' lang='grc' dir='ltr'><strong>τε</strong></span> <span class='ocrx_word' id='word_1_322' title='bbox 3641 1948 3700 1998; x_wconf 80' lang='grc' dir='ltr'>ὲν</span> 
     </span>
    </p>
   </div>
   <div class='ocr_carea' id='block_1_50' title="bbox 2123 2037 3698 2112">
    <p class='ocr_par' dir='ltr' id='par_1_50' title="bbox 2123 2037 3698 2112">
     <span class='ocr_line' id='line_1_50' title="bbox 2123 2037 3698 2112; baseline -0.002 -20"><span class='ocrx_word' id='word_1_323' title='bbox 2123 2040 2445 2112; x_wconf 76' lang='grc' dir='ltr'>Βουϐαστῷ,</span> <span class='ocrx_word' id='word_1_324' title='bbox 2487 2041 2556 2094; x_wconf 88' lang='grc' dir='ltr'><strong>τά</strong></span> <span class='ocrx_word' id='word_1_325' title='bbox 2599 2057 2658 2092; x_wconf 89' lang='grc' dir='ltr'><strong>τε</strong></span> <span class='ocrx_word' id='word_1_326' title='bbox 2699 2043 2757 2093; x_wconf 84' lang='grc' dir='ltr'>ὲν</span> <span class='ocrx_word' id='word_1_327' title='bbox 2797 2042 2974 2094; x_wconf 78' lang='grc' dir='ltr'>Ἀὁύδι</span> <span class='ocrx_word' id='word_1_328' title='bbox 2999 2043 3040 2104; x_wconf 82' lang='grc'>¹,</span> <span class='ocrx_word' id='word_1_329' title='bbox 3087 2041 3155 2094; x_wconf 88' lang='grc' dir='ltr'><strong>τά</strong></span> <span class='ocrx_word' id='word_1_330' title='bbox 3196 2057 3257 2094; x_wconf 89' lang='grc' dir='ltr'><strong>τε</strong></span> <span class='ocrx_word' id='word_1_331' title='bbox 3299 2039 3392 2092; x_wconf 88' lang='grc' dir='ltr'><strong>τοῦ</strong></span> <span class='ocrx_word' id='word_1_332' title='bbox 3435 2037 3698 2092; x_wconf 73' lang='grc' dir='ltr'>Ἀντινόου</span> 
     </span>
    </p>
   </div>
   <div class='ocr_carea' id='block_1_51' title="bbox 2125 2131 3694 2205">
    <p class='ocr_par' dir='ltr' id='par_1_51' title="bbox 2125 2131 3694 2205">
     <span class='ocr_line' id='line_1_51' title="bbox 2125 2131 3694 2205; baseline 0.001 -21"><span class='ocrx_word' id='word_1_333' title='bbox 2125 2133 2345 2203; x_wconf 85' lang='grc' dir='ltr'>τεμένη,</span> <span class='ocrx_word' id='word_1_334' title='bbox 2383 2134 2476 2186; x_wconf 79' lang='grc' dir='ltr'><strong>καὶ</strong></span> <span class='ocrx_word' id='word_1_335' title='bbox 2505 2134 2574 2187; x_wconf 83' lang='grc' dir='ltr'>τὰ</span> <span class='ocrx_word' id='word_1_336' title='bbox 2617 2136 2795 2186; x_wconf 76' lang='grc' dir='ltr'>ἐκεῖσε</span> <span class='ocrx_word' id='word_1_337' title='bbox 2836 2135 3130 2205; x_wconf 79' lang='grc' dir='ltr'>μυστήρια.</span> <span class='ocrx_word' id='word_1_338' title='bbox 3169 2133 3237 2187; x_wconf 72' lang='grc' dir='ltr'>τὰ</span> <span class='ocrx_word' id='word_1_339' title='bbox 3271 2135 3328 2186; x_wconf 84' lang='grc' dir='ltr'>ὲν</span> <span class='ocrx_word' id='word_1_340' title='bbox 3359 2131 3628 2204; x_wconf 78' lang='grc' dir='ltr'>Φαρδήθῳ</span> <span class='ocrx_word' id='word_1_341' title='bbox 3654 2131 3694 2197; x_wconf 85' lang='grc'>³,</span> 
     </span>
    </p>
   </div>
   <div class='ocr_carea' id='block_1_52' title="bbox 2124 2223 3698 2297">
    <p class='ocr_par' dir='ltr' id='par_1_52' title="bbox 2124 2223 3698 2297">
     <span class='ocr_line' id='line_1_52' title="bbox 2124 2223 3698 2297; baseline 0 -22"><span class='ocrx_word' id='word_1_342' title='bbox 2124 2225 2216 2275; x_wconf 75' lang='grc' dir='ltr'><strong>καὶ</strong></span> <span class='ocrx_word' id='word_1_343' title='bbox 2245 2223 2386 2276; x_wconf 74' lang='grc' dir='ltr'>κατὰ</span> <span class='ocrx_word' id='word_1_344' title='bbox 2418 2225 2508 2276; x_wconf 83' lang='grc' dir='ltr'><strong>τὸν</strong></span> <span class='ocrx_word' id='word_1_345' title='bbox 2541 2224 2743 2297; x_wconf 80' lang='grc' dir='ltr'>τράγον</span> <span class='ocrx_word' id='word_1_346' title='bbox 2769 2224 2862 2276; x_wconf 87' lang='grc' dir='ltr'><strong>τοῦ</strong></span> <span class='ocrx_word' id='word_1_347' title='bbox 2893 2223 3218 2294; x_wconf 85' lang='grc' dir='ltr'>Μενδησίου,</span> <span class='ocrx_word' id='word_1_348' title='bbox 3255 2225 3354 2277; x_wconf 82' lang='grc' dir='ltr'><strong>ὅσα</strong></span> <span class='ocrx_word' id='word_1_349' title='bbox 3391 2241 3448 2276; x_wconf 89' lang='grc' dir='ltr'><strong>τε</strong></span> <span class='ocrx_word' id='word_1_350' title='bbox 3483 2223 3698 2289; x_wconf 79' lang='grc' dir='ltr'>ὲν,Βου-</span> 
     </span>
    </p>
   </div>
   <div class='ocr_carea' id='block_1_53' title="bbox 2127 2314 3694 2387">
    <p class='ocr_par' dir='ltr' id='par_1_53' title="bbox 2127 2314 3694 2387">
     <span class='ocr_line' id='line_1_53' title="bbox 2127 2314 3694 2387; baseline 0.001 -20"><span class='ocrx_word' id='word_1_351' title='bbox 2127 2314 2258 2385; x_wconf 86' lang='grc' dir='ltr'>σίρι,</span> <span class='ocrx_word' id='word_1_352' title='bbox 2284 2317 2428 2369; x_wconf 87' lang='grc' dir='ltr'>πόσα</span> <span class='ocrx_word' id='word_1_353' title='bbox 2456 2333 2516 2368; x_wconf 88' lang='grc' dir='ltr'><strong>τε</strong></span> <span class='ocrx_word' id='word_1_354' title='bbox 2554 2317 2612 2369; x_wconf 83' lang='grc' dir='ltr'>ὲν</span> <span class='ocrx_word' id='word_1_355' title='bbox 2641 2315 2970 2387; x_wconf 77' lang='grc' dir='ltr'>Σεϐεννύτῳ,</span> <span class='ocrx_word' id='word_1_356' title='bbox 3007 2319 3147 2371; x_wconf 86' lang='grc' dir='ltr'>πόσα</span> <span class='ocrx_word' id='word_1_357' title='bbox 3179 2334 3239 2370; x_wconf 87' lang='grc' dir='ltr'><strong>τε</strong></span> <span class='ocrx_word' id='word_1_358' title='bbox 3285 2319 3342 2370; x_wconf 80' lang='grc' dir='ltr'>ὲν</span> <span class='ocrx_word' id='word_1_359' title='bbox 3383 2316 3694 2370; x_wconf 82' lang='grc' dir='ltr'>Διοσπόλει·</span> 
     </span>
    </p>
   </div>
   <div class='ocr_carea' id='block_1_54' title="bbox 2123 2407 3700 2481">
    <p class='ocr_par' dir='ltr' id='par_1_54' title="bbox 2123 2407 3700 2481">
     <span class='ocr_line' id='line_1_54' title="bbox 2123 2407 3700 2481; baseline 0.001 -21"><span class='ocrx_word' id='word_1_360' title='bbox 2123 2407 2202 2470; x_wconf 81' lang='grc' dir='ltr'>ὡς</span> <span class='ocrx_word' id='word_1_361' title='bbox 2237 2408 2311 2478; x_wconf 84' lang='grc' dir='ltr'>πὴ</span> <span class='ocrx_word' id='word_1_362' title='bbox 2352 2409 2450 2479; x_wconf 88' lang='grc' dir='ltr'><strong>μὲν</strong></span> <span class='ocrx_word' id='word_1_363' title='bbox 2491 2408 2569 2479; x_wconf 80' lang='grc' dir='ltr'>τῷ</span> <span class='ocrx_word' id='word_1_364' title='bbox 2611 2410 2717 2480; x_wconf 83' lang='grc' dir='ltr'>δνῳ</span> <span class='ocrx_word' id='word_1_365' title='bbox 2762 2411 2842 2474; x_wconf 83' lang='grc' dir='ltr'>εἰς</span> <span class='ocrx_word' id='word_1_366' title='bbox 2873 2411 3042 2481; x_wconf 77' lang='grc' dir='ltr'>ὄνομα</span> <span class='ocrx_word' id='word_1_367' title='bbox 3095 2409 3188 2464; x_wconf 87' lang='grc' dir='ltr'><strong>τοῦ</strong></span> <span class='ocrx_word' id='word_1_368' title='bbox 3237 2411 3365 2481; x_wconf 79' lang='grc' dir='ltr'>Σὴθ,</span> <span class='ocrx_word' id='word_1_369' title='bbox 3411 2409 3570 2474; x_wconf 79' lang='grc' dir='ltr'>δῆθεν</span> <span class='ocrx_word' id='word_1_370' title='bbox 3605 2408 3700 2462; x_wconf 91' lang='grc' dir='ltr'><strong>τοῦ</strong></span> 
     </span>
    </p>
   </div>
   <div class='ocr_carea' id='block_1_55' title="bbox 2125 2500 3760 2574">
    <p class='ocr_par' dir='ltr' id='par_1_55' title="bbox 2125 2500 3760 2574">
     <span class='ocr_line' id='line_1_55' title="bbox 2125 2500 3760 2574; baseline 0 -20"><span class='ocrx_word' id='word_1_371' title='bbox 2125 2503 2384 2570; x_wconf 84' lang='grc' dir='ltr'>Τυφῶνος</span> <span class='ocrx_word' id='word_1_372' title='bbox 2413 2503 2634 2564; x_wconf 81' lang='grc' dir='ltr'>τελετὰς</span> <span class='ocrx_word' id='word_1_373' title='bbox 2656 2503 2999 2574; x_wconf 79' lang='grc' dir='ltr'>ἐργάζονται,</span> <span class='ocrx_word' id='word_1_374' title='bbox 3019 2503 3166 2556; x_wconf 82' lang='grc' dir='ltr'>ἄλλοι</span> <span class='ocrx_word' id='word_1_375' title='bbox 3187 2503 3240 2554; x_wconf 83' lang='grc' dir='ltr'>δὲ</span> <span class='ocrx_word' id='word_1_376' title='bbox 3259 2505 3323 2573; x_wconf 85' lang='grc' dir='ltr'>τῇ</span> <span class='ocrx_word' id='word_1_377' title='bbox 3343 2502 3438 2554; x_wconf 90' lang='grc' dir='ltr'>Τιθ</span> <span class='ocrx_word' id='word_1_378' title='bbox 3449 2500 3640 2572; x_wconf 76' lang='grc' dir='ltr'>ράμΰῳ</span> <span class='ocrx_word' id='word_1_379' title='bbox 3655 2500 3697 2566; x_wconf 76' lang='grc'>⁵,</span> <span class='ocrx_word' id='word_1_380' title='bbox 3749 2543 3760 2554; x_wconf 95' lang='grc'><strong><em>.</em></strong></span> 
     </span>
    </p>
   </div>
   <div class='ocr_carea' id='block_1_56' title="bbox 2139 2595 3698 2670">
    <p class='ocr_par' dir='ltr' id='par_1_56' title="bbox 2139 2595 3698 2670">
     <span class='ocr_line' id='line_1_56' title="bbox 2139 2595 3698 2670; baseline 0 -22"><span class='ocrx_word' id='word_1_381' title='bbox 2139 2595 2370 2666; x_wconf 82' lang='grc' dir='ltr'>Ἑκάτην</span> <span class='ocrx_word' id='word_1_382' title='bbox 2398 2597 2862 2668; x_wconf 82' lang='grc' dir='ltr'>ὲρμηνευομένην,</span> <span class='ocrx_word' id='word_1_383' title='bbox 2895 2599 3070 2670; x_wconf 73' lang='grc' dir='ltr'>ἕτεροι</span> <span class='ocrx_word' id='word_1_384' title='bbox 3095 2601 3161 2669; x_wconf 80' lang='grc' dir='ltr'>τῇ</span> <span class='ocrx_word' id='word_1_385' title='bbox 3193 2596 3613 2666; x_wconf 63' lang='grc' dir='ltr'>Σενέφθυ,ᾶλλοι</span> <span class='ocrx_word' id='word_1_386' title='bbox 3639 2595 3698 2648; x_wconf 79' lang='grc' dir='ltr'>δὲ</span> 
     </span>
    </p>
   </div>
   <div class='ocr_carea' id='block_1_57' title="bbox 2125 2688 3700 2760">
    <p class='ocr_par' dir='ltr' id='par_1_57' title="bbox 2125 2688 3700 2760">
     <span class='ocr_line' id='line_1_57' title="bbox 2125 2688 3700 2760; baseline 0 -20"><span class='ocrx_word' id='word_1_387' title='bbox 2125 2691 2189 2758; x_wconf 85' lang='grc' dir='ltr'>τῇ</span> <span class='ocrx_word' id='word_1_388' title='bbox 2221 2688 2490 2759; x_wconf 83' lang='grc' dir='ltr'>Θερμοῦθι</span> <span class='ocrx_word' id='word_1_389' title='bbox 2546 2689 2881 2743; x_wconf 82' lang='grc' dir='ltr'>τελίσκονται</span> <span class='ocrx_word' id='word_1_390' title='bbox 2905 2731 2918 2756; x_wconf 95' lang='grc'><strong>,</strong></span> <span class='ocrx_word' id='word_1_391' title='bbox 2971 2691 3119 2745; x_wconf 77' lang='grc' dir='ltr'>ἄλλοι</span> <span class='ocrx_word' id='word_1_392' title='bbox 3159 2691 3216 2744; x_wconf 84' lang='grc' dir='ltr'>δὲ</span> <span class='ocrx_word' id='word_1_393' title='bbox 3257 2693 3322 2760; x_wconf 83' lang='grc' dir='ltr'>τῇ</span> <span class='ocrx_word' id='word_1_394' title='bbox 3375 2689 3550 2742; x_wconf 83' lang='grc' dir='ltr'>Ἴσιδι.</span> <span class='ocrx_word' id='word_1_395' title='bbox 3591 2688 3700 2740; x_wconf 80' lang='grc' dir='ltr'>Καὶ</span> 
     </span>
    </p>
   </div>
   <div class='ocr_carea' id='block_1_58' title="bbox 2127 2775 3696 2849">
    <p class='ocr_par' dir='ltr' id='par_1_58' title="bbox 2127 2775 3696 2849">
     <span class='ocr_line' id='line_1_58' title="bbox 2127 2775 3696 2849; baseline -0.002 -18"><span class='ocrx_word' id='word_1_396' title='bbox 2127 2780 2271 2833; x_wconf 80' lang='grc' dir='ltr'>πόσα</span> <span class='ocrx_word' id='word_1_397' title='bbox 2321 2779 2436 2832; x_wconf 77' lang='grc' dir='ltr'>ἔστι</span> <span class='ocrx_word' id='word_1_398' title='bbox 2463 2776 2690 2834; x_wconf 88' lang='grc' dir='ltr'>τοιαῦτα</span> <span class='ocrx_word' id='word_1_399' title='bbox 2733 2781 2929 2849; x_wconf 87' lang='grc' dir='ltr'>λέγειν,</span> <span class='ocrx_word' id='word_1_400' title='bbox 2969 2777 3044 2833; x_wconf 81' lang='grc' dir='ltr'>ὧν</span> <span class='ocrx_word' id='word_1_401' title='bbox 3085 2780 3144 2832; x_wconf 78' lang='grc' dir='ltr'>τὸ</span> <span class='ocrx_word' id='word_1_402' title='bbox 3173 2781 3292 2832; x_wconf 85' lang='grc' dir='ltr'>κατ’</span> <span class='ocrx_word' id='word_1_403' title='bbox 3326 2775 3464 2841; x_wconf 81' lang='grc' dir='ltr'>εἶδος</span> <span class='ocrx_word' id='word_1_404' title='bbox 3505 2779 3696 2836; x_wconf 82' lang='grc' dir='ltr'>εἰπεῖν,</span> 
     </span>
    </p>
   </div>
   <div class='ocr_carea' id='block_1_59' title="bbox 2125 2871 3696 2944">
    <p class='ocr_par' dir='ltr' id='par_1_59' title="bbox 2125 2871 3696 2944">
     <span class='ocr_line' id='line_1_59' title="bbox 2125 2871 3696 2944; baseline -0.003 -19"><span class='ocrx_word' id='word_1_405' title='bbox 2125 2871 2292 2935; x_wconf 87' lang='grc' dir='ltr'>πολὺς</span> <span class='ocrx_word' id='word_1_406' title='bbox 2311 2871 2504 2942; x_wconf 86' lang='grc' dir='ltr'>χρόνος</span> <span class='ocrx_word' id='word_1_407' title='bbox 2532 2872 2977 2944; x_wconf 81' lang='grc' dir='ltr'>ἀναλωθήσεται;</span> <span class='ocrx_word' id='word_1_408' title='bbox 3009 2873 3100 2926; x_wconf 75' lang='grc' dir='ltr'>Διὸ</span> <span class='ocrx_word' id='word_1_409' title='bbox 3131 2871 3490 2942; x_wconf 71' lang='grc' dir='ltr'>περιλήψεται</span> <span class='ocrx_word' id='word_1_410' title='bbox 3523 2871 3696 2940; x_wconf 80' lang='grc' dir='ltr'>πάντη</span> 
     </span>
    </p>
   </div>
   <div class='ocr_carea' id='block_1_60' title="bbox 2123 2957 3698 3036">
    <p class='ocr_par' dir='ltr' id='par_1_60' title="bbox 2123 2957 3698 3036">
     <span class='ocr_line' id='line_1_60' title="bbox 2123 2957 3698 3036; baseline -0.002 -18"><span class='ocrx_word' id='word_1_411' title='bbox 2123 2966 2152 3018; x_wconf 85' lang='grc' dir='ltr'>ὁ</span> <span class='ocrx_word' id='word_1_412' title='bbox 2195 2963 2350 3032; x_wconf 86' lang='grc' dir='ltr'>λόγος</span> <span class='ocrx_word' id='word_1_413' title='bbox 2393 2963 2766 3036; x_wconf 82' lang='grc' dir='ltr'>πληρούμενος</span> <span class='ocrx_word' id='word_1_414' title='bbox 2803 2965 2892 3018; x_wconf 81' lang='grc' dir='ltr'>διὰ</span> <span class='ocrx_word' id='word_1_415' title='bbox 2941 2963 3068 3028; x_wconf 83' lang='grc' dir='ltr'>τοῦ,</span> <span class='ocrx_word' id='word_1_416' title='bbox 3105 2963 3405 3028; x_wconf 60' lang='lat' dir='ltr'><strong>Natis-(68c,</strong></span> <span class='ocrx_word' id='word_1_417' title='bbox 3457 2957 3545 3016; x_wconf 82' lang='grc' dir='ltr'><strong>ὧν</strong></span> <span class='ocrx_word' id='word_1_418' title='bbox 3587 2963 3698 3016; x_wconf 81' lang='grc' dir='ltr'><strong>οὐκ</strong></span> 
     </span>
    </p>
   </div>
   <div class='ocr_carea' id='block_1_61' title="bbox 2124 3053 3696 3128">
    <p class='ocr_par' dir='ltr' id='par_1_61' title="bbox 2124 3053 3696 3128">
     <span class='ocr_line' id='line_1_61' title="bbox 2124 3053 3696 3128; baseline -0.003 -19"><span class='ocrx_word' id='word_1_419' title='bbox 2124 3056 2297 3110; x_wconf 76' lang='grc' dir='ltr'>ἔστιν</span> <span class='ocrx_word' id='word_1_420' title='bbox 2317 3057 2581 3125; x_wconf 77' lang='grc' dir='ltr'>ἀριθμός.</span> <span class='ocrx_word' id='word_1_421' title='bbox 2609 3057 2842 3128; x_wconf 78' lang='grc' dir='ltr'>Ἐτέρων</span> <span class='ocrx_word' id='word_1_422' title='bbox 2860 3057 2917 3109; x_wconf 81' lang='grc' dir='ltr'>δὲ</span> <span class='ocrx_word' id='word_1_423' title='bbox 2941 3057 3101 3111; x_wconf 89' lang='grc' dir='ltr'>πάλιν</span> <span class='ocrx_word' id='word_1_424' title='bbox 3135 3058 3445 3128; x_wconf 75' lang='grc' dir='ltr'>μυστηρίων</span> <span class='ocrx_word' id='word_1_425' title='bbox 3467 3053 3696 3117; x_wconf 84' lang='grc' dir='ltr'>πολλῶν,</span> 
     </span>
    </p>
   </div>
   <div class='ocr_carea' id='block_1_62' title="bbox 2127 3143 3699 3220">
    <p class='ocr_par' dir='ltr' id='par_1_62' title="bbox 2127 3143 3699 3220">
     <span class='ocr_line' id='line_1_62' title="bbox 2127 3143 3699 3220; baseline -0.001 -20"><span class='ocrx_word' id='word_1_426' title='bbox 2127 3148 2220 3200; x_wconf 73' lang='grc' dir='ltr'>καὶ</span> <span class='ocrx_word' id='word_1_427' title='bbox 2261 3149 2659 3220; x_wconf 86' lang='grc' dir='ltr'>αίρεσιαρχῶν,</span> <span class='ocrx_word' id='word_1_428' title='bbox 2698 3151 3170 3219; x_wconf 87' lang='grc' dir='ltr'>σχισματοποιῶν,</span> <span class='ocrx_word' id='word_1_429' title='bbox 3205 3143 3278 3202; x_wconf 83' lang='grc' dir='ltr'>ὧν</span> <span class='ocrx_word' id='word_1_430' title='bbox 3316 3149 3415 3218; x_wconf 85' lang='grc' dir='ltr'><strong>μὲν</strong></span> <span class='ocrx_word' id='word_1_431' title='bbox 3466 3147 3699 3218; x_wconf 80' lang='grc' dir='ltr'>ἀρχηγοὶ</span> 
     </span>
    </p>
   </div>
   <div class='ocr_carea' id='block_1_63' title="bbox 436 3238 2015 3312">
    <p class='ocr_par' dir='ltr' id='par_1_63' title="bbox 436 3238 2014 3309">
     <span class='ocr_line' id='line_1_63' title="bbox 436 3238 2014 3309; baseline -0.001 -15"><span class='ocrx_word' id='word_1_432' title='bbox 436 3241 583 3294; x_wconf 83' lang='lat' dir='ltr'><strong>circa</strong></span> <span class='ocrx_word' id='word_1_433' title='bbox 617 3242 927 3294; x_wconf 84' lang='lat' dir='ltr'><strong>summatim</strong></span> <span class='ocrx_word' id='word_1_434' title='bbox 966 3241 1053 3294; x_wconf 82' lang='lat' dir='ltr'><strong>his</strong></span> <span class='ocrx_word' id='word_1_435' title='bbox 1081 3239 1263 3294; x_wconf 80' lang='lat' dir='ltr'><strong>verbis</strong></span> <span class='ocrx_word' id='word_1_436' title='bbox 1297 3238 1550 3293; x_wconf 88' lang='lat' dir='ltr'><strong>concludi</strong></span> <span class='ocrx_word' id='word_1_437' title='bbox 1581 3245 1760 3309; x_wconf 89' lang='lat' dir='ltr'><strong>potest</strong></span> <span class='ocrx_word' id='word_1_438' title='bbox 1797 3239 2014 3292; x_wconf 88' lang='lat' dir='ltr'><strong>oratio:</strong></span> 
     </span>
    </p>
   </div>
   <div class='ocr_carea' id='block_1_64' title="bbox 2122 3238 3697 3312">
    <p class='ocr_par' dir='ltr' id='par_1_64' title="bbox 2122 3239 3697 3312">
     <span class='ocr_line' id='line_1_64' title="bbox 2122 3239 3697 3312; baseline -0.002 -21"><span class='ocrx_word' id='word_1_439' title='bbox 2122 3239 2274 3309; x_wconf 79' lang='grc' dir='ltr'>παρὰ</span> <span class='ocrx_word' id='word_1_440' title='bbox 2299 3239 2538 3311; x_wconf 78' lang='grc' dir='ltr'>Πέρσαις</span> <span class='ocrx_word' id='word_1_441' title='bbox 2563 3241 2925 3308; x_wconf 85' lang='grc' dir='ltr'>Μαγουσαῖοι,</span> <span class='ocrx_word' id='word_1_442' title='bbox 2957 3241 3106 3312; x_wconf 77' lang='grc' dir='ltr'>παρὰ</span> <span class='ocrx_word' id='word_1_443' title='bbox 3135 3241 3189 3294; x_wconf 81' lang='grc' dir='ltr'>δὲ</span> <span class='ocrx_word' id='word_1_444' title='bbox 3211 3239 3526 3308; x_wconf 79' lang='grc' dir='ltr'>Αἰγυπτίοις</span> <span class='ocrx_word' id='word_1_445' title='bbox 3563 3253 3697 3308; x_wconf 85' lang='grc' dir='ltr'>προ-</span> 
     </span>
    </p>
   </div>
   <div class='ocr_carea' id='block_1_65' title="bbox 436 3329 2016 3402">
    <p class='ocr_par' dir='ltr' id='par_1_65' title="bbox 436 3329 2016 3402">
     <span class='ocr_line' id='line_1_65' title="bbox 436 3329 2016 3402; baseline -0.001 -18"><span class='ocrx_word' id='word_1_446' title='bbox 436 3331 874 3398; x_wconf 72' lang='lat' dir='ltr'><strong>Adolescentulw,</strong></span> <span class='ocrx_word' id='word_1_447' title='bbox 908 3348 1132 3402; x_wconf 84' lang='lat' dir='ltr'><strong>quarum</strong></span> <span class='ocrx_word' id='word_1_448' title='bbox 1167 3347 1268 3384; x_wconf 86' lang='lat' dir='ltr'><strong>non</strong></span> <span class='ocrx_word' id='word_1_449' title='bbox 1293 3341 1370 3384; x_wconf 77' lang='lat' dir='ltr'><strong>est</strong></span> <span class='ocrx_word' id='word_1_450' title='bbox 1393 3347 1663 3384; x_wconf 80' lang='lat' dir='ltr'><strong>numerus.</strong></span> <span class='ocrx_word' id='word_1_451' title='bbox 1698 3329 1836 3383; x_wconf 89' lang='lat' dir='ltr'><strong>Sunt</strong></span> <span class='ocrx_word' id='word_1_452' title='bbox 1872 3331 2016 3383; x_wconf 84' lang='lat' dir='ltr'><strong>enim</strong></span> 
     </span>
    </p>
   </div>
   <div class='ocr_carea' id='block_1_66' title="bbox 437 3423 2020 3496">
    <p class='ocr_par' dir='ltr' id='par_1_66' title="bbox 437 3423 2020 3496">
     <span class='ocr_line' id='line_1_66' title="bbox 437 3423 2020 3496; baseline 0 -19"><span class='ocrx_word' id='word_1_453' title='bbox 437 3425 542 3478; x_wconf 88' lang='lat' dir='ltr'><strong>alia</strong></span> <span class='ocrx_word' id='word_1_454' title='bbox 588 3441 752 3495; x_wconf 90' lang='lat' dir='ltr'><strong>porro</strong></span> <span class='ocrx_word' id='word_1_455' title='bbox 787 3427 1044 3496; x_wconf 87' lang='lat' dir='ltr'><strong>mysteria</strong></span> <span class='ocrx_word' id='word_1_456' title='bbox 1079 3423 1506 3493; x_wconf 86' lang='lat' dir='ltr'><strong>quamplurima,</strong></span> <span class='ocrx_word' id='word_1_457' title='bbox 1551 3429 1605 3476; x_wconf 87' lang='lat' dir='ltr'><strong>et.</strong></span> <span class='ocrx_word' id='word_1_458' title='bbox 1639 3430 1912 3477; x_wconf 88' lang='lat' dir='ltr'><strong>sectarum</strong></span> <span class='ocrx_word' id='word_1_459' title='bbox 1955 3437 2020 3478; x_wconf 84' lang='lat' dir='ltr'><strong>ac</strong></span> 
     </span>
    </p>
   </div>
   <div class='ocr_carea' id='block_1_67' title="bbox 437 3511 2016 3584">
    <p class='ocr_par' dir='ltr' id='par_1_67' title="bbox 437 3511 2016 3584">
     <span class='ocr_line' id='line_1_67' title="bbox 437 3511 2016 3584; baseline -0.004 -13"><span class='ocrx_word' id='word_1_460' title='bbox 437 3517 794 3571; x_wconf 88' lang='lat' dir='ltr'><strong>schismatum</strong></span> <span class='ocrx_word' id='word_1_461' title='bbox 827 3517 1108 3570; x_wconf 82' lang='lat' dir='ltr'><strong>architecti</strong></span> <span class='ocrx_word' id='word_1_462' title='bbox 1137 3533 1150 3568; x_wconf 91' lang='lat'><strong>:</strong></span> <span class='ocrx_word' id='word_1_463' title='bbox 1177 3515 1321 3568; x_wconf 88' lang='lat' dir='ltr'><strong>velut</strong></span> <span class='ocrx_word' id='word_1_464' title='bbox 1341 3515 1485 3584; x_wconf 87' lang='lat' dir='ltr'><strong>apud</strong></span> <span class='ocrx_word' id='word_1_465' title='bbox 1515 3513 1712 3568; x_wconf 82' lang='lat' dir='ltr'><strong>Persas</strong></span> <span class='ocrx_word' id='word_1_466' title='bbox 1737 3511 2016 3583; x_wconf 75' lang='lat' dir='ltr'><strong>Magusaei,</strong></span> 
     </span>
    </p>
   </div>
   <div class='ocr_carea' id='block_1_68' title="bbox 437 3607 2014 3680">
    <p class='ocr_par' dir='ltr' id='par_1_68' title="bbox 437 3607 2014 3680">
     <span class='ocr_line' id='line_1_68' title="bbox 437 3607 2014 3680; baseline -0.003 -18"><span class='ocrx_word' id='word_1_467' title='bbox 437 3609 578 3678; x_wconf 84' lang='lat' dir='ltr'><strong>apud</strong></span> <span class='ocrx_word' id='word_1_468' title='bbox 625 3608 910 3680; x_wconf 70' lang='lat' dir='ltr'><strong>A‘Igyptios</strong></span> <span class='ocrx_word' id='word_1_469' title='bbox 949 3608 1260 3678; x_wconf 66' lang='lat' dir='ltr'><strong>prophetae,</strong></span> <span class='ocrx_word' id='word_1_470' title='bbox 1302 3607 1587 3677; x_wconf 85' lang='lat' dir='ltr'><strong>adytorum</strong></span> <span class='ocrx_word' id='word_1_471' title='bbox 1632 3613 1686 3659; x_wconf 90' lang='lat' dir='ltr'><strong>et</strong></span> <span class='ocrx_word' id='word_1_472' title='bbox 1733 3619 2014 3659; x_wconf 86' lang='lat' dir='ltr'><strong>sacrorum</strong></span> 
     </span>
    </p>
   </div>
   <div class='ocr_carea' id='block_1_69' title="bbox 437 3695 2017 3769">
    <p class='ocr_par' dir='ltr' id='par_1_69' title="bbox 437 3695 2017 3769">
     <span class='ocr_line' id='line_1_69' title="bbox 437 3695 2017 3769; baseline -0.004 -15"><span class='ocrx_word' id='word_1_473' title='bbox 437 3699 734 3754; x_wconf 86' lang='lat' dir='ltr'><strong>antistites.</strong></span> <span class='ocrx_word' id='word_1_474' title='bbox 777 3699 910 3753; x_wconf 91' lang='lat' dir='ltr'><strong>Item</strong></span> <span class='ocrx_word' id='word_1_475' title='bbox 941 3700 1084 3769; x_wconf 90' lang='lat' dir='ltr'><strong>apud</strong></span> <span class='ocrx_word' id='word_1_476' title='bbox 1117 3697 1463 3768; x_wconf 84' lang='lat' dir='ltr'><strong>Babylonios,</strong></span> <span class='ocrx_word' id='word_1_477' title='bbox 1500 3697 1592 3767; x_wconf 87' lang='lat' dir='ltr'><strong>qui</strong></span> <span class='ocrx_word' id='word_1_478' title='bbox 1627 3695 1892 3750; x_wconf 85' lang='lat' dir='ltr'><strong>Gazarcni</strong></span> <span class='ocrx_word' id='word_1_479' title='bbox 1921 3711 2017 3749; x_wconf 83' lang='lat' dir='ltr'><strong>vo-</strong></span> 
     </span>
    </p>
   </div>
   <div class='ocr_carea' id='block_1_70' title="bbox 437 3786 2012 3861">
    <p class='ocr_par' dir='ltr' id='par_1_70' title="bbox 437 3786 2012 3861">
     <span class='ocr_line' id='line_1_70' title="bbox 437 3786 2012 3861; baseline -0.003 -17"><span class='ocrx_word' id='word_1_480' title='bbox 437 3799 654 3857; x_wconf 88' lang='lat' dir='ltr'><strong>cantur,</strong></span> <span class='ocrx_word' id='word_1_481' title='bbox 669 3791 942 3861; x_wconf 87' lang='lat' dir='ltr'><strong>sapientes</strong></span> <span class='ocrx_word' id='word_1_482' title='bbox 958 3798 1012 3846; x_wconf 89' lang='lat' dir='ltr'><strong>et</strong></span> <span class='ocrx_word' id='word_1_483' title='bbox 1037 3790 1428 3844; x_wconf 83' lang='lat' dir='ltr'><strong>incantatores.</strong></span> <span class='ocrx_word' id='word_1_484' title='bbox 1446 3787 1655 3855; x_wconf 87' lang='lat' dir='ltr'><strong>Quibus</strong></span> <span class='ocrx_word' id='word_1_485' title='bbox 1683 3795 1737 3842; x_wconf 90' lang='lat' dir='ltr'><strong>et</strong></span> <span class='ocrx_word' id='word_1_486' title='bbox 1757 3786 2012 3841; x_wconf 90' lang='lat' dir='ltr'><strong>Indorum</strong></span> 
     </span>
    </p>
   </div>
   <div class='ocr_carea' id='block_1_71' title="bbox 2125 3327 3698 3401">
    <p class='ocr_par' dir='ltr' id='par_1_71' title="bbox 2125 3327 3698 3401">
     <span class='ocr_line' id='line_1_71' title="bbox 2125 3327 3698 3401; baseline -0.003 -17"><span class='ocrx_word' id='word_1_487' title='bbox 2125 3331 2292 3401; x_wconf 84' lang='grc' dir='ltr'>φῆται</span> <span class='ocrx_word' id='word_1_488' title='bbox 2327 3331 2438 3401; x_wconf 81' lang='lat'>(7|)</span> <span class='ocrx_word' id='word_1_489' title='bbox 2485 3331 2842 3401; x_wconf 86' lang='grc' dir='ltr'>καλούμενοι,</span> <span class='ocrx_word' id='word_1_490' title='bbox 2885 3331 2994 3384; x_wconf 87' lang='grc' dir='ltr'><strong>τῶν</strong></span> <span class='ocrx_word' id='word_1_491' title='bbox 3048 3331 3256 3385; x_wconf 82' lang='grc' dir='ltr'>ἀδύτων</span> <span class='ocrx_word' id='word_1_492' title='bbox 3293 3347 3352 3382; x_wconf 90' lang='grc' dir='ltr'><strong>τε</strong></span> <span class='ocrx_word' id='word_1_493' title='bbox 3401 3329 3494 3382; x_wconf 75' lang='grc' dir='ltr'><strong>καὶ</strong></span> <span class='ocrx_word' id='word_1_494' title='bbox 3537 3327 3698 3399; x_wconf 88' lang='grc' dir='ltr'>ἱερῶν</span> 
     </span>
    </p>
   </div>
   <div class='ocr_carea' id='block_1_72' title="bbox 2124 3421 3698 3496">
    <p class='ocr_par' dir='ltr' id='par_1_72' title="bbox 2124 3421 3698 3496">
     <span class='ocr_line' id='line_1_72' title="bbox 2124 3421 3698 3496; baseline -0.003 -19"><span class='ocrx_word' id='word_1_495' title='bbox 2124 3424 2356 3495; x_wconf 81' lang='grc' dir='ltr'>ἀρχηγοὶ</span> <span class='ocrx_word' id='word_1_496' title='bbox 2388 3423 2503 3495; x_wconf 74' lang='grc' dir='ltr'>[καὶ</span> <span class='ocrx_word' id='word_1_497' title='bbox 2533 3423 2755 3496; x_wconf 88' lang='grc' dir='ltr'>μάγων]</span> <span class='ocrx_word' id='word_1_498' title='bbox 2776 3439 2790 3453; x_wconf 91' lang='grc'><strong>·</strong></span> <span class='ocrx_word' id='word_1_499' title='bbox 2829 3424 3182 3477; x_wconf 77' lang='grc' dir='ltr'>Βαϐυλωνίων</span> <span class='ocrx_word' id='word_1_500' title='bbox 3231 3423 3288 3476; x_wconf 83' lang='grc' dir='ltr'><strong>δὲ</strong></span> <span class='ocrx_word' id='word_1_501' title='bbox 3331 3423 3465 3476; x_wconf 80' lang='grc' dir='ltr'>οἵτε</span> <span class='ocrx_word' id='word_1_502' title='bbox 3499 3421 3698 3475; x_wconf 81' lang='grc' dir='ltr'>καλού-</span> 
     </span>
    </p>
   </div>
   <div class='ocr_carea' id='block_1_73' title="bbox 2127 3514 3698 3588">
    <p class='ocr_par' dir='ltr' id='par_1_73' title="bbox 2127 3514 3698 3588">
     <span class='ocr_line' id='line_1_73' title="bbox 2127 3514 3698 3588; baseline -0.001 -20"><span class='ocrx_word' id='word_1_503' title='bbox 2127 3533 2276 3588; x_wconf 87' lang='grc' dir='ltr'>μενοι</span> <span class='ocrx_word' id='word_1_504' title='bbox 2317 3518 2645 3588; x_wconf 74' lang='grc' dir='ltr'>Γαζαρηνοὶ,</span> <span class='ocrx_word' id='word_1_505' title='bbox 2684 3517 2838 3586; x_wconf 81' lang='grc' dir='ltr'>σοφοί</span> <span class='ocrx_word' id='word_1_506' title='bbox 2872 3535 2932 3570; x_wconf 86' lang='grc' dir='ltr'><strong>τε</strong></span> <span class='ocrx_word' id='word_1_507' title='bbox 2965 3517 3063 3570; x_wconf 80' lang='grc' dir='ltr'>καὶ</span> <span class='ocrx_word' id='word_1_508' title='bbox 3111 3516 3378 3569; x_wconf 84' lang='grc' dir='ltr'>έπαοιδοί·</span> <span class='ocrx_word' id='word_1_509' title='bbox 3424 3515 3600 3569; x_wconf 82' lang='grc' dir='ltr'>Ἰνδῶν</span> <span class='ocrx_word' id='word_1_510' title='bbox 3640 3514 3698 3567; x_wconf 86' lang='grc' dir='ltr'>δὲ</span> 
     </span>
    </p>
   </div>
   <div class='ocr_carea' id='block_1_74' title="bbox 2123 3605 3696 3680">
    <p class='ocr_par' dir='ltr' id='par_1_74' title="bbox 2123 3605 3696 3680">
     <span class='ocr_line' id='line_1_74' title="bbox 2123 3605 3696 3680; baseline -0.002 -20"><span class='ocrx_word' id='word_1_511' title='bbox 2123 3610 2170 3660; x_wconf 89' lang='grc' dir='ltr'>οἱ</span> <span class='ocrx_word' id='word_1_512' title='bbox 2199 3607 2406 3662; x_wconf 81' lang='grc' dir='ltr'>Εύῖλεοι</span> <span class='ocrx_word' id='word_1_513' title='bbox 2433 3608 2775 3678; x_wconf 85' lang='grc' dir='ltr'>καλούμενοι,</span> <span class='ocrx_word' id='word_1_514' title='bbox 2795 3608 2886 3662; x_wconf 72' lang='grc' dir='ltr'><strong>καὶ</strong></span> <span class='ocrx_word' id='word_1_515' title='bbox 2911 3609 3141 3680; x_wconf 81' lang='grc' dir='ltr'>Βαρημα</span> <span class='ocrx_word' id='word_1_516' title='bbox 3165 3610 3222 3660; x_wconf 83' lang='grc' dir='ltr'>ὲν</span> <span class='ocrx_word' id='word_1_517' title='bbox 3244 3609 3362 3671; x_wconf 84' lang='grc' dir='ltr'>ταῖς</span> <span class='ocrx_word' id='word_1_518' title='bbox 3391 3605 3656 3676; x_wconf 85' lang='grc' dir='ltr'>Ἐλλήνων</span> <span class='ocrx_word' id='word_1_519' title='bbox 3673 3607 3696 3638; x_wconf 85' lang='grc'><strong><em>⁸</em></strong></span> 
     </span>
    </p>
   </div>
   <div class='ocr_carea' id='block_1_75' title="bbox 2125 3697 3696 3773">
    <p class='ocr_par' dir='ltr' id='par_1_75' title="bbox 2125 3697 3696 3773">
     <span class='ocr_line' id='line_1_75' title="bbox 2125 3697 3696 3773; baseline -0.001 -23"><span class='ocrx_word' id='word_1_520' title='bbox 2125 3699 2438 3770; x_wconf 76' lang='grc' dir='ltr'>ἱεροφάνται</span> <span class='ocrx_word' id='word_1_521' title='bbox 2473 3717 2532 3752; x_wconf 90' lang='grc' dir='ltr'><strong>τε</strong></span> <span class='ocrx_word' id='word_1_522' title='bbox 2569 3700 2662 3752; x_wconf 80' lang='grc' dir='ltr'>καὶ</span> <span class='ocrx_word' id='word_1_523' title='bbox 2705 3699 2986 3773; x_wconf 88' lang='grc' dir='ltr'>νεωκόρων</span> <span class='ocrx_word' id='word_1_524' title='bbox 3023 3699 3134 3768; x_wconf 71' lang='lat'><strong>(79.)</strong></span> <span class='ocrx_word' id='word_1_525' title='bbox 3185 3697 3436 3752; x_wconf 85' lang='grc' dir='ltr'>Κυνικῶν</span> <span class='ocrx_word' id='word_1_526' title='bbox 3471 3697 3696 3768; x_wconf 85' lang='grc' dir='ltr'>πλῆθος,</span> 
     </span>
    </p>
   </div>
   <div class='ocr_carea' id='block_1_76' title="bbox 2121 3790 3376 3863">
    <p class='ocr_par' dir='ltr' id='par_1_76' title="bbox 2121 3790 3376 3863">
     <span class='ocr_line' id='line_1_76' title="bbox 2121 3790 3376 3863; baseline 0.001 -21"><span class='ocrx_word' id='word_1_527' title='bbox 2121 3793 2216 3842; x_wconf 77' lang='grc' dir='ltr'>καὶ</span> <span class='ocrx_word' id='word_1_528' title='bbox 2244 3790 2418 3844; x_wconf 77' lang='grc' dir='ltr'>ἄλλων</span> <span class='ocrx_word' id='word_1_529' title='bbox 2446 3791 2742 3862; x_wconf 83' lang='grc' dir='ltr'>ἀμυθήτων</span> <span class='ocrx_word' id='word_1_530' title='bbox 2776 3791 3078 3861; x_wconf 78' lang='grc' dir='ltr'>φιλοσόφων</span> <span class='ocrx_word' id='word_1_531' title='bbox 3113 3791 3376 3863; x_wconf 85' lang='grc' dir='ltr'>ἀρχηγοί,</span> 
     </span>
    </p>
   </div>
   <div class='ocr_carea' id='block_1_77' title="bbox 439 3875 3695 3958">
    <p class='ocr_par' dir='ltr' id='par_1_77' title="bbox 439 3875 3695 3958">
     <span class='ocr_line' id='line_1_77' title="bbox 439 3875 3695 3958; baseline -0 -20"><span class='ocrx_word' id='word_1_532' title='bbox 439 3885 606 3938; x_wconf 88' lang='lat' dir='ltr'><strong>Evilei</strong></span> <span class='ocrx_word' id='word_1_533' title='bbox 644 3901 708 3941; x_wconf 89' lang='lat' dir='ltr'><strong>ac</strong></span> <span class='ocrx_word' id='word_1_534' title='bbox 751 3884 1120 3939; x_wconf 86' lang='lat' dir='ltr'><strong>Brachmanes</strong></span> <span class='ocrx_word' id='word_1_535' title='bbox 1174 3883 1472 3948; x_wconf 79' lang='lat' dir='ltr'><strong>accedunt;</strong></span> <span class='ocrx_word' id='word_1_536' title='bbox 1505 3893 1558 3938; x_wconf 89' lang='lat' dir='ltr'><strong>et</strong></span> <span class='ocrx_word' id='word_1_537' title='bbox 1591 3882 1906 3938; x_wconf 74' lang='lat' dir='ltr'><strong>Graecorum</strong></span> <span class='ocrx_word' id='word_1_538' title='bbox 1941 3881 2336 3953; x_wconf 73' lang='lat' dir='ltr'><strong>hierOphantze,</strong></span> <span class='ocrx_word' id='word_1_539' title='bbox 2382 3895 2434 3940; x_wconf 91' lang='lat' dir='ltr'><strong>et</strong></span> <span class='ocrx_word' id='word_1_540' title='bbox 2459 3885 2664 3940; x_wconf 63' lang='lat' dir='ltr'><strong>aeditui.</strong></span> <span class='ocrx_word' id='word_1_541' title='bbox 2693 3875 2918 3942; x_wconf 80' lang='lat' dir='ltr'><strong>Necnon</strong></span> <span class='ocrx_word' id='word_1_542' title='bbox 2950 3887 3164 3958; x_wconf 66' lang='lat' dir='ltr'><strong>Cynica:</strong></span> <span class='ocrx_word' id='word_1_543' title='bbox 3185 3895 3366 3954; x_wconf 67' lang='lat' dir='ltr'><strong>sectre,</strong></span> <span class='ocrx_word' id='word_1_544' title='bbox 3389 3893 3444 3942; x_wconf 90' lang='lat' dir='ltr'><strong>et</strong></span> <span class='ocrx_word' id='word_1_545' title='bbox 3465 3885 3695 3940; x_wconf 84' lang='lat' dir='ltr'><strong>aliarum</strong></span> 
     </span>
    </p>
   </div>
   <div class='ocr_carea' id='block_1_78' title="bbox 439 3977 1833 4050">
    <p class='ocr_par' dir='ltr' id='par_1_78' title="bbox 439 3977 1833 4050">
     <span class='ocr_line' id='line_1_78' title="bbox 439 3977 1833 4050; baseline -0.001 -18"><span class='ocrx_word' id='word_1_546' title='bbox 439 3977 829 4050; x_wconf 83' lang='lat' dir='ltr'><strong>propemodum</strong></span> <span class='ocrx_word' id='word_1_547' title='bbox 859 3978 1192 4033; x_wconf 80' lang='lat' dir='ltr'><strong>inﬁnitarum</strong></span> <span class='ocrx_word' id='word_1_548' title='bbox 1227 3986 1479 4032; x_wconf 88' lang='lat' dir='ltr'><strong>auctores</strong></span> <span class='ocrx_word' id='word_1_549' title='bbox 1506 3977 1833 4047; x_wconf 87' lang='lat' dir='ltr'><strong>philosophi.</strong></span> 
     </span>
    </p>
   </div>
   <div class='ocr_carea' id='block_1_79' title="bbox 507 4071 2016 4143">
    <p class='ocr_par' dir='ltr' id='par_1_79' title="bbox 507 4071 2016 4143">
     <span class='ocr_line' id='line_1_79' title="bbox 507 4071 2016 4143; baseline -0.001 -17"><span class='ocrx_word' id='word_1_550' title='bbox 507 4071 644 4126; x_wconf 73' lang='lat' dir='ltr'><strong>XIII.</strong></span> <span class='ocrx_word' id='word_1_551' title='bbox 684 4072 838 4143; x_wconf 88' lang='lat' dir='ltr'><strong>Apud</strong></span> <span class='ocrx_word' id='word_1_552' title='bbox 869 4071 1066 4128; x_wconf 85' lang='lat' dir='ltr'><strong>Persas</strong></span> <span class='ocrx_word' id='word_1_553' title='bbox 1095 4073 1259 4143; x_wconf 81' lang='lat' dir='ltr'><strong>igitur</strong></span> <span class='ocrx_word' id='word_1_554' title='bbox 1291 4071 1568 4143; x_wconf 70' lang='lat' dir='ltr'><strong>Magusasi,</strong></span> <span class='ocrx_word' id='word_1_555' title='bbox 1615 4080 1674 4126; x_wconf 89' lang='lat' dir='ltr'><strong>ut</strong></span> <span class='ocrx_word' id='word_1_556' title='bbox 1711 4071 1844 4134; x_wconf 81' lang='lat' dir='ltr'><strong>dixi,</strong></span> <span class='ocrx_word' id='word_1_557' title='bbox 1889 4085 2016 4125; x_wconf 90' lang='lat' dir='ltr'><strong>cum</strong></span> 
     </span>
    </p>
   </div>
   <div class='ocr_carea' id='block_1_80' title="bbox 439 4163 2012 4230">
    <p class='ocr_par' dir='ltr' id='par_1_80' title="bbox 439 4163 2012 4230">
     <span class='ocr_line' id='line_1_80' title="bbox 439 4163 2012 4230; baseline -0.001 -16"><span class='ocrx_word' id='word_1_558' title='bbox 439 4163 580 4218; x_wconf 83' lang='lat' dir='ltr'><strong>idola</strong></span> <span class='ocrx_word' id='word_1_559' title='bbox 631 4165 989 4230; x_wconf 87' lang='lat' dir='ltr'><strong>detestentur,</strong></span> <span class='ocrx_word' id='word_1_560' title='bbox 1037 4165 1226 4218; x_wconf 89' lang='lat' dir='ltr'><strong>eadem</strong></span> <span class='ocrx_word' id='word_1_561' title='bbox 1276 4171 1458 4218; x_wconf 90' lang='lat' dir='ltr'><strong>tamen</strong></span> <span class='ocrx_word' id='word_1_562' title='bbox 1513 4163 1602 4218; x_wconf 89' lang='lat' dir='ltr'><strong>illa</strong></span> <span class='ocrx_word' id='word_1_563' title='bbox 1658 4170 2012 4224; x_wconf 87' lang='lat' dir='ltr'><strong>venerantur,</strong></span> 
     </span>
    </p>
   </div>
   <div class='ocr_carea' id='block_1_81' title="bbox 439 4255 2014 4325">
    <p class='ocr_par' dir='ltr' id='par_1_81' title="bbox 439 4255 2014 4325">
     <span class='ocr_line' id='line_1_81' title="bbox 439 4255 2014 4325; baseline 0.001 -19"><span class='ocrx_word' id='word_1_564' title='bbox 439 4255 618 4325; x_wconf 83' lang='lat' dir='ltr'><strong>ignem</strong></span> <span class='ocrx_word' id='word_1_565' title='bbox 657 4256 906 4311; x_wconf 87' lang='lat' dir='ltr'><strong>videlicet</strong></span> <span class='ocrx_word' id='word_1_566' title='bbox 941 4265 994 4310; x_wconf 90' lang='lat' dir='ltr'><strong>et</strong></span> <span class='ocrx_word' id='word_1_567' title='bbox 1047 4257 1230 4310; x_wconf 88' lang='lat' dir='ltr'><strong>lunam</strong></span> <span class='ocrx_word' id='word_1_568' title='bbox 1267 4271 1332 4310; x_wconf 91' lang='lat' dir='ltr'><strong>ac</strong></span> <span class='ocrx_word' id='word_1_569' title='bbox 1372 4257 1564 4311; x_wconf 89' lang='lat' dir='ltr'><strong>solem.</strong></span> <span class='ocrx_word' id='word_1_570' title='bbox 1605 4255 1708 4308; x_wconf 88' lang='lat' dir='ltr'><strong>Alii</strong></span> <span class='ocrx_word' id='word_1_571' title='bbox 1754 4261 2014 4324; x_wconf 55' lang='lat' dir='ltr'><strong>praeterea</strong></span> 
     </span>
    </p>
   </div>
   <div class='ocr_carea' id='block_1_82' title="bbox 438 4346 2012 4419">
    <p class='ocr_par' dir='ltr' id='par_1_82' title="bbox 438 4346 2012 4419">
     <span class='ocr_line' id='line_1_82' title="bbox 438 4346 2012 4419; baseline -0.002 -17"><span class='ocrx_word' id='word_1_572' title='bbox 438 4355 588 4410; x_wconf 88' lang='lat' dir='ltr'><strong>sunt,</strong></span> <span class='ocrx_word' id='word_1_573' title='bbox 643 4349 732 4416; x_wconf 91' lang='lat' dir='ltr'><strong>qui</strong></span> <span class='ocrx_word' id='word_1_574' title='bbox 785 4347 842 4401; x_wconf 89' lang='lat' dir='ltr'><strong>in</strong></span> <span class='ocrx_word' id='word_1_575' title='bbox 881 4346 1086 4402; x_wconf 66' lang='lat' dir='ltr'><strong>Graecia</strong></span> <span class='ocrx_word' id='word_1_576' title='bbox 1129 4347 1258 4419; x_wconf 83' lang='lat' dir='ltr'><strong>Nysi</strong></span> <span class='ocrx_word' id='word_1_577' title='bbox 1306 4355 1360 4402; x_wconf 90' lang='lat' dir='ltr'><strong>et</strong></span> <span class='ocrx_word' id='word_1_578' title='bbox 1405 4348 1526 4402; x_wconf 83' lang='lat' dir='ltr'><strong>Abii</strong></span> <span class='ocrx_word' id='word_1_579' title='bbox 1577 4357 1884 4402; x_wconf 87' lang='lat' dir='ltr'><strong>vocantur:</strong></span> <span class='ocrx_word' id='word_1_580' title='bbox 1921 4347 2012 4416; x_wconf 92' lang='lat' dir='ltr'><strong>qui</strong></span> 
     </span>
    </p>
   </div>
   <div class='ocr_carea' id='block_1_83' title="bbox 2189 4068 3694 4140">
    <p class='ocr_par' dir='ltr' id='par_1_83' title="bbox 2189 4068 3694 4140">
     <span class='ocr_line' id='line_1_83' title="bbox 2189 4068 3694 4140; baseline 0.001 -18"><span class='ocrx_word' id='word_1_581' title='bbox 2189 4069 2292 4122; x_wconf 81' lang='lat' dir='ltr'><strong>II&quot;.</strong></span> <span class='ocrx_word' id='word_1_582' title='bbox 2333 4069 2548 4134; x_wconf 82' lang='grc' dir='ltr'>Τοίνυν,</span> <span class='ocrx_word' id='word_1_583' title='bbox 2577 4068 2653 4130; x_wconf 88' lang='grc' dir='ltr'>ὼς</span> <span class='ocrx_word' id='word_1_584' title='bbox 2686 4071 2974 4138; x_wconf 84' lang='grc' dir='ltr'>προεῖπον,</span> <span class='ocrx_word' id='word_1_585' title='bbox 3007 4069 3157 4139; x_wconf 80' lang='grc' dir='ltr'>παρὰ</span> <span class='ocrx_word' id='word_1_586' title='bbox 3194 4069 3435 4140; x_wconf 84' lang='grc' dir='ltr'>Πέρσαις</span> <span class='ocrx_word' id='word_1_587' title='bbox 3471 4071 3694 4140; x_wconf 87' lang='grc' dir='ltr'>Μαγου-</span> 
     </span>
    </p>
   </div>
   <div class='ocr_carea' id='block_1_84' title="bbox 2123 4151 3694 4232">
    <p class='ocr_par' dir='ltr' id='par_1_84' title="bbox 2123 4151 3694 4232">
     <span class='ocr_line' id='line_1_84' title="bbox 2123 4151 3694 4232; baseline 0.002 -18"><span class='ocrx_word' id='word_1_588' title='bbox 2123 4151 2268 4214; x_wconf 88' lang='grc' dir='ltr'><strong>σαῖοι¹</strong></span> <span class='ocrx_word' id='word_1_589' title='bbox 2293 4159 2636 4231; x_wconf 87' lang='grc' dir='ltr'>καλούμενοι,</span> <span class='ocrx_word' id='word_1_590' title='bbox 2669 4161 2719 4213; x_wconf 83' lang='grc' dir='ltr'>οἱ</span> <span class='ocrx_word' id='word_1_591' title='bbox 2745 4160 2937 4214; x_wconf 82' lang='grc' dir='ltr'>εἴδωλα</span> <span class='ocrx_word' id='word_1_592' title='bbox 2963 4161 3060 4231; x_wconf 81' lang='grc' dir='ltr'>μὲν</span> <span class='ocrx_word' id='word_1_593' title='bbox 3081 4161 3504 4232; x_wconf 86' lang='grc' dir='ltr'>βδελυττόμενοι,</span> <span class='ocrx_word' id='word_1_594' title='bbox 3545 4163 3694 4217; x_wconf 80' lang='grc' dir='ltr'>εἰδώ-</span> 
     </span>
    </p>
   </div>
   <div class='ocr_carea' id='block_1_85' title="bbox 2121 4251 3692 4326">
    <p class='ocr_par' dir='ltr' id='par_1_85' title="bbox 2121 4251 3692 4326">
     <span class='ocr_line' id='line_1_85' title="bbox 2121 4251 3692 4326; baseline 0.002 -20"><span class='ocrx_word' id='word_1_595' title='bbox 2121 4253 2233 4316; x_wconf 85' lang='grc' dir='ltr'>λοις</span> <span class='ocrx_word' id='word_1_596' title='bbox 2265 4270 2324 4306; x_wconf 89' lang='grc' dir='ltr'><strong>τε</strong></span> <span class='ocrx_word' id='word_1_597' title='bbox 2372 4251 2828 4324; x_wconf 82' lang='grc' dir='ltr'>προσκυνοῦντες,</span> <span class='ocrx_word' id='word_1_598' title='bbox 2867 4253 3000 4324; x_wconf 63' lang='grc' dir='ltr'><strong>πυρὶ¹</strong></span> <span class='ocrx_word' id='word_1_599' title='bbox 3037 4254 3131 4306; x_wconf 75' lang='grc' dir='ltr'>καὶ</span> <span class='ocrx_word' id='word_1_600' title='bbox 3172 4253 3368 4325; x_wconf 79' lang='grc' dir='ltr'>σελήνῃ</span> <span class='ocrx_word' id='word_1_601' title='bbox 3405 4255 3497 4307; x_wconf 79' lang='grc' dir='ltr'>καὶ</span> <span class='ocrx_word' id='word_1_602' title='bbox 3536 4255 3692 4326; x_wconf 81' lang='grc' dir='ltr'>ἡλίῳ.</span> 
     </span>
    </p>
   </div>
   <div class='ocr_carea' id='block_1_86' title="bbox 2124 4341 3692 4416">
    <p class='ocr_par' dir='ltr' id='par_1_86' title="bbox 2124 4341 3692 4416">
     <span class='ocr_line' id='line_1_86' title="bbox 2124 4341 3692 4416; baseline 0.006 -24"><span class='ocrx_word' id='word_1_603' title='bbox 2124 4341 2309 4394; x_wconf 73' lang='grc' dir='ltr'>’Ἄλλοι</span> <span class='ocrx_word' id='word_1_604' title='bbox 2331 4359 2391 4394; x_wconf 85' lang='grc' dir='ltr'><strong>τε</strong></span> <span class='ocrx_word' id='word_1_605' title='bbox 2418 4341 2580 4394; x_wconf 85' lang='grc' dir='ltr'>πάλιν</span> <span class='ocrx_word' id='word_1_606' title='bbox 2609 4343 2666 4394; x_wconf 81' lang='grc' dir='ltr'>ὲν</span> <span class='ocrx_word' id='word_1_607' title='bbox 2689 4345 2753 4412; x_wconf 81' lang='grc' dir='ltr'>τῇ</span> <span class='ocrx_word' id='word_1_608' title='bbox 2785 4343 2989 4396; x_wconf 84' lang='grc' dir='ltr'>Ἐλλάδι</span> <span class='ocrx_word' id='word_1_609' title='bbox 3009 4343 3120 4412; x_wconf 80' lang='grc'><strong>(75)</strong></span> <span class='ocrx_word' id='word_1_610' title='bbox 3146 4345 3322 4396; x_wconf 78' lang='grc' dir='ltr'>Μυσοὶ</span> <span class='ocrx_word' id='word_1_611' title='bbox 3349 4345 3692 4416; x_wconf 86' lang='grc' dir='ltr'>καλούμενοι,</span> 
     </span>
    </p>
   </div>
   <div class='ocr_carea' id='block_1_87' title="bbox 440 4406 2015 4508">
    <p class='ocr_par' dir='ltr' id='par_1_87' title="bbox 440 4437 2010 4508">
     <span class='ocr_line' id='line_1_87' title="bbox 440 4437 2010 4508; baseline 0 -18"><span class='ocrx_word' id='word_1_612' title='bbox 440 4439 640 4506; x_wconf 88' lang='lat' dir='ltr'><strong>equino</strong></span> <span class='ocrx_word' id='word_1_613' title='bbox 685 4439 823 4492; x_wconf 88' lang='lat' dir='ltr'><strong>lacte</strong></span> <span class='ocrx_word' id='word_1_614' title='bbox 851 4438 1122 4501; x_wconf 87' lang='lat' dir='ltr'><strong>victitant,</strong></span> <span class='ocrx_word' id='word_1_615' title='bbox 1155 4445 1208 4492; x_wconf 88' lang='lat' dir='ltr'><strong>et</strong></span> <span class='ocrx_word' id='word_1_616' title='bbox 1248 4447 1516 4508; x_wconf 83' lang='lat' dir='ltr'><strong>agrestem</strong></span> <span class='ocrx_word' id='word_1_617' title='bbox 1547 4445 1710 4506; x_wconf 87' lang='lat' dir='ltr'><strong>atque</strong></span> <span class='ocrx_word' id='word_1_618' title='bbox 1751 4437 2010 4490; x_wconf 90' lang='lat' dir='ltr'><strong>incultam</strong></span> 
     </span>
    </p>
   </div>
   <div class='ocr_carea' id='block_1_88' title="bbox 2122 4406 3692 4508">
    <p class='ocr_par' dir='ltr' id='par_1_88' title="bbox 2123 4406 3692 4508">
     <span class='ocr_line' id='line_1_88' title="bbox 2123 4406 3692 4508; baseline 0.004 -24"><span class='ocrx_word' id='word_1_619' title='bbox 2123 4432 2324 4499; x_wconf 81' lang='lat' dir='ltr'><strong>&#39;A6t0t,</strong></span> <span class='ocrx_word' id='word_1_620' title='bbox 2361 4433 2592 4501; x_wconf 88' lang='grc' dir='ltr'>γάλακτι</span> <span class='ocrx_word' id='word_1_621' title='bbox 2628 4406 2810 4486; x_wconf 78' lang='grc' dir='ltr'>ἵππων</span> <span class='ocrx_word' id='word_1_622' title='bbox 2829 4406 3119 4504; x_wconf 71' lang='grc' dir='ltr'>χρώμενοι,</span> <span class='ocrx_word' id='word_1_623' title='bbox 3153 4437 3246 4488; x_wconf 74' lang='grc' dir='ltr'><strong>καὶ</strong></span> <span class='ocrx_word' id='word_1_624' title='bbox 3267 4437 3328 4489; x_wconf 87' lang='grc' dir='ltr'><strong>τὸ</strong></span> <span class='ocrx_word' id='word_1_625' title='bbox 3357 4438 3464 4490; x_wconf 78' lang='grc' dir='ltr'>πᾶν</span> <span class='ocrx_word' id='word_1_626' title='bbox 3497 4406 3692 4508; x_wconf 71' lang='grc' dir='ltr'>άγρίαν</span> 
     </span>
    </p>
   </div>
   <div class='ocr_carea' id='block_1_89' title="bbox 439 4525 2013 4598">
    <p class='ocr_par' dir='ltr' id='par_1_89' title="bbox 439 4525 2013 4598">
     <span class='ocr_line' id='line_1_89' title="bbox 439 4525 2013 4598; baseline 0.001 -18"><span class='ocrx_word' id='word_1_627' title='bbox 439 4528 602 4596; x_wconf 88' lang='lat' dir='ltr'><strong>plane</strong></span> <span class='ocrx_word' id='word_1_628' title='bbox 631 4528 910 4598; x_wconf 83' lang='lat' dir='ltr'><strong>regionem</strong></span> <span class='ocrx_word' id='word_1_629' title='bbox 943 4529 1209 4582; x_wconf 91' lang='lat' dir='ltr'><strong>habitant.</strong></span> <span class='ocrx_word' id='word_1_630' title='bbox 1253 4525 1425 4594; x_wconf 86' lang='lat' dir='ltr'><strong>Quam</strong></span> <span class='ocrx_word' id='word_1_631' title='bbox 1465 4529 1634 4582; x_wconf 89' lang='lat' dir='ltr'><strong>multa</strong></span> <span class='ocrx_word' id='word_1_632' title='bbox 1662 4527 1730 4581; x_wconf 87' lang='lat' dir='ltr'><strong>ab</strong></span> <span class='ocrx_word' id='word_1_633' title='bbox 1758 4527 2013 4581; x_wconf 87' lang='lat' dir='ltr'><strong>humanis</strong></span> 
     </span>
    </p>
   </div>
   <div class='ocr_carea' id='block_1_90' title="bbox 440 4617 2012 4688">
    <p class='ocr_par' dir='ltr' id='par_1_90' title="bbox 440 4617 2012 4688">
     <span class='ocr_line' id='line_1_90' title="bbox 440 4617 2012 4688; baseline -0.001 -16"><span class='ocrx_word' id='word_1_634' title='bbox 440 4617 675 4688; x_wconf 77' lang='lat' dir='ltr'><strong>ingeniis</strong></span> <span class='ocrx_word' id='word_1_635' title='bbox 723 4619 900 4688; x_wconf 82' lang='lat' dir='ltr'><strong>colligi</strong></span> <span class='ocrx_word' id='word_1_636' title='bbox 945 4627 1177 4688; x_wconf 90' lang='lat' dir='ltr'><strong>possunt</strong></span> <span class='ocrx_word' id='word_1_637' title='bbox 1229 4617 1296 4674; x_wconf 88' lang='lat' dir='ltr'><strong>de</strong></span> <span class='ocrx_word' id='word_1_638' title='bbox 1349 4619 1416 4674; x_wconf 93' lang='lat' dir='ltr'><strong>iis</strong></span> <span class='ocrx_word' id='word_1_639' title='bbox 1467 4620 1560 4688; x_wconf 92' lang='lat' dir='ltr'><strong>qui</strong></span> <span class='ocrx_word' id='word_1_640' title='bbox 1617 4619 1752 4673; x_wconf 91' lang='lat' dir='ltr'><strong>tanti</strong></span> <span class='ocrx_word' id='word_1_641' title='bbox 1790 4634 1852 4674; x_wconf 87' lang='lat' dir='ltr'><strong>ac</strong></span> <span class='ocrx_word' id='word_1_642' title='bbox 1903 4627 2012 4672; x_wconf 90' lang='lat' dir='ltr'><strong>tam</strong></span> 
     </span>
    </p>
   </div>
   <div class='ocr_carea' id='block_1_91' title="bbox 439 4709 2016 4780">
    <p class='ocr_par' dir='ltr' id='par_1_91' title="bbox 439 4709 2016 4780">
     <span class='ocr_line' id='line_1_91' title="bbox 439 4709 2016 4780; baseline 0.001 -16"><span class='ocrx_word' id='word_1_643' title='bbox 439 4709 766 4765; x_wconf 79' lang='lat' dir='ltr'><strong>excellentes</strong></span> <span class='ocrx_word' id='word_1_644' title='bbox 799 4711 1096 4778; x_wconf 88' lang='lat' dir='ltr'><strong>habentur;</strong></span> <span class='ocrx_word' id='word_1_645' title='bbox 1145 4716 1200 4764; x_wconf 89' lang='lat' dir='ltr'><strong>et</strong></span> <span class='ocrx_word' id='word_1_646' title='bbox 1227 4725 1349 4780; x_wconf 70' lang='lat' dir='ltr'><strong>qua:</strong></span> <span class='ocrx_word' id='word_1_647' title='bbox 1389 4711 1456 4764; x_wconf 85' lang='lat' dir='ltr'><strong>ad</strong></span> <span class='ocrx_word' id='word_1_648' title='bbox 1487 4711 1838 4766; x_wconf 88' lang='lat' dir='ltr'><strong>laudabilium</strong></span> <span class='ocrx_word' id='word_1_649' title='bbox 1883 4710 2016 4765; x_wconf 85' lang='lat' dir='ltr'><strong>ado-</strong></span> 
     </span>
    </p>
   </div>
   <div class='ocr_carea' id='block_1_92' title="bbox 440 4801 2012 4872">
    <p class='ocr_par' dir='ltr' id='par_1_92' title="bbox 440 4801 2012 4872">
     <span class='ocr_line' id='line_1_92' title="bbox 440 4801 2012 4872; baseline 0 -18"><span class='ocrx_word' id='word_1_650' title='bbox 440 4801 863 4857; x_wconf 88' lang='lat' dir='ltr'><strong>lescentularum</strong></span> <span class='ocrx_word' id='word_1_651' title='bbox 904 4817 1077 4872; x_wconf 82' lang='lat' dir='ltr'><strong>genus</strong></span> <span class='ocrx_word' id='word_1_652' title='bbox 1123 4802 1324 4856; x_wconf 86' lang='lat' dir='ltr'><strong>ascribi</strong></span> <span class='ocrx_word' id='word_1_653' title='bbox 1371 4801 1590 4867; x_wconf 89' lang='lat' dir='ltr'><strong>debent,</strong></span> <span class='ocrx_word' id='word_1_654' title='bbox 1629 4817 1860 4872; x_wconf 91' lang='lat' dir='ltr'><strong>quarum</strong></span> <span class='ocrx_word' id='word_1_655' title='bbox 1905 4816 2012 4855; x_wconf 91' lang='lat' dir='ltr'><strong>non</strong></span> 
     </span>
    </p>
   </div>
   <div class='ocr_carea' id='block_1_93' title="bbox 438 4891 2014 4954">
    <p class='ocr_par' dir='ltr' id='par_1_93' title="bbox 438 4891 2014 4954">
     <span class='ocr_line' id='line_1_93' title="bbox 438 4891 2014 4954; baseline -0.002 -5"><span class='ocrx_word' id='word_1_656' title='bbox 438 4901 522 4949; x_wconf 86' lang='lat' dir='ltr'><strong>est</strong></span> <span class='ocrx_word' id='word_1_657' title='bbox 559 4893 856 4948; x_wconf 84' lang='lat' dir='ltr'><strong>numerus?</strong></span> <span class='ocrx_word' id='word_1_658' title='bbox 885 4895 1016 4947; x_wconf 85' lang='lat' dir='ltr'><strong>Nam</strong></span> <span class='ocrx_word' id='word_1_659' title='bbox 1065 4895 1184 4948; x_wconf 72' lang='lat' dir='ltr'><strong>aliae</strong></span> <span class='ocrx_word' id='word_1_660' title='bbox 1221 4893 1668 4948; x_wconf 74' lang='lat' dir='ltr'><strong>commendanda:</strong></span> <span class='ocrx_word' id='word_1_661' title='bbox 1697 4901 1845 4954; x_wconf 85' lang='lat' dir='ltr'><strong>sunt,</strong></span> <span class='ocrx_word' id='word_1_662' title='bbox 1897 4891 2014 4946; x_wconf 69' lang='lat' dir='ltr'><strong>alia:</strong></span> 
     </span>
    </p>
   </div>
   <div class='ocr_carea' id='block_1_94' title="bbox 440 4981 2010 5053">
    <p class='ocr_par' dir='ltr' id='par_1_94' title="bbox 440 4981 2010 5053">
     <span class='ocr_line' id='line_1_94' title="bbox 440 4981 2010 5053; baseline -0.003 -17"><span class='ocrx_word' id='word_1_663' title='bbox 440 4983 837 5053; x_wconf 86' lang='lat' dir='ltr'><strong>vituperatione</strong></span> <span class='ocrx_word' id='word_1_664' title='bbox 891 4983 1086 5053; x_wconf 68' lang='lat' dir='ltr'><strong>dignae.</strong></span> <span class='ocrx_word' id='word_1_665' title='bbox 1139 4981 1276 5036; x_wconf 86' lang='lat' dir='ltr'><strong>Nam</strong></span> <span class='ocrx_word' id='word_1_666' title='bbox 1329 4984 1576 5038; x_wconf 89' lang='lat' dir='ltr'><strong>nonnulli</strong></span> <span class='ocrx_word' id='word_1_667' title='bbox 1639 4983 2010 5052; x_wconf 81' lang='lat' dir='ltr'><strong>reperiuntur.</strong></span> 
     </span>
    </p>
   </div>
   <div class='ocr_carea' id='block_1_95' title="bbox 439 5073 2012 5144">
    <p class='ocr_par' dir='ltr' id='par_1_95' title="bbox 439 5073 2012 5144">
     <span class='ocr_line' id='line_1_95' title="bbox 439 5073 2012 5144; baseline 0 -18"><span class='ocrx_word' id='word_1_668' title='bbox 439 5074 534 5143; x_wconf 86' lang='lat' dir='ltr'><strong>qui</strong></span> <span class='ocrx_word' id='word_1_669' title='bbox 565 5091 630 5129; x_wconf 78' lang='lat' dir='ltr'><strong>ex</strong></span> <span class='ocrx_word' id='word_1_670' title='bbox 667 5073 877 5143; x_wconf 87' lang='lat' dir='ltr'><strong>privato</strong></span> <span class='ocrx_word' id='word_1_671' title='bbox 919 5073 1136 5144; x_wconf 82' lang='lat' dir='ltr'><strong>ingenio</strong></span> <span class='ocrx_word' id='word_1_672' title='bbox 1169 5088 1414 5128; x_wconf 87' lang='lat' dir='ltr'><strong>severam</strong></span> <span class='ocrx_word' id='word_1_673' title='bbox 1445 5073 1739 5144; x_wconf 89' lang='lat' dir='ltr'><strong>quamdam</strong></span> <span class='ocrx_word' id='word_1_674' title='bbox 1775 5073 1898 5127; x_wconf 74' lang='lat' dir='ltr'><strong>Viue</strong></span> <span class='ocrx_word' id='word_1_675' title='bbox 1928 5073 2012 5126; x_wconf 87' lang='lat' dir='ltr'><strong>di-</strong></span> 
     </span>
    </p>
   </div>
   <div class='ocr_carea' id='block_1_96' title="bbox 511 5251 1485 5326">
    <p class='ocr_par' dir='ltr' id='par_1_96' title="bbox 511 5251 1485 5326">
     <span class='ocr_line' id='line_1_96' title="bbox 511 5251 1485 5326; baseline -0.003 -16"><span class='ocrx_word' id='word_1_676' title='bbox 511 5255 526 5286; x_wconf 86' lang='grc'>¹</span> <span class='ocrx_word' id='word_1_677' title='bbox 558 5253 716 5310; x_wconf 87' lang='lat' dir='ltr'><strong>Cant.</strong></span> <span class='ocrx_word' id='word_1_678' title='bbox 745 5253 935 5326; x_wconf 39' lang='lat' dir='ltr'><strong>Vit].</strong></span> <span class='ocrx_word' id='word_1_679' title='bbox 1018 5254 1039 5285; x_wconf 79' lang='grc'><strong><em>⁸</em></strong></span> <span class='ocrx_word' id='word_1_680' title='bbox 1069 5251 1201 5326; x_wconf 79' lang='lat' dir='ltr'><strong>Reg.</strong></span> <span class='ocrx_word' id='word_1_681' title='bbox 1265 5253 1485 5326; x_wconf 79' lang='grc' dir='ltr'><strong>Ἀὁύδῃ.</strong></span> 
     </span>
    </p>
   </div>
   <div class='ocr_carea' id='block_1_97' title="bbox 442 5323 1200 5398">
    <p class='ocr_par' dir='ltr' id='par_1_97' title="bbox 442 5323 1200 5398">
     <span class='ocr_line' id='line_1_97' title="bbox 442 5323 1200 5398; baseline 0.003 -20"><span class='ocrx_word' id='word_1_682' title='bbox 442 5327 780 5398; x_wconf 77' lang='grc' dir='ltr'>Βραχμᾶνες,</span> <span class='ocrx_word' id='word_1_683' title='bbox 835 5323 1101 5396; x_wconf 83' lang='grc' dir='ltr'>Ἐλλήνων</span> <span class='ocrx_word' id='word_1_684' title='bbox 1123 5323 1200 5380; x_wconf 81' lang='grc' dir='ltr'>δέ.</span> 
     </span>
    </p>
   </div>
   <div class='ocr_carea' id='block_1_98' title="bbox 510 5438 2014 5564">
    <p class='ocr_par' dir='ltr' id='par_1_98' title="bbox 510 5438 2014 5564">
     <span class='ocr_line' id='line_1_98' title="bbox 510 5438 2014 5564; baseline 0 -68"><span class='ocrx_word' id='word_1_685' title='bbox 510 5442 618 5513; x_wconf 76' lang='grc'><strong>(71)</strong></span> <span class='ocrx_word' id='word_1_686' title='bbox 660 5439 828 5508; x_wconf 78' lang='grc' dir='ltr'>Παρὰ</span> <span class='ocrx_word' id='word_1_687' title='bbox 865 5439 933 5494; x_wconf 82' lang='grc' dir='ltr'>δὲ</span> <span class='ocrx_word' id='word_1_688' title='bbox 971 5441 1314 5564; x_wconf 47' lang='grc' dir='ltr'>Αέἐουπτίοις</span> <span class='ocrx_word' id='word_1_689' title='bbox 1348 5439 1666 5510; x_wconf 62' lang='grc' dir='ltr'>προφῆται.</span> <span class='ocrx_word' id='word_1_690' title='bbox 1705 5438 1779 5496; x_wconf 87' lang='lat' dir='ltr'><strong>De</strong></span> <span class='ocrx_word' id='word_1_691' title='bbox 1813 5441 2014 5510; x_wconf 85' lang='lat' dir='ltr'><strong>triplici</strong></span> 
     </span>
     <span class='ocr_line' id='line_1_99' title="bbox 510 5511 2014 5564; baseline 0.001 -2"><span class='ocrx_word' id='word_1_692' title='bbox 510 5513 784 5564; x_wconf 76' lang='lat' dir='ltr'><strong>rerilotum</strong></span> <span class='ocrx_word' id='word_1_693' title='bbox 815 5511 957 5564; x_wconf 79' lang='lat' dir='ltr'><strong>apud</strong></span> <span class='ocrx_word' id='word_1_694' title='bbox 1083 5513 1293 5564; x_wconf 70' lang='lat' dir='ltr'><strong>evntins</strong></span> <span class='ocrx_word' id='word_1_695' title='bbox 1339 5527 1536 5564; x_wconf 62' lang='lat' dir='ltr'><strong>genere</strong></span> <span class='ocrx_word' id='word_1_696' title='bbox 1564 5551 1576 5564; x_wconf 93' lang='lat'><strong>.</strong></span> <span class='ocrx_word' id='word_1_697' title='bbox 1619 5511 1741 5564; x_wconf 80' lang='lat' dir='ltr'><strong>vide</strong></span> <span class='ocrx_word' id='word_1_698' title='bbox 1787 5527 1908 5564; x_wconf 67' lang='lat' dir='ltr'><strong>aure</strong></span> <span class='ocrx_word' id='word_1_699' title='bbox 1946 5511 2014 5564; x_wconf 88' lang='lat' dir='ltr'><strong>ad</strong></span> 
     </span>
    </p>
   </div>
   <div class='ocr_carea' id='block_1_99' title="bbox 442 5511 2016 5581">
    <p class='ocr_par' dir='ltr' id='par_1_99' title="bbox 442 5511 2016 5581">
     <span class='ocr_line' id='line_1_100' title="bbox 442 5511 2016 5581; baseline -0.003 -13"><span class='ocrx_word' id='word_1_700' title='bbox 442 5511 784 5568; x_wconf 61' lang='lat' dir='ltr'><strong>sacerdotmn</strong></span> <span class='ocrx_word' id='word_1_701' title='bbox 815 5511 957 5579; x_wconf 90' lang='lat' dir='ltr'><strong>apud</strong></span> <span class='ocrx_word' id='word_1_702' title='bbox 1007 5511 1293 5581; x_wconf 62' lang='lat' dir='ltr'><strong>Egyptins</strong></span> <span class='ocrx_word' id='word_1_703' title='bbox 1339 5527 1536 5579; x_wconf 83' lang='lat' dir='ltr'><strong>genere</strong></span> <span class='ocrx_word' id='word_1_704' title='bbox 1564 5551 1576 5572; x_wconf 86' lang='grc'><strong>,</strong></span> <span class='ocrx_word' id='word_1_705' title='bbox 1619 5511 1741 5581; x_wconf 82' lang='lat' dir='ltr'><strong>vide</strong></span> <span class='ocrx_word' id='word_1_706' title='bbox 1787 5527 1908 5580; x_wconf 75' lang='lat' dir='ltr'><strong>quze</strong></span> <span class='ocrx_word' id='word_1_707' title='bbox 1946 5511 2016 5564; x_wconf 87' lang='lat' dir='ltr'><strong>ad</strong></span> 
     </span>
    </p>
   </div>
   <div class='ocr_carea' id='block_1_100' title="bbox 441 5580 2012 5650">
    <p class='ocr_par' dir='ltr' id='par_1_100' title="bbox 441 5580 2012 5650">
     <span class='ocr_line' id='line_1_101' title="bbox 441 5580 2012 5650; baseline -0.001 -14"><span class='ocrx_word' id='word_1_708' title='bbox 441 5584 728 5650; x_wconf 73' lang='lat' dir='ltr'><strong>Synesium</strong></span> <span class='ocrx_word' id='word_1_709' title='bbox 773 5580 1126 5640; x_wconf 28' lang='lat' dir='ltr'><strong>in,Encamio’</strong></span> <span class='ocrx_word' id='word_1_710' title='bbox 1157 5581 1375 5644; x_wconf 72' lang='lat' dir='ltr'><strong>caluitii,</strong></span> <span class='ocrx_word' id='word_1_711' title='bbox 1418 5589 1471 5636; x_wconf 89' lang='lat' dir='ltr'><strong>et</strong></span> <span class='ocrx_word' id='word_1_712' title='bbox 1512 5581 1666 5636; x_wconf 90' lang='lat' dir='ltr'><strong>libris</strong></span> <span class='ocrx_word' id='word_1_713' title='bbox 1692 5580 1768 5634; x_wconf 87' lang='lat' dir='ltr'><strong>De</strong></span> <span class='ocrx_word' id='word_1_714' title='bbox 1801 5582 2012 5650; x_wconf 83' lang='lat' dir='ltr'><strong>provid.</strong></span> 
     </span>
    </p>
   </div>
   <div class='ocr_carea' id='block_1_101' title="bbox 441 5651 1265 5708">
    <p class='ocr_par' dir='ltr' id='par_1_101' title="bbox 441 5651 1265 5708">
     <span class='ocr_line' id='line_1_102' title="bbox 441 5651 1265 5708; baseline -0.005 0"><span class='ocrx_word' id='word_1_715' title='bbox 441 5655 566 5708; x_wconf 91' lang='lat' dir='ltr'><strong>olim</strong></span> <span class='ocrx_word' id='word_1_716' title='bbox 597 5654 1030 5706; x_wconf 85' lang='lat' dir='ltr'><strong>observavimus.</strong></span> <span class='ocrx_word' id='word_1_717' title='bbox 1057 5651 1265 5705; x_wconf 77' lang='lat' dir='ltr'><strong>PETAV.</strong></span> 
     </span>
    </p>
   </div>
   <div class='ocr_carea' id='block_1_102' title="bbox 513 5719 2014 5794">
    <p class='ocr_par' dir='ltr' id='par_1_102' title="bbox 513 5719 2014 5794">
     <span class='ocr_line' id='line_1_103' title="bbox 513 5719 2014 5794; baseline -0.001 -19"><span class='ocrx_word' id='word_1_718' title='bbox 513 5723 622 5792; x_wconf 73' lang='lat'><strong>(72)</strong></span> <span class='ocrx_word' id='word_1_719' title='bbox 662 5721 1016 5794; x_wconf 64' lang='grc' dir='ltr'>’ζεροςεάντίιέ</span> <span class='ocrx_word' id='word_1_720' title='bbox 1040 5739 1104 5774; x_wconf 81' lang='grc' dir='ltr'><strong>τε</strong></span> <span class='ocrx_word' id='word_1_721' title='bbox 1147 5724 1242 5774; x_wconf 79' lang='grc' dir='ltr'>καὶ</span> <span class='ocrx_word' id='word_1_722' title='bbox 1272 5723 1594 5794; x_wconf 77' lang='grc' dir='ltr'>νεωκόρων.</span> <span class='ocrx_word' id='word_1_723' title='bbox 1624 5719 2014 5794; x_wconf 69' lang='lat' dir='ltr'><strong>Distinguem‘la</strong></span> 
     </span>
    </p>
   </div>
   <div class='ocr_carea' id='block_1_103' title="bbox 443 5791 2012 5864">
    <p class='ocr_par' dir='ltr' id='par_1_103' title="bbox 443 5791 2012 5864">
     <span class='ocr_line' id='line_1_104' title="bbox 443 5791 2012 5864; baseline -0.001 -19"><span class='ocrx_word' id='word_1_724' title='bbox 443 5791 546 5848; x_wconf 72' lang='lat' dir='ltr'><strong>hoc</strong></span> <span class='ocrx_word' id='word_1_725' title='bbox 573 5791 733 5846; x_wconf 89' lang='lat' dir='ltr'><strong>modo</strong></span> <span class='ocrx_word' id='word_1_726' title='bbox 773 5793 875 5846; x_wconf 88' lang='lat' dir='ltr'><strong>ista</strong></span> <span class='ocrx_word' id='word_1_727' title='bbox 917 5791 1080 5847; x_wconf 77' lang='lat' dir='ltr'><strong>sunt:</strong></span> <span class='ocrx_word' id='word_1_728' title='bbox 1117 5793 1426 5860; x_wconf 81' lang='grc' dir='ltr'>ἱεροφάνται</span> <span class='ocrx_word' id='word_1_729' title='bbox 1479 5809 1537 5844; x_wconf 90' lang='grc' dir='ltr'><strong>τε</strong></span> <span class='ocrx_word' id='word_1_730' title='bbox 1587 5793 1678 5844; x_wconf 75' lang='grc' dir='ltr'><strong>καὶ</strong></span> <span class='ocrx_word' id='word_1_731' title='bbox 1729 5791 2012 5864; x_wconf 84' lang='grc' dir='ltr'>νεωκόροι,</span> 
     </span>
    </p>
   </div>
   <div class='ocr_carea' id='block_1_104' title="bbox 1589 5253 2136 5328">
    <p class='ocr_par' dir='ltr' id='par_1_104' title="bbox 1589 5253 2136 5328">
     <span class='ocr_line' id='line_1_105' title="bbox 1589 5253 2136 5328; baseline 0.005 -21"><span class='ocrx_word' id='word_1_732' title='bbox 1589 5254 1610 5286; x_wconf 84' lang='grc'>³</span> <span class='ocrx_word' id='word_1_733' title='bbox 1661 5253 1795 5325; x_wconf 81' lang='lat' dir='ltr'><strong>Reg.</strong></span> <span class='ocrx_word' id='word_1_734' title='bbox 1846 5255 2136 5328; x_wconf 78' lang='grc' dir='ltr'><strong>Φαρὸήτῳ.</strong></span> 
     </span>
    </p>
   </div>
   <div class='ocr_carea' id='block_1_105' title="bbox 2121 4525 3693 4599">
    <p class='ocr_par' dir='ltr' id='par_1_105' title="bbox 2121 4525 3693 4599">
     <span class='ocr_line' id='line_1_106' title="bbox 2121 4525 3693 4599; baseline 0.004 -22"><span class='ocrx_word' id='word_1_735' title='bbox 2121 4525 2304 4597; x_wconf 86' lang='grc' dir='ltr'>χώραν</span> <span class='ocrx_word' id='word_1_736' title='bbox 2341 4525 2739 4590; x_wconf 87' lang='grc' dir='ltr'>κατοικοῦντες.</span> <span class='ocrx_word' id='word_1_737' title='bbox 2767 4527 2876 4580; x_wconf 74' lang='grc' dir='ltr'>Καὶ</span> <span class='ocrx_word' id='word_1_738' title='bbox 2901 4529 3040 4580; x_wconf 83' lang='grc' dir='ltr'>πόσα</span> <span class='ocrx_word' id='word_1_739' title='bbox 3069 4527 3354 4599; x_wconf 79' lang='grc' dir='ltr'>δυνήσεται</span> <span class='ocrx_word' id='word_1_740' title='bbox 3387 4531 3414 4581; x_wconf 87' lang='grc' dir='ltr'>ὁ</span> <span class='ocrx_word' id='word_1_741' title='bbox 3439 4529 3562 4593; x_wconf 84' lang='grc' dir='ltr'>νοῦς</span> <span class='ocrx_word' id='word_1_742' title='bbox 3585 4529 3693 4584; x_wconf 90' lang='grc' dir='ltr'><strong>τῶν</strong></span> 
     </span>
    </p>
   </div>
   <div class='ocr_carea' id='block_1_106' title="bbox 2120 4616 3692 4691">
    <p class='ocr_par' dir='ltr' id='par_1_106' title="bbox 2120 4616 3692 4691">
     <span class='ocr_line' id='line_1_107' title="bbox 2120 4616 3692 4691; baseline 0.004 -21"><span class='ocrx_word' id='word_1_743' title='bbox 2120 4616 2424 4688; x_wconf 86' lang='grc' dir='ltr'>ἀνθρώπων</span> <span class='ocrx_word' id='word_1_744' title='bbox 2479 4617 2757 4686; x_wconf 86' lang='grc' dir='ltr'>συλλέγειν</span> <span class='ocrx_word' id='word_1_745' title='bbox 2811 4618 2918 4670; x_wconf 89' lang='grc' dir='ltr'><strong>τῶν</strong></span> <span class='ocrx_word' id='word_1_746' title='bbox 2967 4617 3236 4672; x_wconf 83' lang='grc' dir='ltr'>τοσούτων</span> <span class='ocrx_word' id='word_1_747' title='bbox 3294 4621 3386 4672; x_wconf 82' lang='grc' dir='ltr'><strong>καὶ</strong></span> <span class='ocrx_word' id='word_1_748' title='bbox 3442 4622 3692 4691; x_wconf 87' lang='grc' dir='ltr'>μεγάλων</span> 
     </span>
    </p>
   </div>
   <div class='ocr_carea' id='block_1_107' title="bbox 2119 4708 3693 4779">
    <p class='ocr_par' dir='ltr' id='par_1_107' title="bbox 2119 4708 3693 4779">
     <span class='ocr_line' id='line_1_108' title="bbox 2119 4708 3693 4779; baseline 0.004 -20"><span class='ocrx_word' id='word_1_749' title='bbox 2119 4708 2534 4779; x_wconf 79' lang='grc' dir='ltr'>ὀνομαζομένων</span> <span class='ocrx_word' id='word_1_750' title='bbox 2555 4749 2568 4770; x_wconf 88' lang='grc'><strong>,</strong></span> <span class='ocrx_word' id='word_1_751' title='bbox 2607 4709 2702 4762; x_wconf 79' lang='grc' dir='ltr'>καὶ</span> <span class='ocrx_word' id='word_1_752' title='bbox 2733 4711 2790 4762; x_wconf 82' lang='grc' dir='ltr'>ὲν</span> <span class='ocrx_word' id='word_1_753' title='bbox 2825 4711 2944 4772; x_wconf 80' lang='grc' dir='ltr'>ταῖς</span> <span class='ocrx_word' id='word_1_754' title='bbox 2981 4709 3399 4779; x_wconf 77' lang='grc' dir='ltr'>ἐπαινουμέναις</span> <span class='ocrx_word' id='word_1_755' title='bbox 3435 4711 3556 4764; x_wconf 82' lang='grc' dir='ltr'>ὅσαι</span> <span class='ocrx_word' id='word_1_756' title='bbox 3587 4713 3693 4766; x_wconf 70' lang='grc' dir='ltr'>εἰσὶ</span> 
     </span>
    </p>
   </div>
   <div class='ocr_carea' id='block_1_108' title="bbox 2120 4795 3692 4874">
    <p class='ocr_par' dir='ltr' id='par_1_108' title="bbox 2120 4795 3692 4874">
     <span class='ocr_line' id='line_1_109' title="bbox 2120 4795 3692 4874; baseline 0.003 -22"><span class='ocrx_word' id='word_1_757' title='bbox 2120 4799 2374 4872; x_wconf 74' lang='grc' dir='ltr'>διαφοραὶ</span> <span class='ocrx_word' id='word_1_758' title='bbox 2404 4802 2688 4860; x_wconf 85' lang='grc' dir='ltr'>νεανίδων,</span> <span class='ocrx_word' id='word_1_759' title='bbox 2719 4795 2793 4854; x_wconf 87' lang='grc' dir='ltr'>ὧν</span> <span class='ocrx_word' id='word_1_760' title='bbox 2826 4801 2926 4854; x_wconf 81' lang='grc' dir='ltr'><strong>οὐκ</strong></span> <span class='ocrx_word' id='word_1_761' title='bbox 2969 4801 3116 4854; x_wconf 75' lang='grc' dir='ltr'>ἔστιν</span> <span class='ocrx_word' id='word_1_762' title='bbox 3160 4801 3419 4871; x_wconf 88' lang='grc' dir='ltr'>ἀριθμός;</span> <span class='ocrx_word' id='word_1_763' title='bbox 3452 4803 3558 4855; x_wconf 88' lang='grc' dir='ltr'><strong>τῶν</strong></span> <span class='ocrx_word' id='word_1_764' title='bbox 3595 4805 3692 4874; x_wconf 84' lang='grc' dir='ltr'><strong>μὲν</strong></span> 
     </span>
    </p>
   </div>
   <div class='ocr_carea' id='block_1_109' title="bbox 2119 4893 3691 4963">
    <p class='ocr_par' dir='ltr' id='par_1_109' title="bbox 2119 4893 3691 4963">
     <span class='ocr_line' id='line_1_110' title="bbox 2119 4893 3691 4963; baseline 0.003 -19"><span class='ocrx_word' id='word_1_765' title='bbox 2119 4893 2256 4962; x_wconf 81' lang='grc' dir='ltr'>πρὸς</span> <span class='ocrx_word' id='word_1_766' title='bbox 2307 4893 2550 4956; x_wconf 75' lang='grc' dir='ltr'>ἔπαινον,</span> <span class='ocrx_word' id='word_1_767' title='bbox 2590 4893 2765 4946; x_wconf 80' lang='grc' dir='ltr'>ἄλλων</span> <span class='ocrx_word' id='word_1_768' title='bbox 2793 4893 2849 4945; x_wconf 83' lang='grc' dir='ltr'>δὲ</span> <span class='ocrx_word' id='word_1_769' title='bbox 2905 4893 2978 4962; x_wconf 86' lang='grc' dir='ltr'><strong>μὴ</strong></span> <span class='ocrx_word' id='word_1_770' title='bbox 3019 4893 3454 4963; x_wconf 82' lang='grc' dir='ltr'>ἐπαινουμένων·</span> <span class='ocrx_word' id='word_1_771' title='bbox 3497 4895 3603 4948; x_wconf 86' lang='grc' dir='ltr'><strong>τῶν</strong></span> <span class='ocrx_word' id='word_1_772' title='bbox 3635 4897 3691 4948; x_wconf 80' lang='grc' dir='ltr'><strong>δὲ</strong></span> 
     </span>
    </p>
   </div>
   <div class='ocr_carea' id='block_1_110' title="bbox 2117 4985 3690 5062">
    <p class='ocr_par' dir='ltr' id='par_1_110' title="bbox 2117 4985 3690 5062">
     <span class='ocr_line' id='line_1_111' title="bbox 2117 4985 3690 5062; baseline 0.005 -26"><span class='ocrx_word' id='word_1_773' title='bbox 2117 4985 2210 5036; x_wconf 84' lang='grc' dir='ltr'>ἀπ’</span> <span class='ocrx_word' id='word_1_774' title='bbox 2242 4985 2370 5038; x_wconf 83' lang='grc' dir='ltr'>ίδὶου</span> <span class='ocrx_word' id='word_1_775' title='bbox 2399 4985 2518 5048; x_wconf 83' lang='grc' dir='ltr'>νοὸς</span> <span class='ocrx_word' id='word_1_776' title='bbox 2546 4985 2614 5038; x_wconf 77' lang='grc' dir='ltr'>τὰ</span> <span class='ocrx_word' id='word_1_777' title='bbox 2647 4987 2784 5057; x_wconf 83' lang='grc' dir='ltr'>πρὸς</span> <span class='ocrx_word' id='word_1_778' title='bbox 2809 4987 3084 5050; x_wconf 87' lang='grc' dir='ltr'>πολιτείας</span> <span class='ocrx_word' id='word_1_779' title='bbox 3113 4989 3343 5058; x_wconf 75' lang='grc' dir='ltr'>ἄσκησιν</span> <span class='ocrx_word' id='word_1_780' title='bbox 3375 4992 3467 5044; x_wconf 81' lang='grc' dir='ltr'>καὶ</span> <span class='ocrx_word' id='word_1_781' title='bbox 3489 4991 3690 5062; x_wconf 86' lang='grc' dir='ltr'>θεσμὸν</span> 
     </span>
    </p>
   </div>
   <div class='ocr_carea' id='block_1_111' title="bbox 2115 5073 3691 5152">
    <p class='ocr_par' dir='ltr' id='par_1_111' title="bbox 2115 5073 3691 5152">
     <span class='ocr_line' id='line_1_112' title="bbox 2115 5073 3691 5152; baseline 0.007 -28"><span class='ocrx_word' id='word_1_782' title='bbox 2115 5073 2327 5136; x_wconf 79' lang='grc' dir='ltr'>ἑαυτοῖς</span> <span class='ocrx_word' id='word_1_783' title='bbox 2370 5075 2755 5144; x_wconf 87' lang='grc' dir='ltr'>συλλεγόντων,</span> <span class='ocrx_word' id='word_1_784' title='bbox 2797 5079 2853 5128; x_wconf 77' lang='grc' dir='ltr'>ἐν</span> <span class='ocrx_word' id='word_1_785' title='bbox 2897 5077 3094 5146; x_wconf 84' lang='grc' dir='ltr'>κόμαις</span> <span class='ocrx_word' id='word_1_786' title='bbox 3121 5095 3180 5130; x_wconf 88' lang='grc' dir='ltr'><strong>τε</strong></span> <span class='ocrx_word' id='word_1_787' title='bbox 3231 5081 3518 5149; x_wconf 82' lang='grc' dir='ltr'>προύπτως</span> <span class='ocrx_word' id='word_1_788' title='bbox 3561 5098 3691 5152; x_wconf 84' lang='grc' dir='ltr'>προ-</span> 
     </span>
    </p>
   </div>
   <div class='ocr_carea' id='block_1_112' title="bbox 2231 5257 3688 5338">
    <p class='ocr_par' dir='ltr' id='par_1_112' title="bbox 2231 5257 3688 5338">
     <span class='ocr_line' id='line_1_113' title="bbox 2231 5257 3688 5338; baseline 0.008 -29"><span class='ocrx_word' id='word_1_789' title='bbox 2231 5257 2412 5328; x_wconf 69' lang='lat' dir='ltr'><strong>‘ch.</strong></span> <span class='ocrx_word' id='word_1_790' title='bbox 2465 5261 2563 5330; x_wconf 79' lang='grc' dir='ltr'><strong>τὴν</strong></span> <span class='ocrx_word' id='word_1_791' title='bbox 2613 5261 2792 5332; x_wconf 87' lang='grc' dir='ltr'>Τιθρ.,</span> <span class='ocrx_word' id='word_1_792' title='bbox 2823 5269 2876 5316; x_wconf 87' lang='lat' dir='ltr'><strong>et</strong></span> <span class='ocrx_word' id='word_1_793' title='bbox 2918 5278 3044 5317; x_wconf 83' lang='lat' dir='ltr'><strong>mox</strong></span> <span class='ocrx_word' id='word_1_794' title='bbox 3089 5263 3191 5333; x_wconf 86' lang='grc' dir='ltr'>τῆς</span> <span class='ocrx_word' id='word_1_795' title='bbox 3251 5265 3494 5334; x_wconf 82' lang='grc' dir='ltr'>Ἐνέφθυ.</span> <span class='ocrx_word' id='word_1_796' title='bbox 3567 5269 3602 5338; x_wconf 37' lang='grc' dir='ltr'><strong>δ’</strong></span> <span class='ocrx_word' id='word_1_797' title='bbox 3623 5266 3688 5328; x_wconf 85' lang='lat' dir='ltr'><strong>F.</strong></span> 
     </span>
    </p>
   </div>
   <div class='ocr_carea' id='block_1_113' title="bbox 2117 5439 3040 5509">
    <p class='ocr_par' dir='ltr' id='par_1_113' title="bbox 2117 5439 3040 5509">
     <span class='ocr_line' id='line_1_114' title="bbox 2117 5439 3040 5509; baseline 0.001 -15"><span class='ocrx_word' id='word_1_798' title='bbox 2117 5442 2370 5494; x_wconf 83' lang='grc' dir='ltr'>Κυνικῶν</span> <span class='ocrx_word' id='word_1_799' title='bbox 2396 5457 2456 5492; x_wconf 94' lang='grc' dir='ltr'><strong>τε</strong></span> <span class='ocrx_word' id='word_1_800' title='bbox 2492 5440 2713 5509; x_wconf 86' lang='grc' dir='ltr'>πλῆθος,</span> <span class='ocrx_word' id='word_1_801' title='bbox 2745 5450 2850 5494; x_wconf 89' lang='lat' dir='ltr'><strong>etc.</strong></span> <span class='ocrx_word' id='word_1_802' title='bbox 2887 5439 3040 5495; x_wconf 72' lang='lat' dir='ltr'><strong>IDEM.</strong></span> 
     </span>
    </p>
   </div>
   <div class='ocr_carea' id='block_1_114' title="bbox 2189 5509 3688 5584">
    <p class='ocr_par' dir='ltr' id='par_1_114' title="bbox 2189 5509 3688 5584">
     <span class='ocr_line' id='line_1_115' title="bbox 2189 5509 3688 5584; baseline 0.005 -21"><span class='ocrx_word' id='word_1_803' title='bbox 2189 5512 2308 5584; x_wconf 7' lang='lat'><strong>(7&#39;5),</strong></span> <span class='ocrx_word' id='word_1_804' title='bbox 2340 5512 2539 5564; x_wconf 69' lang='grc' dir='ltr'>Ἄλλοι</span> <span class='ocrx_word' id='word_1_805' title='bbox 2565 5527 2629 5563; x_wconf 80' lang='grc' dir='ltr'><strong>τε</strong></span> <span class='ocrx_word' id='word_1_806' title='bbox 2656 5509 2839 5563; x_wconf 76' lang='grc' dir='ltr'>πάλιν</span> <span class='ocrx_word' id='word_1_807' title='bbox 2861 5513 2928 5564; x_wconf 75' lang='grc' dir='ltr'>ἐν</span> <span class='ocrx_word' id='word_1_808' title='bbox 2962 5511 3037 5584; x_wconf 64' lang='grc' dir='ltr'>τῇ</span> <span class='ocrx_word' id='word_1_809' title='bbox 3071 5511 3327 5584; x_wconf 72' lang='grc' dir='ltr'>Ἑλλάδι.</span> <span class='ocrx_word' id='word_1_810' title='bbox 3365 5511 3482 5567; x_wconf 82' lang='lat' dir='ltr'><strong>Non</strong></span> <span class='ocrx_word' id='word_1_811' title='bbox 3515 5514 3688 5584; x_wconf 74' lang='lat' dir='ltr'><strong>magis</strong></span> 
     </span>
    </p>
   </div>
   <div class='ocr_carea' id='block_1_115' title="bbox 2117 5581 3686 5648">
    <p class='ocr_par' dir='ltr' id='par_1_115' title="bbox 2117 5581 3686 5648">
     <span class='ocr_line' id='line_1_116' title="bbox 2117 5581 3686 5648; baseline 0.002 -14"><span class='ocrx_word' id='word_1_812' title='bbox 2117 5581 2260 5635; x_wconf 86' lang='lat' dir='ltr'><strong>inter</strong></span> <span class='ocrx_word' id='word_1_813' title='bbox 2299 5581 2534 5635; x_wconf 65' lang='lat' dir='ltr'><strong>haereses</strong></span> <span class='ocrx_word' id='word_1_814' title='bbox 2563 5595 2626 5634; x_wconf 87' lang='lat' dir='ltr'><strong>ac</strong></span> <span class='ocrx_word' id='word_1_815' title='bbox 2681 5589 2860 5634; x_wconf 87' lang='lat' dir='ltr'><strong>sectas</strong></span> <span class='ocrx_word' id='word_1_816' title='bbox 2892 5582 3084 5634; x_wconf 82' lang='lat' dir='ltr'><strong>referri</strong></span> <span class='ocrx_word' id='word_1_817' title='bbox 3131 5595 3410 5637; x_wconf 56' lang='lat' dir='ltr'><strong>merentur</strong></span> <span class='ocrx_word' id='word_1_818' title='bbox 3442 5587 3586 5648; x_wconf 82' lang='lat' dir='ltr'><strong>Abii,</strong></span> <span class='ocrx_word' id='word_1_819' title='bbox 3613 5581 3686 5638; x_wconf 42' lang='lat' dir='ltr'><strong>‘ac</strong></span> 
     </span>
    </p>
   </div>
   <div class='ocr_carea' id='block_1_116' title="bbox 2117 5651 3684 5722">
    <p class='ocr_par' dir='ltr' id='par_1_116' title="bbox 2117 5651 3684 5722">
     <span class='ocr_line' id='line_1_117' title="bbox 2117 5651 3684 5722; baseline 0.004 -19"><span class='ocrx_word' id='word_1_820' title='bbox 2117 5651 2274 5722; x_wconf 85' lang='lat' dir='ltr'><strong>Mysi.</strong></span> <span class='ocrx_word' id='word_1_821' title='bbox 2298 5665 2470 5722; x_wconf 85' lang='lat' dir='ltr'><strong>quam</strong></span> <span class='ocrx_word' id='word_1_822' title='bbox 2503 5665 2705 5722; x_wconf 13' lang='lat' dir='ltr'><strong>omnes,</strong></span> <span class='ocrx_word' id='word_1_823' title='bbox 2735 5651 2883 5722; x_wconf 83' lang='lat' dir='ltr'><strong>orbis</strong></span> <span class='ocrx_word' id='word_1_824' title='bbox 2908 5653 3074 5706; x_wconf 88' lang='lat' dir='ltr'><strong>totius</strong></span> <span class='ocrx_word' id='word_1_825' title='bbox 3103 5654 3306 5722; x_wconf 88' lang='lat' dir='ltr'><strong>populi,</strong></span> <span class='ocrx_word' id='word_1_826' title='bbox 3338 5669 3569 5722; x_wconf 89' lang='lat' dir='ltr'><strong>quorum</strong></span> <span class='ocrx_word' id='word_1_827' title='bbox 3605 5656 3684 5708; x_wconf 72' lang='lat' dir='ltr'><strong>vel</strong></span> 
     </span>
    </p>
   </div>
   <div class='ocr_carea' id='block_1_117' title="bbox 2117 5720 3685 5793">
    <p class='ocr_par' dir='ltr' id='par_1_117' title="bbox 2117 5720 3685 5793">
     <span class='ocr_line' id='line_1_118' title="bbox 2117 5720 3685 5793; baseline 0.001 -19"><span class='ocrx_word' id='word_1_828' title='bbox 2117 5720 2334 5784; x_wconf 84' lang='lat' dir='ltr'><strong>absoni,</strong></span> <span class='ocrx_word' id='word_1_829' title='bbox 2356 5722 2440 5793; x_wconf 83' lang='lat' dir='ltr'><strong>vel</strong></span> <span class='ocrx_word' id='word_1_830' title='bbox 2471 5735 2500 5772; x_wconf 91' lang='lat' dir='ltr'><strong>a</strong></span> <span class='ocrx_word' id='word_1_831' title='bbox 2530 5721 2740 5793; x_wconf 63' lang='lat' dir='ltr'><strong>cgeteris</strong></span> <span class='ocrx_word' id='word_1_832' title='bbox 2769 5720 3145 5793; x_wconf 83' lang='lat' dir='ltr'><strong>discrepantes</strong></span> <span class='ocrx_word' id='word_1_833' title='bbox 3175 5720 3318 5779; x_wconf 76' lang='lat' dir='ltr'><strong>sunt</strong></span> <span class='ocrx_word' id='word_1_834' title='bbox 3347 5720 3489 5780; x_wconf 76' lang='lat' dir='ltr'><strong>ritus</strong></span> <span class='ocrx_word' id='word_1_835' title='bbox 3527 5725 3685 5779; x_wconf 87' lang='lat' dir='ltr'><strong>insti-</strong></span> 
     </span>
    </p>
   </div>
   <div class='ocr_carea' id='block_1_118' title="bbox 2116 5789 2802 5860">
    <p class='ocr_par' dir='ltr' id='par_1_118' title="bbox 2116 5789 2802 5860">
     <span class='ocr_line' id='line_1_119' title="bbox 2116 5789 2802 5860; baseline -0.001 -16"><span class='ocrx_word' id='word_1_836' title='bbox 2116 5799 2344 5860; x_wconf 85' lang='lat' dir='ltr'><strong>tutaque</strong></span> <span class='ocrx_word' id='word_1_837' title='bbox 2380 5789 2618 5847; x_wconf 85' lang='lat' dir='ltr'><strong>vivendi.</strong></span> <span class='ocrx_word' id='word_1_838' title='bbox 2641 5791 2768 5846; x_wconf 67' lang='lat' dir='ltr'><strong>Ion!</strong></span> <span class='ocrx_word' id='word_1_839' title='bbox 2787 5829 2802 5843; x_wconf 93' lang='lat'><strong>.</strong></span> 
     </span>
    </p>
   </div>
  </div>
