4118 6402
440 360 545 415 805

1049 351 1420 409 ADVERSUS
1453 351 1795 410 HACRESES
1834 355 1964 413 LIB.
2006 357 2094 415 ΙΙΙ.
2136 359 2302 416 TOM.
2334 360 2475 415 ll.-
2511 360 2880 420 EXPOSlTlO
2919 363 3121 419 FIDEI.

3621 367 3731 425 836

439 473 751 546 ερχομένων
771 488 785 501 '
823 470 995 525 ἄλλων
1027 470 1085 524 δὲ
1112 470 1286 539 ἁγίων
1318 470 1565 539 ἀδελφῶν
1606 473 1665 524 ἐν
1700 474 1887 543 σάκκῳ
1929 474 2017 527 καὶ

2130 477 2416 549 sciplinam
2468 492 2529 532 ac
2585 478 2755 549 legem
2811 479 3172 551 sibimetipsis
3223 477 3608 547 condiderunt,
3665 498 3729 537 ac

437 563 620 634 σποδῷ
645 562 827 616 οἴκαδε
869 560 1254 632 καθεζομένων
1274 577 1287 589 °
1333 562 1428 615 καὶ
1467 561 1547 614 ἔτι
1590 560 1767 615 ἄλλων
1796 565 1853 616 ἐν
1881 564 2033 618 πολι-

435 657 631 721 τείαις,
665 656 945 726 νηστείαις
974 655 1475 727 ὑπερϐαλλούσαις,
1503 657 1595 709 καὶ
1633 656 1865 729 καμάτῳ
1897 659 2034 730 πρὸς

435 748 607 812 Θεὸν,
655 750 713 801 ὲν
739 749 1041 818 νεανιότητι
1097 750 1162 818 τῇ
1218 748 1356 819 πρὸς
1405 748 1497 801 τὸν
1533 749 1802 819 νυμφίον,
1852 751 2034 822 τελείᾳ

436 841 743 912 συνειδήσει
782 838 1347 911 πληροφορουμένωνο
1402 838 1603 910 ἑτέρων
1637 840 1716 903 δὲ,
1768 840 1844 904 ὡς
1897 857 2032 910 προ-

434 934 593 985 εἶπον
614 973 628 997 ,
658 933 758 985 οὐκ
788 931 961 1003 ὀρθῶς
983 972 998 997 ,
1025 930 1161 984 ἀλλὰ
1208 930 1353 984 κατά
1404 948 1524 984 τινα
1587 932 1854 1003 πρόληψιν
1912 933 2031 997 νοὸς

431 1024 777 1095 τυραννικῶς
810 1026 959 1097 παρὰ
1002 1023 1100 1095 τὴν
1136 1024 1393 1096 ἀλήθειαν
1436 1028 1902 1097 νεανιευομένων·
1953 1029 2030 1092 ὡς

432 1116 707 1186 Ζακχαῖος
736 1116 851 1184 (74)
903 1115 1000 1186 μὲν
1044 1114 1152 1186 πρὸ
1189 1114 1437 1185 βραχέως
1470 1117 1803 1189 τελευτήσας
1854 1119 1913 1171 ὲν
1960 1122 2027 1191 τῇ

427 1205 621 1278 ὀρεινῇ
654 1209 722 1277 τῇ
755 1205 884 1275 περὶ
928 1203 1000 1258 τά
1048 1204 1421 1275 Ἱεροσόλυμα,
1463 1207 1640 1261 οὐδενὶ
1669 1208 1809 1272 ὅλως
1840 1226 2029 1263 συνευ-

425 1300 669 1371 χόμενος
707 1299 1044 1353 διετέλεσεν·
1082 1299 1219 1353 ἀλλὰ
1274 1301 1371 1353 καὶ
1420 1300 1508 1356 διὰ
1548 1302 1647 1373 τὴν
1674 1303 1845 1375 αὐτὴν
1896 1303 2029 1356 ὑπό-

430 1393 589 1446 θεσιν
649 1391 940 1463 τολμηρῶς
1012 1392 1185 1461 ἁγίων
1248 1392 1568 1465 μυστηρίων
1638 1394 1872 1465 ψαύειν,
1931 1397 2028 1449 καὶ

434 1484 776 1555 ἱερουργίαν,
823 1482 1010 1547 λαῖκὸς
1053 1483 1150 1549 ῶν,
1195 1483 1435 1551 ἀφειδῶς
1476 1486 1771 1557 ἐπεχείρει.
1800 1487 2026 1559 Ἕτερος

434 1577 492 1630 δέ
527 1594 630 1641 τις,
658 1577 806 1639 ὅστις
831 1578 960 1630 ποτὲ
986 1574 1054 1649 ἧν
1080 1579 1221 1651 ἀνὴρ
1245 1582 1452 1643 ἐκεῖνος
1475 1579 1569 1633 καὶ
1596 1578 1706 1631 τῶν
1726 1579 2025 1634 δοκούντων

436 1669 497 1720 ὲν
518 1669 783 1739 ἁκρότητι
816 1667 930 1738 βίου
964 1670 1443 1741 πεπολιτευμένος,
1470 1671 1605 1741 πρὸς
1628 1670 1726 1741 τὴν
1751 1673 2025 1741 Αἴγυπτον

437 1760 533 1813 ἐπὶ
550 1759 619 1812 τὰ
641 1758 884 1832 ἐρημικὰ
903 1763 1236 1834 κατοικήσας
1257 1764 1314 1816 ὲν
1342 1762 1712 1834 μοναστηρίῳ,
1745 1763 1840 1815 καὶ
1863 1763 2024 1829 ἄλλος

2137 570 2434 639 prolixiore
2471 585 2630 624 conia
2662 572 2838 640 palam
2871 580 2923 628 et
2952 574 3007 626 in
3051 573 3294 627 omnium
3330 573 3505 629 oculis
3532 589 3726 645 proce-

2135 663 2305 728 dunt;
2358 662 2451 715 alii
2488 678 2619 717 vero
2660 666 2836 719 sancti
2890 665 3088 720 fratres
3123 666 3175 719 in
3227 666 3410 720 cilicio
3440 675 3495 721 et
3542 668 3728 722 cinere

2134 755 2283 809 domi
2336 770 2459 809 sese
2503 757 2809 823 continent;
2868 758 2960 811 alii
3010 755 3247 825 denique
3291 758 3599 830 asperrimo
3643 760 3727 813 vi-

2132 848 2293 902 vendi
2338 848 2613 908 instituto.
2665 864 2730 904 ac
2762 850 3077 905 durissimis
3104 852 3331 920 jejuniis
3361 860 3413 905 et
3447 852 3728 908 laboribus

2138 939 2232 995 Dei
2283 955 2449 996 causa
2492 942 2786 1011 susceptis,
2830 942 3057 1011 juvenili
3098 943 3332 1012 quadam
3379 943 3720 1007 fortitudine,

2141 1039 2195 1085 et
2222 1032 2461 1102 perfecta
2493 1046 2621 1102 erga
2656 1048 2917 1101 sponsum
2949 1034 3286 1088 conscientia
3324 1037 3581 1091 omnibus
3621 1052 3725 1090 nu-

2143 1121 2311 1177 meris
2365 1122 2671 1176 absolutam
2720 1123 2885 1176 vitam
2935 1124 3281 1193 exprimunt;
3331 1125 3422 1178 alii
3474 1127 3716 1187 demum,

2128 1211 2276 1281 quod
2304 1213 2469 1282 paulo
2495 1221 2622 1267 ante
2654 1213 2788 1275 dixi,
2822 1228 2932 1267 non
2966 1215 3200 1278 sincere,
3228 1216 3323 1270 sed
3351 1216 3721 1273 obstinatione

2126 1305 2365 1375 quadam
2390 1306 2581 1369 animi,
2604 1306 2753 1361 velut
2786 1307 3071 1375 tyrannice
3099 1315 3299 1378 praeter
3330 1309 3615 1363 veritatem
3636 1309 3721 1363 in-

2127 1398 2365 1453 solenter
2408 1398 2720 1453 ederentur.
2760 1398 3042 1467 Ejusmodi
3111 1398 3408 1456 Zacchazus
3457 1402 3546 1457 ille
3592 1401 3716 1465 fuit,

2126 1492 2219 1561 qui
2273 1506 2450 1561 nuper
2503 1492 2559 1545 in
2613 1499 2876 1546 montana
2938 1493 3163 1562 regione
3223 1493 3291 1546 ad
3342 1493 3718 1568 Hierosolyma

2127 1589 2376 1636 mortuus
2424 1590 2511 1637 est
2544 1583 2676 1652 :qui
2728 1597 2854 1636 cum
2896 1585 3117 1638 nomine
3166 1599 3409 1654 unquam
3455 1586 3714 1655 precandi

2127 1674 2513 1729 communione
2554 1674 2813 1744 conjungi
2853 1690 2912 1730 se
2955 1691 3151 1746 passus
3187 1682 3291 1739 est,
3340 1677 3450 1731 imo
3479 1694 3608 1733 vero
3648 1693 3715 1734 ex

2128 1764 2317 1820 eodem
2364 1765 2522 1820 initio
2574 1766 2763 1819 divina
2814 1768 3097 1837 mysteria,
3152 1782 3276 1821 cum
3328 1767 3502 1823 laicus
3543 1779 3710 1832 esset,

438 1852 578 1924 πρὸς
617 1851 694 1922 τῷ
735 1852 954 1923 Σιναίῳ,
992 1853 1067 1919 ὡς
1116 1853 1224 1908 ἀπὸ
1267 1855 1560 1926 ὀνειράτων
1596 1855 2017 1920 ὲνεανιεύσαντο,

2131 1857 2421 1925 attingere,
2473 1871 2539 1910 ac
2586 1856 2856 1911 sacrificia
2892 1858 3170 1912 celebrare
3222 1857 3432 1914 nefario
3471 1875 3608 1915 ausu
3648 1875 3715 1916 ac

441 1943 747 2012 ἐπισκοπῆς
778 1940 1061 2013 δεξάμενοι
1085 1945 1425 2014 χειροθεσίαν
1450 1948 1492 2009 ³,
1526 1946 1620 1999 καὶ
1663 1945 1930 2017 καθῆσθαί
1963 1964 2025 1999 τε

440 2035 535 2086 καὶ
566 2034 633 2087 τὰ
677 2035 994 2087 ἐπισκόπων
1038 2036 1302 2108 πράττειν
1336 2037 1429 2091 καὶ
1477 2039 1633 2091 αὐτοὶ
1684 2039 2022 2111 ἐπεχείρουν.

440 2126 662 2200 Ἐτεροι
698 2129 755 2182 δὲ
790 2129 884 2182 καὶ
917 2129 1016 2182 οὐκ
1047 2129 1219 2199 ὀλίγοι
1260 2132 1594 2202 εὐνουχίζειν
1618 2133 1846 2197 ἑαυτοὺς
1874 2133 2025 2205 παρὰ

437 2219 507 2272 τὶι
560 2219 1015 2290 προστεταγμένα
1066 2220 1226 2292 δῆθεν
1275 2221 1618 2292 νεανιότητος
1676 2223 1837 2294 χάριν
1878 2222 2024 2276 ὲτόλ-

441 2326 645 2383 μησαν.
697 2311 917 2379 ’Έτεροι
977 2311 1034 2364 δὲ
1090 2312 1375 2376 δοκοῦντες
1423 2313 1796 2367 νεανιεύεσθαι
1843 2313 2018 2386 (75),

510 2492 527 2522 ¹
562 2489 623 2545 F.
657 2490 718 2544 οὐ
745 2489 938 2563 δεξάμ.
978 2490 1339 2563 χειροθεσίαν.

510 2646 622 2719 (τε)
664 2647 760 2712 Ὠς
807 2646 1127 2719 Ζακχαῖος.
1161 2644 1238 2719 De
1288 2643 1878 2719 falso_illo_monaclio
1907 2644 2022 2719 agit

442 2714 777 2788 Epiphanius
800 2714 1024 2788 etin’fra
1058 2718 1112 2770 in
1142 2714 1606 2788 Anacephalteosi,
1626 2730 1778 2769 num.
1808 2715 1863 2769 5.
1896 2714 2024 2786 Agit

439 2786 501 2844 et
519 2786 787 2841 Baronius
814 2786 882 2841 ad
910 2802 1114 2841 annum
1138 2787 1262 2850 561,
1290 2802 1440 2840 num.
1466 2786 1557 2839 45.

513 2859 627 2929 (75)
656 2858 888 2929 Ἕτεροι
912 2856 1327 2929 δὲίδοκοῦντες
1353 2855 1784 2929 νεανιεύεσθαι.
1812 2855 1889 2911 De
1913 2855 2024 2929 liae-

441 2926 630 2984 ret'icis
651 2943 775 2981 cum
800 2927 1043 2982 Ecclesia
1072 2927 1494 2981 reconciliandis
1517 2927 1667 2980 varie
1690 2942 1721 2980 a
1769 2926 2022 2983 conciliis

442 3013 507 3054 ac
558 2998 814 3067 Patribus
870 2997 1284 3067 pronuntiatum
1326 2997 1665 3067 accepimus.
1697 2995 1862 3067 Nam
1919 2999 2017 3067 qui

439 3068 699 3139 baptismi
733 3065 983 3129 formam,
1024 3082 1188 3137 quam
1219 3067 1287 3120 ab
1325 3065 1572 3121 Ecclesia
1602 3065 1872 3139 catholica
1902 3065 2018 3139 tra-

441 3137 613 3193 ditam
638 3144 984 3207 acceperant,
1014 3139 1279 3203 integram
1314 3138 1638 3199 retinerent,
1677 3137 1874 3190 horum
1918 3138 2017 3191 ba—

440 3210 676 3279 ptismus
702 3224 801 3277 pro
845 3224 977 3263 vero
1027 3209 1096 3262 ab
1124 3207 1367 3279 Ecclesia
1401 3219 1649 3276 receptus
1686 3215 2022 3279 est;_neque

441 3277 534 3349 uui
588 3282 658 3333 ab
700 3279 916 3333 illorum
952 3294 1113 3350 grege
1153 3278 1219 3331 ad
1252 3280 1693 3350 communionem
1737 3277 2021 3350 catholica:

441 3350 563 3405 lldei
596 3348 1024 3412 reverterentur,
1056 3348 1261 3403 'denuo
1299 3348 1559 3417 baptizati
1603 3354 1750 3401 sunt.
1799 3348 2016 3410 Castori,

439 3421 535 3491 qui
567 3420 825 3491 usitatam
860 3420 929 3474 ab
963 3418 1206 3473 Ecclesia
1249 3417 1481 3491 formam
1510 3426 1900 3491 corruperant,
1921 3434 2021 3488 pro

439 3487 681 3546 ethnicis
715 3490 888 3544 habiti
941 3497 1090 3553 sunt,
1125 3504 1226 3543 nec
1285 3490 1407 3543 sine
1460 3488 1735 3558 baptismo
1758 3528 1773 3549 ,
1809 3487 2019 3557 qui’ex

438 3562 660 3617 illorum
716 3562 962 3628 partibus
1012 3560 1456 3630 transfugerant,
1490 3560 1655 3630 _inter
1680 3558 2019 3630 _Catliolicus

440 3631 691 3687 admissi.
720 3625 796 3685 ita
823 3631 1219 3692 Paulianistas,
1239 3625 1350 3683 boc
1378 3638 1458 3685 est
1490 3628 1643 3682 Pauli
1675 3625 2018 3683 Saniosateni

441 3700 748 3766 στασιώτας
777 3701 1106 3770 rebaptizari
1141 3698 1362 3755 Nicaeua
1398 3699 1645 3771 synodus
1670 3697 1862 3768 jussit,
1889 3714 2016 3771 can.

441 3772 529 3836 19,
578 3775 724 3841 quod
753 3780 808 3826 et
860 3769 1224 3841 Augustinus,
1278 3769 1533 3833 ἣξει-(44,
1567 3769 1842 3823 decretum
1896 3770 2019 3825 ideo

443 3840 633 3913 refert,
681 3843 821 3913 quod
858 3840 1096 3913 regulam
1129 3841 1475 3913 baptismatis
1522 3856 1626 3893 non
1668 3849 1928 3913 tenerent.
1949 3840 2017 3894 At

439 3909 731 3976 Catharos,
755 3913 807 3966 id
835 3909 927 3966 est
948 3909 1303 3975 Novatiaiios,
1337 3910 1526 3981 eadem
1579 3910 1822 3981 synodus
1855 3911 2009 3965 reba-

438 3982 637 4052 ptizari
676 3998 782 4037 non
801 3982 990 4051 jussit,
1027 3996 1150 4035 cau.
1178 3983 1233 4047 8,
1267 3979 1363 4041 sed
1394 3979 1871 4052 illorum'clericos
1903 3998 2017 4050 χει-

444 4050 868 4123 ροτεθουμένους
897 4052 952 4104 in
984 4052 1131 4106 clero
1174 4066 1416 4123 manere.
1453 4050 2018 4123 Constantinopolita-

440 4120 572 4193 num
602 4120 731 4177 vero
762 4122 1510 4193 primum,ettecumenicum
1534 4120 1862 4193 secundum,
1889 4135 2012 4174 can.

444 4192 498 4259 7,
532 4188 787 4256 Arianos,
835 4190 1282 4252 Macedonianos,
1320 4190 1708 4252 Sabbatianos,
1757 4188 2014 4244 Novatia-

439 4277 565 4326 nos,
605 4261 1154 4328 Quartadecimanos,
1202 4263 1318 4316 sive
1351 4259 1686 4322 Tetraditas,
1726 4269 1780 4315 et
1809 4262 2016 4329 Apolli-

442 4336 680 4389 nariétas
714 4331 1245 4402 rebaptizarivetat;
1273 4330 1645 4402 Eunomianos
1674 4330 1866 4402 jubet:
1888 4332 2017 4394 τοὺς

440 4406 521 4467 είς
553 4402 681 4474 μίαν
707 4399 997 4474 κατάδυσιν
1034 4399 1490 4474 βαπτιζομένους,
1514 4399 1688 4455 Ιιιὺεῐί
1715 4408 1768 4454 et
1799 4400 2015 4455 Monta-

440 4470 636 4537 nistas,
662 4475 777 4529 sive
797 4470 1195 4542 Cataphry'gas,
1220 4470 1279 4526 et
1296 4470 1657 4538 Sabellianos,
1676 4481 2012 4541 caeterosque

440 4559 634 4599 omnes
682 4545 987 4598 haereticos.

439 4612 748 4669 Laodicena
788 4612 1031 4683 synodus
1067 4627 1190 4665 can.
1226 4612 1280 4666 8.
1316 4612 1388 4667 De
1416 4612 1635 4667 Arianis
1666 4626 1798 4683 vero
1824 4613 2010 4666 conci-

440 4685 574 4739 lium
594 4684 797 4739 Arelat.
824 4682 868 4743 ⁷1,
893 4684 1128 4752 primum
1149 4683 1361 4752 sanxit,
1402 4691 1460 4736 tit
1478 4697 1542 4735 ea:
1560 4683 1649 4745 iis,
1682 4682 1771 4746 qui
1792 4684 2009 4750 propria

438 4754 549 4824 lege
591 4771 690 4809 sua
736 4751 1198 4824 utuntur,'denuo
1244 4751 1575 4824 baptizentur
1602 4767 1629 4824 :7
1674 4752 1815 4824 quod
1860 4756 1907 4805 si
1955 4755 2009 4805 in

441 4822 627 4892 Patre,
662 4835 712 4880 et
743 4824 905 4887 Filio,
938 4833 987 4877 et
1020 4822 1225 4892 Spiritu
1258 4833 1443 4876 sancto
1487 4823 1744 4892 baptizati
1768 4822 2006 4892 fuerint,

440 4891 629 4949 manus
661 4905 863 4948 tantum
882 4894 957 4947 eis
983 4891 1342 4963 imponantur,
1370 4903 1427 4945 ut
1455 4891 1716 4962 accipiant
1750 4891 2009 4962 Spiritum

441 4976 706 5020 sanctum.
737 4967 804 5019 At
833 4964 1063 5034 August.
1099 4964 1191 5034 lib.
1224 4980 1281 5016 Ill
1316 4963 1393 5017 De
1437 4963 1583 5031 bapt.
1617 4972 1802 5017 contra
1829 4963 2010 5017 Dona-

442 5037 619 5097 tistas,
659 5052 780 5105 cap.
819 5032 937 5089 liis
956 5032 1307 5105 Quamobrem
1316 5035 1391 5105 _si
1413 5034 1756 5105 euangelicis,
1804 5033 2007 5102 inquit,

439 5105 608 5160 verbis
656 5107 711 5159 in
726 5103 948 5159 nomine
983 5104 1189 5165 Patris,
1220 5116 1269 5158 et
1300 5103 1453 5167 Filii,
1476 5115 1528 5158 et
1576 5103 1806 5171 Spiritus
1837 5105 2008 5157 sancti

441 5176 685 5230 Marcion
720 5175 1039 5244 baptismum
1073 5174 1436 5237 consecrabat,
1475 5175 1735 5243 integrum
1772 5183 1886 5228 erat
1921 5190 2010 5227 sa-

439 5257 799 5311 cramentum,
844 5245 1078 5314 quamvis
1118 5245 1231 5313 ejus
1286 5245 1413 5313 ﬁdes
1461 5244 1556 5297 sub
1603 5244 1797 5297 eisdem
1839 5244 2007 5298 verbis

439 5316 589 5371 aliud
632 5317 918 5385 opinantis,
961 5330 1120 5385 quam
1150 5314 1413 5368 catholica
1450 5315 1642 5385 veritas
1670 5314 1852 5379 docet,
1903 5330 2007 5368 non

438 5396 574 5441 esset
616 5384 862 5456 integra,
902 5384 990 5439 sed
1038 5384 1297 5456 fabulosis
1342 5384 1674 5456 {alsitatibus
1704 5386 2004 5456 inquinata.

440 5456 587 5511 Nam
617 5457 713 5513 sub
726 5453 939 5510 'eisdem
971 5454 1160 5519 verbis,
1190 5454 1246 5507 id
1284 5465 1362 5508 est
1394 5454 1447 5507 in
1480 5454 1687 5507 nomine
1719 5453 1923 5517 Patris,
1958 5465 2005 5507 et

437 5528 596 5590 Filii,
623 5540 673 5581 et
722 5526 953 5595 Spiritus
983 5525 1192 5589 sancti,
1224 5541 1327 5595 non
1373 5525 1545 5578 solum
1587 5522 1861 5595 Marcion,
1913 5534 2006 5577 aut

449 5593 780 5659 Valentinus,
807 5608 899 5648 aut
934 5596 1115 5657 Arius,
1142 5606 1234 5647 aut
1272 5593 1589 5656 Eunomius,
1630 5594 1721 5647 sed
1752 5598 1849 5662 ipsi
1885 5610 2004 5648 car-

438 5671 586 5725 nales
615 5668 824 5737 parvuli
855 5664 1124 5737 Ecclesiaz,
1149 5664 1212 5718 de
1240 5665 1428 5737 quibus
1450 5666 1655 5737 dicebat
1681 5664 1964 5732 Apostolus
1984 5681 2003 5718 :

443 5757 463 5791 ς
494 5734 624 5793 Non
645 5740 792 5807 potui
816 5737 954 5807 loqui
979 5736 1140 5800 vobis,
1165 5735 1318 5806 quasi
1348 5734 1698 5802 spiritalibus,
1731 5739 1821 5807 sed
1851 5740 2006 5807 quasi

435 5806 742 5865 carnalibus
782 5808 831 5882 (ι
863 5806 987 5863 Cor.
1019 5820 1113 5874 iii,
1152 5809 1202 5877 l)
1230 5821 1287 5881 :s
1325 5807 1369 5860 si
1392 5814 1600 5875 possent
1640 5806 1836 5875 singuli
1877 5806 2003 5859 dili-

2133 1948 2428 2002 tenierario
2456 1957 2540 2003 est
2562 1964 2875 2019 aggressus.
2910 1948 3168 2006 Inventus
3200 1960 3285 2005 est
3317 1959 3372 2006 et
3400 1952 3563 2016 alius,
3591 1953 3714 2024 qui-

2131 2056 2349 2111 cunque
2396 2041 2486 2095 ille
2528 2041 2746 2097 tandem
2801 2041 2923 2107 fuit,
2964 2044 3250 2099 excellenti
3304 2046 3540 2115 quodam
3587 2047 3715 2101 vita:

2131 2147 2348 2203 genere,
2396 2133 2489 2203 qui
2545 2133 2601 2187 in
2650 2132 2870 2205 zEgypti
2926 2134 3223 2190 solitudine
3269 2136 3326 2190 in
3376 2137 3714 2193 monasterio

2129 2223 2377 2293 degebat.
2420 2222 2551 2278 Item
2598 2224 2739 2279 alius
2789 2224 2857 2278 ad
2916 2222 3104 2278 Sinam
3152 2237 3393 2281 montem
3438 2228 3709 2283 habitans.

2131 2313 2346 2386 1095
2379 2312 2482 2381 Qui
2526 2315 2689 2370 ambo
2736 2316 2924 2371 nescio
2957 2315 3157 2386 quibus
3187 2317 3417 2373 somniis
3444 2332 3511 2373 eo
3546 2327 3715 2374 tente-

2128 2653 2310 2713 genter
2365 2643 2709 2713 interrogari,
2755 2652 2832 2696 tot
2880 2643 3211 2697 diversitates
3242 2644 3567 2714 opinionum
3598 2644 3712 2714 for-

2130 2711 2313 2777 tassis,
2342 2724 2469 2783 quot
2500 2711 2735 2769 homines
2776 2724 3202 2768 numerarentur.
3234 2711 3519 2770 Postremo
3552 2711 3709 2771 Basi-

2128 2785 2238 2839 lius
2266 2786 2321 2838 in
2351 2782 2594 2852 Epistola
2626 2786 2696 2839 ad
2728 2784 3175 2853 Amphilochium,
3213 2797 3337 2838 can.
3371 2785 3461 2847 47,
3496 2784 3703 2841 Encra-

2129 2856 2285 2926 titas,
2330 2852 2709 2925 Saccopboros
2756 2864 2811 2910 et
2833 2852 3190 2926 ’Apotactitas
3219 2855 3398 2910 denuo
3424 2856 3708 2926 baptizan-

2129 2924 2231 2997 dos
2262 2940 2401 2997 esse
2431 2924 2616 2997 censet
2654 2927 2771 2997 ipse
2819 2925 3063 2994 quidem.
3099 2925 3195 2980 Sin
3236 2935 3341 2989 est,
3385 2935 3444 2979 ut
3478 2924 3707 2997 Amphi-

2129 2996 2363 3066 locliius.
2392 2996 2618 3066 perinde
2649 2995 2994 3066 acillouiani,
3021 2997 3333 3066 οἰκονομίας
3354 2997 3499 3060 τινὸς
3519 2995 3704 3058 ἓνεκα.

2126 3065 2187 3118 τὸ
2216 3065 2309 3119 τοῦ
2333 3065 2749 3136 ἀναὸαπτισμοῦ
2779 3073 3021 3134 respuat,
3046 3065 3403 3121 nihilominus
3442 3068 3704 3123 rationem

2128 3151 2284 3191 suain
2310 3137 2493 3191 valere
2515 3136 2995 3207 pronuntiat/Qua
3019 3136 3086 3190 de
3110 3152 3167 3192 re
3199 3137 3391 3207 synodi
3420 3136 3702 3194 decretura

2050 3184 2092 3242 (ἶ
2125 3184 2569 3275 exspectandum.
2608 3207 2753 3260 Idem
2788 3184 2971 3261 autem
3009 3221 3134 3260 can.
3169 3184 3249 3271 1,4
3266 3222 3333 3261 eo
3363 3184 3705 3277 propendere

2122 3277 2381 3351 videtur,
2429 3287 2486 3330 ut
2530 3278 2816 3351 haereticos
2858 3291 3050 3351 omnes
3102 3278 3300 3351 iterato
3346 3279 3707 3351 baptizandos

2123 3361 2246 3402 esse
2278 3347 2557 3402 decernat.
2582 3346 2717 3400 Nam
2746 3346 2891 3401 aliud
2928 3362 3051 3402 esse
3090 3348 3222 3401 dicit
3255 3348 3486 3403 baeresin
3507 3388 3522 3411 ,
3554 3351 3701 3403 aliud

2125 3416 2406 3480 schisma,
2443 3418 2590 3490 aliud
2623 3417 3122 3490 παρασυναγωγήν.
3160 3416 3395 3472 Ηειξτεεῑε
3438 3428 3542 3481 est,
3578 3436 3705 3490 qua:

2122 3490 2463 3541 contrarium
2500 3487 2735 3557 aliquem
2772 3487 2892 3541 lidei
2926 3497 3111 3541 tuetur
3140 3504 3381 3542 errorem
3410 3506 3423 3542 :
3461 3487 3701 3545 schisuia

2121 3572 2252 3611 vero
2282 3558 2574 3611 dissidinm
2620 3566 2705 3613 cst
2737 3559 2807 3612 ob
2836 3558 3241 3614 ecclesiasticas
3276 3560 3540 3629 quasdam
3573 3575 3704 3615 cou-

2121 3629 2422 3683 troversias
2445 3636 2732 3700 exortum:
2765 3635 2820 3680 at
2849 3630 3317 3700 παρασυναγωγή,
3353 3644 3477 3683 cum
3501 3640 3701 3685 contu-

2120 3712 2305 3770 maces
2342 3698 2667 3770 presbyteri,
2699 3706 2794 3770 aut
2816 3698 3083 3770 episcopi,
3110 3709 3207 3754 aut
3230 3698 3395 3754 etiam
3428 3699 3551 3753 laici
3586 3717 3693 3755 non

2122 3767 2401 3837 legitimus
2436 3767 2741 3823 conventus
2772 3767 3142 3840 habenulam
3174 3770 3266 3840 qui
3308 3785 3373 3825 ex
3403 3770 3701 3825 schismate

2119 3845 2225 3911 aut
2257 3841 2700 3911 παρασυναγωγῇ
2750 3839 2815 3911 ad
2866 3838 3165 3911 Ecclesium
3192 3838 3591 3911 revertuntur,
3630 3857 3698 3897 ex

2120 3907 2388 3979 majorum
2417 3907 2713 3964 traditione
2739 3909 2859 3964 sine
2903 3909 3177 3979 baptismo
3203 3910 3546 3979 recipiendos
3573 3926 3701 3968 esse

2120 3977 2648 4061 detinitnhaareticlos
2675 3986 2857 4061 autem
2891 3977 3073 4061 den't‘io
3105 3977 3483 4061 baptizandos.
3507 3982 3697 4048 Quali--

2118 4063 2307 4121 quam,
2340 4050 2536 4120 inquit,
2571 4048 2877 4121 Cyprianus
2899 4056 2964 4121 et
2984 4047 3339 4121 Firniilianus
3368 4047 3558 4121 omnes
3585 4061 3695 4106 tam

2117 4117 2439 4185 hzerelicos,
2487 4117 3069 4190 qttaiirschismaticos
3108 4120 3529 4190 rebaptizandos
3568 4136 3694 4176 esse

2118 4188 2693 4260 censuerantfquod,
2749 4204 2874 4243 cum
2922 4204 2981 4244 se
3024 4188 3399 4260 abEcclesia:
3445 4205 3696 4245 cominu-

2118 4260 2288 4331 nione
2333 4259 2710 4329 sejuitxerint,
2745 4260 3048 4331 interrupta
3084 4259 3154 4313 sit
3197 4260 3252 4313 in
3298 4261 3405 4315 illis
3451 4260 3697 4331 Spiritus

2118 4329 2297 4402 sancti
2332 4331 2504 4402 gratia
2539 4349 2551 4384 :
2583 4346 2684 4402 nec
2714 4346 2832 4402 eam
2866 4330 3179 4402 ἰιιλοιιξιετυε
3211 4331 3448 4402 amplius
3480 4329 3694 4402 possint

2117 4399 2536 4455 transfundere:
2574 4400 2665 4452 Διὸ
2695 4401 2771 4463 ὡς
2809 4399 2961 4469 παρὰ
3018 4400 3222 4453 λαῖκῶν
3265 4399 3694 4524 βαπτιζομένους

2117 4471 2242 4524 τοὺς
2290 4472 2421 4524 παρ’
2480 4470 2662 4524 αὐτῶν
2713 4470 3004 4522 ἐκέλευσαν
3064 4470 3392 4524 ἐρχομένους
3440 4475 3510 4524 ei:
3590 4473 3694 4524 τὴν

2117 4471 2421 4553 τοὺςςπαρ
2480 4470 2662 4553 αρτῷν
2703 4470 3026 4553 ἐκέλευσαν,
3064 4470 3392 4553 ἐρχομένους
3440 4470 3533 4553 ἐρ
3590 4473 3695 4553 τὴν

1083 4533 1113 4596 ἒ
1159 4542 1597 4613 Cataphrygibus
1642 4533 1939 4595 consentit'
1957 4550 2012 4596 et

2128 4533 2453 4613 Ἐκκλησίαν
2466 4540 2560 4613 ⁸τῷ
2593 4533 3305 4613 ἀληθινῷ-βαπτίσματίτῷ
3330 4533 3431 4611 τῆς
3466 4533 3696 4613 Ἐκκλή-

2116 4610 2240 4682 σίας
2278 4609 2772 4682 ἀνακαθαίρεσθαιε
2806 4609 3098 4682 Propterea
3126 4612 3205 4665 sic
3239 4609 3360 4665 illos
3380 4609 3631 4682 tanquam
3652 4609 3695 4667 'a

2115 4679 2267 4734 laicis
2302 4679 2809 4751 baptizatos,denuo
2833 4680 3133 4750 jusserunt,
3164 4697 3282 4734 cum
3309 4682 3378 4735 ad
3396 4679 3693 4737 Ecclesium

2114 4750 2497 4822 _redirent,vero
2521 4750 2771 4805 Ecclesia
2788 4751 3062 4822 baptismo
3090 4754 3385 4822 repurgari.
3412 4751 3536 4822 Mox
3558 4754 3693 4809 sub.

2109 4819 2260 4890 jicit:
2298 4821 2513 4893 Ἐπειδὴ
2536 4823 2591 4875 δὲ
2611 4822 2746 4893 ὅλως
2771 4820 2920 4893 ἔδοξέ
2942 4838 3054 4893 τισι
3072 4819 3177 4893 τῶν
3199 4819 3339 4876 κατὰ
3372 4821 3467 4893 τὴν
3485 4824 3687 4887 Ἀσίαν,

2111 4892 2420 4964 οἰκονομίας
2470 4891 2630 4964 ένεκα
2674 4892 2785 4964 τῶν
2814 4891 3046 4964 Δπολλῶν
3068 4931 3083 4953 ,
3112 4892 3373 4964 δεχθῆναι
3417 4891 3598 4949 αὐτῶν
3629 4893 3693 4949 τὸ

2114 4959 2429 5031 βάπτισμα,
2460 4961 2596 5014 ἔστω
2668 4960 2893 5016 δεκτόν·
2948 4959 3214 5028 Quoniam
3255 4959 3430 5016 autem
3476 4966 3688 5019 Asianis

2111 5032 2426 5100 quibusdam
2456 5033 2678 5100 placuit,
2702 5033 2853 5100 pacis
2884 5049 2945 5085 ac
2976 5033 3274 5087 concordiae
3302 5035 3478 5102 gratia
3514 5033 3568 5087 id
3580 5050 3682 5089 ’τεο

2112 5103 2251 5154 mitti
2279 5111 2535 5172 oportere,
2563 5112 2622 5173 ut
2648 5104 3141 5171 eorumbaptisma
3189 5105 3543 5173 reciperetur:
3576 5115 3691 5160 esto

2111 5182 2395 5242 receptant.
2431 5175 2539 5228 Sed
2572 5172 2882 5227 Encratitas
2911 5173 3333 5242 rebaptizandos
3361 5188 3484 5228 esse
3512 5176 3690 5229 nomi-

2110 5241 2303 5325 iiatin'm_
2339 5245 2533 5325 statuit
2562 5262 2587 5325 ἰ
2614 5242 2740 5325 Ἐἐεν
2772 5243 2953 5322 μέντοι
2989 5241 3156 5325 μέλλῃ
3274 5241 3509 5325 καθόλου
3540 5247 3687 5325 οἰκο-

2109 5313 2273 5384 νομίᾳ
2287 5314 2542 5383 ἐμπόδιον
2563 5312 2782 5365 ἔσεσθαι
2802 5312 3160 5384 τοῦτα-πάλιν
3178 5312 3257 5384 τῷ
3273 5312 3382 5365 ἔθει
3398 5312 3686 5384 χρηστέον,

2109 5381 2344 5454 καὶτοῖς
2375 5384 2763 5454 οἰκονομήσασι
2792 5383 2860 5436 τὰ
2897 5381 3020 5436 καθ’
3054 5384 3204 5453 ἡμᾶς
3229 5381 3514 5454 ’πατράσιν
3559 5386 3687 5438 axo-

2107 5451 2431 5524 Ευθητέον·
2474 5451 2581 5524 Sin
2621 5451 2702 5507 est
2741 5462 2798 5505 ut
2830 5455 3053 5506 iteratus
3078 5451 3185 5506 ille
3230 5451 3522 5524 baptismus
3569 5456 3690 5524 paci

2109 5522 2363 5578 Ecclesia:
2414 5523 2969 5593 administrationique
3021 5524 3178 5587 obsit,
3216 5526 3387 5593 altera
3419 5523 3513 5576 illa
3562 5522 3690 5578 con-

2107 5596 2328 5648 suetudo
2364 5594 2640 5648 omittendi
2675 5592 2920 5661 baptismi
2958 5596 3268 5648 retineatur.
3310 5592 3436 5647 Haec
3463 5594 3689 5651 uberius

2106 5681 2175 5718 ex
2216 5665 2437 5720 decreto
2488 5667 2581 5724 illo
2630 5664 2812 5717 Basilii
2862 5677 3295 5718 commemorare
3332 5664 3509 5718 visum
3559 5674 3683 5731 est;

2106 5735 2255 5805 quod
2288 5738 2460 5790 inulla
2491 5738 2545 5789 in
2570 5750 2636 5789 eo
2665 5733 2919 5798 miriﬁca,
2952 5740 3025 5796 et,
3062 5733 3119 5805 s_i_
3140 5749 3328 5789 verum
3362 5735 3684 5805 quaerimus,

2106 5802 2301 5876 parum
2344 5808 2617 5863 catholica
2655 5806 3028 5862 continentur.
3078 5802 3214 5859 Nam
3257 5805 3405 5875 quod
3442 5804 3683 5878 rebapti-
