4118 6402
420 338 529 398 809

984 333 1349 392 ADVERSUS
1386 335 1727 393 IIERESES
1761 335 1892 392 LIB.
1933 337 2020 394 Ill.
2061 337 2225 394 TOM.
2267 337 2405 392 ll.—-
2443 336 2810 394 EXPOSITIO
2849 339 3047 396 FIDEI.

3552 345 3658 400 810

422 458 703 530 ὁμοούσιον
727 455 826 528 τὴν
853 455 1056 526 Τριάδα
1074 497 1088 521 ,
1132 457 1194 509 οὐ
1233 457 1559 528 συναλοιφὴν
1615 457 1710 530 τὴν
1740 459 1947 530 Τριάδα
1973 478 1986 492 ·

2104 458 2391 529 perfectum
2459 459 2721 530 Spiritum
2775 470 3065 521 sanctum:
3131 462 3660 517 consubstantialem

421 547 558 604 ἀλλά
606 547 698 601 τὸν
746 548 872 602 Υίὸν
900 550 965 600 ἐκ
1007 549 1220 621 Πατρὸς
1266 549 1533 620 ἀληθινῶς
1573 554 1987 623 γεγεννημένον,

423 640 520 695 καὶ
565 639 627 693 τὸ
677 639 830 708 ἆγιον
882 639 1106 711 Πνεῦμα
1158 643 1259 695 οὐκ
1308 643 1587 716 ἀλλότριον
1634 645 1847 717 Πατρὸς
1898 646 1992 698 καὶ

425 731 556 785 Υἱοῦ
577 747 589 760 ·
628 726 792 784 οὖσαν
821 731 878 784 δὲ
917 732 1003 784 ἀεὶ
1029 732 1126 804 τὴν
1153 733 1381 803 Τριάδα,
1409 734 1502 788 καὶ
1533 734 1800 807 μηδέποτε
1827 753 1992 807 προσ-

422 823 600 894 θήκης
635 821 1018 893 ἐπιδεομένην·
1052 825 1127 894 μὴ
1157 823 1473 893 ἔχουσαν-δέ
1499 842 1551 878 τι
1588 827 1646 878 ὲν
1681 827 1819 898 αὐτῇ
1859 828 1992 879 ὑπο-

425 914 686 980 ϐεϐηκὸς,
725 916 805 978 είς
859 914 985 986 μίαν
1015 915 1073 968 δὲ
1123 916 1351 987 ἑνότητα
1389 918 1483 969 καὶ
1526 917 1654 987 μίαν
1699 919 1871 988 ἀρχὴν
1899 918 1993 972 τοῦ

423 1006 558 1058 Θεοῦ
591 1005 683 1058 καὶ
730 1006 945 1078 Πατρὸς
983 1007 1347 1077 ἀναγομένην.
1395 1009 1506 1062 Καὶ
1540 1011 1602 1061 ἐκ
1642 1009 1845 1079 ταύτης
1896 1010 1996 1081 τῆς

423 1096 656 1168 Τριάδος
699 1097 914 1168 Πατρὸς
940 1099 1035 1150 καὶ
1065 1099 1197 1152 Υίοῦ
1244 1099 1339 1153 καὶ
1384 1100 1538 1168 ἁγίου
1571 1101 1885 1170 Πνεύματος
1926 1101 1997 1154 τὰ

427 1193 604 1243 πάντα
630 1188 910 1243 κεκτίσθαι
935 1191 975 1258 ί,
1010 1191 1112 1244 οὐκ
1151 1191 1278 1246 ὄντα
1307 1192 1457 1258 ποτὲ,
1482 1192 1604 1246 οὔτε
1653 1195 1880 1249 συνόντα
1919 1195 1997 1265 τῷ

427 1279 566 1351 θεῷ,
590 1277 714 1332 οὕτε
760 1280 1210 1352 προῦπάρξαντα,
1241 1281 1499 1352 γινόμενα
1528 1282 1584 1336 δὲ
1613 1282 1672 1348 ἐξ
1701 1285 1800 1337 οὐκ
1828 1285 1996 1338 ὄντων

429 1375 509 1436 εἰς
549 1373 611 1425 τὸ
641 1368 780 1425 εἶναι
808 1374 915 1426 ἀπὸ
966 1374 1182 1444 Πατρὸς
1217 1374 1311 1426 καὶ
1345 1373 1475 1427 Υίοῦ
1513 1375 1609 1428 καὶ
1641 1376 1796 1444 ἁγίου
1827 1377 1999 1431 Πνεύ·⁹

431 1482 599 1536 ματος
623 1482 636 1495 ⁸
685 1466 780 1518 καὶ
812 1465 1002 1519 τοῦτον
1029 1468 1119 1520 τὸν
1164 1467 1384 1537 Πατέρα
1426 1468 1520 1519 καὶ
1553 1467 1679 1520 Υίὸν
1711 1468 1804 1522 καὶ
1845 1469 1999 1538 ἆγιον

429 1557 655 1629 Πνεῦμα
683 1560 797 1622 τοῖς
835 1558 1000 1612 αὐτοῦ
1034 1559 1209 1627 ἁγίοις
1261 1560 1353 1612 καὶ
1381 1560 1475 1613 ἀπ’
1501 1559 1695 1623 αἰῶνος
1731 1561 1999 1626 καταξιώ-

429 1663 598 1702 σαντα
619 1649 676 1702 ἐν
707 1649 994 1713 όπτασίαις
1027 1650 1287 1720 φανῆναι,
1329 1650 1579 1722 καθάπερ
1604 1651 1838 1721 ⁴ἓιδύνατο
1872 1653 2002 1706 ἕκα-

429 1757 552 1804 στος
595 1745 791 1812 χωρεῖν
832 1741 973 1796 κατὰ
1015 1742 1072 1795 τὸ
1115 1743 1359 1813 χάρισμα
1407 1741 1570 1796 αὐτοῦ
1619 1742 1706 1796 διὰ
1743 1742 1841 1812 τῆς
1867 1731 2002 1801 Θεό-

2093 550 2439 618 Trinitatem,
2466 567 2576 606 non
2605 553 3001 608 coalescentem
3031 561 3127 607 aut
3150 551 3438 608 confusam
3463 551 3664 607 Trini—

2093 649 2254 698 tatem
2283 660 2299 709 ;
2331 643 2426 698 sed
2458 641 2653 698 Filium
2686 659 2814 699 vere
2840 658 2870 698 a
2898 643 3056 699 Patre
3090 645 3350 712 genitum,
3385 650 3441 700 et
3485 641 3666 714 Spiri-

2092 740 2207 786 tum
2251 742 2499 789 sanctum
2546 749 2577 788 a
2610 732 2768 789 Patre
2799 733 3048 806 Filioque
3081 751 3189 790 non
3227 735 3465 790 alienum
3495 754 3509 790 :
3540 732 3662 789 Tri-

2094 823 2339 885 nitatem,
2365 822 2610 891 inquam,
2641 838 2762 894 qua:
2793 839 3007 894 semper
3040 827 3131 889 sit,
3166 838 3342 894 neque
3375 825 3539 880 ullius
3579 839 3665 880 ac-

2093 913 2361 970 cessionis
2413 923 2588 984 egeat,
2634 931 2812 986 neque
2842 917 3138 988 quidquam
3182 918 3235 972 in
3272 932 3391 972 sese
3433 917 3663 973 inferius

2096 1004 2312 1071 habeat,
2340 1020 2568 1077 quaeque
2605 1007 2673 1061 ad
2722 1008 3051 1078 singularem
3089 1010 3356 1064 unitatem
3409 1009 3661 1064 unicum-

2096 1112 2202 1164 que
2235 1095 2330 1151 Dei
2359 1112 2424 1152 ac
2451 1096 2632 1153 Patris
2663 1098 2994 1169 principium
3027 1099 3320 1157 referatur.
3347 1101 3432 1156 Ab
3470 1100 3662 1155 eadem

2097 1184 2384 1250 Trinitate,
2427 1185 2585 1242 Patre
2609 1188 2823 1259 1096
2853 1199 2908 1243 et
2938 1187 3074 1244 Filio
3105 1197 3160 1244 et
3197 1189 3406 1260 Spiritu
3449 1202 3664 1254 sancto,

2097 1286 2278 1332 creata
2327 1293 2450 1334 esse
2494 1288 2716 1342 cuncta,
2761 1295 2882 1349 quae
2928 1281 3224 1350 aliquando
3275 1297 3383 1336 non
3436 1281 3667 1338 exstite-

2099 1374 2242 1432 rant,
2273 1383 2447 1436 neque
2473 1382 2595 1421 cum
2624 1367 2732 1423 Deo
2757 1377 2907 1430 sunt,
2941 1384 3040 1424 nec
3080 1377 3206 1424 ante
3243 1369 3480 1435 fuerant,
3512 1371 3610 1426 sed
3635 1387 3666 1424 e

2100 1458 2270 1512 nihilo
2318 1458 2522 1528 aliquid
2559 1473 2679 1513 esse
2723 1467 3007 1530 cmperunt
3050 1473 3081 1513 a
3125 1459 3286 1516 Patre
3333 1467 3389 1515 et
3429 1459 3568 1516 Filio
3611 1469 3668 1515 et

2102 1558 2296 1607 sancto
2324 1549 2531 1619 Spiritu
2561 1551 2849 1620 producta.
2879 1551 3035 1607 Hunc
3056 1553 3235 1622 ipsum
3258 1553 3470 1608 Patrem
3501 1563 3556 1608 et
3579 1551 3670 1607 Fi-

2101 1641 2236 1695 lium
2266 1649 2321 1695 et
2347 1640 2610 1711 Spiritum
2647 1651 2898 1696 sanctum
2934 1642 3002 1697 ab
3034 1643 3167 1697 orbe
3197 1644 3418 1698 condito
3461 1645 3671 1700 sanctis

2103 1733 2218 1787 suis
2252 1747 2347 1803 per
2386 1734 2564 1788 visum
2615 1733 2953 1802 apparuisse,
2987 1744 3250 1803 quantum
3294 1750 3490 1806 capere
3525 1737 3671 1806 quis-

427 1848 607 1902 τητος,
638 1834 772 1905 ὅπερ
813 1833 1098 1904 ἐχαρίζετο
1134 1834 1351 1903 ἑκάστῳ
1382 1833 1492 1886 τῶν
1535 1833 2001 1904 καταξιουμένων⁶

2104 1838 2210 1892 que
2255 1830 2490 1891 poterat,
2535 1837 2600 1876 ac
2631 1838 2730 1892 pro
2780 1837 2846 1878 co
2895 1838 2960 1878 ac
3003 1823 3224 1880 cuilibet
3268 1825 3671 1880 communicata

433 1923 514 1993 πὴ
567 1923 669 1993 μὲν
723 1924 942 1996 Πατέρα
988 1924 1319 1988 θεάσασθαι,
1370 1924 1551 1988 καθὼς
1603 1926 1832 1995 ἠδύνατο
1875 1925 2004 1980 ἓκα-

431 2031 555 2079 στος
583 2015 814 2070 ἀκοῦσαι
869 2016 971 2086 τῆς
1019 2017 1204 2086 φωνῆς
1257 2016 1458 2082 αὐτοῦ,
1516 2017 1592 2080 ὡς
1645 2016 1873 2090 ἐχώρει’
1929 2018 2006 2081 ὼς

431 2105 501 2156 ὲν.
537 2105 762 2176 στόματι
816 2103 910 2158 τοῦ
956 2105 1178 2159 Ἡσαΐου
1216 2106 1400 2175 ἔλεγεν
1420 2123 1433 2136 ’
1487 2105 1642 2161 Ἰδοὺ
1674 2107 1934 2174 συνήσει
1973 2112 2006 2162 ό

431 2194 578 2261 Παῖς
612 2214 732 2264 μου
780 2199 814 2250 ὁ
845 2197 1183 2263 ἀγαπητόςο
1232 2198 1390 2252 τοῦτο
1422 2198 1576 2270 φωνὴ
1618 2200 1848 2270 Πατρός.
1897 2201 2007 2254 Καὶ

418 2285 504 2350 κὼς
544 2291 572 2341 6
623 2289 820 2359 Δανιὴλ
851 2286 954 2342 εἶδε
983 2290 1075 2343 τὸν
1108 2291 1345 2346 Παλαιὸν
1399 2292 1506 2345 τῶν
1541 2292 1763 2363 ἡμερῶν
1791 2307 1804 2322 ⁶
1857 2293 2008 2346 τοῦτο

428 2378 664 2432 ὀπτασία
709 2378 802 2433 τοῦ
837 2381 1075 2452 Πατρός.
1125 2382 1212 2445 Ὠς
1261 2381 1318 2435 δὲ
1364 2382 1423 2435 ἐν
1472 2383 1551 2453 τῷ
1588 2384 1838 2454 προφήτῃ
1897 2385 2007 2438 πά-

429 2471 544 2524 λιν·
589 2471 731 2542 Ἐγὼ
766 2472 1003 2542 ὁράσεις
1040 2473 1375 2540 ἐπλήθυνα,
1413 2475 1512 2528 καὶ
1552 2475 1621 2528 ἐν
1653 2476 1825 2544 χερσὶ
1864 2493 2007 2544 προ-

429 2563 638 2631 φητῶν
689 2563 1028 2633 ὡμοιώθην·
1074 2565 1232 2618 τοῦτο
1288 2565 1442 2636 φωνὴ
1489 2564 1642 2619 Υἱοῦ.
1707 2567 1795 2630 Ὣς
1846 2566 1903 2622 δὲ
1949 2570 2006 2621 ὲν

445 2653 708 2724 Ἰεζεκιὴλ
733 2673 746 2684 ·
779 2656 891 2709 Καὶ
930 2655 1108 2710 ἔλαϐέ
1142 2674 1221 2726 με
1262 2656 1507 2726 Πνεῦμα
1549 2658 1718 2724 Θεοῦ,
1762 2659 1861 2713 καὶ
1905 2659 2005 2724 ἐξ-

431 2744 611 2799 έϐαλέ
632 2764 710 2816 με
757 2749 844 2813 εἰς
882 2748 948 2801 τὸ
979 2749 1223 2802 πεδίον’
1268 2748 1428 2802 τοῦτο
1460 2751 1589 2821 περὶ
1633 2750 1787 2820 ἁγίου
1835 2751 2006 2803 Πνεύε-

439 2855 628 2908 ματος.
660 2840 768 2892 Καὶ
801 2839 972 2893 πολλὰ
1024 2840 1139 2893 ἔστι
1187 2841 1411 2894 τοιαῦτα
1457 2841 1655 2909 λέγειν,
1697 2835 1772 2896 ὧν
1811 2843 2007 2910 ὀλίγων

435 2929 544 2982 ἀπὸ
587 2929 786 3000 μέρους
813 2929 1139 3000 μνησθέντες
1169 2933 1226 2983 ὲν
1257 2932 1580 3004 παραδρομῇ
1613 2935 1693 2997 εἰς
1740 2933 1800 2986 τὸ
1838 2933 2006 2999 δεῖξαι

435 3021 526 3074 τὸν
585 3022 910 3094 χαρακτῆρα
955 3022 1056 3093 τῆς
1107 3023 1468 3095 Ἑκκλησίας,
1521 3023 1589 3078 τὰ
1641 3025 1735 3080 δύο
1785 3027 2006 3095 ῥήματα

2107 1931 2204 1986 per
2226 1917 2574 1973 Divinitatem
2605 1918 2779 1988 gratia
2829 1925 2934 1984 est,
2965 1933 3129 1988 quam
3177 1919 3246 1974 iis
3291 1919 3546 1973 omnibus
3575 1921 3670 1989 qui

2106 2009 2255 2080 digni
2296 2017 2476 2073 erant,
2521 2010 2804 2080 impertiit.
2837 2011 2912 2064 lta
2946 2009 3127 2068 Patris
3163 2019 3420 2082 aspectus
3463 2012 3673 2067 unicui-

2105 2098 2213 2169 q'ue
2251 2101 2553 2170 permissus
2600 2112 2703 2164 est,
2739 2111 3002 2172 quantum
3039 2117 3228 2171 vocem
3263 2103 3411 2158 illius
3457 2103 3671 2166 audire,

2106 2206 2170 2245 ac
2201 2199 2364 2261 prout
2391 2206 2588 2262 capere
2622 2201 2834 2263 poterat
2859 2211 2872 2259 ;
2901 2203 2960 2246 ut
2998 2209 3120 2248 cum
3145 2209 3241 2264 per
3267 2195 3466 2250 Isaiam
3497 2196 3570 2249 ita
3595 2196 3673 2249 Io-

2106 2282 2295 2350 quitur
2336 2301 2349 2335 ε
2386 2281 2521 2337 Ecce
2563 2283 2820 2354 intelliget
2863 2284 3002 2338 Puer
3034 2303 3180 2341 meus
3226 2289 3447 2344 dilectus
3465 2288 3507 2353 ⁸,
3553 2304 3675 2360 quae

2107 2372 2284 2429 Patris
2318 2375 2492 2445 ipsius
2531 2378 2694 2432 verba
2743 2386 2890 2432 sunt.
2924 2377 3013 2433 Sic
3045 2378 3232 2434 Daniel
3265 2378 3563 2452 Antiquum
3609 2383 3674 2437 il-

2107 2465 2219 2519 lum
2271 2466 2482 2522 dierum
2529 2467 2700 2523 vidit‘
2734 2487 2748 2522 :
2779 2469 2927 2539 quod
2956 2468 3134 2525 visum
3166 2468 3346 2527 Patris
3393 2475 3673 2543 proprium

2107 2556 2229 2612 fuit.
2268 2558 2575 2624 Quinetiam
2629 2561 2770 2631 apud
2812 2562 2978 2616 alium
3020 2563 3360 2634 prophetam,
3416 2563 3550 2634 Ego,
3593 2566 3676 2618 in-

2107 2651 2245 2721 quit,
2275 2651 2499 2706 risiones
2533 2652 2907 2723 multiplicari,
2952 2664 3003 2709 et
3034 2657 3274 2710 manibus
3301 2657 3676 2726 prophetarum

2108 2741 2438 2796 assimilatas
2475 2760 2593 2796 sum
2614 2744 2659 2807 ⁸,
2707 2760 2770 2800 ea
2801 2761 2904 2800 vox
2949 2754 3036 2802 est
3073 2745 3193 2802 Filii
3222 2749 3463 2818 propria.
3514 2750 3671 2819 Apud

2107 2829 2444 2884 Ezechielem
2470 2846 2620 2896 vero,
2639 2830 2708 2884 Et
2749 2835 3032 2902 assumpsit
3073 2851 3175 2897 me,
3208 2837 3409 2906 inquit,
3433 2837 3668 2905 Spiritu

2107 2920 2225 2986 Dei,
2271 2929 2320 2975 et
2349 2921 2502 2990 ejecit
2544 2937 2625 2975 me
2651 2923 2705 2976 in
2757 2924 3040 2992 campum‘
3072 2943 3086 2978 :
3118 2926 3262 2993 quod
3301 2926 3368 2980 ad
3404 2927 3667 2997 Spiritum

2108 3022 2358 3068 sanctum
2415 3015 2673 3084 pertinet.
2729 3014 3012 3082 Ejusmodi
3063 3017 3170 3070 alia
3217 3017 3449 3087 proferri
3507 3034 3669 3089 quam

436 3112 810 3182 παρεθέμεθα,
841 3115 1048 3184 μυρίων
1079 3115 1246 3169 ὄντων
1270 3115 1362 3168 καὶ
1395 3117 1651 3171 ἐπέκεινα
1673 3117 1782 3170 τῶν
1805 3118 2002 3187 ὁμοίων

2110 3104 2344 3172 plurima
2385 3098 2652 3173 possunt,
2687 3121 2718 3161 e
2758 3106 2956 3176 quibus
2995 3122 3168 3176 pauca
3209 3109 3454 3178 quedam
3495 3110 3676 3164 obiter

432 3177 724 3258 τούτων’ὲν
750 3177 868 3269 ταῖς
907 3177 1082 3271 θείαις
1116 3212 1353 3277 γραφαῖς
1385 3210 1626 3273 Παλαιᾶς
1651 3227 1711 3262 τε
1747 3177 2004 3263 καίΚαι-
2031 3177 2072 3232 C
2106 3195 2514 3265 ΡΓοβοευίιηυθ·
2568 3197 2745 3266 Αιιιυθ
2802 3208 2859 3252 υι
2925 3201 3200 3268 PWPriam
3259 3198 3516 3255 Εθοιθεῖαδ
3569 3201 3673 3256 τοτ’

435 3296 530 3365 γῆς
558 3296 832 3367 Διαθήκης
877 3299 1286 3368 ἐμφερομένων.
1321 3300 1430 3352 Καὶ
1471 3301 1553 3352 ὅτι
1597 3300 1759 3362 αὐτὸς
1802 3299 2002 3370 Κύριος

435 3386 636 3441 ἔπλασε
667 3388 727 3441 τὸ
761 3389 918 3460 σῶμα
941 3389 1018 3459 τῷ
1065 3391 1254 3460 Ἀδὰμ,
1284 3392 1379 3444 καὶ
1419 3392 1742 3445 ἐνέπνευσεν
1771 3393 1828 3444 ὲν
1854 3373 2003 3460 αὐτῷ

437 3479 604 3550 πνοὴν
637 3479 809 3550 ζωῆς,
859 3482 1051 3544 κτίσας
1100 3483 1249 3553 αὑτῷ
1291 3483 1470 3554 ψυχὴν
1517 3483 1731 3548 ζῶσαν,
1792 3483 1884 3537 καὶ
1922 3484 2003 3537 ὅτι

437 3567 596 3632 αὐτὸς
622 3567 816 3621 δέδωκε
845 3569 936 3623 τὸν
966 3572 1126 3640 νόμον
1150 3570 1225 3642 τῷ
1254 3573 1460 3642 Μωῡσῇ
1487 3573 1514 3624 6
1542 3571 1673 3636 Θεὸς
1695 3572 1882 3644 Πατὴρ
1911 3573 2006 3626 καὶ

437 3655 563 3720 Υἱὸς
597 3660 691 3711 καὶ
728 3660 882 3727 ἆγιον
931 3661 1236 3732 Πνεῦμα,ἡ
1291 3662 1390 3729 μία
1411 3664 1641 3732 Θεότης’
1693 3664 1789 3718 καὶ
1823 3665 1905 3718 ὃτι
1953 3666 2004 3717 οἱ

437 3749 711 3819 προφῆται
739 3751 844 3803 ὑπὸ
867 3751 967 3821 τῆς
990 3753 1158 3822 αὐτῆς
1178 3752 1440 3822 Θεότητος
1469 3753 1877 3825 ἁπεστάλησαν’
1908 3755 2006 3809 καὶ

435 3835 517 3888 δτι
543 3838 703 3901 αὐτὸς
731 3841 861 3909 ἡμῖν
883 3841 911 3891 6
930 3840 1085 3904 Θεὸς,
1108 3843 1135 3893 6
1165 3843 1434 3895 Ἰουδαίων
1459 3860 1517 3895 τε
1541 3843 1634 3896 καὶ
1664 3844 2006 3914 Χριστιανῶν

437 3924 512 3979 ὢν
544 3927 694 3996 Θεὸς,
748 3930 1034 3991 Ἰουδαίους
1062 3949 1120 3985 τε
1169 3933 1403 3996 καλέσας
1436 3935 1515 3997 εἰς
1558 3934 1836 3988 δικαίωσιν
1878 3937 2005 4000 τοὺς

441 4018 516 4090 μὴ
545 4020 910 4091 ἀρνουμένους
941 4024 1040 4095 τὴν
1073 4025 1243 4096 αὐτὴν
1266 4025 1358 4078 τοῦ
1401 4027 1608 4097 Κυρίου
1641 4029 1672 4098 ἡ
1683 4026 1798 4096 μῶν
1831 4027 2004 4098 Ἰησοῦ

440 4108 778 4178 παρουσίαν,
827 4112 921 4163 καὶ
971 4113 1178 4178 πάντας
1234 4115 1499 4179 σώζοντος
1539 4117 1665 4179 τοὺς
1714 4117 1855 4170 κατᾶ
1907 4118 2006 4188 τὴν

438 4198 694 4270 ἀληθινὴν
722 4202 884 4254 αὑτοῦ
908 4203 1087 4256 πίστιν
1113 4205 1387 4274 βιοῦντας,
1411 4207 1504 4259 καὶ
1542 4206 1616 4278 μὴ
1645 4207 2008 4278 ἀρνουμένους

437 4289 536 4361 τὴν
573 4291 825 4362 ἀλήθειαν
849 4293 942 4346 τοῦ
978 4295 1329 4366 κηρύγματος
1370 4297 1470 4367 τῆς
1496 4297 1754 4368 ἀληθινῆς
1783 4298 2008 4366 εὐαγγε-

438 4380 596 4451 λικῆς
622 4382 784 4436 αὐτοῦ
818 4384 1186 4449 διδασκαλίας.
1209 4383 1380 4440 Ἦλθε
1423 4388 1552 4457 γὰρ,
1587 4384 1748 4459 ἦλθεν
1774 4391 1802 4441 ό
1836 4390 2008 4441 Μονο-

2103 3302 2248 3340 mam
2291 3301 2356 3340 ac
2393 3295 2553 3341 notas
2583 3288 3014 3349 oetenderemus,
3051 3289 3159 3343 duo
3185 3289 3359 3344 triave
3403 3290 3568 3345 verba
3619 3291 3677 3345 in

2103 3375 2344 3429 medium
2393 3377 2674 3432 attulimus
2716 3393 2782 3432 ex
2829 3378 3056 3432 inﬁnitis
3094 3379 3250 3443 locis,
3292 3395 3414 3449 quae
3457 3381 3675 3436 illorum

2105 3467 2302 3523 similia
2336 3467 2390 3521 in
2437 3468 2728 3538 scripturis
2773 3475 2884 3521 tam
2917 3467 3125 3524 Veteris
3170 3484 3333 3538 quam
3375 3469 3508 3525 Novi
3539 3469 3678 3528 Tes-

2105 3557 2330 3612 tamenti
2398 3558 2669 3628 leguntur.
2741 3559 2877 3613 Illud
2934 3575 3066 3615 vero
3127 3561 3350 3631 insuper
3428 3560 3677 3618 Ecclesia

2104 3649 2434 3719 proﬁtetur:
2469 3649 2758 3705 Dominum
2797 3651 2973 3722 ipsum
3018 3667 3219 3723 corpus
3261 3653 3470 3709 Adamo
3518 3654 3679 3709 labri-

2104 3756 2281 3805 casse,
2323 3748 2378 3795 et
2406 3741 2708 3811 inspirasse
2740 3742 2815 3795 illi
2847 3744 3097 3812 spiritum
3127 3745 3309 3807 vitae",
3337 3759 3461 3799 cum
3500 3745 3680 3800 viven-

2108 3842 2212 3887 tem
2243 3833 2295 3888 ei
2325 3841 2644 3902 procrearet
2681 3835 2940 3888 animam.
2969 3833 3108 3888 Tum
3156 3833 3327 3905 Moysi
3361 3837 3528 3904 legem
3572 3845 3680 3890 tra-

2106 3924 2309 3980 didisse
2336 3924 2504 3980 Deum
2541 3926 2720 3995 ipsum
2751 3925 2968 3981 Patrem
2999 3935 3054 3980 et
3098 3924 3292 3980 Filium
3330 3936 3384 3982 et
3413 3926 3677 3997 Spiritum

2108 4023 2384 4078 sanctum,
2422 4031 2544 4086 quae
2569 4025 2654 4070 est
2685 4032 2794 4071 una
2820 4017 3110 4073 Divinitas.
3143 4015 3345 4072 Deinde
3369 4018 3438 4073 ab
3485 4019 3674 4074 eadem

2107 4105 2400 4162 Divinitate
2467 4108 2761 4178 prophetas
2811 4122 2934 4162 esse
2990 4111 3209 4163 missos.
3249 4108 3333 4161 Ad
3379 4109 3531 4173 haec,
3588 4126 3674 4164 nt.»

2107 4207 2281 4255 strum
2333 4201 2512 4271 ipsum
2561 4200 2754 4265 Deum,
2786 4199 3096 4255 Judaeorum
3143 4215 3205 4255 ac
3238 4200 3676 4257 Christianorum

2105 4307 2228 4348 esse
2255 4291 2456 4357 Deum;
2487 4293 2583 4363 qui
2616 4291 2836 4348 Judaeos
2877 4293 2942 4347 ad
2967 4292 3412 4362 justiﬁcatlonem
3456 4309 3553 4348 eos
3581 4309 3678 4348 vo-

2108 4384 2274 4448 cavit,
2309 4384 2405 4452 qui
2436 4383 2868 4438 incarnationem
2897 4384 3072 4453 ipsam
3101 4381 3316 4438 Domini
3343 4384 3518 4438 nostri
3545 4383 3676 4439 Jesu

437 4475 632 4544 γενής·
663 4475 756 4526 καὶ
789 4474 963 4538 οὕτως
1011 4475 1123 4546 ἕχει
1151 4480 1184 4548 ἡ
1225 4479 1407 4549 μήτηρ
1436 4479 1593 4549 ἡμῶν
1636 4477 1950 4548 Ἐκκλησία,
1978 4481 2002 4532 ό

2110 4473 2308 4529 Christi
2338 4489 2682 4544 nequaquam
2713 4474 3078 4545 abnegarent;
3107 4474 3311 4544 quique
3336 4473 3458 4528 illos
3487 4489 3678 4530 omnes

438 4565 600 4636 λιμὴν
631 4568 660 4619 6
691 4565 862 4630 εὔδιος
897 4569 995 4636 τῆς
1025 4569 1268 4638 εἰρήνης,
1303 4571 1335 4640 ἡ
1381 4570 1654 4640 εῦφρασία
1695 4572 1726 4638 ἡ
1771 4569 2007 4621 πνέουσα

439 4654 536 4723 τὴν
571 4654 769 4725 κύπριν
792 4657 812 4686 ²
834 4655 933 4724 τῆς
971 4655 1237 4725 ἀμπέλου,
1265 4658 1358 4710 καὶ
1386 4658 1578 4728 βότρυν
1607 4657 1845 4726 φέρουσα
1876 4660 2006 4728 ἡμῖν

440 4745 540 4813 τῆς
571 4745 838 4812 εὐλογίας,
871 4747 965 4800 καὶ
997 4748 1058 4800 τὸ
1085 4749 1370 4801 λυσίπονον
1390 4751 1522 4820 ἡμῖν
1543 4749 1691 4818 πόμα
1727 4749 1848 4801 καθ’
1877 4747 2006 4801 ἐκά-

441 4853 572 4904 στην
613 4838 825 4908 ἡμέραν
877 4833 1014 4909 αἷμα
1072 4840 1310 4912 Χριστοῦ
1360 4841 1690 4911 χαριζομένη
1732 4839 2002 4911 ἄκρατον,

439 4925 656 4997 ἀληθές.
1307 4955 1314 4963 ·

2113 4574 2315 4633 servat,
2361 4569 2453 4636 qui
2487 4582 2552 4622 ex
2585 4582 2730 4622 verae
2771 4568 2947 4637 ipsius
2993 4568 3114 4622 lidei
3147 4567 3677 4638 praescripto-vitam

2113 4657 2430 4721 instituunt,
2475 4672 2652 4727 neque
2688 4658 2917 4712 sincera:
2943 4665 2998 4712 et
3028 4657 3356 4727 evangelica:
3391 4657 3538 4712 illius
3577 4658 3676 4712 do-

2112 4748 2304 4802 ctriuae
2341 4749 2691 4817 praedicatum
2724 4748 2925 4817 ubique
2953 4747 3147 4818 dogma
3193 4757 3476 4818 respuunt.
3518 4745 3679 4802 Venit

2111 4840 2280 4904 enim,
2315 4843 2463 4897 venit
2497 4841 2842 4914 Uuigenitus,
2867 4843 3049 4914 itaque
3078 4854 3251 4899 mater
3278 4845 3522 4901 Ecclesia
3551 4861 3678 4915 pro-

2112 4933 2316 4998 ﬁtetur,
2349 4949 2469 5004 qua:
2507 4936 2832 5004 tranquillus
2876 4937 3025 5005 pacis
3059 4946 3250 5006 portus
3300 4944 3417 5000 est,
3461 4944 3516 4991 et
3553 4952 3680 4992 sua-

438 5027 578 5080 vitas
618 5027 860 5095 quaadam
889 5027 1015 5079 vitis
1064 5041 1284 5096 cyprum
1330 5026 1603 5090 redolens,
1653 5033 1708 5080 et
1740 5024 2004 5079 botrum'
2044 5026 2204 5081 nobis
2230 5027 2629 5084 benedictionis
2683 5028 3000 5097 proferens,
3054 5044 3264 5084 necnon
3329 5037 3382 5084 et
3433 5045 3675 5100 praesen-

438 5121 710 5173 tissimum
743 5117 872 5171 illud
903 5119 1262 5188 abstergendo
1291 5120 1510 5172 maerori
1543 5126 1751 5189 potum,
1771 5134 1978 5172 merum
2003 5119 2212 5174 scilicet
2229 5135 2292 5173 ac
2318 5135 2504 5174 verum
2536 5120 2739 5175 Christi
2777 5121 3093 5190 sanguinem
3147 5121 3388 5190 quotidie
3417 5120 3672 5190 largiens.

508 5211 585 5263 IE’
625 5196 758 5281 (77).
807 5211 929 5262 ’Ὅτι
976 5210 1244 5280 ἀληθινῶς
1293 5212 1556 5283 ἐγεννήθη
1613 5211 1844 5282 Χριστὸς
1895 5213 2002 5265 ἀπὸ

435 5301 652 5372 Μαρίας
680 5303 777 5371 τῆς
817 5300 1193 5372 ἀειπαρθένου,
1247 5301 1427 5356 λαϐὼν
1471 5303 1531 5355 τὸ
1573 5303 1731 5374 σῶμα
1769 5305 1826 5358 ὲν
1869 5304 2003 5373 ἀλη-

438 5393 579 5465 θείᾳ,
629 5395 721 5446 καὶ
765 5393 865 5446 οὐκ
909 5395 966 5445 ὲν
1011 5393 1249 5464 δοκήσει,
1293 5396 1470 5466 σάρκα
1511 5395 1800 5467 ἀληθινῶς,
1844 5397 2001 5467 σῶμα

511 5550 652 5619 ξπ).
691 5548 1000 5618 κεκτῆσθαι.
1108 5551 1128 5581 ²
1169 5546 1230 5601 F.
1255 5548 1481 5619 κύπρον.

437 5617 459 5654 ¹
492 5617 626 5675 Gen.
662 5634 722 5684 ll,
752 5619 802 5673 7.
847 5617 896 5650 ’3
926 5619 1084 5673 Cant.
1122 5636 1159 5682 ι,
1192 5620 1278 5673 15.

1594 5551 1615 5582 ³
1655 5548 1756 5606 lsa.
1781 5565 1878 5615 ur,
1911 5551 2000 5604 15.
2073 5551 2098 5582 ⁸
2132 5551 2265 5608 Dan.
2296 5571 2391 5619 vn,
2421 5555 2475 5609 9.
2561 5555 2583 5586 ⁸
2615 5553 2738 5609 Ose.
2774 5572 2870 5617 xu,
2910 5557 2997 5610 10.

2183 5211 2392 5281 1097
2410 5211 2525 5265 XV.
2544 5210 2811 5267 Praeterea
2825 5213 3101 5268 Christum
3115 5227 3145 5266 e
3158 5211 3324 5265 Maria
3343 5227 3556 5281 semper
3571 5214 3678 5266 vir-

2109 5303 2234 5373 gine
2259 5318 2446 5357 revera
2469 5313 2659 5357 natum
2685 5319 2808 5358 esse
2844 5303 3038 5367 credit,
3057 5318 3122 5357 ac
3137 5303 3319 5372 reipsa
3342 5318 3544 5372 corpus
3567 5318 3675 5356 non

2113 5399 2297 5468 specie
2322 5397 2586 5452 duntaxat
2618 5399 2882 5463 induisse,
2915 5413 3159 5461 carnem,
3193 5399 3434 5466 inquam,
3469 5411 3674 5457 veram,

3089 5558 3107 5586 ⁸
3143 5555 3335 5610 Ezech.
3360 5571 3441 5619 ιιι,
3467 5555 3552 5618 ιιι,
3583 5550 3673 5606 22.

510 5735 623 5806 (77)
660 5735 1086 5791 Prastermissam
1125 5735 1199 5789 ibi
1235 5745 1342 5787 tam
1387 5750 1416 5788 a
1463 5734 1719 5803 Petavio,
1766 5753 1928 5808 quam
1972 5752 2001 5790 a
2040 5733 2357 5800 Thomasio,
2382 5736 2720 5791 numericam
2756 5745 2937 5790 notam
2969 5751 3035 5788 xv
3070 5733 3433 5789 restituimus.

759 5828 1030 5887 Parnm.
1077 5827 1194 5887 Gn.
1227 5827 1422 5887 XLII.

3360 5821 3440 5880 26
