4118 6402
433 352 530 406 8H

1853 346 1910 404 S.
1952 346 2293 406 EPIPHANII

3563 348 3672 409 812

432 479 741 536 corpusque
775 479 962 520 verum
1007 478 1131 518 cum
1161 463 1382 520 ossibus
1410 478 1474 519 ac
1511 463 1694 520 nervis
1753 464 1998 536 reliquis-

2107 465 2378 537 ἀληθινῶς
2399 467 2494 521 σὺν
2521 465 2728 531 ὀστέοις
2749 466 2841 520 καὶ
2871 466 3080 536 νεύροις
3110 447 3202 520 καῖ.
3232 469 3362 520 πᾶσι
3394 469 3506 528 τοῖς
3534 469 3674 538 ἡμε-

431 575 560 630 que,
583 574 704 630 qua:
734 558 892 613 nobis
937 558 1127 612 insunt
1167 559 1444 622 omnibus,
1476 557 1613 612 nihil
1659 565 1718 612 ut
1761 573 1792 613 a
1841 559 2002 616 nobis

375 709 382 717 ,
431 653 593 723 ipsis,
627 661 986 723 praeterquam
1007 651 1294 706 excellenti
1323 650 1560 722 quadam
1600 651 1908 708 sanctitatis
1937 667 2002 708 ac
2037 708 2046 716 ,

431 746 734 799 divinitatis
762 745 933 814 gloria
961 742 1254 814 discrepet,
1292 753 1404 798 tum
1431 743 1578 814 quod
1605 743 1910 799 sanctitatis
1937 758 2000 797 ac

429 841 655 910 iustitiae
702 854 798 893 vas
837 837 926 892 sit.
960 835 1134 892 liabet
1165 846 1346 891 autem
1393 835 1574 889 omnia
1606 835 2001 905 perfectissime

433 933 572 986 citra
613 937 917 1000 peccatum.
963 927 1146 993 Quare
1191 927 1427 981 humana
1466 942 1652 981 revera
1695 933 1780 980 est
1820 926 2000 979 anima

431 1019 713 1090 praeditus,
763 1017 1110 1085 humanaque
1162 1021 1384 1069 mente:
1421 1031 1531 1069 non
1565 1015 1711 1085 quod
1760 1023 1998 1068 mentem

432 1109 752 1182 hypostasin
788 1124 912 1164 esse
949 1109 1219 1173 dicamus,
1269 1119 1329 1163 ut
1365 1107 1634 1161 affirmant
1667 1107 1780 1161 alii.
1825 1105 2000 1161 Caue-

429 1217 551 1256 rum
577 1200 724 1254 nulla
745 1197 952 1268 peccati
977 1199 1302 1268 contagione
1329 1196 1566 1250 fcedatus
1587 1203 1690 1260 est,
1717 1210 1996 1264 nunquam

429 1311 494 1351 os
532 1295 680 1349 illius
719 1292 1004 1347 mentitum
1047 1299 1152 1353 est,
1202 1305 1378 1360 neque
1423 1289 1565 1342 labia
1599 1288 1782 1342 dolum
1817 1288 1997 1341 locuta

431 1385 626 1448 sunt',
674 1397 771 1437 cor
818 1379 886 1434 ad
932 1380 1257 1434 irritandum
1308 1379 1474 1432 Deum
1522 1393 1630 1431 non
1668 1377 1996 1440 declinavit,

430 1494 585 1534 mens
608 1477 675 1532 ad
707 1492 791 1541 ea,
821 1491 940 1546 qua:
969 1473 1124 1529 nefas
1159 1482 1262 1537 est,
1288 1488 1395 1526 non
1436 1470 1673 1537 deﬂexit,
1704 1485 1833 1525 caro
1861 1469 1997 1522 nihil

429 1584 646 1633 eorum,
682 1583 803 1638 qua:
824 1567 888 1622 ad
921 1567 1103 1620 carnis
1127 1565 1453 1633 voluptatem
1485 1563 1778 1632 pertinent,
1823 1561 1997 1616 admi-

431 1661 502 1714 sit
533 1679 545 1714 :
579 1659 722 1714 Deus
753 1660 821 1713 ab
848 1666 1052 1712 mterno
1087 1657 1394 1728 perfectus;
1437 1657 1527 1724 qui
1567 1671 1698 1719 non,
1735 1661 1794 1708 ut
1819 1654 1874 1707 in
1904 1654 1998 1707 ho-

430 1751 574 1804 mine
595 1749 883 1812 habitaret,
925 1747 1162 1810 advenit,
1195 1747 1289 1801 sed
1316 1745 1550 1800 Verbum
1585 1746 1761 1813 ipsum
1820 1742 1995 1796 homi-

2101 558 2301 632 τέροις,
2350 559 2514 630 μηδὲν
2553 559 2646 629 ἀφ’
2681 561 2840 630 ὴμῶν
2884 560 3293 630 διηλλαγμένος,
3335 560 3369 630 ἢ
3420 561 3580 630 μόνον
3612 558 3673 613 τὸ

2102 649 2310 717 ἔνδοξον
2372 651 2471 722 τῆς
2525 650 2689 704 αὑτοῦ
2742 651 3025 722 ἁγιότητος
3089 653 3182 705 καὶ
3237 651 3516 720 θεότητος,
3580 651 3676 703 καὶ

2103 739 2329 803 σκεύους
2363 741 2671 812 ἁγιωσύνης
2701 741 2796 794 καὶ
2837 741 3198 813 δικαιοσύνης,
3233 743 3326 796 καὶ
3356 743 3675 813 ἀναμαρτή-

2100 849 2208 896 τως
2231 832 2302 885 τά
2322 833 2500 887 πάντα
2523 834 2743 897 τελείως
2779 834 2937 904 ἔχων,
2963 836 3058 889 καὶ
3089 834 3337 904 ἐσχηκὼς
3369 834 3543 905 ψυχὴν
3574 834 3673 903 τὴν

2101 924 2449 994 ἀνθρωπίνην
2474 926 2530 977 ὲν
2560 924 2806 996 ἀληθείᾳ,
2830 924 2954 977 νοῦν
2978 927 3068 979 τὸν
3099 925 3436 996 ἀνθρώπινον
3465 927 3522 977 ἐν
3544 925 3675 995 ἀλη-

2101 1015 2241 1086 θεία,
2278 1016 2375 1086 οὐχ
2416 1017 2492 1080 ὡς
2523 1016 2680 1087 ἡμῶν
2718 1016 3209 1086 διαϐεϐαιουμένων
3248 1016 3337 1068 τὸν
3382 1015 3505 1068 νοῦν
3535 1011 3672 1068 εἶναι

2102 1109 2421 1172 ὑπόστασιν,
2461 1106 2644 1171 καθὼς
2683 1107 2831 1162 ἄλλοι
2875 1107 3111 1176 λέγουσι.
3162 1107 3245 1160 Τά
3285 1109 3462 1162 πάντα
3497 1106 3554 1159 δὲ
3597 1105 3671 1177 μὴ

2100 1198 2402 1270 χρανθέντα
2431 1201 2488 1253 ὲν
2522 1199 2787 1270 ἁμαρτίᾳ,
2814 1200 2985 1269 στόμα
3019 1198 3092 1269 μὴ
3125 1198 3484 1269 ψευσάμενον,
3519 1196 3669 1267 χείλη

2103 1292 2178 1362 μὴ
2207 1291 2515 1362 λαλήσαντα
2545 1291 2714 1356 δόλον,
2750 1291 2976 1361 καρδίαν
3018 1289 3092 1360 μὴ
3139 1285 3398 1343 κλίνασαν
3427 1290 3508 1351 είς
3549 1290 3671 1358 ἐρε-

2100 1381 2316 1453 θισμὸν,
2356 1381 2480 1434 νοῦν
2514 1382 2588 1452 μὴ
2639 1382 2978 1452 ἐκτραπέντα
3016 1383 3096 1444 είς
3128 1380 3164 1434 ἀ
3206 1382 3278 1452 μὴ
3330 1382 3457 1453 χρὴ,
3496 1382 3671 1451 σάρκα

2102 1473 2176 1544 μὴ
2200 1474 2268 1526 τὰ
2314 1474 2515 1544 σαρκὸς
2551 1474 2744 1544 ἡδονῆς
2781 1473 3188 1544 ἐργασαμένην.
3229 1472 3441 1534 Τέλειος
3469 1470 3671 1525 ἄνωθεν

2098 1562 2250 1626 Θεὸς,
2281 1561 2380 1614 ούκ
2405 1560 2572 1614 ἐλθὼν
2601 1562 2923 1631 κατοικῆσαι
2953 1562 3012 1613 ἐν
3047 1560 3338 1633 ἀνθρώπῳ,
3369 1559 3483 1612 ἀλλ’
3513 1557 3671 1622 αὐτὸς

2096 1655 2125 1707 ὁ
2159 1654 2330 1722 Λόγος
2354 1652 2796 1724 ὲνανθρωπήσας,
2832 1653 2892 1704 ού
2927 1654 3157 1723 τραπεὶς
3188 1653 3288 1723 τὴν
3319 1651 3500 1720 φύσιν,
3533 1668 3670 1721 συμ-

2098 1742 2464 1814 περιειληφὼς
2490 1743 2604 1814 ἅμα
2630 1747 2696 1815 τῇ
2725 1744 2936 1812 θεότητι
2958 1744 3056 1814 τὴν
3083 1743 3217 1796 ίδίαν
3241 1742 3667 1815 ὲνανθρώπησιν.

430 1849 553 1889 nem
595 1834 792 1899 induit,
826 1848 932 1886 non
979 1840 1172 1886 natura
1221 1840 1509 1894 mutatum,
1555 1831 1646 1884 sed
1694 1843 1847 1892 eam,
1877 1843 1998 1898 quae

2116 1836 2200 1888 'Ev
2233 1838 2415 1906 μήτρᾳ⁵
2457 1834 2726 1906 παρθένου
2758 1835 2994 1904 γεγονὼς
3027 1838 3084 1888 ὲν
3113 1835 3358 1906 ἀληθείᾳ,
3403 1851 3672 1905 κυοφορηο

429 1925 668 1981 hominis
698 1924 917 1995 propria
947 1931 1052 1988 εει,
1079 1939 1204 1977 ευιιι
1233 1923 1514 1977 divinitate
1545 1921 1908 1990 complexum.
1938 1918 1996 1973 In

428 2016 658 2086 virginis
683 2023 839 2069 utero
861 2028 1047 2068 revera
1078 2014 1312 2082 genitus,
1344 2027 1407 2065 ac
1437 2027 1532 2080 per
1556 2010 1822 2078 genitales
1849 2023 1996 2061 mea-

427 2113 518 2159 tus
558 2104 610 2156 in
643 2104 816 2157 lucem
849 2102 1048 2160 editus.
1079 2101 1196 2154 sine
1224 2100 1332 2154 ulla
1370 2099 1722 2168 turpitudine,
1754 2097 1997 2151 foeditate

430 2191 512 2245 vel
554 2191 694 2244 labe.
720 2188 851 2243 Post
889 2189 1003 2242 hzec
1046 2187 1327 2250 educatus,
1367 2193 1528 2253 atque
1568 2199 1597 2236 a
1647 2183 1914 2253 Symeone
1942 2190 1997 2235 ct

427 2283 583 2334 Anna
642 2280 698 2334 in
757 2280 900 2334 ulnis
946 2285 1210 2348 gestatus,
1275 2292 1305 2329 a
1360 2275 1528 2328 Maria
1578 2282 1845 2344 portatus,
1896 2273 1998 2326 iter

430 2378 618 2440 postea
651 2367 880 2438 pedibus
919 2367 1175 2429 confecit,
1208 2365 1586 2435 peregrinatus
1624 2369 1728 2425 est,
1762 2361 1828 2414 ad
1867 2375 1998 2432 pue-

429 2460 609 2512 ritiam
647 2457 914 2528 pervenit,
938 2466 1093 2509 aetate
1121 2455 1508 2508 corroboratus
1541 2461 1646 2516 est,
1675 2452 1914 2505 humana
1942 2453 1995 2504 in

428 2567 488 2607 se
519 2553 702 2606 omnia
733 2549 970 2621 perfecte
1003 2549 1212 2613 habuit,
1244 2562 1510 2601 annorum
1547 2559 1774 2599 numero
1797 2560 1997 2599 census

426 2650 535 2707 est,
586 2655 814 2695 numero
857 2638 1127 2694 mensium
1175 2639 1228 2692 in
1266 2635 1596 2708 praegnantis
1623 2644 1780 2688 utero
1818 2644 1997 2703 gesta-

426 2745 538 2798 tus,
573 2733 750 2788 factus
778 2747 846 2787 ex
872 2731 1120 2793 muliere,
1150 2730 1323 2785 factus
1357 2729 1459 2783 sub
1492 2728 1668 2798 lege’.
1700 2725 1904 2782 Deinde
1929 2725 1997 2780 ad

427 2826 720 2882 Jordanem
751 2822 1030 2894 profectus
1059 2830 1164 2880 est.
1198 2821 1506 2889 ibidemque
1529 2834 1558 2872 a
1581 2817 1792 2872 Joanne
1821 2817 1998 2888 bapti-

426 2926 605 2977 zatus.
647 2930 770 2970 cum
817 2914 1021 2969 lotione
1066 2913 1200 2968 nihil
1231 2928 1368 2982 opus
1388 2912 1610 2966 haberet
1641 2929 1655 2965 ε
1691 2908 1787 2965 sed
1817 2918 1876 2964 ut
1909 2924 1992 2976 ea,

427 3026 549 3081 qua:
589 3017 856 3078 susceptae
899 3006 1138 3061 hominis
1192 3013 1400 3059 naturae
1440 3011 1808 3058 consentanea
1846 3009 1994 3063 sunt,

429 3109 694 3166 servaret,
719 3100 945 3171 iustitia:
987 3099 1159 3168 legem
1194 3097 1520 3167 perturbare
1565 3094 1763 3157 noluit,
1802 3101 1859 3147 ut
1896 3094 1996 3147 im-

429 3197 688 3266 pleretur,
733 3189 1193 3262 quemadmodum
1245 3189 1363 3258 ipse
1415 3187 1578 3252 dicit,
1616 3186 1796 3241 omnis
1837 3185 1999 3255 justi-

429 3287 506 3340 tia
526 3286 571 3352 ³,
621 3294 783 3354 atque
822 3296 1007 3336 veram
1052 3297 1082 3334 a
1133 3295 1191 3335 se
1222 3294 1444 3335 carnem
1477 3293 1771 3348 veramque
1812 3277 1991 3331 homi-

430 3377 516 3431 nis
555 3382 804 3428 naturam
849 3379 1158 3440 susceptam
1191 3385 1312 3423 esse
1347 3375 1700 3423 monstraret.
1733 3366 1898 3437 Igitur
1925 3367 1992 3420 ad

431 3483 603 3539 aquas
649 3464 962 3528 descendit,
1015 3465 1089 3515 ita
1136 3469 1316 3514 tamen
1367 3469 1425 3512 nt
1475 3458 1749 3513 conferret
1791 3458 1995 3527 aliquid

430 3563 614 3634 potius
651 3574 814 3629 quam
847 3555 1119 3626 acciperet
1146 3595 1160 3619 ,
1189 3553 1479 3622 largiretur
1520 3551 1694 3620 magis
1726 3565 1888 3620 quam
1919 3551 1995 3604 rei

430 3651 738 3723 cujuspiam
785 3648 1098 3716 indigeret:
1139 3645 1338 3714 quippe
1389 3645 1606 3698 easdem
1655 3643 1776 3697 illas
1826 3658 1996 3714 aquas

431 3759 531 3800 sua
579 3744 698 3796 luce
753 3737 1113 3803 collustravit,
1137 3745 1191 3790 et
1228 3735 1296 3789 ad
1343 3750 1554 3799 eorum,
1600 3749 1722 3804 quae
1772 3734 1826 3787 in
1875 3749 1996 3789 sese

433 3831 760 3906 perﬁcienda
791 3839 968 3894 erant,
1007 3827 1436 3882 adumbrandam
1464 3828 1773 3897 imaginem,
1805 3842 1996 3897 quam-

432 3926 556 3980 dam
589 3923 699 3976 vim
740 3920 846 3976 illis
893 3918 1174 3989 impertiit,
1204 3924 1265 3969 ut
1299 3916 1391 3986 qui
1432 3917 1535 3985 ipsi
1574 3929 1761 3970 revera
1809 3915 1999 3969 crede-

434 4026 555 4074 rent
598 4031 662 4071 ac
701 4015 947 4070 veritatis
972 4019 1156 4068 essent
1200 4009 1304 4065 fide
1334 4009 1567 4080 praediti,
1613 4009 1998 4080 intelligerent,

434 4125 542 4163 non
581 4109 733 4163 illum
766 4105 889 4160 ficte
914 4104 1207 4158 humanam
1235 4100 1479 4156 induisse
1507 4108 1780 4163 naturam,
1826 4114 2001 4169 neque

434 4203 557 4254 ficte
588 4214 710 4254 esse
747 4196 904 4266 aquis
935 4195 1260 4258 intinctam;
1322 4192 1617 4261 eademque
1668 4199 1723 4245 et
1769 4190 1874 4260 ipsi
1920 4207 1999 4244 ra.

2105 1923 2218 1988 θεὶς
2251 1925 2338 1978 διά
2379 1925 2708 1996 γεννητικῶν
2757 1925 2937 1997 πόρων
2975 1926 3433 1996 ἀνεπαισχύντως,
3470 1925 3670 1998 ἀχραν-

2095 2032 2234 2080 τως,
2286 2015 2622 2085 ἀμολύντως.
2667 2016 3064 2087 Ἀνατραφεὶς,
3116 2018 3211 2070 καὶ
3262 2017 3672 2085 ὲναγκαλισθεὶς

2099 2107 2202 2162 ὑπό
2230 2125 2286 2160 τε
2332 2108 2616 2178 Συμεῶνος
2662 2110 2754 2162 καὶ
2783 2111 3000 2178 Ἀννης,
3053 2109 3376 2179 βασταχθεὶς
3407 2109 3511 2161 ὑπὸ
3547 2108 3670 2162 Μα-

2101 2201 2240 2272 ρίας,
2267 2201 2553 2266 πεξεύσας,
2571 2201 2944 2272 ὁδοιπορήσας,
2976 2202 3186 2255 παιδίον
3207 2200 3464 2270 γεγονὼς,
3482 2201 3673 2272 ἀδρυντ

2098 2292 2210 2355 θεὶς
2233 2295 2299 2363 τῇ
2335 2293 2537 2364 ἡλικίᾳ,
2576 2294 2646 2346 τά
2695 2294 2871 2346 πάντα
2909 2292 3047 2363 ἔχων
3079 2295 3136 2346 ὲν
3167 2292 3343 2362 ἑαυτῷ
3383 2295 3440 2344 ὲν
3472 2291 3673 2345 τελειό-

2096 2399 2237 2454 τητι,
2269 2385 2325 2435 ὲν
2354 2383 2570 2454 ἀριθμῷ
2601 2383 2736 2436 ὲτῶν
2769 2383 2880 2453 (78)
2909 2383 3200 2451 λογισθεὶς,
3237 2384 3294 2437 ὲν
3327 2383 3543 2454 ἀριθμῷ
3569 2401 3673 2452 μη⁹

2098 2473 2203 2527 νῶν
2238 2477 2296 2526 ὲν
2347 2475 2527 2545 κοιλίᾳ
2575 2475 2950 2546 κυοφορηθεὶς,
2993 2475 3280 2544 γενόμενος
3325 2476 3431 2528 ὑπὸ
3486 2476 3667 2544 νόμον,

2097 2563 2265 2616 ἐλθὼν
2303 2565 2394 2616 ἐπὶ
2443 2565 2535 2618 τὸν
2581 2565 2871 2635 Ἰορδάνην,
2911 2565 3232 2634 βαπτισθεὶς
3271 2566 3378 2618 ὑπὸ
3421 2567 3671 2619 Ἰωάννου

2096 2657 2196 2708 οὐκ
2225 2655 2570 2724 ὲπιδεὸμενος
2612 2656 2854 2728 λουτρῶν
2877 2672 2890 2686 ⁸
2919 2657 3010 2710 διά
3043 2675 3101 2709 τε
3133 2657 3192 2710 τὸ
3235 2657 3528 2712 ἀκόλουθον
3569 2654 3671 2727 τῆς

2098 2746 2156 2798 ὲν
2197 2745 2346 2816 νόμῳ
2392 2745 2856 2816 ὲνανθρωπήσεως
2904 2747 2979 2818 μὴ
3025 2750 3312 2820 ταράσσων
3353 2747 3413 2801 τὸ
3443 2747 3669 2808 δίκαιον,

2096 2838 2242 2901 ὅπως
2278 2837 2561 2906 πληρωθῇ,
2591 2837 2666 2900 ὡς
2698 2837 2859 2900 αὐτὸς
2884 2838 3009 2909 ἔφη,
3040 2841 3188 2892 πᾶσα
3220 2839 3559 2908 δικαιοσύνη,
3584 2837 3670 2890 ἶνα

2095 2927 2243 3000 δείξῃ
2273 2927 2355 2979 ὃτι
2381 2925 2641 2997 ἀληθινὴν
2673 2926 2850 2996 σάρκα
2893 2927 3197 2990 ἐνεδύσατο,
3234 2925 3491 2996 ἀληθινὴν
3519 2929 3673 2980 ἐναν-

2098 3017 2398 3090 θρώπησιν.
2439 3018 2852 3088 Κατερχόμενος
2886 3019 2966 3082 εἰς
2997 3018 3066 3071 τά
3097 3017 3282 3084 ὕδατα,
3321 3017 3496 3082 διδοὺς
3527 3019 3671 3089 ηπερ

2097 3107 2408 3179 λαμϐάνων,
2439 3108 2886 3178 παρερχόμενος⁴
2918 3110 3064 3181 ἥπερ
3093 3109 3463 3179 ὲπιδεόμενος,
3509 3109 3674 3177 φωτί-

2099 3196 2206 3261 ζων
2232 3197 2390 3263 αύτά,
2424 3197 2736 3268 ὲνδυναμῶν
2765 3199 2904 3252 αύτά
2930 3202 3010 3261 εἰς
3041 3199 3208 3253 τύπον
3234 3200 3340 3252 τῶν
3368 3199 3675 3270 μελλόντων

2099 3291 2158 3342 ὲν
2191 3288 2338 3359 αύτῷ
2378 3288 2733 3353 τελειοῦσθαι,
2763 3291 2908 3352 ὅπως
2959 3291 3008 3342 οἱ
3053 3290 3201 3361 αύτῷ
3255 3290 3674 3354 πεπιστευκότες

2101 3383 2158 3434 ἐν
2193 3381 2436 3452 ἀληθεία,
2479 3382 2574 3434 καὶ
2619 3381 2831 3450 ἔχοντες
2861 3383 2960 3453 τὴν
3014 3383 3198 3436 πίστιν
3246 3383 3348 3452 τῆς
3394 3382 3671 3452 ἀληθείας,

2106 3474 2348 3545 μάθωσιν
2375 3477 2457 3528 ὅτι
2486 3474 2754 3544 ἀληθινῶς
2780 3476 3219 3548 ὲνηνθρώπησεν,
3255 3477 3519 3548 ἀληθινῶς
3546 3478 3675 3531 ἐϐα-

2104 3564 2324 3635 πτίσθη,
2360 3567 2454 3618 καὶ
2475 3565 2646 3630 οὕτως
2678 3566 2764 3620 διά
2791 3566 2890 3636 τῆς
2913 3567 3075 3621 αύτοῦ
3111 3568 3559 3637 συγκαταθέσεως
3581 3569 3675 3621 κα)⁸

2103 3656 2256 3708 αὐτοὶ
2289 3657 2592 3728 ἐρχόμενοι,
2625 3658 2830 3712 λάϐωσι
2867 3660 2967 3730 τῆς
2994 3660 3156 3713 αὑτοῦ
3196 3662 3548 3724 καταϐάσεως
3575 3662 3676 3732 τὴν

2099 3745 2346 3817 δύναμιν,
2371 3749 2464 3801 καὶ
2489 3749 2829 3818 φωτισθῶσιν
2853 3751 2960 3804 ἀπὸ
2981 3753 3078 3822 τῆς
3101 3753 3264 3806 αὐτοῦ
3289 3753 3674 3822 φωταγωγίας,

2104 3838 2478 3910 πληρουμένου
2511 3841 2606 3894 τοῦ
2637 3842 2694 3894 ὲν
2725 3841 2802 3913 τῷ
2838 3845 3092 3918 προφήτῃ
3123 3844 3287 3916 ῥητοῦ
3312 3862 3326 3876 ο
3353 3846 3447 3907 Et;
3479 3843 3677 3915 μεταλ-

2105 3929 2276 4002 λαγὴν
2297 3932 2595 4004 δυνάμεως,
2610 3935 2689 3997 είς
2713 3935 2956 4006 παροχὴν
2970 3939 3240 4007 σωτηρίας
3264 3937 3359 4006 τῆς
3369 3937 3674 4007 δυνάμεως,

2107 4020 2186 4083 εἰς
2217 4021 2463 4092 παροχὴν
2497 4025 2766 4094 σωτηρίας
2797 4026 2894 4095 τῆς
2925 4026 3203 4097 δυνάμεως
3245 4027 3337 4080 τοῦ
3377 4029 3542 4098 ἀρτου
3569 4027 3680 4081 ἀπὸ

2104 4113 2202 4182 τῆς
2243 4112 2594 4186 Ἰερουσαλὴμ
2629 4115 3063 4190 λαμϐανομένης,
3096 4121 3189 4173 καὶ
3230 4120 3327 4190 τῆς
3371 4121 3552 4190 ἰσχύος
3581 4118 3676 4173 τοῦ

2106 4200 2314 4266 ὕδατος.

433 4296 580 4348 tione
607 4309 701 4362 per
745 4307 888 4356 eam,
921 4306 1082 4360 quam
1109 4290 1198 4343 ille
1225 4304 1334 4359 prae
1363 4305 1421 4344 se
1447 4289 1663 4355 tulerat,
1693 4293 2246 4351 accommodationem
2271 4298 2612 4365 accedentes,
2650 4301 2864 4373 1098
2896 4303 3123 4357 inditam
3152 4304 3296 4360 illius
3320 4305 3679 4360 descensione

436 4388 542 4441 vim
599 4386 655 4440 in
721 4399 843 4440 sese
905 4383 1241 4437 transferant
1285 4381 1637 4451 ejusdemque
1704 4381 1823 4438 luce
1885 4385 2306 4454 perfundantur,
2367 4406 2478 4461 quo
2546 4393 2921 4462 propheticum
2963 4395 3251 4464 impleatur
3310 4397 3591 4450 oraculum
3659 4416 3674 4452 :

435 4478 513 4532 Ad
545 4476 932 4532 immutandam
981 4475 1242 4528 virtutem
1286 4475 1793 4547 conciliandamque
1839 4479 2072 4535 salutem
2111 4497 2178 4536 ex
2208 4483 2299 4536 illa
2340 4487 2496 4554 panis
2527 4486 2748 4552 virtute,
2773 4504 2892 4558 qua:
2921 4489 2988 4542 ab
3018 4487 3352 4544 Hierusalem
3385 4491 3673 4561 accipitur,

437 4587 814 4640 aquarumque
851 4569 926 4622 vi.

503 4663 644 4719 XVI.
713 4665 812 4719 llic
858 4665 1002 4719 enim
1051 4665 1104 4717 in
1151 4664 1372 4720 Christo
1418 4669 1572 4736 panis
1614 4667 1788 4724 virtus
1823 4683 1886 4724 ac
1916 4669 1998 4725 vis

2176 4672 2290 4739 ΚΓ.
2339 4672 2600 4726 Ἐνταῦθα
2628 4675 2682 4726 δὲ
2710 4675 2766 4726 ὲν
2789 4673 3005 4746 Χριστῷ
3032 4677 3553 4746 ίσχυροποιουμένων
3578 4679 3679 4748 τῆς

438 4773 592 4829 aquae
614 4759 1020 4822 corroboratur,
1049 4764 1106 4810 ut
1137 4773 1242 4811 non
1274 4759 1432 4827 panis
1457 4760 1571 4828 ipse
1603 4760 1672 4814 sit
1702 4761 1863 4816 nobis
1889 4762 2000 4816 vir—

437 4861 552 4916 tus,
590 4853 685 4907 sed
727 4851 900 4904 virtus
933 4865 962 4903 a
1011 4866 1148 4920 pane
1194 4851 1457 4916 profecta.
1487 4851 1564 4906 Ac
1588 4853 1744 4908 cibus
1785 4854 2004 4923 quidem

439 4952 628 5000 noster
657 4943 815 5012 panis
839 4951 944 5004 est,
977 4943 1071 4998 sed
1102 4944 1156 4996 in
1186 4945 1305 5013 ipso
1333 4945 1515 4998 vitalis
1550 4947 1796 5016 quaedam
1828 4948 2004 5003 virtus

438 5034 770 5088 continetur.
798 5032 983 5102 Neque
1018 5033 1068 5087 id
1101 5035 1276 5088 solum
1306 5043 1484 5090 actum
1512 5047 1616 5102 est,
1659 5046 1718 5092 ut
1745 5055 1845 5094 nos
1863 5055 2004 5110 aqua

440 5129 778 5192 repurgaret,
809 5122 902 5178 sed
929 5133 987 5177 ut
1008 5139 1161 5193 aquae
1187 5125 1237 5178 vi
1265 5141 1359 5194 per
1390 5127 1546 5182 fidem
1578 5136 1632 5182 et
1663 5130 1932 5185 actionem
1951 5139 2005 5185 ει

437 5228 591 5280 spem
625 5227 689 5265 ac
737 5213 1118 5282 mysteriorum
1148 5215 1506 5270 initiationem
1544 5224 1594 5271 et
1626 5219 2002 5274 consecratio-

438 5304 525 5358 nis
551 5304 988 5374 appellationem,
1021 5305 1087 5359 ad
1127 5305 1421 5375 perfectam
1453 5308 1868 5380 absolutamque
1912 5326 2002 5367 sa-

515 5464 532 5493 ¹
577 5459 746 5517 ιΡει.
777 5477 836 5524 ιι,
867 5459 955 5514 22.
1035 5463 1055 5492 ’
1095 5459 1214 5515 Gal.
1251 5477 1324 5525 tv,
1363 5463 1414 5515 4.
1495 5464 1514 5494 ³
1557 5463 1744 5518 Matth.
1783 5481 1862 5531 ιιι,
1897 5466 1981 5520 15.

511 5615 622 5685 (78)
663 5616 764 5667 Ἐν
792 5612 1010 5682 ἀριθμῷ
1035 5612 1202 5679 ἐτῶν,
1237 5624 1345 5672 etc.
1391 5615 1645 5672 Petavius
1670 5618 1847 5673 locum
1874 5620 1997 5674 red-

443 5682 552 5741 dit,
586 5682 840 5736 dnnorum
885 5686 1236 5753 mensiumque
1277 5703 1490 5740 numero
1551 5703 1732 5741 census
1775 5698 1852 5744 est
1885 5705 1902 5742 :
1940 5692 1996 5742 in

441 5755 760 5817 prmqnantis
789 5765 933 5806 utero
957 5764 1208 5824 gestatus.
1235 5753 1455 5812 Rectius
1489 5755 1723 5814 fortasse
1749 5759 1998 5816 reddere-

2112 4764 2390 4833 δυνάμεως
2424 4764 2514 4816 τοῦ
2539 4765 2703 4834 ἄρτου
2731 4767 2822 4820 καὶ
2860 4767 2957 4837 τῆς
2997 4765 3182 4830 ὓδατος
3219 4767 3418 4837 ἰσχύος,
3454 4770 3542 4822 ἵνα
3578 4771 3682 4823 οὐκ

2113 4857 2274 4926 ἀρτος
2318 4857 2446 4925 ἡμῖν
2478 4855 2698 4926 γένηται
2744 4856 2987 4933 δύναμις,
3036 4857 3169 4910 ἀλλά
3197 4858 3422 4928 δύναμις
3468 4859 3636 4927 ἄρτου
3662 4878 3675 4891 ·

2113 4949 2207 5000 καὶ
2249 4947 2448 5017 βρῶσις
2480 4947 2577 5016 μὲν
2621 4949 2648 5000 ό
2682 4946 2918 5018 ἀρτος,ή
2960 4947 3015 5000 δὲ
3047 4947 3275 5018 δύναμις
3307 4950 3364 5000 ὲν
3405 4948 3554 5018 αύτῷ
3598 4952 3682 5013 είς

2113 5039 2457 5108 ζωογόνησιν.
2501 5038 2609 5089 Καὶ
2641 5038 2738 5106 οὐχ
2777 5038 2862 5089 ἵνα
2887 5036 2946 5088 τὸ
2976 5037 3116 5108 ὕδωρ
3154 5039 3292 5108 ἡμᾶς
3337 5038 3549 5110 καθάρῃ
3580 5040 3682 5108 μό-

2110 5147 2220 5194 νον,
2252 5129 2364 5182 ἀλλ’
2389 5129 2474 5181 ἵνα
2499 5129 2555 5181 ὲν
2578 5130 2642 5198 τῇ
2676 5127 2820 5196 ίσχύῖ
2854 5126 2948 5180 τοῦ
2979 5126 3168 5190 ὓδατος
3191 5129 3278 5181 διὰ
3311 5128 3412 5198 τῆς
3441 5129 3681 5192 πίστεως

2109 5220 2202 5273 καὶ
2240 5220 2522 5290 ἐνεργείας
2560 5219 2653 5270 καὶ
2697 5217 2908 5280 ἐλπίδος
2963 5218 3058 5270 καὶ
3105 5218 3416 5290 μυστηρίων
3461 5217 3682 5270 τελειὼα-

2111 5312 2372 5375 σεως,καὶ
2398 5310 2688 5380 ὀνομασίας
2712 5310 2810 5379 τῆς
2833 5309 3166 5377 ἀγιαστείας,
3188 5308 3406 5380 γένηται
3438 5312 3573 5380 ἡμῖν
3601 5311 3684 5374 εἰς

2060 5467 2082 5497 ’⁵
2112 5464 2175 5520 F.
2207 5466 2594 5538 παρεχόμενος.

2103 5631 2194 5675 tur
2227 5621 2382 5674 locus
2430 5619 2552 5695 ille,
2598 5633 3115 5697 annorumhumero
3154 5634 3337 5672 census
3382 5627 3498 5682 est;
3534 5635 3685 5674 mm-

2104 5693 2241 5746 sium
2275 5705 2488 5744 numero
2514 5693 2569 5742 in
2597 5693 2916 5761 prwgnantis
2947 5699 3117 5751 utero,
3153 5696 3258 5743 etc.
