4118 6402
464 392 569 448 813
1019 390 1387 447 ADVERSUS
1425 390 1765 448 HERESES
1804 388 1930 446 LIB.
1975 389 2062 444 III.
2098 387 2262 445 TOM.
2304 386 2441 443 Ii.—
2464 386 2829 444 EXPOSITIO
2868 387 3069 444 FIDEI.
3599 387 3708 446 8H

460 505 737 585 τελείωσιν
795 504 1085 576 σωτηρίας.
1145 506 1405 560 Ἀνελθὼν
1451 508 1558 561 ἀπὸ
1599 507 1691 561 :06
1747 507 2022 578 Ἰορδάνου,

2140 506 2309 558 lutcm
2350 504 2511 559 nobis
2532 498 2668 574 ipsis
2699 504 2965 559 conferat.
3002 502 3144 573 Ergo
3171 500 3428 555 Christus
3456 501 3707 556 ascendit

460 595 673 649 ἀκούων
698 595 880 665 φωνὴν
908 597 1122 668 Πατρὸς
1144 599 1223 661 είς
1251 599 1421 669 ἀκοὴν
1441 600 1724 670 παρόντων
1753 598 2022 670 μαθητῶν,

2137 615 2169 651 e
2199 595 2459 661 Iordane,
2489 611 2676 651 vocem
2718 595 2898 650 Patris
2935 594 3129 656 audiit,
3171 609 3331 662 quam
3362 600 3415 647 et
3449 591 3704 662 discipuli

460 689 538 751 είς
563 687 623 740 τὸ
649 686 922 751 ὑποδεῖξαι
953 688 1038 751 τίς
1063 690 1092 741 6
1122 689 1587 760 μαρτυρούμενος,
1613 691 1707 744 καὶ
1735 689 1830 743 τοῦ
1875 690 2022 758 ἁγίου

2135 688 2229 759 qui
2263 687 2517 751 aderant,
2550 688 2864 752 audierunt,
2899 696 2959 741 ut
2985 687 3108 756 quis
3143 686 3236 740 ille
3263 684 3402 740 foret
3428 685 3520 740 cui
3547 684 3704 740 testi-

460 777 777 847 Πνεύματος
807 778 865 830 ὲν
895 776 1025 831 εῖδει
1056 782 1385 851 περιστερᾶς
1410 781 1830 853 κατερχομένου,
1862 780 2022 836 καθά-

2134 778 2380 836 monium
2406 780 2536 834 illud
2570 780 2924 851 praeberetur,
2960 784 3353 850 agnoscerent;
3390 782 3508 830 tum
3535 776 3701 831 etiam

462 887 565 939 περ
620 871 678 924 ὲν
717 869 939 932 πολλαῖς
968 871 1243 942 αἱρέσεσιν
1285 874 1604 943 είρήκαμεν,
1638 873 1727 926 ἵνα
1775 871 1849 943 μὴ
1909 886 2022 925 συν-

2134 871 2373 943 Spiritus
2430 880 2655 940 sanctus
2704 872 2969 926 columba:
3020 871 3199 940 specie
3251 868 3508 939 delapsus
3553 869 3701 930 est‘,

458 960 655 1032 ἀλοιφὴ
699 964 733 1033 ή
777 961 948 1034 Τριάς
984 964 1288 1035 νομισθείη,
1319 965 1887 1036 σχηματοποιουμένου
1934 966 2030 1017 τοῦ

459 1054 775 1123 Πνεύματος
825 1055 883 1107 ὲν
929 1054 1035 1127 ίδίᾳ
1082 1056 1378 1109 ὑποστάσει
1402 1072 1416 1085 ·
1466 1040 1922 1127 ὲπικαθεζομένου
1970 1055 2030 1109 δὲ

455 1142 551 1197 :06
596 1144 912 1214 Πνεύματος
959 1145 1054 1197 καὶ
1090 1146 1385 1216 ἐρχομένου
1416 1146 1502 1197 ἐπ’
1540 1143 1726 1210 αὑτὸν,
1757 1144 1844 1196 ἵνα
1888 1142 2027 1214 ὀφθῇ

456 1235 486 1287 6
538 1232 1006 1306 μαρτυρούμενος·
1044 1235 1132 1289 ἵνα
1178 1234 1314 1307 σὰρξ
1346 1238 1380 1306 ή
1424 1235 1554 1303 ἁγία
1596 1235 1723 1305 φίλη
1770 1230 1904 1289 οὖσα
1936 1235 2031 1287 καὶ⁹

457 1326 844 1397 εὐδοκουμὲνη,
897 1326 1002 1379 ὑπὸ
1037 1326 1134 1379 τοῦ
1172 1327 1385 1399 Πατρός
1432 1327 1526 1380 καὶ
1575 1325 1668 1379 τοῦ
1712 1327 2029 1397 Πνεύματος

463 1416 833 1488 μαρτυρηθείη
851 1433 868 1450 ·
898 1419 988 1471 ἴνα
1008 1420 1036 1471 6
1066 1417 1255 1489 Πατὴρ
1277 1417 1570 1489 εὐδοκητὴς
1604 1417 1901 1488 κηρυχθείη
1930 1418 2030 1487 τῆς

459 1504 549 1557 τοῦ
581 1504 709 1558 Υἱοῦ
754 1506 1018 1577 ὲνσάρκου
1065 1508 1393 1577 παρουσίας·
1427 1507 1515 1560 ἵνα
1546 1509 1575 1559 6
1604 1506 1731 1569 Υἱὸς
1777 1506 2029 1576 ἀληθινὸς

453 1596 668 1666 ὀφθείη,
700 1597 795 1651 καὶ
818 1596 1082 1670 πληρώσῃ
1105 1599 1167 1652 :6
1192 1599 1505 1670 εἰρημένονο
1529 1597 1640 1651 Καὶ
1660 1600 1812 1667 μετὰ
1840 1596 2029 1652 ταῦτα

454 1688 555 1740 ἐπὶ
581 1686 692 1757 τῆς
726 1686 838 1757 γῆς
866 1689 1054 1757 ὤφθη,
1084 1688 1184 1742 καὶ
1213 1689 1363 1758 μετὰ
1390 1687 1509 1742 τῶν
1529 1690 1854 1757 ἀνθρώπων
1878 1705 2029 1744 συν-

455 1778 823 1849 ανεστράφψ
844 1779 1078 1833 ἀνελθὼν
1092 1781 1198 1833 ἀπὸ
1210 1778 1305 1834 τοῦ
1321 1780 1606 1852 Ἰορδάνου,
1625 1781 1720 1834 καὶ
1734 1781 1916 1850 σαφῶς
1931 1782 2027 1835 καὶ

2136 964 2592 1034 quemadmodum
2625 963 2681 1018 in
2703 962 2994 1016 multarum
3016 961 3293 1016 haereseon
3325 959 3699 1015 confutatione

2131 1052 2386 1109 diximus.
2446 1054 2526 1108 Ac
2567 1068 2636 1108 ne
2695 1051 2938 1107 Trinitas
2977 1052 3094 1121 ipsa
3147 1050 3201 1104 in
3248 1066 3416 1105 unum
3482 1049 3702 1104 redacta

2133 1145 2474 1215 confusaque
2500 1144 2837 1207 crederetur,
2864 1141 3102 1212 Spiritus
3136 1142 3353 1211 prepria
3382 1141 3437 1194 in
3465 1154 3684 1210 person:

2131 1234 2359 1306 ﬁguram
2395 1236 2541 1288 illam
2572 1234 2773 1297 induit,
2815 1242 2870 1289 et
2897 1248 3062 1304 super
3101 1234 3252 1287 illurn
3285 1231 3506 1295 resedit,
3534 1245 3681 1299 sequ.

2128 1328 2183 1380 in
2226 1327 2401 1395 ipsum
2436 1325 2770 1391 insinuavit;
2824 1333 2885 1378 ut
2928 1324 2976 1378 is
3017 1324 3105 1377 cui
3154 1323 3525 1377 testimonium
3563 1321 3699 1376 illud

2130 1418 2546 1489 sull'ragabatur,
2559 1418 2899 1488 conspicuus
2915 1424 3084 1477 esset,
3106 1424 3273 1485 utque
3289 1420 3699 1469 sacrosanctam

2130 1511 2280 1564 illam
2312 1525 2532 1565 carnem
2563 1510 2791 1563 amicam
2852 1523 2975 1562 esse
3006 1506 3224 1576 Deoque
3253 1508 3483 1575 placere,
3516 1502 3694 1558 Patris

2129 1615 2193 1655 ac
2213 1599 2454 1671 Spiritus
2487 1600 2811 1654 auctoritate
2845 1606 3153 1660 constaret;
3174 1595 3384 1650 utillud
3415 1594 3698 1665 praedicari

2128 1694 2305 1764 palam
2346 1702 2570 1762 posset,
2606 1692 3037 1746 incarnationem
3079 1688 3198 1744 Filii
3232 1688 3446 1742 volente
3475 1701 3538 1741 ac
3572 1701 3700 1756 pro-

2124 1784 2289 1839 bante
2322 1784 2482 1839 Patre
2521 1799 2644 1839 esse
2686 1783 3028 1854 perfectam;
3071 1796 3133 1834 ac
3176 1779 3410 1849 denique
3443 1793 3607 1834 verus
3640 1786 3700 1832 ut

454 1869 722 1939 ἀληθινῶς
754 1871 863 1923 ἀπὸ
891 1870 986 1924 τού
1007 1870 1250 1925 διαϐόλου
1280 1871 1590 1942 πειρασθείς
1619 1874 1677 1925 ἐν
1718 1874 1782 1943 τῇ
1815 1874 2022 1943 ἐρήμῳ,

2132 1886 2416 1947 appareret
2444 1876 2641 1943 Filius,
2675 1884 2730 1931 et
2759 1874 2895 1929 illud
2935 1873 3215 1943 prepheta:
3254 1871 3569 1926 vaticinium
3603 1884 3700 1923 ex-

459 1960 552 2012 καὶ
568 1960 828 2024 πεινάσας
855 1959 1080 2032 ὕστερον
1099 1960 1188 2014 διά
1204 1962 1303 2031 τὴν
1323 1961 1645 2016 ἀκολουθίαν
1661 1963 1752 2016 καί
1769 1963 2025 2034 ἀλήθειαν

451 2052 553 2122 τῆς
580 2051 844 2123 ἐνσάρκου
873 2052 1172 2123 παρουσίας
1190 2043 1211 2082 ·’
1228 2054 1323 2106 καὶ
1343 2054 1727 2125 ἐπιλεξάμενος
1757 2053 2022 2125 μαθητὰς,

454 2143 550 2196 καὶ
596 2142 835 2214 κηρύξας
859 2142 1134 2215 ἀλήθειαν,
1164 2145 1256 2198 καὶ
1281 2146 1568 2218 ἰασάμενος
1598 2145 1667 2199 τὰ
1687 2145 1856 2216 πάθη,
1887 2144 2025 2198 καθ-

454 2234 713 2305 ευδήσας,
764 2236 1044 2300 πεινάσας,
1083 2235 1458 2307 ὁδοιπορήσας,
1499 2235 1824 2305 θεοσημείας
1861 2238 2026 2307 ὲργα-

457 2326 709 2397 σάμενος,
736 2328 962 2398 νεκροὺς
985 2327 1224 2398 ἐγείρας,
1251 2326 1469 2397 τυφλοῖς
1492 2327 1553 2380 τὸ
1595 2327 1811 2397 βλέπειν
1844 2343 2024 2397 παρα-

456 2417 736 2488 σχόμενος,
767 2419 971 2489 χωλοὺς
996 2419 1088 2472 καὶ
1127 2418 1528 2489 παραλυτικούς
1566 2420 1985 2490 ίσχυροποιήσας
2006 2435 2020 2450 ο

449 2513 529 2578 ὡς
568 2514 799 2585 ἐκήρυξε
832 2514 942 2585 (79)
983 2514 1043 2568 :6
1071 2515 1420 2590 Εὑαγγὲλιον,
1459 2515 1556 2584 τὴν
1607 2514 1888 2586 ἀλήθειαν,
1926 2514 2025 2584 τήν

454 2602 732 2673 βασιλείαν
751 2603 857 2658 τῶν
882 2605 1146 2675 οὐρανῶν,
1180 2607 1279 2675 τὴν
1304 2605 1468 2658 αὐτοῦ
1495 2604 1904 2677 φιλανθρωπίαν
1932 2604 2024 2658 καὶ

453 2695 548 2749 :06
571 2696 780 2768 [ἰατρὸς
806 2697 900 2749 κα)⁵
926 2694 1020 2749 τοῦ
1048 2696 1202 2765 ἁγίου
1234 2695 1372 2749 Πνεύ
1382 2713 1570 2767 ματος.

2132 1971 2304 2041 pleret
2330 1989 2344 2024 :
2380 1967 2449 2021 Et
2470 1978 2587 2037 post
2616 1967 2724 2021 Ιιωσ
2745 1968 2801 2020 in
2830 1976 2970 2021 terra
3006 1966 3144 2019 visus
3167 1973 3265 2030 est,
3299 1973 3348 2018 et
3379 1978 3497 2016 cum
3530 1961 3701 2014 homi-

2129 2061 2281 2115 nibus
2323 2068 2657 2115 conversatus
2685 2061 2827 2113 est‘.
2871 2057 3040 2128 Igitur
3078 2072 3110 2111 e
3143 2055 3381 2110 Jordane
3423 2055 3700 2124 digressus

2131 2160 2280 2209 certo
2301 2167 2534 2221 vereque
2560 2166 2591 2206 a
2617 2150 2833 2206 diabolo
2863 2150 2918 2203 in
2948 2149 3165 2203 deserto
3196 2154 3435 2202 tentatus
3455 2154 3540 2202 est
3558 2147 3612 2213 ³;
3643 2155 3701 2201 et

2129 2243 2538 2313 postjejunium
2559 2242 2774 2305 esuriit,
2801 2249 2881 2305 ut,
2902 2238 3047 2311 quod
3079 2253 3220 2294 verat
3248 2238 3402 2293 carni
3427 2246 3697 2306 susceptae

2132 2343 2558 2390 consentaneum
2603 2340 2707 2397 est,
2739 2331 3086 2401 exprimeret.
3130 2328 3443 2384 Secundum
3471 2328 3587 2382 haec
3615 2328 3700 2382 di-

2133 2424 2376 2494 scipulos
2404 2422 2604 2494 elegit,
2644 2421 2931 2476 veritatem
2977 2411 3323 2491 praedicavit,
3350 2417 3701 2490 aegritudines

2137 2515 2373 2579 sanavit,
2414 2515 2658 2582 dormiit,
2682 2512 2897 2576 esuriit,
2929 2513 3032 2567 iter
3071 2511 3218 2578 fecit,
3250 2511 3431 2566 divina
3454 2510 3701 2582 prodigia

2133 2607 2390 2677 patravit,
2420 2611 2670 2659 mortuos
2701 2602 2978 2666 excitavit,
3015 2603 3174 2657 caecis
3197 2602 3373 2658 visum
3401 2617 3701 2672 repraesen-

2142 2694 2305 2759 tavit,
2332 2694 2541 2750 claudis
2561 2702 2614 2747 et
2644 2693 2958 2764 paralyticis
2989 2693 3131 2749 vires
3163 2693 3420 2759 restituit,
3450 2693 3704 2763 quemad-

455 2788 677 2844 modum
723 2788 1101 2859 Evangelium,
1142 2792 1448 2853 veritatem,
1495 2790 1720 2845 cmleste
1768 2805 2016 2861 regnum,
2067 2803 2133 2844 ac
2166 2804 2292 2844 cum
2334 2788 2513 2858 ipsius
2559 2785 2686 2842 Filii
2731 2795 2847 2841 tum
2922 2785 3102 2841 Patris
3144 2802 3208 2842 ac
3242 2786 3478 2856 Spiritus
3523 2787 3702 2842 sancti

454 2893 589 2947 erga
612 2877 861 2932 homines
887 2893 1125 2933 amorem
1159 2878 1496 2948 praedicavit.

524 2967 624 3021 IZ'.
673 2968 733 3020 '0
761 2968 899 3038 ὑπὲρ
930 2968 1085 3038 ήμῶν
1113 2969 1174 3022 :6
1202 2969 1373 3033 πάθος
1404 2970 1696 3041 ὑπομείνας
1721 2972 1777 3024 ὲν
1799 2972 2022 3043 ἀληθείᾳ

2205 2968 2420 3040 1099
2437 2967 2597 3025 XVII.
2633 2969 2775 3022 ldcm
2808 2970 2895 3023 ille
2920 2984 3080 3038 porro
3096 2984 3279 3023 revera
3299 2969 3607 3038 passionem
3643 2968 3698 3024 in

456 3061 514 3113 ἑν
548 3061 711 3131 σαρκί⁸
753 3060 847 3113 καὶ
877 3061 933 3112 ὲν
957 3062 1023 3131 τῇ
1054 3060 1236 3132 τελείᾳ
1273 3060 1700 3134 ὲνανθρωπήσει,
1734 3064 1920 3118 παθὼν
1963 3066 2022 3118 ὲν

2129 3077 2229 3118 sua
2254 3076 2420 3116 carne
2444 3069 2498 3116 et
2526 3059 2763 3131 perfecta
2781 3060 3019 3115 hominis
3045 3069 3235 3113 natura
3254 3058 3544 3124 sustinuit;
3574 3074 3703 3115 vere

452 3150 682 3222 ἀληθείᾳ
710 3151 802 3204 ἐπὶ
829 3150 922 3204 τοῦ
952 3151 1208 3223 σταυροῦ,
1250 3153 1513 3223 συνούσης
1548 3154 1696 3225 αὐτῷ
1720 3157 1816 3225 τῆς
1840 3156 2017 3227 θεότη-

2131 3150 2185 3205 in
2213 3165 2377 3205 cruce
2412 3165 2608 3221 passus
2636 3159 2721 3206 est
2739 3191 2754 3216 ,
2791 3151 2868 3205 ita
2895 3149 3133 3220 quidem,
3158 3157 3217 3202 ut
3246 3150 3301 3203 in
3345 3149 3697 3225 eodivinitas

454 3255 565 3304 τος,
597 3239 711 3293 ἀλλ’
745 3241 804 3293 ού
835 3240 1132 3311 τραπείσης
1164 3242 1243 3304 είς
1262 3241 1321 3294 :6
1342 3242 1587 3313 πάσχειν,
1615 3241 1782 3314 οὔσης
1805 3244 1862 3297 δὲ
1883 3246 2022 3299 ἀπα-

2129 3243 2437 3308 exsisteret,
2469 3242 2565 3298 sed
2594 3247 2661 3296 ad
2686 3242 2998 3312 patiendum
3026 3243 3249 3296 minime
3273 3255 3392 3296 sese
3414 3249 3700 3296 converte-

455 3330 582 3395 θοῦς
614 3332 708 3385 καὶ
737 3332 1007 3403 ἀτρέπτου
1026 3348 1042 3365 ο
1081 3331 1189 3385 τῶν
1224 3331 1317 3385 δύο
1345 3333 1669 3388 ἀκολουθιῶν
1703 3334 1885 3404 σαφῶς
1919 3352 2023 3390 κα-

453 3424 843 3493 τανοουμένων,
877 3421 1112 3495 Χριστοῦ
1152 3424 1449 3494 πάσχοντος
1481 3425 1619 3496 ὑπὲρ
1651 3426 1807 3496 ήμῶν
1838 3427 2022 3496 σαρκὶ,

453 3512 698 3576 ἀπαθοῦς
721 3512 777 3566 δὲ
823 3513 1071 3583 μένοντος
1117 3515 1175 3566 ὲν
1214 3513 1427 3582 θεότητι
1450 3529 1465 3545 ο
1500 3514 1559 3566 οὺ
1596 3512 1690 3565 τοῦ
1737 3513 2023 3585 ἀνθρώπου

454 3608 575 3661 κατ’
613 3606 749 3660 ἰδίαν
786 3604 958 3669 ὄντος,
985 3607 1080 3658 καὶ
1123 3606 1223 3676 τῆς
1260 3604 1512 3673 θεότητος
1551 3606 1671 3657 κατ’
1702 3605 1856 3668 ἰδίαν,
1890 3606 2025 3660 ἀλλά

456 3695 720 3766 συνούσης
763 3694 862 3765 τῆς
914 3694 1184 3763 θεότητος,
1241 3691 1315 3764 μὴ
1368 3692 1678 3765 πασχούσης
1728 3692 1785 3747 δὲ
1831 3694 1921 3747 διὰ
1963 3694 2026 3748 :6

455 3787 754 3858 ἀκραιφνὲς
778 3787 872 3840 καὶ
897 3787 1222 3856 ἀσύγκριτον
1257 3786 1357 3855 τῆς
1386 3787 1574 3847 οὐσίας
1594 3802 1609 3815 ο
1646 3785 1945 3856 πάσχοντος
1968 3786 2025 3840 δὲ

456 3878 516 3931 ὲν
543 3878 724 3947 σαρκὶ,
762 3876 856 3930 καὶ
883 3876 1280 3948 θανατουμένου
1315 3879 1371 3930 ἐν
1411 3876 1593 3945 σαρκὶ,
1624 3875 1824 3939 ζῶντος
1856 3876 1912 3929 δὲ
1939 3875 2026 3929 ἀεὶ

455 3971 515 4023 ὲν
547 3969 781 4041 θεότητι.
805 3970 899 4024 καὶ
927 3969 1231 4040 ἐγείροντος
1258 3969 1385 4030 τοὺς
1423 3966 1645 4038 νεκρούς
1668 3985 1683 4000 ·
1717 3966 1810 4020 :06
1841 3967 2027 4038 σώμα-

454 4076 546 4122 τος
591 4064 852 4128 ταφέντος
894 4059 953 4111 ὲν
992 4058 1244 4129 ἀληθείᾳ,
1277 4059 1370 4111 καὶ
1407 4056 1614 4128 ἀψύχου
1647 4058 1927 4127 μείναντος
1963 4057 2026 4110 :6

454 4151 770 4222 τριήμερον,
816 4151 986 4204 ἄπνου
1006 4167 1077 4217 ,τε
1122 4150 1218 4202 καὶ
1264 4150 1541 4221 ἀκινήτου,
1575 4149 1937 4221 ὲνειληθέντος
1966 4149 2023 4202 δὲ

452 4242 543 4297 διὰ
565 4242 662 4313 τῆς
705 4241 954 4304 σινδόνος,
989 4239 1376 4304 κατατεθέντος
1403 4242 1460 4293 ἐν
1491 4240 1567 4310 τῷ
1593 4241 1854 4311 μνήματι,
1897 4258 2025 4309 συγ-

452 4334 791 4398 κλεισθέντος
817 4333 905 4388 διά
948 4332 1043 4387 τοῦ
1071 4332 1242 4395 λίθου,
1285 4333 1379 4387 καὶ
1414 4332 1722 4403 σφραγίδων
1753 4330 2025 4385 ἐπιτεθέν-

448 4442 559 4480 :th
581 4438 597 4455 '
624 4425 745 4495 οὐχὶ
773 4425 871 4495 τῆς
906 4424 1154 4494 θεότητος
1200 4422 1642 4494 συγκλεισθείσης
1670 4422 1802 4495 (80),
1831 4423 1893 4476 οὑ
1924 4422 2024 4494 τῆς

2132 3341 2239 3398 ret,
2270 3332 2365 3389 sed
2414 3333 2689 3403 passionis
2721 3348 2919 3402 expers
2948 3341 3003 3388 et
3032 3331 3385 3387 immutabilis
3428 3341 3693 3387 maneret.

2130 3422 2249 3489 Qua
2278 3424 2337 3478 in
2364 3440 2424 3479 re
2466 3423 2575 3478 duo
2616 3424 2708 3477 illa
2752 3432 3118 3477 consentanea
3150 3422 3455 3476 certissime
3498 3421 3700 3476 intelli-

2132 3526 2336 3584 guntur
2363 3533 2377 3570 :
2404 3522 2464 3570 ut
2489 3522 2544 3569 et
2574 3514 2828 3570 Christus
2858 3529 2959 3583 pro
2986 3512 3143 3568 nobis
3174 3528 3340 3568 carne
3363 3514 3430 3568 sit
3478 3526 3696 3582 passus,

2129 3617 2183 3662 et
2226 3607 2499 3677 passionis
2543 3621 2739 3674 expers
2788 3606 2843 3659 in
2894 3604 3175 3659 divinitate
3210 3611 3545 3673 permaneat.
3577 3601 3697 3657 Non

2130 3697 2276 3767 quod
2308 3696 2544 3751 hominis
2568 3705 2764 3750 natura
2791 3710 2855 3749 ac
2895 3694 3154 3750 divinitas
3179 3704 3442 3765 separatae
3466 3710 3497 3748 a
3523 3710 3581 3750 se
3613 3697 3700 3748 in-

2131 3786 2308 3842 vicem
2331 3786 2631 3852 exsistant;
2663 3800 2852 3839 verum
2877 3784 3094 3838 tametsi
3118 3801 3223 3837 una
3245 3791 3390 3839 esset
3411 3784 3694 3847 divinitas,

2130 3877 2268 3932 nihil
2299 3878 2369 3932 ob
2411 3861 2684 3932 sinceram
2720 3884 2774 3931 et
2814 3877 3293 3945 incomparabilem
3335 3885 3583 3931 naturam
3611 3886 3698 3932 est

2132 3984 2412 4039 perpessa.
2449 3968 2520 4022 At
2549 3968 2802 4023 Christus
2828 3977 2880 4022 et
2909 3968 2962 4021 in
2993 3982 3157 4022 carne
3189 3984 3383 4039 passus
3421 3978 3524 4034 est,
3555 3977 3609 4024 et
3639 3971 3695 4024 iu

2129 4060 2321 4116 eadem
2356 4074 2522 4115 carne
2559 4067 2735 4114 morte
2769 4068 2853 4114 est
2887 4059 3132 4124 allectus,
3162 4075 3283 4113 cum
3312 4059 3528 4114 interim
3558 4060 3699 4114 divi-

2133 4152 2304 4207 nitate
2348 4153 2466 4221 ipsa
2511 4151 2717 4205 viveret
2765 4165 2829 4204 ac
2880 4157 3124 4205 mortuos
3166 4150 3457 4218 excitaret;
3493 4166 3696 4221 corpus

2130 4258 2260 4298 vero
2302 4256 2490 4297 revera
2537 4241 2842 4310 sepultum,
2876 4255 2939 4294 ac
2977 4240 3158 4295 triduo
3194 4240 3375 4294 anima
3415 4255 3610 4296 carens
3640 4251 3697 4297 et

2131 4332 2330 4403 spiritu
2380 4341 2638 4402 motuque
2678 4332 2918 4401 jaceret,
2959 4333 3278 4387 obvolutum
3324 4332 3589 4401 sindone,
3637 4334 3697 4388 in

2130 4425 2525 4480 monimentum
2547 4424 2871 4494 depositum,
2905 4424 3183 4480 occlusum
3218 4423 3415 4495 lapide,
3438 4438 3504 4479 ac
3537 4424 3696 4497 sigil-

522 4581 541 4612 ι
566 4578 754 4635 Matth.
785 4594 868 4644 ιιι,
900 4578 988 4646 I6,
1020 4578 1108 4633 i7.
1182 4576 1431 4633 'Baruch
1482 4593 1562 4644 ιιι,
1596 4576 1684 4632 58.
1762 4577 1783 4611 ³
1812 4576 2006 4634 Matth.
2035 4594 2110 4648 tv,
2137 4579 2164 4633 1
2204 4594 2328 4650 sqq.

523 4731 635 4804 (79)
688 4734 782 4801 Ὧς
828 4732 896 4788 ἐκ

453 4802 633 4876 incurri
664 4804 900 4876 reddidit
922 4802 1105 4861 verbis
1138 4823 1151 4859 :
1183 4805 1636 4869 Quemadmodum
1671 4806 2015 4876 livattgelium

452 4874 627 4945 ipsum
657 4875 883 4928 cwlestis
914 4876 1057 4945 regni
1089 4877 1376 4938 veritatem,
1407 4892 1469 4928 ac
1506 4893 1624 4929 cum
1649 4874 1833 4944 ipsius
1859 4876 2013 4941 Filii,

453 4954 565 4996 tum
593 4942 794 5009 Patris,
821 4961 882 4997 ac
909 4942 1141 5014 Spiritus
1170 4948 1341 4999 sancti
1367 4942 1675 5011 bonitatem,
1705 4946 2017 5000 humanita-

454 5022 657 5077 temque
680 5014 1004 5081 prtvdicavit.
1033 5016 1256 5068 Mutavit
1285 5015 1635 5071 Thomasius.

524 5083 654 5155 (80)_
677 5084 825 5155 Οὐχὶ
866 5083 976 5150 τῆς
1001 5086 1279 5151 θεότητος
1322 5087 1857 5155 συγ-κλεισθείσης,
1906 5094 2016 5141 etc.

453 5150 589 5222 Vide
623 5153 681 5208 S.
710 5150 1073 5222 Augustinum
1104 5150 1260 5208 tract.
1297 5155 1367 5209 47
1390 5150 1443 5207 iii
1468 5153 1752 5215 Joannem,
1780 5150 1837 5210 et.
1872 5158 2016 5209 inter

451 5221 698 5292 ejusdem
742 5221 908 5292 opera
969 5225 1168 5278 librum
1226 5223 1302 5278 De
1354 5225 1559 5279 unitate
1609 5222 1891 5280 Trinitatis
1945 5226 2014 5280 ad

453 5290 709 5361 Optatum
761 5290 882 5361 cap.
942 5294 1028 5353 14,
1076 5309 1139 5346 ac
1181 5292 1241 5347 S.
1303 5293 1566 5350 Joannem
1615 5293 2014 5350 Damascenum

456 5363 547 5416 ίιι).
575 5378 634 5417 ιιι
661 5360 741 5415 De
769 5360 872 5431 ﬁde
896 5363 1212 5427 orthodoxa,
1238 5379 1360 5432 cap.
1389 5362 1680 5418 27.—Fi|ii
1698 5363 1790 5418 Dei
1815 5365 2015 5420 divini-

453 5439 618 5505 tatem
640 5473 655 5497 ,
683 5448 804 5500 quae
844 5434 994 5505 nullo
1025 5433 1237 5505 deliniri
1282 5443 1375 5487 aut
1420 5434 1800 5505 circumscribi
1835 5442 2016 5505 potest

456 5501 597 5563 loco.
632 5518 731 5572 nec
758 5504 1013 5572 sepulcro
1050 5502 1222 5559 fuisse
1250 5506 1567 5572 conclusam
1600 5504 1786 5559 triduo
1818 5501 2010 5560 mortis

450 5571 658 5654 Christi
690 5570 939 5654 Domini,
987 5583 1135 5654 recte
1178 5572 1311 5654 dicit
1356 5570 1713 5654 Epiphanius.
1754 5575 2012 5654 Quando-

494 5642 671 5713 uidem
717 5642 849 5713 vero
881 5643 967 5706 ei,
1016 5643 1109 5713 qui
1157 5659 1221 5697 ex
1269 5641 1526 5698 Ecclesiae
1570 5646 1839 5700 sententia
1886 5659 2009 5699 cum

494 5660 671 5695 maem
717 5660 847 5698 vero
881 5660 967 5706 et,
1016 5660 1109 5713 qui
1157 5660 1221 5697 ex
1269 5660 1526 5698 [scelestae
1570 5660 1839 5700 sententia
1886 5660 2009 5699 cum

453 5660 784 5782 Eatechismo
809 5712 1188 5782 Romano,pag.
1215 5713 1285 5767 52
1306 5714 1571 5781 elegantis
1596 5714 1856 5770 editionis
1882 5713 2011 5767 anni

457 5780 619 5846 1566.
650 5785 941 5839 elaboratae
971 5785 1025 5838 in
1049 5780 1259 5839 rat-dibus
1294 5780 1479 5853 populi
1512 5783 1764 5852 Romani,
1792 5785 2014 5854 proﬁte-

900 4734 1086 4804 ήρυξε
1106 4775 1121 4800 ,
1174 4743 1280 4790 etc.
1327 4734 1579 4791 Petavius
1612 4734 1818 4792 Latinis
1868 4737 2019 4790 hisce
2050 4742 2093 4796 Ι)
2124 4745 2210 4790 tur
2239 4734 2443 4789 Christi
2476 4735 2808 4788 divinitatem
2841 4743 2951 4788 tum
2979 4736 3190 4804 corpori
3220 4736 3273 4789 in
3300 4735 3558 4801 sepulcro,
3579 4744 3693 4790 tum

2124 4807 2317 4859 anima:
2345 4805 2482 4872 apud
2515 4804 2734 4873 inferos,
2759 4805 3091 4874 conjunctam
3116 4822 3316 4873 semper
3341 4805 3525 4868 fuisse,
3549 4806 3691 4860 inter

2124 4883 2322 4929 caetera
2352 4876 2551 4943 opponi
2586 4876 2797 4930 soleant
2843 4884 2897 4928 et
2935 4876 3180 4943 quaedam
3231 4876 3515 4944 Epiphanii
3548 4875 3689 4937 loca,

2165 4945 2281 4998 uasi
2311 4944 2557 4998 docuerit
2604 4945 2841 5013 optimus
2872 4945 2962 4998 ille
3006 4944 3168 4999 Pater
3200 4944 3295 4998 Dei
3324 4944 3559 4998 Verbum
3589 4944 3693 4997 tri—

2165 4962 2281 4998 uasr
2311 4962 2557 4998 uocueru
2604 4962 2841 5013 opumus
2872 4962 2962 4998 nte
3006 4962 3168 4999 rater
3203 4962 3295 4998 uer
3331 4962 3559 4998 vernum
3589 4962 3688 4997 trr-

2124 4962 2235 5069 3.10
2282 5013 2485 5083 illoiita
2519 5029 2739 5068 carnem
2783 5014 3114 5083 deseruisse,
3160 5024 3218 5067 ut
3247 5015 3314 5067 ad
3356 5016 3519 5069 breve
3552 5014 3688 5067 illud

2125 5093 2343 5152 tempus
2367 5082 2680 5138 dissolverit
2711 5084 3078 5138 arctissimam
3114 5085 3368 5137 unionem
3393 5083 3689 5152 illam,qua

2119 5162 2176 5208 et
2215 5154 2525 5223 humanam
2541 5168 2760 5207 carnem
2803 5153 2910 5207 sibi
2953 5156 3007 5207 in
3034 5154 3168 5223 sinu
3209 5153 3447 5223 Virginis
3478 5154 3688 5207 ratione

2115 5224 2379 5294 junxerat
2396 5220 2554 5276 inelia
2564 5224 2658 5294 bili
2683 5242 2697 5276 :
2726 5232 3012 5292 eapropter
3031 5220 3360 5294 Thomasius
3379 5232 3690 5294 opportune

2118 5292 2222 5349 nos
2250 5293 2481 5348 remittit
2525 5292 2593 5345 ad
2637 5293 3001 5361 Augustinum
3027 5305 3080 5347 et
3112 5292 3511 5348 Damasceuum
3535 5331 3551 5353 ,
3591 5293 3685 5361 qui

2119 5365 2343 5427 diserte,
2376 5362 2559 5432 verbis
2594 5360 2821 5432 apertis,
2858 5364 2937 5416 rei
2966 5362 3248 5417 veritatem
3296 5363 3597 5432 declarant.
3623 5360 3690 5413 Et

2116 5435 2209 5489 ille
2237 5434 2388 5504 prior
2422 5430 2647 5504 quidem
2676 5432 3080 5504 animadvertit,
3108 5433 3266 5504 juxta
3303 5434 3427 5504 lidei
3456 5430 3689 5504 Symbo-

2117 5498 2256 5557 lum"
2280 5519 2381 5558 nos
2409 5498 2633 5556 credere
2682 5502 2740 5555 in
2784 5517 2955 5555 unum
2987 5498 3275 5555 Dominum
3312 5498 3693 5556 Jesum'Cliri-

2115 5582 2294 5638 stum,
2344 5587 2455 5626 non
2500 5570 2675 5627 solum
2719 5582 2939 5633 natum,
2986 5571 3139 5626 cruci
3171 5571 3388 5625 allixum
3429 5576 3484 5624 et
3539 5585 3693 5623 mor-

2114 5653 2271 5697 tuum
2291 5683 2306 5707 ,
2339 5644 2433 5697 sed
2461 5651 2516 5695 et
2547 5641 2840 5709 sepultum,
2873 5642 3125 5710 quamvis
3150 5642 3268 5694 sola
3298 5656 3430 5694 caro
3473 5641 3690 5710 sepulta

2115 5712 2239 5777 fuit,
2267 5706 2417 5773 caro,
2451 5706 2695 5779 inqua—tn,
2720 5728 2749 5764 a
2772 5706 3229 5776 qua’discesserat
3250 5711 3453 5763 anima.
3478 5706 3687 5764 Verum

2114 5783 2249 5840 illud
2301 5783 2594 5850 nimirum;
2652 5781 2985 5855 subjungere
3027 5788 3212 5836 tamen
3254 5781 3517 5836 debemus
3550 5794 3687 5836 cum
