4118 6402
400 366 520 425 815

1792 363 1852 424 S.
1895 365 2240 426 ΕΡΙΡΗΔΝΙΙ

3568 374 3674 430 816

411 484 481 538 lis
507 479 878 550 obsignatum.
916 474 1103 548 Neque
1131 491 1260 534 vero
1292 477 1411 549 ipsa
1453 486 1538 535 est
1565 479 1826 536 conclusa
1851 481 1972 537 divi.

2096 489 2348 558 θεότητος
2389 483 2680 558 ταφείσης,
2726 487 3200 560 συγκατελθούσης
3227 488 3282 542 δὲ
3324 491 3389 560 τῇ
3429 489 3576 560 ψυχῇ
3606 491 3674 562 τῇ

413 575 558 628 nitas
589 579 684 626 aut
729 571 962 640 sepulta,
991 570 1087 626 sed
1132 585 1256 625 cum
1284 571 1635 628 sanctissima
1660 572 1780 642 ejus
1813 574 1993 628 anima

411 665 480 719 atl
523 664 728 719 inferos
761 661 1074 728 descendit,
1116 663 1465 734 indidemque
1507 665 1750 735 captivas
1782 667 1994 721 animas

406 756 645 826 eripuit,
688 753 966 810 stimulum
993 753 1186 807 mortis
1217 753 1494 825 infregit‘,
1533 755 1771 811 claustra
1794 765 1844 810 et
1872 756 1994 810 ada-

412 849 686 903 mantinos
716 857 895 902 vectes
955 847 1252 917 perrupit',
1287 847 1586 902 inferorum
1624 850 1842 904 dolores
1891 865 1992 904 sua

417 947 688 1010 potestate
713 939 1029 1002 dissolvit‘,
1065 947 1178 992 tum
1211 954 1318 993 una
1367 956 1490 994 eum
1540 942 1721 996 anima
1765 944 1988 996 emersit

421 1032 488 1086 ad
523 1047 768 1101 superos.
804 1031 936 1097 Qua:
966 1030 1188 1100 quidem
1219 1033 1397 1086 anima
1427 1034 1648 1089 minime
1682 1034 1823 1103 apud
1851 1033 1988 1089 infe-

418 1139 510 1178 ros
540 1124 728 1178 relicta
767 1123 888 1187 fuit,
934 1138 1111 1192 neque
1143 1137 1274 1176 caro
1311 1127 1718 1194 corruptionem
1761 1125 1896 1179 vidit
1928 1126 1982 1190 ‘;

407 1227 572 1283 quam
601 1213 861 1267 divinitas
907 1215 1184 1278 excitavit,
1236 1225 1351 1268 tum
1400 1230 1523 1269 cum
1573 1213 1837 1268 Dominus
1871 1215 1989 1284 ipse

419 1305 562 1360 Deus
601 1319 665 1359 ac
693 1303 932 1359 Verbum
972 1305 1175 1376 Deique
1204 1304 1376 1360 Filius
1410 1321 1531 1358 cum
1563 1306 1744 1358 anima
1783 1313 1836 1358 et
1863 1319 1987 1358 cor-

413 1412 551 1470 pore
574 1405 799 1467 totoque
825 1398 961 1452 adeo
983 1399 1348 1453 instrumento
1371 1400 1611 1455 surrexit
1635 1417 1646 1452 :
1667 1399 1811 1468 quod
1831 1399 1985 1452 dein-

408 1505 540 1560 ceps
571 1491 716 1543 velut
746 1489 800 1542 in
832 1490 1083 1559 spiritum
1124 1489 1440 1554 conflatum,
1471 1504 1695 1558 corpus,
1735 1488 1983 1558 inquam,

410 1581 652 1652 spiritale
682 1581 883 1636 factum
925 1589 1028 1643 est,
1057 1581 1199 1652 quod
1225 1583 1352 1635 olim
1385 1581 1714 1636 contrectari
1741 1588 1982 1650 poterat,

406 1682 483 1736 et,
510 1673 658 1744 quod
689 1673 948 1728 divinitas
983 1675 1101 1744 ipsa
1138 1682 1333 1744 sponte
1366 1675 1479 1727 ﬁeri
1511 1675 1856 1743 permiserat,
1891 1672 1986 1726 ﬁa-

408 1768 521 1838 gris
551 1768 863 1837 expositum
904 1766 1106 1829 fuerat,
1130 1777 1183 1823 et
1211 1767 1426 1822 Satana:
1462 1767 1864 1822 tentationibus
1887 1783 1981 1836 ap-

2097 580 2230 651 ἁγίᾳ
2254 579 2334 642 εἰς
2357 577 2426 631 τὰ
2453 576 2799 648 καταχθόνια,
2832 577 3058 649 ἑλούσης
3078 580 3286 632 ἐκεῖθεν
3311 579 3408 650 τὴν
3437 579 3544 632 τῶν
3573 579 3674 648 ψυο

2095 669 2206 740 χῶν
2236 667 2633 738 αἰχμαλωσίαν,
2671 667 2950 738 κλασάσης
2987 668 3208 740 κέντρον
3241 669 3493 734 θανάτου,
3522 668 3676 740 διαρ-

2097 759 2339 833 ρηξάσης
2362 759 2430 813 τά
2452 759 2679 830 κλεῖθρα
2702 761 2796 814 καὶ
2824 761 2949 822 τοὺς
2974 760 3204 831 μοχλοὺς
3228 762 3354 826 τοὺς
3374 759 3672 832 ἀδαμαντί-

2095 869 2236 916 νους,
2265 850 2356 904 καὶ
2381 851 2622 922 λυσάσης
2645 849 2840 914 ὠδῖνας
2869 850 2997 922 ᾅδου
3023 853 3081 904 ὲν
3115 852 3223 922 ίδίᾳ
3261 851 3497 924 ἐξουσίᾳ,
3520 853 3675 905 ἀνελ-

2095 941 2296 1014 θούσης
2347 943 2442 995 σὺν
2491 944 2556 1012 τῇ
2597 941 2765 1012 ψυχῇ,
2813 941 2888 1013 μὴ
2936 942 3187 1016 ὲαθείσης
3237 945 3335 1014 τῆς
3385 945 3562 1015 ψυχῆς
3593 948 3673 1009 εἰς

2093 1033 2247 1105 ᾅδην,
2290 1032 2426 1104 μηδὲ
2458 1033 2555 1103 τῆς
2596 1034 2796 1103 σαρκὸς
2843 1034 3152 1106 ἐωρακυίας
3192 1034 3507 1106 διαφθορὰν,
3535 1037 3668 1106 ἀνας

2096 1125 2371 1195 στησάσης
2409 1125 2580 1193 αὐτὴν
2617 1124 2717 1193 τῆς
2749 1123 3020 1194 θεότητος,
3053 1123 3087 1194 ἥ
3133 1125 3462 1187 ἀναστάντος
3503 1098 3669 1178 aii-:05

2089 1218 2186 1271 τοῦ
2217 1218 2420 1288 Κυρίου
2446 1216 2582 1270 θεοῦ
2612 1217 2785 1285 Λόγου
2825 1217 2920 1270 καὶ
2960 1215 3088 1269 Υἱοῦ
3115 1215 3249 1269 Θεοῦ
3277 1217 3373 1270 σὺν
3397 1216 3541 1287 ψυχῇ
3576 1233 3670 1268 και

2092 1308 2303 1379 σώματι
2352 1309 2446 1361 καὶ
2491 1307 2656 1361 παντὶ
2691 1307 2767 1377 τῷ
2802 1306 3010 1369 σκεύει,
3053 1300 3443 1370 συνενωθένιέος
3484 1305 3670 1360 λοιπὸν

2088 1398 2182 1451 τοῦ
2217 1399 2444 1462 σκεύους
2479 1400 2556 1460 είς
2581 1397 2823 1468 πνεῦμα·
2861 1399 2992 1451 αὐτὸ
3021 1397 3080 1450 τὸ
3111 1397 3267 1467 σῶμα
3301 1397 3669 1467 πνευματικὸν

2089 1490 2359 1560 ὑπάρξαν,
2386 1490 2444 1543 τὸ
2473 1490 2602 1543 ποτὲ
2642 1491 2752 1560 ἁφῇ
2785 1489 3160 1559 ὑποκείμενον,
3193 1490 3286 1541 καὶ
3323 1488 3538 1559 μάστιξι
3562 1505 3668 1541 πα-

2091 1581 2310 1653 ραδοθὲν
2340 1582 2571 1652 ἑκουσίῳ
2599 1581 2696 1652 τῆς
2737 1580 2986 1652 θεότητος
3027 1579 3313 1650 θελήματι,
3351 1581 3444 1634 καὶ
3472 1579 3668 1651 πειρά-

2088 1675 2304 1739 ζοντος¹
2339 1675 2443 1728 ὑπὸ
2480 1673 2574 1727 τοῦ
2631 1673 2845 1727 Σατανᾶ
2873 1674 3342 1743 συγχωρήσαντος,
3377 1673 3471 1726 καὶ
3503 1673 3668 1742 πείνᾳ.

2087 1766 2508 1837 προσπελάζειν,
2551 1766 2645 1820 καὶ
2690 1765 2842 1836 ὕπνῳ
2871 1765 2966 1819 καὶ⁵
2996 1765 3245 1836 καμάτῳ,
3289 1763 3434 1838 λύπῃ
3465 1781 3524 1816 τε
3571 1766 3666 1817 καὶ

408 1862 640 1932 petitum
695 1875 759 1914 ac
801 1859 952 1923 fami,
984 1875 1198 1922 somno,
1230 1861 1426 1924 labori,
1469 1862 1703 1915 tristitia:
1747 1876 1810 1915 ac
1843 1875 1972 1914 ιιιω-

2083 1860 2369 1931 ἁδημονίᾳ.
2399 1859 2541 1913 Αὐτὸ
2572 1861 2634 1911 τὸ
2673 1857 2834 1928 σῶμα
2874 1856 2936 1910 τὸ
2970 1858 3122 1925 ἅγιον
3155 1856 3448 1909 συνενωθὲν
3479 1856 3667 1909 λοιπὸν

406 1953 517 2006 rori
554 1951 850 2007 obnoxium
889 1969 903 2005 :
936 1950 1070 2006 illud
1106 1952 1285 2023 ipsum
1320 1960 1738 2008 sacrosanctum
1777 1966 1980 2020 corpus

405 2044 664 2114 deinceps
693 2059 816 2098 cum
849 2043 1135 2099 divinitate
1158 2044 1513 2113 conjunctum
1560 2045 1694 2109 fuit;
1724 2061 1845 2115 quae
1866 2060 1983 2114 per-

407 2143 570 2206 petuo
585 2150 708 2190 cum
736 2135 848 2200 illo,
875 2133 1002 2188 dum
1022 2135 1124 2189 ista
1146 2143 1444 2205 pateretur,
1467 2135 1640 2192 fuerat
1665 2138 1981 2205 conjuncta.

501 2286 707 2344 'lCor.
742 2303 828 2351 xv,
867 2287 952 2341 55.
1029 2290 1047 2318 ¹
1074 2286 1217 2343 Psal.
1242 2301 1351 2350 ενι,
1389 2288 1471 2344 l6.
1547 2289 1568 2319 ³
1607 2287 1747 2343 Psal.
1776 2306 1905 2354 xv",
1937 2289 1989 2343 6.

406 2446 781 2509 Damasceno,
806 2444 942 2516 ex»
973 2445 1031 2516 ⁸ἡ
1082 2443 1273 2516 θερτης
1316 2443 1617 2515 ἀχώριστος
1661 2447 1984 2516 ἀμφοτέρων

403 2516 694 2586 διέμεινεν.
757 2513 1080 2586 Aliietiam
1143 2514 1330 2586 Patres
1401 2513 1596 2586 degtua
1662 2513 1803 2586 idem
1869 2513 1984 2570 suis

406 2583 664 2642 astruunt
707 2584 968 2654 scriptis:
1016 2585 1135 2638 loca
1169 2584 1384 2637 illorum
1433 2583 1663 2652 plurima
1707 2584 1982 2654 descripta

406 2655 639 2726 legimus
665 2653 1464 2726 apud’Petavium,capiteil9,
1495 2655 1590 2707 lib.
1618 2669 1692 2726 xu
1725 2653 1794 2707 De
1817 2657 1981 2707 incar-

405 2723 638 2781 ndtione.
662 2723 771 2780 Eos
800 2726 963 2787 inter,
985 2739 1111 2778 cum
1141 2725 1196 2778 in
1229 2724 1500 2792 pluribus,
1522 2734 1634 2776 tum
1670 2725 1722 2777 in
1753 2740 1811 2777 re
1837 2740 1975 2792 pra:-

406 2796 553 2851 senti
580 2835 595 2859 ,
635 2794 856 2849 maximi
891 2793 1021 2848 ﬁant
1069 2802 1285 2859 oportet
1323 2796 1499 2847 sancti
1536 2793 1867 2849 Athanasius
1927 2806 1979 2848 et

405 2862 702 2937 Gregorius
735 2862 1151 2937 Eyssenus;__l_li
1182 2863 1343 2937 _en_im
1396 2863 1684 2937 pugnando
1716 2864 1977 2937 adversus

409 2930 566 2999 illos,
595 2935 688 3004 qui
714 2930 984 3004 vivificam
1020 2930 1140 3004 Filii
1181 2931 1275 2986 Dei
1313 2930 1743 3004 incarnationem
1776 2934 1978 2987 labefa-

407 3003 802 3074 ctantesimpie
830 3003 1150 3058 eﬁutiebant
1173 3018 1392 3074 carnem
1426 3003 1596 3074 fuisse
1625 3003 1676 3056 in
1702 3018 1762 3056 ea
1790 3019 1976 3057 susce-

407 3083 578 3144 ptam,
609 3070 735 3129 non'
764 3073 1022 3137 animam,
1053 3074 1211 3136 cujus
1257 3073 1406 3127 vices
1448 3070 1564 3141 ipsa
1596 3074 1976 3144 teneretrdivi-

409 3141 575 3208 initas,
621 3144 913 3198 falsitatem
946 3144 1258 3196 convellunt
1288 3144 1434 3212 quod
1467 3143 1736 3197 demortui
1771 3141 1971 3197 Christi

409 3229 610 3284 corpus
639 3213 1156 3284 divinitatirunitum
1180 3213 1363 3266 triduo
1384 3213 1660 3284 manserit
1704 3215 1758 3266 in
1788 3215 1973 3281 sepul-

409 3283 536 3351 cro’;
579 3300 644 3338 ex
675 3298 784 3353 quo
824 3283 1026 3353 optime
1059 3283 1648 3353 deducuntChristum
1699 3287 1993 3336 mortuum‘

408 3354 519 3409 dici
553 3370 660 3408 non
690 3352 955 3424 potuisse,
987 3352 1033 3407 si
1059 3353 1298 3406 hominis
1341 3352 1620 3424 habuisset
1652 3353 1821 3424 solam
1853 3367 1978 3424 car-

408 3434 552 3487 nem,
579 3421 950 3478 non‘animam
982 3438 996 3474 :
1033 3436 1182 3475 mors
1213 3436 1378 3487 porro
1411 3422 1693 3475 avulsione
1724 3421 1783 3473 ﬁt
1815 3422 1975 3476 unius

410 3493 480 3547 ab
529 3494 721 3548 altero.
779 3491 844 3544 Et
898 3492 972 3544 ita
1027 3491 1104 3545 illi
1159 3490 1507 3546 adversarios
1555 3490 1973 3559 defatigabant:

409 3562 610 3616 nullam
645 3563 755 3618 illis
783 3561 1175 3616 excitavissent
1224 3561 1552 3621 molestiam.
1594 3560 1641 3614 si
1697 3561 1972 3625 omnibus,

409 3632 544 3703 ipsis
579 3633 744 3686 etiam
771 3671 786 3695 ,
826 3631 918 3699 qui
951 3629 1372 3703 impetebantur,
1410 3629 1758 3703 adversariis,
1795 3631 1976 3698 explo-

407 3698 586 3755 ratum
617 3698 937 3768 certumque
968 3698 1075 3753 non
1113 3698 1304 3755 fuisset
1332 3700 1386 3752 in
1413 3699 1617 3754 Christi
1646 3708 1841 3765 morte,
1873 3715 1974 3754 nec

407 3785 442 3826 a
481 3786 711 3841 corpore
743 3770 891 3841 illius
935 3769 1257 3824 discessisse
1287 3769 1625 3841 divinitatem
1665 3787 1678 3841 :_
1712 3785 1822 3841 non
1861 3768 1967 3824 dis-

408 3837 798 3911 cessit'igitur.
826 3837 966 3911 Sunt
994 3846 1200 3911 tamen,
1234 3854 1336 3893 nec
1368 3840 1550 3907 pauci,
1590 3839 1682 3911 qu_i
1739 3839 1823 3911 his
1848 3853 1971 3894 cre-

406 3911 545 3965 dunt
594 3906 870 3965 contraire
913 3907 1272 3978 Epiphanium
1317 3906 1970 3963 nostrum.'Testimonia

407 3981 556 4036 illius
603 3980 836 4035 afferunt
881 3987 994 4032 tum
1042 3994 1105 4032 ex
1148 3994 1300 4032 num.
1339 3980 1375 4031 2
1410 3980 1678 4033 haereseos
1717 3978 1808 4040 20,
1856 3987 1970 4032 tum

407 4049 475 4107 de
499 4051 691 4106 haeresi
715 4049 804 4112 69,
837 4063 986 4102 num.
1016 4047 1104 4112 62,
1138 4048 1340 4118 quibus
1371 4049 1494 4103 addi
1531 4057 1707 4118 potest
1737 4057 1791 4102 et
1817 4049 1969 4118 locus

407 4121 498 4175 ille
532 4119 1048 4187 Ἀνακεφαλαίωσις,
1081 4121 1173 4188 qui
1205 4117 1441 4173 refertur
1467 4117 1542 4170 ad
1576 4118 1822 4188 hairesim
1868 4117 1972 4169 Pa-

407 4191 544 4269 μοι·ίὶ
569 4189 832 4269 ΞΟ.ΛΑΙιει“
850 4187 1111 4269 ρῇιιξρθιῐι
1132 4188 1624 4269 Ἀνακεφαλαίωσις
1640 4187 1835 4269 itidem
1860 4203 1968 4241 non

407 4261 567 4338 longe
589 4259 773 4338 a_ﬁne,
808 4255 903 4312 ubi
924 4258 1038 4338 illa‘
1049 4255 1374 4338 repetuntur
1399 4274 1519 4338 qua:
1545 4259 1599 4311 in
1631 4255 1784 4310 Fidei
1801 4272 1967 4338 expo-

407 4327 598 4384 titione
626 4330 877 4384 lettuntur
907 4327 974 4382 de
1000 4327 1203 4382 Christi
1236 4327 1497 4383 morteiet
1543 4328 1961 4382 resurrectione.

407 4396 608 4454 Verum
665 4395 742 4452 illi
789 4396 988 4468 oppido
1033 4395 1316 4468 falluntur.
1363 4397 1604 4452 Primum
1651 4397 1964 4465 inspicieuti

408 4468 779 4546 testimonium
828 4465 1118 4546 apparebit
1167 4465 1556 4546 Epiphaniiﬁin
1590 4482 1669 4546 _eo
1734 4481 1958 4546 εξορμιιι

2085 1949 2318 2021 θεότητι,
2359 1950 2782 2019 ἀπαραλείπτως
2827 1948 2928 2018 τῆς
2978 1948 3232 2018 θεότητος
3280 1947 3665 2019 συνηνωμένης

2085 2043 2160 2113 τῷ
2184 2043 2251 2095 τὰ
2272 2042 2496 2095 τοιαῦτα
2521 2041 2812 2094 πεπονθότι
2843 2041 2985 2111 άγίῳ
3010 2039 3245 2110 σώματι.
3284 2040 3504 2112 ’Δνέστη
3553 2040 3664 2112 γὰρ

2086 2134 2178 2188 καὶ
2213 2136 2518 2204 συνήνωσεν
2568 2133 2701 2186 αὐτὸ
2743 2134 2822 2196 εἰς
2852 2132 3064 2198 ἑαυτὸν,
3098 2135 3177 2196 εἰς
3220 2131 3278 2184 ἓν
3305 2131 3545 2202 πνεῦμα,
3584 2134 3666 2196 εις

2069 2292 2089 2320 ³
2113 2289 2256 2343 Psal.
2289 2306 2378 2355 xv,
2418 2290 2522 2353 l5;
2566 2290 2684 2343 Act.
2721 2305 2779 2352 ll,
2811 2289 2898 2342 27.
2977 2291 2997 2321 ⁵
3024 2288 3083 2344 F.
3111 2290 3488 2363 πειράζεσθαι.

2093 2461 2201 2514 qua
2245 2446 2446 2518 anima,
2484 2445 2572 2499 cui
2605 2445 2807 2518 sociata
2838 2455 2957 2501 erat
2986 2447 3266 2510 divinitas,
3297 2449 3514 2518 corpori
3559 2448 3663 2502 ite-

2094 2524 2331 2587 rum__est
2353 2515 2540 2587 juncta
2575 2531 2588 2566 :
2631 2519 2712 2587 de
2749 2516 2839 2569 illa
2886 2531 3007 2586 quae
3051 2519 3268 2587 corpori
3313 2515 3554 2572 donabat
3593 2534 3665 2573 ne

2093 2585 2328 2653 amplius
2358 2585 2428 2639 ab
2452 2585 2632 2638 anima
2665 2585 3087 2656 dissociaretnr:
3130 2585 3198 2641 ne
3241 2592 3399 2642 morti
3435 2590 3664 2656 insuper

2091 2656 2320 2724 aliisque
2353 2656 2673 2710 miserrimis
2710 2655 2961 2711 humana:
2995 2656 3328 2712 conditionis
3377 2655 3660 2712 vicissitu-

2089 2724 2310 2780 dinibus
2334 2733 2479 2780 esset
2517 2725 2834 2779 obnoxium.
2885 2726 2949 2780 Et
2975 2741 3163 2782 revera
3192 2725 3352 2781 dietis
3379 2735 3506 2782 ante
3533 2743 3659 2782 ver-

2087 2795 2170 2867 bis
2203 2794 2491 2867 subdidit,
2524 2795 2719 2864 μηκέτι
2747 2794 3024 2867 λυάμενον,
3063 2797 3262 2866 μηκέτι
3289 2797 3515 2864 πάσχον,
3549 2815 3661 2867 μη-

2085 2864 2202 2916 κέτι
2237 2865 2343 2936 ἀπὸ
2367 2862 3025 2936 θανάτου-κυριευὸμενον.
3049 2862 3110 2920 Ῐη
3127 2862 3308 2920 altero
3338 2862 3658 2924 testimonio

2082 2935 2304 3002 exponit
2352 2934 2408 2987 S.
2439 2933 2795 3003 Epiphanius
2833 2933 2932 2989 cur
2975 2937 3229 2991 Christus
3274 2939 3326 2989 in
3368 2951 3534 2990 cruce
3575 2940 3659 2990 in-

2083 3002 2748 3076 clama_verit:Deits_,‘l_)eus
2776 3022 2942 3067 meus,
2971 3022 3134 3075 quare
3175 3022 3254 3059 me
3275 3006 3604 3076 dereliquisti
3629 3011 3658 3063 ?

2082 3071 2293 3144 (Matth.
2335 3089 2506 3144 xxvii,
2533 3073 2646 3127 46.)
2670 3073 2954 3128 Praamittit
2974 3071 3180 3144 prolata
3201 3090 3264 3129 ea
3289 3071 3464 3130 verba
3485 3077 3659 3131 fuisse

2081 3143 2152 3198 ab
2181 3143 2419 3196 humana
2447 3143 2592 3197 illius
2627 3152 2820 3197 natura
2842 3185 2855 3207 ,
2908 3143 2985 3199 eti
3009 3146 3247 3200 humano
3278 3145 3499 3206 affectu.
3542 3148 3654 3199 ἀπὸ

2079 3211 2519 3294 προσώπουητῆς
2566 3212 2755 3294 αὐτου-
2779 3214 3264 3294 ὲνανθρωπήσεως-
3287 3213 3654 3294 ἀνθρωποπα-

2078 3281 2185 3345 θῶς
2212 3281 2570 3354 προϐάλλεται
2604 3282 2663 3334 τὸ
2695 3283 2864 3354 ῥῆμα,
2903 3281 3009 3337 ιιὸιι
3046 3281 3109 3354 ea
3137 3284 3354 3354 quidem
3389 3281 3433 3354 ἐκ
3458 3285 3656 3338 divini-

2077 3359 2188 3405 tate
2222 3349 2488 3421 sejuncta,
2515 3351 2578 3421 οὐ
2607 3349 2729 3404 κατ’
2751 3349 2900 3405 ’ἰδίαν
2923 3370 3008 3415 τις
3040 3349 3196 3418 οὖσά,
3234 3353 3328 3409 sed
3360 3353 3436 3406 illi
3472 3357 3652 3421 unita,

2076 3421 2211 3494 ἀλλὰ
2243 3420 2626 3494 συνηνωμένης
2658 3422 2756 3494 τῆς
2779 3423 3273 3494 ’ὲνανθρωπήσεωςί
3295 3425 3360 3492 τῇ
3393 3420 3649 3493 θεότητρ

2074 3501 2128 3545 et
2156 3491 2231 3544 ita
2266 3490 2416 3545 unita
2455 3490 2525 3562 ut
2571 3490 3229 3562 perfectissimaiquae'que
3264 3490 3411 3546 in'ea
3442 3490 3653 3562 cogno-

2075 3570 2301 3632 sceret,
2319 3562 2410 3614 καὶ
2436 3559 2534 3630 ἤδη
2567 3561 2624 3612 ὲν
2652 3560 2786 3630 αὐτῇ
2813 3560 2880 3613 τὰ
2906 3559 3219 3615 τελειότατα
3243 3559 3646 3632 ἐπισταμένης.

2075 3628 2222 3702 Inter
2248 3630 2340 3684 illa
2366 3628 2495 3684 vero
2529 3645 2647 3697 quae
2675 3628 3058 3702 cognoscebat,
3095 3632 3316 3702 videbat
3348 3628 3524 3702 ipsam
3557 3628 3644 3686 di-

2073 3701 2352 3754 vinitatem
2403 3714 2511 3754 una
2562 3715 2687 3753 cum
2734 3701 2912 3752 anima
2961 3701 3014 3753 in
3065 3701 3350 3770 procinctu
3401 3702 3647 3770 quodam

2072 3783 2214 3832 esse,
2272 3777 2332 3822 ut
2389 3776 2636 3824 sanctum
2687 3783 2888 3836 corpus
2940 3771 3292 3838 relinqueret.
3348 3770 3429 3824 En
3481 3781 3648 3826 motae

2072 3839 2405 3913 difﬁcultatis
2438 3841 2700 3913 occasio:
2731 3838 2915 3913 ὁρῶσα
2939 3839 3040 3913 ἥβη
3071 3840 3169 3913 τὴν
3194 3839 3424 3913 θεότητα
3451 3841 3548 3913 συν
3573 3845 3643 3913 τῇ

2072 3855 2405 3894 atuicultaus
2438 3855 2655 3893 occasro
2689 3856 2700 3890 :
2731 3855 2915 3960 ορωσα
2939 3855 3040 3909 ηοη
3071 3855 3169 3910 την
3194 3855 3424 3910 υεοτητα
3451 3857 3548 3894 συν
3573 3855 3643 3913 τῃ

2069 3908 2212 4031 mox?)
2246 3909 2568 3979 κινουμένην
2599 3909 2690 3960 ἐπὶ
2730 3923 2758 3959 τ
2833 3909 3155 3978 καταλεῖψαι
3180 3909 3241 3961 τὸ
3271 3909 3424 3978 ἅγιον
3456 3910 3643 3980 σῶμα.

2120 3995 2198 4031 aee
2245 3978 2607 4031 Epiphanius.
2641 3991 2762 4031 aute
2799 3978 3134 4031 accipiamus
3165 3988 3379 4031 onortet
3423 3995 3532 4031 non
3571 3981 3643 4031 de

2120 3978 2209 4032 asc
2245 3978 2607 4048 Epiphanius,
2641 3991 2762 4047 quae
2799 3978 3134 4047 accipiamus
3165 3988 3379 4048 oportet
3423 3978 3645 4035 non—de

2071 4048 2421 4118 derelictione
2467 4057 2874 4118 natura:,_non
2905 4049 3346 4118 deseparatione
3393 4064 3644 4118 personae

2069 4117 2268 4172 divina:
2302 4132 2583 4186 [corpore
2605 4157 2619 4183 ,
2651 4115 2744 4171 sed
2771 4115 3127 4186 protectioriis
3158 4125 3368 4171 tantum
3394 4115 3453 4172 ct
3480 4121 3641 4172 auxi-

2070 4187 2148 4241 lii.
2200 4186 2291 4242 Dci
2335 4184 2507 4242 Filias
2548 4187 2602 4239 in
2651 4184 2825 4256 morte
2855 4185 3055 4240 Christi
3113 4203 3314 4256 corpus
3344 4188 3641 4256 dereliquit

2069 4258 2216 4312 illius
2285 4257 2461 4326 ipsum
2509 4255 2868 4324 permittendo
2916 4257 3110 4310 mortis
3156 4255 3444 4324 potestati,
3507 4255 3642 4312 sub-

2072 4327 2335 4380 tractione
2373 4326 2777 4388 beneﬁciorum,
2827 4340 2934 4377 non
2979 4326 3349 4380 abstractione
3400 4333 3636 4390 naturae,

2069 4403 2163 4449 aut
2192 4395 2408 4450 unionis
2437 4392 2931 4465 separationeJlac
2958 4395 3169 4448 ratione
3198 4411 3274 4465 _xn
3307 4397 3638 4451 decurrente

2069 4467 2288 4528 saeculo,
2323 4462 2520 4518 similia
2551 4463 2852 4532 Epiphanio
2879 4462 3148 4518 dicentem
3191 4463 3250 4518 S.
3281 4465 3635 4519 Ambrosium

408 4539 579 4594 fuisse
615 4527 979 4594 declarare-in
1009 4527 1410 4591 resurreciione
1451 4537 1729 4592 Dominica
1753 4527 1958 4590 Christi
1992 4527 2039 4586 D
2065 4535 2158 4589 lib.
2208 4552 2237 4588 x
2289 4535 2527 4602 Exposit.
2572 4527 2627 4585 iit
2653 4527 2886 4593 'Lucam,
2918 4548 3066 4587 num.
3101 4533 3226 4596 127,
3258 4543 3312 4588 et
3345 4542 3635 4588 auctorem

407 4623 608 4678 corpus
659 4607 904 4678 induisse
937 4605 1399 4678 immortalitatem
1449 4617 1619 4678 atque
1651 4607 1958 4678 immunita:

406 4673 524 4732 teni
559 4693 591 4732 a
619 4676 810 4747 quavis
843 4676 1093 4747 humana:
1137 4676 1473 4747 infirmitatis
1516 4673 1786 4730 intolestia.
1826 4673 1962 4747 lllud

405 4755 469 4802 ut
501 4744 731 4811 astruat,
760 4746 836 4798 ait
873 4744 1150 4814 Christum
1201 4745 1374 4800 fuisse
1399 4747 1740 4806 cruciﬁxum,
1778 4746 1962 4814 sepul-

405 4828 543 4882 tum,
575 4817 642 4872 ad
669 4815 873 4869 inferos
902 4813 1250 4868 descendisse
1285 4837 1296 4869 :
1334 4815 1681 4870 descendisse
1707 4813 1960 4867 nimii-um

406 4887 681 4948 animam,
734 4885 825 4940 cui
873 4891 989 4938 erat
1039 4883 1296 4938 divinitas
1354 4886 1542 4951 unita;
1597 4884 1962 4940 resurrexisse

405 4955 543 5024 dein,
571 4955 730 5010 tertia
774 4955 862 5024 die
889 4967 997 5007 una
1035 4968 1160 5024 cum
1199 4961 1388 5008 sancto
1431 4971 1530 5010 suo
1562 4969 1823 5024 corpore,
1865 4955 1961 5006 σὺν

404 5023 555 5095 αὐτῷ
583 5025 724 5094 ἁγίῳ
758 5022 1009 5095 σώματι.-
1035 5023 1104 5078 At
1123 5037 1254 5095 __cur
1287 5035 1534 5095 sanctum
1575 5022 1675 5095 hie
1707 5030 1833 5095 ante
1870 5038 1958 5076 re-

406 5092 803 5150 surrectionem
839 5092 1074 5164 appellat
1111 5093 1314 5164 Christi
1338 5109 1592 5164 Acorpus,
1625 5093 1668 5149 si
1708 5094 1812 5162 ipsi
1852 5108 1958 5147 non

404 5165 582 5220 credit
619 5161 1285 5234 junctam_divinitatem?
1331 5161 1612 5218 Sed'illud
1674 5161 1952 5234 prtetereo.

405 5229 697 5306 Subjurn'git
742 5233 888 5306 illico
940 5229 1309 5302 Epiphanius,
1360 5229 1758 5306 συνενώσας“τὺ
1801 5232 1959 5306 σῶμα

401 5309 470 5376 τῇ
499 5301 734 5376 θεότῆτι.
763 5301 888 5376 [date
911 5301 1080 5376 sunt,
1114 5317 1235 5376 qua;
1273 5305 1546 5376 negotium
1579 5303 1846 5376 facessere
1885 5302 1960 5353 vi-

401 5371 838 5438 déntur,'verba
867 5389 879 5425 :
911 5371 1136 5440 in_illis,
1185 5371 1233 5425 si
1283 5371 1541 5427 dictionis
1576 5373 1681 5424 vim
1721 5380 1952 5440 spectes,

400 5444 664 5500 denotant
697 5445 941 5511 profecto
966 5438 1252 5511 Christum
1284 5441 1532 5507 junxisse
1576 5438 1777 5510 corpus
1811 5439 1953 5511 divi-

403 5514 598 5579 nitati;
651 5508 964 5582 sejunxerat
1023 5525 1170 5564 mors
1230 5508 1500 5564 fortasse?
1555 5508 1692 5582 nihil
1750 5510 1949 5562 minus.

400 5582 570 5638 Paulo
599 5581 723 5636 ante
748 5589 1018 5634 mortuum
1054 5594 1253 5649 corpus
1292 5588 1540 5634 sanctum
1579 5581 1826 5643 dixerat;
1855 5593 1954 5631 nec

403 5654 555 5706 ullibi
601 5660 786 5720 aperte
828 5651 903 5702 ait
943 5663 1143 5720 corpus
1168 5718 1179 5720 _
1204 5649 1258 5701 in
1301 5650 1555 5720 sepulcro
1601 5665 1630 5700 a
1672 5649 1952 5720 divinitate

2069 4605 2348 4659 Tractatus
2374 4601 2443 4656 in
2473 4601 2781 4671 Symbolum
2812 4601 3192 4669 apostolorum,
3235 4604 3349 4656 sive
3387 4602 3464 4655 De
3505 4603 3634 4656 Tri-

2066 4676 2249 4736 nitate,
2277 4687 2436 4742 quem
2456 4671 2834 4742 Ambrosium
2857 4672 3139 4742 eumdem,
3151 4687 3274 4726 esse
3309 4672 3631 4742 credebant,

2063 4738 2407 4813 explicarunt
2455 4741 2607 4813 Hugo
2661 4738 3079 4813 Victorinuset
3113 4740 3308 4796 Petrus
3359 4741 3635 4795 Lombaw

2063 4808 2187 4872 dus.
2217 4813 2303 4865 ille
2339 4813 2429 4864 lib.
2473 4827 2509 4865 ιι
2548 4808 2634 4862 ‘De
2659 4825 2888 4879 sacram.
2930 4808 3082 4879 Fid.,
3128 4819 3272 4878 part.
3304 4827 3343 4874 I,
3380 4826 3502 4879 cap.
3539 4813 3628 4872 l0.

2067 4882 2158 4936 fol.
2193 4883 2318 4943 575,
2365 4879 2495 4935 edit.
2529 4879 2702 4931 Paris.
2734 4878 2861 4932 anni
2899 4878 3066 4944 1526;
3110 4879 3199 4932 hic
3244 4896 3373 4934 vero
3405 4878 3633 4934 senten-

2063 4955 2259 5005 tiarum
2312 4951 2404 5004 lib.
2449 4965 2541 5012 ιιι,
2585 4948 2714 5002 dist.
2765 4947 2854 4999 ‘21.
2901 4946 3099 5002 Eadem
3142 4949 3356 5004 ratione
3389 4949 3630 5005 Maurini

2060 5023 2299 5077 editores
2328 5020 2563 5087 Operum
2590 5017 2646 5070 S.
2676 5015 3136 5088 Hilarii,_Pr:~efat.
3174 5017 3229 5088 in
3262 5018 3442 5088 Opera
3473 5019 3629 5088 ejus-

2059 5093 2181 5145 dem
2225 5085 2400 5143 Patris
2439 5088 2466 5159 ᾗ
2507 5091 2586 5159 4.⁸
2620 5088 2796 5159 ipsum
2824 5085 3121 5159 defendunt
3149 5085 3352 5159 similia
3385 5085 3628 5159 aien'tem

2059 5175 2179 5229 cap.
2213 5161 2315 5222 55,
2361 5155 2512 5212 ηυῐιι.
2559 5156 2612 5221 6,
2633 5155 2932 5229 Comment.
2971 5157 3022 5207 in
3052 5155 3385 5229 Matt/neum:
3419 5157 3628 5213 Eadem

2059 5225 2269 5284 ratione
2313 5241 2552 5298 nuperus
2593 5239 2694 5298 nec
2741 5225 3015 5298 inelegans
3061 5229 3299 5298 scriptor
3351 5226 3630 5282 Disserta-

2058 5301 2205 5353 tione
2265 5294 2912 5368 peeul_iari,__Leporium
2966 5294 3084 5368 jam
3137 5294 3274 5352 satis
3326 5305 3628 5366 purgatum

2059 5371 2116 5422 ὃ.
2143 5363 2430 5437 Augustini
2457 5373 2515 5437 et
2528 5365 2760 5437 aliorum
2788 5363 2988 5437 Africae
2999 5363 3387 5437 episcoporum
3416 5363 3625 5436 appro-

2055 5431 2297 5503 bation‘e,
2327 5434 2584 5496 defendit,
2616 5432 2756 5503 quod
2783 5436 2834 5484 in
2868 5431 3048 5486 libello
3074 5431 3627 5493 suat—emendationis

2055 5507 2110 5560 in
2148 5508 2335 5561 eadem
2370 5506 2517 5559 visus
2550 5505 2619 5556 sit
2653 5503 3179 5574 haa_sis§e_opinione.
3223 5503 3368 5570 Quid
3405 5507 3622 5574 igitur!

2054 5592 2162 5631 non
2211 5574 2390 5630 licebit
2437 5575 2592 5627 nobis
2628 5580 2682 5626 et
2717 5570 2774 5625 S.
2804 5569 3186 5640 Epiphanium,
3236 5569 3324 5627 eui
3382 5569 3630 5631 maxime

2055 5647 2355 5716 studemus,
2385 5643 2572 5716 eadem
2607 5642 2845 5716 ratione,
2884 5643 3152 5716 eodem‘et
3179 5644 3344 5699 modo
3372 5647 3442 5700 ab
3471 5646 3629 5716 ejus-

401 5720 574 5788 fuisse
601 5711 955 5788 disjunctum.
991 5711 1219 5788 Quando
1257 5711 1442 5788 autem
1471 5719 1720 5786 junxisse
1749 5721 1843 5778 ait,
1884 5717 1952 5770 de
2051 5715 2172 5772 dem
2203 5715 2428 5769 macula:
2453 5712 2805 5780 imputatione
2827 5711 3102 5780 purgare?

401 5787 496 5848 ιιιι
532 5785 915 5858 conjunctione
960 5787 1206 5856 accipere
1257 5785 1614 5857 Epiphaniqu
1667 5787 1946 5851 debemus,
