4118 6402
438 397 550 460 857

971 393 1343 450 ADVERSUS
1381 392 1724 450 IIZERESES
1761 393 1888 448 LIB.
1935 394 2026 452 Ill;
2064 395 2227 452 TOM.
2270 396 2333 452 ll.
2370 428 2440 438 ——
2479 393 2845 452 EXPOSITIO
2884 393 3082 449 FIDEI.

3617 391 3749 449 sis;

439 513 570 585 μίαν
609 513 856 584 ἑνότητα,
893 514 971 576 εἰς
1004 513 1131 581 μίαν
1165 512 1491 580 δοξολογίαν,
1522 514 1603 577 είς
1649 513 1778 584 μίαν
1821 513 2022 584 ἑαυτὴν

2130 514 2378 571 Surrexit
2413 518 2581 578 enim,
2634 515 2927 586 ipsumque
2957 527 3160 583 corpus
3194 511 3408 582 1100
3448 510 3505 565 in
3548 526 3749 565 unum:

435 605 688 675 θεότητα.
718 605 936 674 Πέφηνε
968 606 1065 675 μὲν
1089 605 1198 676 γὰρ
1227 607 1284 658 ὲν
1306 605 1553 677 ἀληθείᾳ,
1581 607 1674 659 καί⁵
1698 605 2024 679 ὲψηλαφήθη

438 699 540 752 ὑπὸ
590 699 682 752 τοῦ
728 700 920 769 Θωμᾶ,
955 700 1050 751 καὶ
1085 701 1199 762 τοῖς
1244 699 1565 763 ἀποστόλοις
1614 699 1884 768 συνέφαγε
1933 699 2028 753 καὶ

438 791 682 855 συνέπιε,
732 791 825 845 καὶ
857 789 1186 861 συνηυλίσθη
1236 790 1351 861 μετ’
1385 790 1566 844 αὐτῶν
1607 790 1720 859 (81)
1750 790 2028 860 τεσσαρά-

436 899 602 938 κοντα
619 883 725 954 ήμέ
734 899 831 955 ρας
847 881 943 935 καὶ
957 881 1362 953 τεσσαράκοντα
1378 883 1599 944 νύκτας.
1630 881 1792 934 Ἀλλὰ
1811 880 2028 952 εἰσῆλθε

438 975 620 1047 θυρῶν
643 973 1069 1045 κεκλεισμένων,
1106 974 1202 1027 καὶ
1245 973 1384 1043 μετά
1409 971 1470 1026 τὸ
1496 972 1760 1026 εἰσελθεῖν
1786 971 2027 1026 ἐδείκνυε

437 1069 607 1140 νεῦρα
647 1068 743 1122 καὶ
785 1068 944 1133 ὀστᾶ,
977 1065 1148 1120 τύπον
1171 1066 1316 1136 ἥλων
1351 1067 1444 1120 καὶ
1488 1067 1652 1120 τόπον
1697 1065 1918 1136 λόγχης,
1946 1065 2029 1118 ὅτι

436 1160 571 1213 αὐτὸ
598 1154 668 1230 ἦν
693 1158 946 1230 ἀληθινὸν
977 1157 1039 1212 τὸ
1065 1155 1244 1228 σῶμα.
1274 1157 1397 1212 Ὅτι
1425 1159 1482 1212 δὲ
1515 1157 1762 1232 συνήφθη
1788 1161 1870 1222 εἰς
1898 1158 2028 1230 μίαν

437 1252 664 1324 ἑνότητα
708 1252 802 1305 καὶ
853 1250 982 1322 μίαν
1016 1250 1266 1320 θεότητα,
1303 1252 1502 1323 μηκέτι
1555 1250 1874 1323 προσδοκῶν
1924 1267 2029 1303 πα-

439 1345 577 1410 θεῖν,
623 1344 817 1415 μηκέτι
843 1341 1211 1414 ἀποθνῆσκον,
1241 1340 1317 1406 ὥς
1345 1361 1508 1415 φησιν
1533 1345 1561 1395 ό
1583 1343 1736 1412 ἅγιος
1781 1342 2030 1396 Ἀπὸστο-

437 1437 556 1501 λος·
602 1435 853 1504 Ἀνέστη
881 1436 1155 1504 Χριστὸς.
1191 1435 1392 1489 οὐκέτι
1419 1435 1816 1501 ἀποθνήσκει,
1849 1434 2029 1490 θάνα-

435 1548 542 1596 τος
577 1527 766 1584 αὑτοῦ
803 1531 1007 1584 οὐκέτι
1035 1529 1313 1598 κυριεύει.
1351 1529 1424 1582 Τὸ
1449 1530 1689 1598 παθητὸν
1712 1528 1920 1591 ἀπαθὲς
1942 1529 2030 1582 ἀεὶ

439 1622 622 1692 μένον,
650 1621 711 1674 τὸ
751 1620 932 1674 θεῖκδν
962 1620 1059 1674 σὺν
1087 1619 1302 1692 σώματι
1343 1621 1439 1674 καὶ
1473 1620 1618 1692 ψυχῇ
1652 1619 1747 1673 καὶ
1787 1619 1939 1692 πάσῃ
1960 1621 2027 1690 τῇ

437 1713 872 1786 ὲνανθρωπήσει,
907 1712 1160 1776 αύτόθεος
1188 1711 1285 1768 ῶν.
1325 1711 1612 1768 Ἇνελθὼν
1644 1714 1701 1767 δὲ
1740 1715 1828 1778 εἱς
1853 1714 2030 1779 οὐρα-

436 1807 606 1874 νοὺς,
633 1805 916 1863 ἐκάθισεν
943 1806 1014 1861 ἐν
1043 1805 1213 1874 δεξιᾷ
1236 1807 1347 1861 τοῦ
1371 1806 1602 1875 Πατρὸς
1627 1807 1696 1860 ἑν
1726 1806 1897 1875 δόξῃ,
1928 1807 2028 1861 οὐκ

435 1897 775 1969 ἀποθέμενος
799 1897 860 1951 τὸ
893 1897 1074 1967 σῶμα,
1115 1896 1252 1950 ἀλλά
1284 1896 1589 1960 συνενώσας
1619 1899 1700 1960 εἰς
1730 1914 2030 1968 πνευματι-

436 1989 534 2050 κδν
575 1992 635 2044 ὲν
675 1991 974 2061 τελειότητι
1011 1991 1141 2062 μιᾶς
1176 1990 1462 2060 θεότητος·
1504 1989 1582 2052 ὡς
1622 1989 1717 2043 καὶ
1757 1989 1824 2042 τά
1867 1984 2026 2060 ἡμῶν

437 2081 668 2154 σώματα
699 2080 882 2152 μέλλει
923 2080 990 2134 τὰ
1040 2081 1135 2135 νῦν
1169 2081 1506 2152 σπειρόμενα
1533 2079 1781 2150 ψυχικῶς
1814 2080 2028 2151 ἐγείρε-

439 2170 566 2228 ἁθαι
615 2172 1006 2244 πνευματικῶς
1040 2189 1053 2199 ⁵
1108 2171 1177 2226 τά
1215 2171 1311 2226 νῦν
1372 2171 1705 2243 σπειρόμενα
1736 2172 1795 2224 ὲν
1824 2170 2022 2243 φθορᾷ,

435 2266 745 2340 ἐγείρεσθαι
781 2268 839 2321 ἐν
881 2266 1196 2338 ἀφθαρσίᾳ·
1229 2265 1299 2318 τὰ
1333 2265 1428 2318 νῦν
1466 2265 1799 2336 σπειρόμενα
1829 2266 1902 2318 ’ὲν
1932 2263 2028 2317 θα-

436 2361 606 2432 νάτῳ,
648 2358 960 2432 ἐγείρεσθαι
991 2362 1049 2412 ὲν
1069 2357 1358 2429 ἀθανασίᾳ.
1391 2358 1453 2410 Εἰ
1476 2358 1656 2410 τοίνυν
1688 2357 1757 2410 τά
1783 2357 2028 2428 ἡμέτερα

434 2451 629 2519 οὕτως,
657 2452 808 2519 πόσῳ
835 2468 899 2521 γε
936 2451 1136 2522 μᾶλλον
1176 2453 1351 2504 ἐκεῖνο
1390 2449 1450 2503 τὸ
1489 2449 1643 2518 ἆγιον
1675 2449 1771 2503 καὶ
1811 2448 2028 2503 ἀνεκδι-

435 2548 640 2618 ήγητον
681 2546 776 2600 καὶ
812 2545 1144 2617 ἀσύγκριτον
1181 2545 1276 2598 καὶ
1311 2542 1610 2615 ἀκραιφνὲς
1646 2541 1726 2613 τῷ
1759 2540 1880 2612 Θεῷ
1903 2558 2028 2595 συν-

434 2638 735 2710 ηνωμένον,
761 2638 821 2691 τὸ
849 2637 907 2690 ἓν
927 2637 986 2690 ὃν
1013 2637 1198 2691 λοιπὸν
1218 2635 1521 2708 μονοειδές;
1550 2633 1625 2697 ὡς
1645 2633 1739 2687 καὶ
1766 2634 1823 2688 ὲν
1849 2633 2026 2704 τούτῳ

440 2732 708 2800 μαρτυρεῖ
755 2731 784 2782 ὁ
847 2728 1190 2790 Ἀπόστολος,
1243 2727 1446 2795 λέγων·
1490 2727 1560 2778 El
1605 2725 1705 2780 καὶ
1761 2726 2028 2795 ἔγνωμεν

437 2821 587 2874 κατὰ
616 2820 811 2888 σάρκα
851 2821 1130 2888 Χριστὸν,
1163 2818 1363 2872 οὐκέτι
1394 2816 1798 2887 γινώσκομενι
1823 2817 1922 2886 οὐχ
1945 2817 2026 2870 ὅτι

436 2910 600 2964 διεῖλε
635 2911 734 2981 τὴν
767 2911 946 2982 σάρκα
979 2910 1087 2963 ἀπὸ
1121 2911 1224 2980 τῆς
1257 2909 1530 2979 θεότητος,
1559 2909 1695 2962 ἀλλὰ
1723 2908 1893 2980 αὐτὴν
1928 2910 2026 2980 μὲν

436 2993 602 3053 οἷσαν
651 2997 745 3054 καὶ
789 2998 864 3070 τῷ
906 2997 1024 3069 Θεῷ
1074 2998 1483 3070 συνηνωμένην,
1527 2998 1724 3068 μηκέτι
1762 2997 1819 3051 δὲ
1859 2996 2027 3052 οὖσαν

439 3090 579 3144 κατά
634 3090 834 3160 σάρκα,
883 3089 1018 3142 ἀλλά
1065 3089 1207 3143 κατὰ
1257 3086 1495 3158 πνεῦμα,
1546 3087 1622 3151 ὥς
1664 3104 1818 3157 φησι,
1865 3087 2028 3141 Κατὰ

437 3182 673 3252 πνεῦμα
710 3182 1051 3254 ἁγιωσύνης
1094 3180 1164 3245 ἐξ
1210 3179 1601 3244 ἀναστάσεως
1643 3178 1874 3248 νεκρῶν
1918 3177 2026 3232 τοῦ

437 3273 660 3342 Κυρίου
684 3270 854 3342 ἡμῶν
894 3273 1090 3340 Ἰησοῦ
1117 3273 1399 3342 Χριστοῦ.
1435 3271 1638 3326 Τοῦτον
1677 3273 1812 3345 ὁμοῦ
1848 3273 1981 3327 Θεὸν
2009 3273 2030 3304 ¹

437 3362 656 3434 ἔχουσα,
692 3362 879 3434 άπαθῆ
910 3363 1006 3417 καὶ⁸
1037 3363 1283 3418 παθόντα
1320 3363 1414 3419 καὶ
1462 3363 1704 3433 ταφέντα
1752 3365 1846 3418 καὶ
1899 3365 2034 3418 ἀνα-

2130 623 2316 664 secum
2341 608 2594 678 spiritum
2620 623 2893 678 unamque
2921 605 3357 676 singularitatem
3391 617 3457 657 ac
3486 601 3718 674 gloriam

2129 699 2580 770 divinitatemque
2595 699 2889 769 copulavit.
2907 697 3118 752 Etenim
3134 711 3322 752 revera
3340 702 3466 766 post
3484 704 3720 748 mortem

2130 792 2403 862 apparuit,
2445 799 2500 847 et
2533 806 2563 846 a
2599 791 2810 846 Thoma
2849 798 3224 846 contrectatus
3263 797 3348 844 est
3391 772 3445 856 ²’,
3490 795 3544 843 et
3581 800 3739 842 cum-

2130 883 2396 954 apostolis
2423 892 2675 940 versatus
2717 890 2804 938 est
2832 899 2898 938 ac
2921 883 3082 947 bibit,
3115 897 3178 938 ac
3205 880 3444 950 denique
3475 878 3746 949 quadra--

2132 976 2285 1047 ginta
2309 976 2427 1032 dies
2449 962 2793 1046 totidemque
2813 983 3002 1031 noctes
3031 989 3155 1028 cum
3188 973 3296 1029 illis
3327 970 3744 1029 habitavit.Ad

2135 1069 2254 1123 haec
2301 1069 2543 1125 occlusis
2591 1067 2800 1124 foribus
2846 1069 3148 1139 ingressus,
3198 1080 3398 1122 nervos
3445 1072 3499 1120 et
3550 1079 3743 1130 ossa,.

2131 1162 2518 1231 clavorumque
2551 1175 2615 1215 ac
2646 1161 2851 1215 lanceae
2882 1161 3107 1231 vestigia
3138 1157 3488 1219 monstravit,
3523 1164 3579 1210 et
3619 1170 3712 1211 ve-

2130 1267 2251 1307 rum
2297 1266 2422 1306 esse
2472 1265 2673 1322 corpus
2726 1250 2966 1306 edocuit.
3011 1249 3166 1317 Quod
3211 1257 3394 1304 autem
3447 1248 3504 1301 in
3546 1261 3712 1301 unam

2129 1343 2567 1413 singularitatem
2615 1357 2679 1398 ac
2712 1343 3054 1397 divinitatem
3098 1341 3452 1411 conjunctus,
3497 1340 3742 1394 nullum~

2134 1436 2367 1506 amplius
2400 1437 2710 1490 cruciatum
2753 1436 2837 1490 vel
2879 1445 3107 1490 mortem
3143 1439 3445 1504 exspectet,
3475 1431 3562 1487 bis
3592 1446 3717 1486 ver—

2135 1528 2222 1582 bis
2259 1527 2505 1582 declarat
2540 1528 2835 1600 Apostolus
2861 1549 2872 1582 :
2895 1529 3135 1584 Surrexit
3163 1527 3407 1582 Christus
3439 1541 3583 1580 :non
3598 1525 3718 1592 jam

2133 1623 2389 1684 morimr;
2428 1639 2570 1677 mors
2613 1622 2696 1676 illi
2744 1623 2889 1676 ultra
2935 1639 3039 1675 non
3078 1621 3450 1674 dominabitur
3482 1620 3522 1670 ³.
3568 1616 3740 1672 Idem-

2132 1729 2262 1783 ergo
2289 1713 2433 1784 quod
2464 1713 2572 1784 pati
2603 1720 2839 1782 poterat,
2864 1713 3138 1782 passionis
3161 1727 3358 1782 expers
3384 1710 3606 1775 mansit,
3635 1708 3719 1763 di-

2134 1805 2339 1858 vinitas
2370 1803 2585 1857 scilicet
2611 1818 2734 1858 cum
2765 1818 3000 1874 corpore
3040 1811 3095 1858 et
3129 1803 3308 1856 anima
3344 1815 3408 1855 ac
3452 1808 3566 1856 tota
3613 1800 3718 1854 hu-

2136 1895 2400 1950 manitate
2425 1896 2744 1966 conjuncta,
2780 1897 2924 1951 Deus
2952 1896 3070 1966 ipse
3091 1911 3186 1965 per
3210 1910 3351 1951 sese.
3395 1893 3497 1959 Qui
3530 1910 3717 1947 ascen-

2134 1987 2260 2042 dens
2295 1988 2349 2041 in
2381 1988 2590 2052 curtum,
2622 1987 2690 2041 ad
2721 1987 2994 2042 dexteram
3026 1986 3207 2040 Patris
3247 1984 3482 2040 consedit
3521 1985 3575 2038 in
3604 1985 3719 2055 glon

2134 2081 2218 2134 ria
2251 2080 2274 2111 ⁸
2314 2098 2326 2133 :
2359 2096 2472 2134 non
2505 2086 2565 2132 ut
2597 2095 2800 2149 corpus
2847 2078 3167 2149 deponeret,
3211 2076 3306 2132 sed
3341 2086 3399 2131 ut
3448 2076 3506 2130 in
3553 2075 3718 2130 unius

2132 2172 2471 2243 perfectione
2491 2173 2800 2228 divinitatis
2825 2173 2879 2227 in
2909 2153 3159 2242 spiritale
3189 2169 3474 2226 conﬂaret.
3516 2168 3734 2235 Quem--

2134 2265 2429 2319 admodum
2461 2264 2578 2319 haec
2599 2266 2718 2334 ipsa
2746 2280 2980 2336 corpora
3010 2271 3222 2328 nostra,
3261 2277 3570 2334 quatenunc
3605 2261 3718 2317 ani-

2133 2357 2297 2411 malia
2327 2357 2686 2421 seminantur,
2721 2357 2956 2427 spiritali
2997 2357 3233 2427 quadam
3265 2354 3581 2410 conditione
3621 2367 3712 2409 re-

2134 2459 2388 2524 surgent;
2419 2467 2561 2522 qum,
2609 2452 2855 2523 inquam,
2883 2467 3009 2507 cum
3051 2451 3404 2521 corruptione
3431 2458 3710 2511 seruntur,

2133 2560 2257 2599 cum
2293 2544 2703 2614 incorruptione
2747 2553 2973 2615 surgent
3007 2562 3019 2598 :
3057 2557 3180 2613 quas
3222 2541 3279 2596 in
3327 2547 3502 2595 morte
3528 2538 3714 2595 semi—

2132 2643 2353 2701 nantur,
2370 2651 2494 2691 cum
2517 2636 2928 2691 immortalitate
2951 2635 3291 2704 resurgent".
3311 2631 3467 2700 Quod
3490 2632 3534 2686 si
3560 2630 3715 2701 ejus-—

2134 2728 2281 2783 modi
2328 2743 2564 2798 corpora
2613 2737 2801 2784 nostra
2847 2728 3027 2782 futura
3081 2738 3246 2795 sunt,
3292 2735 3498 2797 quanto
3542 2723 3717 2795 magis

2133 2821 2544 2877 sanctissimum
2573 2821 2705 2875 illud
2735 2821 2935 2876 Christi
2955 2836 3178 2890 corpus,
3213 2818 3359 2890 quod
3394 2817 3560 2873 nullis
3590 2831 3714 2871 ver-

2134 2911 2219 2966 bis
2249 2911 2533 2981 explicari,
2565 2927 2741 2982 neque
2770 2927 2892 2966 cum
2922 2913 3030 2966 ulla
3072 2929 3131 2967 re
3160 2911 3465 2980 comparari
3501 2916 3716 2980 potest;

2133 3002 2290 3067 illud,
2329 3004 2575 3074 inquam,
2630 3005 3090 3069 sincerissimum,
3135 3019 3199 3058 ac
3239 3019 3362 3058 cum
3417 3002 3524 3057 Deo
3569 3015 3709 3057 con-

2128 3095 2410 3164 junctum,
2451 3096 2732 3167 singulare
2757 3098 3019 3168 deinceps
3053 3096 3364 3151 uniforme?
3406 3095 3562 3161 Quod
3597 3093 3716 3164 qui-

2134 3187 2258 3242 dem
2286 3187 2582 3258 Apostolus
2599 3191 2703 3244 hac
2721 3189 2990 3245 sententia
3013 3196 3280 3245 testatur:
3307 3187 3425 3242 Etsi
3457 3188 3717 3250 novimus,

2138 3279 2345 3350 inquit,
2382 3281 2669 3336 secundum
2699 3297 2910 3336 carnem
2937 3279 3231 3346 Christum,
3254 3298 3363 3334 non
3379 3280 3498 3350 jam
3524 3295 3715 3350 cogno-

2137 3371 2334 3425 scimus
2355 3371 2406 3438 ⁶;
2431 3387 2542 3427 non
2577 3373 2723 3443 quod
2754 3387 2978 3427 carnem
3005 3389 3032 3427 a
3069 3372 3358 3427 divinitate
3392 3371 3715 3446 sejunxerit,

438 3456 639 3510 στάντα
681 3456 776 3510 καὶ
822 3455 1113 3511 ἀνελθόντα
1179 3459 1237 3509 ὲν
1293 3456 1442 3529 δόξῃ,
1508 3456 1804 3529 ἐρχόμενον
1853 3460 2024 3528 κρῖναι

2140 3460 2234 3516 sed
2265 3461 2408 3532 quod
2429 3463 2660 3520 exsistat
2687 3463 2778 3518 illa
2800 3463 3020 3534 quidem
3045 3478 3108 3518 ac
3137 3477 3261 3519 cum
3289 3462 3396 3519 Deo
3423 3463 3715 3534 jungatur,

436 3547 644 3612 ζῶντας
697 3548 790 3602 καὶ
833 3549 1080 3620 νεκροὺς,
1124 3549 1200 3612 ὡς
1231 3547 1368 3622 ἔφην
1394 3591 1410 3617 ,
1433 3550 1491 3602 ὲν
1533 3549 1785 3622 ἀληθείᾳ,
1812 3546 1895 3607 Οὔ
1927 3550 2024 3619 τῆς

2137 3569 2326 3608 verum
2355 3571 2467 3610 nou
2501 3555 2737 3626 amplius
2765 3555 3071 3612 secundum
3103 3570 3348 3620 carnem,
3373 3554 3472 3610 sed
3513 3570 3714 3610 secun-

431 3641 756 3708 βασιλείας
779 3643 892 3695 οὐκ
920 3640 1094 3695 ἔσται
1120 3641 1316 3708 τέλος.

2139 3644 2269 3700 dum
2316 3647 2568 3718 spiritum
2609 3649 2716 3714 sit,
2767 3656 2826 3704 ut
2858 3649 3091 3720 ipsemet
3122 3648 3334 3704 asserit»
3363 3645 3712 3701 :Secundum

435 3733 681 3801 spiritum
715 3734 1158 3803 sanctiﬁcationis
1189 3749 1254 3788 ex
1309 3733 1692 3788 resurrectione
1745 3742 2072 3789 mortuorum
2113 3736 2326 3793 Domini
2360 3741 2530 3794 nostri
2558 3739 2686 3795 Jesu
2731 3740 2931 3797 Christi
2963 3741 3005 3795 ".
3039 3739 3197 3796 Hunc
3236 3740 3405 3812 igitur
3472 3739 3716 3795 Ecclesia

438 3825 602 3881 simul
626 3825 794 3883 Deum
845 3842 968 3883 esse
996 3826 1307 3897 profitetur,
1347 3825 1627 3895 passionis
1675 3834 1956 3896 expertem
2013 3838 2068 3883 et
2102 3846 2349 3900 passum,
2381 3833 2475 3904 qui
2519 3834 2766 3903 sepultus
2827 3834 2920 3900 sit,
2959 3833 3344 3900 resurrexerit,
3378 3848 3504 3888 cum
3545 3831 3715 3904 gloria

438 3918 639 3973 coelum
691 3919 1097 3983 conscenderit,
1133 3924 1428 3973 venturum
1477 3916 1718 3972 indidem
1777 3918 2029 3987 judicare
2087 3925 2242 3979 vivos
2283 3935 2336 3980 et
2357 3935 2628 3991 mortuos,
2679 3926 2843 3997 idque
2888 3925 3027 3980 adeo
3073 3941 3232 3989 vere,
3272 3927 3353 3980 uti
3412 3925 3650 3982 diximus
3700 3945 3710 3978 :

437 4007 605 4078 Cujus
631 4013 776 4078 regni
805 4026 908 4063 non
942 4011 1041 4064 erit
1069 4009 1190 4078 ﬁnis
1217 4009 1260 4065 ⁸.

507 4100 616 4154 IH'.
650 4100 760 4178 καὶ
818 4099 926 4170 γὰρ
989 4099 1234 4153 πιστεύει
1279 4101 1312 4171 ἡ
1357 4101 1540 4171 μήτηρ
1599 4099 1757 4172 ἡμῶν
1807 4099 1948 4170 αὕτη
1986 4102 2020 4170 ὴ

437 4191 569 4260 ἁγία
622 4188 941 4261 Ἐκκλησία,
978 4191 1072 4244 καὶ
1120 4190 1196 4254 ὼς
1228 4191 1365 4262 αὐτῇ
1419 4191 1639 4262 ἀληθῶς
1685 4193 2023 4262 κεκήρυκται

438 4285 530 4338 καὶ
558 4280 774 4354 ἀληθῶς
825 4282 1258 4354 προστέτακταιο
1295 4284 1378 4337 ὅτι
1421 4283 1895 4356 κοιμηθησόμεθα,
1927 4283 2025 4336 καὶ

436 4375 852 4447 ἀναπησόμεθα
894 4375 991 4427 σὺν
1046 4375 1260 4446 σώματι
1299 4375 1492 4446 τούτῳ,
1521 4377 1618 4430 σὺν
1653 4375 1797 4446 ψυχῇ
1827 4375 2020 4449 ταύτῃ,

2210 4103 2251 4171 l
2266 4103 2417 4172 101
2443 4102 2632 4160 XVlll.
2648 4102 2781 4157 Nam
2812 4101 2985 4157 ethoc
3008 4109 3192 4156 sancta
3209 4102 3324 4171 ipsa
3339 4109 3511 4158 mater
3527 4102 3714 4160 Eccle-

2132 4193 2214 4247 sia
2257 4193 2404 4264 quod
2429 4210 2557 4250 vere
2591 4195 2694 4249 sibi
2727 4192 3081 4264 praedicatum
3120 4207 3356 4263 vereque
3395 4194 3713 4252 mandatum

2131 4297 2234 4346 εει,
2253 4285 2468 4341 credit:
2503 4288 2828 4341 moriturum
2863 4300 3308 4356 unumquemque
3333 4297 3612 4354 nostrum,
3642 4303 3707 4344 ac

2133 4383 2578 4429 resurrecturum
2619 4390 2742 4430 cum
2771 4376 2876 4431 boc
2919 4376 3040 4446 ipso
3072 4391 3331 4446 corpore,
3372 4391 3496 4430 cum
3522 4377 3711 4432 eadem

439 4468 536 4522 σὺν
564 4466 728 4521 παντὶ⁸
758 4465 836 4535 τῷ
863 4465 1120 4536 ἡμετέρῳ
1157 4465 1360 4529 σκεύει,
1399 4467 1485 4520 ἵνα
1513 4467 1742 4530 ἕκαστος
1773 4465 2021 4538 ἀπολάϐῃ

2131 4469 2332 4533 anima,
2370 4484 2493 4524 cum
2523 4476 2639 4524 toto
2674 4469 2778 4524 hoc
2804 4470 3464 4542 instrumentodenique,
3493 4479 3553 4527 ut
3577 4474 3704 4544 qui-

436 4560 574 4632 πρδς
620 4559 656 4613 ὃ.
693 4557 948 4629 ἔπραξεν.
981 4558 1100 4612 Ὅτι
1159 4561 1271 4629 γὰρ
1320 4560 1615 4623 ἀνάστασις
1667 4559 1876 4632 νεκρῶν
1926 4560 2024 4614 καὶ

2131 4561 2262 4615 libet
2306 4563 2517 4619 meritis
2547 4564 2664 4620 suis
2693 4572 3064 4619 consentanea
3113 4565 3338 4635 praemia
3371 4566 3643 4636 percipiat
3665 4566 3709 4621 ⁹.

435 4652 617 4722 κρίσις
660 4651 877 4714 αἰώνιος
904 4651 998 4704 καὶ
1027 4650 1272 4720 βασιλεία
1297 4652 1540 4724 οὐρανῶν
1569 4653 1663 4706 καὶ
1706 4653 2017 4717 ἀνάπαυσις

435 4748 548 4810 τοῖς
591 4746 819 4809 δικαίοις
841 4745 934 4798 καὶ
969 4745 1304 4815 κληρονομία
1336 4745 1542 4800 πιστῶν
1572 4747 1666 4798 καὶ
1708 4745 1868 4818 χορὸς
1900 4747 2020 4818 μετ’

2127 4650 2260 4705 Nam
2292 4651 2437 4722 quod
2475 4661 2814 4708 mortuorum
2850 4651 3031 4706 futura
3052 4655 3388 4710 resurrectio
3407 4654 3498 4718 sit,
3530 4664 3696 4726 atque

2126 4754 2328 4800 aeterna
2362 4745 2660 4812 damnatio,
2699 4747 3031 4816 cmlesteque
3071 4762 3320 4816 regnum,
3353 4754 3408 4801 et
3423 4747 3698 4817 justorum

510 4895 690 4979 [Legit
718 4899 1005 4979 ἄνθρωπον
1041 4897 1198 4979 ῥμρῦ,
1234 4899 1329 4952 καὶ
1362 4899 1514 4979 ςῦεόνΣ
1552 4901 1594 4979 _’
1631 4898 1910 4979 Joan._l_tx,
1940 4900 2024 4979 ξπ

2163 4899 2320 4955 Rom.
2349 4916 2433 4979 ν).
2465 4902 2518 4958 9.
2596 4903 2618 4933 ¹⁶
2651 4899 2810 4956 Rom.
2850 4917 2967 4968 vm,
3007 4902 3099 4956 :54.
3146 4905 3166 4936 ⁸
3191 4901 3449 4964 [Comm
3483 4904 3554 4959 42
3583 4920 3685 4979 sqq

439 4972 460 5003 ⁸
499 4971 538 5024 Il
579 4963 704 5024 car.
749 4963 837 5032 v,'
883 4967 971 5024 16.
1047 4963 1259 5022 ⁷⁷30111.
1296 4985 1335 5035 ι,
1365 4970 1416 5024 4.
1494 4971 1515 5001 ⁸
1551 4969 1683 5024 Luc.
1711 4987 1746 5036 ι,
1785 4971 1872 5026 5⁸5.
1952 4973 1972 5002 ⁹
2007 4971 2024 5024 l

2130 4987 2206 5026 or.
2249 4987 2301 5035 ν,
2343 4971 2428 5025 10.
2956 4963 2964 4968 ⁷
3440 4963 3445 4964 ί
3628 4963 3645 4978 ³
3664 4963 3704 4980 ’⁸

506 5167 757 5241 (Sillim
777 5168 1175 5241 συνηυλίσθη
1193 5167 1570 5241 μετ’,αὺτῶκ
1602 5169 1722 5241 Act.
1756 5185 1795 5235 ι,
1827 5169 2020 5224 4;Καὶ

437 5237 1254 5310 συναλιζόμενοςᾉπαρήγγειλεν
1287 5238 1492 5310 αὐτοῖς,
1513 5247 1618 5310 etc.
1661 5237 1770 5292 Pro
1802 5254 1924 5310 quo
1949 5241 2022 5295 lc-

437 5310 581 5373 gisse
606 5307 821 5380 videtur
847 5307 1203 5380 Epiphanius,
1224 5307 1848 5380 ⁸Καὶ-συνοιυλιζόμενος.
1880 5309 2016 5364 Nam

437 5382 490 5432 in
515 5377 970 5449 Anacephatazdsi;
1001 5394 1124 5449 pag.
1149 5377 1467 5441 “20,idem
1498 5377 1827 5434 vocabulum
1857 5395 2019 5437 usur-

437 5459 545 5518 pat.
580 5448 700 5504 Καὶ(
739 5448 1290 5520 συνεσθίωνρὶηιιιῄι,
1331 5449 1427 5501 καὶ
1469 5449 1916 5520 συναυλιζόμενος
1954 5451 2016 5504 ού

434 5519 687 5592 δοκήσει,
751 5519 1144 5592 ἀλλ’ίάληθεία.
1205 5518 1654 5592 Quanquamlib.
1697 5537 1711 5574 l
1748 5518 2009 5592 _Panarii,

439 5575 566 5659 pag:
592 5575 687 5656 50,.
707 5590 852 5646 unde
873 5575 1050 5644 locum
1077 5575 1308 5645 illumwin
1335 5575 1794 5657 Anacephalazosin
1830 5575 2010 5647 trans:

437 5661 584 5724 tulit,
615 5676 959 5716 communem
992 5661 1277 5716 lectionem
1302 5663 1622 5728 expressit:
1676 5660 1771 5712 καὶ
1797 5661 1990 5718 συναλί
2005 5695 2015 5702 -

441 5732 591 5795 ζἐται
639 5733 699 5785 οὑ
754 5731 992 5802 δοκήσει,
1040 5731 1154 5784 ἀλλ’
1181 5727 1428 5852 ἀληθείῖ.
1458 5727 1698 5785 Verbum
1738 5730 2005 5796 συναλίζε-

445 5801 566 5852 τθαι
601 5803 844 5852 eamdem
881 5801 993 5852 fere
1031 5807 1351 5852 potestatem
1421 5799 1562 5852 abet.
1598 5813 1761 5852 uuam
1786 5799 1863 5851 τῶ
1892 5817 2005 5852 συν-

445 5801 566 5871 τθαι
601 5803 844 5858 eamdem
874 5799 993 5855 'l'ere
1031 5807 1351 5871 potestatem
1383 5799 1565 5871 habet,
1598 5813 1761 5869 quam
1786 5799 1863 5867 τῷ
1892 5817 2016 5854 συν-

455 5870 752 5938 ιυλίζεσθαι
797 5869 1405 5944 quidam‘attribuunt;
1438 5869 1696 5926 nimirum
1747 5873 2016 5927 convenire

2127 5187 2245 5244 cum
2281 5170 2481 5240 aliqua,
2523 5173 2849 5244 congregari.
2886 5172 3064 5242 Atque
3094 5174 3167 5226 ita
3203 5173 3498 5244 nonnullos
3529 5174 3707 5244 legere

2126 5240 2271 5314 Beda
2323 5246 2575 5295 testatur.
2623 5240 3240 5314 At_'interpre‘sinoster
3286 5240 3707 5314 συναλιζόμενος

2127 5312 2290 5385 vertit
2313 5327 2642 5385 conpescens.
2675 5311 2794 5378 Quo
2817 5311 2983 5385 sensu
3009 5313 3436 5385 Chrysostomus
3459 5311 3673 5385 accepit
3688 5362 3701 5378 ,

2125 5389 2178 5436 et
2213 5381 2659 5454 Theopbylactus
2685 5423 2702 5449 ,
2750 5383 2996 5454 ntidem
3049 5381 3139 5439 sit'
3171 5399 3236 5439 ac
3280 5382 3570 5454 adigale
3596 5381 3704 5440 ’καὶ

2124 5452 2405 5525 τραπέζης
2433 5452 2702 5524 μετέχειν.
2739 5452 2850 5525 Sed
2881 5461 2936 5510 et
2971 5453 3334 5525 Hieronymus
3369 5453 3545 5525 Epist.
3575 5455 3702 5516 150.

2119 5521 2186 5576 ad
2208 5521 2511 5594 Hedibidm,
2535 5521 2788 5588 q’umstJ,
2813 5541 3118 5594 convescens
3147 5521 3293 5594 legit.
3311 5521 3518 5578 ΡΒΤἈν.
3535 5553 3606 5594 -έ
3627 5525 3705 5582 De

2118 5593 2301 5666 verbis
2323 5593 2733 5666 cuvauktCopat,
2753 5602 2806 5650 et
2824 5593 3412 5666 συναλίζομαιξεοάεηι
3432 5593 3704 5663 signiﬁca-

2119 5663 2266 5735 tione
2286 5664 2588 5734 usurpatis,
2607 5663 2801 5735 prreter
2824 5665 3063 5734 illa,quaa
3085 5663 3152 5735 ad
3174 5666 3350 5719 locum
3377 5673 3700 5735 praesentem

2120 5733 2555 5805 luculentissima
2592 5733 2691 5805 pro
2715 5750 2867 5805 more
2900 5733 3002 5790 suo
3033 5734 3311 5805 adnotavit
3345 5733 3701 5791 doctissimus

2119 5801 2411 5878 Petavius,
2457 5801 2684 5878 consule
2727 5804 2946 5878 Lingua:
2997 5805 3198 5862 erca:
3253 5804 3579 5861 Thesaurum
3628 5805 3710 5860 ad.

2118 5889 2281 5931 voces
2315 5875 2510 5946 Αὺλή,
2548 5883 2602 5933 et
2635 5876 2811 5932 'A.tla.
