4118 6402
385 375 493 436 Si!)

1797 379 1854 434 S.
1887 376 2232 434 EPiPliANll

3525 390 3630 449 8‘20

384 493 544 562 quies
592 505 655 547 ac
723 491 958 548 ﬁdelium
1005 491 1296 548 htereditas
1352 495 1772 565 communisque
1821 509 1947 550 cum

2079 498 2320 566 ιγγέλων,
2395 499 2502 554 τῶν
2553 503 2933 573 τετηρηκότων
2984 503 3080 576 τὴν
3134 504 3313 556 πίστιν
3376 505 3470 556 καὶ
3529 509 3630 576 τὴν

385 587 591 656 angelis
608 588 808 640 chorus
835 590 900 644 iis
923 589 1276 650 constitutus,
1302 589 1394 658 qui
1427 589 1582 643 ﬁdem
1611 597 1664 643 et
1698 589 1958 644 castimo-

389 679 531 728 niam
556 683 609 729 et
643 691 791 745 spem
823 693 886 731 ac
909 676 1118 730 Domini
1149 687 1417 747 praecepta
1459 678 1750 741 servarint,
1781 678 1956 732 veris-

387 765 586 818 simum
612 773 720 830 est;
745 765 905 833 idque
932 775 985 819 et
1009 765 1364 834 praedicatum
1383 775 1438 822 et
1475 767 1784 822 certissime
1807 783 1959 822 com-

389 856 677 923 probatum
727 866 779 909 et
817 857 1123 922 creditum,-
1167 860 1426 928 quoniam
1467 861 1524 916 hi
1565 869 1854 932 resurgent
1901 861 1958 914 in

392 946 556 997 vitam
621 955 874 1026 aeternam
901 949 915 978 ι
957 967 968 1001 :
1007 955 1066 1002 ut
1105 949 1160 1002 in
1195 949 1488 1020 Evangelio
1539 951 1806 1022 scriptum
1850 959 1956 1006 est.

391 1035 524 1088 Nam
572 1051 912 1106 quaecunque
949 1040 1034 1094 vel
1087 1041 1382 1110 Apostolus
1437 1043 1521 1096 vel
1569 1057 1725 1098 saera
1778 1043 1960 1097 omnis

395 1125 673 1196 Scriptura
697 1137 947 1196 testatur,
973 1147 1100 1185 vera
1133 1140 1281 1199 sunt,
1307 1134 1432 1188 licet
1463 1133 1710 1190 infideles
1748 1149 1809 1188 ac
1833 1150 1960 1204 per-

393 1235 576 1286 peram
605 1219 969 1292 intelligentes
989 1225 1146 1278 aliter
1171 1225 1510 1279 existiment.
1543 1223 1713 1281 Nobis
1743 1241 1874 1280 vero
1897 1239 1960 1279 ea

393 1313 610 1364 demum
661 1311 792 1366 ﬁdes
841 1324 943 1376 est,
977 1315 1025 1368 is
1075 1315 1254 1368 honor
1282 1329 1345 1369 ac
1398 1315 1637 1386 dignitas
1675 1335 1687 1370 :
1733 1317 1848 1370 hac
1877 1323 1962 1370 est

395 1411 584 1456 nostra
633 1415 806 1460 mater
853 1406 1117 1471 Ecclesia,
1163 1423 1286 1475 qum
1337 1425 1434 1478 per
1467 1409 1626 1463 ﬁdem
1683 1417 1866 1465 servat
1909 1417 1964 1463 et

395 1511 566 1562 spent,
609 1499 996 1553 corroboratur
1028 1497 1231 1554 Christi
1280 1501 1585 1566 charitate,
1653 1517 1864 1556 necnon
1911 1509 1965 1556 et

394 1590 664 1654 ejusmodi
703 1593 1041 1660 professione
1087 1608 1151 1648 ac
1194 1594 1470 1663 mysteriis
1520 1593 1882 1664 baptismique
1911 1595 1964 1648 vi

396 1693 459 1732 ac
491 1681 808 1746 purgatione
849 1682 1149 1751 perﬁcitur.
1203 1683 1418 1748 Euntes,
1467 1685 1663 1753 inquit,
1701 1685 1966 1754 baptizata

395 1777 449 1823 tn
483 1773 690 1825 nomine
723 1771 900 1826 Patris
923 1783 969 1826 et
1001 1773 1132 1826 Filii
1159 1785 1206 1827 et
1236 1773 1472 1842 Spiritus
1503 1777 1677 1830 sancti
1698 1779 1718 1808 '
1749 1797 1760 1831 :
1795 1777 1848 1831 in
1874 1791 1967 1830 no-

399 1864 542 1918 mine
577 1863 774 1918 divina:
812 1864 1116 1930 Trinitatis,
1151 1867 1309 1936 cujus
1358 1868 1653 1938 appellatio
1686 1869 1962 1924 diversum

397 1956 532 2010 nihil
564 1956 828 2010 continet.
861 1953 916 2009 Si
951 1958 1168 2026 quidem
1210 1973 1356 2012 unus
1382 1975 1446 2013 ac
1496 1959 1790 2030 singularis
1821 1959 1965 2016 Deus

407 2049 460 2100 in
487 2049 602 2117 ltge
628 2057 680 2100 et
721 2049 772 2100 in
799 2050 1078 2117 prophetis
1099 2061 1151 2102 et
1177 2049 1228 2102 in
1263 2050 1565 2120 Evangeliis
1590 2059 1644 2106 et
1671 2053 1723 2106 in
1748 2063 1964 2122 aposto-

397 2141 487 2200 lis,
519 2141 570 2192 in
613 2139 804 2194 Vetere
833 2139 1092 2209 Novoque
1140 2140 1490 2196 Testamento
1533 2145 1860 2212 praedicatus
1901 2158 1965 2198 ac

398 2230 680 2282 nuntiatus
710 2237 810 2290 est,
844 2227 1004 2280 Pater
1036 2235 1090 2280 et
1138 2227 1308 2282 Filius
1345 2235 1399 2282 et
1435 2227 1673 2298 Spiritus
1715 2239 1963 2286 sanctus.

398 2319 585 2388 Neque
619 2335 747 2374 vero
789 2318 1078 2374 confusum
1105 2321 1366 2389 quiddam
1411 2321 1527 2390 ipsa
1559 2320 1824 2376 Divinitas
1857 2329 1964 2384 est,

399 2411 494 2466 sed
525 2411 764 2480 perfecta
797 2427 985 2466 revera
1031 2411 1275 2468 Trinitas
1320 2420 1436 2478 est;
1467 2411 1744 2482 perfectus
1781 2410 1966 2472 Pater,

403 2503 680 2570 perfectus
723 2501 915 2562 Filius,
965 2502 1242 2571 perfectus
1285 2501 1520 2572 Spiritus
1571 2513 1830 2568 sanctus;
1860 2517 1968 2556 una

400 2595 679 2656 divinitas,
707 2609 854 2648 unus
877 2591 1042 2656 Deus,
1062 2595 1148 2648 cui
1175 2595 1366 2664 gloria,
1393 2593 1567 2647 honor
1595 2600 1648 2645 et
1679 2593 1968 2662 imperium

404 2685 458 2735 in
496 2684 694 2736 saecula
728 2684 1072 2736 sscculorum.
1105 2683 1297 2738 Amen.

473 2773 614 2827 XIX.
653 2773 930 2844 Ejusmodi
983 2777 1248 2830 catholica
1285 2775 1438 2838 ﬁdes,
1487 2791 1552 2831 ac
1607 2778 1726 2832 vita:
1769 2784 1970 2833 nostra:

401 2880 540 2934 opus
573 2873 666 2920 est"
700 2867 804 2920 hoc
837 2867 1084 2922 veritatis
1109 2867 1505 2920 munimentum
1536 2885 1549 2922 :
1581 2868 1691 2922 haec
1713 2877 1796 2923 est
1811 2868 1973 2922 Chri-

404 2957 474 3009 sti
519 2957 671 3024 virgo
730 2967 782 3010 et
810 2957 1073 3012 innocens
1104 2958 1352 3012 columba
1400 2977 1413 3011 :
1451 2957 1564 3012 lure
1599 2959 1735 3020 vita,
1771 2975 1894 3029 spes
1919 2968 1974 3014 et

407 3049 809 3101 tiru'iamentum
858 3048 1290 3104 immortalitatis
1324 3057 1429 3105 est.
1459 3047 1660 3102 Verum
1686 3049 1736 3103 id
1767 3065 1796 3102 a
1820 3050 1974 3104 vobis

406 3139 685 3202 omnibus,
723 3143 816 3209 qui
862 3141 976 3194 haec
1011 3147 1196 3196 nostra
1233 3141 1424 3194 lecturi
1458 3141 1610 3201 estis,
1649 3155 1974 3211 magnopere

409 3247 622 3300 precor,
675 3206 756 3285 ιιι-
781 3233 979 3288 mentis
1029 3249 1160 3288 mea;
1207 3235 1458 3288 tenuitati
1505 3206 1972 3304 imbecillitatique
2001 3206 2043 3262 ϐ

407 3321 721 3377 condonare
761 3323 981 3388 velitis;
1023 3339 1143 3394 quae
1180 3325 1250 3380 ob
1295 3327 1488 3395 ingens
1522 3325 1652 3380 illud
1694 3327 1972 3382 limreseon

408 3413 560 3466 virus
593 3414 739 3467 velut
763 3426 1037 3484 stuporem
1066 3418 1354 3486 quemdam
1382 3435 1444 3473 ac
1473 3419 1690 3474 taedium
1721 3427 1776 3472 et
1806 3421 1975 3474 mole-

410 3505 593 3562 etiam.
629 3508 934 3574 respuentis
973 3523 1036 3561 ac
1077 3511 1393 3564 nauseantis
1421 3511 1618 3576 instar,
1652 3511 1927 3564 contraxit
1959 3531 1972 3566 :

411 3598 486 3660 id,
519 3598 761 3666 inquam,
790 3599 1107 3652 condonetis
1137 3601 1320 3665 velim,
1363 3603 1408 3656 si
1445 3601 1584 3657 forte
1623 3603 1874 3658 acerbius
1921 3603 1978 3658 in

411 3690 720 3756 quempiam
753 3689 949 3742 invecti
991 3707 1204 3754 sumus,
1249 3701 1310 3744 nt
1341 3695 1637 3747 nonnullos
1684 3709 1979 3749 exsecran-

418 3779 542 3838 dos,
574 3785 665 3830 aut
709 3780 1084 3842 circulatores,
1118 3783 1326 3852 1102
1369 3793 1465 3838 aut
1505 3787 1847 3850 aberrantes,
1887 3797 1982 3842 aut

417 3869 745 3939 impostores
766 3869 1085 3926 dixerimus.
1119 3871 1252 3926 Nam
1284 3889 1393 3942 prae
1419 3877 1609 3930 veneni
1641 3876 1790 3933 illius
1812 3880 1982 3934 mole-

417 3961 520 4014 stia
555 3965 697 4028 (cum
731 3963 934 4030 alioqui
967 3961 1126 4017 facile
1170 3965 1224 4017 in
1257 3979 1584 4036 quemquam
1629 3969 1772 4022 dicta
1800 3969 1983 4038 jacere

418 4069 526 4106 non
560 4053 856 4122 soleamus)
889 4069 1112 4110 necesse
1161 4056 1454 4112 habuimus
1503 4059 1808 4116 istiusmodi
1864 4061 1984 4118 illos

422 4147 698 4214 appellare
732 4147 936 4208 verbis,
971 4154 1029 4199 ut
1065 4147 1132 4200 ab
1176 4163 1241 4201 ea
1279 4150 1597 4219 suspicione
1626 4156 1984 4221 quorumdam

417 4253 801 4291 revocaremus
829 4238 1064 4301 animos,
1101 4239 1245 4307 quod
1275 4242 1330 4294 in
1357 4241 1572 4296 illorum
1599 4243 1763 4298 dictis
1801 4244 1989 4300 factis.-

419 4345 525 4398 que
557 4329 900 4400 divulgandis
941 4339 1180 4398 apertam
1234 4333 1440 4386 nullam
1485 4335 1866 4390 animi‘nostri
1912 4337 1988 4392 si-

421 4419 818 4489 gniﬁcationem
858 4421 1220 4482 dedissemus.
1263 4439 1366 4478 nos
1406 4425 1474 4478 ab
1518 4425 1682 4494 impia
1721 4427 1989 4497 cujusque

2060 591 2279 658 ἁγνείαν
2306 593 2397 645 καὶ
2421 593 2518 664 τὴν
2565 593 2752 647 ἐλπίδα
2778 597 2871 648 καὶ
2907 596 3005 660 τὰς
3033 595 3126 648 τοῦ
3155 595 3358 664 Κυρίου
3390 597 3628 660 ἐντολὰς,

2058 683 2230 754 ἀληθῆ
2262 685 2377 736 ἐστι
2407 685 2502 736 καὶ
2534 685 2867 756 κεκήρυκται
2911 687 3003 738 καὶ
3035 685 3361 754 ἡσιρὰλισται
3405 687 3497 738 καὶ
3531 703 3628 739 πε-

2061 774 2375 828 πίστευται·
2415 776 2495 827 ὅτι
2527 769 2670 829 οὗτοι
2701 777 3091 847 ἀναστήσονται
3117 779 3194 840 είς
3225 777 3368 848 ζωὴν
3393 777 3628 841 αἰώνιον,

2061 865 2204 919 κατά
2227 865 2287 918 τὸ
2320 865 2700 937 γεγραμμένον
2735 867 2791 918 ἐν
2815 871 2926 930 τοῖς
2959 867 3326 936 Εὐαγγελίοις.
3351 867 3488 920 Ὂσα
3521 869 3634 940 γὰρ

2060 958 2206 1026 λέγει
2247 959 2340 1012 καί⁹
2378 961 2406 1010 ὀ
2447 959 2764 1022 Ἀπόστολος
2793 959 2886 1012 καὶ
2917 960 3085 1012 πᾶσαι
3122 962 3176 1013 αἱ
3215 961 3365 1028 ἆγιαι
3394 961 3626 1032 Γραφαὶ,

2060 1050 2288 1119 ἀληθινὰ
2317 1049 2600 1119 τυγχάνει·
2641 1049 2687 1100 εί
2732 1049 2825 1103 καὶ
2855 1049 3004 1121 παρὰ
3030 1053 3142 1114 τοῖς
3180 1051 3507 1120 ἀπιστήσασι
3537 1055 3630 1105 καὶ

2064 1143 2249 1206 κακῶς
2270 1143 2580 1212 νενοηκόσιν
2611 1141 2810 1211 ἑτέρως
2843 1141 3328 1212 ὑπολαμϐάνονται.
3373 1143 3532 1213 Ἡμῖν
3571 1141 3631 1195 δὲ

2067 1231 2204 1302 αῦτη
2253 1234 2286 1302 ἡ
2324 1231 2505 1294 πίστις
2553 1231 2647 1284 καὶ
2672 1231 2810 1301 αῦτη
2846 1233 2878 1301 ἠ
2917 1231 3048 1300 τιμὴ
3099 1231 3194 1284 καὶ
3217 1231 3353 1301 αῦτη
3383 1233 3414 1302 ἡ
3449 1233 3632 1302 μήτηρ

2063 1321 2280 1392 ήμῶνή
2321 1320 2633 1392 Ἐκκλησία.
2690 1321 2777 1373 διὰ
2828 1321 3060 1383 πίστεως
3113 1319 3356 1383 σώζουσα
3399 1319 3508 1388 (82)
3537 1320 3632 1373 καὶ

2065 1414 2300 1480 ἐλπίδος,
2349 1412 2720 1485 κρατυνομένη
2750 1413 2842 1466 καὶ
2895 1413 3082 1484 ἀγάπῃ
3119 1411 3372 1483 Χριστοῦ,
3399 1411 3634 1463 τελειου-

2069 1507 2202 1576 μένη
2230 1505 2287 1557 έν
2319 1522 2376 1558 τε
2408 1507 2472 1576 τῇ
2499 1504 2758 1574 ὁμολογίᾳ
2805 1503 2860 1556 ἐν
2908 1521 2968 1557 τε
2993 1507 3104 1568 τοῖς
3135 1505 3450 1574 μυστηρίοις
3493 1503 3548 1555 ἓν
3571 1521 3630 1555 τε

2064 1601 2130 1668 τῇ
2159 1597 2252 1650 τοῦ
2280 1596 2504 1666 λουτροῦ
2525 1596 2802 1668 καθαρσίῳ
2829 1597 3073 1668 δυνάμει.
3095 1597 3214 1649 ’Ότι
3245 1598 3632 1657 Ἀπελθόντες

2061 1685 2401 1757 βαπτίσατε
2433 1693 2520 1756 είς
2550 1689 2747 1758 ὄνομα
2787 1688 3014 1756 Πατρός
3041 1689 3138 1742 καὶ
3169 1688 3304 1741 Υἱοῦ
3335 1687 3431 1740 καὶ
3463 1688 3634 1756 ἁγίου

2067 1785 2414 1854 Πνεύματος
2433 1801 2446 1812 ·
2479 1785 2557 1846 είς
2587 1783 2755 1854 ὄνομα
2777 1781 2834 1835 δὲ
2861 1783 3046 1852 θεῖκῆς
3069 1781 3317 1852 Τριάδος,
3343 1781 3636 1848 ὀνομασίας

2071 1874 2236 1944 μηδὲν
2287 1871 2585 1944 διαφορὰν³
2641 1871 2902 1942 ἐχούσηςο
2945 1873 3058 1924 ἀλλ’
3091 1874 3173 1925 ὅτι
3213 1871 3343 1932 Θεὸς
3391 1865 3470 1934 εἷς
3505 1873 3635 1939 ἡμῖν

2067 1969 2124 2018 ἐν
2161 1965 2312 2036 νόμῳ
2355 1965 2450 2018 καὶ
2495 1967 2554 2018 ἐν
2583 1965 2884 2035 προφήταις
2935 1964 3028 2016 καὶ
3066 1965 3124 2016 ἐν
3155 1963 3504 2030 Εὐαγγελίοις
3543 1961 3638 2014 καὶ

2067 2047 2125 2108 ἑν
2167 2053 2508 2118 ’Δποστόλοις
2543 2053 2680 2124 (85),
2732 2056 2789 2106 ἐν
2819 2053 3032 2122 Παλαιᾷ
3066 2051 3160 2106 καὶ
3195 2054 3370 2122 Καινῇ
3397 2050 3637 2124 Διαθήκῃ

2067 2149 2404 2219 κεκήρυκται
2445 2147 2539 2198 καὶ
2573 2145 2972 2216 κατήγγελται,
3009 2145 3195 2216 Πατὴρ
3239 2145 3333 2196 καὶ
3377 2144 3502 2206 Υἱὸς
3543 2131 3652 2198 καῖ

2069 2241 2222 2308 ἅγιον
2245 2239 2470 2309 Πνεῦμα
2487 2257 2499 2269 ·
2537 2240 2608 2309 μή
2630 2255 2713 2300 τις
2733 2237 3021 2306 συναλοιφὴ
3051 2231 3182 2289 οὖσα
3201 2237 3234 2306 ἡ
3250 2236 3470 2306 Θεότης,
3501 2235 3636 2288 ἀλλὰ

2069 2329 2238 2400 Τριὰς
2266 2323 2398 2381 οὖσα
2461 2327 2628 2391 ὅντως
2669 2327 2868 2391 τελεία,
2895 2327 3095 2390 τέλειος
3131 2327 3161 2376 ὁ
3191 2325 3398 2396 Πατὴρ,
3434 2325 3636 2388 τέλειος

2067 2422 2096 2472 ὁ
2143 2418 2524 2483 Υίδς,.τέλειον
2551 2419 2612 2470 τὸ
2641 2417 2863 2488 Πνεῦμα
2889 2417 2951 2470 τδ
2987 2416 3161 2485 ἅγιον,
3195 2417 3292 2486 μία
3317 2415 3524 2484 θεότης,
3555 2409 3636 2478 εἷς

2069 2512 2200 2575 Θεός
2225 2530 2238 2542 ·
2263 2503 2308 2578 ᾧ
2328 2513 2361 2580 ἠ
2381 2509 2526 2574 δόξα,
2547 2510 2682 2581 τιμὴ
2713 2511 2806 2564 καὶ
2832 2510 3027 2581 κράτος
3051 2511 3130 2572 εἰς
3154 2509 3278 2571 τοὺς
3307 2507 3504 2571 αἰῶνας
3527 2506 3636 2558 τῶν

2069 2600 2299 2656 αἰώνων.
2348 2601 2538 2671 Ἀμήν.

2142 2775 2240 2828 ῐΘ’.
2280 2773 2426 2846 Αὕτη
2481 2773 2628 2826 ἐστὶν
2655 2775 2688 2843 ἡ
2726 2773 2926 2836 πίστις,
2959 2774 2992 2842 ἡ
3037 2771 3137 2842 τῆς
3179 2769 3453 2840 ἡμετέρας
3493 2766 3640 2838 ζωῆς

2073 2867 2424 2938 πραγματεία
2441 2883 2456 2897 ο
2488 2867 2644 2918 τοῦτο
2666 2865 2725 2917 τὸ
2751 2865 2980 2936 ἔρεισμα
3003 2863 3102 2933 τῆς
3123 2861 3404 2933 ἀληθείας-
3439 2861 3574 2931 αῦτη
3601 2857 3640 2930 ἡ

2077 2959 2342 3029 παρθένος
2365 2957 2598 3027 Χριστοῦ
2642 2958 2735 3012 καὶ
2761 2957 3053 3028 περιστερὰ
3075 2955 3277 3016 ἄκακος
3293 2971 3304 2984 ·
3327 2953 3464 3024 αῦτη
3491 2953 3644 3006 ἐστὶν

2076 3055 2110 3122 ἡ
2152 3050 2265 3122 ζωὴ
2311 3051 2404 3105 καὶ
2431 3052 2463 3120 ἡ
2493 3049 2644 3112 ἐλπὶς
2675 3049 2769 3101 καὶ
2797 3051 2830 3118 ἡ
2863 3047 3152 3116 βεϐαίωσις
3182 3046 3280 3115 τῆς
3311 3043 3636 3114 ἀφθαρσίας.

2091 3144 2250 3198 Ἀλλά
2275 3141 2573 3215 παρακαλῶ
2617 3141 2822 3204 πάντας
2867 3141 3010 3210 ὑμᾶς
3054 3140 3182 3200 τοὺς
3221 3137 3646 3206 ἐντυγχάνοντας

2083 3237 2386 3306 συγγνῶναι
2416 3239 2482 3307 τῇ
2514 3237 2618 3306 ἐμῇ
2635 3233 2980 3303 ταπεινότητι
3011 3234 3103 3286 καὶ
3125 3231 3373 3300 ἀσθενείᾳ
3397 3230 3489 3282 τοῦ
3517 3229 3646 3299 βρα-

2082 3327 2311 3396 χυτάτου
2349 3341 2448 3396 μου
2493 3323 2606 3387 νοῦ,
2646 3322 2737 3374 τοῦ
2763 3321 2870 3375 ἀπὸ
2901 3321 3093 3374 πολλοῦ
3135 3320 3242 3373 τῶν
3266 3320 3525 3390 αἱρέσεων
3567 3315 3645 3369 ίοῦ

2083 3419 2580 3488 ἁποναρκήσαντος.
2617 3415 3212 3487 καὶηάποσικχαίνοντος
3239 3412 3372 3483 (84),
3405 3413 3478 3473 ὡς
3517 3413 3650 3464 ἀπο-

2085 3507 2340 3568 πτύοντος
2369 3507 2523 3576 δίκην
2547 3507 2638 3558 καί
2664 3505 3006 3566 ναυτιῶντος,
3024 3503 3088 3555 δι’
3126 3495 3201 3556 ὧν
3221 3503 3340 3572 Ιἢτοι
3365 3499 3649 3570 αὐστηρῶς

2087 3598 2222 3670 πρός
2260 3615 2409 3660 τινας
2439 3597 2734 3667 φερόμενος
2758 3595 2986 3665 ὴνέχθην
3016 3593 3104 3646 διὰ
3129 3595 3407 3664 ῥημάτων,
3438 3593 3474 3665 ἢ
3494 3591 3653 3645 καλέ-

2089 3709 2187 3754 σας
2215 3688 2364 3752 τινὰς
2383 3688 2730 3760 ἁλητηρίους,
2773 3686 2806 3755 ἢ
2841 3686 3156 3756 ἀγύρτας,ἢ
3185 3683 3654 3752 πεπλανημένους,

2090 3783 2122 3854 ἦ
2186 3779 2527 3842 ἀπατεῶνας.
2579 3779 2675 3830 Διὰ
2726 3778 2831 3850 γὰρ
2891 3777 2982 3829 τὸν
3023 3777 3187 3828 πολὺν
3221 3774 3380 3826 πόνον
3419 3771 3510 3825 τοῦ
3549 3771 3650 3836 ἰοῦ,

2090 3875 2264 3928 καίτοι
2297 3891 2361 3941 γε
2405 3873 2477 3945 μὴ
2522 3873 2735 3942 ἔχοντες
2779 3869 2898 3932 ἐθος
2956 3869 3260 3939 προχείρως
3293 3863 3656 3919 ἐπισκώπτειν

2089 3966 2260 4030 τινὰς,
2277 3967 2521 4033 ἀνάγκην
2546 3966 2855 4034 ἐσχήκαμεν
2887 3961 3144 4022 τοιούτοις
3165 3958 3358 4020 αὐτοὺς
3385 3953 3660 4009 διαθέσθαι

2091 4063 2203 4122 τοῖς
2233 4061 2486 4130 ῥήμασιν,
2509 4057 2593 4108 ἵνα
2637 4053 3064 4124 ἀποστρέφωμεν
3093 4051 3188 4122 τὴν
3231 4048 3465 4143 διάνοιαν
3501 4061 3660 4098 τινων

2097 4151 2171 4220 μή
2222 4167 2296 4221 πη
2346 4149 2636 4218 νομίσωσιν
2675 4147 2820 4217 ἡμᾶς
2856 4144 2943 4197 διὰ
2977 4141 3304 4212 τὸζάφανδὸν
3335 4141 3354 4169 ⁸
3389 4137 3462 4210 μὴ
3505 4137 3660 4206 δεδη-

2099 4240 2467 4312 μοσιευκέναι,
2526 4236 2980 4304 ἀποκαλύψαντας
3029 4233 3098 4287 τὰ
3127 4233 3254 4304 παρ’
3287 4231 3468 4290 αὐτοῖς
3505 4227 3660 4293 λεγόο

2100 4350 2237 4405 μενα
2268 4333 2301 4402 ἢ
2325 4332 2602 4401 γινόμενα,
2647 4328 2810 4400 μέρος
2839 4327 2980 4398 ἔχειν
3013 4323 3248 4386 διανοίας
3277 4317 3664 4389 συγκατατιθε-

2103 4425 2352 4494 μένηςτῇ
2389 4421 2518 4494 παρ’
2555 4421 2757 4490 ἐκάστῃ
2793 4417 2901 4470 τῶν
2929 4417 3189 4488 αἱρέσεων
3214 4411 3523 4482 κακοδοξίᾳ..
3554 4411 3660 4461 Πε-

424 4512 646 4564 haeresis
676 4511 929 4580 opinione
968 4528 1076 4566 non
1119 4515 1432 4570 abhorrere.
1466 4515 1584 4582 Qua
1607 4517 1672 4572 de
1705 4533 1763 4574 re
1802 4521 1978 4589 paucis

2099 4516 2332 4586 ποίημαι
2371 4513 2428 4567 δὲ
2462 4513 2558 4566 καὶ
2613 4511 2895 4583 προοίμιον
2945 4511 3002 4561 ἐν
3045 4507 3206 4577 ὀλίγῳ
3230 4509 3308 4570 είς
3349 4506 3448 4576 τὴν
3490 4503 3664 4610 ἀρχὴν

422 4603 602 4671 operis
621 4603 953 4672 lmjusinitio
977 4605 1180 4674 prmfati
1208 4622 1397 4662 sumus
1419 4623 1480 4661 ac
1521 4611 1990 4678 praemuniendum

424 4695 680 4748 lectorem
711 4697 1039 4763 putavimus,
1071 4712 1178 4751 non
1203 4699 1319 4754 sine
1341 4699 1674 4772 praefatione
1697 4703 1887 4766 veniat,
1924 4720 1990 4758 ne

425 4785 547 4852 quis
569 4787 891 4852 injuriarum
923 4802 1024 4840 nos
1053 4803 1174 4843 reos
1200 4801 1403 4860 ageret,
1433 4793 1590 4860 quasi
1621 4808 1799 4848 causa:
1831 4795 1991 4850 boni-

426 4882 536 4928 tate
565 4875 689 4929 victi
722 4877 786 4928 ad
823 4876 1054 4931 dicteria
1094 4879 1403 4948 probraque
1447 4880 1895 4952 confugeremus.
1931 4885 1987 4939 In

425 4965 614 5020 eodem
647 4981 775 5021 vero
795 4969 1059 5036 procemio
1087 4969 1534 5038 signiﬁcavimus,
1561 4989 1808 5043 quamam
1841 4989 1870 5028 a
1896 4991 1992 5029 no-

503 5169 514 5198 '
560 5166 718 5223 Joan.
756 5170 921 5234 v,29.
999 5173 1020 5200 ’
1051 5171 1241 5226 Matth.
1265 5189 1453 5240 xxvnt,
1492 5175 1577 5230 i9.
1657 5177 1678 5208 ³
1711 5175 1772 5230 F.
1803 5177 2076 5250 διάφορον.

502 5365 880 5443 (SQLDiv-crsa
913 5369 1350 5443 interpunctione
1383 5371 1496 5443 haec
1525 5369 1781 5443 distincta
1814 5373 2000 5443 legun-

429 5445 519 5487 tur
551 5439 604 5488 in
631 5435 920 5491 Petaviana
947 5435 1204 5502 editione,
1225 5441 1314 5493 διὰ
1342 5441 1578 5503 πίστεως
1615 5435 1891 5505 σώζουσαξ
1904 5447 2002 5497 καὶ

431 5506 648 5582 ἐλπίδος
688 5509 1082 5582 κρατυνομένη,
1108 5511 1228 5582 ’καὶ
1271 5511 1457 5582 ἀγάπῃ
1494 5511 1728 5582 ξριστοῦ
1767 5511 2001 5565 τελειου-

435 5575 593 5652 μένη,
625 5575 680 5628 ἐν
713 5575 770 5628 τε
804 5580 868 5647 τῇ
896 5575 1178 5652 ’ὁμολογίᾳ
1200 5575 1392 5652 βιοξΕι
1429 5575 1480 5633 in
1509 5575 1697 5634 Latina
1729 5582 2000 5652 interpre-

433 5645 656 5722 tatione,
698 5645 1012 5713 perturbata
1059 5645 1343 5718 Epiphanii
1393 5659 1570 5722 mente
1621 5652 1837 5714 dicitur,
1873 5645 1998 5722 ὶιιιαε

431 5727 520 5770 per
545 5717 702 5782 ﬁdem
725 5727 926 5778 servat;
955 5735 1042 5786 spe
1063 5717 1452 5783 cerroboratur,
1485 5719 1680 5775 Christi
1715 5717 1993 5782 charitate,

434 5797 524 5837 nec
547 5801 669 5848 non,
701 5796 805 5842 etc.
843 5787 972 5851 Quae
999 5805 1028 5842 a
1057 5787 1350 5845 Thomasio
1377 5791 1512 5847 bene
1547 5793 1793 5847 restituta
1825 5791 1992 5848 vides.

2099 4607 2194 4661 τοῦ
2223 4606 2616 4676 συντάγματος,
2647 4604 2774 4673 περὶ
2797 4599 3000 4654 τούτων
3031 4599 3208 4652 αὐτῶν
3235 4593 3666 4668 προτασφαλιζό-

2103 4717 2262 4768 μενος
2289 4697 2385 4750 καὶ¹
2416 4695 2743 4766 συγγνώμην
2774 4694 2970 4758 αὐτῶν,
3003 4692 3090 4745 ἵνα
3120 4692 3194 4762 μή
3224 4707 3308 4753 τις
3328 4689 3516 4742 ἁδίαν⁵
3545 4687 3669 4742 τινὰ

2099 4793 2178 4854 είς
2207 4792 2354 4860 ἡμᾶς
2383 4789 2648 4861 ἐνσκήψῃ,
2679 4789 2756 4850 ὡς
2797 4785 3142 4857 ἡττωμένους
3164 4783 3423 4854 νομίζων,
3449 4781 3543 4834 καὶ
3577 4779 3669 4833 ἐπὶ

2098 4885 2159 4937 τὸ
2185 4883 2456 4938 σκώπτειν
2471 4881 2777 4952 ὁρμῶντας.
2803 4877 3113 4947 Ἐδείξαμεν
3142 4876 3196 4928 δέ
3216 4877 3274 4928 ἐν
3297 4874 3376 4944 τῷ
3404 4872 3670 4945 προοιμίῳ

2100 4979 2192 5031 καὶ
2221 4977 2346 5048 περὶ
2377 4975 2542 5028 ποίων
2565 4973 2861 5044 ἐμέλλομεν
2875 4971 3048 5039 λέγειν
3069 4969 3359 5040 αἱρέσεων,
3390 4969 3467 5031 εἰς
3499 4967 3670 5026 πόσας

2153 5179 2174 5210 ⁸
2203 5177 2264 5232 F.
2295 5177 2613 5247 ἀναφανδόν.
2691 5177 2710 5206 ⁵
2743 5175 2804 5230 F.
2836 5174 3063 5228 ἀδικίαν.

2177 5375 2287 5444 (85)
2337 5375 2546 5444 Καὶ
2585 5375 2990 5438 Ἀποστόλοις.
3033 5371 3286 5428 Petavius
3329 5371 3504 5444 reddit
3533 5371 3670 5435 apud

2104 5439 2421 5514 Apostolus;
2449 5443 2546 5499 sed
2577 5445 2769 5497 melius
2812 5445 3012 5497 dicitur
3043 5445 3094 5496 in
3110 5442 3409 5514 kApostolis.
3447 5439 3669 5494 Veteres

2103 5511 2248 5570 enim
2280 5515 2873 5584 Apostolosgvocahant
2914 5514 3080 5568 libros
3109 5511 3472 5582 Epistolarum
3499 5525 3667 5565 cano—

2107 5581 2352 5641 nicaruni
2393 5583 2526 5639 Novi
2561 5581 2908 5636 Testamenti.

2181 5656 2290 5726 (84)
2323 5657 2429 5722 Γρ.
2478 5651 2975 5726 ἀποτυγχάνοντος,
3029 5653 3122 5709 sed
3165 5667 3347 5708 veram
3385 5650 3670 5706 lectionem

2107 5743 2172 5782 ex
2191 5723 2368 5796 Regio
2399 5723 2753 5781 rcstituimus.
