4118 6402
439 360 535 417 εει

1097 357 1466 415 ADVERSUS
1508 350 1853 410 HERESES
1886 351 2016 406 LIB.
2059 351 2149 406 Ill.
2193 350 2354 407 ΤΟΜ.
2401 351 2555 404 11.--
2593 347 2960 404 EXPOSITIO
2995 345 3196 404 FIDE].

3588 347 3694 402 εεε

439 499 499 535 τε
559 477 773 548 βιϐλους
805 480 1072 550 διείλομεν
1113 481 1210 550 τὴν
1262 481 1441 533 πᾶσαν
1489 473 1911 547 πραγματείαν⁸
1957 473 2016 525 ἐν

2143 473 2203 528 iis
2239 469 2540 527 tractandae
2573 476 2758 526 essent
2797 468 3056 533 haereses,
3093 473 3209 520 tum
3243 436 3377 534 quot
3423 465 3478 518 in
3523 463 3695 517 libros

441 573 660 641 ἑκάστῳ
683 571 740 624 δὲ
777 571 965 641 βιϐλίῳ
987 572 1116 642 περὶ
1150 571 1331 624 πόσων
1363 571 1455 623 καὶ
1477 568 1644 620 παίων
1678 565 1980 636 εἰρήκαμεν
2001 579 2015 593 ο

441 661 516 724 ib;
543 662 636 713 καὶ
667 659 900 715 ἐνταῦθα
933 661 1093 713 πάλιν
1139 658 1618 731 ἐπιμνημονεύσας
1647 656 1851 726 ὁμοίως
1889 654 2022 706 ὑπο·-

441 751 713 820 δείκνυμι,
769 753 849 814 εἰς
898 751 1162 820 ὠφέλειαν
1219 747 1551 819 πανταχόθεν
1600 747 1707 800 τῶν
1757 745 2022 813 ἐντυγχα-

445 844 664 896 νόντων.

518 939 602 988 Κ’.
631 934 742 987 Καὶ
778 934 884 987 εἰσὶ
927 935 1023 1003 μὲν
1071 935 1250 1005 βιϐλία
1283 935 1430 1005 τρία,
1460 933 1616 1003 τόμοι
1649 929 1810 984 ἐπτὰ.
1836 927 1949 982 Καὶ
1967 929 2025 980 ἐν

451 1027 549 1097 μὲν
591 1026 668 1097 τῷ
714 1027 914 1098 πρώτῳ
975 1027 1166 1097 βιϐλίῳ
1194 1027 1436 1098 αἱρέσεις
1472 1031 1587 1094 μς¹,
1624 1021 1763 1076 κατὰ
1793 1017 2024 1102 ἀριθμὸν

448 1119 728 1190 ὀνομάτων
769 1119 1107 1190 ἐγκείμεναι,
1163 1121 1257 1173 καὶ
1292 1118 1434 1171 κατὰ
1460 1117 1648 1188 εἱρμὸν
1687 1114 1908 1186 πρώτης
1933 1112 2026 1168 καὶ

450 1210 710 1281 δευτέρας
735 1210 838 1274 ἕως
860 1211 960 1280 τῆς
984 1210 1299 1272 τελευταίας
1325 1207 1593 1279 τυχούσης
1628 1206 1810 1276 βίϐλου
1848 1208 2028 1273 ἐγκει-

456 1301 648 1371 μένης·
686 1302 767 1354 ὃτι
804 1303 837 1372 ή
865 1301 963 1372 μὲν
998 1301 1187 1371 πρώτη
1216 1299 1395 1370 βίϐλος
1425 1298 1538 1369 ἔχει
1571 1297 1810 1368 αἱρέσεις
1839 1295 1934 1366 μς¹
1970 1295 2028 1346 ἐν

451 1393 638 1462 τόμοις
671 1392 836 1464 τρισί.
895 1393 958 1445 Ἡ
989 1392 1045 1444 δὲ
1086 1391 1314 1461 δευτέρα
1348 1390 1528 1459 βίϐλος
1569 1387 1809 1460 αἱρέσεις
1838 1393 1944 1454 κγ’,
1972 1388 2028 1439 ἐν

449 1482 636 1552 τόμοις
670 1479 842 1534 δυσίν.
881 1477 947 1532 Ἦ
976 1477 1033 1531 δὲ
1083 1479 1238 1550 τρίτη
1267 1477 1448 1548 βίϐλος
1487 1478 1726 1550 αἱρέσεις
1753 1477 1840 1544 ια’,
1868 1481 1926 1531 ἐν
1950 1478 2043 1531 τό-

454 1589 576 1643 μοις
596 1571 768 1626 δυσίν.
793 1571 1002 1635 Πάντες
1025 1569 1204 1624 τοίνυν
1232 1573 1280 1624 οἱ
1307 1569 1387 1641 τῷ
1417 1571 1551 1642 πονή
1563 1588 1688 1641 ματι
1720 1573 1753 1643 ἡ
1764 1570 1881 1642 μῶν
1912 1587 2046 1641 συμ-

449 1663 760 1727 πονοῦντες,
805 1665 900 1717 καὶ
945 1663 1321 1734 σπουδάσματι
1372 1663 1718 1733 ἐντυγχάνειν
1771 1663 2044 1734 μακροθυ-

2125 573 2297 618 totum
2326 578 2464 634 opus
2504 568 2649 618 esset
2677 559 3059 622 distributum,
3102 557 3300 612 deinde
3327 562 3462 626 quot
3500 562 3555 610 et
3597 570 3698 608 cu-

2119 653 2362 723 jusmodi
2412 654 2468 708 in
2515 665 2958 721 unumquemque
3019 649 3219 703 librum
3261 647 3515 715 conjecta
3564 645 3693 699 sint.

2127 746 2258 813 Quae
2298 746 2575 801 memoria).
2606 758 2774 800 causa
2806 743 2874 798 ad
2922 744 3187 798 lectorum
3236 741 3528 821 utilitatem
3566 735 3696 792 libet

2127 839 2232 893 hoc
2260 838 2385 891 loco
2409 844 2677 906 repetere.

2195 929 2312 983 XX.
2356 927 2492 984 Tres
2524 929 2706 998 itaque
2733 927 2859 981 libri
2885 933 3012 982 sunt
3041 932 3246 995 septem
3281 924 3336 978 in
3368 931 3544 978 tomos
3572 934 3698 991 par-

2126 1017 2235 1070 titi.
2266 1016 2486 1072 Primus
2519 1015 2659 1070 liber
2690 1015 2926 1070 haereses
2959 1029 3054 1068 sex
3083 1020 3137 1067 et
3159 1011 3516 1082 quadraginta
3540 1023 3696 1064 com-

2127 1107 2383 1178 plectitur
2417 1126 2429 1162 :
2463 1121 2694 1177 quarum
2741 1107 2964 1161 nomina
3011 1104 3327 1176 singillatim
3370 1116 3699 1174 percensen-

2130 1208 2239 1266 tur,
2287 1210 2504 1255 servato
2558 1198 2758 1269 prioris
2804 1208 2858 1252 et
2896 1197 3213 1266 posterioris
3263 1209 3324 1248 ac
3366 1193 3700 1264 reliquarum

2129 1291 2386 1360 deinceps
2422 1290 2489 1345 ad
2525 1297 2858 1359 postremam
2907 1301 3080 1356 usque
3116 1286 3241 1340 libri
3283 1284 3450 1338 totius
3485 1281 3696 1336 ordine.

2130 1382 2272 1453 Ergo
2320 1383 2528 1453 primus
2553 1383 2687 1437 liber
2721 1381 2882 1435 tomis
2911 1380 3087 1434 tribus
3112 1394 3234 1433 XLVI
3259 1377 3494 1431 haereses
3535 1373 3703 1428 conti-

2130 1482 2256 1541 net;
2291 1474 2564 1529 secundus
2616 1473 2781 1527 tomis
2809 1471 3024 1526 duobus
3055 1470 3289 1524 haereses
3355 1483 3489 1522 χχιιι
3511 1483 3546 1533 ;-
3583 1473 3705 1517 ter-

2131 1567 2242 1620 tius
2271 1565 2508 1635 denique
2539 1564 2751 1619 duobus
2796 1563 2957 1617 tomis
3002 1563 3237 1616 haereses
3269 1575 3344 1612 xi.
3379 1555 3490 1611 Vos
3537 1555 3705 1626 igitur

2131 1670 2342 1720 omnes,
2377 1654 2472 1725 qui
2521 1669 2863 1709 communem
2899 1653 3045 1707 hunc
3083 1666 3295 1707 mecum
3325 1649 3566 1705 laborem
3610 1659 3704 1699 ca-

454 1756 702 1828 μοῦντες,
733 1755 1068 1827 διερχόμενοί
1104 1773 1195 1817 τε,
1229 1754 1620 1826 παρακλήθητε
1651 1756 1744 1808 καὶ
1774 1753 2041 1826 ἀξιώθητε

2143 1747 2377 1818 pessitis,
2408 1756 2464 1803 et
2511 1747 2653 1800 hanc
2684 1752 2929 1800 nostram
2965 1743 3401 1798 lucubrationem
3434 1739 3707 1810 patienter

449 1849 547 1918 τὴν
569 1846 836 1916 ὠφέλειαν
868 1847 1252 1919 ἐπικερδῆσαι,
1282 1847 1350 1899 τά
1382 1846 1438 1899 δὲ
1465 1845 1602 1917 ἀηδῆ
1643 1844 1751 1898 τῶν
1777 1843 2041 1916 αἱρέσεων

2143 1838 2380 1893 evolvere
2415 1837 2667 1905 studetis,
2701 1852 2836 1908 rogo
2881 1837 3177 1906 plurimum
3233 1843 3287 1888 et
3326 1832 3608 1894 exhortor,
3653 1835 3710 1883 et

449 1939 559 1994 ἀπὸ
584 1938 678 1992 τοῦ
707 1939 826 2002 νοὸς
847 1938 1170 2008 ἀποτρέψαι.
1198 1937 1273 1990 Οὐ
1302 1937 1412 2008 γάρ
1437 1939 1514 2000 εἰς
1541 1935 1743 2007 βλάϐην
1769 1933 2039 1989 ἀπεκαλύ-

449 2033 654 2104 ψαμεν,
691 2031 804 2085 ἀλλ’
851 2035 929 2096 εἰς
965 2030 1230 2100 ὠφέλειαν
1271 2030 1366 2083 καὶ
1411 2029 1795 2099 παρατήρησιν
1823 2025 1914 2078 τοῦ
1965 2025 2040 2096 μὴ

449 2125 712 2193 ἐμπεσεῖν
729 2125 809 2188 είς
837 2123 1132 2192 ἐπαγωγὴν
1151 2120 1261 2175 τῶν
1282 2119 1714 2192 προειρημένων.
1739 2116 2048 2179 Διελθόντες

447 2215 506 2268 δὲ
525 2215 615 2268 τὸν
639 2213 815 2269 πάντα
841 2215 1084 2284 κάματον
1106 2212 1140 2284 ἢ
1171 2213 1264 2266 καὶ
1293 2211 1455 2282 μέρη,
1475 2210 1616 2281 ὑπὲρ
1639 2211 1670 2280 ἡ
1680 2206 1794 2278 μῶν
1816 2204 2045 2273 εὔξασθε

449 2303 545 2358 καὶ
586 2304 963 2369 καταξιώσατε
993 2303 1079 2356 ἵνα
1123 2304 1151 2354 ὁ
1193 2299 1328 2363 Θεὸς
1364 2299 1473 2370 δῴη
1512 2297 1675 2369 μέρος
1713 2298 1845 2367 ἡμῖν
1887 2295 1946 2346 ἐν
1975 2294 2044 2364 τῇ

448 2396 580 2468 ἁγίᾳ
618 2397 712 2450 καλ⁸
760 2396 894 2468 μόνῃ
944 2395 1204 2466 καθολικῇ
1241 2393 1338 2448 καὶ
1386 2389 1718 2460 ἀποστολικῇ
1743 2384 2046 2456 Ἐκκλησία

447 2488 543 2541 καὶ
567 2488 793 2561 ἀληθινῇ
831 2491 925 2543 καὶ
950 2487 1153 2558 ζωτικῇ
1179 2488 1274 2540 καὶ
1299 2483 1654 2557 σωτηριώδει,
1688 2481 1782 2536 καὶ
1813 2479 2046 2552 ρύσηται

458 2575 608 2644 ἡμᾶς
655 2573 766 2626 ἀπὸ,
819 2572 998 2642 πάσης
1040 2573 1339 2642 αἱρέσεως·
1373 2573 1467 2623 καὶ
1502 2571 1554 2622 εί
1579 2587 1630 2622 τι
1669 2569 1742 2632 ὼς
1764 2569 2039 2642 ἄνθρωποι

446 2662 538 2732 ιμὴ
569 2661 854 2730 δυνάμενοι
882 2661 975 2713 ἐπὶ
1021 2660 1082 2712 τὸ
1136 2661 1310 2731 πέρας
1349 2660 1751 2728 ἁποτεινόμενοι
1774 2659 1874 2728 τῆς
1907 2659 2042 2711 ἀκα-

447 2737 734 2822 ’ταλήπτου
757 2750 849 2804 καὶ
891 2751 1283 2819 ἀνεκδιηγήτου
1311 2748 1585 2818 θεότητος,
1618 2748 1730 2800 ἀλλ’
1756 2749 1830 2810 ὡς
1863 2765 2042 2800 στενο-

461 2839 796 2911 χωρούμενοι
838 2841 918 2903 είς
964 2838 1279 2905 ἀπολογίαν,
1317 2838 1456 2908 ὑπὲρ
1498 2835 1631 2889 Θεοῦ
1681 2837 2040 2906 διηγήσασθαι

463 2933 822 3004 ἀνθρωπίνως
845 2931 1250 3002 ἠναγκασμένοι
1266 2928 1435 2999 τόλμῃ
1458 2927 1656 2998 ἠνέχθη
1667 2945 1784 2998 μιν,
1809 2944 2044 2996 συγγνω-

467 3023 757 3093 μονοῦντος
778 3021 872 3076 τοῦ
893 3021 1028 3076 Θεοῦ
1057 3022 1151 3074 καὶ
1175 3021 1330 3090 ὑμεῖς
1349 3021 1502 3073 αὐτοὶ
1528 3021 2038 3090 συγγνωμονῆσατε.

2133 1929 2210 1982 uti
2250 1928 2400 1998 digni
2446 1927 2570 1982 sitis
2600 1928 2820 1998 postulo
2872 1925 3113 1980 fructum
3160 1923 3324 1979 istinc
3373 1921 3611 1991 aliquem
3656 1928 3709 1972 et

2135 2020 2425 2074 utilitatem
2481 2035 2699 2090 capere,
2745 2027 2908 2088 atque
2955 2018 3235 2074 haereseon
3283 2013 3588 2068 molestiam
3643 2024 3710 2064 ae

2134 2110 2432 2180 perniciem
2468 2111 2537 2164 ab
2579 2111 2778 2166 animis
2825 2111 3020 2164 vestris
3050 2107 3367 2178 longissime
3407 2117 3706 2158 rem0vere.

2136 2201 2255 2256 Non
2287 2201 2433 2256 enim
2479 2201 2602 2256 illas
2648 2201 2973 2270 cujusquam
3003 2200 3071 2254 ad
3094 2198 3340 2253 fraudem
3378 2196 3713 2264 exitiumque

2137 2291 2516 2362 patefecimus,
2549 2292 2646 2348 sed
2672 2293 2740 2346 ad
2772 2293 3059 2347 utilitatem
3091 2299 3253 2362 atque
3281 2287 3618 2354 cautionem,
3646 2300 3715 2340 ne

2139 2382 2206 2437 ad
2258 2390 2719 2438 commemoratas
2777 2384 2903 2438 illas
2957 2383 3192 2438 haereses
3252 2380 3526 2436 illecebris
3586 2377 3716 2433 ullis

2139 2474 2431 2545 quisquam
2463 2475 2834 2544 pertrahatur.
2857 2474 3030 2530 Porro
3060 2475 3152 2529 ubi
3174 2480 3350 2528 totum
3383 2471 3530 2526 istud
3550 2486 3714 2540 opus,

2139 2564 2330 2634 ejusve
2357 2577 2566 2636 partem
2592 2568 2832 2637 aliquam
2861 2566 3089 2636 legendo
3112 2565 3518 2636 percurreritis,
3545 2563 3714 2617 Deum

2141 2673 2239 2727 pro
2263 2659 2424 2714 nobis
2457 2659 2822 2724 obsecratote,
2847 2669 2901 2716 et
2934 2660 3068 2715 illud
3102 2660 3396 2730 impetrare
3423 2656 3716 2718 studetote,

2141 2749 2302 2805 nobis
2330 2759 2389 2804 ut
2420 2751 2510 2806 ille
2547 2752 2727 2806 locum
2769 2753 3002 2822 aliquem
3046 2753 3106 2806 in.
3141 2758 3332 2806 sancta
3369 2749 3595 2819 solaque
3627 2761 3720 2801 ca-

2146 2841 2350 2895 tholica
2390 2851 2446 2896 et
2475 2843 2774 2911 apostolica
2803 2842 3069 2908 Ecclesia,
3109 2842 3408 2912 eademque
3448 2854 3598 2904 vera,
3638 2838 3720 2892 vi-

2143 2932 2325 2997 viﬁca,
2364 2934 2701 3004 salutarique
2734 2935 2973 3001 tribuat,
3010 2943 3123 2988 tum
3169 2943 3228 2988 ut
3264 2949 3367 2988 nos
3396 2932 3465 2987 ab
3495 2931 3720 2987 haeresis

2145 3026 2326 3080 omnis
2377 3027 2703 3096 contagione
2750 3027 2963 3082 liberet.
2999 3026 3156 3092 Quod
3201 3027 3245 3081 si
3290 3025 3593 3095 quidpiam,
3641 3031 3724 3078 ut-

463 3119 574 3168 Καὶ
604 3116 766 3168 πάλιν
795 3112 1183 3183 ὑπερεύχεσθε,
1214 3110 1299 3163 ἵνα
1328 3112 1356 3163 ὁ
1391 3110 1595 3181 Κύριος
1622 3112 1686 3181 ἢν
1719 3109 2041 3181 ᾐτησάμεθα

2146 3127 2274 3188 pote
2313 3119 2584 3183 homines,
2617 3121 2710 3190 qui
2753 3119 3360 3190 incomprehensibilem
3395 3125 3450 3173 et
3491 3117 3724 3186 inexpli-

467 3207 662 3277 μερίδα
690 3209 819 3276 ἡμῖν
841 3205 948 3276 δῴη
978 3208 1034 3260 ἐν
1078 3209 1145 3277 τῇ
1189 3206 1319 3276 ἁγίᾳ
1357 3204 1521 3257 αὐτοῦ
1563 3204 1740 3255 πίστει
1771 3203 1866 3255 καὶ
1907 3202 2041 3272 μόνῃ

465 3299 862 3371 ἀπηλλαγμένῃ
905 3298 1085 3370 πάσης
1142 3297 1538 3367 ἐναντιότητος,
1597 3295 1690 3347 καὶ
1738 3295 1846 3348 τῶν
1896 3294 2040 3347 ἰδίων

464 3387 877 3460 ἁμαρτημάτων
910 3387 1120 3440 πολλῶν
1155 3387 1324 3440 ὄντων
1358 3385 1706 3456 συγχώρησιν
1748 3385 2042 3455 ποιήσηται

465 3483 524 3540 ὲν
549 3479 768 3551 Χριστῷ
818 3481 991 3552 Ἰησοῦ
1029 3480 1108 3552 τῷ
1144 3481 1334 3552 Κυρίῳ
1362 3480 1552 3550 ἡμῶν*
1577 3478 1644 3531 δι’
1681 3472 1741 3531 οῦ
1787 3480 1879 3532 καὶ
1925 3478 2042 3549 μεθ’

464 3567 527 3630 οῦ
550 3574 676 3641 δόξα
707 3572 784 3643 τῷ
817 3575 994 3645 Πατρὶ
1043 3575 1139 3628 σὺν
1197 3574 1336 3645 ἁγίῳ
1379 3571 1656 3638 Πνεύματι
1701 3573 1782 3636 εἱς
1819 3571 2041 3635 αἰῶνας.

479 3665 673 3736 Ἀμήν.

2150 3212 2381 3266 cabilem
2437 3213 2586 3266 illam
2630 3212 2967 3267 divinitatem
3012 3212 3230 3281 penitus
3273 3209 3512 3279 assequi,
3565 3216 3619 3262 et
3653 3207 3722 3262 ad

2145 3311 2452 3356 extremum
2488 3316 2662 3371 usque
2687 3309 2975 3372 penetrare
3011 3301 3219 3372 1103
3245 3317 3352 3355 non
3389 3316 3721 3370 possumus,

2151 3391 2247 3447 sed
2297 3393 2354 3446 in
2403 3394 2815 3463 angustiaseas
2867 3394 3125 3462 conjecti,
3158 3401 3219 3447 ut
3263 3393 3428 3448 divini
3478 3393 3722 3448 numinis

2148 3483 2525 3553 propugnandi
2580 3486 2755 3554 gratia
2814 3484 3063 3555 quedam
3105 3499 3204 3554 pro
3270 3485 3508 3539 humano
3559 3490 3720 3554 captu

2148 3572 2422 3627 disserere
2452 3574 2626 3627 coacti
2658 3573 2869 3641 simus;
2903 3575 2948 3629 si
2973 3575 3129 3645 quid,
3156 3577 3401 3646 inquam,
3435 3577 3599 3646 paulo
3625 3591 3725 3630 au-

2149 3663 2340 3717 dacius
2374 3662 2625 3729 fecimus,
2663 3665 3008 3720 condonante
3038 3665 3170 3731 Deo,
3201 3681 3298 3722 vos
3324 3676 3377 3722 et
3415 3667 3560 3721 istud
3591 3667 3725 3720 mihi

467 3759 787 3814 condonare
820 3757 1020 3812 velitis.
1058 3757 1135 3811 Ac
1167 3771 1390 3810 rursum
1420 3754 1556 3810 illud
1602 3769 1722 3809 mea
1757 3769 1924 3809 causa
1955 3753 2142 3824 petite,
2189 3747 2265 3808 uti
2295 3754 2581 3820 Dominus,
2612 3773 2774 3827 quam
2803 3759 2872 3812 ab
2934 3773 3000 3814 eo
3059 3767 3262 3814 sortem
3324 3758 3726 3814 conditionem-

467 3868 574 3922 que
610 3854 816 3922 precati
863 3867 1076 3919 sumus,
1118 3851 1176 3905 in
1223 3851 1572 3907 sanctissima
1611 3867 1709 3905 sua
1755 3851 2041 3921 religione,
2076 3866 2198 3920 quae
2229 3852 2346 3909 sola
2377 3852 2446 3906 ab
2477 3854 2625 3908 omni
2657 3853 3097 3909 contradictione
3144 3855 3313 3909 libera
3359 3843 3470 3921 est,
3526 3868 3728 3909 conce-

468 3947 597 4001 dere
637 3963 746 4000 non
798 3957 1071 4017 gravetur,
1121 3961 1184 4001 ac
1235 3953 1586 4016 peccatorum
1628 3961 1892 4013 meorum,
1940 3961 2062 4017 qum
2107 3947 2244 4002 bene
2291 3949 2462 4002 multa
2508 3956 2656 4015 sunt,
2715 3951 2946 4019 gratiam
2994 3949 3192 4015 facere,
3230 3950 3285 4003 in
3327 3948 3547 4004 Christo
3596 3949 3728 4006 Jesu

469 4041 698 4094 Domino
725 4049 917 4095 nostro
948 4058 962 4096 ε
993 4056 1090 4110 per
1123 4055 1282 4110 quem
1316 4049 1520 4095 etcum
1547 4055 1656 4110 quo
1688 4040 1860 4108 gloria
1895 4039 2042 4096 Patri
2080 4024 2204 4096 cum
2241 4041 2449 4112 Spiritu
2482 4051 2678 4097 sancto
2700 4044 2752 4097 in
2784 4044 3001 4098 saecula.
3034 4042 3228 4096 Amen.

541 4135 672 4186 KA'.
705 4133 868 4186 Καὶά
902 4135 999 4203 μὲν
1037 4134 1163 4206 περὶ
1198 4135 1434 4197 πίστεως
1463 4134 1577 4203 ἕχει
1644 4134 1782 4204 αὕτη
1822 4136 1856 4204 ἡ
1909 4135 2041 4205 μόνη

2226 4135 2370 4188 XXI.
2416 4134 2688 4190 Hactenus
2730 4137 2895 4206 igitur
2920 4151 3168 4206 quaenam
3199 4142 3346 4190 esset
3369 4135 3532 4189 unius
3561 4142 3615 4189 et
3641 4149 3728 4188 ca-

471 4226 732 4297 καθολικὴ
779 4226 1098 4296 Ἐκκλησία,
1164 4228 1258 4280 καὶ
1318 4226 1616 4298 περιστερά
1672 4227 1898 4290 ἄκακος,
1950 4227 2041 4297 μία

2153 4225 2369 4281 tholicae
2399 4227 2658 4282 Ecclesiae
2690 4227 2846 4292 ﬁdes,
2894 4227 3178 4297 simplicis,
3211 4226 3456 4297 inquam,
3499 4226 3645 4281 illius
3671 4232 3728 4281 et

469 4315 604 4372 οὖσα
627 4317 703 4388 τῷ
724 4318 877 4389 ἀνδρὶ
894 4319 1082 4389 αὐτῆς,
1119 4317 1194 4382 ώς
1223 4319 1401 4387 λέγει’
1434 4320 1555 4372 Μία
1576 4319 1706 4371 ἐστὶ
1731 4317 2041 4385 περιστερά

2153 4317 2464 4374 innocentis
2509 4321 2794 4385 columbae,
2826 4335 2949 4390 quae
2984 4319 3147 4374 unica
3192 4327 3277 4374 cst
3326 4319 3446 4374 viro
3480 4334 3603 4385 suo,
3647 4319 3727 4374 uti

468 4426 605 4477 μου,
637 4409 730 4462 καὶ
762 4407 964 4478 ὁμοίως
1017 4409 1145 4478 περὶ
1193 4408 1300 4461 τῶν
1339 4409 1632 4478 ἀμυθήτων
1675 4409 1929 4467 νεανίδων
1971 4402 2041 4462 ὦν

2155 4409 2421 4479 scriptum
2465 4420 2548 4466 est
2580 4429 2592 4464 :
2629 4410 2746 4465 Una
2782 4420 2859 4466 est
2901 4411 3142 4465 columba
3186 4428 3303 4466 mea
3324 4413 3364 4476 ⁸,
3398 4427 3500 4467 nec
3530 4427 3642 4466 non
3671 4419 3746 4467 et~

469 4502 571 4554 οὐκ
597 4500 743 4553 ἔστιν
772 4499 1026 4571 ἀριθμὸς,
1085 4499 1362 4569 συντόμως
1411 4499 1623 4569 ἔφημεν
1642 4515 1654 4529 ·
1689 4499 1816 4571 περί
1851 4517 1911 4552 τε
1937 4501 2048 4559 Πα-

470 4593 598 4663 τρὸς
623 4593 717 4645 καὶ
747 4591 876 4645 Υἱοῦ
925 4593 1020 4645 καὶ
1062 4591 1216 4660 ἁγίου
1257 4591 1572 4660 Πνεύματος
1607 4592 2046 4663 ὀμοουσιότητος,

473 4684 567 4735 καλ⁴
602 4683 728 4753 περ)⁵
760 4684 858 4753 τῆς
887 4681 1154 4753 ἐνσάρκου
1193 4682 1430 4753 Χριστοῦ
1471 4683 1564 4735 καὶ⁹
1600 4681 1811 4746 τελείας
1849 4700 2052 4753 παρου-

475 4773 614 4834 σίας,
649 4775 742 4826 καὶ
788 4774 962 4827 ἄλλων
992 4774 1172 4844 μερῶν
1211 4773 1311 4843 τῆς
1356 4774 1622 4836 πίστεως·
1665 4773 1795 4844 περὶ
1834 4772 2052 4844 θεσμῶν

472 4859 529 4912 δὲ
548 4860 645 4930 τῆς
671 4861 840 4931 αὐτῆς
864 4861 973 4931 (85)
999 4863 1056 4913 ἐν
1080 4861 1243 4932 ὀλίγῳ
1275 4861 1374 4932 μέν
1398 4861 1485 4932 μοί
1502 4862 1618 4916 ἐστι
1645 4862 1806 4918 πάλιν
1838 4862 2052 4934 ἀνάγκη

548 5014 564 5044 ²
595 5015 753 5068 Cant.
794 5029 868 5079 vr,
898 5013 952 5068 8.

546 5169 659 5236 (85)
703 5169 843 5239 Περὶ
869 5169 1106 5242 θεσμῶν
1133 5169 1202 5224 δὲ
1234 5169 1344 5239 τῆς
1362 5169 1570 5239 αὐτῆς.
1621 5169 1848 5242 Egregia
1893 5171 2052 5226 dein~

476 5256 605 5308 reps
630 5256 693 5295 ac
727 5242 1020 5306 singularis
1052 5241 1347 5310 disputatio
1381 5243 1628 5311 sequitur
1661 5241 1728 5296 de
1759 5241 2048 5310 praecipuis

478 5311 734 5364 Ecclesiae
753 5311 981 5378 ritibus;
1007 5327 1168 5380 quem
1201 5311 1348 5364 velut
1376 5311 1747 5364 characterem
1770 5327 1833 5365 ac
1863 5320 2048 5365 notam

478 5380 720 5442 adhibet,
752 5396 858 5450 quo
891 5381 958 5434 ab
995 5380 1312 5439 adulterinis
1355 5381 1752 5436 conventiculis
1780 5383 2049 5436 catholica

480 5450 723 5504 Ecclesia
775 5451 1132 5518 dignoscitur.
1193 5451 1548 5516 Quibusnos
1596 5452 1933 5520 argumentis
1991 5467 2054 5506 ac

479 5521 654 5590 signis
681 5520 928 5590 perinde
965 5523 1067 5575 hoc
1115 5528 1358 5589 tempore
1403 5535 1587 5574 veram
1641 5536 1705 5574 ac
1751 5521 2051 5574 Romanam

479 5589 782 5644 ECclesiam
830 5589 1013 5645 a-fazce
1055 5591 1475 5645 novissimarum
1508 5591 1787 5646 haereseon
1821 5592 2056 5647 secerni-

481 5677 626 5714 nms.
658 5658 792 5729 Nam
820 5661 1062 5729 plerique
1091 5675 1282 5714 omnes
1315 5660 1401 5712 illi-
1423 5661 1624 5716 veteris
1650 5661 1907 5716 Ecclesiae
1937 5677 2055 5716 mo-

485 5745 573 5783 res
617 5731 671 5783 in
710 5728 986 5784 Romanae
1013 5746 1114 5786 usu
1155 5744 1220 5783 ac
1267 5729 1662 5785 consuetudine
1710 5730 2050 5786 resederunt.

486 5799 750 5866 Quocirca
772 5802 930 5870 pauci
951 5801 1154 5876 illi,qui
1173 5807 1486 5873 supersunt,
1511 5801 1720 5856 numeri
1743 5816 1938 5875 magno
1961 5817 2054 5856 ca-

2151 4502 2220 4558 de
2249 4502 2479 4558 inﬁnitis
2527 4503 2973 4569 adolescentulis,
3021 4520 3249 4574 quarum
3295 4504 3422 4558 iniri
3465 4518 3729 4558 numerus

2153 4610 2263 4648 non
2291 4601 2491 4663 potest,
2527 4609 2634 4665 qua
2668 4596 2946 4665 potuimus
2978 4597 3240 4652 brevitate
3280 4595 3679 4666 disputavimus
3709 4611 3743 4657 ς,

2153 4685 2515 4755 inprimisque
2561 4686 2628 4741 de
2685 4686 2875 4741 eadem
2923 4684 3102 4741 Patris
3153 4694 3206 4742 et
3267 4685 3387 4741 Filii
3435 4701 3499 4740 ac
3550 4686 3726 4756 Spiri-

2153 4783 2245 4830 tus
2299 4775 2474 4829 sancti
2513 4775 2846 4843 substantia,
2893 4775 3068 4845 deque
3113 4775 3352 4846 perfecta
3381 4776 3583 4832 Christi
3617 4775 3727 4831 Do-

2159 4864 2293 4918 mini
2324 4865 2724 4929 incarnatione,
2761 4880 2824 4920 ac
2853 4865 3077 4934 reliquis
3102 4865 3224 4919 ﬁdei
3257 4864 3727 4935 capitibus.Nunc

2160 5171 2379 5225 tholicis
2395 5169 2649 5224 omnibus
2667 5167 2787 5223 usui
2810 5182 2931 5222 esse
2949 5177 3196 5236 possunt,
3215 5175 3272 5219 ut
3290 5167 3552 5223 adversus
3568 5185 3731 5225 novo-

2155 5258 2275 5295 rum
2301 5241 2579 5294 hominum
2604 5238 2872 5294 insaniam
2895 5237 3343 5305 atqueinscitiam
3360 5249 3726 5306 opponantur.

2154 5312 2234 5365 Ac
2259 5311 2305 5364 si
2334 5311 2400 5365 de
2424 5310 2655 5379 singulis
2686 5309 2793 5362 illis
2822 5307 3018 5379 ritibus
3041 5307 3200 5375 paulo
3223 5309 3534 5379 accuratius
3563 5310 3730 5363 verba

2155 5381 2336 5435 facere
2364 5375 2579 5442 vellem,
2612 5376 2923 5447 ingentibus
2955 5375 3361 5447 commentariis
3394 5392 3532 5445 opus
3560 5387 3726 5432 esset.

2158 5450 2236 5505 Ne
2264 5451 2400 5504 nihil
2425 5463 2558 5503 vero
2583 5446 2784 5512 dicam,
2809 5447 3081 5516 praecipua
3106 5446 3350 5514 quaedam
3376 5461 3442 5500 ex
3467 5449 3533 5502 iis
3558 5447 3729 5502 libare

2157 5521 2385 5590 placuit,
2439 5534 2561 5589 quae
2610 5520 2664 5572 in
2710 5516 3040 5590 adversariis
3095 5517 3335 5579 nostris,
3387 5517 3614 5590 promde
3668 5527 3730 5571 ut

2160 5587 2759 5658 auctorem'quemque
2812 5587 2866 5639 in
2901 5601 3093 5658 manus
3115 5599 3382 5658 ceperam,
3421 5587 3730 5658 promiscue

2161 5657 2417 5715 adnotata
2440 5655 2637 5728 reperi.
2670 5655 2899 5728 ’Psrav.
2961 5655 3120 5728 (Vide
3157 5657 3228 5728 in
3264 5655 3576 5728 Appendice
3607 5657 3726 5712 dis-

2161 5723 2516 5872 :ertz)itionem'
2543 5729 2620 5785 De
2653 5726 2907 5783 veteribus
2944 5723 3256 5796 quibusdam
3299 5723 3546 5782 Ecclesiae
3603 5728 3730 5788 ritis

2198 5817 2276 5855 us.

2198 5817 2276 5855 us.
