4118 6402
413 379 518 428 825

1814 377 1873 432 S.
1916 375 2251 432 EPlPllANII

3543 376 3647 431 εει

409 487 478 543 de
510 485 756 558 ejusdem
791 484 1048 543 Ecclesia
1072 489 1450 546 sanctionibus
1477 507 1540 546 ac
1572 493 1780 564 legibus
1804 511 1969 566 pauca

2081 495 2423 568 παραθέσθαι
2454 495 2565 548 τῶν
2582 494 2758 550 αὐτῶν
2790 491 3005 562 θεσμῶν
3029 491 3134 546 ἀπὸ
3173 490 3367 563 μέρους
3401 491 3461 545 τὸ
3488 488 3648 558 εἶδος,

409 581 542 634 mihi
583 595 810 635 necesse
859 591 965 645 est,
1001 581 1177 652 deque
1223 583 1536 640 earumdem
1578 585 1775 647 forma.
1803 589 1982 658 aliqua

408 671 604 723 saltem
651 684 720 724 ex
785 676 938 738 parte
995 671 1281 740 persequi;
1339 688 1678 745 quaecunque
1723 676 1980 732 nimirum

407 761 628 832 proprie
663 761 792 816 olim
818 761 872 817 in
904 764 1021 832 ipsa
1047 773 1264 819 servata
1299 775 1426 821 sunt
1464 767 1733 838 hodieque
1760 785 1983 825 servano

407 862 519 916 tur,
571 855 768 924 partim
818 870 882 910 ex
937 864 1247 927 pracepto.
1305 860 1501 928 partim
1552 876 1620 914 ex
1669 861 1982 917 inductione

409 944 598 1008 animi,
624 945 730 999 Deo
746 961 813 1001 ex
841 946 1144 1017 disciplina
1180 964 1292 1003 sua
1312 951 1511 1005 virtute
1534 951 1770 1005 fructum
1793 968 1981 1022 quem-

407 1034 531 1089 dam
553 1037 997 1108 voluptatemque
1028 1039 1296 1108 capienle.
1325 1040 1560 1111 Crepido
1586 1042 1752 1111 igitur
1782 1057 1846 1098 ac
1871 1044 1983 1097 vel-

410 1137 468 1181 ut
513 1127 714 1198 gradus
743 1128 966 1198 quidam
1009 1131 1063 1184 in
1110 1130 1354 1186 Ecclesia
1389 1133 1672 1203 virginitas
1714 1142 1819 1197 est,
1856 1150 1979 1204 qua

407 1233 437 1272 a
492 1220 767 1289 plerisque
812 1222 1014 1275 colitur
1055 1231 1110 1275 et
1158 1225 1500 1288 observatur,
1545 1231 1602 1278 et
1658 1225 1714 1278 in
1773 1225 1976 1280 illustri

405 1310 640 1378 quadam
667 1311 842 1382 gloria
878 1326 942 1366 ac
973 1313 1358 1382 praedicatione
1383 1321 1647 1370 versatur.
1679 1314 1976 1388 Virginita-

406 1409 512 1455 tem
544 1403 790 1456 solitaria
824 1403 933 1458 vita
963 1405 1210 1473 proxime
1251 1407 1500 1476 sequitur
1533 1427 1546 1462 :
1581 1423 1742 1477 quam
1771 1410 1825 1462 in
1860 1409 1975 1478 ple-

405 1492 590 1562 risque
621 1509 785 1549 sexus
819 1496 1106 1566 utriusque
1145 1499 1431 1554 monachis
1459 1500 1727 1556 videmus.
1768 1499 1972 1557 Secun-

404 1585 531 1638 dum
561 1585 703 1640 hanc
729 1589 1062 1644 continentia
1100 1592 1168 1646 ad
1207 1592 1349 1647 idem
1385 1594 1604 1662 pietatis
1633 1596 1973 1649 curriculum

406 1674 629 1730 fundata
674 1686 759 1732 est
787 1693 850 1732 ac
893 1680 1155 1736 stabilita.
1190 1680 1391 1737 Deinde
1416 1682 1653 1739 viduitas
1692 1699 1816 1738 cum
1849 1685 1975 1739 dili-

402 1768 547 1837 genti
575 1776 891 1839 attentaque
925 1773 1179 1827 cautione
1231 1781 1286 1828 et
1317 1783 1468 1830 casta
1498 1777 1822 1846 sinceraque
1852 1779 1973 1832 vita

2084 591 2293 658 ὅσαπερ
2323 586 2481 656 φύσει
2534 585 2874 654 πεφύλακται
2917 586 2974 636 ὲν
3013 586 3147 654 αὐτῇ
3176 585 3269 636 καὶ
3295 583 3649 652 φυλάσσεται,

2083 679 2152 733 τὰ
2178 680 2276 750 μὲν
2305 681 2369 732 ὲκ
2401 679 2842 749 προστάγματος,
2869 676 2937 728 τὰ
2966 676 3022 728 δὲ
3047 675 3187 728 κατὰ
3213 673 3482 745 ἀποδοχὴν
3513 692 3650 745 προ-

2082 769 2366 840 αιρέσεως,
2393 768 2487 820 τοῦ
2507 766 2641 820 Θεοῦ
2658 767 2938 838 χαίροντος
2966 765 3056 818 ἐπὶ
3077 768 3142 835 τῇ
3173 768 3338 836 ἀρετῇ
3362 767 3459 833 τῆς
3483 765 3648 818 αὑτοῦ

2080 860 2445 922 διδασκαλίας.
2475 857 2584 911 Καὶ
2611 858 2823 928 πρῶτον
2849 857 2946 926 μὲν
2978 857 3181 925 κρηπὶς
3219 857 3332 914 καὶ,
3354 855 3429 917 ὡς
3452 857 3645 920 εἰπεῖν,

2083 951 2288 1022 βαθμὺς
2328 950 2388 1002 ἒν
2431 951 2620 1020 αὐτῇή
2659 948 2926 1018 παρθενία
2958 947 3092 1018 (86),
3125 948 3434 1018 ὰσκουμένη
3464 964 3522 1000 τε
3554 947 3648 1000 καὶ

2081 1039 2454 1110 φυλαττομένη
2493 1039 2642 1110 παρὰ
2687 1037 2900 1100 πολλοῖς
2939 1038 3034 1090 καὶ
3073 1035 3481 1107 ὲνδοξαζομένη.
3515 1037 3648 1088 Συν-

2079 1130 2341 1184 έπεταιδὲ
2365 1133 2431 1201 τῇ
2461 1129 2598 1200 αὐτῇ
2627 1128 2946 1199 παρθενίᾳή
2980 1128 3229 1198 μονότης,
3260 1127 3410 1198 παρὰ
3439 1128 3649 1180 πλείοσι

2076 1221 2184 1276 τῶν
2214 1221 2554 1292 μοναζόντων
2592 1222 2688 1274 καὶ
2736 1219 3098 1290 μοναζουσῶν.
3132 1221 3284 1272 Μετὰ
3313 1219 3515 1290 ταύτην
3553 1221 3647 1288 ὲγ-

2077 1315 2304 1386 κράτεια
2326 1314 2418 1367 ἐπὶ
2435 1313 2526 1366 τὸν
2547 1314 2704 1366 αὐτὸν
2725 1313 2922 1383 δρόμον
2937 1311 3395 1383 τεθεμελιωμένη.
3417 1310 3650 1366 Ἔπειτα.

2074 1406 2133 1460 δὲ
2195 1404 2468 1476 χηροσύνη
2507 1404 2646 1475 μετὰ
2686 1404 2866 1474 πάσης
2915 1405 3187 1474 προσοχῆς
3244 1402 3337 1455 καὶ
3379 1402 3649 1472 άχράντου

2076 1485 2541 1565 συναναστροφῆς.
2592 1493 2830 1557 Ταύταις
2859 1493 2915 1546 δὲ
2948 1496 3064 1557 ταῖς
3106 1493 3321 1557 τάξεσιν
3361 1492 3648 1555 ἀκόλουθος

2072 1590 2102 1640 ὁ
2141 1588 2336 1658 σεμνὸς
2362 1589 2538 1658 γάμος
2575 1587 2634 1640 ὲν
2658 1587 2866 1658 μεγάλῃ
2895 1589 3052 1657 τιμῇ,
3070 1588 3098 1639 ὁ
3131 1589 3188 1639 ὲν
3218 1585 3522 1657 μονογαμίᾳ
3543 1585 3649 1655 μά-

2073 1680 2228 1733 λιστα
2274 1681 2368 1734 καὶ
2429 1679 2795 1750 παραφυλακῇ
2836 1679 3202 1749 ἐνταλμάτων.
3260 1679 3322 1731 Ei
3354 1679 3412 1731 δέ
3435 1695 3520 1742 τις
3561 1695 3649 1730 τε·

2071 1770 2413 1841 λευτησάσης
2457 1770 2555 1840 τῆς
2583 1769 2748 1823 αὑτοῦ
2801 1771 3077 1837 γυναικὸς,
3108 1769 3140 1838 ἢ
3173 1769 3362 1841 ἀνδρὸς
3399 1769 3648 1838 τελευτή-

404 1857 616 1913 ratione
639 1859 952 1928 conjuncta.
976 1859 1102 1916 Post
1126 1864 1326 1933 gradus
1349 1864 1469 1918 illos
1494 1877 1546 1920 et
1565 1866 1787 1921 ordines
1810 1883 1969 1922 suum

2079 1879 2266 1926 σαντος
2287 1862 2386 1932 τῆς
2407 1879 2549 1924 τινος
2570 1860 2822 1936 γυναικδς
2839 1861 2879 1926 ⁸,
2902 1860 3108 1928 ἐφίεται
3131 1861 3356 1932 δευτέρᾳ
3384 1859 3649 1930 συναιρθῆ-

401 1963 618 2018 quoque
662 1950 840 2004 locum
884 1953 1130 2008 obtinent
1161 1955 1403 2010 honesta
1454 1955 1676 2025 nuptia.
1707 1972 1827 2026 qua
1860 1973 1974 2010 ma-

401 2055 507 2110 gno
538 2043 592 2095 in
637 2045 841 2098 honore
883 2054 1032 2107 sunt,
1078 2049 1381 2116 prasertim
1411 2049 1718 2120 singulares
1762 2065 1822 2104 ac
1875 2051 1975 2103 mi-

399 2133 544 2188 nime
571 2138 832 2205 repetita.
877 2153 998 2206 qua
1039 2147 1432 2209 praceptorum
1458 2141 1823 2196 observationi
1855 2151 1974 2196 stu-

398 2225 546 2279 dent.
584 2225 738 2290 Quod
775 2229 819 2282 si
853 2230 977 2298 quis
1013 2238 1224 2283 mortua
1259 2247 1450 2293 uxore,
1492 2233 1571 2288 vel
1607 2235 1802 2288 mulier
1826 2248 1973 2286 mor-

399 2325 494 2370 tuo
523 2319 641 2373 viro
669 2319 720 2372 id
753 2322 1006 2384 voluerit,
1036 2323 1265 2376 alterum
1290 2325 1463 2379 virum
1494 2341 1809 2390 uxoremve,
1832 2328 1972 2381 dun-

398 2414 548 2460 taxat
595 2415 715 2477 post
771 2411 1088 2465 alterutrius
1111 2413 1342 2477 obitum,
1381 2413 1486 2468 sibi
1520 2415 1792 2470 asciscere
1825 2416 1969 2470 licet.

399 2495 602 2552 llorum
653 2500 897 2554 omnium
936 2503 1084 2557 velut
1113 2502 1390 2574 fastigium
1437 2514 1513 2572 et,
1562 2515 1620 2560 ut
1653 2507 1728 2560 ita
1770 2507 1970 2571 dicam,

394 2591 593 2646 matris
632 2606 696 2646 ac
735 2593 1018 2663 genitricis
1047 2595 1228 2650 locum
1273 2606 1525 2652 sanctum
1560 2599 1666 2654 sibi
1713 2600 1972 2655 sacerdo-

396 2682 530 2736 tium
561 2681 803 2736 vindicat
828 2702 846 2739 :
877 2684 1024 2754 quod
1073 2702 1140 2742 ex
1173 2687 1446 2758 virginum
1475 2689 1670 2744 ordine
1699 2690 1973 2760 pracipue

395 2779 655 2828 constat:
689 2782 785 2828 aut
839 2775 886 2830 si
936 2777 1117 2832 minus
1155 2793 1187 2832 e
1224 2779 1546 2849 virginibus,
1586 2778 1798 2852 110.5.
1824 2788 1973 2836 certe

395 2881 461 2921 ex
493 2867 810 2935 monachis;
836 2869 882 2923 si
915 2884 1046 2924 vero
1074 2886 1139 2924 ex
1167 2871 1562 2926 monachorum
1602 2873 1793 2927 ordine
1817 2871 1885 2927 ad
1914 2873 1972 2928 il-

397 2957 501 3012 lam
547 2957 877 3014 i‘unctionem
928 2961 1236 3017 obeundam
1269 2962 1451 3018 idonei
1499 2979 1609 3018 non
1638 2962 1861 3029 fuerint,
1903 2980 1970 3020 ex

395 3048 481 3104 his
506 3051 681 3105 creari
725 3052 1037 3109 sacerdotes
1070 3054 1248 3110 solent
1277 3056 1373 3126 qui
1407 3070 1435 3109 a
1467 3057 1582 3112 suis
1622 3072 1682 3112 se
1707 3057 1971 3111 uxoribus

393 3141 698 3206 continent,
735 3151 829 3197 aut
862 3144 1161 3199 secundum
1192 3161 1332 3202 unas
1361 3147 1582 3217 nuptias
1611 3148 1666 3202 in
1697 3147 1964 3203 viduitate

2079 1973 2165 2008 ναι
2193 1955 2224 2025 ἦ
2248 1955 2485 2025 δευτέρῳ
2506 1953 2645 2022 μετὰ
2665 1951 2892 2006 θάνατον
2922 1951 3015 2004 τοῦ
3044 1951 3258 2023 πρώτου
3293 1952 3326 2023 ἢ
3360 1952 3459 2023 τῆς
3502 1951 3649 2022 πρώ-

2075 2063 2195 2116 της.
2226 2047 2475 2116 Στεφάνη
2503 2045 2558 2098 δὲ
2584 2045 2789 2098 τούτων
2814 2045 3029 2097 πάντων
3057 2043 3090 2113 ἦ
3120 2046 3319 2114 μήτηρ,
3341 2043 3416 2107 ὡς
3450 2045 3646 2108 εἰπεῖν,

2076 2138 2167 2189 κα)⁵
2224 2138 2516 2208 γεννήτρια
2570 2138 2604 2207 ἡ
2651 2137 2784 2204 ἁγία
2843 2137 3129 2208 ἱερωσύνη,
3187 2139 3252 2190 ὲκ
3298 2137 3396 2208 μὲν
3443 2136 3649 2209 παρθέ-

2075 2245 2180 2281 νων
2212 2228 2322 2298 (87)
2352 2229 2413 2281 τὸ
2437 2229 2688 2282 πλεῖστον
2724 2229 3018 2301 ὁρμωμένη
3043 2246 3056 2259 ·
3088 2231 3136 2282 εί
3163 2228 3220 2282 δὲ
3264 2230 3366 2282 οὐκ
3402 2229 3467 2281 ὲκ
3502 2245 3647 2300 παρ-

2076 2322 2264 2385 θένων,
2300 2323 2363 2375 ἐκ
2387 2321 2728 2392 μοναζόντων
2753 2339 2765 2352 ·
2791 2323 2840 2374 εί
2865 2321 2921 2374 δὲ
2957 2322 3030 2393 μὴ
3070 2317 3180 2374 εἷεν
3219 2321 3394 2374 ἱκανοὶ
3433 2319 3547 2391 (88)
3569 2323 3649 2384 εἰς

2075 2414 2377 2484 ὑπηρεσίαν
2400 2415 2506 2466 ἀπὸ
2546 2412 2906 2484 μοναξόντων,
2943 2413 3001 2480 ἐξ
3028 2413 3508 2484 ὲγκρατευομένων
3539 2413 3649 2465 τῶν

2077 2503 2224 2556 ίδίων
2276 2505 2570 2571 γυναικῶν,
2628 2505 2660 2576 ἢ
2718 2506 3100 2576 χηρευσάντων
3133 2505 3240 2559 ἀπὸ
3288 2507 3646 2577 μονογαμίας.

2074 2595 2481 2664 Δευτερὸγαμον
2517 2597 2574 2648 δὲ
2604 2595 2712 2664 (89)
2742 2597 2842 2649 οὐκ
2863 2596 3038 2662 ἔξεστι
3056 2597 3303 2668 δέχεσθαι
3324 2601 3382 2652 ὲν
3411 2598 3549 2669 αὐτῇ
3571 2597 3649 2660 εἰς

2077 2687 2396 2758 ἱερωσύνην,
2427 2688 2528 2741 κάν
2566 2705 2623 2740 τε
2670 2689 3129 2759 ἐγκρατευόμενος
3159 2691 3241 2762 εἴη
3272 2690 3438 2762 χῆρος
3471 2691 3648 2762 ἀπαρ-

2072 2778 2172 2847 χῆς
2187 2778 2206 2807 ⁸
2222 2778 2426 2844 τάξεως
2449 2779 2746 2832 ἐπισκόπου
2778 2779 2871 2832 καὶ
2900 2779 3266 2852 πρεσϐυτέρου
3288 2781 3381 2832 καὶ
3401 2781 3650 2833 διακόνου

2072 2870 2166 2924 καὶ
2197 2870 2570 2924 ὑποδιακόνου.
2598 2872 2750 2926 Μετὰ
2779 2871 2984 2942 ταύτην
3014 2872 3110 2942 τὴν
3136 2872 3435 2944 ἱερωσύνην
3468 2872 3651 2925 λοιπὸν

2070 2961 2435 3028 ἁναγνωστῶν
2460 2963 2646 3032 τάγμα
2680 2962 2737 3028 ἐξ
2771 2963 2907 3016 ὅλων
2923 2963 3031 3016 τῶν
3052 2965 3371 3034 ταγμάτων,
3406 2964 3650 3016 τουτέστι

2071 3052 2357 3123 παρθένων
2391 3055 2484 3107 καὶ
2535 3055 2876 3125 μοναζόντων
2906 3056 3002 3108 καὶ
3050 3057 3532 3127 ἐγκρατευομένων
3560 3058 3653 3108 καὶ

2074 3147 2458 3215 χηρευσάντων
2503 3147 2597 3199 καὶ
2640 3146 2747 3198 τῶν
2773 3146 2853 3199 ἐτι
2878 3149 2935 3199 ἐν
2964 3146 3144 3217 σεμνῷ
3169 3147 3352 3216 γάμῳ.
3384 3147 3446 3198 Εἰ
3477 3146 3534 3198 δὲ
3565 3146 3650 3216 ετη

394 3239 700 3284 versantur.
737 3229 1007 3287 Secundis
1029 3249 1158 3289 vero
1185 3234 1391 3304 nuptiis
1420 3235 1716 3306 implicitus
1760 3237 1817 3291 in
1861 3235 1964 3291 Ec-

2075 3237 2313 3307 ἀνάγκη,
2343 3239 2437 3290 καὶ
2463 3238 2570 3291 ἀπὸ
2592 3238 2699 3292 τῶν
2737 3239 2874 3308 μετὰ
2901 3238 3128 3292 Θάνατον
3155 3239 3256 3309 τῆς
3294 3238 3519 3310 πρώτης
3550 3255 3650 3306 γυ-

393 3321 559 3376 clesia
597 3324 664 3378 ad
691 3323 1058 3380 sacerdotium
1091 3341 1200 3380 non
1245 3325 1586 3392 admittitur,
1625 3329 1843 3383 tametsi
1876 3339 1970 3383 aut

392 3428 516 3468 sese
548 3415 618 3470 ab
639 3431 807 3471 uxore
840 3417 1142 3480 contineat,
1172 3426 1267 3472 aut
1295 3419 1366 3473 sit
1396 3419 1596 3474 viduus
1627 3437 1640 3473 :
1668 3419 1965 3489 ejusmodi,

392 3505 636 3576 inquam,
679 3509 748 3562 ab
785 3509 1046 3580 episcopi,
1080 3510 1416 3580 presbyteri,
1462 3510 1680 3565 diaconi
1735 3519 1792 3566 et
1833 3511 1966 3567 sub-

2075 3328 2258 3389 ναικὸς
2286 3328 2513 3398 δευτέρᾳ
2551 3327 2927 3396 συναφθέντων
2947 3343 2960 3357 ·
3023 3329 3116 3381 καὶ
3141 3328 3250 3399 γὰρ
3267 3330 3365 3381 οὐκ
3392 3328 3538 3380 ἐστιν
3579 3329 3650 3380 is-

2077 3421 2203 3491 ρεὺς
2225 3423 2253 3473 ὁ
2273 3419 2646 3493 άναγνώστης.
2695 3421 2812 3474 ἀλλ’
2845 3421 2920 3484 ὡς
2949 3422 3314 3492 γραμματεὺς
3342 3419 3436 3473 τοῦ
3462 3420 3644 3487 λόγου.

2075 3513 2185 3566 Καὶ
2213 3513 2548 3566 διακόνισσαι
2592 3515 2702 3584 (90)
2745 3514 2802 3568 δὲ
2849 3513 3202 3567 καθίστανται
3232 3515 3310 3576 εις
3347 3511 3652 3582 ὑπηρεσίαν

462 3663 479 3694 ¹
517 3662 677 3719 Deest
707 3664 974 3735 βούλεται,
1001 3674 1096 3719 aut
1122 3666 1326 3736 aliquid
1360 3665 1652 3736 ejusmodi.
1726 3667 1748 3698 ²
1775 3665 2080 3738 Corruptus
2117 3668 2292 3725 locus.

462 3819 585 3893 (86)_
615 3820 685 3893 Ἡ
720 3823 1027 3890 παρθενίη.
1075 3819 1299 3888 Summo
1339 3823 1394 3877 in
1447 3822 1622 3893 pretio
1669 3830 1723 3878 et
1756 3823 1965 3879 honore

389 3890 620 3961 ab'ipsis
649 3892 908 3948 Ecclesia
935 3893 1283 3948 incunabulis
1317 3890 1560 3962 habitam
1593 3893 1766 3950 fuisse
1797 3895 1965 3963 virgi-

387 3964 638 4035 nitatem,
685 3965 1010 4035 rnultosque
1038 3963 1327 4033 utriusque
1380 3979 1546 4035 sexus
1589 3964 1966 4035 illamvcusto-

387 4032 587 4104 diendo
621 4032 1018 4104 coluissefvel
1049 4050 1117 4088 ex
1152 4032 1710 4104 praclarissimorrhoc
1744 4034 1802 4090 S.
1837 4035 1965 4104 Epi-

355 4153 358 4155 Α
389 4102 575 4176 phanii
639 4103 951 4176 testimonio
1005 4102 1502 4176 demonstraretur.
1561 4102 1963 4176 Tlieologorum

389 4173 610 4242 scriptis
644 4174 993 4229 celebrantur
1030 4191 1093 4228 ea
1133 4175 1200 4228 de
1236 4191 1294 4229 re
1325 4184 1574 4230 veterum
1598 4173 1960 4230 conciliorum

387 4258 660 4303 canones:
707 4246 1050 4299 celebrantur
1084 4255 1138 4300 et
1168 4244 1390 4300 Patrum
1428 4245 1544 4301 loca
1579 4247 1799 4308 eximia,
1829 4244 1960 4299 Am-

389 4314 563 4387 brosii
587 4316 887 4387 praesertim
919 4323 973 4370 et
1002 4315 1352 4387 Hieronymi.
1389 4314 1624 4371 Femina
1667 4317 1963 4387 virginitati

389 4332 557 4367 nrosn
587 4332 887 4381 praesertim
919 4332 973 4370 et
1002 4332 1199 4369 meron
1244 4332 1336 4369 mi.
1391 4332 1624 4371 remma
1667 4332 1960 4387 virginitati

388 4384 701 4456 studebant,
729 4385 783 4436 in
807 4385 1154 4456 monasteriis
1179 4332 1318 4450 aiia,
1343 4385 1397 4439 in
1419 4389 1621 4454 quibus
1645 4383 1960 4456 aliquando,

389 4464 452 4526 ut
497 4453 676 4508 verbis
726 4463 854 4526 utar,
879 4454 936 4526 ὃ.
973 4454 1310 4526 Hieronymi,
1348 4453 1683 4525 virguncula
1712 4453 1876 4511 rudes
1908 4465 1961 4510 et

389 4523 658 4580 edentula
690 4525 1119 4593 recipiebantur,
1150 4523 1354 4580 alenda
1387 4523 1778 4582 et_divinarum
1811 4526 1961 4580 Scri-

388 4603 672 4664 pturarum
730 4595 963 4664 lectione
1006 4605 1060 4649 et
1093 4597 1429 4664 psalmorum
1476 4607 1664 4651 cantu.
1728 4596 1963 4652 Privatis

385 4663 443 4736 et
489 4663 731 4736 paternis
771 4663 828 4717 in
861 4663 1281 4736 domibusialia
1328 4667 1698 4734 virginitatem
1743 4683 1801 4722 se
1835 4681 1964 4736 pro-

387 4734 529 4808 tlteri
563 4732 908 4808 declat-antes
951 4743 1006 4789 et
1039 4735 1324 4808 muliebris
1357 4732 1539 4808 cultus
1577 4732 1958 4808 despicientia,

382 4812 440 4860 et
471 4803 610 4876 fusci
641 4804 843 4876 coloris
871 4811 1041 4867 veste,
1069 4805 1239 4859 veluti
1255 4805 1581 4862 Christiana
1608 4803 1964 4876 philosophia

386 4874 550 4948 pallio
574 4873 844 4948 quodam:
877 4886 971 4948 aut
993 4891 1210 4948 sacrum
1252 4877 1432 4948 velum
1457 4878 1527 4932 ab
1553 4873 1962 4948 episcopo'cum

385 4944 607 5016 publico
635 4945 741 4997 ritu
789 4945 1131 5014 accipiebant
1167 4947 1328 5015 quasi
1361 4944 1967 5016 sacramentuniquod-

386 5014 512 5068 dam
553 5022 608 5069 et
636 5016 1072 5070 consecrationis
1105 5014 1340 5085 insigne.
1375 5015 1440 5068 Et
1470 5017 1574 5071 hoc
1606 5017 1716 5071 ritu
1743 5014 1964 5072 Christo

386 5099 591 5156 sponso
614 5085 1006 5156 jungebantur,
1043 5086 1128 5140 vel
1161 5087 1310 5140 circa
1345 5086 1697 5156 pubescentis
1725 5086 1965 5153 juventa

386 5153 572 5220 initia,
623 5155 706 5208 vel
728 5153 924 5210 'atatis
978 5171 1120 5209 anno
1153 5172 1281 5215 xxv.
1313 5153 1398 5209 vol
1427 5173 1516 5219 η,
1557 5157 1641 5212 vel
1679 5157 1842 5212 etiam
1871 5172 1961 5220 Lx,

385 5231 548 5294 prout
576 5224 832 5295 idoneum
864 5225 1135 5295 episcopis
1164 5225 1469 5295 videbatur.
1519 5226 1592 5281 De
1623 5227 1772 5282 hisce
1802 5228 1966 5282 rebus

385 5293 643 5366 omnibus
677 5293 918 5349 virgines
958 5293 1200 5366 inveteri
1219 5293 1465 5351 Ecclesia
1500 5311 1688 5352 sacras
1716 5306 1966 5366 spectan-

385 5365 530 5420 tibus
574 5371 792 5420 exstant
823 5365 1128 5420 certissima
1155 5367 1208 5419 in
1242 5379 1486 5436 veterum
1519 5365 1964 5436 scriptis’monu-

387 5441 590 5516 menta,
608 5449 841 5516 quorum
857 5437 1011 5516 plu-ra
1027 5436 1242 5516 collegit
1260 5435 1325 5490 ad
1334 5435 1663 5516 praesentem
1678 5435 1966 5516 Epiphanii

387 5505 568 5558 locum
620 5504 893 5572 Petavius,
933 5504 1298 5563 Thomasinus
1320 5504 1396 5560 De
1437 5508 1592 5560 veteri
1634 5516 1683 5560 et
1713 5504 1846 5560 nova
1874 5507 1968 5560 Ec-

387 5575 558 5646 clesiae
591 5575 877 5639 disciplina
926 5583 1081 5646 parte
1135 5591 1173 5637 ι,
1214 5576 1307 5646 lib.
1353 5592 1434 5639 ιιι,
1471 5591 1593 5646 cap.
1642 5577 1751 5641 42,
1815 5583 1868 5632 et
1908 5583 1969 5630 ut

389 5645 590 5718 inultos
621 5643 985 5718 prateream,‘
1010 5643 1217 5718 Natalis
1232 5643 1686 5718 Alexander—cap.
1711 5646 1766 5714 5,
1805 5649 1962 5702 artic.

395 5713 476 5774 l0,
511 5713 652 5767 Hist.
685 5730 737 5767 tv
773 5714 916 5769 Eccl.
948 5714 1161 5770 Saeculi.

460 5781 571 5858 (8'?)
610 5785 706 5858 ζΕκ
734 5784 852 5852 μὲν
885 5784 1213 5858 παρθένων.
1266 5786 1500 5858 Insignis
1537 5787 1626 5841 hic
1673 5787 1963 5858 Epiphanii

390 5849 823 5908 de'clericorum
863 5849 1198 5912 continentia
1253 5849 1408 5914 locus
1461 5858 1685 5913 maximi
1718 5849 1752 5913 a
1777 5849 1965 5916 'nobis

2068 3823 2355 3895 faciendus
2405 3834 2568 3895 atque
2606 3827 2920 3894 jungvntlus
2951 3842 3073 3880 cum
3107 3839 3335 3895 numero
3361 3825 3390 3878 4
3421 3824 3649 3895 ltaresis

2065 3894 2153 3966 ξε),
2179 3896 2270 3950 ubi
2290 3894 2620 3966 Epiphanius
2636 3897 2972 3951 enucleatius
2993 3910 3100 3949 rem
3119 3894 3356 3949 declarat
3374 3894 3645 3966 eamdem.

2065 3963 2247 4020 Placet
2270 3961 2370 4020 loci
2388 3961 2533 4020 illius
2546 3981 2813 4020 summam
2835 3967 2922 4020 hic
2947 3973 3337 4034 reprasentare
3360 3964 3538 4018 verbis
3554 3961 3652 4017 Pe-

2067 4036 2216 4105 tavii,
2241 4035 2334 4105 qui
2357 4036 2849 4104 utrumque'locum
2883 4036 3129 4104 pluribus
3155 4044 3314 4089 ornat
3334 4035 3388 4105 in
3423 4035 3540 4089 suis
3579 4035 3650 4088 ad

2068 4103 2478 4174 prositionem
2531 4103 2651 4174 ﬁdei
2683 4103 3283 4174 Animadversionibus.
3336 4104 3427 4157 Ait
3465 4106 3646 4174 enim:

2068 4169 2228 4229 Docet
2254 4176 2509 4244 inprimis
2535 4171 2886 4245 (Epiphanius
2909 4169 3244 4242 )y'piscopum,
3271 4184 3363 4226 aut
3383 4173 3652 4245 presbyte-

2067 4261 2205 4304 rum.
2224 4256 2314 4298 aut
2335 4246 2612 4299 diaconum
2631 4259 2695 4296 ea:
2715 4245 2937 4313 digamis
2956 4245 3194 4297 ordinari
3215 4247 3493 4300 neminem.
3514 4245 3648 4296 Tum

2069 4333 2233 4385 neque
2257 4317 2374 4378 hos,
2392 4330 2551 4383 neque
2572 4313 2953 4385 subdiaconum
2976 4315 3131 4367 aliter
3145 4315 3445 4368 consecrari
3453 4354 3472 4385 ,_
3488 4329 3649 4385 quam

2068 4383 2153 4438 vel
2168 4387 2346 4455 priore
2393 4399 2552 4452 eaque
2585 4384 2744 4436 unica
2790 4383 3007 4452 conjuge
3041 4394 3274 4446 mortua,
3308 4385 3385 4455 vel
3419 4383 3483 4436 ab
3507 4384 3650 4452 ejus-

2068 4453 2184 4508 dent
2235 4455 2445 4508 viventis
2484 4455 2747 4506 consortio
2790 4470 2852 4506 ac
2890 4455 3263 4507 consuetudine
3320 4453 3647 4518 distractos;

2070 4527 2172 4579 nisi
2203 4527 2428 4595 virgines
2459 4528 2671 4577 omnino
2701 4524 2838 4580 sint:
2865 4523 3164 4595 prtesertini
3195 4524 3284 4595 ubi
3304 4523 3650 4595 ecclesiastici

1995 4581 2040 4635 Ῑ)
2067 4581 2559 4649 εαηοηεέαεσιιναιε
2584 4581 2882 4664 servantur:
2921 4592 3064 4646 Nam
3091 4594 3228 4664 quod
3245 4596 3306 4664 in;
3329 4592 3648 4664 quibusdam

2066 4665 2194 4719 locis
2225 4665 2534 4734 presbyteri,
2557 4663 2768 4717 diaconi
2811 4674 2862 4717 et
2906 4662 3225 4734 subdiaconi
3247 4662 3440 4716 liberos
3472 4662 3650 4716 adhuc

2064 4733 2394 4804 suscipiant,
2433 4734 2486 4786 id
2545 4735 2795 4788 abusione
2829 4734 3059 4804 quadam
3095 4751 3156 4787 ac
3194 4733 3491 4804 discipiinae
3524 4749 3647 4785 cor-

2064 4802 2272 4874 ruptela
2309 4805 2458 4874 ﬁeri:
2506 4813 2598 4874 aut
2650 4820 2768 4857 vero
2813 4802 3139 4866 necessitate,
3180 4802 3290 4865 ubi,
3316 4817 3412 4874 pro
3447 4803 3650 4872 ingenti

2063 4873 2376 4945 populorum
2409 4873 2774 4945 multitudine.
2812 4873 3360 4945 ministrorum‘copia
3386 4887 3491 4924 non
3520 4889 3650 4945 sup-

2063 4941 2211 5013 petit.
2252 4945 2397 4999 Nam
2424 4944 2623 5013 alioqui
2649 4942 2898 4997 Ecclesia:
2920 4941 3125 4997 decreto
3152 4941 3466 5013 clericorum
3503 4943 3649 5013 ordi-

2067 5010 2220 5068 nibus
2269 5015 2386 5069 istis
2437 5010 2760 5067 continentia
2807 5013 3188 5081 prtescribitur.
3243 5010 3376 5081 illac
3416 5027 3484 5066 ex
3519 5011 3648 5080 Epi-

2066 5085 2268 5155 pbanio
2293 5083 2568 5155 Petavius,
2601 5099 2721 5155 qua
2768 5080 2822 5136 tv
2861 5080 3503 5155 _decurrettte-_Ecelesia
3543 5096 3648 5135 sa-

2065 5151 2191 5210 culo
2226 5155 2282 5209 in
2313 5153 2534 5208 Oriente
2567 5151 2833 5222 vigebant.
2861 5151 3114 5222 Viguisse
3141 5159 3197 5207 et
3232 5151 3285 5204 in
3323 5151 3642 5222 Occidente,

2065 5241 2191 5281 cum
2233 5224 2533 5278 innumeris
2559 5221 2852 5276 doceamur
2880 5221 3122 5277 veterum
3148 5221 3528 5285 documentis;
3559 5221 3645 5274 vel

2067 5297 2233 5351 unius
2279 5293 2336 5348 S.
2372 5291 2684 5362 Hieronymi
2721 5308 2828 5346 non
2879 5292 3045 5347 semel
3077 5291 3301 5362 iterata,
3343 5297 3403 5362 et
3435 5291 3645 5359 apertis

2065 5366 2249 5421 verbis
2297 5372 2461 5434 atque
2507 5359 2940 5434 conceptissimis
2979 5363 3046 5415 ab
3085 5361 3206 5430 ipso
3239 5359 3518 5414 declarata
3545 5374 3646 5414 au—

2066 5438 2292 5491 ctoritas
2323 5431 2458 5490 satis
2496 5431 2653 5500 nobis
2682 5447 2804 5487 esse
2831 5439 3028 5500 potest.

2139 5504 2350 5576 (88λΕὶ
2371 5503 2438 5576 δὲ
2460 5500 2545 5572 μὴ
2571 5496 2694 5554 εἷεν
2722 5496 2934 5576 meat,
2966 5509 3069 5576 et_c.
3100 5498 3339 5576 Consule
3366 5497 3425 5552 S.
3455 5498 3648 5571 Augu-

2067 5569 2195 5632 stini
2231 5569 2533 5645 Epistulam
2562 5585 2702 5625 nova
2734 5571 3135 5645 in_recens_ione
3162 5569 3252 5624 60.

2139 5645 2253 5716 (89)
2279 5639 2723 5716 heurepdmpor
2749 5639 2837 5705 δέ,
2859 5649 2964 5695 etc.
2995 5639 3255 5709 Digamus
3285 5653 3314 5692 a
3344 5639 3524 5694 sacris
3553 5655 3645 5695 re-

2064 5712 2253 5786 jicitur
2280 5712 2588 5786 ordinibus.

2142 5786 2251 5858 (90)
2281 5781 2834 5858 Καὶλδιακόξςισᾳαιη
2864 5785 2969 5858 etc.
3007 5776 3648 5858 Diaconissarum,_quas

2069 5847 2294 5928 abjip'so
2329 5854 2412 5909 sui
2445 5851 2669 5908 exordio
2710 5850 2985 5905 institutas
3018 5848 3192 5903 sacris
3229 5848 3286 5903 in
3314 5847 3645 5903 ministeriis
