4118 6402
462 355 564 412 827

1903 360 1961 416 S.
2005 359 2351 416 EPIPHANII

3626 364 3728 421 828

464 472 576 525 illis
627 488 878 542 sponsus,
912 481 1034 525 tunc
1055 471 1374 542 jejunabunt
1410 477 1464 530 in
1494 477 1604 530 illis
1649 477 1830 534 diebus
1860 481 1898 533 ¹.
1931 477 2039 534 Ne-

2147 481 2278 533 rdrs
2334 477 2791 544 νηστεύσουσιν
2846 476 2916 530 ἐν
2962 477 3226 542 ἐκείναις
3283 475 3412 543 ταῖς
3463 476 3733 547 ἡμέραις.

462 578 570 632 que
610 579 739 617 vero
776 570 836 616 ut
867 565 915 618 ei
955 566 1328 634 gratiﬁcemur
1363 570 1456 638 qui
1489 577 1680 624 nostra
1714 586 1881 625 causa
1918 588 2045 642 pas-

465 669 561 708 sus
614 663 718 717 est,
764 655 1013 710 instituta
1061 667 1189 712 sunt
1225 658 1454 728 jejunia,
1506 663 1601 716 sed
1633 671 1692 716 ut
1721 664 1914 718 salutis
1941 679 2044 718 no-

464 749 592 796 strae
647 758 814 798 causa
863 745 1178 814 passionem
1237 749 1383 801 illam
1434 750 1814 820 proﬁteamur,
1879 767 2043 822 quam

464 848 564 902 pro
615 834 777 888 nobis
839 834 1107 890 Dominus
1147 838 1264 909 ipse
1313 842 1579 911 suscepit,
1637 850 1802 912 atque
1839 853 1898 899 ut
1929 845 2044 900 haec

462 939 493 976 a
525 923 634 977 Deo
659 925 868 993 jejunia
918 928 1206 997 expiandis
1246 931 1452 986 nostris
1491 933 1803 988 sceleribus
1860 936 2042 1006 impu-

464 1012 666 1067 tentur.
727 1013 899 1068 Porro
950 1016 1265 1072 istiusmodi
1313 1020 1586 1089 jejunium
1640 1031 1755 1077 toto
1798 1039 1941 1078 anno
1989 1025 2044 1079 in

463 1099 712 1156 Ecclesia
771 1105 1042 1159 catholica
1101 1108 1390 1178 diligenter
1454 1113 1798 1176 observatur,
1833 1114 2044 1184 1105

462 1202 684 1262 quarta,
730 1196 807 1248 uti
840 1197 976 1260 dixi,
1024 1205 1287 1269 sextaque
1340 1200 1476 1256 feria
1522 1204 1588 1258 ad
1640 1207 1828 1259 horam
1870 1221 2045 1275 usque

463 1299 668 1338 nonam
703 1328 718 1352 ,
779 1290 1022 1358 exceptis
1073 1291 1471 1361 quinquaginta
1524 1295 1875 1352 Pentecostcs
1928 1297 2046 1353 die-

462 1375 589 1438 bus.
620 1379 823 1448 quibus
859 1396 1036 1451 neque
1095 1398 1271 1453 genua
1315 1383 1633 1450 ﬂectuntur,
1682 1404 1860 1459 neque
1898 1389 2046 1459 jeju-

461 1471 618 1523 nium
678 1472 962 1538 indicitur,
1021 1490 1119 1544 pro
1151 1476 1259 1531 illis
1290 1492 1419 1532 vero
1450 1481 1811 1536 conventibus
1848 1483 1942 1552 qui
1976 1482 2044 1536 ad

460 1562 651 1616 horam
686 1579 885 1617 nonam
918 1567 1130 1636 quartis
1162 1571 1399 1624 sextisve
1434 1570 1588 1626 feriis
1621 1573 1890 1628 celebrari
1921 1589 2046 1627 con-

461 1666 782 1720 sueverunt,
821 1672 918 1726 per
966 1659 1090 1712 illos
1132 1660 1250 1715 dies
1284 1662 1510 1730 perinde
1541 1678 1604 1717 ac
1638 1662 1923 1718 Dominica
1960 1665 2046 1719 die

462 1747 749 1800 matutinis
817 1749 969 1802 boris
1027 1766 1263 1821 synaxes
1318 1753 1610 1808 obeuntur.
1673 1753 1860 1825 Neque
1915 1771 2045 1811 vero

2148 570 2262 622 Καὶ
2292 569 2391 639 οὐχ
2424 567 2511 620 ἴνα
2542 568 2702 638 χάριν
2731 569 3049 638 ποιήσωμεν
3079 567 3157 635 τῷ
3182 565 3323 638 ὑπὲρ
3351 567 3506 637 ἡμῶν
3535 585 3723 622 πεπον-

2147 661 2284 721 θότι,
2315 660 2348 729 ἡ
2377 658 2602 728 νηστεία
2651 659 2786 729 ἡμῖν
2824 657 3250 728 προστέτακταιο
3283 657 3396 709 ἀλλ’
3431 659 3576 720 ὅπως
3603 659 3732 727 ὁμο-

2145 751 2464 820 λογήσωμεν
2496 751 2576 812 είς
2605 749 2762 820 ἡμῶν
2791 750 3066 820 σωτηρίαν
3094 749 3154 801 τὸ
3183 748 3277 800 τοῦ
3300 749 3506 818 Κυρίου
3537 747 3728 811 πάθος,

2145 842 2174 895 ὃ
2207 843 2347 912 ὑπὲρ
2385 840 2541 912 ἡμῶν
2573 841 2734 903 αὐτὸς
2781 840 3098 906 ἀνεδέξατο·
3136 841 3230 892 καὶ
3270 839 3416 901 ὅπως
3445 838 3584 908 ὑπὲρ
3622 837 3728 888 τῶν

2147 933 2304 1004 ἡμῶν
2351 931 2640 1003 ἁμαρτιῶν
2681 933 2739 985 αἱ
2789 934 3038 1002 νηστεῖαι
3082 933 3216 1001 ἡμῖν
3260 929 3560 998 εὐλόγιστοι
3610 927 3728 998 Θεῷ

2145 1009 2435 1095 γένωνται.
2467 1026 2580 1079 Καὶ
2603 1025 2669 1078 δι’
2699 1026 2823 1078 ὅλου
2873 1025 2971 1095 μὲν
3003 1025 3094 1077 τοῦ
3127 1024 3281 1085 ἔτους
3313 1026 3344 1094 ἡ
3373 1022 3591 1093 νηστεία
3623 1039 3727 1092 φυ-

2146 1118 2402 1171 λάττεται
2431 1117 2490 1170 ἑν
2518 1120 2586 1188 τῇ
2615 1117 2751 1188 αῦτῇ
2785 1117 2917 1188 ἁγίᾳ
2941 1115 3202 1186 καθολικῇ
3243 1115 3558 1186 Ἐκκλησία,
3587 1129 3730 1185 φημι

2149 1209 2206 1262 δὲ
2243 1208 2463 1279 τετράδι
2493 1208 2590 1261 καὶ
2623 1207 2986 1278 προσαϐὁάτῳ
3022 1206 3126 1270 ἕως
3160 1204 3308 1278 ὥρας
3350 1206 3565 1274 ἐνάτης,
3606 1204 3730 1274 δίχα

2153 1301 2322 1371 μόνης
2356 1299 2457 1366 τῆς
2491 1299 2877 1368 Πεντηκοστῆς
2922 1297 3050 1368 ὅλης
3087 1295 3194 1348 τῶν
3231 1297 3565 1365 πεντήκοντα
3590 1296 3730 1364 ἡμε-

2149 1392 2280 1462 ρῶν,
2311 1394 2368 1443 ὲν
2398 1386 2485 1454 αἷς
2509 1389 2634 1442 οὔτε
2676 1389 3014 1458 γονυκλισίαι
3055 1389 3318 1457 γίνονται,
3359 1385 3482 1438 οὔτε
3508 1385 3732 1456 νηστεία

2145 1479 2585 1552 προστέτακται’
2637 1479 2759 1532 ἀντὶ
2814 1477 2871 1530 δὲ
2911 1475 3020 1530 τῶν
3068 1476 3201 1547 πρὸς
3234 1475 3331 1545 τὴν
3365 1474 3561 1544 ἐνάτην
3609 1490 3732 1526 συν-

2146 1573 2321 1639 άξεων
2374 1572 2650 1644 τετράδων
2706 1570 2802 1624 καὶ
2855 1567 3276 1638 προσαϐὅάτων,
3325 1565 3400 1629 ὡς
3446 1566 3502 1616 ἑν
3549 1563 3731 1634 ἡμέρᾳ

2145 1667 2402 1736 Κυριακῇ
2432 1662 2572 1716 κατά
2609 1661 2709 1724 τάς
2745 1659 2996 1731 πρωῖνάς
3043 1658 3154 1729 (96)
3182 1659 3236 1711 αἱ
3273 1646 3520 1720 συνάξεις
3551 1657 3734 1706 ἐπιτε-

2145 1758 2382 1811 λοῦνται.
2415 1757 2536 1809 "Et:
2569 1756 2624 1808 δὲ
2677 1756 2736 1808 ἑν
2781 1755 2904 1816 ταῖς
2948 1758 2991 1806 ν’
3035 1750 3290 1822 ἡμέραις,
3327 1745 3416 1812 αἶς
3448 1750 3729 1818 προεῖπον,

459 1835 593 1890 totis
627 1835 735 1891 illis
765 1836 1037 1892 duntaxat
1080 1841 1480 1913 quinquaginta
1533 1841 1892 1900 Pentecostes
1932 1845 2044 1901 die-

2147 1849 2243 1916 τῆς
2269 1847 2655 1917 Πεντηκοστῆς
2678 1845 2778 1898 οὐκ
2812 1843 2964 1896 ἔστιν
2989 1841 3114 1895 οὔτε
3144 1840 3396 1910 νηστείαο
3422 1838 3546 1892 οὔτε
3579 1839 3636 1890 ἐν
3661 1839 3728 1907 τῇ

463 1928 566 1982 bus
599 1929 732 1992 ulla,
771 1930 849 1983 uti
881 1931 1018 1993 dixi,
1049 1932 1258 2001 jejunia
1285 1943 1434 1998 sunt,
1467 1935 1560 1990 sed
1597 1952 1776 2007 neque
1810 1936 2045 2008 Epipha-

459 2019 678 2074 niorum
703 2023 812 2087 dic,
842 2038 950 2093 quo
978 2021 1240 2080 Dominus
1293 2028 1598 2082 secundum
1635 2043 1852 2084 carnem
1883 2037 2046 2088 natus

458 2118 565 2175 est,
607 2111 862 2181 jejunare
912 2115 1059 2180 licet,
1106 2120 1326 2173 tametsi
1368 2121 1422 2174 in
1457 2128 1707 2190 quartam
1739 2121 1928 2176 feriam
1961 2124 2046 2178 vel

460 2211 672 2258 sextam
722 2204 997 2260 inciderit.
1053 2208 1121 2262 At
1159 2210 1253 2279 qui
1302 2210 1491 2280 pietati
1541 2213 1788 2281 student,
1829 2216 2046 2286 egregia

459 2290 698 2360 quadam
732 2308 796 2348 ac
832 2295 1090 2350 laudabili
1127 2303 1428 2364 voluntate,
1463 2311 1727 2372 perpetuo
1766 2305 1923 2374 (solis
1950 2303 2048 2358 Do-

461 2382 684 2439 minicis
711 2399 775 2439 ac
804 2385 1160 2444 Pentecostcs
1184 2391 1376 2444 diebus
1402 2393 1670 2463 exceptis)
1697 2395 1908 2463 jejuuia
1935 2396 2044 2451 sibi

464 2490 530 2529 ac
560 2476 774 2547 vigilias
803 2479 1115 2547 imponunt.
1149 2481 1283 2534 Nam
1317 2484 1627 2538 Dominicas
1653 2502 1844 2542 omnes
1878 2487 2045 2544 festas

459 2580 584 2619 esse
639 2565 953 2636 hilaresque
997 2571 1268 2623 catholica
1313 2574 1498 2626 sanxit
1537 2572 1804 2640 Ecclesia,
1853 2592 1916 2632 ac
1955 2593 2046 2632 so-

460 2652 668 2709 lemnes
723 2672 960 2726 synaxes
1012 2662 1298 2716 matutinis
1335 2663 1488 2718 horis
1537 2666 1747 2728 indicit,
1795 2684 1894 2723 nec
1936 2671 2044 2724 ulla

457 2743 666 2813 jejunia
698 2749 975 2813 celebrat;
1013 2750 1314 2806 absurdum
1350 2755 1495 2807 enim
1532 2765 1613 2809 est
1648 2756 1903 2825 jejunare
1937 2757 2039 2813 Do-

462 2835 671 2889 minico
711 2837 819 2890 die.
869 2839 1139 2894 Cancrum
1188 2851 1315 2897 ante
1361 2853 1566 2914 septem
1611 2845 1898 2904 Paschalis
1929 2851 2046 2906 dies

460 2923 949 2997 Quadi-agesimam
997 2934 1291 2988 observare
1329 2946 1494 3006 atque
1559 2939 1613 2992 in
1643 2941 1868 3008 Jejuniis
1921 2957 2045 3011 per—

460 3034 715 3074 severare
777 3021 967 3076 eadem
1037 3027 1327 3080 consuevit
1387 3027 1679 3092 Ecclesia;
1745 3029 2045 3087 Dominicis

466 3126 599 3164 Vero
644 3113 811 3167 nullis
853 3115 1100 3180 omnino,
1155 3117 1402 3188 adeoque
1459 3137 1558 3176 nec
1614 3122 1786 3192 ipsius
1829 3123 2043 3192 quidem

458 3200 908 3274 Quadragesimre
953 3206 1206 3275 jejunare
1261 3211 1421 3264 solet.
1474 3209 1743 3266 Praeterea
1794 3228 1887 3266 sex
1924 3212 2046 3268 illos

459 3291 742 3349 Paschalis
785 3296 901 3354 dies
949 3301 1323 3371 xerOphagia,
1389 3302 1491 3356 hoc
1539 3312 1623 3358 est
1694 3303 1850 3357 arido
1899 3305 2046 3357 victu

459 3386 777 3456 tr:msigunt
817 3390 1000 3457 populi
1043 3405 1255 3454 omnes,
1290 3391 1390 3446 hoc
1414 3400 1499 3448 est
1554 3409 1749 3464 panem
1781 3394 2047 3448 duntaxat

459 3492 584 3529 cum
638 3479 754 3532 sale
803 3489 856 3533 et
910 3495 1051 3549 aqua
1103 3483 1208 3536 sub
1252 3499 1537 3552 vesperam
1591 3485 1870 3539 adhibent.
1934 3485 2046 3540 lmo

460 3583 592 3622 vero
623 3571 873 3623 nonnulli
906 3570 973 3623 ad
1016 3571 1241 3625 biduum
1290 3575 1373 3627 vel
1418 3575 1662 3628 triduum
1706 3576 1787 3629 vel
1833 3578 2046 3645 quatri-

459 3659 626 3710 duum
661 3675 836 3728 usque
861 3661 1072 3730 jejunia
1118 3671 1437 3732 prorogant.
1490 3665 1592 3718 Alii
1645 3673 1816 3720 totam
1851 3667 2047 3721 hebdo-

461 3751 676 3804 madem
710 3767 883 3820 usque
927 3752 993 3806 ad
1041 3757 1323 3824 sequentis
1364 3754 1661 3811 Dominica:
1706 3759 2044 3827 gallicinium

461 3843 580 3896 sine
611 3843 731 3897 cibo
760 3846 1159 3900 transmittunt.
1197 3846 1486 3918 Pervigilia
1517 3865 1645 3903 vero
1680 3866 1774 3904 sex
1804 3852 2041 3905 obeunt:

462 3933 701 4004 itemque
752 3951 986 4006 synaxes
1017 3938 1104 3993 bis
1135 3955 1227 3992 sex
1261 3939 1457 3995 diebus
1487 3950 1540 3994 et
1571 3943 1624 3995 in
1657 3949 1769 3996 tota
1797 3943 2046 4009 Quadra-

463 4027 673 4095 gesima
699 4027 768 4082 ab
797 4029 929 4082 hora
958 4045 1101 4084 noua
1134 4048 1308 4102 usque
1334 4034 1400 4087 ad
1430 4050 1712 4104 vesperam
1743 4038 2042 4093 celebrant.

461 4116 531 4170 At
565 4118 892 4187 quibusdam
944 4121 999 4174 in
1052 4122 1188 4177 locis
1243 4124 1296 4176 in
1346 4139 1408 4177 ea
1459 4128 1636 4178 solum
1691 4136 1869 4190 nocte,
1927 4143 2046 4198 qua:

461 4209 710 4279 quintam
748 4210 940 4265 feriam
971 4215 1222 4283 sequitur
1288 4222 1341 4267 et
1377 4216 1429 4268 in
1469 4215 1660 4268 feriant
1703 4226 1912 4270 sextam
1954 4219 2046 4272 de-

463 4300 596 4353 sinit
653 4308 816 4369 atque
847 4303 900 4354 iu
931 4317 994 4356 ea
1036 4319 1157 4372 quae
1199 4303 1538 4359 Dominicam
1589 4309 1880 4372 antecedit,
1921 4325 2045 4378 per-

463 4393 712 4464 vigilant.
763 4395 901 4448 Aliis
931 4396 984 4448 in
1018 4397 1153 4475 locis
1189 4399 1384 4467 quinta
1418 4398 1554 4453 feria
1587 4399 1755 4453 divini
1799 4401 2042 4472 mystcrii

2148 1938 2334 2010 ἡμέρᾳ
2357 1937 2467 1990 τῶν
2508 1936 2864 2005 Ἑπιφανίων,
2894 1935 2983 1988 ὅτε
3017 1931 3276 2002 ἐγεννήθη
3301 1932 3358 1983 ἐν
3387 1929 3550 2001 σαρκὶ
3570 1931 3598 1982 ὁ
3618 1927 3734 1981 Κύ-

2149 2042 2286 2097 ριος,
2321 2025 2499 2088 ἔξεστι
2529 2024 2852 2096 νηστεῦσαι,
2910 2023 3012 2076 κάν
3060 2039 3120 2075 τε
3157 2020 3425 2092 περιτύχῃ
3469 2018 3663 2088 τετρὰς
3693 2017 3730 2091 ἢ

2146 2117 2551 2189 προσάϐϐατον.
2595 2116 2924 2188 Προαιρέσει
2967 2115 3025 2168 δὲ
3056 2113 3234 2184 ἀγαθῇ
3266 2115 3315 2166 οἱ
3353 2113 3522 2178 αὐτῆς
3563 2112 3736 2180 ἀσκη-

2147 2210 2237 2262 ταὶ
2269 2206 2566 2270 διαπαντὸς
2587 2249 2601 2272 ,
2653 2207 2826 2277 χωρὶς
2855 2203 3146 2276 Κυριακῆς
3176 2201 3272 2255 καὶ
3312 2197 3692 2268 Πεντηκοστῆς
3713 2235 3736 2260 ι

2146 2297 2500 2369 νηστεύουσι,
2549 2296 2646 2350 καὶ
2693 2296 3007 2368 ἀγρυπνίας
3054 2292 3347 2354 διαπαντὸς
3402 2288 3732 2344 ἐπιτελοῦσι.

2147 2390 2258 2452 Τὰς
2299 2389 2354 2441 δὲ
2402 2387 2692 2459 Κυριακάς
2729 2387 2950 2449 ἁπάσας
2983 2382 3261 2456 τρυφεράς
3294 2385 3506 2453 ἡγεῖται
3534 2381 3568 2452 ἡ
3602 2381 3734 2448 ἀγία

2147 2479 2287 2550 αῦτη
2330 2479 2595 2549 καθολικὴ
2635 2476 2965 2546 Ἐκκλησία,
3014 2474 3110 2527 καὶ
3144 2471 3393 2535 συνάξεις
3431 2471 3526 2540 ἀφ’
3563 2469 3732 2522 ἕωθεν

2147 2570 2416 2632 ἐπιτελεῖ,
2464 2571 2524 2622 ού
2579 2569 2852 2639 νηστεύει.
2920 2564 3300 2620 Ἀνακόλουθον
3332 2563 3440 2634 γάρ
3479 2563 3627 2614 ἑστιν
3673 2561 3733 2614 ἑν

2147 2661 2403 2732 Κυριακῇ
2428 2658 2732 2730 νηστεύειν.
2766 2657 2878 2728 Τὴν
2911 2657 2967 2710 δὲ
3001 2653 3458 2726 Τεσσαρακοστὴν
3494 2651 3593 2722 τὴν
3626 2650 3734 2722 πρὸ

2145 2751 2254 2804 τῶν
2296 2750 2437 2804 ἑπτὰ
2471 2750 2584 2821 (97)
2634 2748 2856 2820 ἡμερῶν
2903 2745 2999 2799 τοῦ
3043 2745 3199 2812 ἁγίου
3240 2744 3430 2812 Πάσχα
3471 2739 3732 2803 ὡσαύτως

2148 2843 2441 2913 φυλάττειν
2473 2841 2663 2895 εἴωθεν
2713 2843 2746 2910 ἡ
2793 2838 2930 2909 αὐτὴ
2985 2836 3314 2904 Ἐκκλησία,
3353 2836 3412 2888 ἑν
3455 2833 3731 2904 νηστείαις

2145 2934 2464 2988 διατελοῦσα
2481 2951 2494 2963 ⁸
2523 2933 2620 2996 τὰς
2647 2933 2702 2984 δὲ
2729 2929 3013 3001 Κυριακάς
3038 2928 3144 2981 οὐδ’
3176 2929 3331 2991 ὅλως,
3359 2925 3482 2978 οὔτε
3513 2927 3570 2977 ὲν
3592 2925 3730 2994 αὐτῇ

2147 3028 2213 3096 τῇ
2257 3027 2703 3097 Τεσσαρακοστῇ.
2735 3024 2847 3086 Τὰς
2875 3023 2932 3075 δὲ
2973 3021 3031 3088 ἒξ
3074 3021 3290 3091 ἡμέρας
3329 3019 3421 3072 τοῦ
3453 3019 3644 3088 Πάσχα
3670 3016 3734 3070 ἑν

2149 3116 2456 3187 ξηροφαγίᾳ
2482 3113 2786 3167 διατελοῦσι
2821 3113 3019 3175 πάντες
3050 3114 3098 3164 oi
3124 3111 3269 3163 λαοί·
3301 3109 3444 3179 φημὶ
3489 3108 3545 3160 δὲ
3583 3109 3732 3179 ἄρτῳ

2149 3208 2242 3259 καὶ
2274 3207 2362 3259 ἁλὶ
2387 3207 2478 3258 καὶ
2509 3205 2663 3258 ῦδατι
2694 3205 2812 3256 τότε
2838 3202 3109 3274 χρώμενοι
3139 3202 3274 3272 πρὸς
3295 3201 3551 3270 ἑσπέραν.
3571 3197 3733 3252 Ἀλλά

2147 3298 2242 3351 καὶ
2269 3299 2316 3349 οἱ
2350 3296 2628 3348 σπουδαῖοι
2669 3295 2863 3358 διπλᾶς
2901 3293 2996 3346 καὶ
3022 3291 3254 3360 τριπλᾶς
3291 3290 3386 3342 καὶ
3421 3287 3733 3359 τετραπλᾶς

2147 3389 2557 3460 ὑπερτίθενται,
2608 3386 2701 3438 καὶ
2743 3386 2872 3456 ὃλην
2930 3383 3030 3454 τὴν
3086 3381 3357 3452 ἑϐδομάδα
3400 3380 3544 3443 τινὲς
3601 3378 3730 3450 ἀχρι

2146 3479 2522 3550 ἀλεκτρυόνων
2554 3476 2802 3546 κλαγγῆς
2838 3476 2936 3546 τῆς
2963 3473 3254 3546 Κυριακῆς
3285 3472 3726 3541 ἑπιφωσκούσης.

2158 3571 2490 3642 Ἀγρυπνίας
2523 3570 2580 3622 δὲ
2609 3567 2915 3622 διατελοῦσι
2947 3567 3047 3629 τὰς
3079 3565 3156 3630 ἑξο
3185 3564 3344 3618 πάλιν
3386 3563 3444 3616 δὲ
3480 3561 3730 3627 συνάξεις

2146 3662 2450 3716 ἐπιτελοῦσι
2485 3662 2583 3724 τὰς
2629 3660 2798 3723 αὑτὰς
2828 3658 2908 3725 ἓξ,
2945 3659 3037 3711 καὶ
3079 3658 3208 3726 ὃλην
3252 3655 3348 3726 τὴν
3382 3655 3728 3723 Τεσσαρακο-

2147 3755 2274 3826 στὴν
2305 3754 2413 3808 ἀπὸ
2446 3753 2644 3823 ἐνάτης
2687 3751 2792 3814 ἓως
2836 3750 3077 3821 ἑσπέρας
3114 3747 3250 3817 (98).
3280 3746 3378 3799 Ἕν
3407 3761 3519 3796 τισι
3545 3743 3603 3795 δὲ
3629 3742 3727 3794 τό·

2146 3871 2267 3915 ποις
2317 3852 2416 3922 τὴν
2469 3851 2607 3921 μετά
2653 3849 2752 3919 -τὴν
2801 3847 3058 3918 πέμπτην
3101 3840 3467 3926 ἀγρυπνοῦσιν
3519 3836 3732 3906 ἐπιφώ-

2148 3962 2382 3998 σκουσαν
2416 3946 2497 4007 εἰς
2553 3942 2614 3994 τὸ
2649 3939 3031 4010 προσάϐϐατον
3067 3936 3158 3988 καί
3185 3934 3283 4004 τὴν
3314 3929 3597 4002 Κυριακὴν
3627 3927 3726 3998 μό-

2145 4055 2262 4100 νας.
2309 4037 2406 4088 Ἔν
2450 4051 2559 4086 τισι
2604 4032 2659 4084 δὲ
2695 4032 2880 4093 τόποις
2925 4028 3149 4098 λατρεία
3181 4022 3493 4093 οἰκονομίας
3518 4019 3632 4092 (99)
3668 4019 3729 4072 ἑν

2143 4131 2210 4200 τῇ
2255 4128 2478 4198 πέμπτῃ
2512 4126 2718 4194 γίνεται
2749 4123 2868 4193 ὥρᾳ
2900 4120 3096 4190 ἐνάτῃ·
3138 4118 3231 4172 καὶ
3272 4115 3442 4178 οὓτως
3475 4110 3723 4178 ἀπολύει,

2149 4221 2417 4292 μενόντων
2439 4221 2494 4271 ὲν
2521 4221 2587 4287 τῇ
2617 4218 2755 4286 αὺτῇ
2779 4215 2840 4284 ξη
2851 4211 3103 4284 ροφαγίᾳ.
3132 4210 3229 4262 Ἔν
3260 4207 3440 4270 ἄλλοις
3461 4205 3518 4258 δὲ
3537 4204 3729 4266 τόποις

2143 4315 2205 4367 οὐ
2244 4313 2451 4381 γίνεται
2483 4307 2709 4379 λατρεία
2745 4307 2844 4375 τῆς
2887 4303 3198 4372 οἰκονομίας
3235 4301 3268 4371 ἢ
3323 4300 3482 4370 μόνον
3515 4297 3727 4364 ἑπιφω-

2147 4405 2381 4474 σκούσης
2430 4404 2526 4473 τῆς
2574 4398 2892 4470 Κυριακῆς,
2923 4398 3010 4449 ὅτε
3041 4392 3267 4448 ἀπολύει
3321 4390 3449 4461 περὶ
3475 4389 3576 4459 τὴν
3613 4385 3728 4440 τῶν

462 4486 646 4538 cultus
679 4484 816 4538 hora
848 4501 991 4538 nona
1029 4488 1362 4552 celebratur,
1395 4497 1558 4558 atque
1603 4489 1678 4542 ita
1721 4491 1912 4544 missio
1946 4506 2044 4560 po-

2147 4491 2521 4562 ἀλεκτρυόνων
2551 4485 2796 4556 κλαγγὴν
2822 4487 2880 4538 ὲν
2908 4487 2973 4554 τῇ
3004 4480 3358 4549 ἀναστασίμῳ
3394 4477 3598 4549 ἡμέρᾳ,
3629 4475 3730 4528 καὶ

463 4576 575 4646 puli
607 4575 695 4639 ﬁt,
731 4583 792 4629 ut
834 4578 890 4630 in
927 4579 1206 4632 aridorum
1241 4595 1343 4633 usu
1385 4582 1703 4649 persistant.
1739 4582 1881 4635 Alibi
1911 4597 2040 4635 vero

462 4667 635 4719 divini
680 4669 929 4738 mysterii
975 4671 1154 4726 cultus
1199 4687 1307 4726 non
1360 4673 1512 4742 prius
1558 4673 1838 4736 indicitur,
1874 4690 2038 4743 quam

463 4757 784 4816 Dominicus
827 4760 947 4816 dies
989 4762 1251 4824 illuxerit.
1289 4781 1412 4818 cum
1457 4766 1561 4821 sub
1603 4769 1870 4838 gallorum
1917 4782 2049 4821 can-

464 4858 581 4902 tum
605 4851 901 4906 dimittitur
926 4855 1166 4924 populus
1191 4857 1245 4909 in
1272 4858 1390 4926 ipso
1412 4856 1856 4914 Resurrectionis
1880 4858 2042 4924 festo,

2148 4585 2453 4654 πανηγύρει
2490 4579 2696 4650 μεγάλῃ
2733 4576 2917 4647 ἡμέρᾳ
2937 4574 3030 4627 τοῦ
3073 4572 3292 4642 Πάσχα,
3321 4570 3397 4634 ὡς
3431 4567 3727 4639 προστέτα-

2157 4693 2306 4729 κται.
2341 4674 2420 4726 Τά
2450 4673 2493 4725 δ’
2529 4671 2662 4726 ἄλλα
2717 4669 2994 4740 μυστήρια
3039 4667 3168 4737 περὶ
3211 4662 3438 4736 λουτροῦ
3480 4664 3574 4717 καὶ
3617 4661 3728 4713 τῶν

2153 4767 2360 4821 ἔνδοθεν
2412 4761 2764 4836 μυστηρίων,
2807 4761 2882 4824 ὡς
2927 4759 3038 4829 ἔχει
3083 4760 3116 4829 ή
3179 4757 3472 4828 παράδοσις
3522 4753 3616 4807 τοῦ
3667 4771 3728 4806 τε

2154 4857 2486 4927 Εὐαγγελίου
2512 4856 2604 4908 καὶ
2627 4853 2733 4906 τῶν
2762 4852 3095 4914 ἀποστόλων,
3120 4851 3292 4915 οὕτως
3315 4847 3666 4902 ἐπιτελεῖται.

463 4957 528 4994 ac
577 4942 809 4997 solemni
857 4945 1325 5018 celeberrimoque
1381 4946 1670 5006 Paschatis
1709 4951 1830 5019 dief,
1885 4949 2347 5021 quemadmodum
2386 4947 2764 5022 praescriptum
2809 4953 2914 5006 est.
2961 4941 3116 5008 Quod
3174 4942 3240 4995 ad
3299 4942 3404 4993 alia
3466 4938 3730 5009 mysteria

465 5037 720 5103 pertinet,
749 5047 809 5093 ut
839 5039 1091 5110 baptismi
1124 5043 1337 5116 1106
1360 5053 1412 5099 et
1441 5061 1562 5115 qua:
1607 5046 1869 5100 interiora
1927 5057 2077 5113 sunt,
2115 5061 2178 5100 ea
2227 5045 2426 5099 ritibus
2475 5043 2583 5096 illis
2637 5055 2702 5095 ac
2751 5039 3094 5094 caeremoniis
3143 5038 3434 5101 obeuntur,
3487 5049 3607 5105 quae
3657 5051 3727 5090 ex

466 5127 762 5198 Evangelio
789 5139 842 5185 et
867 5134 1240 5202 apostolorum
1287 5139 1616 5193 auctoritate
1652 5154 1716 5194 ac
1740 5139 2040 5200 traditione
2079 5136 2342 5208 profectae
2365 5143 2516 5190 sunt.

539 5250 552 5278 ¹
587 5247 720 5302 Luc.
749 5264 799 5311 v,
847 5247 936 5302 55.

542 5359 652 5431 (96)
687 5359 850 5431 Κατὰ
873 5360 978 5427 τὰς
1007 5359 1287 5428 πρωῖνὰς.
1318 5359 1450 5426 Quae
1501 5361 1620 5416 sine
1653 5360 1863 5431 jejunio
1899 5361 2044 5414 cele-

468 5430 769 5488 brabantur
793 5430 1087 5492 Stationes,
1120 5431 1389 5495 συνάξεις,
1414 5439 1473 5484 ιιι
1500 5431 1796 5486 Dominicis
1827 5430 2043 5495 diebus,

471 5505 526 5556 in
570 5502 890 5556 Pentecoste
936 5511 989 5556 et
1038 5502 1095 5554 in
1151 5501 1475 5570 Epiphania,
1521 5502 1806 5556 matutinis
1845 5500 2047 5555 ﬁebant

471 5574 642 5627 boris.
677 5571 820 5625 Hora
869 5581 1050 5625 autem
1096 5571 1520 5625 absolvebantur
1556 5587 1719 5640 nona,
1758 5587 1880 5642 quae
1902 5571 2047 5642 jeju-

472 5645 624 5700 nium
659 5642 930 5697 habebaut
961 5642 1298 5709 adjunctum.

567 5712 658 5777 97)
686 5712 806 5781 Πρὸ
823 5711 943 5765 τῶν
962 5710 1132 5776 ἑπτά,
1163 5718 1270 5766 etc.
1313 5709 1605 5766 Paschales
1647 5711 1758 5766 illic
1784 5711 2046 5766 denotare

475 5781 592 5840 vult
613 5782 729 5838 dies
761 5789 988 5852 septem,
1021 5783 1135 5853 qui,
1169 5797 1198 5836 a
1242 5783 1471 5838 solemni
1507 5781 1790 5838 Paschalis
1825 5781 1912 5837 die
1941 5797 2042 5836 nu-

2155 5360 2371 5424 merati,
2405 5360 2700 5429 insequens
2724 5358 2981 5414 desinunt
3002 5358 3055 5412 in
3089 5357 3407 5412 Sabbatum.
3440 5355 3580 5411 Ante
3602 5355 3731 5413 dies

2149 5430 2272 5483 illos
2309 5431 2734 5501 Quadragesima
2763 5441 3032 5501 servatur.

2222 5494 2342 5570 (98)?
2362 5501 2516 5566 ’Ἑως
2533 5494 2829 5568 ’ἐσπέραᾳ
2858 5499 3059 5568 Duplex
3080 5569 3088 5570 ί
3113 5497 3483 5552 animadverte
3507 5494 3724 5570 ijejunii

2149 5566 2342 5641 genus,
2364 5571 2534 5633 aliud,
2558 5566 2709 5641 quod
2734 5566 3043 5641 solvebatur
3079 5569 3209 5641 hora
3238 5583 3403 5641 nona,
3431 5566 3636 5641 utillud
3665 5583 3724 5641 ιγ

2149 5636 2203 5696 ét
2221 5657 2273 5695 v1
2293 5641 2442 5695 feriae
2467 5659 2480 5694 :
2508 5636 2656 5695 aliud
2682 5655 2832 5711 vero,
2867 5648 2926 5711 ut
2951 5639 3450 5711 Quadragesimale,
3473 5636 3620 5709 quod
3647 5638 3735 5697 ad

2147 5727 2403 5781 vesperas
2430 5726 2604 5781 usque
2631 5710 3050 5781 producebatur.

2220 5727 2240 5766 5
2314 5727 2403 5766 ras
2430 5727 2604 5781 usque
2631 5727 3050 5781 proouceoatur.

2220 5727 2333 5853 (BS)
2365 5781 2419 5837 In
2435 5781 2602 5837 Cmna
2638 5781 2846 5836 Domini
2880 5781 3067 5835 missa.
