4118 6402
366 375 474 432 829

940 373 1308 432 ADVERSUS
1350 375 1691 432 IIAERESES
1728 377 1857 433 LIB.
1899 377 1984 434 Ill.
2027 378 2192 436 TOM.
2235 378 2297 435 Il.
2337 409 2405 420 —
2444 377 2806 435 EXPOSITIO
2842 375 3042 434 FIDE].

3505 377 3609 434 850

441 490 564 546 Kl".
621 477 745 544 Ἐ’πί
773 490 830 544 δὲ
860 492 969 545 τῶν
995 494 1438 565 τελευτησάντων
1469 497 1566 566 (l),
1591 497 1651 563 ἐξ
1674 497 1939 568 ὀνόματος

2107 498 2296 552 XXIII.
2337 497 2453 552 Jam
2500 514 2632 553 vero
2673 498 2820 568 quod
2852 497 2918 552 ad
2955 501 3202 550 mortuos
3247 500 3480 564 spectat,
3508 511 3610 549 no—

368 583 466 645 τάς
499 583 714 652 μνήμας
745 583 1020 637 ποιοῦνται
1039 624 1053 645 ,
1088 587 1395 656 προσευχάς
1424 589 1701 652 τελοῦντες
1731 592 1824 643 καὶ
1849 590 1943 642 λα-

368 673 552 741 τρείας
577 674 668 725 καὶ
692 674 1034 744 οἰκονομίας⁹
1065 676 1274 728 ἑωθινοί
1311 694 1370 729 τε
1416 677 1574 747 ὕμνοι
1612 681 1670 731 ὲν
1698 681 1834 750 αὐτῇ
1875 683 1940 751 τῇ

370 761 502 832 ἁγίᾳ
551 761 847 832 Ἐκκλησία
892 762 1159 832 διηνεκεῖς
1205 764 1444 831 γίνονται
1499 765 1593 817 καὶ
1645 767 1944 835 προσευχαὶ

371 852 592 906 ὲωθιναὶ
612 893 626 913 ,
653 853 893 922 λυχνικοί
930 871 988 906 τε
1015 854 1130 924 ἆμα
1161 855 1364 926 ψαλμοὶ
1394 857 1469 926 (2)
1499 857 1593 909 καὶ
1622 857 1940 928 προσευχαί.

373 945 528 1007 Τινὲς
560 944 614 996 δὲ
639 943 746 995 τῶν
791 943 1130 1014 μοναζόντων
1157 946 1327 1013 αὐτῆς
1359 947 1675 1000 κατοικοῦσι
1713 947 1811 1010 τὰς
1850 947 1945 1000 πό-

371 1034 483 1096 λεις
504 1076 519 1097 ,
552 1035 695 1097 τινὲς
720 1033 776 1087 δὲ
807 1034 900 1087 καὶ
929 1037 987 1086 ὲν
1041 1035 1422 1104 μοναστηρίοις
1467 1037 1786 1100 καθέζονται
1805 1078 1818 1096 ,
1848 1037 1943 1090 καὶ⁹

372 1126 481 1179 ἀπὸ
539 1126 775 1196 μήκοθεν
816 1125 1208 1195 ἀναχωροῦσιν.
1239 1127 1440 1196 Ἥρεσε
1481 1127 1539 1180 δέ
1582 1145 1690 1181 τισι
1732 1130 1825 1181 καὶ
1852 1130 1944 1182 κό-

375 1236 481 1287 μας
508 1217 650 1287 ἔχειν
686 1217 886 1287 τριχῶν
915 1217 1099 1270 ἕνεκεν
1135 1215 1294 1286 δῆθεν
1342 1217 1634 1282 πολιτείας,
1673 1220 1767 1272 ἀπ’
1813 1221 1941 1274 ἰδίου

375 1311 514 1374 νοὸς,
549 1311 608 1363 οὐ
642 1309 735 1362 τοῦ
772 1308 1106 1376 Εὑαγγελίου
1139 1309 1559 1380 προστάξαντος,
1585 1311 1645 1364 ού
1678 1311 1784 1364 τῶν
1810 1314 1944 1365 ἀπο-

375 1401 577 1453 στόλων
630 1400 937 1469 δεξαμένων
958 1418 972 1432 ο
1018 1403 1046 1454 ὁ
1071 1401 1179 1473 γὰρ
1219 1402 1374 1470 ἆγιος
1411 1401 1705 1465 ἀπόστολος
1733 1402 1944 1468 Παῦλος

373 1493 616 1563 ἀπέκοψε
668 1495 826 1548 τοῦτο
854 1495 914 1547 τὸ
944 1497 1147 1568 σχῆμα.
1186 1498 1308 1550 Εἰσὶ
1345 1498 1402 1551 δὲ
1446 1501 1706 1552 πολιτεῖαι
1754 1499 1899 1553 ἄλλοι
1924 1501 1941 1531 ¹

374 1585 639 1653 ἐξαίρετοι
680 1588 737 1639 ὲν
763 1590 828 1658 τῇ
857 1589 994 1659 αὐτῇ
1038 1587 1299 1660 καθολικῇ
1355 1590 1650 1660 Ἐκκλησία
1683 1589 1944 1660 φυλαττό-

376 1692 569 1743 μεναιο
604 1678 748 1747 φημὶ
789 1677 845 1730 δὲ
885 1678 982 1731 τοῦ
1032 1680 1330 1749 ἀπέχεσθαι
1370 1682 1548 1754 κρεῶν
1579 1683 1816 1744 πάντων,
1856 1701 1944 1737 τε·

372 1767 653 1836 τραπόδων
682 1786 742 1821 τε
770 1770 865 1823 καί¹
892 1771 1094 1841 ὀρνέων
1122 1773 1216 1826 καὶ
1253 1772 1470 1843 ἰχθύων,
1507 1775 1613 1828 ὠοῦ
1644 1792 1701 1828 τε
1726 1776 1819 1828 καὶ
1847 1793 1943 1828 τυ-

376 1855 505 1924 ροῦο
563 1859 655 1910 καὶ
701 1859 883 1930 ἕτεραι
931 1860 1178 1932 διάφοροι
1232 1864 1530 1928 πολιτεῖαι,
1589 1865 1671 1918 ὅτι
1717 1866 1946 1928 ἕκαστος

375 1946 516 2000 κατά
573 1947 665 2000 τὸν
717 1949 848 2002 ῐδιον
897 1950 1140 2021 κάματον
1191 1951 1382 2021 μισθὸν
1433 1953 1696 2024 λήψεταιο
1756 1954 1851 2008 καὶ
1896 1956 1946 2007 οἱ

378 2039 476 2106 μὲν
523 2038 816 2108 ἀπέχονται
860 2039 1078 2094 πάντων
1125 2041 1329 2095 τούτων
1349 2081 1364 2106 ,
1411 2043 1460 2096 οἱ
1506 2043 1563 2096 δὲ
1606 2043 1946 2115 τετραπόδων

378 2126 574 2197 μόνων,
623 2128 952 2198 λαμϐάνουσι
997 2131 1055 2184 δὲ
1105 2132 1307 2202 ὀρνέων
1350 2134 1443 2187 καὶ
1475 2134 1555 2186 ’τά
1615 2134 1905 2205 μετέπειτα
1929 2149 1944 2164 ⁸

375 2219 548 2290 ιτεροι
583 2220 639 2273 δὲ
668 2222 762 2274 καὶ
800 2221 1002 2292 ὀρνέων
1029 2223 1346 2293 ἀπέχονται,
1375 2224 1715 2295 λαμϐάνουσι
1745 2225 1801 2278 δὲ
1825 2225 1947 2278 ὠῶν

375 2310 468 2362 καὶ
504 2309 699 2381 ἰχθύων
724 2326 736 2339 ο
784 2311 960 2382 ἕτεροι
989 2312 1046 2365 δὲ
1075 2313 1194 2366 οὐδὲ
1220 2312 1342 2366 ὠῶν
1371 2313 1736 2384 λαμϐάνουσιν
1755 2330 1768 2343 ·
1799 2313 1947 2367 ἄλλοι

374 2399 431 2452 δὲ
463 2399 656 2469 ἰχθύων
683 2401 999 2472 ἀπέχονται,
1031 2403 1196 2475 τυροῦ
1234 2404 1292 2456 δὲ
1340 2404 1706 2474 λαμϐάνουσιν
1727 2423 1742 2436 ο
1771 2405 1947 2475 ἕτεροι

375 2487 432 2540 δὲ
457 2487 577 2540 οὐδὲ
600 2488 765 2560 τυροῦ
790 2489 1182 2560 λαμϐάνουσιν.
1227 2492 1365 2562 Ἤδη
1391 2493 1448 2546 δὲ
1473 2494 1568 2546 καὶ
1596 2494 1742 2548 ἄλλοι
1781 2494 1946 2566 ἄρτου

376 2576 688 2646 ἀπέχονται,
728 2579 903 2651 ἕτεροι
933 2579 990 2632 δὲ
1018 2581 1110 2633 καὶ
1159 2581 1476 2652 ἀκροδρύων
1504 2584 1598 2636 καὶ
1626 2584 1942 2654 ἑψημάτων.

378 2668 568 2720 Πολλοὶ
592 2669 646 2722 δὲ
672 2671 767 2722 καλ¹
794 2672 1176 2741 χαμευνοῦσιν,
1216 2673 1363 2726 ἄλλοι
1394 2675 1451 2726 δὲ
1477 2675 1595 2727 οὐδὲ
1628 2676 1948 2729 ύποδέννυν-

377 2775 487 2821 ται,
519 2760 665 2813 ἄλλοι
687 2761 743 2813 δὲ
769 2762 970 2815 σάκκον
1001 2761 1223 2833 φοροῦσι
1263 2765 1665 2834 κεκρυμμένον,
1689 2767 1736 2818 οἱ
1769 2767 1950 2830 καλῶς

381 2849 670 2919 φοροῦντες
710 2851 776 2904 δι’
822 2853 1021 2922 ἀρετὴν
1056 2853 1148 2904 καὶ
1208 2854 1525 2923 μετάνοιαν·
1562 2857 1807 2925 ἀπρεπὲς
1841 2859 1949 2929 γάρ

380 2945 526 2995 ἐστιν
569 2944 627 2994 ἐν
673 2946 942 3014 προφανεῖ
985 2944 1175 3013 σάκκῳ
1211 2945 1492 3014 προϊέναι,
1533 2945 1607 3009 ῶς
1639 2964 1778 3010 τινες
1809 2948 1949 3000 οὕτω

382 3031 732 3101 πράττουσιν.
773 3032 1046 3102 Ἀπρεπὲς
1071 3033 1148 3092 δὲ,
1183 3032 1258 3095 ὡς
1290 3033 1523 3103 ἔφημεν,
1553 3035 1728 3088 καὶτὸ
1751 3035 1950 3100 κλοιοῖς

383 3117 662 3186 προϊέναι,
707 3119 780 3178 ὥς
823 3136 962 3170 τισιν
1005 3119 1181 3183 ἔδοξεν
1203 3139 1216 3151 ·
1248 3123 1296 3173 οἰ
1332 3122 1547 3183 πλείους
1579 3124 1634 3175 δὶτ
1673 3123 1948 3193 βαλανείου

380 3207 692 3276 ἀπέχονται.
740 3209 848 3262 Καί
881 3227 1024 3272 τινες
1061 3211 1400 3277 ἀπετάξαντο
1444 3214 1522 3280 τῷ
1565 3214 1696 3284 βίῳ,
1762 3217 1950 3286 τέχνας

381 3299 580 3362 λεπτὰς
617 3302 710 3354 καὶ
751 3303 1110 3372 ἀπράγμονας
1159 3305 1378 3366 ’ἑαυτοῖς
1409 3307 1826 3374 ἐπινοήσαντες,
1865 3309 1949 3362 ἵνα

387 3388 460 3457 μὴ
491 3390 659 3458 ἀργὸν
689 3390 801 3459 βίον
837 3390 1143 3452 διατελῶσι,
1180 3393 1314 3464 μηδὲ
1343 3393 1433 3446 τὸν
1459 3395 1621 3464 ἄρτον
1650 3395 1950 3468 βεϐαρημέ-

384 3498 474 3534 νον
532 3482 800 3536 ἐσθίωσιν.
845 3484 933 3535 Ἐν
987 3484 1325 3554 ψαλμῳδίαις
1371 3486 1427 3539 δὲ
1476 3489 1524 3540 οἰ
1572 3489 1817 3557 πλείουςη
1859 3491 1953 3543 καὶ

384 3573 571 3642 εὐχαῖς
596 3573 918 3643 διηνεκέσιν,
947 3574 1283 3642 ἀναγνώσεσί
1313 3594 1370 3630 τε
1404 3578 1633 3648 Γραφῶν
1663 3581 1831 3649 ἁγίων
1861 3583 1952 3635 καὶ

385 3664 814 3736 ἅποστηθισμοῖς
843 3665 1154 3720 ἀσκοῦνται.

2043 591 2291 643 minatim
2323 590 2540 643 illorum
2573 591 2775 644 mentio
2824 589 2900 652 ﬁt,
2937 603 3001 642 ac
3032 603 3221 656 preces
3246 595 3300 642 et
3339 589 3606 642 sacriﬁcia
3633 583 3649 629 ί

2043 681 2406 752 mysteriaque
2424 680 2856 749 frequentantur.
2875 679 3150 734 Matutinm
3169 680 3394 746 insuper
3416 679 3610 733 laudes

2044 773 2096 825 in
2148 771 2389 826 Ecclesia
2424 772 2692 827 catholica
2742 772 3129 839 matutinaeque
3167 786 3357 838 preces
3390 771 3612 823 assidue

2039 863 2418 928 celebrantur;
2471 863 2775 917 lucernales
2823 863 2947 922 item
2992 861 3184 932 psalmi
3224 868 3278 914 et
3307 863 3608 914 orationes.

2043 953 2211 1007 Porro
2261 953 2652 1007 monachorum
2705 954 2798 1006 alii
2845 953 2898 1006 in
2952 953 3182 1006 urbibus
3232 951 3456 1020 degunt,
3515 953 3606 1004 alii

2045 1043 2098 1096 in
2145 1045 2490 1098 monasteriis
2537 1044 2800 1104 habitant.
2837 1051 2890 1097 et
2934 1044 3000 1096 ab
3035 1043 3316 1095 hominum
3353 1041 3610 1110 frequen-

2047 1135 2119 1188 tia
2177 1134 2391 1204 longius
2439 1134 2762 1189 abscedunt.
2815 1133 3110 1187 Nonnullis
3163 1149 3292 1187 vero
3351 1134 3612 1201 prolixior

2045 1240 2198 1279 coma
2219 1225 2440 1295 placuit,
2468 1225 2760 1279 sanctioris
2782 1224 3034 1277 videlicet
3061 1223 3297 1277 instituti
3319 1237 3486 1277 causa
3515 1238 3527 1273 :
3557 1221 3612 1276 id

2047 1317 2192 1385 quod
2223 1325 2414 1385 suapte
2433 1317 2731 1377 voluntate,
2762 1315 2879 1370 sine
2899 1313 3170 1380 Evangelii
3204 1323 3488 1383 praecepto.
3513 1322 3609 1366 aut

2045 1408 2415 1476 apostolorum
2475 1407 2867 1475 approbatione
2908 1404 3152 1471 faciunt;
3214 1421 3335 1458 nam
3385 1413 3613 1460 sanctus

2045 1499 2325 1568 apostolus
2354 1497 2556 1552 Paulus
2577 1499 2800 1550 formam
2824 1496 3091 1566 ejusmodi
3115 1504 3277 1566 atque
3297 1497 3498 1549 cultum
3521 1498 3616 1550 ab-

2045 1588 2315 1642 dicavit’.
2351 1587 2489 1642 Sunt
2526 1596 2581 1643 et
2613 1589 2717 1642 alia
2751 1587 2808 1642 in
2840 1589 3026 1643 eadem
3061 1588 3328 1642 catholica
3367 1589 3607 1643 Ecclesia

2045 1681 2297 1735 instituta
2339 1680 2555 1736 vivendi
2612 1681 2929 1749 praestantia
2960 1696 2975 1733 :
3012 1680 3292 1740 nimirum,
3334 1680 3477 1748 quod
3523 1679 3612 1733 alii

2046 1774 2303 1828 carnibus
2332 1788 2557 1843 prorsus
2591 1773 2921 1834 abstineant,
2969 1779 3077 1824 tam
3113 1771 3522 1840 quadrupedum
3561 1777 3616 1824 et

2049 1863 2229 1917 avium
2261 1879 2424 1932 quam
2453 1863 2709 1932 piscium,
2742 1877 2843 1916 nec
2874 1877 2982 1915 non
3015 1861 3134 1915 ovis
3167 1876 3231 1914 ac
3259 1876 3441 1916 caseo.
3473 1859 3612 1913 Tum

2048 1954 2152 2007 alia
2178 1961 2306 2007 sunt
2332 1955 2456 2008 vitae
2478 1967 2698 2024 genera,
2730 1959 3016 2022 propterea
3050 1952 3197 2020 quod
3239 1952 3618 2020 unusquisque

2048 2043 2346 2100 secundum
2393 2043 2676 2114 proprium
2707 2044 2954 2098 laborem
2987 2043 3288 2095 mercedem
3322 2043 3549 2111 accipiet
3571 2043 3615 2096 ³.

2046 2133 2219 2204 Igitur
2249 2140 2380 2188 sunt
2408 2135 2499 2204 qui
2532 2133 2642 2188 illis
2670 2132 2927 2187 omnibus
2965 2130 3314 2194 abstineant;
3345 2131 3435 2183 alii
3483 2145 3618 2199 qua-

2050 2224 2391 2295 drupedibus
2413 2226 2698 2286 duntaxat,
2729 2223 2824 2279 sed
2855 2223 3046 2277 avibus
3070 2236 3132 2275 ac
3159 2222 3370 2276 ca'teris
3396 2237 3621 2276 vescun-

2052 2322 2183 2375 turz'
2219 2317 2308 2370 alii
2333 2317 2499 2371 etiam
2528 2317 2594 2369 ab
2623 2316 2813 2369 avibus
2850 2320 3189 2384 temperant,
3230 2327 3328 2364 ova
3358 2321 3411 2366 et
3442 2312 3618 2380 pisces

2049 2407 2340 2468 adhibent;
2361 2405 2448 2458 alii
2469 2403 2630 2458 etiam
2651 2417 2753 2456 ova
2777 2401 3081 2470 repudiant.
3103 2399 3242 2453 Sunt
3262 2399 3353 2466 qui
3377 2397 3620 2465 piscibus

2049 2492 2364 2552 abstinent:
2396 2497 2488 2564 qui
2523 2503 2702 2548 tamen
2752 2507 2970 2548 caseum
3002 2491 3106 2546 sibi
3135 2489 3474 2560 permittunt.
3508 2486 3614 2538 Alii

2047 2603 2178 2644 vero
2211 2602 2373 2642 caseo
2407 2601 2516 2641 non
2564 2592 2813 2638 utuntur.
2853 2581 3124 2637 Praeterea
3171 2579 3392 2649 quidam
3421 2594 3450 2632 a
3483 2592 3624 2646 pane

2051 2678 2361 2732 abstinent:
2397 2675 2616 2744 quidam
2649 2674 2716 2727 ab
2742 2673 2997 2724 arborum
3037 2669 3306 2723 fructibus
3350 2675 3404 2721 et
3446 2667 3624 2719 coctis

2050 2768 2328 2822 omnibus.
2348 2764 2600 2834 Plerique
2624 2762 2773 2816 humi
2795 2761 3063 2822 cubitant,
3089 2759 3180 2812 alii
3209 2757 3370 2810 nudis
3393 2754 3624 2825 pedibus

2050 2872 2114 2911 ac
2136 2859 2255 2910 sine
2275 2855 2663 2909 calceamentis
2687 2853 2962 2917 incedunt,
2985 2852 3073 2904 alii
3097 2849 3368 2904 occultum
3387 2846 3624 2898 cilicium

2052 2948 2257 3009 ferunt,
2289 2947 2379 3016 qui
2415 2947 2466 3000 id
2497 2945 2860 3005 laudabiliter,
2895 2942 3113 2997 virtutis
3145 2939 3351 2994 scilicet
3383 2944 3478 2989 aut
3511 2951 3628 3005 pm-

2056 3039 2297 3093 nitcnlia:
2319 3053 2506 3099 causa,
2538 3036 2754 3099 ferunt;
2783 3050 2906 3088 nam
2935 3034 3171 3087 cilicium
3207 3030 3380 3098 palam
3419 3042 3484 3081 ac
3513 3041 3628 3096 pI‘IB

2053 3144 2112 3182 se
2164 3126 2304 3180 ferre
2353 3127 2533 3180 minus
2579 3126 2836 3179 decorum
2876 3123 3113 3186 videtur,
3161 3119 3305 3188 quod
3340 3117 3627 3171 instituere

2062 3218 2330 3273 nonnulli.
2382 3217 2565 3286 Neque
2623 3217 2746 3285 plus
2775 3215 2989 3270 decoris
3030 3213 3210 3274 habet,
3255 3217 3315 3263 ut
3359 3208 3624 3269 diximus,

2063 3311 2208 3380 quod
2242 3311 2522 3364 nonnullis
2552 3309 2727 3363 visum
2757 3315 2861 3371 est,
2893 3322 3013 3361 cum
3051 3302 3282 3358 vinculis
3321 3301 3459 3354 collo
3490 3297 3627 3351 indi-

2055 3401 2127 3453 tis
2173 3382 2442 3453 incedere.
2483 3397 2590 3452 Sed
2621 3412 2782 3466 quam
2811 3395 3028 3465 plurimi
3077 3392 3296 3446 balneas
3348 3401 3629 3458 nunquam

2059 3491 2262 3544 vident.
2296 3489 2547 3543 Nonnulli
2581 3489 2783 3544 saeculo
2812 3487 2884 3540 ita
2907 3483 3311 3544 renuntiarunt,
3354 3487 3413 3533 ut
3435 3530 3442 3536 ,
3463 3480 3630 3533 lesio-

2058 3596 2149 3635 res
2193 3580 2454 3650 quasdam
2486 3586 2633 3633 artes
2661 3593 2725 3632 ac
2753 3577 2934 3630 minus
2987 3571 3297 3642 negotiosas
3343 3569 3447 3624 sibi
3497 3568 3632 3638 ipsis

2061 3675 2466 3743 excogitarent,
2531 3686 2600 3725 ne
2651 3678 2863 3723 aetatem
2905 3667 2962 3720 in
3027 3663 3140 3718 otio
3187 3661 3485 3731 degerent,
3543 3669 3631 3714 aut

387 3755 568 3809 cibum
597 3772 720 3810 cum
763 3759 1084 3828 cujusquam
1121 3759 1463 3814 incommodo
1524 3769 1821 3818 sumerent.
1878 3763 2068 3835 Magna
2096 3780 2225 3819 vero
2261 3779 2329 3818 ex
2366 3773 2517 3832 parte
2551 3762 2604 3815 in
2655 3757 3012 3816 decantandis
3066 3756 3291 3827 psalmis
3342 3771 3407 3811 ac
3455 3757 3630 3810 conti-

389 3850 514 3903 nuis
561 3850 899 3905 orationibus
941 3858 995 3906 et
1037 3858 1351 3907 sanctarum
1395 3851 1802 3923 Scripturarum
1856 3857 2204 3922 lectionibus,
2271 3855 2572 3925 iisdemque
2608 3853 2921 3909 memoriter
2948 3847 3390 3922 pronuntiandis,
3428 3851 3632 3919 εοὶρςυε

389 3948 661 3994 exercent.

463 4033 583 4084 KA'.
620 4033 753 4102 Περὶ
780 4032 835 4085 δὲ
861 4033 1159 4104 ξενοδοχίας
1187 4035 1280 4088 καὶ
1302 4035 1707 4107 φιλανθρωπίας
1735 4035 1955 4108 ἐλεημο-

392 4123 554 4193 σύνης
605 4140 665 4174 τε
704 4125 782 4186 εἰς
822 4125 1062 4188 πάντας,
1111 4127 1274 4179 πᾶσιν
1328 4127 1356 4178 ὀ
1391 4129 1490 4196 τῆς
1541 4126 1701 4195 ἁγίας
1752 4126 1955 4196 ταύτης

392 4214 680 4284 καθολικῆς
726 4215 820 4267 καὶ
867 4217 1224 4288 ἀποστολικῆς
1270 4219 1592 4288 Ἐκκλησίας
1621 4220 1828 4290 καρπὸς
1865 4236 1956 4272 κε-

346 4304 348 4306 ’
393 4307 460 4364 κή
472 4323 681 4378 ρυκται.
713 4306 786 4358 Τὸ
813 4306 869 4358 δὲ
891 4307 1113 4378 λουτρὸν
1142 4310 1252 4380 ἔχει
1277 4311 1393 4363 ἀντὶ
1421 4311 1520 4380 τῆς
1558 4308 1956 4378 παλαιωθείσης

394 4397 692 4468 περιτομῆς
735 4397 792 4448 ὲν
820 4395 1040 4469 Χριστῷ
1063 4412 1077 4426 ⁸
1107 4399 1496 4454 διαναπαύεται
1530 4403 1586 4453 ὲν
1623 4399 1699 4469 τῷ
1739 4399 1956 4470 μεγάλῳ

2137 4029 2347 4100 1107
2384 4027 2573 4082 XXIV.
2623 4026 2742 4082 Jam
2779 4041 2910 4082 vero
2949 4027 3335 4098 hospitalitatis
3365 4037 3418 4082 et
3451 4029 3632 4083 Imma.

2061 4122 2248 4176 nitatis
2285 4131 2338 4175 et
2371 4119 2425 4172 in
2461 4135 2650 4174 omnes
2698 4135 2964 4192 pauperes
3005 4120 3376 4175 beneﬁcentiae
3422 4121 3632 4176 fructus

2061 4211 2158 4265 toti
2215 4209 2496 4263 catholicae
2544 4216 2598 4262 et
2645 4209 2958 4278 apostolicae
3009 4209 3269 4264 Ecclesiae
3303 4211 3632 4265 scommunis

2062 4302 2315 4356 omnibus
2364 4310 2448 4354 est
2492 4299 2758 4353 indictus.
2819 4297 3018 4352 Eadem
3079 4313 3207 4352 vero
3256 4297 3497 4353 Ecclesia
3534 4312 3632 4368 pro

2062 4393 2302 4446 obsoleta
2349 4391 2439 4444 illa
2479 4391 2534 4444 in
2565 4389 2783 4444 Christo
2837 4391 3254 4444 circumcisione
3298 4389 3628 4459 baptismum

395 4485 667 4555 σαϐϐάτῳ,
699 4486 818 4538 ἀντὶ
846 4485 938 4538 τοῦ
986 4487 1180 4556 μικροῦ
1212 4488 1501 4543 σαϐϐάτου.
1535 4489 1816 4558 Ἀπέχεται
1849 4505 1949 4540 x0:-

2065 4483 2312 4551 accepit:
2353 4497 2416 4536 ac
2448 4498 2545 4552 pro
2585 4481 2781 4550 exiguo
2827 4480 3086 4542 Sabbato,
3135 4478 3358 4547 majoris
3408 4477 3630 4532 Sabbati

394 4576 588 4638 νωνίας
639 4576 891 4630 ἁπάντων
939 4578 1238 4645 αἱρέσεων·
1288 4579 1653 4649 ἀποκηρύττει
1686 4579 1957 4650 πορνείαν,

395 4668 489 4720 καὶ
544 4668 809 4738 μοιχείαν,
843 4669 938 4722 καὶ
1014 4670 1320 4738 ἀσέλγειαν,
1365 4673 1459 4725 καὶ
1500 4671 1958 4742 εἰδωλολατρείαν,

396 4757 490 4811 καὶ
516 4757 692 4824 φόνον.
727 4761 820 4812 καὶ
851 4759 1028 4813 πᾶσαν
1055 4761 1415 4832 παρανομίαν,
1448 4761 1540 4814 καὶ
1570 4761 1819 4832 μαγείαν,
1869 4763 1964 4814 καὶ

397 4851 744 4921 φαρμακείαν
769 4895 784 4919 ,
829 4853 1221 4926 ἀστρονομίαν,
1264 4854 1651 4926 κληδονισμοὺς
1678 4893 1693 4918 ,
1733 4838 1962 4923 παλμῶν

471 5007 487 5038 ³
515 5005 576 5061 F.
612 5007 788 5061 ἄλλαι.
864 5011 884 5038 ²
919 5006 939 5060 I
978 5008 1103 5064 Cor.
1141 5025 1217 5073 ιι,
1251 5009 1306 5064 4.
1383 5010 1404 5041 ³
1433 5010 1452 5064 l
1485 5009 1610 5065 Cor.
1643 5025 1725 5074 III,
1757 5010 1810 5065 8.

468 5165 544 5234 (I)
575 5166 704 5218 Ἑπί
732 5165 800 5219 δὲ
819 5165 938 5218 τῶν
965 5165 1473 5232 τελευτησάντων.
1500 5163 1700 5218 Petavii
1726 5163 1968 5234 animad-

393 5237 644 5288 versione
696 5236 928 5304 insignis
986 5241 1050 5289 ιιι)
1101 5235 1658 5288 memorabilis-locus
1694 5236 1780 5287 hic
1832 5233 1964 5302 Epi-

397 5306 580 5373 phanii
604 5305 884 5359 habendus
925 5314 1030 5367 est,
1071 5306 1124 5358 in
1155 5320 1264 5373 quo
1299 5305 1480 5372 agitur
1513 5306 1580 5357 de
1619 5304 1963 5358 orationibus

394 5383 447 5427 ct
507 5375 815 5439 sacriﬁciis,
847 5390 965 5443 quae
1017 5390 1112 5441 pro
1145 5375 1374 5443 mortuis
1410 5373 1775 5443 abiEchesia
1823 5382 1966 5426 cele-

397 5444 646 5498 brantur.
682 5442 879 5498 Fusius
906 5444 1095 5499 eadem
1130 5442 1196 5497 de
1241 5458 1299 5497 re
1325 5443 1463 5498 idem
1484 5442 1821 5513 Epiphanius
1852 5444 1962 5513 agit

395 5521 450 5565 et
474 5515 525 5566 in
549 5514 756 5575 heresi.
771 5514 856 5574 75,
891 5529 1040 5566 num.
1073 5513 1124 5577 7,
1160 5528 1281 5581 qua:
1321 5511 1545 5568 haeresis
1575 5511 1659 5567 est
1686 5513 1849 5567 Aerii.
1870 5511 1960 5576 Ἐξ

395 5582 675 5653 ὀνόματος,
708 5584 1024 5637 nominatim
1078 5591 1412 5653 mortuorum
1468 5584 1792 5638 mentionem
1842 5582 1958 5653 lieri

397 5652 452 5724 i_n
477 5650 652 5724 sacris
678 5654 1018 5724 peragendis,
1051 5653 1249 5721 quibus
1277 5652 1384 5706 illis
1414 5653 1761 5724 sull'ragetur,
1789 5650 1954 5724 tradit

399 5720 734 5792 Epiphanius
758 5720 868 5776 tuin
890 5723 942 5776 in
969 5720 1244 5792 praesenti,
1273 5729 1385 5792 tum
1420 5720 1719 5776 memorato
1749 5722 1802 5792 in
1831 5722 1950 5776 loco

401 5790 613 5846 Arianae
642 5793 928 5858 haereseos,
969 5790 1077 5864 Quo
1109 5793 1176 5848 de
1212 5795 1319 5848 ritu
1359 5791 1521 5847 Deum
1553 5791 1809 5848 exorandi
1849 5805 1947 5861 pro

2065 4579 2303 4648 quietem
2338 4576 2594 4631 admittit.
2632 4575 2715 4628 Ab
2756 4574 2999 4627 omnium
3051 4571 3328 4626 haereseon
3386 4584 3631 4622 commu-

2067 4674 2230 4727 nione
2269 4688 2328 4727 se
2374 4679 2622 4742 segregat
2653 4689 2666 4726 :
2699 4670 3107 4724 fornicationem
3133 4707 3148 4732 ,
3195 4666 3519 4720 adulterium
3570 4677 3631 4718 ac

2067 4764 2345 4818 libidinem
2394 4763 2685 4833 proscribit
2734 4777 2990 4826 omnem,
3062 4761 3189 4814 item
3250 4755 3630 4818 idololatriam,

2068 4855 2443 4918 homicidium,
2474 4855 2818 4925 iniquitatem
2851 4866 3091 4917 omnem,
3148 4848 3423 4904 maleﬁcas
3467 4853 3631 4912 artes,

2072 5161 2307 5217 mortuis
2340 5158 2548 5221 confer,
2588 5172 2711 5228 quae
2762 5155 3092 5228 '[homasius
3143 5153 3358 5228 collegit
3393 5159 3633 5228 veterum

2073 5231 2397 5285 documenta
2440 5224 2642 5283 eximio
2701 5229 2753 5281 in
2795 5226 3078 5280 Breviculo
3129 5227 3328 5277 veteris
3379 5224 3544 5275 moris
3579 5224 3632 5274 in

2070 5302 2435 5356 celebratione
2459 5299 2748 5351 missarum
2773 5295 2906 5349 edit.
2932 5302 3132 5349 nostra:
3161 5291 3414 5355 tom.Vll,
3434 5307 3556 5361 pag.
3577 5293 3630 5354 I,

2069 5381 2124 5425 et
2151 5371 2273 5424 aliis
2307 5369 2431 5423 inde
2459 5366 2829 5436 sequentibus.

2139 5439 2215 5505 (2)
2241 5427 2608 5508 Λυχνρκοίὶε
2642 5436 2760 5504 ἅμα
2795 5432 3044 5508 ψαλμοί.
3072 5430 3403 5508 Lucernales
3432 5427 3628 5498 psalrr'=

2068 5499 2165 5578 qui
2188 5499 2496 5577 vespertino
2545 5499 2819 5578 tempore
2835 5503 3228 5578 recitabantur,
3257 5515 3365 5578 quo
3389 5499 3634 5578 lucer_na>

2059 5565 2198 5648 opus
2216 5565 2334 5634 erat
2356 5579 2576 5632 lumine.
2593 5565 2748 5648 [inde
2767 5572 3221 5648 et_Y_e_spertinum
3247 5565 3495 5648 _o__ll_icium
3522 5565 3632 5646 μιν·

2056 5639 2351 5703 cérnarium
2372 5655 2578 5704 veteres
2608 5644 2812 5698 dixere.
2830 5639 3098 5710 Videqua:
3122 5639 3262 5711 apud
3281 5639 3635 5711 Thomasium

2053 5729 2302 5774 nostrum
2337 5733 2400 5772 ea
2451 5716 2518 5770 de
2553 5730 2612 5768 re
2669 5729 2776 5765 non
2839 5706 3010 5768 sanel
3047 5706 3338 5768 occurrant
3395 5706 3634 5777 Operm:

2048 5788 2194 5846 illius
2226 5787 2499 5845 volumine
2522 5786 2576 5840 in
2604 5785 2858 5839 secundo.
