4118 6402
462 332 556 386 831

1864 333 1920 388 S.
1967 333 2304 388 EPIPHANII

3609 326 3717 384 839.

463 449 742 511 veneficia,
791 449 1204 513 astronomiam,
1259 450 1512 521 auguria,
1563 452 1903 519 sortitiones,
1955 456 2040 508 in-

2151 455 2554 526 παρατηρήσεις
2573 494 2588 519 ,
2637 451 2914 514 ὲπαοιδίας
2935 491 2948 514 ,
2987 449 3258 520 περίαπτα
3285 487 3300 510 ,
3334 447 3404 500 τὰ
3434 447 3497 514 δή
3525 446 3716 500 καλούο

462 545 825 609 cantationes,
878 544 1140 606 amuleta,
1190 560 1313 614 qua:
1367 545 1702 615 phylacteria
1752 557 2038 602 vocantur.

463 634 546 688 Ad
591 635 704 688 haec
725 675 740 700 ,
791 634 1006 688 theatra
1046 642 1100 689 et
1131 643 1418 705 equestres
1455 635 1614 691 ludos
1641 645 1695 691 et
1725 640 2042 695 venationes

465 742 531 781 ac
577 728 825 782 musicos
863 727 1106 793 damnat,
1136 735 1190 781 et
1219 727 1654 783 maledicentiam
1679 745 1916 797 onmem,
1945 731 2042 787 de-

466 819 818 884 tractionem,
855 833 1094 888 pugnam
1148 827 1312 888 atque
1366 819 1564 882 rixam,
1625 821 2041 893 blasphemiam,

469 909 750 978 injuriam,
786 909 1072 962 avaritiam
1119 917 1173 963 et
1211 923 1456 962 usuram.
1509 907 1890 980 Negotiatores
1934 926 2044 964 non

468 1001 762 1056 admodum
807 1001 1022 1070 probat,
1067 999 1162 1055 sed
1191 1001 1246 1054 in
1275 1000 1520 1054 omnium
1553 1001 1739 1055 infimo
1769 1002 1885 1057 loco
1913 1018 2046 1070 con-

473 1090 671 1147 stituit.
726 1087 1046 1144 Oblationes
1101 1090 1169 1144 ab
1221 1089 1330 1153 his,
1385 1091 1476 1160 qui
1528 1092 1729 1160 injuria
1773 1096 2044 1148 neminem

475 1182 782 1248 affecerint,
828 1198 1004 1253 neque
1040 1183 1221 1238 scelus
1261 1183 1481 1253 aliquod
1515 1186 1905 1254 perpetrarint,
1948 1187 2043 1241 sed

465 1275 615 1343 juste
658 1273 824 1328 vitam
867 1274 1182 1339 instituant,
1223 1274 1482 1329 admittit.
1523 1275 1724 1330 Preces
1768 1275 1834 1330 ad
1877 1276 2043 1332 Deum

469 1365 693 1420 assidue
718 1365 1050 1435 easdemque
1080 1364 1559 1435 frequentissimas
1605 1381 1671 1420 ac
1718 1367 1936 1422 sedulas
1989 1375 2046 1423 et

469 1473 597 1510 cum
629 1456 1008 1527 genuﬂcxione
1057 1459 1111 1511 in
1159 1458 1476 1513 constitutis
1524 1458 1739 1523 diebus,
1792 1468 1958 1514 noctu
1993 1471 2048 1516 et

471 1549 708 1604 interdiu
763 1549 992 1604 fundere
1048 1552 1310 1621 praecipit.
1366 1549 1538 1606 Porro
1599 1551 1929 1621 quibusdam
1988 1555 2045 1608 in

470 1639 606 1694 locis
655 1639 797 1693 sacri
827 1649 1128 1696 conventus
1157 1653 1209 1697 et
1232 1658 1468 1713 synaxes
1489 1645 1652 1698 etiam
1684 1645 1930 1702 sabbatis
1959 1646 2043 1700 in-

469 1730 745 1784 dicuntur.
790 1729 922 1785 Illud
956 1747 1087 1787 vero
1125 1748 1232 1787 non
1275 1735 1342 1788 ab
1383 1736 1663 1800 onmibus,
1707 1737 1802 1792 sed
1831 1752 1863 1791 a
1893 1753 2034 1807 prae-

2149 565 2284 617 μενα
2321 546 2682 616 φυλακτήρια.
2730 543 3125 614 Ἀποκηρύσσει
3165 543 3366 612 θέατρα
3390 583 3404 606 ,
3436 540 3530 592 κα)⁵
3562 539 3714 591 ἱππι-

2146 639 2276 702 κοὺς
2297 678 2311 701 ,
2356 639 2449 691 καὶ
2485 639 2718 707 κυνήγια
2742 677 2756 700 ,
2810 633 3100 706 μουσικούς
3133 651 3191 686 τε
3223 633 3317 687 καὶ
3345 632 3523 685 πᾶσαν
3548 645 3714 682 κακο-

2146 731 2330 800 λογίαν
2391 730 2484 783 ml.
2544 728 2874 782 καταλαλιάν
2900 769 2914 793 ,
2973 727 3068 780 καὶ
3123 727 3304 778 πᾶσαν
3364 722 3540 794 μάχην
3559 761 3574 787 ,
3623 719 3717 772 καὶ

2147 822 2498 892 βλασφημίαν
2523 862 2537 884 ,
2575 821 2786 874 ἀδικίαν
2819 837 2877 872 τε
2909 819 3004 872 καὶ
3036 814 3377 881 πλεονεξίαν,
3427 813 3521 867 καὶ
3565 827 3718 864 τοκο-

2143 914 2361 984 ληψίαν.
2398 913 2831 988 Πραγματευτάς
2885 912 2984 964 ούκ
3029 909 3347 977 ἀποδέχεται
3373 947 3388 968 ,
3427 904 3562 958 ἀλλά
3587 904 3718 956 ὐπο-

2143 1005 2458 1077 δεεστέρους
2517 1006 2736 1059 πάντων
2793 1005 3028 1072 ἡγεῖται.
3078 999 3400 1072 Προσφοράς
3454 995 3718 1066 λαμϐάνει

2145 1098 2299 1168 παρά
2344 1098 2452 1153 τῶν
2505 1099 2607 1151 οὐκ
2657 1096 2986 1152 ἀδικούντων
3009 1135 3024 1158 ,
3080 1092 3202 1146 οὐδὲ
3239 1086 3714 1161 παρανομούντων,

2145 1188 2280 1242 ἀλλά
2328 1187 2550 1250 δικαίως
2599 1186 2876 1257 βιούντων.
2907 1183 3084 1254 Εύχάς
3129 1181 3186 1235 δὲ
3229 1179 3516 1249 ἐνδελεχῶς
3549 1193 3718 1248 προσ-

2143 1275 2402 1328 τάσσεται
2459 1274 2597 1345 μετά
2658 1274 2837 1345 πάσης
2903 1272 3236 1342 πυκνότητος
3280 1270 3372 1323 καὶ
3414 1266 3718 1331 ὲκτενείας,

2146 1367 2239 1420 καὶ
2300 1365 2645 1435 γονυκλισίας
2706 1366 2764 1416 tv
2834 1365 2955 1426 ταῖς
3012 1359 3373 1430 τεταγμέναις
3446 1357 3680 1429 ἡμέραις
3704 1395 3720 1418 ,

2146 1456 2360 1527 νύκτωρ
2387 1457 2479 1509 καὶ
2513 1456 2629 1526 μεθ’
2657 1454 2870 1526 ἡμέραν
2915 1453 3260 1522 ἀναπέμπειν
3296 1448 3435 1520 Θεῷ.
3477 1449 3574 1502 Ἐν
3612 1464 3721 1500 τισι

2145 1547 2200 1600 δὲ
2221 1547 2405 1610 τόποις
2442 1547 2536 1599 καὶ
2559 1547 2616 1598 tv
2646 1548 2756 1609 τοῖς
2792 1543 3023 1598 σάϐϐασι
3073 1540 3318 1606 συνάξεις
3341 1537 3676 1593 ἐπιτελοῦσιν
3706 1555 3719 1566 ·

2145 1638 2207 1691 οὐ
2249 1638 2426 1708 πάντη
2471 1638 2528 1691 δὲ
2552 1677 2567 1702 ,
2603 1636 2736 1690 ἀλλά
2766 1635 2916 1707 παρά
2952 1637 3062 1698 τοῖς
3093 1633 3359 1704 ἀκρέμοσι
3394 1629 3721 1699 φυλάσσεται

2147 1730 2207 1784 τὸ
2249 1730 2324 1802 μή
2355 1730 2579 1802 ὀμνύναι
2625 1729 2759 1792 ὅλως
2782 1769 2796 1791 ,
2828 1727 2961 1798 μηδὲ
2987 1724 3418 1799 λοιδορήσασθαι,
3459 1723 3593 1793 μηδὲ
3623 1738 3722 1774 κα-

470 1821 834 1875 stantioribus
883 1822 1227 1885 observatur,
1291 1833 1347 1877 ut
1397 1839 1464 1878 ne
1509 1824 1754 1894 dejerent
1799 1827 2046 1890 omnino,

2151 1819 2453 1891 ταρᾶσθαι,
2503 1821 2567 1873 ἐκ
2615 1817 3035 1890 προστάγματος
3093 1814 3258 1868 αὑτοῦ
3297 1811 3390 1864 τοῦ
3434 1810 3721 1878 Σωτῆρος,

470 1927 648 1982 neque
699 1912 1007 1967 convicium
1055 1914 1310 1984 cuiquam
1357 1913 1580 1979 faciant,
1611 1923 1706 1969 aut
1735 1916 2045 1986 imprecen-

467 2016 577 2071 tur,
617 2020 714 2075 pro
749 2019 814 2060 eo
841 2021 905 2059 ac
939 2004 1186 2060 Salvator
1227 2005 1438 2074 jussit:
1470 2005 1719 2076 adeoque
1763 2007 1944 2075 quoad
1990 2007 2046 2060 in

470 2098 606 2165 ipsis
664 2098 831 2151 situm
889 2105 1012 2162 est,
1067 2113 1346 2169 nunquam
1401 2099 1630 2152 omnino
1685 2099 2041 2152 mentiantur.

469 2190 723 2260 Plerique
772 2205 900 2245 vero
941 2191 1080 2245 bona
1127 2205 1228 2246 sua
1274 2190 1514 2245 vendunt
1553 2198 1608 2246 et
1656 2191 1709 2245 in
1778 2207 2048 2262 pauperes

469 2279 837 2335 distribuunt.

540 2391 707 2446 XXV.
747 2391 943 2446 Forma
970 2392 1192 2462 quidem
1218 2408 1283 2447 ac
1313 2402 1443 2447 nota
1469 2391 1730 2449 Ecclesia:
1760 2395 2051 2452 catholica:

469 2490 555 2539 cst
601 2484 896 2552 ejusmodi,
922 2500 1046 2539 cum
1087 2500 1152 2539 ea
1185 2479 1329 2540 'fidei
1385 2485 1619 2541 formula
1667 2504 1832 2559 quam
1884 2505 2050 2560 supra

473 2573 894 2642 proposuimus;
947 2581 1002 2628 et
1044 2572 1127 2627 ha:
1175 2573 1322 2644 leges
1362 2589 1426 2628 ac
1467 2575 1689 2631 decreta
1729 2577 1783 2632 in
1815 2594 1879 2634 ea
1909 2582 2052 2634 celea

475 2664 720 2718 brantur.
749 2662 872 2718 Haec
896 2675 1004 2730 est,
1033 2665 1278 2736 inquam,
1309 2664 1569 2722 Ecclesiae
1603 2667 1778 2722 forma
1806 2685 1874 2724 ex
1911 2671 2047 2740 lege,

484 2755 785 2824 prophetis,
838 2756 1102 2824 apostolis
1139 2763 1196 2811 et
1237 2759 1591 2828 evangelistis
1622 2760 1855 2815 conﬂata
1885 2780 1898 2815 :
1931 2777 2052 2831 qua:

472 2847 733 2916 exquisiti
777 2847 1067 2917 cujusdam
1111 2848 1346 2903 antidoti
1409 2851 1585 2906 instar
1631 2862 1736 2918 est,
1764 2869 1828 2907 ex
1866 2855 2052 2910 multis

477 2937 772 3008 unguentis
823 2939 892 2994 ad
939 2954 1131 2994 eorum
1185 2941 1418 2996 salutem
1471 2942 1567 3014 qui
1616 2945 1698 2998 uti
1748 2945 2048 3012 voluerint,

479 3031 719 3084 confecti
748 3031 816 3086 de
850 3031 1133 3086 voluntate
1185 3030 1368 3089 Patris
1413 3040 1469 3088 et
1519 3033 1642 3088 Filii
1689 3049 1753 3090 ac
1809 3034 2051 3107 Spiritus

2153 1914 2288 1982 μήτε
2355 1911 2462 1982 μὴν
2517 1909 2822 1981 ψεύσασθαι
2881 1909 3006 1962 ὅσον
3057 1905 3196 1960 κατὰ
3250 1904 3310 1958 τὸ
3366 1901 3606 1955 δυνατόν.
3661 1899 3722 1951 οι

2150 2001 2367 2067 πλείους
2399 2003 2456 2056 δὲ
2491 2003 2862 2073 πιπράσκουσι
2908 1998 2976 2052 τά
3018 1997 3329 2068 ὑπάρχοντα
3373 1994 3469 2048 καὶ
3519 1990 3720 2045 διδόασι

2151 2097 2407 2166 πτωχοῖς.

2221 2408 2350 2462 ΚΕ’.
2391 2398 2560 2470 Οῦτος
2590 2407 2619 2460 δ
2656 2404 2947 2477 χαρακτὴρ
2990 2401 3192 2472 ταύτης
3243 2399 3342 2470 τῆς
3385 2397 3546 2468 ἁγίας
3587 2398 3727 2468 μετὰ

2149 2499 2248 2569 τῆς
2273 2496 2710 2568 προδηλωθείσης
2743 2495 3013 2560 πίστεως,
3050 2495 3143 2548 καὶ
3175 2485 3319 2546 οὗτοι
3357 2491 3408 2544 οἱ
3442 2490 3634 2558 δεσμοὶ
3668 2489 3728 2542 tv

2151 2593 2288 2663 αὐτῇ
2318 2591 2696 2661 ἀναφέρονται.
2733 2581 2900 2650 Οὗτος
2929 2585 3036 2657 γάρ
3070 2585 3219 2637 ἐστιν
3245 2586 3273 2638 ὁ
3303 2580 3582 2654 χαρακτήρ
3622 2580 3730 2649 τῆς

2163 2682 2485 2752 Ἐκκλησίας
2508 2722 2524 2746 ,
2557 2679 2666 2733 ἀπὸ
2713 2677 2876 2748 νόμου
2909 2677 3002 2730 καὶ
3034 2673 3327 2746 προφητῶν
3361 2673 3454 2726 καὶ
3493 2669 3729 2725 ἀποστό-

2150 2774 2258 2827 λων
2285 2774 2378 2827 καὶ
2425 2769 2824 2840 εὐαγγελιστῶν
2862 2769 3229 2840 συνηγμένοςο
3261 2764 3450 2836 ῶσπερ
3501 2765 3568 2816 ὲκ
3598 2760 3726 2818 πολρ

2149 2863 2257 2916 λῶν
2289 2863 2495 2934 μυρίων
2523 2861 2793 2922 ἀντίδοτος
2819 2857 2998 2928 ἀγαθὴ
3033 2860 3144 2921 τοῖς
3175 2855 3477 2927 χρωμένοις
3504 2854 3583 2917 είς
3620 2869 3728 2906 σω-

2150 2955 2345 3027 τηρίαν
2389 2951 2870 3021 κατεσκευασμένη
2923 2951 2988 3004 ὲκ
3031 2949 3332 3019 Θελήματος
3379 2943 3596 3014 Πατρδς
3634 2940 3720 2996 καὶ

2154 3046 2283 3101 Υίοῦ
2307 3048 2400 3100 καὶ
2426 3045 2583 3114 ἀγίου
2613 3043 2948 3114 Πνεύματος.
2976 3033 3136 3094 Οὗτοι
3163 3041 3210 3092 οἱ
3239 3035 3591 3109 χαρακτῆρες
3627 3030 3727 3102 τῆς

475 3121 672 3177 sancti.
718 3120 845 3176 Hsec
889 3129 974 3178 est
1015 3123 1340 3179 venerandae
1383 3123 1592 3180 Christi
1645 3139 1860 3195 sponsa:
1917 3136 2045 3182 nota

2156 3139 2358 3209 σεμνῆς
2416 3136 2616 3208 ταύτης
2675 3134 2893 3205 νύμφης
2953 3130 3210 3205 Χριστοῦ.
3275 3127 3424 3198 Αὕτη
3477 3128 3511 3219 ή
3566 3121 3730 3219 προὶξ

476 3212 766 3281 peculiaris
821 3229 885 3268 ac
931 3213 1248 3287 descriptio,
1292 3217 1410 3271 hac
1449 3215 1596 3272 illius
1643 3217 1743 3272 dos
1788 3224 1842 3272 et
1877 3217 2052 3272 haere-

475 3304 660 3360 ditatis
703 3313 1121 3371 testamentum,
1175 3307 1292 3362 haec
1339 3308 1582 3364 cmlestis
1641 3307 1818 3378 ipsius
1867 3310 2055 3380 sponsi

476 3393 608 3450 Jesu
638 3394 842 3450 Christi
887 3394 1104 3451 Domini
1137 3397 1353 3468 ιιω
1376 3398 1651 3454 voluntas.
1677 3397 1781 3453 Per
1811 3414 1972 3469 quem
2001 3408 2057 3455 et

477 3502 601 3540 cum
645 3502 756 3557 quo
805 3486 955 3542 Patri
1005 3489 1204 3558 gloria,
1251 3489 1428 3544 honor
1479 3499 1535 3546 et
1591 3490 1877 3562 imperium
1930 3506 2054 3546 cum

482 3586 674 3634 sancto
710 3579 916 3649 Spiritu
949 3579 1003 3634 in
1037 3580 1238 3635 saacula
1273 3582 1620 3636 saeculorum.
1654 3582 1847 3637 Amen.

551 3692 753 3748 Omnes
787 3694 880 3764 qui
916 3694 1004 3749 hic
1039 3701 1169 3749 sunt
1213 3694 1414 3751 fratres
1460 3696 1754 3766 plurimum
1787 3711 1884 3752 vos
1915 3696 2056 3752 salu-

481 3792 596 3838 tant
622 3803 634 3840 :
667 3785 760 3839 sed
791 3785 845 3839 in
873 3785 1063 3856 primis
1091 3784 1399 3855 Anatolius,
1429 3789 1523 3858 qui
1555 3787 1654 3843 has
1683 3794 1874 3842 contra
1905 3797 2056 3843 octo-

484 3875 634 3944 ginta
691 3875 928 3931 haerescs
974 3875 1375 3946 disputationes
1419 3885 1674 3933 notarum
1713 3877 2054 3950 compendiis

481 3981 605 4019 eum
642 3967 850 4038 ingenti
890 3967 1076 4024 labore
1105 3982 1171 4024 ac
1197 3969 1408 4039 prolixa
1439 3970 1720 4026 voluntate
1750 3971 1805 4024 in
1835 3970 2053 4026 schedis

479 4057 732 4126 excipere
773 4066 936 4127 atque
979 4058 1273 4115 emendare
1321 4061 1556 4116 meruit:
1619 4075 1831 4116 necnon
1861 4069 1915 4116 et
1947 4061 2055 4133 Hy-

480 4148 660 4216 patius
691 4148 1017 4204 venerabilis
1047 4149 1338 4217 diaconus,
1373 4152 1466 4222 qui
1499 4151 1640 4206 idem
1671 4151 1803 4207 illud
1833 4165 1982 4222 opus
2022 4167 2054 4208 e

482 4238 701 4293 schedis
744 4239 800 4292 in
830 4239 1290 4308 quaternionibus
1336 4241 1651 4313 descripsit.
1698 4240 1805 4299 Pro
1853 4244 2054 4314 quibus

483 4327 651 4384 Deum
700 4330 991 4386 obsecrare
1028 4331 1352 4404 dignemini,
1403 4334 1689 4389 reverendi
1730 4349 1796 4391 ac
1842 4335 2054 4392 charis-

482 4421 610 4475 simi
669 4422 885 4476 fratres.
955 4421 1066 4478 Pax
1127 4421 1342 4480 Domini
1397 4427 1572 4482 nostri
1621 4425 1755 4484 Jesu
1804 4427 2048 4493 Christi,

2158 3228 2253 3282 καὶ
2294 3226 2528 3298 διαθήκη
2595 3224 2957 3296 κληρονομίας
2997 3223 3090 3276 καὶ
3133 3219 3375 3291 βούλημα
3419 3217 3515 3271 τοῦ
3558 3213 3730 3286 αὐτῆς

2157 3318 2390 3389 νυμφίου
2426 3317 2520 3370 καὶ
2567 3315 2888 3386 ἐπουρανίου
2950 3311 3124 3384 Ἰησοῦ
3167 3307 3404 3380 Χριστοῦ
3467 3304 3563 3360 τοῦ
3610 3306 3726 3358 Ku-

2161 3409 2274 3480 ρίου
2330 3405 2489 3477 ήμῶν
2519 3421 2534 3434 °
2583 3405 2653 3459 δι’
2681 3396 2742 3458 οῦ
2797 3403 2891 3456 καὶ⁵
2948 3401 3065 3473 μεθ’
3101 3394 3162 3453 οὗ
3217 3396 3296 3468 τῷ
3349 3394 3526 3467 Πατρὶ
3577 3391 3726 3457 δόξα,

2154 3498 2289 3569 τιμὴ
2314 3540 2329 3564 ,
2366 3496 2566 3568 κράτος
2625 3496 2722 3548 σὺν
2757 3495 2898 3566 ἁγίῳ
2925 3491 3202 3563 Πνεύματι
3248 3491 3330 3552 είς
3359 3486 3560 3550 αἰῶνας
3595 3481 3729 3538 αίώο

2157 3605 2288 3644 νων.
2356 3586 2548 3658 Ἀμήν.

2225 3698 2430 3762 Πάντες
2483 3698 2534 3752 οἱ
2591 3695 2719 3766 παρ’
2767 3695 2897 3766 ἡμῖν
2956 3693 3175 3762 ἀδελφοὶ
3229 3687 3730 3761 προσαγορεύουσιν

2156 3790 2309 3862 ὑμῶν
2342 3790 2441 3861 τὴν
2485 3789 2810 3861 τιμιότητα,
2858 3787 3090 3858 μάλιστα
3116 3784 3454 3848 Ἀνατόλιος,
3488 3783 3518 3835 ὁ
3555 3779 3729 3834 διάτι

2157 3882 2398 3954 σημείων
2423 3882 2516 3934 καὶ
2547 3879 2843 3950 σχεδαρίων
2871 3877 2978 3932 τῶν
3000 3876 3139 3930 κατὰ
3164 3875 3272 3928 τῶν
3303 3874 3566 3945 αἱρέσεων
3604 3869 3728 3924 τού-

2153 3990 2262 4026 των
2297 3973 2404 4026 τῶν
2442 3969 2770 4042 ὀγδοήκοντά
2818 3987 3000 4040 φημι,
3050 3968 3189 4039 μετά
3236 3964 3433 4020 πολλοῦ
3473 3964 3727 4035 καμάτου

2156 4063 2250 4116 καὶ
2277 4063 2650 4133 προαιρέσεως
2685 4059 2978 4130 καλλίστης
3021 4059 3232 4130 γράψαι
3281 4059 3376 4112 καὶ
3423 4053 3725 4128 διορθώσα⁸

2157 4154 2276 4208 σθαι
2309 4153 2692 4220 καταξιωθείς·
2728 4153 2844 4224 ἃμα
2882 4169 2942 4204 τε
2974 4151 3070 4205 καὶ
3109 4149 3365 4214 ’Υπάτιος
3407 4150 3437 4202 ὁ
3463 4144 3728 4218 τιμιώτα-

2153 4263 2243 4309 τος
2268 4245 2608 4308 συνδιάκονος
2632 4287 2646 4311 ,
2671 4247 2700 4298 ὁ
2728 4249 2826 4316 τὴν
2861 4242 3216 4315 μεταγραφὴν
3256 4240 3364 4295 ἀπὸ
3395 4239 3507 4293 τῶν
3534 4237 3726 4309 σχεδα-

2158 4336 2286 4408 ρίων
2311 4338 2368 4388 tv
2394 4335 2615 4406 τετράσι
2645 4334 3007 4405 ποιησάμενος
3031 4351 3044 4364 ·
3078 4333 3218 4403 ὑπὲρ
3242 4323 3315 4384 ὧν
3337 4329 3430 4383 καὶ
3468 4325 3727 4398 εὔχεσθαι

2155 4426 2525 4492 καταξιώσατε
2544 4467 2561 4491 ,
2605 4426 2915 4498 τιμιώτατοι
2967 4425 3060 4478 καὶ
3088 4423 3452 4477 ποθεινότατοι
3480 4419 3724 4488 ἀδελφοὶ,

481 4513 654 4582 gratia
696 4522 750 4568 et
779 4514 983 4570 veritas
1034 4515 1338 4571 swundum
1383 4517 1506 4588 ejus
1542 4518 1882 4586 mandatum,
1921 4492 2046 4574 cum

2153 4517 2229 4580 ὼς
2259 4514 2494 4587 ἀληθῶς.
2529 4515 2592 4568 Ἦ
2615 4492 2806 4585 εἰρήνη
2834 4512 2928 4566 τοῦ
2952 4513 3158 4584 Κυρίου
3188 4510 3345 4582 ήμῶν
3383 4507 3554 4580 Ἰησοῦ
3583 4509 3725 4580 Χρι-

481 4603 736 4660 omnibus
763 4605 919 4661 vobis
964 4614 1224 4676 perpetuo
1259 4607 1361 4677 sit,
1409 4609 1782 4668 honestissimi
1820 4625 1884 4666 ac
1915 4610 2048 4666 cha-

484 4693 690 4750 rissimi
715 4693 935 4751 fratres.
963 4694 1158 4753 Amen.

2155 4607 2282 4660 στοῦ
2331 4608 2426 4660 καὶ
2464 4609 2498 4677 ἡ
2551 4607 2709 4678 χάρις
2750 4607 2844 4660 καὶ
2891 4607 2925 4677 ή
2967 4606 3196 4677 ἀλήθεια
3223 4645 3238 4669 ,
3279 4604 3419 4658 κατά
3451 4603 3512 4657 τὸ
3552 4602 3723 4657 αὑτοῦ

2153 4699 2482 4770 πρόσταγμα
2533 4697 2670 4769 μετά
2729 4697 2947 4751 πάντων
3007 4697 3160 4769 ὑμῶν
3192 4738 3209 4763 ,
3275 4694 3725 4767 φιλοκαλώτατοι,

2149 4788 2424 4860 ἀγαπητοὶ
2450 4787 2683 4858 ἀδελφοί.
2730 4788 2918 4859 Ἀμήν.
