4118 6402
1728 357 2388 417 ANACEPHALEOSIS.

385 572 3611 613 m

1119 735 1348 821 ΤΟΥ
1420 734 1565 819 ΕΝ
1639 732 2005 819 ΑΓΙΟΙΣ
2069 734 2503 822 ΠΑΤΡΟΣ
2577 736 2904 824 ΗΜΩΝ

1388 915 2643 1101 ΕΠΙΦΑΝΙΟΥ

1127 1156 1133 1163 ’
1218 1197 2825 1321 ΑΝΑΚΕΦΑΛΑΙΩΣΙΣ.

1108 1553 1268 1712 S.
1378 1561 1550 1710 P.
1672 1558 1858 1712 N.
1965 1561 2950 1714 EPIPHANII

1357 1848 1730 1966 ANAC
1755 1849 2672 1968 EPHALXEOSIS

649 2074 832 2139 SlVE
860 2073 1142 2137 EORUM
1176 2072 1360 2148 QUIE
1392 2074 1475 2136 IN
1508 2072 1866 2136 PANARIO
1900 2073 2139 2135 DICTA
2175 2073 2376 2134 SUNT
2408 2075 2690 2135 SUMMA
2730 2073 3384 2137 COMPREHENSIO.

450 2241 548 2308 (Ex
573 2241 796 2294 editione
814 2236 1018 2302 Josephi
1044 2236 1209 2288 Mariae
1233 2237 1494 2309 cardinalis
1519 2236 1766 2309 Thomasii
1799 2237 1853 2284 in
1881 2230 2265 2309 ζηέιίριιίεηϋυε
2293 2231 2602 2309 ξρεοιοᾳίείε,
2620 2205 2760 2296 parte
2783 2247 2834 2296 ιι,
2855 2235 3020 2285 denuo
3043 2242 3346 2287 recensente
3367 2236 3595 2289 Antonio

1423 2298 1685 2348 Francisco
1710 2297 1908 2346 Vezzosi
1927 2295 1981 2346 C.
2010 2295 2070 2345 Β.
2101 2295 2270 2346 Romae
2292 2295 2432 2356 1769,
2457 2295 2510 2346 in
2533 2296 2605 2359 4.)

470 2520 800 2590 Ἐπειδήπερ
851 2516 1115 2589 μέλλομεν
1166 2516 1296 2588 ὑμῖν
1348 2515 1418 2569 τά
1454 2531 1516 2568 τε
1565 2515 1811 2587 ὀνόματα
1862 2517 1971 2570 τῶν

2147 2519 2365 2589 1109
2395 2517 2667 2585 Quoniam
2708 2518 2989 2574 htereseon
3029 2518 3276 2573 omnium
3305 2517 3528 2572 nomina
3562 2517 3655 2573 de-

387 2614 648 2686 αἱρέσεων
664 2610 890 2681 δηλοῦν,
916 2610 1014 2672 τάς
1044 2625 1104 2661 τε
1126 2608 1257 2680 παρ’
1285 2607 1468 2670 αὐτοῖς
1498 2605 1790 2677 ἀθεμίτους
1824 2609 1969 2678 πρά-

387 2707 499 2774 ξεις
533 2703 932 2759 ἀνακαλύπτειν
960 2701 1147 2772 ὥσπερ
1188 2701 1298 2764 ἰοὺς
1337 2699 1430 2753 καὶ
1458 2699 1757 2770 δηλητήρια
1808 2701 1967 2755 ὅντα·

391 2796 488 2849 σὺν
519 2796 702 2857 αὐτοῖς
733 2793 790 2846 δὲ
821 2793 937 2864 ἅμα
975 2791 1072 2844 καὶ
1122 2790 1428 2853 ἀντιδότους
1458 2791 1806 2861 ἐφαρμόσαι,
1843 2790 1970 2844 ἀλε-

389 2887 679 2959 ξητηρίους
713 2885 809 2955 μὲν
850 2884 956 2937 τῶν
999 2883 1346 2955 δεδηγμένων
1367 2923 1384 2949 ,
1424 2881 1972 2954 προκαταληπτικοὺς

387 2979 446 3034 δὲ
504 2977 612 3031 τῶν
648 2975 950 3047 μελλόντων
997 2977 1078 3040 είς
1122 2975 1280 3028 τοῦτο
1309 2973 1607 3044 ἐμπίπτειν
1637 2989 1650 3002 ”
1698 2973 1971 3044 Πανάριον

391 3069 543 3141 (γάρ)
578 3087 629 3122 τι
659 3113 674 3135 ,
714 3070 882 3139 ἤγουν
923 3065 1173 3120 κιϐώτιον
1205 3065 1446 3137 ἰατρικὸν
1472 3065 1547 3136 (4)
1580 3064 1689 3118 τῶν
1719 3065 1973 3136 θηριοδή-

388 3178 534 3214 κτων
592 3160 1034 3232 ἑρμηνεύσομεν,
1117 3154 1309 3225 ὅτιπέρ
1367 3155 1486 3209 ἐστί
1538 3173 1590 3208 τι
1643 3155 1844 3225 βιϐλίον
1885 3156 1972 3211 διὰ

387 3250 555 3323 τριῶν
588 3249 936 3321 συγγραφὲν,
966 3246 1090 3319 ἕχον
1143 3247 1381 3319 αἱρέσεις
1423 3247 1789 3322 ργδοήκονσιτα⁹
1829 3247 1970 3300 αἴτι-

387 3360 478 3407 νες
531 3343 611 3405 είς
655 3341 858 3414 θηρίων
895 3339 1204 3413 ἢὲρπετῶν
1253 3339 1553 3409 αίνίγματά
1604 3340 1739 3392 εἰσι·
1792 3339 1972 3410 μίαδὲ

392 3435 529 3506 μετά
577 3435 676 3498 τὰς
733 3435 1062 3506 ὁγδοήκοντα
1111 3433 1146 3503 ἠ
1185 3431 1288 3502 τῆς
1330 3430 1590 3502 ἀληθείας
1648 3430 1803 3502 βάσις
1854 3431 1971 3501 ἅμα

389 3530 484 3581 καὶ
511 3526 826 3580 διδασκαλία
870 3527 1139 3597 σωτήριος
1181 3524 1570 3595 πραγματεία,
1605 3525 1698 3577 καὶ
1732 3522 1968 3595 Χριστοῦ

389 3618 574 3690 νύμφη
601 3619 730 3687 ἁγία
775 3617 1088 3688 Ἐκκλησία,
1119 3613 1254 3670 οὖσα
1289 3616 1388 3686 μὲν
1414 3615 1508 3668 ἀπ’
1538 3616 1733 3678 αίῶνος
1755 3656 1769 3676 ,
1801 3615 1888 3667 διά
1912 3613 1970 3667 δὲ

389 3713 486 3781 τῆς
528 3711 792 3780 ὲνσέιρκου
827 3707 1062 3781 Χριστοῦ
1114 3706 1422 3778 παρουσίας
1459 3705 1597 3777 μετά
1645 3705 1742 3777 τὴν
1796 3705 1971 3759 διαδο⁶

388 3800 488 3870 χὴν
534 3801 626 3852 τοῦ
657 3801 850 3870 χρόνον
884 3799 1049 3870 μέρος
1079 3800 1094 3829 ³
1125 3798 1231 3852 τῶν
1261 3797 1673 3868 προειρημένων
1700 3797 1970 3869 αἱρέσεων

2077 2613 2341 2667 claranda
2385 2612 2541 2668 vobis
2590 2611 2696 2666 hoc
2731 2611 2785 2665 in
2811 2611 2952 2666 libro
2981 2612 3350 2680 suscepimus,
3398 2626 3500 2665 nec
3545 2627 3655 2664 non

2072 2703 2414 2759 exsecranda
2472 2718 2538 2758 ac
2594 2701 2808 2758 nefaria
2865 2703 3084 2757 illarum
3135 2701 3337 2772 ﬂagitia
3393 2709 3656 2771 tanquam

2074 2795 2504 2864 praesentissima
2531 2795 2780 2865 quaedam
2807 2810 3013 2850 venena
3038 2795 3346 2864 patefacere
3367 2794 3655 2856 volumus;

2075 2893 2242 2956 atque
2289 2886 2377 2941 his
2426 2887 2577 2941 velut
2627 2886 2874 2940 antidota
2915 2885 3164 2955 qua-“dam
3193 2900 3488 2954 opponere,
3530 2899 3651 2956 quze

2071 2977 2160 3032 vel
2189 2977 2258 3031 iis
2287 2977 2382 3048 qui
2412 2991 2600 3030 morsu
2631 2977 2784 3047 petiti
2819 2984 2950 3031 sunt
2978 2975 3220 3031 remedio
3255 2991 3378 3031 esse
3411 2977 3644 3046 possint,

2073 3067 2156 3122 vel
2183 3081 2300 3132 eos,
2329 3066 2530 3137 quibus
2557 3081 2626 3120 ne
2653 3065 2898 3120 incidant
2936 3065 3238 3135 periculum
3272 3073 3378 3132 est,
3410 3081 3649 3136 praemu-

2073 3159 2230 3214 niant
2265 3173 2329 3213 ac
2359 3168 2685 3214 conservent
2715 3177 2728 3212 :
2761 3157 3058 3212 Panarium
3103 3157 3217 3214 sive
3253 3159 3493 3212 arculam
3536 3174 3650 3211 me-

2076 3250 2283 3318 dicam,
2316 3251 2384 3305 ad
2409 3266 2600 3306 eorum
2626 3251 2721 3320 qui
2747 3266 2777 3304 a
2801 3250 3154 3320 serpentibus
3179 3249 3272 3304 icti
3307 3259 3434 3305 sunt
3473 3265 3654 3305 reme-

2071 3344 2248 3410 dium,
2295 3343 2420 3412 jure
2447 3357 2588 3414 opus
2617 3341 2750 3396 illud
2788 3357 2853 3396 ac
2884 3341 3084 3397 librum
3121 3342 3653 3412 interpretabimur:

2071 3436 2166 3508 qui
2201 3437 2256 3490 in
2291 3444 2406 3491 tres
2438 3444 2622 3506 partes
2661 3434 2873 3490 divisus
2916 3436 3151 3490 haereses
3189 3433 3466 3505 octoginta
3496 3448 3653 3488 com-

2072 3529 2354 3600 plectitur,
2379 3544 2502 3599 quae
2532 3535 2846 3598 serpentum
2879 3543 2944 3583 ac
2963 3528 3238 3598 reptilium
3266 3527 3474 3584 similes
3499 3534 3646 3582 sunt.

2075 3622 2388 3677 Secundum
2423 3636 2561 3692 quas
2591 3621 2843 3676 veritatis
2875 3619 3299 3685 ﬁrmamentum,
3348 3627 3404 3675 et
3442 3619 3649 3674 saluta-

2071 3714 2151 3768 ris
2201 3713 2475 3780 doctrina,
2539 3711 2774 3783 ﬁdeique
2827 3712 3061 3767 formula
3119 3713 3365 3780 subjeCta
3416 3719 3532 3776 est,
3586 3726 3652 3766 ac

2072 3803 2277 3860 Christi
2316 3819 2540 3875 sponsa,
2576 3813 2764 3860 sancta
2794 3804 3048 3860 videlicet
3075 3805 3324 3860 Ecclesia
3347 3803 3650 3860 declarata.

387 3889 865 3958 ἀποκαλυφθεῖσα,
903 3891 996 3944 καὶ
1045 3890 1136 3959 ὑφ’
1184 3889 1342 3962 ἡμῶν
1386 3890 1445 3942 ὲν
1478 3889 1832 3959 ὑπομνήμασι
1884 3887 1974 3942 διά

2075 3896 2208 3963 Quae
2255 3912 2380 3951 cum
2418 3897 2531 3967 jam
2572 3904 2688 3951 tum
2721 3897 2790 3951 ah
2816 3897 2950 3952 orbe
2976 3897 3198 3951 condito
3240 3912 3364 3952 esse
3399 3897 3651 3965 coeperit,

389 3980 484 4034 τοῦ
525 3982 876 4054 κηρύγματος
903 3982 996 4035 τοῦ
1048 3980 1286 4053 Χριστοῦ
1325 3980 1625 4051 ταχθεῖσα’
1669 3981 1764 4034 καὶ
1808 3979 1969 4034 πάλιν

394 4076 531 4144 μετά
565 4075 742 4138 πάσας
774 4075 873 4138 τὰς
907 4075 1012 4127 τῶν
1065 4075 1330 4144 αἱρέσεων
1381 4073 1587 4126 τούτων
1642 4071 1967 4143 μοχθηρίας,

389 4166 465 4229 ὼς
487 4165 764 4237 ἀναψυχὴν
784 4164 891 4218 τῶν
918 4165 1007 4219 τὸν
1041 4165 1286 4235 κάματον
1306 4164 1415 4217 τῶν
1437 4163 1700 4236 αἱρέσεων
1731 4163 1822 4216 διὰ
1868 4162 1968 4233 τῆς

387 4257 749 4326 ἀναγνώσεως
769 4256 1103 4320 διελθόντων,
1131 4257 1219 4326 69'
1249 4255 1402 4326 ὑμῶν
1435 4257 1550 4326 μετ’
1579 4254 1851 4326 ἐπιτομῆς
1871 4253 1967 4307 τοῦ

387 4349 547 4418 λόγου
578 4348 720 4402 κατὰ
765 4349 865 4420 τὴν
893 4347 1000 4401 τῶν
1043 4347 1354 4401 ἀποστόλων
1404 4347 1752 4402 διδασκαλίαν
1782 4346 1970 4416 σαφῶς

389 4440 848 4510 ἀπαγγελθεῖσαν.
884 4441 1262 4512 Παρακαλεῖτε
1299 4440 1318 4470 ⁸
1345 4439 1401 4510 δὲ
1432 4439 1632 4502 πάντες
1663 4441 1711 4492 οἱ
1746 4439 1970 4508 φιλοκά-

387 4533 499 4597 λοις
525 4535 545 4565 ³
580 4534 1024 4604 ἐντυγχάνοντες.
1057 4531 1134 4602 τῷ
1160 4549 1219 4584 τε
1253 4531 1524 4602 προοιμίῳ
1558 4532 1654 4584 καὶ
1687 4532 1805 4594 ταῖς
1838 4546 1971 4600 μετ-

389 4623 580 4679 έπειτα
628 4625 892 4697 αἱρέσεσι,
929 4625 1022 4678 καὶ
1073 4627 1140 4695 τῇ
1190 4623 1328 4694 ὑπὲρ
1356 4623 1456 4694 τῆς
1492 4622 1747 4694 ἀληθείας
1777 4623 1970 4693 ὁμολο-

390 4713 483 4785 γίᾳ
505 4731 564 4767 τε
595 4715 688 4784 καὶ
709 4713 1024 4784 διδασκαλίᾳ
1053 4714 1149 4784 τῆς
1189 4712 1474 4782 ἀληθείας,
1519 4713 1616 4766 καὶ
1661 4712 1838 4766 πίστει
1863 4711 1964 4783 τῆς

391 4806 550 4874 ἀγίας
575 4805 864 4876 καθολικῆς
905 4804 1250 4874 Ἐκκλησίας.

2076 3999 2266 4061 postea
2315 3996 2499 4044 tamen
2555 4005 2652 4059 per
2704 3988 2909 4044 Christi
2955 3987 3169 4042 Domini
3217 3988 3650 4043 incarnationem

2074 4088 2382 4151 temporum
2413 4079 2768 4136 successione
2803 4087 2928 4134 ante
2964 4085 3420 4134 commemoratas
3461 4092 3652 4133 omnes

2074 4169 2311 4226 haereses
2345 4169 2563 4239 vulgata
2597 4178 2760 4240 atque
2785 4169 3078 4239 patefacta,
3105 4166 3407 4237 eademque
3430 4182 3461 4221 a
3491 4166 3653 4221 nobis

2074 4260 2132 4315 in
2166 4261 2591 4316 commentarios
2626 4275 2694 4314 ex
2739 4259 2944 4314 Christi
2999 4257 3385 4328 praedicatione
3435 4259 3650 4313 relata:

2071 4365 2139 4405 ac
2191 4365 2414 4405 rursum
2459 4358 2585 4419 post
2630 4349 2950 4419 explicatam
2984 4347 3198 4417 1110
3244 4362 3462 4402 omnem
3517 4347 3650 4401 ista-

2073 4455 2197 4498 rum
2223 4441 2505 4497 luereseon
2537 4441 2966 4511 improbitatem,
2998 4456 3065 4496 ex
3092 4439 3460 4511 apostolorum
3489 4439 3654 4494 disci-

2073 4533 2220 4603 plina
2249 4541 2505 4588 accurate
2535 4548 2599 4588 ac
2633 4532 2921 4604 perspicue
2946 4532 3097 4587 brevi
3122 4529 3359 4602 quodam
3393 4537 3478 4586 est
3499 4544 3652 4584 com-

2073 4623 2278 4694 pendio
2316 4625 2606 4695 subjecta;
2645 4625 2724 4680 uti
2759 4639 2824 4680 ea
2868 4640 2928 4680 re
2971 4625 3187 4679 illorum
3231 4630 3549 4678 recreentur
3583 4635 3649 4676 ac

2071 4714 2388 4770 reﬁciantur
2434 4717 2626 4784 animi,
2657 4717 2752 4786 qui
2788 4716 2934 4772 hunc
2984 4716 3263 4771 haereseon
3318 4727 3650 4784 percurren-

2069 4803 2264 4859 darum
2295 4805 2535 4860 laborem
2569 4805 2932 4875 susceperint.
2969 4801 3143 4857 Porro
3189 4816 3287 4856 vos
3320 4813 3512 4855 omnes
3551 4798 3650 4851 ho-

391 4909 666 4955 nestarum
695 4915 875 4954 rerum
915 4898 1142 4952 studiosi
1175 4899 1402 4952 lectores
1428 4909 1648 4968 rogatos
1678 4897 1949 4960 volumus,
1983 4905 2042 4952 ut
2077 4906 2133 4954 et
2169 4899 2496 4969 procemium
2536 4899 2737 4970 ipsum,
2800 4905 2856 4953 et
2916 4895 3316 4966 insequentium
3366 4894 3646 4948 haereseon

389 4995 805 5066 expositionem,
846 5009 911 5049 ac
948 4994 1194 5048 veritatis
1229 4992 1634 5063 professionem
1664 5000 1718 5048 ct
1751 4993 2082 5059 doctrinam,
2118 5009 2184 5050 ac
2214 5003 2420 5052 sancta:
2470 5003 2525 5050 et
2589 4995 2875 5050 catholica:
2921 4991 3180 5050 Ecclesiae
3223 4991 3384 5046 ﬁdem
3446 5003 3478 5042 a
3543 5003 3645 5042 no-

389 5086 475 5140 bis
498 5099 812 5154 expressam
847 5098 1165 5153 percurrere
1191 5084 1391 5140 velitis.

463 5219 479 5250 ¹
513 5215 574 5272 F.
615 5217 770 5287 μετά.
847 5220 867 5249 ³
902 5217 965 5273 F.
995 5216 1421 5286 παρακαλεῖσθε.
1513 5217 1535 5249 ³
1565 5233 1656 5286 γρ.
1696 5217 1997 5288 φιλοκάλου

2085 5216 2182 5274 sed
2217 5218 2371 5272 locus
2405 5232 2596 5287 parum
2633 5216 2904 5272 sincerus.

458 5374 535 5444 (4)
558 5371 837 5444 Κιϐῴτιον
859 5375 1141 5440 ἰατρικόν.
1168 5372 1431 5444 Adhibita
1465 5370 1842 5430 similitudinis
1878 5373 1965 5427 in-

384 5443 633 5506 voluCro,
666 5443 912 5504 Panarii,
946 5444 1106 5512 cujus
1127 5443 1514 5512 compendium
1543 5455 1596 5498 et
1622 5443 1959 5498 breviarium

387 5514 554 5568 veluti
601 5514 870 5583 quoddam
907 5521 992 5567 est
1037 5513 1962 5583 ρτωεθηεκάνακεφαλαίωσις,ηοο

388 5585 473 5639 bis
520 5582 631 5638 illie
670 5583 846 5649 aperit
895 5583 1248 5652 Epiphanius.
1294 5582 1458 5638 Hisce
1515 5583 1716 5638 similia
1757 5582 1961 5638 videsis

389 5653 442 5706 in
477 5669 540 5707 ea
576 5652 818 5723 Epistola
872 5656 939 5705 ad
968 5654 1222 5706 Acacium
1254 5662 1307 5708 et
1345 5653 1574 5706 Paulum
1606 5652 1956 5723 presbyteros,

388 5737 551 5848 gnam
605 5723 842 5776 Panario
895 5723 1223 5791 praemisisse
1281 5723 1644 5793 Epiphanium
1721 5730 1956 5778 constat.

434 5801 658 5848 azterum
690 5793 757 5848 de
788 5793 1141 5848 usurnatione
1192 5796 1346 5848 vocis
1394 5795 1668 5848 haereseos
1714 5793 1771 5848 in
1807 5793 1956 5848 hisce

434 5801 658 5848 azterum
690 5793 757 5849 de
788 5793 1141 5860 usurpatione
1192 5796 1346 5851 vocis
1394 5795 1668 5851 haereseos
1714 5793 1771 5849 in
1807 5793 1960 5849 hisce

2068 5370 2359 5453 Epiphanii
2392 5371 2613 5453 scriptis
2650 5371 2766 5453 λᾶε
2791 5370 3080 5453 _haaresum
3090 5370 3406 5453 partitione
3435 5411 3463 5453 ,O
3491 5371 3643 5453 ejus-

2068 5441 2411 5513 que‘ivitiis;
2447 5441 2600 5497 etde
2644 5441 2893 5513 ejusdem
2943 5441 3254 5513 partitionis
3298 5441 3641 5513 discrimine,

2068 5510 2216 5583 quod
2244 5513 2488 5568 occurrit
2520 5513 2662 5566 inter
2683 5510 2985 5583 Pacarium
3009 5551 3035 5583 ,ί
3053 5521 3106 5565 et
3132 5511 3642 5583 Anacephafwosim,

2067 5581 2438 5639 consulendus
2470 5598 2583 5653 pra:
2612 5581 2824 5636 caeteris
2859 5581 3112 5653 Petavius
3142 5581 3246 5653 sub
3275 5582 3487 5636 initium
3516 5583 3642 5651 pul-

2067 5649 2487 5736 cherrimarum"
2526 5667 2750 5709 suarum
2810 5651 2879 5706 ad
2946 5649 3243 5706 Panarium
3294 5649 3644 5708 animadver-

2068 5738 2307 5780 snonum.
