4118 6402
505 357 612 414 855

1907 355 1965 411 S.
2009 351 2352 410 EPIPHANII

3667 359 3784 417 856

585 479 718 545 Qua;
763 478 980 549 quidem
1025 479 1207 534 omnia
1253 478 1356 534 hoc
1387 479 1442 534 in
1473 495 1638 550 opere
1693 481 2088 550 comprehensa

2261 479 2374 532 Καὶ
2403 476 2518 530 ἔστι
2539 475 2608 529 τὰ
2636 476 2694 528 ἐν
2723 477 2790 548 τῇ
2813 473 2966 549 πάσῃ
2987 473 3341 546 πραγματείᾳ
3361 473 3449 528 διὰ
3469 473 3576 527 τῶν
3599 493 3788 548 προει-

507 574 686 626 tribus
753 573 911 626 libris
971 573 1340 640 explicantur,
1387 572 1566 642 primo
1615 580 1670 626 et
1725 571 1966 626 secundo
2023 586 2088 626 ac

509 665 692 716 tertio.
737 662 899 718 iidem
933 679 1098 732 porro
1129 664 1251 718 libri
1279 663 1334 718 in
1364 673 1572 733 septem
1607 675 1784 720 tomos
1809 663 2086 720 distributi

511 763 658 817 sunt,
689 771 922 825 quorum
953 756 1154 826 singuli
1181 765 1392 810 certum
1423 757 1700 812 hmreseon
1733 772 1796 810 ac
1825 757 2089 810 schisma-

511 857 624 900 tum
653 863 934 902 nuntcrum
963 850 1246 902 continent
1275 867 1288 902 :
1317 865 1439 918 quae
1469 849 1630 904 simul
1675 850 1902 902 collecta
1949 863 2090 900 Lxxx

509 940 829 993 coniiciunt.
911 939 1152 1004 Quorum
1225 941 1615 1010 appellationes
1679 941 1760 994 hae
1825 949 1956 994 sunt
2026 953 2090 992 ac

510 1029 764 1098 dogmata
797 1050 810 1085 :
847 1029 1250 1095 Barbarismus,
1297 1031 1664 1104 Scythismus,
1701 1033 2088 1092 llellenismus.

511 1117 857 1182 Judaismus,
896 1123 1337 1177 Samaritismus.
1373 1123 1455 1177 Ab
1487 1123 1556 1178 iis
1581 1125 1840 1193 deinceps
1867 1123 2091 1194 reliquae

513 1220 677 1264 sectae
729 1211 1125 1281 proﬂuxerunt.
1173 1213 1304 1268 Nam
1349 1223 1476 1270 ante
1532 1213 1736 1270 (ibt-isti
1787 1215 2092 1270 Salvatoris

512 1303 828 1366 adventum,
861 1321 892 1359 e
921 1305 1158 1360 Barbara
1193 1313 1246 1360 et
1277 1305 1534 1378 Scythica
1565 1323 1628 1364 ac
1659 1309 1846 1364 Graeca
1899 1327 2084 1380 super--

513 1395 738 1448 stitione
769 1409 832 1450 ac
865 1398 1078 1452 caeteris
1124 1397 1172 1450 id
1208 1417 1377 1464 genus
1407 1401 1527 1456 ista:
1573 1403 1895 1472 prodierunt
1928 1421 1940 1457 :
1979 1403 2086 1475 Py-

513 1484 809 1552 thagorici,
823 1488 934 1539 sive
957 1483 1320 1552 Peripatetici,
1339 1481 1808 1548 Platonici,Stoici
1828 1489 2084 1560 etEpicu-

513 1575 614 1628 rei.
653 1573 791 1629 Tum
833 1575 1180 1628 Samaritana
1213 1584 1382 1640 secta,
1407 1592 1528 1646 quae
1549 1593 1612 1632 ex
1657 1577 1884 1634 Judaica
1913 1583 2093 1651 pullu-

513 1663 685 1732 lavit;
719 1680 784 1720 ea
817 1679 979 1734 porro
1009 1675 1244 1736 quatuor
1275 1667 1328 1720 in
1367 1667 1634 1724 factiones
1669 1671 1822 1734 abiit,
1865 1671 2094 1728 Gorthe—

524 1770 748 1820 norum,
799 1753 1174 1824 Seb'umorum,
1221 1756 1606 1814 Dositheorum
1650 1769 1703 1816 et
1738 1761 2092 1818 Essenorum.

515 1845 780 1917 Sequitur
807 1845 1144 1912 Judaismus,
1195 1850 1288 1919 qui
1336 1851 1614 1920 propriam
1671 1853 1739 1908 ab
1784 1855 2095 1910 Abrahamo

519 1938 750 2008 ﬁguram
795 1953 858 1992 ac
911 1951 1092 1993 notam
1145 1941 1378 2012 accepit,
1411 1943 1606 1998 deinde
1641 1959 1736 2014 per
1767 1943 1968 2015 Moysis
2009 1948 2090 2002 le-

513 2047 636 2101 gem
671 2033 983 2098 collatatus,
1019 2035 1085 2088 ab
1111 2033 1252 2088 Juda
1285 2033 1471 2090 Jacobi
1499 2036 1630 2096 tilio.
1671 2039 1762 2108 qui
1799 2039 1962 2094 Israel
1997 2055 2093 2110 ap-

515 2124 750 2192 pellatus
789 2135 891 2189 est,
920 2135 1086 2195 ctper
1119 2125 1396 2192 Davidem,
1425 2131 1604 2198 p0puli
1627 2131 1784 2186 istius
1806 2149 1870 2186 ex
1906 2132 2096 2188 eadem

515 2215 608 2267 illa
641 2215 784 2268 tribu
816 2231 1014 2286 regem,
1061 2215 1326 2274 Judaismi
1369 2223 1786 2290 appellationem
1837 2223 2093 2278 obtinuit.

519 2303 604 2358 Ab
629 2305 734 2359 hoc
767 2315 972 2376 septem
1010 2308 1092 2360 ha:
1122 2309 1440 2378 prodierunt
1471 2312 1722 2374 haereses,
1757 2313 2095 2380 Scribarum,

515 2391 942 2460 Phan-imorum,
981 2397 1428 2467 Sadducteorum,
1468 2403 2092 2474 Hemerobaptistarum,

515 2483 854 2554 Ossaaorum,
881 2490 1316 2560 Nassaraeorum,
1355 2491 1812 2554 llerodianorum.

592 2667 904 2724 Secundum
959 2673 1058 2727 bas
1128 2685 1308 2730 sectas
1373 2679 1725 2734 successione
1787 2687 2096 2750 temporum

519 2759 736 2814 Domini
785 2765 962 2817 nostri
1009 2763 1138 2818 Jestt
1193 2765 1398 2824 Christi
1449 2769 1758 2825 incarnatio
1819 2774 1916 2826 toti
1971 2773 2094 2828 orbi

518 2853 778 2908 salutaris
827 2855 1025 2918 illuxit,
1071 2865 1124 2910 et
1153 2873 1277 2912 cum
1311 2860 1412 2914 hac
1445 2859 1721 2930 Evangelii
1752 2861 2006 2918 doctrina
2043 2872 2100 2919 et

517 2945 760 3001 ccelestis
805 2947 958 3018 regni
1006 2951 1356 3019 praedicatio;
1390 2955 1484 3024 qui
1525 2955 1744 3021 quidem
1783 2957 1981 3012 unicus
2013 2967 2098 3014 est

2199 569 2452 642 ρημένων
2482 567 2649 640 τριῶν
2697 567 2946 638 βιϐλίων,
2981 565 3201 638 πρώτου
3251 566 3345 619 καὶ
3387 566 3640 636 δευτέρου
3683 567 3786 622 καὶ

2196 663 2376 734 τρίτου
2397 665 2432 728 ,’
2457 663 2614 717 ἅτινα
2665 661 2792 732 τρία
2841 659 3022 730 βιϐλία
3052 661 3131 723 είς
3162 659 3302 714 ἑπτὰ
3331 661 3532 730 τόμους
3583 660 3774 716 διείλο-

2200 771 2300 823 μεν
2327 770 2340 784 ·
2373 755 2430 806 ὲν
2457 755 2514 808 δὲ
2559 753 2774 822 ἑκάστῳ
2807 752 2958 824 τόμῳ
2985 750 3218 822 ἀριθμός
3261 769 3346 816 τις
3375 753 3639 823 αἱρέσεων
3688 756 3788 807 καὶ

2199 847 2514 919 σχισμάτων
2569 845 2850 914 ἔγκειται·
2906 843 3042 915 ὁμοῦ
3077 845 3132 898 δὲ
3182 845 3354 898 πᾶσαί
3409 847 3547 898 εἰσιν
3593 847 3790 918 ὀγδοή-

2199 959 2362 995 κοντα
2383 957 2396 970 ⁸
2435 935 2508 994 ὧν
2531 942 2585 994 αἱ
2616 939 2902 1010 ὀνομασίαι
2933 939 3027 994 καὶ
3061 941 3116 992 αἱ
3151 939 3455 1010 προφάσεις
3489 941 3563 1010 (5)
3595 937 3783 995 αὗται·

2199 1033 2588 1104 Βαρϐαρισμὸς
2617 1072 2630 1096 ,
2667 1031 2992 1101 Σκυθισμὸς,
3027 1030 3404 1101 Ἑλληνισμὸς,
3431 1033 3785 1102 Ἰουδαϊσμὸς,

2201 1123 2660 1194 Σαμαρειτισμός.
2705 1123 2800 1176 Ἐκ
2845 1122 3049 1176 τούτων
3101 1123 3158 1176 αί
3207 1121 3441 1193 καθεξῆς
3470 1163 3484 1188 ,
3537 1125 3646 1195 πρὸ
3681 1125 3786 1196 μὲν

2197 1215 2297 1283 τῆς
2350 1212 2641 1282 ἐπιδημίας
2671 1211 2948 1282 Χριστοῦ,
3000 1213 3106 1266 ἀπὸ
3163 1213 3220 1266 δὲ
3261 1213 3356 1267 τοῦ
3393 1215 3780 1288 Βαρϐαρισμοῦ

2199 1306 2293 1359 καὶ
2339 1305 2437 1374 τῆς
2485 1304 2759 1374 Σκυθικῆς
2795 1305 3216 1376 δεισιδαιμονίας
3266 1308 3360 1360 καὶ
3407 1307 3498 1361 τοῦ
3539 1309 3776 1380 Ἐλληνι-

2201 1397 2340 1466 σμοῦ
2379 1397 2475 1450 καὶ
2531 1396 2639 1448 τῶν
2671 1395 2872 1449 λοιπῶν
2899 1397 3138 1468 φύσασαι
3171 1391 3331 1452 αὗται
3355 1415 3368 1428 ·
3399 1401 3776 1473 Πυθαγόρειοι,

2199 1485 2377 1540 είτουν
2423 1487 2850 1558 Περιπατητικοὶ
2875 1527 2888 1550 ,
2931 1488 3290 1552 Πλατωνικοὶ,
3325 1491 3573 1554 Στωϊκοὶ,
3625 1494 3778 1546 Ἑπι-

2199 1577 2454 1648 κούρειοι.
2491 1573 2624 1631 Εϊτα
2671 1580 2706 1650 ἡ
2760 1581 3132 1652 Σαμαρειτικὴ
3183 1579 3316 1636 οὖσα
3361 1585 3574 1654 αἵρεσις
3623 1589 3656 1658 ἡ
3717 1590 3778 1640 ἐκ

2199 1669 2291 1723 τοῦ
2333 1671 2668 1744 Ἰουδαϊσμοῦ
2690 1691 2703 1705 ο
2737 1675 2830 1728 καὶ
2864 1675 3069 1746 ταύτης
3099 1677 3340 1749 τέσσαρα
3378 1680 3503 1750 ἔθνη
3529 1721 3544 1742 ,
3583 1682 3780 1752 Γοργο-

2201 1761 2352 1832 θηνοὶ
2387 1765 2426 1829 ¹,
2459 1765 2770 1832 Σεϐουαῖοι,
2811 1769 3073 1831 Δοσίθεοι,
3113 1771 3379 1840 Ἐσσηνοὶ.
3412 1769 3541 1826 Εἶτα
3565 1777 3592 1828 ὁ
3622 1777 3780 1840 αὐτὸς

2199 1857 2597 1928 προειρημένος
2639 1859 2968 1930 Ἰουδαῖσμὸς
3007 1861 3114 1914 ἀπὸ
3144 1863 3237 1916 τοῦ
3277 1865 3530 1936 Ἀϐραὰμ
3568 1867 3656 1920 τὸν
3683 1887 3778 1938 χα-

2203 1946 2449 2018 ρακτῆρα
2497 1947 2764 2018 εἰληφὼς,
2815 1951 2909 2003 καὶ
2939 1951 3026 2004 διὰ
3077 1951 3170 2005 τοῦ
3219 1954 3464 2017 δοθέντος
3503 1955 3671 2028 νόμου
3705 1957 3780 2030 τῷ

2199 2040 2405 2109 Μωῡσῇ
2459 2040 2780 2106 πλατυνθεὶς
2809 2082 2824 2107 ,
2884 2045 2979 2098 καὶ
3027 2045 3136 2099 ἀπὸ
3182 2047 3277 2100 τοῦ
3319 2049 3491 2102 Ἰούδα
3537 2051 3630 2104 τοῦ
3667 2054 3780 2106 υίοῦ

2211 2129 2408 2182 Ἰακὼϐ
2430 2129 2525 2184 τοῦ
2555 2133 2647 2186 καὶ
2690 2135 2904 2206 Ἰσραὴλ
2926 2175 2941 2198 ,
2979 2135 3069 2189 διὰ
3109 2139 3278 2194 Δαὸὶδ
3303 2141 3397 2194 τοῦ
3433 2143 3771 2212 βασιλεύσαν-

2198 2237 2292 2284 τος
2321 2221 2500 2276 αὺτῶν
2557 2225 2621 2277 ὲκ
2671 2225 2770 2296 τῆς
2813 2226 3003 2280 τούτου
3045 2229 3218 2300 φυλῆς
3241 2271 3255 2296 ,
3288 2231 3348 2284 τὸ
3381 2233 3666 2305 ἐπώνυμον
3687 2239 3780 2290 τοῦ

2214 2311 2549 2384 Ἰουδαϊσμοῦ
2608 2317 2928 2389 κληρωθείς.
2967 2319 3072 2374 Καὶ
3123 2323 3218 2376 ἀπ’
3257 2325 3424 2380 αὐτοῦ
3473 2346 3534 2382 τε
3565 2329 3658 2383 νῦν
3687 2331 3782 2385 τοῦ

2213 2407 2547 2480 Ἰουδαϊσμοῦ
2575 2411 2715 2463 ἑπτὰ
2744 2413 2987 2484 αἱρέσεις
3013 2406 3176 2469 αὗται
3199 2433 3212 2447 ο
3240 2417 3280 2469 Γ
3285 2423 3614 2491 ραμματέων
3633 2463 3650 2488 ,
3673 2426 3784 2479 Φα-

2205 2502 2448 2572 ρισαίων,
2483 2501 2872 2570 Σαδδουκαίων,
2911 2507 3449 2580 Ἦμεροὸαπτιστῶν,
3495 2516 3780 2584 Ὀσσαίων,

2201 2591 2564 2663 Νασσαραίων
2579 2635 2593 2656 ,
2640 2593 2702 2647 Ἥ
2711 2597 3002 2666 ρωδιανῶν.

2286 2682 2381 2735 Ἐκ
2412 2683 2616 2737 τούτων
2627 2685 2736 2739 τῶν
2751 2689 3015 2759 αἱρέσεων
3029 2693 3120 2746 καὶ
3143 2695 3436 2765 μετέπειτα
3459 2699 3596 2754 κατὰ
3612 2700 3758 2757 διαδο
3769 2731 3786 2742 -

2203 2771 2319 2866 χὴν
2343 2773 2451 2826 τῶν
2495 2775 2702 2846 χρόνων
2739 2778 2984 2854 ἐπεφάνη
3047 2787 3080 2855 ἡ
3131 2791 3396 2859 σωτήριος
3449 2793 3543 2845 τοῦ
3579 2795 3784 2866 Κυρίου

2203 2865 2360 2935 ἡμῶν
2399 2866 2571 2938 Ἰησοῦ
2619 2871 2858 2942 Χριστοῦ
2890 2876 3189 2948 οἰκονομία,
3225 2881 3392 2950 ἤγουν
3439 2885 3472 2954 ὴ
3525 2865 3786 2958 ἔνσαρκος

2203 2956 2370 3010 αὐτοῦ
2404 2962 2676 3031 παρουσία
2723 2965 2818 3017 καὶ
2877 2967 3206 3042 εὐαγγελικὴ
3239 2973 3554 3030 διδασκαλία
3597 2956 3785 3034 τεκαὶ

517 3035 644 3091 fons
697 3039 890 3096 salutis
935 3049 988 3096 et
1029 3045 1314 3100 catholicae
1367 3045 1788 3118 apostoliezeque
1839 3047 2097 3104 Ecclesia:

2205 3049 2468 3143 κήρυγμα
2497 3050 2803 3143 βασιλείας·
2837 3055 2959 3126 ἥτις
2988 3035 3123 3130 μόνη
3155 3035 3272 3116 ἐστὶ
3325 3067 3476 3138 πηγὴ
3513 3072 3785 3143 σωτηρίας

519 3145 646 3184 νει-ιι
679 3129 833 3186 ﬁdes.
883 3133 930 3186 Α
962 3149 1070 3205 qua
1119 3137 1472 3207 insequentes
1523 3153 1714 3193 omnes
1756 3150 1938 3202 secta,
1979 3158 2102 3212 quae

519 3223 698 3277 solum
729 3224 936 3280 Christi
985 3243 1334 3296 uomen,non
1371 3227 1531 3283 ﬁdem
1565 3229 1880 3298 praeferunt,
1907 3247 2100 3302 ampu-

521 3322 646 3367 tatae
669 3324 798 3369 sunt
827 3325 881 3369 et
909 3319 1132 3372 avulsae.
1166 3317 1300 3384 Quae
1330 3328 1481 3382 sunt,
1517 3319 1848 3387 Simoniani,
1887 3321 2105 3378 Menan-

519 3407 718 3470 driani,
755 3407 964 3476 1111
1005 3405 1398 3473 Saturniliani,
1429 3408 1766 3477 Basilidiani,
1801 3411 2100 3480 Nicolaitae,

518 3497 764 3552 Gnostici
820 3499 914 3566 qui
963 3506 1014 3553 et
1065 3497 1366 3554 Stratiotici
1411 3511 1466 3556 et
1506 3499 1852 3567 Phibionitaz,
1883 3505 1950 3560 ab
1981 3505 2103 3562 aliis

518 3605 652 3644 vero
701 3589 966 3644 Coddiani
1025 3591 1374 3662 appellantur
1429 3607 1494 3646 ac
1549 3593 1896 3658 lion-boriani,
1957 3599 2102 3668 apud

520 3681 659 3735 alios
685 3679 988 3743 Socratitat,
1012 3681 1156 3752 apud
1182 3681 1448 3752 quosdam
1480 3683 1724 3740 Zacchaai
1752 3706 1764 3743 :
1795 3688 2104 3758 Carpocra-

523 3773 666 3837 titze,
717 3771 1060 3826 Cerinthiani
1135 3774 1228 3842 qui
1281 3781 1339 3828 et
1393 3773 1781 3842 Merinthiani,
1837 3776 2102 3846 Nazaraei,

522 3860 789 3926 Ebiomei,
844 3861 1157 3929 Valentini,
1212 3865 1584 3932 Secundiani,
1635 3869 1836 3938 quibus
1891 3870 2106 3926 accedit

521 3952 837 4023 Epiphanes
882 3963 936 4010 et
987 3955 1236 4011 lsidorus
1271 3975 1284 4011 :
1321 3957 1619 4024 Ptolemaai,
1673 3959 1947 4028 Marcosii,
1994 3963 2104 4019 Co-

522 4043 771 4110 lorbasii,
815 4044 1246 4112 Heraeleonitaa,
1295 4049 1525 4120 OphitaE,
1570 4052 1791 4119 Caiani,
1833 4053 2102 4120 Sethiani,

521 4137 879 4203 Archontici,
939 4139 1310 4207 Cerdouiani,
1365 4143 1696 4214 Marciones,
1750 4147 2102 4215 Lucianistat,

520 4231 844 4300 Apelleiani,
899 4233 1201 4300 Severiani,
1249 4235 1493 4302 Tatiaui,
1545 4239 1866 4306 Eneratitat,
1925 4243 2104 4316 Phry-

523 4333 693 4392 gasta:
751 4325 842 4394 qui
873 4333 928 4379 et
969 4325 1316 4384 Montanistae
1358 4339 1412 4385 et
1457 4330 1887 4404 Tascodrugitae,
1923 4333 2106 4406 Pepu-

523 4413 668 4468 ziani
725 4416 820 4485 qui
868 4425 922 4471 et
961 4415 1296 4474 Priscilliani
1355 4437 1419 4476 ac
1480 4423 1825 4489 Quintiliani.
1891 4425 2102 4493 Quibus
2137 4415 2179 4470 Ῑ)

522 4507 858 4574 adjiciuntur
917 4511 1265 4581 Artotyritaa,
1331 4511 1932 4574 Tessarescaidecatita:
2006 4521 2100 4590 qui

523 4598 806 4654 Paschalis
839 4601 1142 4656 celebritati
1176 4619 1340 4658 unam
1391 4608 1690 4676 quotannis
1737 4609 1881 4665 diem
1927 4611 2102 4681 pra-[i-

522 4689 716 4756 niunt;
749 4692 927 4762 Alogi,
954 4695 1046 4762 qui
1083 4693 1434 4767 Evangelium
1453 4707 1508 4754 et
1539 4701 1899 4772 Apocalypsin:
1927 4703 2100 4760 Joan-

523 4783 610 4836 nis
641 4784 894 4853 rejiciunt
919 4803 932 4850 ;
966 4787 1276 4852 Adamiani,
1301 4789 1592 4859 Sampsaai,
1617 4793 1708 4862 qui
1739 4805 1792 4848 et
1818 4793 2097 4862 l-lelcesaci,

524 4871 905 4940 Theodotiani,
939 4875 1439 4946 Melchisedeciani,
1471 4881 1917 4951 Bardosianistae,
1959 4885 2102 4942 Noe-

523 4961 682 5026 tiani,
723 4959 948 5028 Valesii,
979 4966 1226 5030 Calliari,
1266 4969 1360 5038 qui
1401 4977 1456 5024 et
1489 4969 1800 5040 Novatiaui,
1833 4976 2099 5046 Angelici,

522 5051 823 5121 Apostolici
883 5055 976 5124 qui
1015 5065 1069 5108 et
1115 5057 1458 5126 Apotactici,
1515 5059 1851 5132 Sabelliani,
1911 5067 2104 5140 Orige-

523 5145 680 5198 nistae
727 5144 988 5202 fmditatis
1036 5155 1312 5215 auctores,
1361 5154 1685 5223 Origenistze
1745 5159 1814 5212 ab
1865 5157 2103 5230 Origene

509 5225 802 5304 quietiam
850 5239 1212 5296 Adamantius
1256 5245 1607 5314 appellatur:
1641 5247 1796 5303 Pauli
1841 5225 2102 5308 Samosa-

521 5329 714 5394 tensis,
751 5327 1033 5386 Martichaﬁ
1061 5335 1153 5404 qui
1185 5341 1238 5388 et
1265 5336 1562 5400 Acoanitaa,
1597 5337 1903 5410 Hieracitaa,
1946 5343 2104 5402 Mele-

2203 3139 2299 3192 καὶ
2329 3141 2512 3205 πίστις
2541 3142 2800 3214 ἀληθείας
2837 3147 2936 3218 τῆς
2967 3149 3262 3224 καθολικῆς
3293 3156 3388 3208 καὶ
3421 3139 3786 3232 ἀποστολικῆς

2217 3231 2559 3305 Ἐκκλησίας.
2618 3235 2712 3290 Ἐκ
2765 3237 2820 3290 δὲ
2851 3239 3056 3312 ταύτης
3097 3245 3568 3319 περιεκλάσθησάν
3609 3270 3668 3305 τε
3695 3231 3789 3310 καὶ

2203 3323 2532 3394 ἐσχίσθησαν
2554 3325 2726 3397 ὄνομα
2763 3329 2923 3419 μόνον
2957 3333 3195 3405 Χριστοῦ
3231 3337 3450 3408 ἔχουσαι
3471 3383 3486 3408 ,
3523 3343 3640 3397 ἀλλ’
3665 3348 3788 3419 οὐχὶ

2203 3413 2303 3485 τὴν
2326 3415 2526 3470 πίστιν.
2560 3418 2684 3472 Εἰσὶ
2715 3419 2773 3474 δὲ
2827 3415 3014 3476 αὗται·
3049 3427 3374 3497 Σιμωνιανοὶ
3397 3471 3411 3496 ,
3449 3413 3788 3509 Μενανδρια-

2205 3509 2306 3571 νοὶ,
2336 3512 2765 3583 Σατορνιλιανοὶ,
2801 3517 3197 3588 Βασιλιδιανοὶ,
3241 3525 3594 3593 Νικολαῗται,
3645 3532 3788 3585 Γνω-

2207 3604 2385 3655 στικοὶ
2413 3606 2461 3656 ot
2502 3605 2596 3658 καὶ
2628 3607 3019 3678 Στρατιωτικοὶ
3045 3651 3059 3676 ,
3105 3614 3154 3666 οί
3189 3617 3343 3670 αὐτοὶ
3371 3617 3428 3671 δὲ
3455 3621 3786 3688 Φιϐιωνῖται,

2205 3693 2358 3765 παρὰ
2405 3694 2462 3747 δέ
2494 3713 2602 3749 τισι
2638 3697 2956 3754 Κουδδιανοὶ
2996 3702 3322 3775 καλούμενοι
3363 3711 3458 3764 καὶ
3495 3711 3788 3786 Βορεορια-

2205 3784 2320 3848 νοὶ,
2372 3785 2503 3856 παρ’
2533 3786 2714 3850 ἄλλοις
2765 3788 2822 3843 δὲ
2870 3791 3211 3865 Σωκρατῖται
3237 3837 3251 3860 ,
3299 3804 3428 3872 παρ’
3478 3784 3682 3876 ἑτέροις
3733 3809 3790 3860 δὲ

2205 3877 2491 3946 Ζακχαίοι·
2529 3881 3013 3955 Καρποκρατῖται,
3077 3889 3433 3960 Κηρινθιανοὶ
3463 3897 3511 3948 οί
3545 3898 3639 3950 καὶ
3675 3902 3791 3970 Μη-

2211 3969 2493 4039 ρινθιανοὶ,
2523 3971 2851 4044 Ναζαραίοι,
2901 3977 3226 4048 Ἐ6ιωναῖοι,
3277 3985 3654 4054 Οὐαλεντῐνοι,
3689 3993 3788 4044 Σε-

2205 4061 2525 4128 κουνδιανοὶ,
2555 4059 2636 4128 οἷς
2671 4069 3032 4123 συνάπτονται
3075 4072 3389 4144 Ἐπιφάνιος
3443 4081 3536 4134 καὶ
3579 4083 3791 4136 Ἰσίδω-

2211 4169 2337 4223 ρος·
2383 4156 2748 4227 Πτολεμαῖοι,
2787 4161 3142 4232 Μαρκὼσιοι,
3187 4167 3580 4242 Κολορϐἀσιοι,
3623 4175 3787 4245 Ἦρα-

2207 4249 2516 4318 κλεωνῖται,
2562 4254 2792 4323 Ὀφῖται,
2827 4258 3074 4326 Καῖανοὶ,
3109 4263 3380 4335 Σηθιανοὶ,
3433 4269 3788 4342 Ἀρχοντικοὶ,

2208 4343 2595 4414 Κερδωνιανοὶ,
2620 4349 2944 4418 Μαρκίωνες
2969 4391 2984 4416 ,
3019 4355 3424 4426 Λουκιανισταὶ,
3475 4364 3794 4436 Ἀπελληῖα-

2207 4435 2289 4486 νοὶ
2311 4475 2324 4498 ,
2351 4437 2702 4508 Σευηριανοὶ,
2738 4441 2995 4496 Τατιανοὶ
3016 4484 3030 4508 ,
3073 4446 3422 4518 Ἐγκρατῖται
3441 4493 3455 4514 ,
3485 4456 3625 4508 κατὰ
3650 4435 3795 4528 opu-

2206 4543 2310 4592 γας
2343 4528 2363 4556 ²
2393 4527 2502 4580 τῶν
2550 4530 2644 4583 καὶ
2694 4533 3082 4588 Μοντανιστῶν
3131 4542 3224 4592 καὶ
3257 4527 3742 4616 Τασκοδρουγιτῶν
3775 4567 3787 4580 ·

2207 4617 2569 4685 Πεπουζιανοὶ
2614 4625 2662 4676 oi
2721 4627 2814 4678 καὶ
2847 4629 3253 4698 Πρισκιλλιανοί
3296 4637 3392 4688 καὶ
3427 4639 3790 4706 Κυντιλιανοὶ,

2206 4705 2288 4774 οἷς
2341 4713 2700 4768 συνάπτονται
2747 4718 3145 4792 Ἀρτοτυρίται,
3197 4725 3794 4799 Τεσσαρεσκαιδεκατῑ-

2205 4818 2294 4856 ται
2324 4805 2372 4856 οἱ
2426 4803 2486 4856 τὸ
2511 4806 2706 4877 Πάσχα
2739 4810 2868 4880 μίαν
2917 4812 3130 4885 ἡμέραν
3156 4815 3250 4870 τοῦ
3277 4807 3430 4885 ἔτους
3465 4824 3747 4890 ποιοῦντες
3774 4842 3788 4854 ’

2210 4893 2358 4948 ἄλλοι
2419 4895 2440 4928 ³
2490 4899 2539 4950 oi
2582 4899 2644 4952 τὸ
2703 4901 3033 4972 Εὐαγγέλιον
3097 4909 3190 4962 καὶ
3261 4912 3354 4984 τὴν
3429 4914 3795 4990 ’Λποκάλυψιν

2224 4986 2470 5079 Ἰωᾴννου
2527 4990 2601 5061 μὴ
2636 4991 2950 5062 δεχόμενοι·
3013 4999 3359 5072 Ἀδαμιανοὶ,
3419 5009 3692 5079 Σαμψαῖοι
3718 4986 3797 5067 τοί

2211 5075 2306 5130 καὶ
2337 5077 2698 5149 Ἐρκεσαῖοιδ,
2731 5084 3085 5154 Θεοδοτιανοὶ,
3119 5075 3616 5163 Μελχισεδεκιανοὶ,
3653 5103 3800 5174 Βαρ-

2211 5165 2595 5239 δησιανισταὶ,
2648 5175 2977 5246 Νοητιανοὶ,
3055 5183 3386 5254 Οὐαλήσιοι,
3445 5189 3694 5264 Καθαροί
3741 5165 3798 5249 ὀί

2211 5261 2306 5313 καὶ
2327 5262 2592 5329 Ναυάτοι,
2641 5267 2972 5336 Ἀγγελικοὶ,
3015 5273 3391 5333 Ἀποστολικοὶ
3419 5284 3467 5334 οἱ
3503 5261 3621 5337 καὶ-
3645 5287 3804 5340 Ἀπο-

2210 5353 2492 5420 τακτικοὶ,
2553 5355 2929 5428 Σαϐελλιανοὶ,
2975 5363 3292 5436 Ὠριγὲνειοι
3325 5373 3374 5423 οἱ
3433 5373 3526 5426 καὶ
3574 5377 3802 5446 αἰσχρο-

593 5491 610 5520 ι
644 5488 766 5544 Scr.
787 5490 1068 5562 Γορθηνοί.
1143 5496 1164 5526 ³
1189 5492 1318 5566 Leg.
1345 5497 1860 5570 Καταφρυγαστῶν.
1937 5504 1962 5536 ³
1983 5504 2362 5579 Ωοτ.”Αλογοι.
2439 5513 2461 5545 ⁵
2484 5513 2613 5573 Cor.
2632 5517 2956 5578 Ἐλκεσαίοι.

593 5647 666 5730 (5)
695 5648 1156 5730 Διιπροξᾷσεις,
1183 5665 1385 5730 causa),
1420 5657 1760 5730 occasiones,
1794 5669 2092 5730 praeteritus

2204 5669 2455 5726 Acacium
2484 5683 2534 5726 et

522 5711 714 5771 Latine
753 5711 860 5790 dici
886 5789 889 5790 ν
911 5711 1119 5774 ῘΙυΙιεξιιί
1144 5711 1330 5790 potius

521 5795 578 5840 et
621 5802 770 5841 num.
814 5787 848 5841 2
883 5789 1114 5845 laudatae
1141 5787 1267 5848 mox
1309 5787 1686 5868 S.'Epipliaitii
1737 5787 2090 5873 Epistolwna—d

2565 5673 2836 5745 Paulum,
2868 5697 3054 5752 quam
3093 5685 3384 5752 epistolam
3441 5687 3632 5744 iisdem
3684 5691 3802 5748 fere

1371 5741 1535 5806 quam
1569 5728 1840 5814 dogmata.
1891 5733 2094 5790 Confer
2201 5742 2386 5795 verbis
2420 5728 2740 5812 expressain
2767 5728 2836 5804 et,

1400 5795 1686 5868 Epiphanu
1737 5799 1993 5870 Epistolas
2023 5809 2090 5860 ad
2203 5811 2364 5868 nobis
2395 5815 2662 5870 exhibuit.

2203 5825 2364 5868 IIODIS
2395 5825 2662 5872 οχιιιυυιι.
