4118 6402
383 357 491 411 8ὖῖ

1699 350 2363 410 ANACEPHALA‘ZOSIS.

3537 353 3646 411 858

386 470 552 535 ποιοὶ,
599 466 915 542 Ὤριγένειοι
968 468 1021 521 οἱ
1055 467 1151 522 καὶ
1179 466 1274 522 τοῦ
1327 465 1719 538 ’Δδαμαντίουσ
1751 467 1964 522 Παύλου

2079 458 2204 527 Liani
2264 473 2357 541 qui
2399 471 2453 525 ir.
2509 468 2745 541 Egypto
2794 468 3037 524 scbisma
3087 466 3644 524 conﬂaruntzAriani

384 560 479 615 τοῦ
498 559 910 630 Σαμωσατέως,
938 559 1230 630 Μανιχαῖοι
1273 559 1324 612 οἱ
1356 557 1453 612 καὶ
1485 558 1830 625 Ἀκωανῖται,
1871 559 1969 613 Ἰε-

389 651 628 721 ρακῖται,
654 647 974 702 Μελετιανοὶ
1000 651 1055 702 οἱ
1094 650 1215 703 κατ’
1243 649 1516 717 Αἴγυπτον
1558 650 1763 721 σχίσμα
1791 650 1966 714 ὄντες,

400 740 670 813 ’Δρειανοὶ
693 742 741 794 οἱ
767 741 864 795 καὶ
896 742 1321 813 Ἀρειομανῖται,
1349 741 1628 796 Αὑδιανῶν
1652 740 1714 795 τὸ
1740 741 1966 812 σχίσμα,

385 831 769 897 Φωτεινιανοὶ,
803 830 1229 903 Μαρκελλιανοὶ,
1271 831 1580 902 Ἦμιάρειοι
1606 870 1621 893 ,
1651 832 1968 901 Πνευματο-

393 924 553 994 μάχοι
588 923 639 975 οἱ
674 921 737 974 τὸ
763 920 917 990 ἅγιον
948 919 1173 990 Πνεῦμα
1205 918 1299 973 τοῦ
1329 920 1463 973 Θεοῦ
1500 919 1965 991 βλασφημοῦντες

400 1013 691 1086 Ἀεριανοὶ,
727 1012 993 1066 Ἀετιανοὶ
1024 1013 1073 1065 οἱ
1103 1013 1198 1065 καὶ
1237 1011 1503 1083 Ἀνόμοιοι
1530 1052 1545 1075 ,
1579 1006 1660 1076 οἷς
1695 1014 1965 1067 συνάπτε-

387 1105 770 1176 ταιἈνόμοιος
792 1105 833 1156 ι.
862 1106 1169 1174 Διμοιρῖται
1201 1105 1250 1156 οἰ
1277 1104 1352 1175 μὴ
1377 1103 1590 1159 τελείαν
1611 1102 1709 1173 τὴν
1728 1102 1963 1175 Χριστοῦ

391 1195 802 1268 ὲνανθρώπησιν
839 1193 1226 1265 ὁμολογοῦντες
1251 1234 1265 1256 ,
1306 1196 1355 1248 οἱ
1398 1197 1494 1249 καὶ
1531 1195 1964 1266 Ἀπολιναρῖται·

390 1293 439 1345 οἱ
471 1291 566 1344 καὶ
590 1289 690 1362 τὴν
719 1287 883 1357 ἁγίαν
924 1287 1145 1358 Μαρίαν
1175 1285 1273 1357 τὴν
1318 1286 1675 1356 ἀειπάρθενον
1721 1286 1969 1353 λέγοντες

395 1383 567 1454 μετὰ²
604 1380 696 1434 τὸν
731 1379 960 1450 Σωτῆρα
991 1376 1479 1447 γεγεννηκέναιτῷ
1519 1376 1714 1446 Ἰωσὴφ
1765 1376 1970 1446 συνῆφ-

392 1472 500 1538 θαι,
532 1471 783 1535 οὕστινας
812 1469 1146 1539 ἐκαλέσαμεν
1166 1468 1776 1539 Ἀντιδικομαριανίτας’
1801 1468 1894 1520 καὶ
1919 1468 1968 1520 οἱ

390 1567 471 1627 εἱς
491 1564 662 1634 ὄνομα
690 1561 791 1633 τῆς
821 1562 992 1632 αὐτῆς
1023 1559 1243 1631 Μαρίας
1262 1560 1361 1629 τῆς
1394 1559 1662 1612 Θεοτόκου
1687 1558 1969 1629 κολλυρίδα

391 1652 828 1726 προσφέροντες,
876 1649 925 1705 οἳ
976 1648 1269 1702 καλοῦνται
1320 1646 1728 1719 Κολλυριδιανοί
1759 1665 1772 1679 ·
1811 1648 1968 1700 Μασ-

394 1740 635 1795 σαλιανοὶ
655 1779 671 1804 ,
700 1736 781 1802 οἷς
820 1737 1182 1792 συνάπτονται
1217 1738 1612 1807 Μαρτυριανοὶ,
1654 1736 1702 1788 οἱ
1729 1734 1837 1788 ἀπὸ
1858 1734 1968 1788 τῶν

403 1834 669 1906 Ἑλλήνων
696 1833 791 1887 καὶ
818 1832 1130 1902 Εὐφημῖται
1155 1830 1249 1884 καὶ
1283 1828 1587 1884 Σατιανοί³.

480 1921 748 1978 Ἐπανιὼν
800 1923 858 1976 δὲ
908 1919 1085 1987 αὖθις,
1129 1921 1224 1975 καὶ
1255 1920 1441 1974 διελὼν
1489 1918 1692 1983 ταύτας
1722 1918 1863 1973 κατὰ
1892 1918 1973 1989 βι-

393 2014 562 2080 ϐλίον,
597 2011 860 2080 ὑποδείξω
891 2013 948 2065 ὲν
979 2010 1150 2083 ταύτῃ
1181 2013 1248 2083 τῇ
1292 2010 1785 2078 ἀνακεφαλαιώσει,
1807 2010 1970 2065 πόσαι

395 2105 603 2160 τούτων
650 2104 759 2158 τῶν
792 2104 1122 2175 ὀγδοήκοντα
1170 2102 1435 2173 αἱρέσεων
1464 2104 1521 2156 ὲν
1547 2100 1627 2173 τῷ
1662 2100 1862 2173 πρώτῳ
1892 2100 1973 2172 βι-

394 2197 527 2268 ϐλίῳ
580 2196 675 2250 καὶ
712 2194 946 2265 καθεξῆς
996 2195 1055 2247 ὲν
1086 2192 1163 2264 τῷ
1207 2193 1442 2264 δευτέρῳ
1484 2192 1590 2256 ἕως
1621 2192 1716 2246 τοῦ
1754 2192 1969 2264 τρίτου*

394 2288 529 2342 ἀλλὰ
561 2288 656 2341 καὶ
682 2286 803 2341 καθ’
829 2287 1056 2339 ἕκαστον
1082 2285 1190 2338 τῶν
1223 2286 1362 2338 ἑπτὰ
1393 2284 1577 2354 τόμων
1607 2284 1715 2337 τῶν
1744 2286 1802 2338 ὲν
1828 2283 1973 2355 τρισὶ

399 2379 621 2451 βιϐλίοις
650 2376 1118 2448 συντεταγμένων,
1148 2376 1311 2429 πόσαι
1343 2375 1482 2429 εἰσὶν
1507 2375 1564 2428 ἐν
1595 2374 1772 2445 ἑαυτῷ
1804 2373 1827 2406 ’⁸
1869 2392 1975 2446 χω-

400 2471 668 2546 ρισθεῖσαι
700 2468 964 2540 αἱρέσεις.
1017 2468 1127 2521 Καὶ
1173 2467 1319 2521 ἐστιν
1366 2464 1559 2530 οὕτως·
1607 2466 1696 2519 Ἐν
1748 2465 1845 2536 μὲν
1894 2464 1974 2535 τῷ

395 2561 598 2636 πρώτῳ
641 2559 829 2631 βιϐλίῳ
885 2559 1043 2630 τόμοι
1084 2559 1253 2628 τρεῖς,
1286 2557 1529 2629 αἱρέσεις
1567 2555 1976 2626 τεσσαράκοντα

395 2657 476 2724 ἓξ,
508 2656 605 2710 σὺν
665 2657 784 2716 ταῖς
824 2651 1141 2722 ὀνομασίαις
1191 2650 1418 2714 τούτων,
1463 2648 1607 2720 φημὶ
1650 2648 1709 2702 δὲ
1757 2647 1975 2721 Βαρϐα-

401 2745 614 2817 ρισμὺν,
667 2744 763 2797 καὶ
794 2739 1121 2810 Σκυθισμδν,
1155 2740 1250 2792 καὶ
1292 2738 1666 2810 Ἑλληνισμδν,
1701 2738 1797 2792 καὶ
1846 2739 1977 2791 Ἰου-

396 2834 647 2906 δαϊσμδν,
681 2834 776 2887 καὶ
806 2830 1265 2903 Σαμαρειτισμόν.
1314 2829 1404 2883 Ἑν
1430 2828 1487 2882 δὲ
1516 2827 1595 2899 τῷ
1626 2828 1866 2900 δευτέρῳ
1899 2827 1978 2899 βι-

399 2926 533 2998 ϐλίῳ
578 2926 734 2997 τόμοι
778 2924 891 2991 δύο,
937 2923 1181 2995 αἱρέσεις
1224 2921 1396 2976 εἴκοσι
1442 2925 1613 2994 τρεῖς.
1672 2924 1760 2977 Ἐν
1799 2923 1858 2976 δὲ
1898 2921 1977 2994 τῷ

399 3018 567 3090 τρίτῳ
607 3014 795 3087 βιϐλίῳ
832 3014 987 3086 τόμοι
1035 3013 1148 3078 δύο,
1210 3012 1450 3084 αἱρέσεις
1498 3013 1708 3067 ἕνδεκα.
1772 3012 1863 3067 Ἐν
1899 3013 1978 3085 τῷ

398 3106 494 3165 οὖν
520 3108 722 3182 πρώτῳ
752 3105 958 3178 βιϐλίῳ,
981 3104 1183 3178 πρώτῳ
1207 3106 1380 3177 τόμῳ,
1395 3091 1634 3178 αἱρέσεις
1660 3104 1729 3167 κ’.
1750 3105 1812 3159 ατ
1840 3106 1976 3160 εἱσιν

400 3199 549 3254 αἴδε’
598 3194 1005 3269 Βαρϐαρισμδς,
1052 3194 1388 3273 Σκυθισμὸςι,
1431 3195 1801 3267 Ἑλληνισμὸς,
1850 3197 1980 3250 Ἴου.

401 3290 648 3363 δαῖσμός.
693 3288 958 3359 Ἑλλήνων
1001 3287 1274 3359 διαφοραὶ,
1316 3287 1693 3361 Πυθαγόρειοι,
1728 3290 1897 3360 ἡγουν
1928 3289 1976 3342 οἱ

402 3379 848 3454 Περιπατητικοὶ,
894 3377 1253 3439 Πλατωνικοὶ,
1289 3378 1538 3440 Στωϊκοὶ,
1590 3378 1974 3449 Ἐπικούρειοι.

401 3471 770 3545 Σαμαρειτικὴ
818 3470 1028 3542 αἵρεσις
1074 3470 1109 3541 ὴ
1156 3464 1290 3523 οὖσα
1343 3471 1408 3523 ὲκ
1457 3469 1552 3523 τοῦ
1620 3468 1976 3541 Ἰουδαῖσμοῦ.

403 3562 757 3636 Σαμαρειτῶν
808 3560 935 3632 ἔθνη
974 3561 1214 3633 τέσσαρα
1262 3558 1456 3626 οὕτως·
1510 3561 1757 3633 Γοραινοὶ⁵
1799 3563 1842 3627 ⁸,
1878 3562 1978 3614 Σε-

402 3655 642 3721 ϐουαϊοι,
721 3653 1000 3725 Ἐσσηνοὶ,
1037 3653 1297 3708 Δοσίθεοι.
1346 3653 1616 3708 Ἰουδαίων
1659 3654 1903 3727 αἱρέσεις
1932 3653 1977 3718 ζ’

401 3746 591 3812 οὕτως’
634 3746 1005 3818 Γραμματεῖς,
1057 3745 1359 3816 Φαρισαῖοι,
1408 3745 1981 3818 ΣαδδουκαῖοικἮμε-

408 3839 784 3911 ροϐαπτισταὶ,
845 3836 1106 3900 Ὀσσαῖοι,
1136 3836 1459 3906 Νασαραῖοι,
1504 3836 1842 3907 Ἡρωδιανοί,
1889 3837 1979 3891 Ἐν

403 3931 462 3984 δὲ
489 3929 568 4000 τῷ
614 3929 849 4001 δευτέρῳ
875 3929 1027 3999 τόμῳ
1070 3925 1167 3981 τοῦ
1218 3926 1435 3998 πρώτου
1472 3926 1677 3998 βιϐλίου
1718 3926 1979 3992 ὡσαύτως

405 4021 646 4092 αἱρέσεις
685 4027 752 4090 ιγ’
801 4020 1007 4084 οὕτως’
1038 4020 1386 4091 Σιμωνιανοὶ,
1420 4019 1841 4092 Μενανδριανοὶ,
1872 4021 1980 4072 Σα-

404 4113 744 4185 τορνιλιανοὶ,
780 4110 1158 4175 Βασιλιδιανοὶ,
1208 4111 1549 4173 Νικολαῗται,
1593 4112 1889 4165 Γνωστικοὶ
1931 4113 1980 4165 οἱ

406 4204 499 4257 καὶ
529 4204 938 4275 Στρατιωτικοὶ,
972 4203 1066 4256 καὶ⁹
1104 4203 1414 4257 Φιϐιωνῖται
1447 4205 1496 4256 οἱ
1523 4202 1695 4266 αὐτοὶ,
1725 4202 1877 4275 παρὰ
1922 4202 1981 4255 δέ

406 4312 516 4349 τισι
534 4294 926 4359 Σεκουνδιανοὶ,
957 4299 1107 4370 παρὰ
1132 4297 1190 4351 δὲ
1234 4295 1412 4358 ἄλλοις
1434 4296 1794 4365 Σωκρατῖται,
1832 4294 1982 4365 παρὰ

406 4386 463 4439 δὲ
509 4386 716 4458 ἑτέροις
761 4389 1020 4458 Ζακχαίοι
1074 4386 1429 4458 καλούμενον
1477 4386 1979 4456 Καρποκρατιανοὶ,

2069 568 2163 636 qui
2188 575 2243 623 et
2267 563 2638 630 Ariomanitte,
2679 560 3057 616 Audianorum
3093 568 3265 626 secta,
3303 557 3644 626 Photiniani,

2069 659 2428 720 Marcelliani,
2481 656 2830 717 Semiariani,
2888 652 3372 707 Pneumatomacbi
3428 652 3520 721 qui
3588 653 3644 706 in

2087 760 2343 809 sanctum
2382 750 2473 804 Dei
2499 749 2759 819 Spiritum
2796 744 3171 800 contumeliosi
3205 755 3367 809 sunt;
3402 742 3645 802 Aeriani,

2068 842 2299 903 Actiani~
2333 841 2424 911 qui
2466 851 2520 895 et
2559 839 2830 903 Anommi,
2865 838 3067 907 quibus
3108 836 3427 906 adiungitur
3461 834 3647 889 Euno-

2071 935 2252 998 mins;
2302 931 2595 986 Dimcerita:
2648 929 2737 997 qui
2798 928 3090 996 perfectam
3141 925 3346 979 Christi
3393 925 3649 977 incarna-

2077 1021 2282 1075 tionem
2323 1020 2547 1072 minime
2596 1018 2945 1075 conﬁtentur,
3004 1016 3097 1084 qui
3145 1024 3199 1069 et
3243 1015 3649 1084 Apollinaristze

2079 1111 2454 1164 nominantur.
2517 1108 2655 1162 Tum
2690 1109 2780 1176 qui
2836 1106 3063 1160 Mariam
3111 1122 3324 1175 semper
3358 1106 3644 1177 virginem,

2078 1210 2367 1271 postquam
2420 1200 2756 1255 Salvator-ein
2810 1199 3019 1268 genuit,
3069 1214 3193 1253 cum
3243 1196 3480 1269 Josepho
3513 1213 3648 1251 con-

2075 1294 2319 1350 suevisse
2345 1292 2553 1351 dicunt.
2599 1306 2738 1361 quos
2781 1290 3360 1344 Antidicomarianitas
3410 1289 3647 1357 appella-

2068 1400 2211 1440 mus.
2246 1384 2378 1437 ltem
2404 1384 2496 1451 qui
2524 1378 2585 1436 in'
2615 1398 2809 1435 nomen
2845 1381 3088 1449 ejusdem
3121 1379 3305 1433 Maria:
3328 1378 3645 1450 collyridem

2069 1475 2325 1536 ollerunt,
2368 1483 2422 1529 et
2464 1473 2818 1545 Collyridiani
2864 1481 3149 1527 vocantur.
3203 1470 3537 1530 Massaliani,
3579 1470 3649 1523 ad

2069 1583 2210 1638 quos
2268 1567 2645 1635 adiunguntur
2707 1564 3070 1636 Martyriani,
3131 1564 3226 1636 qui
3280 1579 3311 1619 e
3359 1562 3645 1633 gentilium

2070 1667 2218 1714 secta
2241 1666 2295 1714 et
2320 1657 2654 1729 Euphemitae
2687 1672 2751 1712 ac
2787 1656 3052 1713 Satanici.

2138 1931 2297 1986 Nunc
2341 1933 2569 2001 repetita
2617 1930 2931 1986 narratione
2967 1939 3021 1986 et
3058 1930 3113 1984 in
3166 1928 3416 1999 singulos
3474 1928 3647 1983 libros

2074 2022 2387 2080 distributis
2422 2023 2745 2083 haeresibus,
2791 2022 2897 2076 hoc
2932 2022 2986 2074 in
3018 2021 3169 2075 brevi
3200 2019 3523 2090 compendio
3556 2018 3650 2074 de—

2073 2112 2313 2172 clarabo,
2335 2118 2592 2180 quotnam
2619 2126 2682 2165 ex
2706 2111 2813 2164 illis
2857 2126 2997 2163 Lxxx
3031 2110 3328 2164 hzeresibns
3384 2110 3436 2163 in
3466 2112 3651 2179 priore

2072 2201 2218 2255 libro
2239 2241 2254 2264 ,
2281 2210 2416 2270 quot
2444 2200 2497 2253 in
2530 2199 2770 2254 secundo
2796 2213 2861 2253 ac
2889 2198 3051 2253 tertio
3079 2198 3463 2252 contineantur
3487 2215 3504 2265 ;
3534 2207 3647 2252 tum

2084 2295 2139 2349 in
2163 2293 2389 2362 reliquis
2409 2293 2663 2347 omnibus
2691 2300 3008 2345 cazterorum
3034 2290 3295 2343 librorum
3316 2289 3500 2347 tomis.
3520 2297 3652 2358 quot

2081 2384 2380 2454 unicuique
2432 2383 2669 2437 haereses
2706 2381 2982 2434 attributa
3018 2385 3166 2434 sunt.
3216 2377 3421 2432 Harum
3468 2380 3653 2447 itaque

2074 2477 2316 2531 omnium
2363 2476 2536 2530 series
2568 2481 2653 2528 est
2690 2470 3004 2540 ejusmodi:
3042 2470 3100 2523 In
3132 2469 3310 2539 primo
3336 2468 3475 2523 libro
3517 2468 3651 2522 tomi

2084 2568 2309 2637 1112
2355 2574 2470 2621 tres
2524 2572 2674 2624 sunt.
2708 2564 2943 2617 hmreses
2997 2577 3117 2614 XLVI
3167 2561 3282 2615 suis
3341 2560 3653 2614 nominibus

2077 2666 2357 2727 concepta:
2446 2672 2461 2708 :
2523 2654 2907 2709 Barbarismus
2985 2650 3238 2705 videlicet
3312 2665 3377 2704 ac
3441 2647 3657 2719 Scythi-

2077 2762 2255 2814 smus,
2318 2745 2702 2810 Hellenismus,
2757 2742 3074 2797 Judaismus
3111 2756 3176 2796 ac
3223 2740 3651 2795 Samaritismus.

2075 2837 2134 2892 In
2185 2837 2429 2893 secundo
2483 2838 2626 2890 lioro
2676 2836 2808 2889 torni
2847 2835 2956 2889 duo
3005 2844 3155 2898 sunt,
3205 2834 3441 2888 haereses
3494 2847 3653 2887 χχιιι.

2079 2929 2140 2984 In
2180 2931 2342 2985 tertio
2386 2928 2528 2983 libro
2576 2927 2709 2982 tomi
2756 2927 2904 2991 duo,
2949 2926 3186 2980 haereses
3227 2941 3306 2979 x1.
3350 2920 3411 2978 In
3454 2924 3656 2994 prioris

2077 3023 2262 3092 itaque
2309 3019 2434 3075 libri
2482 3026 2631 3074 tomo
2675 3019 2851 3088 primo
2895 3018 3131 3072 haereses
3173 3033 3243 3070 xx
3289 3024 3456 3070 sunt:
3502 3015 3636 3069 Bar-

2078 3113 2377 3177 barismns,
2438 3109 2820 3181 Scythismus,
2871 3108 3241 3173 Graecismus,
3309 3105 3649 3162 Judaismus.

2079 3202 2394 3261 Cvr-acorum
2421 3219 2587 3275 porro
2608 3202 2931 3258 discrimina
2957 3201 3061 3254 ista
3093 3207 3221 3255 sunt
3253 3217 3267 3253 :
3302 3197 3653 3269 Pythagorei,

2079 3300 2197 3357 sive
2218 3295 2599 3368 Peripatetici,
2640 3293 2933 3359 Platonici,
2984 3292 3178 3357 Stoici,
3225 3290 3502 3361 Epicurei.
3562 3290 3659 3345 Sa-

2078 3390 2333 3447 maritica
2364 3388 2588 3443 haeresis
2614 3401 2735 3456 qua:
2767 3400 2796 3438 a
2820 3383 3106 3439 Judaismo
3141 3382 3382 3436 manavit
3412 3399 3426 3435 :
3458 3379 3654 3436 Sama-

2078 3481 2243 3537 ritani
2297 3490 2536 3551 quatuor
2588 3477 2642 3532 in
2697 3484 2882 3547 partes
2926 3475 3263 3539 tribuuntur,
3321 3472 3651 3537 Gortbenos,

2080 3571 2361 3635 Sebuaaos,
2415 3567 2677 3629 Essenos,
2708 3564 3021 3620 Dositheos.
3056 3562 3367 3618 Iudaeorum
3420 3563 3656 3618 haereses

2080 3669 2288 3732 septem
2342 3678 2356 3714 :
2408 3657 2634 3718 Scriba,
2687 3654 2971 3717 Pharisaei,
3029 3654 3338 3717 Sadducaai,
3394 3652 3656 3709 Hemeru-

2080 3750 2347 3820 baptistae.
2379 3745 2572 3809 Ossaei,
2620 3744 2880 3809 Nasarzei,
2936 3742 3251 3798 llerodiani.
3303 3741 3363 3796 in
3410 3744 3656 3798 secundo
3697 3787 3701 3791 .

2082 3853 2230 3898 tomo
2277 3839 2401 3894 libri
2466 3837 2628 3909 primi
2693 3836 2930 3890 barreses
2972 3849 3071 3887 xm
3116 3840 3246 3888 sunt
3280 3852 3294 3888 :
3330 3833 3655 3897 Simoniani,

2082 3923 2482 3992 Menandriani,
2531 3928 2911 3992 Saturniliani,
2965 3925 3306 3991 Basilidiani,
3353 3923 3653 3990 Nicolaitzr,

2081 4023 2326 4081 Gnostici
2357 4022 2450 4091 qui
2485 4030 2539 4077 et
2571 4018 2871 4075 Stratiotici
2911 4033 2976 4072 ac
3020 4016 3362 4075 Phibionitze.
3413 4015 3483 4069 ab
3529 4016 3657 4072 aliis

2080 4132 2212 4173 vero
2259 4114 2614 4175 Secundiani,
2661 4113 2730 4167 ab
2770 4111 2891 4165 aliis
2934 4107 3238 4170 Socratitaz,
3275 4107 3344 4160 ab
3379 4105 3502 4161 aliis
3531 4104 3661 4159 Zac-

2083 4209 2218 4264 (ιιιπί
2269 4207 2571 4261 dicuntur:
2603 4202 3014 4271 Carpocratitaa.
3065 4197 3409 4253 Cerinthiani
3461 4196 3556 4266 qui
3601 4205 3658 4251 et

2083 4297 2455 4362 Ilerinthiani,
2508 4294 2774 4356 Nazarzei,
2822 4291 3083 4356 Ebionazi,
3126 4288 3417 4349 Valentini,
3451 4288 3660 4343 Secun-

2085 4391 2258 4457 diani,
2311 4389 2515 4459 quibus
2578 4387 2849 4441 accedunt
2906 4383 3213 4454 Epiphanes
3267 4387 3320 4436 et
3368 4378 3655 4436 Isidorus:

407 4477 761 4550 Κηρινθιανοὶ,
806 4481 857 4532 οἱ
910 4481 1002 4534 καὶ
1040 4479 1417 4552 Μηρινθιανοὶ,
1454 4477 1975 4549 Ναζαραῖοι,Ἐϐιω-

2088 4483 2387 4539 Ptolemaei.
2426 4480 2485 4535 ιιι
2515 4480 2676 4534 tertio
2723 4487 2900 4532 autem
2930 4485 3078 4530 tomo
3108 4474 3306 4545 prioris
3338 4472 3461 4525 libri
3496 4471 3664 4526 hasre-

407 4575 578 4638 ναῖοι,
615 4572 952 4627 Οὑαλεντῖνοι
972 4612 988 4637 ,
1042 4573 1413 4628 Σεκουνδιανοὶ
1432 4611 1447 4636 ,
1498 4566 1575 4634 οἷς
1625 4571 1981 4624 συνάπτονται

421 4665 735 4734 Ἐπιφάνιος
781 4666 875 4718 καὶ
921 4665 1224 4737 Ἰσίδωρος*
1271 4664 1617 4734 Πτολεμαῖοι.
1677 4662 1768 4716 Ἐν
1810 4662 1868 4715 δὲ
1903 4660 1982 4732 τῷ

406 4755 576 4827 τρίτῳ
601 4756 753 4826 τόμῳ
784 4754 879 4809 τοῦ
913 4755 1078 4810 αὐτοῦ
1134 4755 1352 4829 πρώτου
1403 4753 1607 4827 βιϐλίου
1640 4752 1881 4825 αἱρέσεις
1914 4759 1981 4821 ιγ’

406 4846 612 4910 οὕτως’
667 4846 988 4920 Μαρκώσιοι
1008 4887 1025 4911 ,
1078 4846 1456 4918 Κολορϐάσιοι,
1508 4844 1933 4916 Ἡρακλεωνϊται
1964 4883 1978 4907 ,

422 4939 653 5006 Ὀφίται,
697 4938 940 5004 Καῖανοὶ,
975 4938 1248 5009 Σηθιανοὶ,
1292 4936 1645 5009 Ἀρχοντικοὶ,
1676 4935 1983 5008 Κερδωνια-

408 5027 509 5093 vol,
553 5027 900 5099 Μαρκίωνες,
928 5028 1329 5095 Λουκιανισταὶ,
1368 5026 1760 5098 Ἀπελληῖανοὶ,
1809 5026 1982 5096 Σευη-

413 5121 607 5191 ριανοὶ,
637 5121 887 5175 Τατιανοί
909 5138 924 5153 ο
971 5121 1108 5191 αῦτη
1136 5123 1169 5192 ή
1200 5119 1672 5190 ἀνακεφαλαίωσις
1699 5115 1793 5172 τοῦ
1834 5115 1985 5187 πρώ-

407 5229 501 5265 του
533 5211 737 5282 βιϐλίου
770 5212 877 5265 τῶν
916 5211 1086 5284 τριῶν
1115 5212 1316 5282 τόμων.
1352 5210 1460 5264 Τοῦ
1504 5210 1563 5264 δὲ
1605 5209 1858 5280 δευτέρου
1904 5207 1984 5278 βι-

410 5303 561 5357 ϐλίου
591 5304 748 5376 τόμοι
776 5303 888 5359 δύο.
922 5304 1034 5359 Καὶ
1057 5305 1113 5357 ὲν
1140 5303 1238 5375 μὲν
1265 5302 1344 5374 τῷ
1370 5301 1573 5375 πρώτῳ
1609 5301 1703 5355 τοῦ
1728 5300 1981 5371 δευτέρου

410 5394 644 5464 βιϐλίου,
701 5394 946 5466 τετάρτῳ
989 5394 1048 5449 δὲ
1092 5394 1207 5448 δντι
1259 5394 1399 5449 κατὰ
1446 5393 1545 5464 τὴν
1589 5392 1840 5464 άπαρχῆς
1887 5390 1982 5445 τοῦ

407 5484 646 5556 ἀριθμοῦ
678 5484 1019 5550 ἀκολουθίαν,
1058 5485 1297 5559 αἱρέσεις
1343 5483 1413 5558 ιη’
1439 5485 1647 5549 οὕτως’
1703 5482 1986 5558 Ἐγκρατῖ-

408 5594 518 5637 ται.
567 5577 708 5631 κατὰ
747 5576 965 5649 Φρύγας
1012 5578 1062 5631 οί
1107 5578 1200 5631 καὶ
1237 5577 1601 5632 Μοντανισταὶ
1638 5576 1735 5631 καὶ
1776 5575 1986 5629 Τασκο-

2088 4593 2179 4634 ses
2224 4575 2414 4631 itidem
2457 4589 2560 4628 xm
2605 4581 2773 4628 sunt:
2802 4567 3077 4631 Marcosii,
3120 4565 3450 4627 Colorbasii,
3488 4563 3663 4618 Hera-

2087 4665 2372 4730 cleonitaa,
2423 4661 2667 4733 Ophitze,
2720 4659 2931 4720 Caiani,
2991 4654 3258 4720 Setliiani,
3308 4652 3651 4715 Archontici,

2084 4756 2453 4815 Ccrdnniani.
2505 4753 2845 4815 Marciones,
2884 4749 3250 4805 Lucianistw.
3300 4744 3657 4815 Appelleiani,

2089 4847 2396 4913 Severiani,
2423 4836 2658 4900 Tatiani.
2693 4842 2817 4896 llaec
2838 4849 2928 4913 [est
2954 4854 3166 4895 summa
3193 4846 3465 4892 tomorum
3493 4836 3658 4890 trium

2094 4939 2261 5012 primi
2336 4937 2485 4994 libri.
2541 4935 2779 4992 Secundi
2827 4949 2960 4989 vero
2991 4932 3116 4985 libri
3168 4929 3300 4985 torni
3350 4930 3459 4984 duo
3508 4937 3656 4989 sunt,

2085 5031 2247 5101 cujus
2299 5029 2356 5084 in
2397 5029 2581 5099 priore
2631 5038 2779 5081 tumo
2829 5025 2946 5094 (qui
2984 5029 3218 5093 quartus
3263 5027 3372 5087 est,
3400 5019 3447 5074 si
3482 5028 3662 5074 tomos

2086 5121 2349 5189 deinceps
2380 5118 2449 5173 ab
2480 5117 2641 5171 initio
2691 5114 2970 5180 numeres)
3024 5113 3261 5166 haireses
3306 5124 3441 5162 xvm
3485 5107 3658 5162 conti-

2086 5219 2290 5267 nentur
2338 5202 2445 5265 h'oc
2491 5205 3034 5267 inodo:Encratita3,
3087 5201 3458 5271 Catapbryges
3488 5201 3661 5269 quiet

2082 5302 2431 5359 Montanistte
2488 5315 2555 5356 ac
2602 5296 3047 5366 Tascodrugitze,
3110 5290 3411 5362 Pepuziani
3462 5289 3556 5359 qui
3604 5298 3660 5343 et

2084 5393 2425 5463 Quintiliani,
2450 5391 2653 5463 quibus
2687 5389 3062 5460 adjunguntur
3088 5384 3442 5456 Artotyritaz;
3464 5381 3660 5438 Tessa-

2085 5484 2510 5542 rescaadecatita:
2545 5482 2641 5553 qui
2685 5480 2897 5537 Pascha
2947 5479 3003 5533 in
3040 5479 3288 5535 eamdem
3335 5477 3466 5533 anni
3513 5477 3658 5532 diem

2084 5573 2425 5646 conjiciunt:
2451 5572 2610 5643 Alogi
2633 5570 2727 5642 qui
2755 5578 2809 5627 et
2833 5568 3186 5640 Evangelium
3211 5577 3266 5625 et
3290 5565 3660 5640 Apocalypsin

482 5781 497 5809 ‘
533 5776 658 5834 Cor.
689 5778 970 5851 Εὔνόμιος.
1045 5779 1069 5813 ¹
1096 5777 1223 5836 Cor.
1254 5776 1397 5852 μετὰ
1423 5777 1505 5835 τό.
1581 5777 1603 5812 ⁸
1634 5777 1763 5834 Cor.
1800 5774 1975 5831 Σαταν

2079 5773 2138 5829 at.
2201 5776 2235 5850 ,δ
2269 5773 2397 5833 Cor.
2428 5775 2662 5847 ἑκάστῳ.
2740 5772 2761 5806 ⁸
2785 5768 2849 5827 F.
2877 5768 3157 5842 Γορθηνοί.
