4118 6402
461 361 570 418 830

1871 355 1928 410 S.
1971 352 2314 410 EPIPHANII

3611 352 3715 402 840

462 471 688 527 Joannis
713 471 1000 542 repudiarit
1027 490 1038 525 :
1071 470 1378 532 Adamiani.
1409 469 1672 540 Sampszci
1706 471 1796 540 qui
1833 480 1886 524 et
1919 467 2043 523 llel—

2145 471 2457 543 δρουγίται,
2511 467 2866 532 Πεπουζιανοὶ
2909 467 3000 520 καὶ
3045 463 3416 528 Κυντιλιανοὶ,
3465 455 3546 526 οἷς
3593 479 3715 516 συν-

461 564 659 628 ceszei,
722 561 1126 627 'l'heodotiani,
1180 561 1692 623 Melcliisealeciani,
1756 560 2040 614 Bardesia-

464 655 644 718 nistae,
696 652 969 718 Noetiani,
1017 651 1242 718 Valesii,
1289 653 1532 717 Cathari,
1583 652 1848 723 Angelici,
1901 650 2042 720 Apo-

467 745 650 800 Ilolici
704 745 798 815 qui
851 746 1014 799 etiam
1075 745 1406 814 Apotactici,
1469 743 1788 810 Sabelliani,
1843 741 2037 812 Orige-

464 836 622 891 nisue
674 835 938 891 fmditatis
996 846 1250 891 auctores
1281 878 1297 902 ,
1343 836 1666 906 Origenistze
1693 836 1760 889 ab
1801 833 2036 905 Origene

471 928 818 986 Adamantio.
865 927 923 982 In
967 929 1210 983 secundo
1248 936 1426 983 autem
1462 939 1608 982 tomo
1640 927 1885 997 ejusdem
1917 926 2039 980 libri

464 1017 691 1074 secundi
719 1017 853 1088 (qui
884 1017 1066 1086 priore
1094 1019 1183 1071 illa
1213 1018 1532 1071 numerandi
1575 1019 1786 1071 ratione
1811 1018 2037 1086 quintus

463 1111 566 1179 est)
621 1111 858 1165 haereses
884 1111 1128 1180 quinque
1177 1109 1386 1179 1113
1438 1118 1603 1164 sunt:
1640 1107 1793 1162 l‘auli
1844 1107 2041 1164 Samo-

464 1203 722 1267 satensis,
788 1201 1070 1256 Manichaei
1114 1203 1207 1271 qui
1265 1213 1320 1255 et
1369 1203 1669 1261 Acuanitze.
1722 1199 2033 1266 llieracitae,

471 1293 750 1349 Melctiani
783 1295 873 1364 qui
911 1293 966 1348 in
1001 1293 1236 1364 Egypto
1258 1294 1498 1348 schisma
1531 1292 1800 1356 fecerunt,
1831 1292 2040 1346 Ariani.

464 1385 642 1455 Atque
710 1385 827 1438 haec
877 1392 962 1440 est
1022 1392 1296 1439 tomorum
1346 1383 1468 1438 libri
1523 1383 1748 1438 secundi
1806 1399 2041 1437 summa.

466 1475 732 1532 Similiter
764 1484 818 1531 et
846 1479 900 1530 in
927 1476 1086 1532 tertio
1118 1478 1258 1532 libro
1293 1476 1426 1530 torni
1451 1475 1561 1530 duo
1589 1483 1737 1530 sunt.
1765 1475 1822 1529 In
1855 1476 2034 1545 primo

466 1578 614 1624 tomo
671 1571 816 1624 tertii
876 1569 1001 1624 libri
1057 1576 1238 1638 (sexto
1281 1578 1460 1622 autem
1511 1583 1576 1623 eo
1617 1584 1776 1638 quem
1808 1566 2045 1621 diximus

466 1660 679 1730 ordine)
742 1661 976 1715 haereses
1036 1675 1111 1714 vn
1168 1657 1648 1722 suntzAudiani',
1705 1655 2042 1716 Photiniani,

465 1751 826 1816 Marcelliani,
864 1751 1211 1815 Semiariani,
1264 1749 1745 1805 Pneumatomachi
1789 1749 1882 1820 qui
1933 1749 2048 1818 Spi-

469 1843 602 1898 ritui
669 1851 864 1897 sancto
931 1841 1328 1897 contumeliose
1389 1842 1724 1904 detrahunt,
1780 1841 2041 1906 Aeriani,
2076 1825 2116 1878 Β

471 1934 693 1990 Aetiani
725 1935 819 2004 qui
846 1943 900 1988 et
925 1933 1200 1997 Anomtei,
1237 1933 1338 1987 hoc
1372 1941 1457 1988 est
1497 1931 1816 1999 Dissimiles,
1861 1931 2045 2002 appel-

471 2028 675 2082 lantur.
715 2025 772 2081 ln
803 2026 1046 2082 secundo
1074 2040 1205 2080 vero
1247 2033 1396 2079 tomo
1433 2023 1678 2093 ejusdem
1727 2023 1873 2079 tertii
1917 2023 2042 2078 libri

471 2118 730 2185 (septimo
775 2123 956 2170 autem
1004 2131 1067 2170 ex
1121 2115 1391 2169 divisione
1444 2114 1555 2179 illa,
1588 2130 1751 2186 quam
1779 2113 2080 2182 diximus).

467 2205 704 2262 hereses
745 2215 981 2276 quatuor
1022 2215 1196 2262 sunt:
1230 2205 1562 2270 Dimmritze,
1619 2207 1712 2277 qui
1772 2221 1881 2261 non
1925 2221 2046 2276 per-

469 2297 668 2352 fectam
743 2296 950 2354 Christi
1013 2297 1447 2352 incarnationem
1525 2299 1890 2363 conﬁtentur,
1947 2298 2043 2367 qui

465 2389 633 2443 etiam
669 2389 1043 2459 Apollinarin
1073 2389 1431 2443 nominantur
1461 2406 1476 2442 :
1511 2397 1625 2442 tum
1657 2391 1749 2459 qui
1799 2400 2045 2444 sanctam

467 2475 694 2532 Mariam
742 2493 960 2548 semper
1007 2479 1294 2548 virginem,
1349 2487 1636 2550 postquam
1705 2479 2042 2536 Salvatorem

467 2571 678 2639 genuit,
741 2584 867 2623 cum
923 2568 1164 2640 Josepho
1218 2572 1573 2625 consucvisse
1627 2572 1850 2639 dicunt,
1909 2587 2047 2642 quos

473 2661 1058 2717 Antidicomarianitas
1090 2664 1440 2717 nominamus
1473 2684 1484 2716 :
1512 2670 1565 2716 et
1597 2663 1689 2732 qui
1747 2664 1802 2717 in
1850 2678 2046 2718 nomen

467 2752 714 2821 ejusdem
764 2752 947 2808 Mariae
987 2755 1280 2826 collyridas
1329 2754 1586 2816 olle-runt,
1637 2756 1729 2824 qui
1784 2763 2048 2808 vocantur

470 2839 888 2914 Collyridiani:
941 2845 1276 2902 Massaliani.
1351 2847 1564 2912 Quibus
1629 2847 1888 2914 adjuncta
1951 2863 2048 2916 po-

473 2941 681 2989 stremo
705 2946 790 2992 est
813 2936 1096 2991 catholica:
1121 2938 1243 2993 fidei
1281 2953 1345 2992 ac
1371 2939 1614 2992 veritatis
1643 2938 2047 3006 compendiaria

465 3024 734 3094 defensio,
792 3029 847 3083 in
899 3045 1007 3101 qua
1069 3040 1261 3087 sancta
1320 3031 1586 3086 catholica
1641 3037 1696 3086 et
1747 3031 2047 3100 apostolica

467 3117 714 3177 Ecclesia
762 3123 1034 3179 consistit.

2143 561 2404 616 ἅπτονται
2443 561 2812 632 Ἀρτοτυρῖται
2834 575 2846 589 ·
2878 555 3533 628 Τεσσαρεσκαιδεκατῖται
3565 555 3616 609 οι
3661 555 3722 611 τὺ

2151 653 2344 722 Πάσχα
2376 650 2503 721 μίαν
2528 651 2739 721 ἡμέραν
2767 649 2860 703 τοῦ
2892 649 3043 713 ἔτους
3068 647 3376 709 ποιοῦντες⁶
3414 644 3634 712 ’Δλογοι
3672 651 3721 702 oi

2141 742 2203 795 τὸ
2250 741 2580 810 Εύαγγέλιον
2627 741 2723 796 καὶ
2774 741 2872 811 τὴν
2931 737 3299 810 Ἀποκάλυψιν
3345 738 3593 795 Ἰωάννου
3647 740 3722 811 μὴ

2141 835 2460 904 δεχόμενον
2537 833 2883 903 Ἀδαμιανοὶ,
2939 831 3246 904 Σαμψαῖοι,
3323 834 3649 904 Κερκεσαίοι
3680 835 3720 894 ⁸,

2142 927 2501 988 Θεοδοτιανοὶ,
2542 925 3034 995 Μελχισεδεκιανώ,
3069 926 3543 997 Βαρδησιανισταὶ,
3579 925 3721 995 Non.

2141 1021 2341 1082 τιανοὶ,
2388 1018 2700 1090 Ούαλήσιοι.
2739 1019 3003 1089 Καθαροί,
3065 1017 3403 1086 Ἀγγελικοὶ,
3469 1017 3720 1069 Ἀποστο-

2143 1111 2285 1164 λικοὶ
2315 1113 2364 1164 οἱ
2405 1113 2500 1166 καὶ
2567 1113 2966 1176 ’Δποτακτίται,
3008 1111 3370 1176 Σαϐελλιανοὶ,
3409 1110 3720 1182 Ὦριγένειοι

2144 1205 2504 1275 αίσχροποιοὶ,
2547 1204 2862 1276 Ὦριγένειοι
2903 1207 2951 1256 cl.
2993 1204 3086 1257 τοῦ
3142 1205 3487 1274 Ἀδάμαντος.
3541 1201 3628 1254 Ἐν
3662 1200 3719 1251 δὲ

2144 1295 2223 1367 τῷ
2251 1296 2490 1368 δευτέρῳ
2528 1299 2680 1368 τόμῳ
2707 1297 2802 1351 τοῦ
2833 1298 2994 1351 αὑτοῦ
3024 1299 3270 1368 δευτέρου
3306 1296 3526 1366 βιϐλίου,
3580 1294 3722 1363 πέμ-

2147 1407 2266 1460 πτῳ
2303 1390 2359 1442 δὲ
2405 1390 2518 1444 ὖντι
2568 1392 2707 1444 κατὰ
2755 1393 2848 1443 τὸν
2894 1390 3123 1461 ἀριθμὸν
3167 1391 3257 1442 τὸν
3303 1387 3718 1460 προειρημένον,

2147 1482 2386 1553 αἱρέσεις
2419 1480 2459 1535 ε’
2491 1481 2696 1546 οὓτωςι
2743 1482 2952 1535 Παύλου
2990 1481 3079 1533 τοῦ
3123 1480 3502 1550 Σαμοσατέως,
3549 1480 3718 1532 Μανι-

2147 1576 2290 1643 χαῐοι
2318 1576 2367 1627 οἱ
2401 1574 2492 1627 καὶ
2535 1575 2894 1635 Ἀκουανῖται,
2949 1573 3260 1643 Ίερακϊται,
3307 1569 3626 1624 Μελετιανοὶ
3666 1568 3716 1620 oi

2148 1665 2206 1715 ὲν
2235 1665 2301 1732 τῇ
2346 1663 2605 1733 Αἰγύπτῳ
2645 1663 3005 1734 πεποιηκότες
3051 1661 3111 1714 τὸ
3159 1662 3385 1731 σχίσμα,
3429 1659 3714 1730 ’Δρειανοί.

2149 1754 2298 1822 Αὕτη
2334 1755 2366 1824 ὴ
2411 1753 2504 1806 τοῦ
2547 1754 2798 1825 δευτέρου
2840 1753 3044 1823 βιϐλίου
3072 1752 3180 1806 τῶν
3222 1753 3403 1822 τόμων
3442 1753 3719 1816 ἀνακεφα-

2144 1843 2388 1908 λαίωσις.
2433 1845 2663 1914 Ὁμοίως
2695 1847 2786 1898 καὶ
2814 1845 2870 1898 έν
2897 1845 2973 1915 τῷ
2999 1844 3166 1915 τρίτῳ
3209 1842 3397 1913 βιϐλίῳ
3430 1842 3534 1894 εἰσὶ
3561 1842 3716 1910 τόμοι

2147 1937 2271 1989 δύοο
2325 1936 2382 1988 ἐν
2415 1953 2492 2006 τῳ
2541 1936 2640 2006 μὲν
2689 1933 2890 2005 πρώτῳ
2925 1933 3076 2003 τόμῳ
3108 1931 3202 1984 τοῦ
3254 1931 3436 2002 τρίτου
3490 1929 3715 1999 βιϐλίου,

2147 2025 2290 2095 ἕκτῳ
2321 2025 2377 2077 δὲ
2410 2025 2524 2078 δντι
2569 2022 2709 2077 κατὰ
2741 2024 2830 2076 τὸν
2858 2022 3107 2093 ἀριθμὸν,
3151 2022 3210 2074 ὃν
3255 2022 3605 2093 προείπομεν,
3636 2020 3719 2072 αἱ-

2149 2113 2328 2186 ρέσεις
2378 2113 2443 2177 ζ’,
2493 2113 2698 2177 οὕτως·
2750 2113 3023 2175 Αύδιανοὶ,
3067 2113 3327 2165 Φωτιανοὶ
3377 2113 3418 2174 ⁸,
3465 2110 3715 2181 Μαρκελ-

2146 2206 2340 2270 λιανοὶ,
2387 2205 2714 2278 Ἦμιάρειοι,
2743 2205 3192 2276 Πνευματομάχοι
3215 2205 3264 2256 οἱ
3288 2204 3348 2258 τὸ
3373 2203 3594 2274 Πνεῦμα
3621 2202 3715 2255 τοῦ

2145 2297 2280 2350 Θεοῦ
2321 2299 2382 2350 τὸ
2419 2298 2574 2366 ἅγιον
2605 2297 3067 2369 βλασφημοῦντες,
3115 2298 3396 2368 ’Aeptavol,
3444 2297 3638 2348 Ἀέτιοι
3667 2297 3714 2347 οξ

2146 2394 2242 2445 καὶ
2290 2391 2578 2462 Ἀνόμοιοι.
2626 2393 2714 2444 Ἐν
2760 2391 2816 2444 δὲ
2847 2391 2923 2461 τῷ
2958 2391 3195 2461 δευτέρῳ
3227 2391 3375 2460 τόμῳ
3415 2389 3506 2442 τοῦ
3551 2388 3716 2442 αὑτοῦ

2145 2487 2332 2557 τρίτου
2363 2483 2589 2554 βιϐλίου,
2624 2482 2834 2552 ἑϐδόμῳ
2865 2482 2923 2534 δὲ
2949 2483 3063 2534 δντι
3087 2481 3207 2535 καθ’
3233 2482 3298 2552 ἢν
3324 2481 3548 2551 εἴπομεν
3579 2480 3718 2534 διαί-

2150 2595 2320 2649 ρεσιν,
2351 2577 2588 2647 αἱρέσεις
2635 2575 2896 2644 τέσσαρες
2941 2574 3146 2636 οὕτως·
3197 2575 3493 2643 Διμοιραῖοι
3539 2574 3585 2624 οἱ
3639 2572 3715 2642 μὴ

2145 2670 2356 2722 τελείαν
2386 2667 2483 2738 τὴν
2524 2667 2615 2720 τοῦ
2662 2666 2899 2738 Χριστοῦ
2945 2666 3354 2738 ὲνανθρώπησιν
3397 2663 3712 2734 ὁμολογοῦν-

2146 2780 2259 2826 τες,
2291 2763 2340 2815 οἱ
2371 2761 2464 2814 καὶ
2514 2758 2914 2830 Ἀπολιναρίται
2934 2777 2948 2792 ο
2977 2761 3027 2812 οἱ
3065 2759 3156 2812 καὶ
3184 2757 3342 2826 ἁγίαν
3372 2755 3588 2827 Μαρίαν
3616 2754 3716 2823 τὴν

2146 2850 2506 2922 ἀειπάρθενον
2533 2848 2781 2915 λέγοντες
2813 2848 2948 2918 μετὰ
2986 2848 3048 2900 τὸ
3079 2847 3170 2900 τὸν
3205 2847 3429 2916 Σωτῆρα
3459 2861 3715 2913 γεγεννη-

2148 2944 2322 3007 κέναι,
2364 2943 2442 3012 τῷ
2481 2939 2676 3012 Ἰωσὴφ
2727 2939 3013 3009 συνῆφθαι,
3047 2937 3141 3001 οὓς
3169 2936 3503 3006 ἐκαλέσαμεν
3540 2936 3715 2986 Ἀντι-

2147 3031 2594 3102 δικομσριανίτας
2617 3047 2630 3061 ο
2664 3030 2756 3082 καὶ
2783 3029 2831 3081 ot
2862 3031 2939 3091 εἰς
2965 3027 3136 3097 ὄνομα
3161 3025 3262 3096 τῆς
3297 3025 3467 3094 αὐτῆς
3499 3023 3714 3094 Μαρίας

2149 3123 2465 3194 κολλυρίδας
2500 3122 2917 3194 προσφέροντες,
2947 3118 3139 3180 οἵτινες
3183 3116 3470 3170 καλοῦνται
3515 3115 3713 3169 Κολλυ-

469 3209 693 3281 ριδιανοί
713 3229 726 3244 ·
757 3213 1152 3269 Μασσαλιανοί·
1181 3215 1276 3267 καὶ
1304 3216 1336 3286 ὴ
1367 3214 1616 3286 περὶτῆς
1642 3212 1807 3285 ὀρθῆς
1849 3215 2083 3276 πίστεως
2127 3213 2221 3267 καὶ⁵
2269 3213 2525 3284 ἀληθείας
2571 3211 2832 3278 ἀπολογία
2880 3209 2994 3280 μετ’
3015 3208 3297 3278 ἐπιτομῆς,
3324 3209 3445 3278 ἥτις
3489 3205 3635 3259 ἐστὶν
3678 3206 3713 3266 ή

469 3305 600 3374 ἁγία
630 3304 890 3376 καθολικὴ
935 3306 1029 3360 καὶ
1061 3306 1392 3378 ἀποστολικὴ
1432 3306 1745 3377 Ἐκκλησία.

543 3397 825 3468 Ejusmodi
865 3407 953 3454 est
993 3413 1208 3453 summa
1267 3399 1687 3468 comprehensio
1749 3413 1814 3452 ac
1874 3399 2043 3452 totius

468 3489 650 3558 operis
683 3487 946 3544 adversus
975 3489 1254 3560 octoginta
1298 3489 1536 3543 haereses
1571 3488 1880 3558 inscriptio.
1917 3503 2041 3541 cum

476 3580 636 3633 unica
677 3593 742 3632 ac
793 3579 1054 3648 singulari
1102 3577 1421 3632 defen‘sione
1471 3579 1750 3643 veritatis,
1803 3577 1905 3630 hoc
1958 3585 2044 3631 est

471 3671 638 3726 unius
661 3669 915 3725 Ecclesiae
931 3679 1095 3739 atque
1113 3669 1412 3724 catholicae.
1432 3668 1584 3734 Quod
1605 3685 1743 3738 opus
1768 3669 2002 3722 distribu
2017 3697 2045 3708 ο

471 3771 586 3814 tum
613 3759 666 3813 in
690 3769 871 3829 partes
892 3767 1025 3822 tres,
1049 3767 1226 3814 tomos
1246 3767 1448 3829 septem
1469 3759 1866 3828 complectitur.
1890 3757 2044 3812 Nunc

472 3851 634 3906 aliam
667 3851 926 3920 deinceps
947 3851 1107 3920 primi
1140 3851 1270 3905 ιοιηὶ
1298 3852 1499 3922 prioris
1530 3852 1651 3906 libri
1675 3867 1944 3906 summam
1981 3866 2044 3906 ac

470 3940 850 4010 compendium
897 3941 1266 4006 instituemus,
1313 3957 1422 4010 quo
1451 3941 1671 4010 quidem
1703 3941 1756 3994 in
1797 3941 1936 3996 libro
1973 3941 2046 3994 vi-

473 4030 606 4100 ginti
633 4029 867 4083 haereses
889 4029 1260 4084 continentur.
1287 4027 1346 4084 ln
1378 4031 1568 4100 primis
1596 4030 1741 4084 enim
1765 4029 2043 4085 haereseon

471 4119 715 4176 omnium
754 4130 958 4178 matres
1008 4137 1073 4178 ac
1106 4122 1381 4193 primariae
1419 4123 1812 4192 appellationes
1850 4137 1881 4176 a
1919 4121 2044 4192 qui-

471 4211 575 4265 bus
602 4218 810 4264 caetera:
847 4210 1222 4276 dimanarunt,
1253 4220 1382 4267 sunt
1407 4212 1679 4280 ejusmodi
1713 4229 1726 4264 :

543 4297 946 4364 Barbarismus,
976 4299 1069 4369 qui
1102 4315 1200 4370 per
1236 4301 1478 4371 seipsum
1512 4303 1582 4356 ab
1613 4302 1823 4357 Adamo
1853 4303 1920 4358 ad
1951 4305 2043 4357 de-

473 4402 592 4442 cem
630 4389 1009 4458 generationes
1035 4397 1091 4444 et
1141 4389 1329 4444 Νοοιηὶ
1363 4399 1608 4461 tempora
1652 4395 2038 4462 perseveravit.

473 4477 576 4545 Qui
601 4477 982 4534 Barbarismus
1016 4488 1305 4550 propterea
1333 4482 1560 4551 dicitur,
1595 4486 1743 4555 quod
1775 4487 2040 4541 vetustis-

473 4569 598 4624 simi
627 4569 702 4622 illi
730 4569 1042 4624 mortalium
1070 4586 1248 4641 neque
1261 4581 1472 4628 certum
1489 4575 1728 4644 aliquem
1755 4585 2038 4633 auctorem

473 4658 769 4724 habebant,
819 4674 918 4714 nec
965 4660 1105 4715 inter
1157 4677 1216 4716 se
1254 4665 1705 4732 consentiebant;
1735 4669 1827 4721 scd
1867 4683 2038 4722 unus-

2213 3393 2363 3463 Αὕτη
2393 3394 2425 3463 ἡ
2465 3390 2938 3460 ἀνακεφαλαίωσις
2978 3389 3073 3442 καὶ
3100 3385 3378 3457 ἐπιγραφὴ
3407 3385 3506 3454 τῆς
3535 3384 3712 3453 πάσης

2145 3488 2288 3542 κατὰ
2329 3488 2437 3538 τῶν
2479 3483 2806 3552 ὀγδοήκοντα
2858 3481 3122 3552 αἱρέσεων
3171 3478 3569 3550 πραγματείας,
3620 3476 3709 3528 καὶ

2147 3581 2278 3649 μιᾶς
2322 3577 2422 3646 τῆς
2469 3576 2610 3646 ὑπὲρ
2660 3572 2916 3644 ἀληθείας
2960 3570 3272 3638 ἀπολογίας,
3317 3569 3558 3622 τουτέστι
3612 3565 3711 3634 τῆς

2147 3670 2314 3740 μόνης
2360 3667 2651 3736 καθολικῆς
2693 3665 3037 3735 Ἐκκλησίας,
3070 3665 3128 3715 ὲν
3161 3663 3306 3733 τρισὶ
3347 3661 3443 3731 μὲν
3489 3658 3711 3729 βιϐλίοις

2145 3757 2480 3826 ὑποκειμένη
2522 3755 2989 3824 συντεταγμένως,
3017 3753 3156 3805 ἑπτὰ
3198 3751 3254 3804 δὲ
3295 3751 3480 3820 τόμοις
3508 3749 3704 3818 διαιρε-

2144 3851 2320 3905 θεῖσα.
2369 3849 2714 3920 Ποιησόμεθα
2739 3847 2795 3899 δὲ
2828 3846 2988 3898 πάλιν
3015 3841 3485 3912 ἀνακεφαλαίωσιν
3519 3840 3711 3910 ἑτέραν

2141 3943 2236 3997 τοῦ
2269 3942 2484 4012 πρώτου
2508 3941 2672 4011 τόμου
2706 3939 2800 3992 τοῦ
2835 3938 3049 4009 πρώτου
3087 3936 3290 4008 βιϐλίου
3318 3932 3410 3987 τοῦ
3435 3933 3576 3986 κατὰ
3603 3932 3712 3983 τῶν

2142 4036 2347 4090 εἴκοσιν
2392 4034 2653 4106 αἱρέσεων
2680 4031 3154 4102 διαλαμϐάνοντες.
3192 4026 3414 4098 Πρῶτον
3463 4025 3562 4096 μὲν
3600 4025 3711 4095 γὰρ

2142 4129 2198 4182 αἱ
2243 4126 2349 4179 τῶν
2381 4124 2644 4196 αἱρέσεων
2697 4122 2885 4175 πασῶν
2937 4121 3171 4192 μητέρες
3221 4120 3313 4172 καὶ
3360 4115 3710 4188 πρωτότυποι

2142 4215 2423 4286 ὀνομασίαι
2448 4213 2508 4278 ἐξ
2535 4207 2608 4268 ὦν
2639 4212 2794 4266 ἄλλαι
2821 4212 3048 4280 ἔφυσαν,
3079 4202 3240 4263 αὗταί
3279 4209 3385 4260 είσι
3407 4221 3422 4235 °

2211 4305 2613 4379 Βαρϐαρισμὸς,
2647 4306 2768 4375 ῆτις
2821 4303 2940 4356 καθ’
2975 4304 3174 4370 ἑαυτήν
3221 4302 3338 4352 ἐστι
3369 4297 3710 4368 διαρκέσασα

2142 4399 2235 4467 ἀφ’
2285 4396 2506 4467 ἡμερῶν
2549 4395 2644 4448 τοῦ
2714 4395 2905 4463 Ἀδὰμ,
2955 4393 3046 4445 ἐπὶ
3089 4391 3219 4444 δέκα
3263 4393 3476 4459 γενεαῖς
3527 4389 3560 4458 ἢ
3612 4390 3709 4442 τοῦ

2141 4490 2264 4542 Νῶε
2287 4489 2326 4542 ³.
2357 4488 2737 4559 Βαρϐαρισμὸς
2789 4487 2847 4539 δὲ
2894 4485 3152 4555 κέκληται
3195 4483 3303 4536 ἀπὸ
3347 4481 3442 4535 τοῦ
3481 4481 3555 4553 μὴ
3579 4482 3708 4543 τοὺς

2139 4581 2258 4634 τότε
2290 4577 2606 4648 ἀνθρώπους
2633 4576 2873 4647 ἀρχηγόν
2922 4593 3046 4628 τινα
3080 4575 3223 4644 ἔχειν
3253 4573 3286 4642 ἢ
3328 4573 3458 4644 μίαν
3484 4588 3712 4641 συμφω-

2140 4672 2291 4724 νίαν·
2329 4670 2443 4723 ἀλλ’
2483 4670 2565 4722 ὃτι
2613 4671 2719 4731 πᾶς
2763 4685 2847 4731 τις
2879 4666 3055 4736 ἐαυτῷ
3093 4666 3344 4734 ὲστοίχει,
3398 4664 3492 4716 καὶ
3543 4663 3711 4733 νόμος

471 4751 705 4820 quisque
735 4764 832 4819 pro
864 4765 964 4804 sua
996 4751 1273 4806 voluntate
1303 4754 1466 4808 vitam
1491 4756 1829 4820 instituebat,
1854 4772 1916 4810 ac
1942 4773 2038 4826 pro

2144 4760 2315 4829 ἑαυτῷ
2359 4759 2500 4814 κατὰ
2530 4760 2630 4829 τὴν
2675 4758 3000 4828 προτίμησιν
3050 4755 3144 4808 τοῦ
3196 4755 3324 4808 ίδίου
3370 4753 3713 4825 βουλήματος

473 4841 590 4911 lege
635 4856 795 4896 suum
863 4840 1097 4911 quisque
1141 4850 1335 4896 nutum
1395 4853 1558 4916 atque
1603 4847 1887 4900 arbitrium
1939 4847 2042 4902 sibi

472 4929 830 5001 proponebat.

545 5021 889 5091 Scythismus
923 5036 952 5074 a
980 5019 1173 5076 Noemi
1209 5025 1550 5094 temporibus
1579 5024 1645 5079 ad
1674 5042 1846 5096 usque
1872 5028 2040 5082 turris

472 5119 526 5166 et
550 5109 842 5181 Babylonis
875 5111 1384 5177 exaediﬁcationem,
1417 5130 1480 5168 ac
1511 5124 1632 5185 post
1667 5118 1861 5170 turrim
1902 5132 2039 5186 pau-

472 5201 552 5253 cis
584 5199 762 5253 adhuc
801 5200 960 5254 annis
993 5201 1252 5279 obtinuit,
1285 5203 1388 5257 hoc
1418 5213 1501 5258 est
1531 5221 1705 5274 usque
1731 5204 1797 5258 ad
1836 5204 2033 5260 Phalec

475 5287 690 5360 1114
723 5297 778 5342 et
807 5289 1031 5360 Rhagau
1058 5329 1073 5354 ,
1107 5292 1199 5361 qui
1246 5291 1314 5346 ad
1349 5291 1619 5362 Europam
1667 5303 2032 5352 transeuntes.

2139 4849 2367 4916 ἐγίνετο.

2207 5021 2508 5092 Σκυθισμὸς
2553 5021 2660 5073 ἀπὺ
2688 5019 2796 5072 τῶν
2828 5019 3050 5090 ἡμερῶν
3099 5019 3220 5072 Νῶε
3271 5019 3372 5091 (6),
3433 5022 3530 5074 καὶ
3575 5037 3703 5090 μετ.

2137 5114 2326 5168 έπειτα
2365 5113 2490 5183 ἄχρι
2519 5113 2616 5182 τῆς
2650 5109 2744 5164 τοῦ
2767 5110 2978 5181 πύργου
3013 5111 3299 5180 οἰκοδομῆς
3329 5110 3426 5164 καὶ
3457 5110 3715 5164 Βαϐυλῶ-

2139 5224 2248 5272 νος,
2302 5207 2396 5259 καὶ
2439 5204 2576 5274 μετὰ
2606 5204 2697 5256 τὸν
2731 5202 2826 5255 τοῦ
2877 5202 3085 5273 πύργου
3130 5203 3320 5274 χρόνον
3369 5203 3462 5255 ἐπὶ
3504 5203 3712 5271 ὀλίγοις

2141 5294 2306 5356 ἐτεσι,
2335 5292 2612 5345 τουτέστιν
2654 5292 2757 5355 ἓως
2785 5290 2959 5344 Φαλὲκ
2996 5293 3091 5345 καὶ
3133 5291 3362 5360 Ῥαγὰϐ,
3392 5293 3589 5358 οἵτινες
3616 5294 3718 5349 ἐπὶ

568 5444 584 5474 ⁸
613 5444 740 5498 Cor.
779 5445 1078 5504 Ἐλκεσαῖοι
1148 5447 1170 5477 ¹
1198 5447 1320 5502 Cor.
1353 5447 1715 5504 Φωτεινιανοί.
1791 5447 1812 5478 ³
1847 5446 1906 5503 F.
1947 5447 2108 5519 μέχρι
2136 5447 2229 5500 τοῦ
2263 5447 2406 5500 Νῶε.

539 5597 616 5668 (ϐ)
651 5598 986 5682 Σκυθισμὸς
1022 5599 1141 5679 dm?
1169 5597 1289 5654 τῶν
1315 5599 1552 5682 ἡμερῶν
1767 5601 1914 5682 Qrdo
1944 5602 2033 5656 hic

2144 5603 2270 5682 _tav_ii
2298 5602 2365 5656 de
2396 5600 2717 5682 ordine__illo
2745 5602 3220 5682 ac_progressione
3239 5603 3527 5682 judicium,
3553 5605 3714 5682 quod

478 5675 525 5720 et
550 5676 826 5738 sectarum
861 5670 1174 5738 progressio
1198 5711 1212 5733 ,
1253 5685 1362 5738 non
1413 5672 1516 5722 hoc
1553 5673 1727 5725 solum
1778 5675 1830 5726 in
1891 5681 2028 5736 ιρι-ο,

480 5735 565 5790 ted
585 5744 637 5790 et
656 5737 804 5802 alibi,
825 5735 878 5792 in
897 5735 1034 5794 libro
1058 5741 1233 5807 primo
1250 5735 1473 5794 Panarii
1486 5743 1806 5808 praesertim.
1827 5741 1912 5796 (ΣΤ.
1933 5735 2030 5796 Pe?-

2138 5673 2369 5742 legimus
2405 5673 2546 5726 inter
2575 5672 2723 5742 illitis
2749 5672 3248 5730 animadversiones
3276 5675 3330 5728 in
3361 5692 3516 5730 num.
3548 5672 3605 5730 8⁷.
3638 5677 3714 5731 ad

2137 5740 2462 5797 Prmludiutn
2497 5743 2663 5796 totius
2690 5740 2893 5808 Operis.
