4118 6402
378 420 472 474 8H

1673 409 2267 468 ANACEPHALASOSI
2278 407 2333 461 S.

3523 403 3631 465 812

375 535 438 590 τὸ
465 534 562 605 τῆς
591 533 859 604 Εὐρώπης
905 533 1072 604 κλίμα
1119 533 1474 596 ἀνανευκότες
1503 533 1546 600 ⁸,
1575 531 1654 602 τῷ
1683 533 1781 602 τῆς
1822 532 1960 584 Σκυυ

2067 528 2115 582 in
2152 525 2428 598 Scythiam
2461 539 2524 579 ac
2568 525 2822 579 nationes
2863 523 3133 594 ejusmodi
3177 530 3533 594 penetrarunt
3561 527 3632 583 ab

378 627 499 690 θίας
541 626 694 698 μέρει
731 626 828 680 καὶ
873 627 988 687 τοῖς
1037 625 1216 678 αὐτῶν
1271 624 1448 679 ἔθνεσι
1495 623 1949 696 προσεκλίθησαν,

375 716 485 770 άπὸ
519 719 618 787 τῆς
659 715 754 769 τοῦ
787 715 980 787 Θάρρα
1005 715 1221 787 ἡλικίας
1251 715 1346 768 καὶ
1381 713 1660 775 ἐπέκεινα,
1690 713 1750 777 ἐξ
1783 707 1954 784 οὗπερ

374 812 424 863 οξ
451 809 663 882 Θρᾷκες
688 808 995 878 γεγόνασιν.

459 919 809 992 Ἑλληνισμὸς
841 920 948 992 πρὸ
990 919 1049 986 ἐξ
1092 919 1298 992 χρόνων
1336 920 1358 951 ¹
1391 918 1486 973 τοῦ
1534 919 1739 991 Σεροὺχ
1783 915 1953 988 ἀρξά-

380 1029 559 1080 μενος,
590 1012 678 1064 διὰ
710 1011 770 1064 τὸ
802 1011 900 1081 τῆς
928 1010 1392 1083 είδωλολατρείας,
1424 1011 1518 1064 καὶ
1562 1009 1639 1074 ώς
1682 1011 1957 1080 ὲστοίχουν

377 1104 438 1157 τὸ
469 1102 765 1175 τηνικαῦτα
812 1102 1042 1166 ἕκαστος
1082 1102 1227 1156 κατά
1257 1119 1381 1156 τινα
1417 1101 1832 1172 δεισιδαιμονίαν
1863 1100 1958 1153 ἐπὶ

377 1195 436 1250 τὸ
472 1194 672 1266 μᾶλλον
705 1193 1144 1267 πολιτικώτερον,
1182 1196 1277 1249 καὶ
1321 1195 1416 1248 ἐπὶ
1451 1193 1546 1264 ἔθη
1585 1193 1680 1246 καὶ
1724 1194 1958 1264 θεσμοὺς

377 1283 630 1350 εἰδώλων,
681 1284 864 1355 μέντοι
903 1301 966 1352 γε
1017 1284 1358 1356 ἐναρξάμενοι
1409 1283 1696 1338 τάττεσθαι
1740 1285 1808 1338 τὰ
1850 1283 1958 1338 τῶν

377 1371 678 1445 ἀνθρώπων
707 1373 860 1442 γένη,
888 1369 970 1437 οἷς
997 1375 1117 1426 τότε
1151 1374 1534 1445 στοιχήσαντες
1562 1375 1957 1442 ὲθεοποιοῦντο,

375 1465 466 1519 διὰ
518 1465 616 1537 μὲν
669 1466 976 1537 χρωμάτων
1026 1466 1418 1538 διαγράφοντες
1461 1471 1562 1541 τὴν
1619 1468 1815 1540 ἀρχὴν,
1864 1467 1960 1521 καὶ

377 1557 812 1621 ἀπεικονίζοντες
833 1557 959 1619 τοὺς
986 1556 1152 1610 πάλαι
1179 1560 1307 1630 παρ’
1338 1559 1520 1622 αὐτοῖς
1541 1557 1956 1629 τετιμημένους,

377 1647 412 1719 ἦ
469 1647 764 1721 τυράννους
814 1648 846 1719 ἢ
895 1648 1116 1716 γόητας,
1171 1649 1226 1702 τὶ
1275 1650 1581 1721 δράσαντας
1624 1653 1682 1704 ἐν
1733 1649 1810 1720 τῷ
1860 1649 1960 1722 βίῳ

382 1740 603 1809 μνήμης
644 1738 816 1805 ἄξιον,
875 1739 942 1793 δι’
979 1739 1152 1810 ἀλκῆς
1172 1757 1230 1794 τε
1261 1741 1293 1811 ἢ
1325 1743 1592 1813 σωμάτων
1639 1740 1956 1813 εὐρωστίας.

382 1831 614 1934 ἶΕἷτειτια
665 1829 885 1934 δὲὶδιπὺ
937 1829 1046 1934 τῶν
1090 1831 1308 1934 ’χρόνων
1360 1833 1453 1931 τοῦ
1509 1832 1959 1934 Θάρρα’πατρὸς
1986 1874 2032 1934 Β

391 1917 643 1989 Ἀϐραὰμ
670 1916 765 1970 καὶ
787 1917 854 1970 δι’
887 1917 1220 1988 ἀγαλμάτων
1259 1917 1438 1974 αὐτῶν
1483 1919 1584 1991 τὴν
1631 1917 1838 1989 πλάνην
1882 1918 1960 1970 εί-

376 2005 768 2078 δωλολατρείας
818 2009 1263 2080 εἰσηγησάμενοι,
1323 2011 1450 2076 τοὺς
1493 2009 1703 2064 ἑαυτῶν
1750 2009 1963 2082 προπά-

378 2116 544 2170 τορας
582 2099 649 2154 δι’
687 2100 1093 2171 άπεικονισμῶν
1119 2103 1496 2172 τετιμηκότες,
1529 2102 1622 2156 καὶ
1649 2102 1755 2174 πρὸ
1782 2103 1962 2157 αὐτῶν

380 2191 835 2264 τετελευτηκότας
879 2193 1277 2264 τεχνησάμενοι
1330 2196 1395 2247 ὲκ
1451 2195 1791 2266 κεραμεικῆς
1843 2195 1960 2246 ὲπιο

382 2283 594 2354 στήμης
637 2282 696 2335 τὸ
750 2283 988 2354 πρῶτον,
1037 2282 1228 2336 ἔπειτα
1259 2282 1325 2336 δι’
1377 2283 1614 2354 ἑκάστης
1642 2281 1834 2353 τέχνης
1875 2299 1964 2353 μι-

384 2373 708 2444 μησάμενοι,
743 2373 1015 2444 οἰκοδόμοι
1067 2373 1168 2445 μὲν
1213 2373 1360 2427 λίθον
1397 2372 1674 2439 ξύσαντες,
1722 2367 1960 2444 ἀργυρο-

380 2465 540 2518 κόποι
584 2465 640 2519 δὲ
679 2466 772 2518 καὶ
817 2465 1102 2536 χρυσοχόοι
1135 2464 1223 2518 διὰ
1274 2467 1374 2538 τῆς
1426 2465 1560 2529 ἰδίας
1599 2465 1731 2538 ὕλης
1765 2482 1961 2536 τεκτη-

380 2555 621 2627 νάμενοι,
641 2555 782 2609 οὕτω
807 2557 899 2609 καὶ
928 2556 1174 2619 τέκτονες
1204 2569 1297 2610 καξ
1325 2558 1374 2610 οἱ
1405 2556 1654 2628 καθεξῆς.
1675 2556 1962 2625 Αἰγύπτιοι

380 2647 438 2701 δὲ
479 2647 574 2702 καὶ
611 2647 964 2711 Βαϐυλώνιοι,
1023 2647 1178 2718 ὁμοῦ·
1207 2649 1301 2701 καὶ
1351 2648 1560 2721 Φρύγες
1593 2649 1686 2702 καὶ
1716 2649 1961 2714 Φοίνικες

382 2738 586 2808 ταύτης
614 2738 712 2808 τῆς
735 2737 1030 2809 θρησκείας
1067 2738 1272 2810 πρῶτοι
1317 2741 1606 2812 είσηγηται
1649 2740 1960 2808 γεγόνασιν,

385 2830 850 2900 ἀγαλματοποιῖας
922 2847 980 2883 τε
1033 2831 1125 2883 καὶ
1187 2831 1496 2902 μυντηρίων
1531 2832 1572 2898 ³,
1631 2832 1722 2900 ἀφ’
1770 2823 1844 2885 ὧν
1894 2829 1963 2885 τά

386 2921 608 2974 πλεῖστα
634 2923 712 2984 είς
739 2920 1006 2991 ’Έλληνας
1049 2921 1375 2992 μετηνέχθη,
1408 2921 1514 2975 ἀπὸ
1547 2923 1643 2993 τῆς
1677 2922 1961 2995 Κέκροπος

386 3011 602 3082 ἡλικίας
626 3028 686 3064 τε
717 3013 813 3065 καὶ
844 3012 1051 3083 χρόνων
1100 3013 1194 3065 καὶ
1245 3012 1496 3084 καθεξῆς.
1545 3010 1856 3068 Μετέπειτα
1905 3014 1963 3067 δὲ

386 3101 480 3156 καὶ
508 3101 718 3172 ὑστέρῳ
749 3101 881 3155 πολὺ
915 3103 1040 3165 τοὺς
1082 3102 1211 3174 περὶ
1246 3103 1450 3173 Κρόνον
1489 3105 1583 3158 καὶ
1642 3104 1816 3168 Ῥέαν,
1863 3104 1964 3158 Δία

2061 617 2242 673 Thare
2270 618 2612 687 temporibus
2642 627 2694 670 et
2720 618 2864 671 ultra
2894 637 2905 670 :
2937 633 2970 670 a
3003 633 3112 687 quo
3136 607 3380 674 Thraces
3410 619 3632 690 oriundi

2056 722 2203 766 sunt.

2129 905 2502 966 Hellenismus
2546 915 2712 982 cmpit
2749 928 2778 966 a
2815 912 3048 970 Seruebi
3085 914 3443 987 temporibus.
3474 915 3628 976 Unde.

2061 999 2334 1056 idolorum
2399 1003 2582 1059 cultus
2644 1003 2862 1059 initium
2912 1005 3124 1061 habuit.
3179 1005 3429 1078 Cumque
3498 1015 3634 1064 tunc

2059 1093 2323 1162 temporis
2381 1092 2519 1148 falsa
2588 1096 2818 1165 quisque
2875 1097 3267 1167 superstitione
3317 1100 3632 1167 duceretur,

2058 1183 2319 1257 deinceps
2364 1187 2669 1242 civiliorem
2725 1190 2789 1244 ad
2827 1205 2986 1244 usum
3027 1198 3081 1246 et
3130 1190 3198 1246 ad
3245 1199 3428 1249 certas
3484 1191 3634 1263 leges

2060 1274 2596 1347 simulacrorumque
2641 1278 2782 1333 ritus
2829 1278 3082 1336 homines
3145 1295 3269 1336 sese
3327 1281 3634 1338 transtule-

2059 1372 2210 1418 runt.
2246 1364 2490 1431 Quorum
2536 1383 2603 1421 ex
2656 1368 2977 1438 praescripto
3007 1369 3113 1424 sibi
3166 1370 3300 1426 deos
3339 1371 3633 1428 ﬁnxerunt.

2059 1451 2138 1507 Ac
2165 1454 2400 1522 primum
2450 1470 2546 1510 eos
2575 1471 2714 1525 quos
2764 1456 2820 1512 in
2863 1458 3071 1514 honore
3098 1459 3374 1528 quondam
3408 1460 3634 1517 habuis-

2062 1552 2203 1608 sent,
2237 1546 2354 1602 sive
2394 1554 2656 1618 tyrannos
2687 1555 2780 1602 aut
2813 1549 3265 1619 prmstigiatores.
3294 1550 3388 1621 qui
3424 1566 3636 1607 memo-

2061 1635 2230 1690 rabile
2261 1635 2520 1706 quiddam
2567 1637 2622 1691 in
2663 1638 2774 1692 vita
2806 1637 3070 1708 fecerant,
3116 1656 3182 1696 ac
3211 1639 3550 1698 fortitudinis
3581 1647 3638 1698 et

2062 1729 2282 1784 roboris
2331 1730 2544 1785 illuStre
2571 1731 2846 1800 specimen
2877 1733 3183 1800 ediderant,
3215 1734 3507 1807 depingere
3535 1751 3636 1791 co-

2063 1821 2275 1876 loribus
2327 1830 2382 1876 et
2432 1823 2743 1879 assimilare
2797 1827 3066 1884 solebant.
3125 1826 3321 1883 Postea
3368 1846 3498 1885 vero
3565 1829 3640 1884 ab

2061 1911 2242 1970 Thare
2304 1915 2480 1985 patris
2540 1916 2838 1972 Abrahami
2898 1925 3146 1990 tempore
3199 1921 3511 1978 simulacris
3572 1937 3637 1978 ac

2063 2007 2270 2062 statuis
2304 2007 2556 2064 eumdem
2588 2023 2831 2065 errorem
2881 2009 3202 2067 idololatriae
3241 2022 3635 2084 propagarunt.

2060 2095 2276 2167 Quippe
2320 2097 2558 2167 majores
2607 2115 2738 2155 suos
2794 2099 3108 2157 simulacris
3153 2102 3532 2170 honestantes,
3570 2121 3636 2162 ac

2064 2199 2314 2244 mortuos
2365 2189 2604 2260 primum
2657 2206 2722 2245 ex
2773 2199 2891 2246 arte
2941 2182 3126 2258 ﬁglina
3173 2195 3370 2250 statuis
3421 2195 3640 2253 effinxe-

2061 2287 2220 2347 runt;
2256 2288 2372 2336 tum
2407 2281 2474 2337 ad
2501 2296 2693 2337 omnes
2727 2290 2873 2339 artes
2901 2284 3148 2339 imitandi
3179 2288 3424 2356 pervenit
3462 2291 3639 2352 jindu-

2063 2374 2201 2430 stria
2228 2391 2242 2428 :
2273 2390 2401 2429 nam
2427 2380 2483 2429 et
2508 2375 2794 2430 architecti
2825 2376 2993 2431 sectis
3017 2378 3310 2448 lapidibus,
3339 2381 3636 2450 argentarii

2065 2473 2118 2520 et
2147 2464 2402 2520 auriﬁces
2431 2479 2649 2520 necnon
2672 2471 2726 2519 et
2757 2464 2899 2520 fabri
2927 2479 3026 2520 sua
3060 2461 3294 2533 quisque
3308 2460 3554 2529 materia,
3572 2477 3637 2519 ac

2061 2556 2260 2626 reliqui
2287 2555 2546 2627 deinceps
2573 2556 2777 2628 eiligies
2803 2557 2974 2612 moliti
3012 2565 3161 2612 sunt.
3184 2555 3355 2610 Primi
3382 2553 3629 2609 omnium

2061 2649 2307 2721 Aegyptii
2355 2665 2420 2706 ac
2465 2649 2772 2722 Babylonii,
2800 2665 3014 2706 necnon
3046 2656 3100 2704 et
3124 2652 3368 2722 Phryges
3388 2664 3452 2707 ac
3473 2650 3637 2705 tho

2062 2741 2214 2798 nices
2264 2744 2633 2814 superstitiosi
2663 2746 2844 2800 cultus
2875 2751 2930 2800 et
2958 2744 3379 2800 simulacrorum
3411 2759 3477 2801 ac
3520 2760 3640 2816 my-

2063 2835 2356 2889 steriorum
2389 2843 2650 2892 auctores
2682 2836 3034 2892 exstiterunt.
3063 2835 3109 2889 A
3138 2835 3342 2906 quibus
3371 2836 3635 2908 pleraque

2065 2938 2196 2984 sunt
2219 2930 2286 2984 ad
2321 2929 2544 2986 Graecos
2586 2931 2891 2985 translata:
2916 2930 3030 2998 jam
3079 2936 3196 2984 tum
3244 2929 3314 2984 ab
3344 2935 3506 2983 aetate
3541 2926 3644 2982 Ce-

2071 3020 2257 3090 cropis
2286 3028 2340 3076 et
2369 3021 2648 3092 deinceps.
2689 3020 2886 3076 Postea
2920 3035 3050 3075 vero
3085 3021 3248 3092 longo
3297 3020 3517 3075 demum
3558 3019 3645 3074 in-

2067 3112 2297 3167 tervallo
2341 3112 2662 3177 Saturnum,
2695 3111 2924 3178 Rheam,
2983 3112 3197 3179 Jovem,
3231 3110 3539 3183 Apollinem
3577 3126 3642 3167 ac

384 3208 444 3246 τε
487 3192 580 3244 καὶ
617 3191 926 3245 Ἀπόλλωνα
983 3193 1235 3256 καὶτοὺς
1293 3192 1526 3263 καθεξῆς
1583 3193 1737 3258 θεοὺς
1764 3195 1964 3265 άναγο--

2068 3205 2308 3275 reliquos
2340 3205 2473 3262 deos
2499 3207 2776 3262 celebrare
2809 3213 3114 3276 cmperunt.

388 3301 697 3354 ρευσαντες.

462 3393 731 3464 Ἕλληνες.
765 3393 1054 3465 κέκληνται
1089 3395 1196 3448 ἀπὸ
1227 3395 1487 3468 Ἕλληνος
1535 3397 1613 3466 (7)
1658 3397 1849 3468 ἀνδρός
1886 3414 1966 3450 τι-

360 3471 476 3549 ’νος
555 3485 662 3539 τῶν
712 3486 773 3538 ὲν
824 3488 890 3557 τῇ
969 3485 1179 3540 Ἐλλάδι
1231 3487 1628 3558 κατῳκηκότων
1649 3529 1664 3552 ,
1718 3488 1814 3541 καὶ
1866 3487 1964 3558 τὴν

386 3579 769 3651 προσωνυμίαν
796 3581 862 3650 τῇ
904 3577 1056 3650 χώρᾳ
1093 3578 1464 3650 παρελομένου
1497 3578 1520 3610 ’⁵
1540 3593 1554 3606 °
1587 3579 1663 3642 ὼς
1701 3578 1759 3632 δὲ
1788 3577 1965 3648 ἕτεροί

385 3688 568 3741 φασιν,
616 3671 724 3724 ἀπὸ
784 3671 883 3741 τῆς
943 3671 1149 3735 ἐλαίας
1198 3670 1297 3740 τῆς
1346 3673 1404 3724 ὲν
1442 3670 1691 3742 Ἀθήναις
1731 3670 1961 3741 βλαστη-

387 3765 580 3836 σάσης.
637 3765 824 3826 Ἴωνες
863 3763 920 3817 δὲ
971 3763 1177 3816 τούτων
1227 3763 1463 3834 ἀρχηγοὶ
1509 3763 1851 3833 γεγένηνται,
1891 3761 1966 3825 ὡς

389 3855 502 3926 ἔχει
553 3858 586 3927 ἡ
640 3857 892 3927 ἀκρίϐεια
926 3857 1034 3909 ἀπὸ
1062 3854 1159 3909 τοῦ
1213 3857 1397 3918 Ἴωνος
1436 3855 1555 3909 υἱοῦ
1607 3856 1800 3927 ἀνδρὸς
1847 3855 1966 3919 ἑνὸς

386 3947 505 4012 τῶν,
530 3947 621 4000 τὸν
658 3949 866 4018 πύργον
905 3947 1412 4019 οίκοδομησάντων·
1463 3948 1529 4000 δι’
1556 3947 1623 4018 ἢν
1655 3949 1834 4000 αἰτίαν
1873 3946 1966 4000 καὶ

392 4037 648 4110 Μέροπες
681 4040 973 4110 κέκληνται
1013 4040 1100 4094 διὰ
1148 4041 1249 4112 τὴν
1293 4039 1700 4111 μεμερισμένην
1760 4026 1962 4108 φωνήν.

391 4131 656 4202 ’Ὕστερον
694 4131 751 4184 δὲ
793 4134 823 4184 ό
867 4131 1217 4203 Ἑλληνισμὸς
1249 4133 1329 4196 είς
1366 4132 1606 4203 αἱρέσεις
1655 4129 1966 4200 κατεστάθη

392 4221 686 4292 κατωτέρω
716 4220 825 4274 τῶν
885 4223 1114 4292 χρόνων,
1159 4225 1304 4295 φημὶ
1341 4224 1398 4277 δὲ
1445 4222 1827 4292 Πυθαγορείων
1874 4222 1970 4274 καὶ

392 4311 642 4366 Στωϊκῶν
691 4314 784 4366 καὶ
846 4313 1206 4367 Πλατωνικῶν
1283 4315 1378 4368 καὶ
1431 4313 1819 4385 Ἐπικουρείων
1878 4315 1970 4366 καὶ

391 4403 593 4456 λοιπῶν
616 4421 628 4433 ·
661 4403 970 4467 θεοσεϐείας
999 4405 1056 4458 δὲ
1103 4407 1131 4457 ό
1175 4406 1458 4477 χαρακτὴρ
1489 4407 1732 4476 ὑπῆρχεν
1764 4405 1901 4476 ἅμα,
1940 4407 1970 4458 ό

2140 3405 2312 3460 Graeci
2364 3420 2562 3460 nomen
2607 3405 2676 3460 ab
2731 3403 2952 3459 Hellene
2996 3403 3118 3458 viro
3161 3402 3398 3472 quodam
3457 3401 3642 3456 sortiti

2068 3505 2218 3556 sunt,
2259 3494 2354 3563 qui
2403 3494 2459 3548 in
2489 3492 2696 3548 Graecia
2741 3493 2946 3563 degens
2979 3493 3030 3546 ei
3078 3491 3286 3563 regioni
3321 3488 3642 3560 appellatio-

2067 3599 2192 3638 nem
2221 3584 2438 3639 indidit.
2477 3586 2617 3639 Sunt
2643 3584 2736 3654 qui
2773 3585 2842 3640 ab
2869 3585 3022 3647 etwa,
3053 3583 3157 3638 hoc
3187 3593 3291 3646 est,
3322 3584 3488 3646 oliva.
3519 3599 3642 3654 quae

2068 3677 2298 3730 Athenis
2327 3684 2516 3731 exorta
2563 3685 2668 3737 est.
2711 3685 3058 3746 nuncupatos
3091 3691 3216 3731 esse
3247 3675 3438 3730 velint.
3466 3673 3643 3744 Hujus

2068 3770 2286 3839 generis
2318 3777 2572 3824 auctores
2609 3783 2674 3822 ac
2725 3769 3040 3825 conditores
3081 3769 3240 3824 Iones
3289 3767 3532 3832 fuerunt,
3583 3775 3643 3822 ut

2069 3877 2137 3916 ex
2177 3862 2519 3916 accuratiore
2549 3860 2778 3915 historia
2809 3867 3028 3916 constat
3061 3879 3076 3915 :
3111 3860 3204 3929 qui
3235 3858 3306 3914 ab
3340 3857 3471 3915 lone
3499 3873 3639 3930 quo-

2069 3950 2195 4004 dam
2248 3951 2504 4021 appellati
2544 3951 2866 4012 sunt,unius
2895 3966 3085 4004 eorum
3120 3951 3252 4012 ﬁlio,
3300 3951 3393 4020 qui
3445 3949 3641 4005 turrim

2070 4050 2463 4096 exstruxerunt
2492 4061 2506 4095 ε
2539 4056 2700 4110 quam
2733 4041 2804 4095 ob
2848 4055 3072 4094 causam
3106 4039 3354 4108 Meropes
3389 4040 3644 4110 appellati

2071 4139 2220 4195 sunt,
2270 4131 2341 4185 ab
2373 4130 2642 4186 divisione
2673 4132 3001 4200 linguarum.
3036 4128 3230 4186 Postea
3271 4145 3401 4186 vero
3451 4144 3610 4186 recen

2073 4223 2307 4278 tioribus
2351 4223 2686 4292 temporibus
2743 4222 2927 4276 Graeca
2981 4221 3301 4291 superstitio
3345 4229 3525 4276 certas
3580 4220 3637 4276 in

2072 4314 2309 4368 haereses
2358 4327 2423 4366 ac
2459 4321 2635 4367 sectas
2679 4312 2813 4366 abiit
2852 4329 2865 4366 :
2911 4320 3104 4382 utputa
3153 4309 3640 4382 Pythagoreorum,

2075 4407 2419 4473 Stoicorum,
2453 4405 2860 4460 Platonicorum
2884 4445 2898 4468 ,
2931 4404 3323 4474 Epicureorum
3346 4443 3362 4469 ,
3400 4409 3506 4459 etc.
3539 4401 3646 4456 Eo—

393 4496 533 4550 κατὰ
565 4496 726 4565 φύσιν
775 4497 937 4566 νόμος
982 4497 1418 4568 πολιτευόμενος,
1450 4498 1559 4568 ἀπὸ
1605 4497 1811 4550 τούτων
1861 4495 1965 4550 τῶν

2075 4499 2196 4553 dem
2247 4513 2410 4569 porro
2441 4506 2686 4567 tempore
2731 4497 2948 4567 propria
2999 4493 3174 4550 forma
3224 4509 3290 4550 ac
3327 4504 3456 4550 nota
3503 4508 3648 4550 verre

392 4589 560 4642 ὲθνῶν
589 4588 777 4644 ἑαυτὸν
807 4590 1080 4660 ἀφορίζων
1115 4589 1222 4643 ἀπὸ
1254 4589 1354 4659 τῆς
1398 4590 1604 4660 κόσμου
1645 4589 1965 4660 καταϐολῆς,

2079 4592 2299 4662 pietatis
2323 4599 2377 4646 et
2407 4590 2686 4660 religionis
2719 4590 2926 4645 exstitit
2971 4605 3081 4643 una
3114 4603 3238 4644 cum
3267 4588 3385 4658 lege
3414 4597 3644 4650 naturae,

393 4680 490 4732 καὶ
523 4679 682 4745 δεῦρο
715 4681 875 4751 μέσος
923 4681 1208 4751 τυγχάνων
1258 4680 1644 4753 Βαρϐαρισμοῦ
1695 4681 1789 4735 καὶ
1834 4683 1975 4734 Σκυ-

396 4769 589 4841 θισμοῦ
639 4774 732 4824 καὶ
773 4772 1124 4844 Ἑλληνισμοῦ
1159 4773 1264 4837 ἓως
1320 4774 1443 4826 ὅτου
1495 4772 1742 4844 συνήφθη
1782 4776 1848 4844 τῇ
1879 4773 1973 4826 τοῦ

408 4865 657 4936 Ἀϐραὰμ
686 4865 983 4936 θεοσεϐείᾳ.
1020 4865 1130 4918 Καὶ
1159 4865 1452 4935 μετέπειτα
1508 4864 1839 4934 Ἰουδαϊσμὸς
1864 4863 1971 4917 ἀπὸ

396 4957 502 5010 τῶν
540 4959 746 5027 χρόνων
790 4957 1040 5028 Ἀϐραὰμ
1071 4957 1162 5009 τὸν
1209 4957 1532 5028 χαρακτῆρα
1566 4956 1824 5026 εἰληφὼς,
1878 4956 1973 5009 καὶ

398 5051 456 5103 ὲν
491 5051 720 5118 Μωῦσῇ,
761 5049 971 5119 ἑϐδόμῳ
1005 5048 1114 5102 ἀπὸ
1155 5049 1426 5121 Ἀϐραὰμ,
1474 5049 1561 5100 διὰ
1606 5048 1699 5100 τοῦ
1728 5047 1973 5111 δοθέντος

399 5142 561 5211 νόμου
591 5142 696 5194 ὑπὸ
722 5141 858 5194 Θεοῦ
890 5140 1210 5205 πλατυνθείς
1230 5158 1242 5171 ·
1290 5142 1396 5193 ἀπὸ
1430 5141 1486 5194 δὲ
1516 5141 1609 5193 τοῦ
1655 5142 1845 5202 Ἰούδα,
1892 5156 1979 5192 τε-

397 5235 597 5304 τάρτου
627 5232 744 5287 υἱοῦ
787 5233 980 5288 Ἰακὼϐ
1027 5233 1121 5286 τοῦ
1162 5235 1256 5287 καὶ
1297 5232 1530 5304 Ἰσραὴλ,
1560 5232 1646 5286 διὰ
1692 5231 1854 5285 Δαϐὶδ
1883 5229 1978 5283 τοῦ

402 5325 616 5399 πρώτου
647 5325 1066 5396 βασιλεύσαντος
1093 5325 1201 5378 ἀπὸ
1232 5325 1331 5395 τῆς
1359 5324 1452 5378 τοῦ
1481 5323 1645 5384 αὑτοῦ
1703 5322 1873 5376 Ἰούδα
1900 5320 1977 5393 (8)

509 5509 525 5540 ¹
559 5491 684 5564 For.
736 5507 1067 5570 νενευκότες.
1180 5507 1200 5537 ³
1241 5503 1368 5576 Leg.
1426 5505 1490 5556 ὲκ
1547 5500 1776 5574 χρόνων.

405 5577 588 5650 μένου.

455 5753 554 5823 ’(7)
604 5753 738 5808 Ἀπὸ
775 5754 1094 5820 Ἕλληνος.
1133 5749 1480 5823 Deucalionis
1537 5747 1669 5811 ﬁlii,
1705 5721 1798 5815 qui
1836 5743 1976 5801 1570

403 5826 624 5882 circiter
653 5825 812 5877 annis
838 5825 1052 5877 vivebat
1078 5830 1205 5876 ante
1235 5822 1516 5875 Christum
1558 5827 1770 5872 natum.

684 5917 957 5978 ΡΑτιιοι..
1002 5914 1120 5974 Gn.
1161 5913 1351 5976 XLII.

1884 5500 1904 5532 ³
1942 5497 2076 5569 Reg.
2137 5500 2501 5574 ἀμοντηρίων,
2541 5514 2654 5554 cor.
2721 5497 3057 5570 μυστηρίων.

2076 4699 2199 4754 quae
2249 4683 2319 4738 ab
2362 4683 2576 4753 origine
2635 4680 2822 4736 mundi
2874 4696 2996 4737 sese
3048 4680 3118 4736 ab
3174 4680 3283 4736 illis
3336 4679 3651 4738 nationibus

2081 4775 2294 4846 1115
2330 4786 2592 4844 perpetuo
2638 4773 2942 4844 segregavit
2965 4815 2980 4834 ,
3014 4773 3081 4827 ad
3115 4772 3256 4828 banc
3293 4783 3468 4840 usque
3504 4770 3648 4825 diem

2078 4865 2221 4918 inter
2254 4863 2572 4925 Barbaram,
2625 4861 2936 4934 Scythicam
2984 4860 3338 4930 Graecamque
3388 4863 3650 4930 supersti-

2079 4954 2281 5006 tionem
2337 4952 2656 5021 interjecta,
2707 4953 2882 5006 donec
2929 4967 3054 5006 cum
3104 4949 3400 5005 Abraliami
3450 4948 3651 5020 pietate

2079 5045 2304 5099 coaluit.
2342 5043 2479 5098 Tum
2508 5061 2638 5099 vero
2671 5043 2986 5100 Judaismus
3015 5043 3085 5097 ab
3113 5041 3407 5097 Abrahami
3440 5047 3651 5109 tempo-

2080 5136 2235 5190 ribus
2259 5135 2535 5205 propriam
2567 5134 2794 5188 l'ormam
2828 5134 3080 5204 adeptus,
3099 5148 3163 5187 ac
3190 5147 3285 5202 per
3315 5130 3552 5201 Moysem
3585 5128 3655 5183 ab

2080 5229 2391 5284 Abrahamo
2414 5228 2732 5298 septimum,
2766 5241 2830 5282 ac
2853 5227 3023 5296 legem
3051 5241 3082 5278 a
3119 5224 3228 5279 Deo
3249 5223 3508 5279 traditam
3534 5237 3652 5277 am-

2085 5319 2395 5390 pliﬁcatus,
2432 5328 2487 5376 et
2529 5320 2599 5375 ab
2643 5316 2786 5373 Juda
2827 5324 3026 5389 quarto
3072 5315 3260 5371 Jacobi
3312 5314 3424 5370 filio
3457 5313 3550 5385 qui
3605 5320 3658 5368 et

3201 5496 3224 5528 ⁸
3259 5495 3386 5552 Cor.
3426 5509 3660 5566 παρεχο-

2150 5740 2243 5823 ,(⁸),
2269 5739 2470 5795 Vocem
2509 5737 2717 5805 Ἰούδα,
2749 5751 2876 5809 qua
2899 5735 2971 5795 de
2994 5750 3064 5794 eo
3094 5734 3217 5792 loco
3247 5730 3550 5799 exciderat,
3580 5746 3662 5786 ro-

2093 5820 2394 5870 stituimus.
3590 5844 3594 5848 π

3354 5893 3432 5952 27
