4118 6402
459 353 565 409 845

1840 352 1900 405 S.
1942 346 2279 405 EPII’HAN"

3614 361 3718 416 8H

464 466 630 524 Israel
679 468 992 523 nominatus
1031 478 1148 534 est,
1203 486 1298 540 per
1335 471 1717 542 l)a\'idem,qui
1765 471 1977 540 primus
2011 485 2038 521 e

2146 473 2314 543 ἓτυλῆς
2347 477 2402 529 τὸ
2437 478 2582 541 τέλος
2621 481 3055 552 κεκληρωμένος.
3096 482 3361 554 Ἑλλήνων
3383 481 3437 534 δὲ
3467 479 3723 550 διαφοραὶ

462 563 612 616 tribu
651 560 790 629 Juda
837 577 1063 632 regnum
1109 571 1397 618 assecutus
1447 575 1558 630 est,
1609 563 1904 635 perlectum
1945 563 2039 616 Ju-

464 653 659 708 daismi
694 669 889 707 nomen
922 654 1180 708 obtinuit.
1211 653 1528 710 Graecorum
1563 671 1731 726 porro
1773 656 1876 710 ista
1913 663 2040 709 sunt

465 745 784 800 discrimina
824 765 836 799 :

532 837 883 909 Pythagorei,
919 838 1036 893 sive
1059 837 1404 910 Peripatetici
1433 841 1720 896 monadem
1758 849 1812 897 et
1855 839 2040 911 provi-

465 929 703 984 dentiam
757 939 1150 997 asseruerunt;
1199 933 1306 988 diis
1357 932 1710 999 sacriﬁcare,
1783 932 2041 986 animatis

467 1022 609 1075 vesci
647 1036 710 1075 ac
739 1022 869 1076 vino
903 1024 981 1078 uti
1011 1023 1428 1094 prohibuerunt.
1458 1025 1623 1079 Iidem
1654 1040 1774 1094 qua:
1805 1025 1874 1077 ab
1913 1024 2040 1077 luna

465 1127 684 1167 sursum
733 1120 953 1182 patent,
1005 1114 1366 1181 immortalia;
1415 1130 1536 1184 quae
1579 1115 1838 1170 inferiora
1876 1124 2038 1182 sunt,

465 1202 716 1256 mortalia
759 1203 1044 1270 dicebant;
1121 1204 1335 1260 animas
1384 1221 1414 1260 e
1468 1207 1794 1276 corporibus
1838 1207 1893 1260 in
1936 1208 2041 1260 alia

465 1307 695 1361 corpora
722 1293 886 1347 etiam
919 1294 1238 1346 animalium
1279 1309 1342 1347 ac
1377 1294 1675 1347 bestiarum
1705 1292 2036 1347 transfundi.

468 1385 674 1441 Horum
701 1387 967 1457 magister
997 1384 1337 1456 Pythagoras
1367 1385 1573 1442 silentii
1605 1386 1816 1457 rigidus
1853 1385 2042 1440 obser-

464 1487 620 1532 vator
651 1473 811 1533 deum
843 1492 903 1532 se
929 1477 1252 1532 nominavit.

534 1565 797 1620 Platonici
835 1565 1003 1620 Deum
1048 1573 1102 1620 et
1158 1567 1442 1620 materiam
1477 1581 1540 1619 ac
1567 1565 1798 1620 formam
1830 1567 2035 1621 consti-

463 1667 706 1720 tuerunt,
731 1659 990 1714 mundum
1011 1659 1253 1729 genitum
1288 1673 1351 1712 ac
1375 1661 2039 1729 corruptioniohnoxium;

467 1752 705 1806 animam
741 1751 1038 1821 ingenitam
1086 1757 1141 1804 et
1189 1750 1550 1804 immortalem
1579 1765 1642 1804 ac
1671 1750 1911 1804 divinam
1961 1766 2044 1804 ar-

2143 568 2277 620 αἵδε·

2217 836 2589 908 Πυθαγόρειοι,
2621 838 2652 908 ἢ
2692 839 3114 909 Περιπατητικοὶ
3141 837 3237 908 (9),
3266 835 3364 908 τὴν
3397 833 3598 906 μονάδα
3627 832 3717 886 καὶ

2142 929 2240 998 τὴν
2276 932 2551 998 πρόνοιαν,
2593 933 2685 986 καὶ
2729 933 2790 985 τὸ
2834 933 3062 986 κωλύειν
3100 917 3321 984 θύεσθαι
3355 928 3494 991 Θεοῖς
3521 927 3720 996 δογμα-

2141 1022 2400 1086 τίζοντες,
2447 1024 2704 1094 ἐμψύχων
2738 1025 2810 1096 μὴ
2864 1023 3320 1095 μεταλαμϐάνειν,
3355 1020 3462 1072 ἀπὸ
3488 1019 3629 1071 οἴνου
3663 1016 3720 1068 δὲ

2144 1115 2601 1185 ἐγκρατεύεσθαι·
2659 1116 2908 1188 διώριζον
2951 1117 3007 1168 δὲ
3050 1117 3164 1186 ἅμα
3210 1114 3317 1169 ἀπὸ
3361 1113 3591 1183 σελήνης
3628 1109 3723 1163 καὶ

2144 1205 2256 1258 ἄνω
2285 1205 2527 1259 ἀθάνατα
2556 1207 2823 1275 λέγοντες,
2852 1208 2923 1259 τὰ
2963 1209 3019 1261 δὲ
3054 1208 3309 1261 ὑποκάτω
3337 1205 3509 1271 Θνητά
3531 1222 3543 1234 ·
3597 1221 3722 1274 μετ-

2146 1299 2453 1369 αγγισμοὺς
2499 1300 2556 1353 δὲ
2616 1299 2800 1371 ψυχῶν
2875 1301 2982 1354 ἀπὸ
3039 1300 3308 1369 σωμάτων
3358 1300 3437 1361 εἰς
3495 1299 3720 1366 σώματα

2148 1391 2274 1462 ἄχρι
2310 1389 2463 1453 ζώων
2497 1393 2588 1446 καὶ
2639 1393 2945 1448 κνωδάλων.
2988 1393 3214 1446 Σιωπῶν
3253 1393 3309 1444 δὲ
3339 1393 3367 1444 ὁ
3410 1390 3615 1444 τούτων
3646 1388 3722 1441 δι-

2149 1483 2412 1546 δάσκαλος
2439 1485 2760 1557 Πυθαγόρας
2788 1485 2975 1538 ἑαυτὸν
3017 1483 3137 1538 θεὸν
3169 1485 3440 1554 ὠνόμασε.

2222 1574 2556 1628 Πλατωνικοὶ
2602 1575 2657 1628 δὲ
2687 1575 2816 1628 Θεὸν
2854 1578 2947 1629 καὶ
2986 1575 3118 1646 ὕλην
3161 1576 3254 1630 καὶ
3310 1570 3448 1638 εἶδος
3488 1575 3580 1627 καὶ
3633 1573 3724 1626 τὸν

2150 1665 2354 1736 κόσμον
2394 1666 2616 1736 γενητὸν
2647 1666 2740 1720 καὶ
2794 1666 3027 1736 φθαρτὸν
3060 1665 3345 1737 ὑπάρχειν,
3384 1665 3481 1736 τὴν
3523 1664 3580 1716 δὲ
3622 1663 3724 1732 ψυ-

2150 1757 2248 1828 χὴν
2277 1759 2568 1829 ἀγέννητον
2600 1759 2693 1811 καὶ
2734 1759 2996 1812 ἀθάνατον
3035 1759 3128 1812 καὶ
3163 1759 3340 1812 θείαν’
3376 1752 3511 1810 εἶναι
3538 1757 3594 1809 δὲ
3627 1755 3724 1809 αὑ-

465 1843 656 1899 bitrati
689 1817 823 1898 sunt
850 1857 864 1893 :
898 1841 1062 1910 hujus
1093 1849 1205 1896 tres
1235 1855 1358 1896 esse
1384 1849 1594 1911 partes,
1641 1855 1806 1894 unam
1832 1842 2038 1897 ratione

2144 1817 2244 1916 é'ﬁ';
2277 1817 2401 1920 τρία
2438 1817 2598 1921 μέρη,
2630 1850 2864 1918 λογικὸν,
2908 1850 3135 1920 θυμικὸν
3169 1850 3263 1904 καὶ
3305 1847 3716 1918 ἐπιθυμητικόν.

467 1935 769 2007 praditam,
797 1933 1021 1987 alteram
1045 1947 1152 2002 qua
1177 1931 1490 1996 irascimur,
1515 1932 1730 1985 tertiam
1767 1947 1872 2000 qua
1908 1947 2043 1986 con-

465 2027 819 2099 cupiscimus.
857 2024 1191 2080 Communes
1225 2024 1486 2080 omnibus
1521 2024 1777 2078 mulieres
1804 2039 1924 2079 esse
1950 2038 2045 2077 vo-

467 2122 601 2187 luit;
640 2133 803 2174 nemo
847 2125 907 2171 ut
963 2131 1128 2172 unam
1167 2116 1436 2185 privatam
1493 2114 1718 2168 haberet
1764 2130 1989 2169 uxorem
2027 2131 2040 2166 :

467 2209 562 2266 sed
593 2217 653 2264 ut
687 2209 917 2279 quilibet
955 2207 1203 2262 volentes
1235 2219 1359 2258 cum
1394 2204 1731 2275 quibuslibet
1765 2219 1904 2274 quas
1935 2205 2044 2257 vel-

467 2302 613 2362 lent,
666 2299 1155 2369 conjungerentur.
1209 2297 1374 2351 Iidem
1421 2297 1732 2351 animarum
1783 2298 1837 2350 in
1889 2298 2042 2352 varia

466 2405 697 2460 corpora
749 2389 912 2443 etiam
990 2385 1289 2441 bestiarum
1345 2385 1613 2439 transitus
1671 2383 2042 2449 allirmabant;

465 2484 706 2553 deosque
751 2480 988 2550 denique
1042 2478 1354 2548 complures
1423 2476 1492 2530 ab
1564 2490 1675 2532 uno
1731 2489 1856 2531 esse
1915 2489 2042 2546 pro-

467 2574 682 2631 ductos.

539 2663 711 2718 Stoici
739 2675 939 2732 corpus
964 2649 1438 2716 universum'esse
1468 2658 1761 2723 deﬁniunt,
1793 2668 1847 2714 et
1892 2675 2044 2730 aspe-

467 2754 724 2810 ctabilem
757 2753 903 2807 hunc
944 2750 1208 2806 mundum
1238 2751 1408 2806 Deum
1437 2765 1562 2815 esse
1585 2758 1861 2806 statuunt.
1905 2750 2046 2805 Non-

466 2844 602 2901 nulli
635 2846 801 2899 etiam
830 2860 899 2898 ex
936 2844 1060 2914 igne
1099 2851 1353 2897 naturam
1391 2842 1607 2899 i1lorum
1659 2850 1915 2898 constare
1951 2843 2044 2898 de-

467 2934 716 2992 fendunt.
749 2933 920 2988 Deum
951 2935 1155 3004 quippe
1194 2941 1433 2989 mentem
1465 2949 1590 2990 esse
1612 2941 1830 3003 putant,
1861 2947 1925 2987 ac
1950 2948 2045 2987 va-

466 3025 725 3084 stissimae
753 3026 924 3081 totius
953 3026 1113 3081 molis
1137 3025 1262 3080 οωιί
1286 3034 1340 3080 et
1377 3033 1538 3082 terrae
1567 3025 1736 3080 veluti
1766 3025 2039 3091 animam;

2146 1943 2255 2004 Τὰς
2305 1942 2361 1994 δὲ.
2399 1946 2663 2011 γυναῖκας
2709 1943 2892 2006 κοινὰς
2941 1946 3054 2006 τοῖς
3101 1944 3233 1994 πᾶσι
3289 1942 3564 2010 γίνεσθαι,
3631 1943 3723 1994 καὶ

2149 2035 2352 2104 μηδένα
2389 2034 2516 2104 μίαν
2543 2035 2684 2106 ἔχειν
2715 2035 2960 2106 γαμετὴν
2992 2036 3146 2097 ίδίαν,
3173 2034 3289 2087 ἀλλ’
3317 2035 3512 2098 αὐτοὺς
3541 2034 3722 2086 θέλον-

2144 2142 2242 2188 τας
2267 2128 2389 2188 ταῖς
2422 2125 2774 2196 βουλομέναις
2805 2126 2912 2196 (10)
2955 2129 3214 2180 συνεῖναι.
3247 2112 3634 2195 Μεταγγισμδν
3663 2124 3722 2177 δὲ

2145 2217 2403 2281 ὡσαύτως
2427 2217 2618 2288 ψυχῶν
2647 2219 2726 2281 είς
2759 2220 3024 2290 σωμάτων
3052 2219 3311 2289 διαφορὰς
3348 2220 3474 2290 ἄχρι
3515 2219 3722 2272 κνωδά-

2145 2307 2270 2362 λων.
2323 2303 2553 2379 Ὁμοίως
2583 2309 2639 2362 δὲ
2685 2309 2776 2362 καὶ
2811 2309 2966 2374 Θεοὺς
2997 2313 3060 2364 ἐκ
3095 2312 3186 2364 τοῦ
3217 2313 3333 2366 ἑνὸς
3377 2311 3601 2374 πολλοὺς
3627 2312 3722 2366 ui.

2146 2401 2298 2454 αὐτοὶ
2327 2400 2701 2471 ἐδογμάτισαν.

2216 2670 2463 2733 Στωϊκοὶ,
2518 2668 2677 2739 σῶμα
2730 2668 2792 2721 τὸ
2844 2670 2952 2722 πᾶν
3009 2668 3443 2738 δογματίζοντες,
3493 2668 3585 2720 καὶ
3629 2666 3724 2720 τὸν

2145 2761 2401 2832 αἰσθητὸν
2419 2760 2608 2815 τοῦτον
2635 2761 2836 2829 κόσμον
2857 2761 2992 2813 Θεὸν
3022 2758 3350 2829 νομίζοντες⁸
3373 2760 3517 2822 τινὲς
3541 2760 3608 2811 ὲκ
3622 2758 3726 2825 τῆς

2143 2851 2237 2904 τοῦ
2274 2852 2444 2923 πυρὸς
2469 2852 2654 2914 οὐσίας
2681 2851 2779 2920 τήν
2808 2850 2969 2920 φύσιν
2999 2850 3175 2903 αὐτῶν
3204 2850 3466 2921 ὁρίζουσι.
3495 2850 3605 2902 Καὶ
3632 2849 3726 2900 τὸν

2148 2944 2245 3013 μὲν
2272 2943 2404 2996 Θεὸν
2439 2943 2562 2996 νοῦν
2596 2943 2995 3013 δογματίζουσι,
3051 2943 3144 2995 καὶ
3188 2941 3263 3005 ὡς
3309 2942 3487 3011 ψυχὴν
3526 2941 3726 3002 παντὸς

2142 3036 2236 3088 τοῦ
2276 3035 2426 3100 ὄντος
2459 3035 2656 3098 κύτους
2706 3034 2934 3106 οὐρανοῦ
2981 3035 3074 3088 καὶ
3118 3035 3243 3106 γῆς,
3281 3033 3440 3103 σῶμα
3473 3035 3528 3086 δὲ
3558 3031 3726 3086 αὐτοῦ

465 3120 626 3190 cujus
657 3133 882 3188 corpus,
912 3124 972 3172 ut
1016 3117 1162 3182 dixi,
1211 3125 1386 3172 totum
1424 3118 1530 3172 hoc
1578 3118 1655 3172 sit
1700 3118 2037 3182 universum,

2145 3128 2203 3180 τὸ
2247 3129 2374 3188 πᾶν,
2412 3128 2490 3191 ὡς
2544 3129 2700 3198 ἔφην,
2744 3128 2836 3180 καὶ
2879 3125 3190 3196 ὀφθαλμοὺς
3227 3125 3353 3188 τοὺς
3407 3124 3725 3195 φωστῆρας.

463 3211 610 3267 oculi
658 3225 788 3266 vero
841 3209 1042 3266 sidera.
1085 3207 1341 3264 Omnium
1402 3208 1629 3264 interire
1671 3223 1926 3273 carnem,
1987 3215 2038 3261 et

2149 3221 2262 3292 Τὴν
2306 3220 2364 3274 δὲ
2407 3221 2584 3291 σάρκα
2632 3219 2846 3273 πάντων
2895 3217 3250 3283 ἀπόλλυσθαι,
3284 3215 3376 3270 καὶ
3423 3215 3520 3285 τὴν
3547 3216 3730 3285 ψυχὴν

465 3305 703 3358 animam
754 3318 785 3357 a
832 3315 1061 3371 corpore
1115 3301 1351 3355 transire
1401 3299 1458 3354 in
1505 3314 1706 3370 corpus
1767 3299 1870 3355 sibi
1919 3313 2044 3369 per-

465 3393 717 3450 suadent.

536 3485 784 3556 Epicnrei
845 3493 1056 3540 atomos
1099 3493 1153 3539 et
1189 3483 1470 3564 indivjdua
1501 3499 1732 3554 corpora
1765 3484 2040 3540 similibus

464 3576 776 3633 constantia
825 3576 1076 3646 partibus
1139 3584 1194 3630 et
1245 3575 1498 3637 inﬁnita,
1556 3591 1739 3630 rerum
1796 3578 2040 3630 omnium

463 3666 793 3736 principium
827 3680 952 3720 esse
993 3665 1332 3726 docuerunt,
1380 3675 1434 3719 et
1473 3664 1631 3720 ﬁnem
1667 3665 1946 3720 felicitatis
1985 3667 2040 3720 in

463 3758 742 3828 voluptate
787 3765 1125 3826 posuerunt;
1182 3755 1352 3810 Deum
1413 3771 1477 3810 ac
1527 3756 1922 3825 providentiam
1973 3757 2041 3810 ab

465 3863 648 3902 rerum
682 3846 1158 3902 administratione
1185 3846 1546 3902 sustulerunt.

537 3939 751 4010 1116
773 3938 1189 3994 Samaritismus
1217 3944 1272 3993 et
1302 3939 1612 3992 Samaritae.
1643 3937 1818 4008 Hujus
1845 3939 1914 3991 ab
1937 3935 2038 3992 Ju-

355 4071 366 4088 .-
461 4032 676 4086 daismo
700 4032 852 4101 origo
885 4031 1212 4095 deducitur,
1252 4045 1376 4099 qua:
1405 4038 1681 4084 sectarum
1715 4029 1856 4099 apud
1890 4030 2040 4083 Cra--

461 4136 557 4177 cos
607 4119 859 4176 divertiis
900 4129 955 4176 et
995 4135 1184 4176 earum
1219 4121 1457 4174 decretis
1489 4135 1553 4174 ac
1593 4119 1865 4190 dogmatis
1898 4117 2040 4171 auti-

459 4215 622 4282 quior
664 4220 778 4279 est;
814 4226 938 4266 nam
974 4227 1004 4266 e
1033 4211 1157 4266 sinu
1202 4211 1324 4282 ipso
1351 4208 1620 4265 .Iudaismi
1659 4209 1861 4280 prodiit
1890 4209 2038 4288 circa

459 4302 986 4358 Nabuchodonosori
1020 4313 1073 4356 et
1100 4300 1341 4356 Iudaicae
1375 4304 1712 4373 captivitatis
1767 4310 2033 4370 tempora.

460 4395 628 4450 Primi
675 4403 838 4450 sectae
891 4395 1204 4448 conditores
1261 4409 1328 4448 ex
1392 4395 1630 4464 Assyriis
1683 4394 1740 4448 in
1793 4391 2034 4448 Iudaeam

2149 3309 2365 3364 πάντων
2399 3308 2819 3381 μεταγγίζεσθαι
2848 3310 2955 3362 ἀπὸ
2989 3307 3238 3378 σώματος
3270 3307 3348 3368 εἰς
3384 3305 3561 3374 σῶμα.

2239 3482 2599 3554 Ἐπικούρειοι
2633 3481 2810 3552 ἄτομα
2837 3481 2928 3534 καὶ
2956 3478 3138 3550 ἀμερῆ
3173 3476 3400 3548 σώματα
3429 3476 3523 3530 καὶ
3548 3477 3731 3546 ὁμοιο-

2153 3579 2293 3649 μερῆ
2333 3593 2392 3628 τε
2444 3575 2537 3628 καὶ
2568 3573 2769 3644 ἄπειρα
2815 3573 2910 3642 τὴν
2950 3572 3123 3641 ἀρχὴν
3171 3567 3309 3622 εἶναι
3344 3570 3450 3622 τῶν
3507 3568 3730 3620 πάντων

2146 3670 2552 3738 ὑπεστήσαντο⁶
2614 3667 2708 3719 καὶ
2769 3665 2918 3726 τέλος
2983 3661 3270 3731 εὐδαίμονα
3320 3660 3337 3690 ί
3382 3658 3481 3729 τὴν
3532 3656 3731 3726 ἡδονὴν

2149 3759 2524 3828 ὲδογμάτισαν,
2557 3757 2651 3810 καὶ
2689 3757 2825 3826 μήτε
2851 3753 2982 3806 Θεὸν
3011 3755 3146 3822 μήτε
3175 3750 3428 3823 πρόνοιαν
3456 3747 3525 3800 τὰ
3546 3749 3734 3801 πάντα.

2147 3849 2380 3902 διοικεῖν.

2219 3937 2672 4010 Σαμαρειτισμὸς,
2706 3938 2798 3990 καὶ
2829 3938 2876 3989 οἱ
2911 3937 3004 3989 ἀπ’
3039 3933 3203 3988 αὑτοῦ
3238 3933 3592 4002 Σαμαρεῖται.
3628 3929 3732 3990 Ὃς

2149 4031 2295 4082 ἐστιν
2341 4029 2445 4081 ἀπὸ
2481 4026 2832 4098 Ἰουδαῖσμοῦ,
2877 4027 2981 4098 πρὸ
3014 4026 3114 4096 μὲν
3135 4022 3225 4078 τοῦ
3271 4020 3609 4089 καταστῆναι
3645 4022 3734 4071 αἱ-

2151 4127 2326 4198 ρέσεις
2367 4127 2445 4188 εἰς
2477 4123 2763 4195 Ἕλληνας,
2804 4122 2897 4175 καὶ
2946 4121 3050 4190 πρὸ
3099 4119 3193 4172 τοῦ
3241 4119 3502 4188 συστῆναι
3547 4115 3732 4168 αὐτῶν

2145 4217 2212 4270 τά
2262 4217 2524 4286 δόγματα,
2564 4213 2700 4285 μετὰ
2744 4215 2801 4266 δὲ
2849 4212 2942 4264 τοῦ
2973 4208 3111 4264 εἶναι
3161 4209 3432 4278 Ἑλλήνων
3470 4208 3566 4276 τὴν
3594 4207 3732 4276 θρη-

2147 4309 2352 4374 σκείαν,
2400 4309 2494 4360 καὶ
2551 4307 2712 4377 μέρος
2754 4309 2772 4336 ¹
2801 4303 2895 4357 τοῦ
2937 4301 3265 4373 Ἰουδαῖσμοῦ
3301 4302 3402 4372 τὴν
3454 4299 3732 4369 πρόφασιν

2145 4397 2377 4468 εἰληφὼς
2430 4395 2538 4450 ἀπὸ
2589 4395 2698 4448 τῶν
2743 4395 2948 4465 χρόνων
2995 4392 3461 4461 Ναϐουχοδονόσορ
3509 4391 3602 4442 καὶ
3624 4389 3732 4456 τῆς

457 4489 815 4557 transportati
848 4487 1090 4556 quinque
1118 4487 1384 4541 duntaxat
1417 4485 1618 4557 Moysis
1671 4485 1841 4540 libros
1878 4499 2036 4538 acce-

2144 4492 2249 4545 τῶν
2295 4489 2560 4544 Ἰουδαίων
2593 4486 2982 4558 αἰχμαλωσίας.
3030 4484 3284 4538 Μέτοικοι
3317 4483 3375 4534 δὲ
3421 4483 3571 4543 ὄντες
3618 4480 3734 4531 άπὸ

459 4587 677 4648 perunt,
703 4594 842 4648 quos
868 4593 966 4647 per
983 4577 1348 4643 sacerdotem,
1379 4580 1475 4649 qui
1492 4580 1789 4635 vocabatur
1814 4578 2035 4640 Esdras,

455 4682 552 4725 rex
585 4670 653 4724 ad
687 4672 810 4750 illos
862 4669 1134 4740 Babylone
1167 4671 1409 4725 miserat.
1441 4671 1634 4726 Omnia
1671 4672 1872 4726 habent
1911 4686 2036 4724 cum

454 4763 658 4818 Iudaeis
709 4764 1057 4830 communia,
1103 4765 1150 4818 si
1202 4764 1306 4818 hoc
1365 4780 1532 4818 unum
1590 4765 1857 4832 excipias,
1889 4762 2032 4831 quod

453 4863 646 4924 gentes
677 4854 1092 4915 aboininentur,
1141 4871 1320 4923 neque
1349 4871 1677 4925 quemquam
1720 4856 2035 4924 contingere

455 4949 644 5009 velint,
671 4949 924 5018 quodque
949 4958 1292 5002 mortuorum
1343 4952 1803 5005 resurrectionem
1840 4963 1903 5002 ac
1935 4963 2034 5001 caa-

454 5048 602 5096 teras
643 5049 764 5111 post
805 5040 1042 5112 Moysem
1072 5041 1386 5111 prophetias
1419 5042 1697 5113 rejiciunt.
1728 5040 2031 5096 Samarita—

525 5200 542 5230 ¹
577 5199 702 5252 For.
737 5198 1102 5268 εὐδαιμονίας.
1181 5200 1199 5228 ⁸
1229 5216 1318 5268 γρ.
1346 5199 1501 5268 μετὰ.

525 5360 598 5430 (9)
614 5360 1014 5430 ,Πυθαγόρειοι
1042 5398 1056 5421 ,
1109 5359 1147 5423 ’ἢ
1166 5358 1677 5430 -Περιπατητικοιί
1700 5428 1711 5430 ᾼ
1734 5357 1849 5430 Non
1901 5355 2034 5430 satis

452 5425 979 5509 beiie_Pytliagoi‘eos
1011 5443 1136 5509 cum
1166 5425 1545 5509 Peripateticis
1582 5428 1874 5509 confundit
1903 5427 1998 5495 Epi
2019 5452 2036 5466 -

451 5501 704 5570 phanius.
741 5500 834 5568 qui
874 5513 1046 5568 neque
1075 5505 1254 5561 aetate,
1292 5501 1466 5566 neque
1497 5500 1767 5554 doctrinis
1801 5500 1942 5552 inter
1973 5511 2034 5552 se

453 5571 824 5624 consentiunt.

524 5640 634 5708 (lO)
675 5637 808 5704 Ταῖς
835 5637 1259 5706 βουλομέναις.
1295 5635 1576 5708 ξειανίιιῐη
1616 5638 1668 5691 in
1705 5638 1901 5692 Latina
1949 5637 2034 5708 inf

453 5705 841 5778 terpretatione
895 5705 1098 5762 deserit
1157 5709 1247 5761 hic
1303 5705 1680 5778 Thomasius;
1737 5706 2031 5778 Epiphanii

453 5777 633 5831 tamen
673 5793 835 5832 sensa
881 5778 1104 5832 omnino
1144 5794 1250 5833 non
1305 5778 1483 5834 reddit
1514 5777 1727 5847 Latine,
1759 5777 1816 5837 ni
1847 5779 2032 5848 suspi-

2159 4581 2458 4650 Ἀσσυρίων
2485 4580 2564 4641 εἰς
2595 4578 2692 4647 τὴν
2719 4576 2998 4636 Ἰουδαίαν,
3030 4574 3124 4627 καὶ
3161 4573 3418 4636 λαϐόντες
3456 4573 3556 4641 τὴν
3588 4573 3734 4623 [lev-

2143 4674 2403 4742 τάτευχον
2435 4671 2600 4741 μόνην
2631 4669 2927 4730 Μωῡσέως,
2951 4667 3045 4719 τοῦ
3087 4665 3352 4736 βασιλέως
3378 4666 3561 4726 αὐτοῖς
3591 4665 3736 4716 ἁπο-

2147 4765 2450 4825 στείλαντος
2485 4761 2593 4815 ἀπὸ
2629 4759 2961 4820 Βαϐυλῶνος,
3001 4757 3087 4810 διὰ
3137 4757 3326 4827 ἱερέως
3370 4755 3577 4824 Ἔσδρα
3621 4772 3732 4806 κα-

2145 4856 2426 4927 λουμένου.
2457 4853 2538 4906 Τὰ
2564 4852 2741 4905 πάντα
2769 4851 2979 4920 ἔχοντες
3010 4850 3100 4901 ἴσα
3129 4848 3418 4909 Ἰουδαίων,
3460 4847 3600 4914 πλὴν
3631 4845 3733 4897 τοῦ

2145 4945 2520 5017 βδελύττεσθαι
2568 4944 2637 4996 τὰ
2671 4943 2818 5011 ἔθνη,
2863 4943 2952 4993 καὶ
2999 4943 3134 5010 μήτε
3172 4938 3508 5009 προσψαύειν
3541 4938 3733 5002 τινῶν,

2143 5040 2237 5093 καὶ
2276 5039 2413 5108 πλὴν
2439 5037 2531 5090 τοῦ
2566 5034 2846 5105 ἀρνεῖσθαι
2892 5032 3100 5102 νεκρῶν
3148 5031 3464 5093 ἀνάστασιν,
3501 5031 3595 5083 καὶ
3629 5030 3734 5092 τὰς

2136 5351 2281 5406 ceris
2325 5347 2530 5402 librarii
2572 5359 2761 5399 errore
2811 5349 2864 5396 et
2919 5338 3210 5393 oscitantia
3244 5337 3529 5394 Thomasii
3559 5341 3736 5397 verba

2134 5437 2260 5475 esse
2292 5420 2501 5472 vitiata.
2566 5415 2776 5469 Sensus
2811 5426 2940 5481 ergo
2993 5409 3452 5481 Epiphaniidest,
3516 5421 3579 5463 ut
3633 5414 3734 5481 qui

2132 5493 2360 5551 vellent,
2386 5488 2584 5548 αὐτοὺς
2613 5479 2894 5543 θέλοντας,
2923 5495 3030 5533 non
3055 5496 3197 5551 cum
3219 5479 3562 5548 quibuslibet
3588 5479 3737 5550 quas

2133 5549 2371 5620 vellent,
2421 5556 2929 5623 conjungereﬁntur;
2975 5549 3231 5623 seducunt
3261 5551 3606 5623 quibuslibet
3637 5567 3740 5623 v9—

2132 5630 2396 5687 lentibus,
2431 5620 2888 5690 assentientibus;
2917 5635 3040 5674 cum
3065 5620 3200 5687 illis,
3225 5635 3349 5692 qua:
3379 5621 3739 5693 vellentﬁaic

2133 5699 2508 5772 βουλομέναις.
