4118 6402
411 389 515 445 845

1709 372 2373 431 ANACEPIIAL/LOSiS.

3573 359 3676 417 ειδ

411 507 578 570 ἄλλας
621 504 956 576 προφητείας
1014 502 1153 574 μετά
1207 500 1484 562 Μωῦσέως
1544 500 1585 551 ¹.
1645 494 2000 569 Σαμαρειτῶν

2117 506 2301 547 norum
2346 494 2433 544 est
2477 485 2646 542 factio
2689 483 2864 540 divisa
2895 487 2948 538 in
2981 488 3162 552 partes
3210 487 3463 552 quatuor.
3489 476 3677 540 ,Primi

413 597 833 669 ἔθνητέσσαρα,
863 595 1152 668 Γοροθηνοὶ
1183 595 1315 666 (Η),
1349 593 1400 645 οἱ
1442 590 1621 654 ἄλλοις
1662 591 1874 661 καιροῖς
1899 588 1999 649 τὰς

415 689 607 758 ἑορτὰς
637 690 862 757 ἄγοντες
888 688 1040 760 παρὰ
1067 688 1193 750 τοὺς
1222 683 1564 746 Σεϐουαίους.
1605 681 1882 734 Σεϐουαῖοι
1910 678 2000 732 διὰ

411 781 513 852 τὴν
579 781 749 852 αὐτὴν
795 781 974 834 αἰτίαν
1019 779 1127 833 τῶν
1171 776 1374 848 ἑορτῶν
1431 774 1567 846 πρὸς
1617 773 1742 837 τοὺς
1790 771 1998 843 Γορθη-

415 874 540 937 νοὺς
575 872 974 944 διαφερόμενοι.
1021 870 1286 940 Ἐσσηνοὶ,
1345 867 1466 940 μηδ’
1513 865 1800 936 ὁποτέραις
1848 865 2001 917 ἐναν-

415 965 688 1037 τιούμενοι
709 1006 725 1032 ,
782 968 895 1028 τοῖς
957 963 1014 1016 δὲ
1076 959 1584 1033 παρατυγχάνουσιν
1655 954 2002 1028 ἑορτάζοντες

417 1057 745 1129 ἀδιαφόρως.
781 1054 1020 1109 Δοσίθεοι
1061 1055 1173 1118 τοῖς
1213 1053 1396 1113 αὐτοῖς
1432 1051 1630 1117 ἔθεσιν,
1661 1045 1740 1114 οἷς
1775 1050 1868 1102 καὶ
1897 1049 2002 1100 Σα-

421 1151 676 1222 μαρεῖται
705 1146 1204 1218 ὲμπολιτευόμενοι,
1234 1146 1502 1216 περιτομῇ
1533 1160 1592 1195 τε
1617 1143 1712 1195 καί¹
1741 1140 2002 1211 Σαϐϐάτῳ

418 1241 515 1294 καὶ
543 1242 655 1303 τοῖς
683 1239 862 1303 ἄλλοις
893 1238 1166 1311 χρώμενοι
1196 1240 1263 1309 τῇ
1297 1254 1355 1290 τε
1403 1235 1778 1306 Πεντατεύχῳ,
1809 1250 2003 1306 περισ-

421 1332 640 1405 σότερόν
673 1349 733 1385 τε
760 1331 868 1385 τῶν
898 1331 1072 1386 ἄλλων
1103 1330 1460 1400 φυλάττοντες
1485 1329 1546 1380 τὸ
1575 1325 1875 1397 ἀπέχεσθαι
1903 1327 2003 1396 ἐμ-

419 1425 632 1496 ψύχων,
659 1423 722 1478 ἐν
754 1424 1030 1496 νηστείαις
1082 1422 1444 1493 συνεχέστατα
1485 1419 1742 1491 βιοῦντες.
1781 1417 2004 1488 Ἔχουσι

419 1515 478 1569 δὲ
519 1514 615 1569 καὶ
663 1514 963 1586 παρθενίαν
1009 1514 1152 1577 τινὲς
1196 1511 1416 1578 αὐτῶν,
1466 1502 1913 1582 ἐγκρατεύονται
1946 1507 2004 1560 δὲ

420 1605 588 1662 ἄλλοι.
623 1605 944 1661 Πιστεύουσι
977 1605 1034 1659 δὲ
1080 1603 1288 1676 νεκρῶν
1340 1603 1655 1666 ἀνάστασιν,
1687 1601 1822 1668 ὅπερ
1859 1595 2004 1661 ξένον

421 1698 541 1752 ἐστὶ
571 1697 959 1770 Σαμαρείταις.

2099 594 2230 639 sunt
2257 579 2549 646 Gortbeni,
2579 577 2672 648 qui
2713 577 2884 632 festos
2914 575 3033 630 dies
3062 573 3207 637 aliis,
3238 587 3401 642 quam
3441 568 3674 630 Sebuai,

2101 674 2439 745 temporibus
2467 670 2737 727 indicunt.
2774 668 2882 722 Alii
2933 665 3168 731 Sehuai,
3203 664 3296 734 qui
3328 664 3400 719 ob
3428 663 3676 718 eamdem

2101 767 2368 823 festorum
2413 764 2626 818 dierum
2669 760 3017 816 occasionem
3065 773 3095 812 a
3141 755 3434 812 Gorthenis
3465 753 3680 809 dissen—

2101 860 2266 913 tiunt.
2303 856 2468 911 Tertii
2517 860 2647 908 sunt
2698 851 2892 908 Esseni
2917 891 2932 918 ,
2969 848 3064 920 qui
3114 849 3294 904 neutri
3333 847 3473 918 parti
3515 860 3679 914 repu-

2105 958 2309 1019 gnant,
2343 947 2437 1003 sed
2490 961 2613 1001 cum
2652 945 2741 1009 iis,
2781 944 2834 998 in
2885 956 3025 1012 quos
3052 939 3376 1004 inciderint,
3409 938 3529 992 sine
3568 935 3681 989 ullo

2103 1040 2424 1097 discrimine
2456 1037 2596 1092 festa
2631 1043 2917 1107 peragunt.
2952 1032 3224 1090 Postremi
3254 1039 3384 1088 sunt
3413 1029 3678 1092 Dosithei,

2104 1134 2195 1202 qui
2223 1132 2440 1195 iisdem,
2475 1129 2673 1199 quibus
2709 1127 3039 1182 Samaritani
3064 1166 3078 1191 ,
3114 1125 3381 1180 institutis
3430 1133 3680 1188 utuntur,

2104 1222 2578 1280 circumcisionem
2613 1228 2667 1275 et
2692 1220 2992 1274 Sabbatum
3022 1232 3087 1272 ac
3123 1225 3342 1281 caetera,
3386 1215 3684 1285 itidemque

2104 1312 2538 1368 Pentateuchum
2568 1310 2844 1365 adhibent.
2891 1308 3169 1380 Praecipue
3200 1323 3331 1363 vero
3356 1322 3420 1360 ac
3452 1323 3567 1377 pra
3593 1323 3683 1363 re-

2106 1407 2271 1476 liquis
2301 1405 2556 1459 omnibus
2585 1402 2688 1458 sibi
2723 1402 2792 1456 ab
2823 1401 3082 1456 animatis
3115 1405 3444 1470 temperant,
3467 1413 3530 1453 ac
3558 1414 3684 1468 per-

2107 1505 2277 1568 pctuo
2305 1496 2418 1551 fere
2447 1495 2718 1565 jejunant.
2757 1492 2897 1547 Sunt
2933 1493 3076 1549 inter
3115 1493 3239 1547 illos
3273 1491 3368 1561 qui
3395 1490 3682 1560 virginita-

2106 1598 2216 1641 tem
2249 1588 2454 1651 colunt,
2498 1584 2589 1637 alii
2634 1583 3050 1637 continentiam.
3097 1579 3525 1636 Resurrecturos
3560 1596 3686 1635 esse

2109 1685 2363 1731 mortuos.
2405 1673 2659 1740 credunt,
2695 1673 2838 1744 quod
2867 1688 2898 1726 a
2927 1670 3395 1727 Samaritanorum
3434 1670 3686 1742 dogmate

2109 1766 2382 1821 abhorret.

507 1865 776 1921 Ἰουδαίων
835 1865 1076 1938 αἱρέσεις
1143 1866 1314 1920 ἑπτά·
1379 1865 1750 1936 Γραμματεῖς,
1818 1863 2010 1924 οἵτινες

2183 1855 2498 1911 Judaorum
2556 1865 2718 1910 secta
2750 1870 2980 1914 numero
3009 1871 3107 1919 vn,
3148 1871 3211 1910 ac
3257 1857 3432 1926 primo
3459 1852 3684 1911 Scriba.

423 1959 636 2032 νομικοὶ
673 1957 771 2030 μὲν
815 1954 976 2030 ἦσαν,
1005 1959 1099 2012 καὶ
1129 1957 1489 2028 Δευτερωταί
1523 1955 1873 2027 παραδόσεων
1898 1953 2006 2007 τῶν

423 2050 556 2122 παρ’
587 2049 770 2112 αὐτοῖς
801 2047 1209 2119 πρεσϐυτέρων,
1236 2049 1304 2118 τῇ
1336 2045 1692 2118 περιττοτέρᾳ
1722 2043 2010 2116 ἐθελοθρη-

426 2141 583 2213 σκείᾳ
608 2141 702 2212 ἕθη
747 2139 1127 2209 φυλάττοντες,
1163 2136 1278 2193 ἃού
1319 2139 1408 2192 διὰ
1432 2137 1526 2192 τοῦ
1558 2138 1721 2209 νόμου
1759 2136 2008 2208 μεμαθή-

424 2249 606 2296 κασιν,
639 2232 752 2286 ἀλλ’
785 2232 998 2294 ἑαυτοῖς
1028 2229 1315 2284 ὲτύπωσαν
1364 2229 1681 2301 σεϐάσματα
1711 2229 2010 2299 δικαιότητι

422 2325 525 2397 τῆς
556 2324 896 2397 νομοθεσίας.

494 2501 817 2574 Φαρισαῖοι,
867 2498 1292 2570 ἐρμηνευὸμενοι
1349 2496 1789 2565 Ἇφωρισμένοι,
1838 2495 1889 2548 οί
1952 2494 2014 2546 τὸ

425 2591 724 2663 ἀκρότατον
758 2589 1020 2660 βιοῦντες,
1049 2588 1144 2642 καὶ
1185 2587 1344 2659 δῆθεν
1368 2585 1478 2640 τῶν
1510 2587 1685 2641 ἄλλων
1713 2584 2014 2656 δοκιμώτε-

431 2699 531 2755 ροι.
577 2683 714 2753 Παρ⁹
743 2676 824 2746 οἷς
857 2681 953 2734 καὶ
997 2678 1206 2750 νεκρῶν
1239 2677 1558 2743 ἀνάστασις,
1598 2677 1675 2740 ὡς
1725 2678 1822 2730 καὶ
1864 2677 2016 2748 παρὰ

425 2773 540 2836 τοῖς
569 2770 976 2842 Γραμματεῦσι,
1012 2771 1106 2824 καὶ
1143 2771 1176 2840 ἡ
1225 2770 1356 2840 περὶ
1395 2768 1630 2837 ἀγγέλου
1656 2769 1676 2800 ³
1709 2766 1803 2820 τοῦ
1846 2765 2018 2818 Πνεύ-

432 2879 602 2935 ματος
632 2863 811 2931 ἁγίου,
846 2863 928 2916 ὅτι
978 2862 1093 2915 ἔστι
1152 2861 1570 2930 συγκατάθεσις.
1618 2857 1868 2912 Πολιτεία
1905 2859 2020 2912 διά-

433 2972 617 3027 φορος,
649 2955 947 3026 ἐγκράτεια
981 2955 1085 3017 ἕως
1113 2954 1329 3025 χρόνου,
1359 2954 1454 3006 καὶ
1501 2951 1769 3023 παρθενία
1797 2950 2020 3022 νηστεία

430 3064 494 3101 τε
536 3047 625 3100 διὰ
676 3045 772 3100 τοῦ
798 3045 1100 3110 Σαϐϐάτου,
1133 3044 1335 3114 ξεστῶν
1368 3044 1703 3116 καθαρισμοὶ
1731 3043 1826 3096 καὶ
1865 3042 2021 3096 πινά-

432 3153 546 3191 κων
578 3135 672 3190 καὶ
700 3136 994 3208 ποτηρίων,
1025 3137 1100 3200 ὡς
1131 3137 1226 3190 καὶ
1261 3137 1312 3189 οί
1350 3137 1726 3207 Γραμματεῖς,
1753 3133 2015 3188 ἀποδεκα-

435 3221 599 3286 τωσίς
623 3238 682 3275 τε
710 3223 804 3276 καὶ
829 3224 1074 3294 ἀπαρχαὶ
1135 3223 1229 3276 καὶ
1280 3222 1558 3293 ἐνδελεχὴς
1606 3219 1739 3292 εὐχὴ
1769 3222 1862 3274 καὶ
1890 3221 2021 3292 σχή-
2049 3216 2091 3272 C

437 3323 586 3376 ματα
630 3305 1123 3379 ὲθελοθρησκητικά
1162 3307 1262 3379 τῆς
1307 3305 1651 3377 ἐνδυμενείας
1686 3305 1774 3358 διά
1812 3322 1894 3358 τοι
1918 3303 2023 3374 τῆς

437 3400 774 3472 ἀμπεχόνης,
807 3404 901 3453 καὶ⁵
931 3400 1040 3454 τῶν
1063 3399 1406 3471 δαλματικῶν
1428 3401 1594 3472 ἤγουν
1625 3401 1903 3464 κολοϐίων,
1929 3401 2024 3455 καὶ

437 3491 533 3544 τοῦ
587 3492 904 3564 πλατυσμοῦ
947 3493 1057 3547 τῶν
1102 3493 1510 3566 φυλακτηρίων,
1554 3494 1802 3548 τουτέστι
1842 3493 2022 3565 σημά-

438 3601 547 3638 των
577 3586 676 3656 τῆς
702 3586 1007 3659 πορφύρας,
1036 3587 1130 3640 καὶ
1182 3587 1503 3658 κρασπέδων
1535 3588 1629 3640 καὶ
1668 3588 1899 3659 ροῒσκων
1934 3589 2027 3641 ἐπὶ

441 3676 510 3730 τὰ
537 3677 803 3749 πτερύγια
842 3681 940 3751 τῆς
980 3679 1316 3752 ἀμπεχόνης,
1363 3679 1522 3735 ἆτινα
1553 3679 1722 3734 ταῦτα
1763 3680 2026 3750 ἐτύγχανε

445 3771 646 3839 σημεῖα
673 3771 772 3842 τῆς
813 3772 944 3842 παρ’
975 3772 1158 3835 αὐτοῖς
1188 3773 1315 3843 ἄχρι
1366 3771 1558 3843 καιροῦ
1591 3773 1914 3843 ἐγκρατείας
1933 3789 1947 3802 °
1977 3771 2026 3824 οἳ

445 3857 541 3912 καὶ
573 3860 965 3933 παρεισέφερον
993 3861 1206 3929 γένεσιν
1235 3861 1328 3914 καὶ
1358 3861 1720 3934 εἱμαρμένην.

520 4131 885 4198 Σαδδουκαῖοι,
926 4137 975 4187 οἱ
1002 4136 1428 4209 ἐρμηνευόμενοι
1461 4138 1824 4204 Δικαιότατοι,
1857 4142 1906 4195 οἳ
1941 4143 2034 4196 καὶ

2109 1949 2248 2020 legis
2280 1949 2442 2020 periti
2475 1957 2529 2005 et
2561 1948 2916 2004 traditionum
2948 1963 3087 2019 quas
3120 1965 3150 2003 a
3181 1948 3488 2003 senioribus
3532 1961 3689 2001 acce-

2108 2051 2302 2112 perant
2350 2048 2404 2097 et
2433 2040 2748 2096 Deutcroses
2771 2041 3060 2106 vocabant,
3101 2042 3484 2095 observatores
3511 2037 3685 2103 fuere;

2111 2147 2176 2187 ac
2209 2133 2349 2188 ritus
2395 2147 2589 2188 omnes
2636 2132 3075 2203 superstitiosius
3115 2131 3327 2186 cateris
3359 2145 3422 2184 ac
3460 2129 3692 2200 diligen-

2112 2224 2223 2279 tius
2279 2231 2593 2290 tenuerunt,
2645 2240 2787 2296 quos
2824 2239 2936 2279 non
2973 2239 3005 2279 e
3053 2225 3169 2295 lege
3215 2221 3538 2285 did-icerant,
3592 2218 3690 2275 sed

2113 2314 2470 2384 sibimetipsis
2504 2323 2764 2386 tanquam
2812 2314 3043 2385 justitia
3069 2315 3206 2385 legis
3239 2313 3542 2384 singulares
3573 2310 3692 2366 cul-

2113 2415 2204 2464 tus
2234 2423 2300 2463 ac
2327 2409 2681 2464 caremonias
2711 2406 3042 2462 indixerant.

2168 2498 2487 2567 .Pharisai,
2544 2515 2685 2570 quos
2734 2498 3043 2570 Segregatos
3088 2493 3434 2564 interpretari
3488 2491 3690 2562 possis,

2116 2593 2208 2664 qui
2239 2592 2647 2649 sanctissimam
2678 2593 2804 2646 vita
2829 2592 3098 2646 rationem
3124 2587 3386 2659 professi,
3421 2584 3696 2656 probitate

2118 2685 2330 2740 caeteris
2387 2684 2711 2740 antecellere
2759 2683 3108 2738 videbantur.
3159 2679 3496 2735 Mortuorum
3551 2677 3695 2748 apud

2118 2774 2242 2830 illos
2283 2774 2618 2829 resurrectio
2680 2782 2740 2827 ut
2783 2781 2840 2828 et
2884 2773 3028 2842 apud
3096 2771 3320 2827 Scribas
3362 2768 3693 2825 defenditur.

2119 2867 2289 2921 Iidem
2336 2867 2588 2937 angelum
2620 2879 2685 2920 ac
2713 2865 2976 2936 Spiritum
3020 2872 3272 2920 sanctum
3299 2877 3421 2918 esse
3447 2878 3560 2918 non
3597 2877 3698 2916 ne-

2122 2967 2272 3030 gant.
2313 2957 2445 3013 Vita
2473 2957 2734 3012 eximium
2762 2959 3076 3013 institutum
3101 2972 3214 3027 pra
3251 2969 3311 3010 se
3341 2955 3544 3020 ferunt,
3564 2969 3700 3009 con-

2125 3049 2408 3103 tinentiam
2439 3057 2649 3104 certum
2693 3047 2760 3102 ad
2809 3055 3028 3118 tempus
3065 3061 3131 3102 ac
3158 3046 3524 3117 virginitatem
3563 3061 3702 3116 quo-

2124 3153 2232 3208 que
2275 3138 2614 3207 suscipiunt,
2664 3136 2750 3192 bis
2797 3135 3137 3192 hebdomada
3170 3150 3386 3206 quaque
3428 3134 3700 3205 jejunare,

2125 3244 2321 3285 urceos
2369 3243 2433 3284 ac
2481 3228 2668 3284 discos
2701 3237 2753 3283 et
2802 3228 2997 3298 pocula
3048 3228 3248 3297 sapius
3292 3227 3495 3291 eluere,
3545 3233 3609 3280 ut
3648 3235 3704 3282 et

2127 3318 2354 3383 Scriba,
2390 3318 2538 3373 soliti
2569 3332 2585 3370 :
2619 3316 2687 3371 ad
2734 3317 2850 3372 hac
2899 3318 3109 3388 1117
3155 3315 3397 3371 decimas
3423 3323 3478 3370 et
3510 3315 3706 3387 primi-

2125 3413 2232 3468 tias
2259 3411 2476 3476 oﬂ‘erre,
2525 3411 2749 3466 assidue
2783 3411 3022 3480 precari,
3070 3416 3255 3464 certos
3299 3408 3483 3462 cultus
3515 3423 3579 3463 ac
3610 3423 3706 3462 su-

2126 3504 2445 3576 perstitiosa
2493 3505 2949 3559 vestimentorum
3001 3516 3200 3574 genera
3251 3500 3528 3556 curiosius
3574 3500 3706 3556 affe-

2128 3605 2314 3659 ctare,
2349 3594 2664 3663 cujusmodi
2713 3603 2842 3648 sunt
2889 3592 3194 3647 dalmatica
3231 3591 3347 3646 sive
3379 3590 3614 3654 colobia,
3654 3598 3708 3642 et

2130 3685 2324 3740 latiora
2385 3687 2632 3756 quadam
2712 3684 3084 3754 phylacteria,
3131 3682 3234 3736 hoc
3281 3689 3366 3736 est
3427 3689 3706 3751 segmenta

2132 3789 2430 3845 purpurea,
2460 3781 2515 3828 et
2563 3773 2792 3830 fimbria
2870 3787 2934 3827 ac
2975 3772 3352 3842 malogranata
3379 3772 3447 3826 ad
3473 3771 3707 3826 vestiqu

2131 3882 2260 3921 oras
2289 3880 2526 3936 appensa
2549 3903 2564 3927 ,
2600 3879 2722 3934 qua
2757 3865 3000 3934 ipsorum
3036 3864 3383 3934 temporaria
3420 3865 3711 3917 continen-

2133 3956 2223 4011 tia
2249 3956 2404 4026 signa
2446 3955 2831 4024 praeferebant.
2869 3951 3038 4009 Iidem
3069 3962 3355 4024 postremo
3385 3969 3615 4024 geneses
3647 3969 3712 4008 ac

2136 4048 2306 4102 fatum
2345 4046 2785 4101 iutroducebant.

2209 4137 2526 4194 Sadducais
2577 4137 2646 4190 ab
2697 4134 3046 4191 exactissima
3085 4133 3305 4204 justitia
3357 4149 3559 4189 nomen
3604 4143 3711 4190 est.

451 4224 517 4277 ὲκ
538 4223 727 4292 γένους
763 4225 860 4295 μὲν
898 4222 1039 4298 ἦσαν
1065 4227 1438 4300 Σαμαρειτῶν,
1463 4231 1598 4302 ὁμοῦ
1628 4231 1684 4285 δὲ
1713 4234 1806 4285 καὶ
1845 4234 2016 4305 ἱερέως

2137 4231 2240 4297 Qui
2271 4246 2302 4285 e
2333 4229 2808 4285 Samaritanorum
2855 4241 3056 4299 genere
3087 4241 3118 4279 a
3162 4226 3448 4281 sacerdote
3475 4226 3714 4296 quodam

452 4314 680 4378 Σαδοὺκ,
723 4317 932 4388 νεκρῶν
987 4318 1083 4388 μὲν
1117 4319 1416 4373 ἀνάστασιν
1443 4321 1786 4392 ἀρνούμενοι,
1819 4324 1914 4376 καὶ
1959 4325 2016 4394 μί

2140 4323 2319 4380 Sadoc
2366 4333 2548 4380 ortum
2596 4323 2928 4379 habuerunt.
2984 4320 3320 4376 Mortuorum
3356 4324 3716 4389 resurrectio-

455 4408 887 4480 παραδεχόμενοι
935 4410 1164 4480 ἄγγελον
1207 4412 1342 4484 μηδὲ
1382 4413 1633 4484 πνεῦμα,
1677 4415 1746 4469 τὰ
1785 4414 1842 4468 δὲ
1875 4415 2016 4469 λοιπέ

2139 4433 2262 4472 nem
2290 4416 2576 4479 damnant,
2612 4415 2864 4485 angelum
2920 4427 2984 4468 ac
3030 4411 3288 4481 spiritum
3333 4412 3582 4469 funditus
3616 4427 3717 4465 ne-

456 4500 634 4554 πάντα
666 4501 815 4566 ὄντες
852 4503 1108 4557 Ἰουδαῖοι.
1799 4537 1810 4545 ·

2141 4517 2294 4581 gant,
2331 4517 2529 4563 caetera
2557 4506 2870 4562 Judaorum
2905 4507 3133 4563 similes.

539 4593 1071 4676 Ἥμεροϐαπτισταῖ,
1129 4595 1180 4648 οἳ
1233 4595 1332 4666 μὲν
1377 4595 1518 4650 κατὰ
1569 4598 1744 4652 πάντα
1797 4598 2016 4652 Ἰουδαῖο

2216 4601 2705 4671 Hemerobaptista
2735 4599 2874 4653 nihil
2902 4601 2971 4653 ab
2991 4598 3195 4655 Judais
3225 4605 3584 4667 praeterquam
3615 4595 3723 4650 hoc

456 4678 618 4754 ¹ἦσαν,
655 4682 891 4753 ἔφασκον
927 4683 984 4736 δὲ
1025 4685 1228 4755 μηδένα
1273 4685 1420 4756 ζωῆς
1464 4687 1685 4741 αἰωνίου
1726 4690 2015 4759 τυγχάνειν

2143 4707 2255 4746 uno
2279 4691 2682 4762 discreparunt,
2711 4691 2857 4760 quod
2892 4691 3165 4746 neminem
3188 4702 3407 4743 aterna
3427 4689 3551 4741 vita
3569 4699 3720 4740 cam-

459 4777 508 4827 εί
545 4775 618 4846 μή
645 4791 697 4828 τι
724 4773 790 4828 ἂν
819 4775 940 4828 καθ’
972 4776 1211 4847 ἑκάστην
1242 4776 1577 4848 βαπτίζοιτο.

2145 4790 2330 4852 potem
2373 4797 2498 4836 esse
2541 4796 2704 4852 posse
2750 4781 3034 4846 dicerent,
3096 4780 3203 4834 nisi
3248 4777 3493 4849 quotidie
3540 4791 3600 4832 se
3643 4777 3723 4831 la-

2144 4878 2320 4926 varet.

2219 4961 2438 5023 Osseni,
2465 4976 2700 5030 quorum
2737 4975 2940 5016 nomen
2971 4959 3393 5014 Procacissimos
3426 4957 3720 5030 significat.

2145 5051 2248 5119 Qui
2283 5069 2350 5106 ex
2382 5053 2705 5122 prascripto
2745 5054 2880 5123 legis
2903 5055 3085 5107 omnia
3110 5053 3420 5116 faciebant;
3459 5051 3554 5105 sed
3587 5051 3726 5103 alias

463 5132 558 5184 καὶ
582 5131 826 5202 Γραφαῖς
857 5132 1071 5203 ἑτέραις
1093 5135 1232 5204 μετὰ
1255 5134 1345 5188 τὸν
1366 5135 1529 5204 νόμον
1545 5151 1566 5178 ·.
1591 5137 1717 5199 τοὺς
1744 5137 1802 5189 δὲ
1831 5137 2015 5192 πλείου

2149 5151 2409 5210 praeterea
2429 5143 2746 5211 Scripturas
2774 5143 3128 5207 adhibebant,
3155 5153 3210 5196 et
3237 5159 3302 5198 ex
3327 5142 3728 5212 posterioribus

463 5222 573 5276 τῶν
612 5224 908 5293 μετέπειτα
937 5225 1233 5296 προφητῶν
1265 5225 1649 5279 άπεϐάλλοντο.

2149 5234 2430 5302 prophetis
2465 5235 2758 5304 plerosque
2795 5235 3138 5303 rejiciebant.

532 5315 904 5388 Νασσαραῖοι,
958 5319 1010 5370 oi
1059 5317 1485 5390 ἑρμηνευόμενοι
1525 5320 1949 5388 Ἀφηνιασταὶ,
2001 5339 2016 5374 ι

2220 5324 2573 5394 Nassaraos,
2608 5327 2959 5382 Comumaces
2997 5328 3350 5397 interpretari
3393 5329 3598 5398 possis,
3633 5329 3727 5398 qui

543 4947 813 5018 Ὀσσηνοὶ,
839 4947 888 5001 οἳ
915 4948 979 5020 δὴ
1017 4947 1380 5018 Ἰταμώτατοι
1425 4952 1841 5024 ἐρμηνεύονται.
1861 4950 2043 5009 Ἦσαν

459 5037 518 5092 δὲ
551 5031 696 5092 οῦτοι
720 5039 861 5092 κατὰ
887 5040 1064 5092 πάντα
1088 5040 1177 5092 τὸν
1203 5040 1364 5111 νόμον
1388 5041 1692 5108 τελοῦντες,
1724 5044 1963 5115 ἐχρῶντο
1987 5045 2046 5098 δὲ

539 5469 558 5502 ¹
589 5469 713 5525 Cor.
747 5470 1008 5544 Μωῦσῆν.
1085 5473 1104 5502 ’
1139 5470 1267 5526 For.
1303 5472 1586 5542 Ἀγγέλου,
1622 5476 1736 5528 καί.

2141 5671 2206 5709 ac
2230 5656 2525 5728 benignum
2579 5657 2839 5712 lectorem
2892 5657 3089 5727 exigit,
3125 5673 3288 5729 quam
3332 5672 3646 5716 accuratum
3680 5671 3734 5716 et

2141 5742 2412 5852 ﬁevqrum.
2463 5729 2662 5785 Confer
2713 5745 2833 5798 qua
2891 5733 3081 5785 eodem
3140 5733 3196 5784 in
3252 5731 3373 5784 loco
3435 5731 3598 5789 habet
3651 5747 3735 5789 ut

2183 5813 2245 5852 0c
2276 5814 2360 5852 us.

2183 5813 2360 5854 OCIUS.

537 5655 1031 5727 (ΗλΓρροθηνοί,
1064 5660 1168 5708 etc.
1206 5652 1283 5727 Ea
1314 5651 1881 5727 Epiphanii‘partitio,
1917 5671 2035 5710 mo-

469 5721 881 5781 neitte'Petavio
938 5726 990 5779 iu
1026 5721 1514 5780 Animadveréibne
1563 5721 1804 5780 all—hanc
1841 5731 2035 5781 Sama-

467 5798 770 5852 ritanorum
803 5805 1030 5862 sectam,
1061 5805 1114 5851 et
1147 5797 1368 5868 quidem
1403 5797 1575 5863 bene,
1611 5811 1826 5868 aquum
1861 5800 2033 5869 magis
