4118 6402
470 377 570 434 δι’]

1863 361 1920 415 S.
1964 357 2303 416 EPIPHANII

3622 359 3729 414 διδ

468 491 654 550 carnis
685 503 788 545 usu
827 500 1052 558 prorsus
1089 480 1423 538 interdicunt
1459 497 1471 533 :
1509 479 1578 532 ah
1631 476 1885 530 animatis
1920 473 2043 530 abs-

2155 477 2334 528 πᾶσαν
2365 476 2744 547 σαρκοφαγίαν
2775 473 3224 546 ἀπαγορεύουσιν,
3253 472 3511 544 ἐμψύχων
3538 474 3593 528 δέ
3617 476 3729 528 οὐδ’

470 584 668 644 tinent,
736 573 1080 648 patriarchas
1111 584 1303 626 omnes
1344 567 1438 638 qui
1471 567 1527 620 in
1573 561 1943 619 Pentateucho
1977 561 2043 614 ad

472 672 676 744 Moysis
732 679 786 724 et
823 665 955 723 Jesu
1002 664 1100 719 lilii
1164 659 1313 717 Nave
1355 669 1602 729 tempora
1652 653 2042 714 continentur,

476 763 757 819 asciscunt
819 765 874 813 et
916 757 984 812 iis
1037 753 1196 810 [idem
1244 750 1543 806 adhibent:
1582 744 1888 817 cujusmodi
1916 749 2046 799 sunt

429 855 749 911 -Abraham
798 859 855 907 et
926 848 1081 906 isaac
1153 854 1210 900 et
1265 841 1436 898 Jacob
1498 841 1676 910 iisque
1733 836 2045 906 superiores

475 961 689 1009 omnes,
735 953 950 1000 necnon
999 951 1055 994 et
1087 937 1304 1010 Moyses
1338 935 1454 1006 ipse
1479 949 1606 988 cum
1635 933 1851 985 Aarone
1881 935 2046 998 atque

472 1040 621 1096 Jesu.
646 1035 914 1092 Caeterum
955 1029 1310 1088 Pentateuchi
1355 1026 1632 1082 volumina
1677 1021 1882 1094 Moysis
1923 1033 2046 1075 esse

477 1148 585 1188 non
620 1138 848 1202 putant,
882 1134 937 1182 et
981 1125 1087 1180 alia
1135 1123 1205 1178 ab
1257 1122 1326 1177 iis
1354 1120 1570 1174 diversa
1599 1130 1768 1187 penes
1816 1129 1876 1170 se
1921 1125 2046 1167 esse

469 1225 742 1280 iactitant.

490 1243 742 1280 acutam.

462 1243 481 1296 J
537 1311 838 1370 Herodiani
872 1323 999 1364 cum
1031 1305 1249 1361 Judaeos
1279 1302 1334 1356 in
1363 1299 1622 1357 omnibus
1655 1311 1776 1353 sese
1816 1301 2046 1366 praesta-

465 1414 609 1471 rent,
638 1403 910 1459 Herodem
942 1398 1225 1456 Christum
1259 1410 1382 1451 esse
1428 1389 1848 1463 proﬁtebantur,
1882 1384 2046 1455 eique

466 1496 674 1553 Christi
698 1492 1022 1566 dignitatem
1058 1502 1123 1544 ac
1153 1501 1354 1542 nomen
1381 1481 1731 1553 aﬂingebant.

540 1588 761 1644 Primus
785 1586 891 1640 iste
927 1591 1112 1638 tomus
1149 1586 1235 1635 est
1261 1577 1354 1649 qui
1381 1576 1618 1630 haereses
1647 1587 1720 1626 xx
1754 1568 1998 1626 continet
2027 1581 2040 1618 :

465 1691 520 1736 et
569 1680 624 1734 in
657 1677 850 1733 eodem
897 1675 966 1729 de
1016 1670 1392 1727 incarnatione
1429 1665 1638 1722 Christi
1689 1677 1754 1717 ac
1796 1659 2046 1717 veritatis

467 1769 810 1841 professione
836 1780 957 1837 quae
997 1778 1106 1819 una
1155 1778 1210 1817 et
1264 1761 1383 1816 sola
1431 1769 1515 1815 est
1566 1756 1662 1812 Dei
1707 1768 1837 1810 vera
1885 1752 2040 1816 ﬁdes,

469 1872 750 1934 postremo
779 1859 902 1914 loco
930 1855 1242 1912 disseritur.

535 1953 815 2008 Hactenus
840 1950 1024 2020 itaque
1057 1962 1127 2001 xx
1165 1945 1380 2000 illarum
1415 1942 1696 1998 haereseon
1728 1954 1851 2011 quae
1878 1937 2043 1994 Chri-

465 2057 612 2105 stum
639 2051 1056 2100 antecesscrunt
1105 2039 1413 2096 confutatio
1468 2052 1534 2092 ac
1589 2035 1716 2092 ﬂdei
1761 2042 1816 2091 et
1859 2034 2044 2089 incar-

466 2139 708 2196 nationis
741 2136 946 2192 Christi
969 2133 1251 2190 declarata
1281 2133 1424 2186 ratio
1446 2139 1552 2185 est.

562 2232 780 2303 1118
842 2227 948 2284 Sed
1009 2243 1039 2284 e
1080 2226 1310 2297 vestigio
1368 2223 1574 2280 Christi
1629 2221 1757 2277 Jesu
1820 2219 2038 2275 Domini

465 2325 640 2380 nostri
689 2323 955 2376 adventus
1012 2322 1068 2372 in
1115 2331 1284 2372 carne
1317 2321 1650 2370 consecutus
1679 2318 1796 2377 est,
1842 2313 1934 2382 qui
1991 2321 2046 2367 et

463 2433 540 2471 vn
579 2416 701 2469 illas
747 2413 986 2467 hereses
1020 2409 1413 2479 Hierosolymis
1447 2404 1695 2469 oii‘endit,
1729 2411 1783 2459 et
1818 2404 2039 2459 easdem

468 2525 568 2566 sua
603 2508 656 2561 vi
685 2505 974 2576 dissipavit
999 2513 1054 2559 et
1084 2502 1370 2558 exstinxit.
1414 2498 1782 2566 Quamobrem
1819 2497 2044 2566 reliquae

463 2614 656 2655 omnes
707 2597 944 2653 haereses
985 2594 1221 2649 adventu
1268 2594 1360 2647 illo
1405 2592 1740 2664 posteriores
1776 2592 2041 2644 fuerunt:

467 2692 726 2747 nimirum
755 2698 1046 2760 postquam
1075 2685 1244 2740 Maria
1265 2687 1419 2756 virgo
1450 2682 1706 2739 Nazareti
1742 2699 1771 2736 a
1792 2680 2043 2737 Gabricle

465 2784 746 2838 cmlestem
781 2781 1035 2836 nuntium
1079 2778 1316 2849 accepit,
1354 2791 1418 2830 ac
1457 2774 1694 2830 Verbum
1735 2773 1869 2829 illud
1912 2789 2048 2828 con-

464 2885 683 2945 ceptum
720 2882 827 2938 est,
865 2871 1013 2944 quod
1063 2872 1283 2926 coalitus
1317 2884 1346 2925 e
1385 2875 1615 2942 paterno
1649 2868 1774 2923 sinu
1818 2867 2042 2939 prodiit.

467 2977 594 3022 ante
649 2976 865 3037 tempus
911 2972 1076 3035 atque
1127 2963 1344 3016 initium
1390 2975 1554 3016 omne
1591 2959 1943 3031 productum,
1991 2967 2046 3014 et

461 3060 721 3114 extremis
738 3056 1077 3128 temporibus
1100 3055 1248 3110 venit
1277 3053 1419 3108 Deus
1434 3051 1672 3108 Verbum
1701 3051 1994 3114 exsistcns,
2015 3065 2046 3104 a

2073 1822 2118 1880 Β

2145 569 2283 631 ὅλως
2326 566 2852 637 μεταλαμϐάνουσιν.
2905 568 3067 638 Ἀχρι
3101 565 3158 620 δὲ
3190 567 3469 630 Μωῦσέως
3491 567 3586 621 καὶ
3621 569 3727 638 ’1η-

2149 656 2244 710 σοῦ
2277 656 2372 710 τοῦ
2403 657 2559 726 Ναυῆ
2590 659 2788 720 τοῖς.ἐν
2817 658 2884 726 τῇ
2912 655 3270 728 Πεντατεύχφ
3297 656 3473 725 ἁγίοις
3501 655 3727 727 ὀνόμασι

2149 748 2505 822 πατριαρχῶν
2539 747 2870 818 κεχρημένοι
2898 764 2958 802 τε
2983 747 3076 800 καὶ
3105 745 3474 812 πιστεύοντες,
3507 747 3650 818 φημὶ
3669 747 3724 800 δέ

2160 839 2411 912 Ἀϐραὰμ
2447 839 2542 891 καὶ
2582 838 2770 891 Ἰσαὰκ
2805 837 2901 892 καὶ
2940 836 3136 891 Ἰακὼὸ
3173 839 3268 891 καὶ⁵
3297 837 3407 890 τῶν
3441 838 3722 896 ἀνωτάτω.

2147 931 2242 984 καὶ
2282 930 2449 985 αὐτοῦ
2494 930 2774 994 Μωῦσέως
2826 931 2919 984 καὶ
2977 928 3187 1001 ’Δαρὼν
3235 929 3330 983 καὶ
3367 928 3560 1000 Ἰησοῦ.
3617 929 3725 993 Τὰς

2145 1021 2202 1074 δέ
2261 1022 2360 1092 τῆς
2407 1021 2776 1091 Πεντατεύχου
2828 1021 3052 1092 Γραφάς
3103 1021 3203 1074 οὐκ
3266 1015 3407 1073 εἶναι
3450 1021 3727 1085 Μωῦσέως

2144 1109 2585 1184 δογματίζουσιν,
2628 1111 2794 1176 ἀλλας
2830 1111 2888 1166 δὲ
2926 1112 3079 1184 παρά
3122 1111 3326 1175 ταύτας
3369 1110 3512 1181 ἔχειν
3541 1110 3724 1165 διαδε-

2147 1203 2447 1259 ϐαιοῦνται.

2227 1296 2568 1367 Ἦρωδιανοὶ,
2614 1296 2664 1349 οἳ
2713 1295 2949 1350 Ἰουδαῖοι
3001 1295 3100 1366 μὲν
3143 1289 3284 1366 ἦσαν
3336 1294 3477 1348 κατὰ
3527 1294 3725 1353 πάντα,

2157 1385 2403 1460 Ἡρώδην
2449 1387 2508 1440 δέ
2554 1386 2789 1459 Χριστὸν
2824 1387 3196 1459 προσεδόκων,
3240 1387 3334 1440 καὶ
3379 1385 3554 1456 τούτῳ
3601 1387 3729 1458 περὶ

2145 1479 2244 1534 τοῦ
2279 1479 2518 1551 Χριστοῦ
2550 1479 2828 1534 ἐπεδίδουν
2853 1479 2992 1552 γέρα
3021 1479 3116 1532 καὶ
3146 1478 3337 1550 ὄνομα.

2217 1565 2385 1636 Οὗτος
2433 1571 2649 1643 πρῶτος
2688 1573 2854 1642 τόμος
2903 1572 3174 1644 περιέχων
3215 1571 3356 1626 κατά
3395 1569 3586 1627 πασῶν
3617 1556 3731 1626 τῶν

2145 1668 2350 1721 εἴκοσιν
2373 1668 2669 1737 αἱρέσεων·
2709 1666 2767 1718 ἐν
2794 1664 2941 1735 αὑτῷ
2964 1665 3022 1718 δὲ
3043 1665 3137 1718 καὶ
3155 1665 3189 1735 ή
3219 1664 3346 1735 περὶ
3374 1663 3473 1735 τῆς
3489 1661 3727 1735 Χριστοῦ

2147 1758 2405 1830 ἐνδημίας
2438 1759 2716 1822 ὑπόθεσις,
2769 1759 2863 1810 καὶ
2892 1759 2925 1829 ὴ
2953 1757 3052 1828 τῆς
3083 1755 3338 1828 ἀληθείας
3375 1754 3658 1827 ὁμολογία,
3691 1756 3725 1826 ἡ

2149 1851 2248 1922 μία
2274 1852 2368 1904 καὶ
2402 1850 2538 1922 μόνη
2559 1845 2696 1904 οὖσα
2721 1850 2814 1903 τοῦ
2845 1848 2981 1903 Θεοῦ
3011 1849 3216 1921 ἀληθὴς
3251 1849 3455 1913 πίστις.

2219 1945 2330 1998 Καὶ
2371 1945 2476 2008 ἕως
2510 1946 2606 2014 μὲν
2632 1937 2734 1997 ὧδε
2774 1946 2808 2015 σή
2839 1943 2948 1998 τῶν
2991 1943 3099 2015 πρὸ
3135 1942 3370 2015 Χριστοῦ
3400 1942 3607 1996 εἴκοσιν
3645 1945 3730 1997 αι-

2152 2038 2353 2110 ρέσεων
2387 2038 2684 2107 ἀντιλογία,
2728 2039 2822 2091 καὶ
2865 2038 2995 2108 περὶ
3034 2037 3272 2100 πίστεως
3306 2035 3402 2089 καὶ
3449 2035 3580 2107 περὶ
3628 2036 3728 2108 τῆς

2147 2133 2414 2204 ἐνσάρκου
2442 2131 2535 2184 τοῦ
2570 2131 2805 2202 Χριστοῦ
2841 2129 3164 2200 παρουσίας.

2219 2223 2396 2289 Εὐθὺς
2428 2223 2740 2294 ἐπεδήμησε
2781 2223 2922 2275 κατά
2951 2221 3117 2284 πόδας
3143 2222 3178 2292 ἡ
3209 2220 3302 2275 τοῦ
3333 2221 3540 2293 Κυρίου
3572 2219 3728 2292 Ιήμῶν

2161 2316 2335 2387 Ἰησοῦ
2371 2316 2607 2388 Χριστοῦ
2641 2315 2904 2386 ένσαρκος
2939 2314 3212 2396 παρουσία
3239 2316 3279 2378 ¹,
3314 2315 3435 2385 ἥτις
3462 2314 3726 2368 κατέλαϐε

2150 2408 2331 2480 (πρὸς)
2363 2407 2462 2470 τὰς
2489 2407 2891 2479 προειρημένας
2920 2409 3060 2461 ἐπτά
3085 2407 3324 2477 αἱρέσεις
3346 2409 3404 2460 ἐν
3430 2407 3526 2478 (δὲ)
3569 2406 3729 2479 Ἰερο-

2150 2499 2424 2570 σολύμοις,
2447 2499 2636 2552 ἔσϐεσε
2677 2500 2734 2554 δὲ
2761 2499 2964 2562 ταύτας
2994 2501 3027 2571 η
3060 2498 3225 2553 αὑτοῦ
3251 2499 3478 2570 δύναμις
3504 2499 3597 2553 καὶ
3624 2499 3730 2552 διεο

2150 2592 2396 2646 σκέδασε.
2427 2591 2626 2645 Λοιπὸν
2649 2591 2705 2644 δὲ
2735 2590 2842 2644 ἀπὸ
2872 2591 2970 2662 τῆς
2999 2589 3164 2644 αὑτοῦ
3204 2590 3522 2661 ἐπιδημίας,
3543 2592 3563 2622 ²
3591 2589 3729 2660 μετά

2148 2684 2208 2738 τὸ
2251 2684 2702 2756 εὐαγγελισθῆναι
2735 2682 2968 2756 Μαριὰμ
3014 2685 3072 2737 ἐν
3117 2681 3393 2755 Ναζαρὲτ,
3433 2684 3526 2736 καὶ
3557 2699 3701 2735 συνει

2149 2777 2413 2849 ληφθέναι
2439 2777 2529 2831 τὸν
2553 2778 2724 2846 Λόγον
2752 2779 2842 2830 τὸν
2875 2778 3002 2831 ὄντα
3030 2778 3122 2831 ἀπ’
3153 2775 3385 2847 οὐρανοῦ
3418 2777 3484 2829 ἐκ
3514 2775 3729 2828 κόλπων

2148 2868 2419 2941 πατρῴων
2437 2870 2834 2940 γεγεννημένον
2853 2869 3097 2941 ἀχρόνως
3113 2870 3206 2921 καὶ
3221 2869 3489 2941 ἀνάρχως.
3511 2867 3729 2921 ἐλθόντα

2146 2962 2203 3016 δὲ
2243 2962 2330 3016 ἐπ’
2364 2963 2626 3032 ,ἐσχάτων
2684 2962 2792 3016 τῶν
2836 2962 3060 3037 ἡμερῶν
3089 2962 3222 3016 Θεὸν
3266 2963 3436 3031 Λόγον
3473 2962 3621 3019 ὖντα,
3665 2964 3727 3014 ὲκ

2148 3051 2284 3105 Θεοῦ
2315 3052 2528 3122 Πατρός
2555 3050 2822 3122 ἀληθινῶς
2847 3053 3265 3123 γεγεννημένον,
3293 3051 3577 3122 ὁμοούσιον
3599 3051 3730 3106 ὄντα

465 3151 574 3208 Deo
620 3151 779 3206 Patre
841 3164 1027 3206 revera
1101 3152 1318 3220 genitus
1383 3143 1739 3215 ejusdemque
1781 3158 1906 3198 cum
1953 3143 2043 3196 illo

2148 3144 2224 3215 τῷ
2251 3146 2444 3216 Πατρὶ,
2485 3147 2579 3198 καὶ
2604 3144 2756 3199 οὐδὲν
2787 3145 2937 3217 παρά
2959 3145 3049 3199 τὸν
3082 3145 3304 3218 Πατέρα
3341 3145 3725 3216 ἠλλοιωμένον.

464 3243 809 3308 substantiae,
850 3257 951 3298 nec
985 3242 1095 3296 ulla
1127 3257 1184 3296 re
1209 3256 1239 3295 a
1263 3239 1425 3296 Patre
1454 3247 1717 3304 mutatus,
1747 3237 1840 3294 sed
1873 3236 2041 3291 vicis-

463 3335 724 3391 situdinis
760 3349 823 3390 ac
854 3333 1181 3389 mutationis
1211 3340 1265 3387 et
1297 3331 1601 3386 aﬂ'ectionis
1634 3331 1814 3385 omnis
1845 3343 2042 3399 expers

462 3436 516 3483 et
561 3428 700 3482 citra
733 3428 900 3481 ullam
945 3426 1110 3480 animi
1166 3426 1615 3479 commotionem.
1641 3421 1746 3488 Qui
1781 3437 1906 3476 cum
1947 3437 2042 3492 ge-

468 3519 619 3574 neris
666 3520 843 3574 nostri
885 3519 1146 3574 misertus
1191 3515 1352 3579 foret,
1385 3515 1674 3571 descendit
1712 3530 1743 3569 e
1786 3514 1948 3579 cmlo,
1980 3528 2043 3568 ac

474 3613 532 3664 t’e
583 3608 790 3681 Spiritu
839 3619 1050 3672 sancto,
1078 3623 1188 3662 non
1214 3623 1245 3662 e
1285 3607 1427 3661 virili
1481 3606 1692 3662 semine
1721 3615 2040 3677 conceptus,

469 3718 655 3759 verum
685 3716 889 3771 corpus
923 3716 953 3756 e
986 3699 1155 3753 Maria
1191 3699 1454 3769 suscepit,
1489 3713 1613 3753 cum
1641 3714 1671 3754 e
1703 3709 1895 3753 sancto
1923 3699 2044 3768 ejus

468 3805 629 3851 utero
664 3808 886 3848 carnem
930 3793 1036 3846 sibi
1069 3791 1341 3854 tinxisset,
1368 3791 1773 3856 humanamque
1805 3791 2042 3845 animam

464 3901 518 3944 ct
563 3899 797 3943 mentem
848 3887 1154 3951 induisset;
1198 3899 1261 3938 ac
1307 3882 1574 3955 quidquid
1605 3884 1831 3938 omnino
1879 3885 2045 3940 homo

464 3990 567 4046 est,
612 3987 813 4050 praeter
857 3985 1143 4048 peccatum
1170 4018 1185 4044 ,
1222 3991 1410 4032 secum
1469 3991 1534 4030 ac
1578 3991 1704 4030 cum
1758 3975 2046 4032 divinitate

467 4089 565 4127 sua
597 4071 930 4142 copulasset.
977 4067 1109 4124 Inde
1150 4066 1486 4122 Bethlehemi
1521 4067 1574 4121 in
1613 4067 1788 4121 lucem
1824 4066 2042 4132 editus,

471 4173 636 4234 atque
671 4162 1056 4223 circumcisus,
1106 4157 1498 4229 Hierosolymis
1533 4159 1751 4212 oblatus
1785 4165 1901 4225 est;
1947 4158 2048 4212 ibi-

467 4271 574 4323 que
601 4270 631 4308 a
656 4253 926 4326 Symeone
958 4253 1099 4307 inter
1126 4249 1349 4305 brachia
1383 4258 1692 4320 susceptus,
1709 4258 1762 4304 et
1795 4251 1864 4304 ab
1890 4250 2046 4304 Anna

467 4349 764 4403 Phanuelis
805 4347 913 4400 ﬁlia
950 4345 1300 4418 prophetissa
1331 4344 1685 4414 praedicatus,
1720 4343 2045 4398 Nazaretum

465 4443 782 4512 deportatus
814 4448 920 4495 est.
953 4437 1092 4494 Tum
1137 4453 1282 4492 anno
1333 4437 1580 4507 sequenti
1623 4452 1681 4492 se
1709 4451 1894 4490 coram
1935 4435 2046 4490 Deo

2144 3239 2259 3293 ἀλλ’
2291 3239 2560 3311 ἄτρεπτον
2596 3240 2727 3293 ὄντα
2767 3240 2859 3294 καὶ
2892 3240 3250 3294 ἀναλλοίωτον
3273 3240 3457 3312 ἀπαθῆ
3488 3257 3548 3293 τε
3570 3239 3726 3302 ὅλως,

2148 3332 2538 3403 συμπάσχοντα
2572 3332 2630 3385 δέ
2668 3331 2744 3403 τῷ
2775 3332 3030 3405 ἡμετέρῳ
3074 3333 3241 3401 γένει,
3270 3334 3364 3386 καὶ
3387 3331 3609 3386 ἐλθόντα
3631 3315 3730 3384 ἀπ’

2145 3422 2399 3494 οὐρανοῦ,
2443 3423 2886 3494 ἐγκυμονηθέντα
2913 3426 3013 3478 οὐκ
3046 3423 3153 3478 ἀπὸ
3178 3424 3492 3497 σπέρματος
3515 3421 3728 3496 ἀνδρὸς,

2146 3516 2259 3569 ἀλλ’
2287 3516 2392 3569 ἀπὸ
2422 3515 2732 3586 Πνεῦματος
2761 3516 2937 3585 ἁγίου,
2971 3515 3236 3588 ἀληθινῶς
3272 3519 3429 3590 σῶμα
3459 3519 3564 3572 ἀπὸ
3609 3521 3731 3574 Μα-

2150 3609 2268 3678 ρίας
2297 3607 2586 3679 ἐσχηκότα,
2615 3608 3004 3663 ἀναπλάσαντα
3054 3609 3233 3681 ἑαυτῷ
3273 3610 3373 3681 τὴν
3403 3612 3582 3682 σάρκα
3622 3613 3732 3666 ἀπὸ

2144 3703 2244 3771 τῆς
2282 3702 2492 3771 μήτρας
2519 3700 2616 3770 τῆς
2649 3701 2834 3768 ἁγίας,
2865 3700 3044 3774 ψυχὴν
3074 3715 3174 3772 την
3206 3701 3553 3774 ἀνθρωπίνην
3587 3705 3732 3777 εἰλη-

2147 3794 2284 3862 φότα
2308 3795 2402 3846 καὶ
2422 3793 2546 3847 νοῦν
2569 3795 2661 3847 καὶ
2687 3796 2795 3848 πᾶν
2821 3794 2874 3847 εἴ
2895 3795 2946 3848 τί
2978 3796 3125 3848 ἐστιν
3156 3795 3464 3866 ἄνθρωπος,
3495 3799 3574 3862 είς
3602 3798 3732 3852 ἐαυι

2148 3888 2238 3940 τὸν
2265 3889 2329 3958 τῇ
2361 3885 2552 3940 ἑαυτοῦ
2583 3887 2796 3960 θεότητι
2827 3888 3226 3957 συνενώσαντα,
3253 3891 3648 3962 γεγεννημένον
3671 3909 3728 3945 τε

2150 3978 2209 4028 ἐν
2243 3975 2508 4048 Βηθλεὲμ,
2551 3978 2978 4049 περιτμηθέντα,
3013 3981 3442 4052 προσενεχθέντα
3479 3984 3538 4035 ἐν
3572 3984 3732 4053 Ἱερο-

2150 4067 2427 4138 σολύμοις,
2469 4069 2926 4137 ὲναγκαλισθέντα
2967 4071 3071 4124 ὑπὸ
3094 4071 3336 4143 Συμεὼν,
3370 4073 3730 4146 ἀνθομολογη-

2150 4159 2311 4214 θέντα
2346 4161 2449 4214 ὑπὸ
2483 4164 2680 4233 ’Λννης
2707 4162 2808 4232 τῆς
2837 4163 2930 4216 τοῦ
2955 4165 3196 4236 Φανουὴλ
3231 4168 3580 4238 προφήτιδος,
3623 4169 3732 4224 λει-

2151 4254 2399 4326 φθέντα³
2447 4258 2525 4318 εἰς
2566 4256 2854 4328 Ναζαρὲτ,
2910 4257 3134 4312 ἐλθόντα
3183 4259 3262 4329 τῷ
3312 4259 3441 4330 ἑξῆς
3499 4261 3730 4332 ἐνιαυτῷ

2149 4346 2380 4416 ὀφθῆναι
2409 4345 2636 4400 ἐνώπιον
2668 4347 2904 4420 Κυρίου,
2958 4349 3250 4420 γενόμενόν
3284 4367 3341 4404 τε
3386 4354 3444 4404 ἐν
3487 4351 3731 4423 Βηθλεέμ

2150 4439 2234 4492 διά
2271 4439 2367 4528 τὴν
2411 4440 2727 4508 συγγένειαν
2777 4441 2884 4494 ὑπό
2921 4442 3021 4512 τῆς
3063 4441 3268 4513 μητρὸς
3305 4442 3728 4513 βασταζόμενον,

468 4532 919 4603 repraesentavit,
971 4538 1135 4599 atque
1186 4528 1312 4583 inde
1365 4527 1776 4583 Bcthlehcmum
1823 4538 2043 4598 propter

2152 4529 2306 4594 αὖθις
2331 4530 2492 4586 πάλιν
2515 4533 2594 4596 εἰς
2621 4532 2877 4606 Ναζαρὲτ
2897 4533 3238 4606 ἀπαρθέντα,
3265 4535 3359 4589 καὶ
3383 4535 3524 4589 κατὰ
3547 4536 3728 4590 δευτέ-

469 4625 686 4695 generis
737 4625 1200 4695 propinquitatem
1248 4637 1277 4674 a
1326 4632 1499 4674 matre
1543 4621 1756 4676 delatus
1798 4629 1901 4676 cst.
1937 4621 2044 4675 Sed

474 4732 690 4770 rursum
731 4714 1054 4768 Nazaretum
1102 4714 1338 4778 rediens,
1383 4729 1529 4768 anno
1575 4713 1744 4768 altero
1772 4720 2032 4775 vertente,

470 4805 1186 4876 Hierosolymam,gestante
1208 4811 1400 4867 matre,
1426 4804 1722 4873 perductus
1745 4812 1850 4859 est.
1878 4801 2043 4857 Beth-

467 4897 661 4951 lehemi
720 4912 884 4967 porro
922 4913 1047 4950 cum
1095 4896 1162 4950 ad
1195 4898 1340 4952 tech
1395 4898 1662 4967 quasdam
1714 4915 1837 4952 cum
1873 4907 2044 4952 matre

467 5004 531 5043 ac
572 4986 809 5058 Josepho
837 4987 1168 5049 divertisset,
1197 4987 1289 5058 qui
1322 4988 1434 5057 jam
1477 4991 1701 5060 grandis
1737 5001 1864 5044 natu
1904 5006 2028 5044 cum

539 5145 555 5174 ⁸
588 5144 785 5197 Eadem
821 5145 911 5198 lib.
948 5159 963 5197 ι
1005 5142 1225 5196 Panarii
1277 5143 1551 5212 leguntur.

467 5215 611 5283 λέγω
642 5215 727 5286 δή.
755 5214 875 5269 Mox
911 5213 1262 5286 συνειλῆφθαι
1302 5216 1406 5284 leg.
1485 5216 1504 5246 ³
1536 5216 1657 5269 Scr.
1688 5213 2074 5287 ἀπενεχθέντα.

537 5329 652 5399 (12)
686 5327 935 5399 ι’ἐροντι
984 5327 1130 5381 ὄντι.
1178 5326 1564 5382 Animadverte
1596 5344 1780 5384 senem
1813 5329 1882 5384 ab
1911 5328 2038 5398 Epi-

471 5397 670 5466 phanio
712 5399 820 5454 dici
868 5397 1166 5467 Josephum
1223 5399 1458 5469 Virginis
1516 5399 1698 5454 Maria)
1750 5397 2035 5469 sponsum.

470 5469 664 5524 Iisdem
693 5471 915 5524 omnino
949 5469 1129 5522 verbis
1156 5469 1222 5521 de
1246 5468 1344 5538 illo
1375 5469 1615 5538 loquitur
1642 5478 1696 5524 et
1726 5468 2038 5524 in’Panario

470 5542 536 5594 de
577 5541 959 5594 incarnatione
999 5538 1203 5594 Christi
1242 5537 1457 5592 Domini
1496 5554 1692 5603 agens,
1720 5541 2039 5606 num.‘l;in

471 5613 660 5666 haeresi
696 5611 786 5673 51,
816 5626 968 5665 num.
1003 5609 1088 5672 10,
1128 5609 1305 5678 ipsum
1345 5612 1755 5679 octogenarium
1792 5613 1939 5665 facit.

543 5681 652 5747 (lii)
694 5679 775 5745 Τῷ
798 5679 1054 5746 δευτέρῳ
1087 5681 1226 5733 erat.
1275 5680 1349 5732 Ea
1387 5678 1672 5751 Epiphanii
1704 5681 1892 5750 opinio
1929 5691 2036 5740 est.

471 5749 689 5806 biennio
719 5766 749 5804 a
779 5752 862 5806 sui
913 5752 1193 5806 nativitatc
1224 5765 1410 5823 magos
1434 5749 1720 5821 excepisse
1744 5749 2039 5809 Christum

2152 4639 2253 4694 ραν
2295 4622 2540 4693 περίοδον
2568 4624 2828 4677 ἐνιαυτῶν
2853 4625 2938 4685 εἰς
2964 4625 3032 4678 τά
3068 4622 3413 4695 Ἰεροσόλυμα
3439 4623 3732 4695 ἐληλυθότα

2152 4714 2551 4785 βασταζόμενον
2582 4716 2686 4768 ὑπὸ
2715 4717 2813 4786 τῆς
2851 4717 2987 4778 ίόίας
3024 4718 3229 4789 μητρός
3253 4735 3266 4748 ·
3306 4719 3362 4770 ἐν
3392 4717 3638 4789 Βηθλεέμ
3675 4720 3732 4771 ἐν

2149 4807 2297 4877 οἰκία
2323 4806 2650 4860 κατελθόντα
2702 4809 2798 4861 σὺν
2841 4811 2906 4877 τῇ
2951 4808 3055 4878 ἰδία
3087 4809 3256 4881 μητρὶ
3284 4810 3377 4861 καὶ
3427 4808 3623 4879 Ἰωσὴφ
3647 4809 3733 4877 γέ-

2156 4917 2298 4971 ροντι
2331 4900 2446 4952 ὄντι
2485 4898 2620 4970 (12),
2641 4901 2737 4953 σὺν
2770 4902 2835 4970 τῇ
2869 4899 3100 4970 Μαριὰμ
3129 4900 3185 4954 δέ
3227 4900 3369 4954 ὄντι·
3401 4900 3625 4955 κάκεῖσε
3656 4902 3734 4972 τῷ

2144 4993 2380 5066 δευτέρῳ
2426 4994 2666 5067 ἔτειῌό)
2715 4993 2814 5064 τῆς
2856 4993 3019 5048 αὐτοῦ
3073 4997 3379 5068 γεννήσεως
3431 5014 3732 5052 κατοπτευ-

1655 5145 1674 5175 ²
1700 5147 2043 5222 Supple‘ndur

2148 5164 2196 5204 ξι
2249 5149 2342 5203 lib.
2377 5165 2414 5215 ι,
2447 5149 2503 5202 αἱ
2565 5150 2858 5219 μετέπειτα
2906 5151 3078 5204 πᾶσαι
3126 5150 3414 5219 γεγόνασιν
3459 5153 3728 5222 αἱρέσεις·

2147 5328 2476 5392 Dominum;
2509 5343 2672 5391 quam
2727 5344 2834 5383 non
2877 5329 3058 5383 solum
3100 5329 3189 5384 hic
3220 5330 3494 5394 insinuat,
3551 5330 3646 5386 sed
3680 5342 3729 5386 et

2147 5401 2204 5454 in
2251 5399 2384 5452 locis
2441 5413 2610 5468 supra
2654 5399 2943 5465 indicatis,
2995 5401 3198 5468 quibus
3248 5401 3386 5455 adde
3438 5417 3589 5456 num.
3641 5402 3730 5464 {0.

2147 5469 2350 5541 Haeres.
2389 5468 2476 5520 73.
2512 5472 2664 5524 Illam
2699 5471 2931 5541 fortasse
2967 5471 3242 5524 concessit
3288 5473 3344 5525 in
3397 5473 3730 5541 Opinionem,

2148 5540 2292 5609 quod
2342 5548 2720 5609 praeconi-epla
2766 5539 3002 5594 Matthtei
3053 5543 3367 5608 narratione
3397 5539 3465 5597 de
3497 5541 3732 5605 Herode.

2152 5611 2244 5682 qui
2279 5611 2454 5682 iratus
2487 5612 2769 5665 mandavit
2799 5615 2985 5667 necari
3020 5612 3295 5675 infantes,
3328 5612 3422 5680 qui
3454 5614 3731 5667 biennium

2148 5680 2392 5737 nondum
2425 5691 2801 5752 excesserant,
2818 5751 2821 5752 ν
2827 5682 2991 5751 juxta
3014 5693 3215 5750 tempus
3247 5681 3386 5752 quod
3411 5683 3733 5752 exquisierat

2149 5770 2181 5806 a
2209 5752 2376 5822 magis
2410 5751 2632 5822 (Matth.
2669 5770 2727 5820 ιι,
2765 5751 2888 5826 16);
2938 5751 3522 5824 ιεηιροτιιιητιὶιὶοηοε
3567 5755 3707 5824 ncgli
