4118 6402
448 411 551 469 8ί9

1737 416 2402 476 ANACEPHALAEOSIS.

3611 423 3715 478 850

445 526 624 589 θέντα,
651 526 798 600 δῶρα
831 529 1085 596 λαϐόντα,
1124 532 1216 586 καὶ
1239 533 1297 586 ἐν
1329 533 1467 605 αὐτῇ
1492 536 1649 589 νυκτὶ
1679 535 1773 591 ὑπ’
1799 538 2012 607 άγγὲλοι

2140 538 2309 595 Maria
2351 538 2604 609 degebat,
2639 537 2884 596 secundo
2927 540 2996 593 ab
3033 539 3318 595 nativitate
3352 555 3497 595 anno
3519 541 3538 571 ⁸
3581 557 3683 596 con

443 618 522 690 τῷ
537 619 732 692 Ἰωσὴφ
753 625 1189 693 χρηματίσαντος
1204 627 1284 690 εἰς
1293 626 1564 695 Αἴγυπτον
1585 629 2024 700 παραληφθέντα·

445 718 539 768 καὶ
566 715 968 785 κατεληλυθότα
992 717 1200 772 ἐκεῖθεν
1230 719 1414 784 πάλιν,
1446 720 1535 774 διὰ
1557 720 1650 775 δύο
1674 722 1810 776 ἐτῶν
1836 723 2029 794 ἀνελη-

444 803 661 872 λυθότα,
700 807 1120 880 τελευτήσαντος
1161 809 1256 864 τοῦ
1318 811 1579 886 Ἦρώδου,
1629 814 1924 886 Ἀρχελάου
1970 815 2029 869 δὲ

443 895 843 969 διαδεξαμένου.
891 925 896 931 ~

513 1074 606 1146 Τῷ
636 1077 744 1148 γὰρ
771 1080 1081 1151 τριακοστῷ
1109 1082 1222 1150 (14)
1255 1082 1424 1156 τρίτῳ
1459 1083 1697 1156 Ἡρώδου
1717 1128 1730 1152 ,
1761 1104 2027 1158 τεσσαρα-

443 1165 622 1238 κοστῷ
650 1167 707 1220 δὲ
739 1168 977 1241 δευτέρῳ
1005 1172 1317 1240 Αὐγούστου
1348 1175 1440 1228 τοῦ
1476 1174 1742 1246 βασιλέως
1768 1180 2026 1247 γεννᾶται

440 1261 468 1310 ὀ
499 1259 686 1330 Σωτὴρ
728 1261 787 1313 ὲν
827 1261 1074 1334 Βηθλεὲμ
1112 1269 1212 1337 τῆς
1258 1268 1539 1331 Ἰουδαίας.
1589 1267 1811 1323 Κάτεισι
1849 1270 1904 1325 δὲ
1945 1274 2026 1336 εἰς

440 1349 718 1419 Αἴγυπτον
747 1352 826 1425 τῷ
854 1357 1164 1428 τριακοστῷ
1193 1358 1427 1431 πέμπτῳ
1454 1360 1566 1430 (Μ)
1612 1362 1852 1427 Ἡρώδου
1873 1380 1887 1394 °
1927 1363 2039 1420 άν-·

439 1461 544 1498 εισι
584 1444 640 1498 δὲ
677 1446 772 1500 ἀπ’
803 1447 1082 1516 Αἰγύπτου
1132 1451 1273 1521 μετά
1313 1453 1412 1525 τὴν
1465 1453 1705 1524 Ἡρώδου
1744 1455 2020 1528 τελευτήν.

441 1529 607 1591 Δι’ὧν
639 1538 732 1592 ἐπὶ
755 1540 1050 1610 τριάκοντα
1078 1543 1217 1597 ἑπτὰ
1237 1544 1382 1599 ἔτεσι
1407 1547 1506 1615 τῆς
1526 1547 1695 1617 αὐτῆς
1723 1548 1816 1602 τοῦ
1845 1547 2023 1619 Ἡρώ-

436 1629 527 1683 δου
552 1631 729 1703 ἀρχῆς
763 1627 832 1704 ἦν
863 1634 891 1686 ὁ
925 1637 1054 1698 παῖς
1079 1636 1362 1709 τεσσάρων
1393 1638 1531 1692 ὲτῶν
1558 1639 1690 1712 (l6),
1727 1641 1815 1694 ὅτε
1847 1641 2024 1714 ’Πρώ-

437 1721 532 1791 δης
562 1723 887 1793 τριακοστὸν
933 1725 1159 1795 ἕϐδομον
1211 1727 1508 1800 πληρώσας
1555 1731 1890 1803 κατέστρεψε
1929 1733 2022 1788 τὸν

440 1813 572 1884 βίον.
625 1817 916 1887 Ἀρχέλαος
946 1817 1002 1871 δὲ
1039 1817 1196 1873 ὲννέα
1231 1819 1326 1889 ἔτη
1361 1821 1655 1891 βασιλεύει.
1705 1824 1792 1888 Ὠς
1825 1823 2017 1890 ὲξιὼν¹

2135 639 2364 697 ventus,
2413 646 2478 686 ac
2525 631 2846 687 muneribus
2899 639 3130 687 ornatus
3181 640 3286 688 est.
3342 632 3541 688 Eadem
3580 649 3715 688 vero

2135 732 2298 779 nocte
2327 738 2454 778 cum
2480 720 2754 793 Iosephus
2805 739 2902 794 per
2930 725 3205 780 somnium
3241 725 3309 780 ab
3339 725 3532 796 angelo
3563 735 3713 780 esset

2132 816 2476 880 admonitus,
2511 817 2564 872 in
2601 817 2898 889 Egyptum
2935 817 3292 874 transfertur.
3326 817 3482 874 Unde
3515 834 3712 874 rursus

2131 919 2255 980 post
2282 909 2588 973 biennium,
2624 919 2842 965 mortuo
2865 912 2978 982 jam
3011 910 3222 966 Herode
3281 924 3345 966 ac
3383 910 3711 966 succedente

2131 1001 2424 1066 Archelao,
2461 1003 2772 1059 revertitur.

2205 1093 2488 1164 Siquidem
2545 1110 2690 1150 anno
2749 1094 2981 1151 llerodis
3039 1111 3252 1162 xxxiii,
3307 1095 3540 1166 Augusti
3593 1109 3704 1150 XLI!

2133 1183 2472 1240 Betblehemi
2496 1185 2550 1238 in
2582 1183 2770 1238 .ludaza
2796 1183 3047 1238 Salvator
3072 1185 3340 1240 nascitur.
3369 1182 3507 1236 Tum
3536 1179 3710 1236 Hero-

2129 1277 2214 1334 dis
2245 1294 2386 1332 την
2415 1277 2470 1332 in
2487 1277 2780 1349 Ailgyptum
2814 1276 3092 1348 profectus
3116 1283 3222 1332 est.
3260 1273 3475 1344 1119
3502 1271 3706 1327 Eodem

2126 1369 2340 1427 Herode
2362 1354 2599 1435 mortuo,
2624 1372 2693 1424 ab
2709 1369 2944 1441 Egypto
2967 1367 3338 1434 rediit.Quare
3361 1379 3586 1420 necesse
3601 1372 3706 1429 est,

2127 1478 2316 1518 xxxvu
2351 1461 2583 1518 Herodis
2615 1478 2760 1516 anno
2782 1469 3036 1532 quartum
3064 1459 3242 1516 aetatis
3275 1473 3387 1513 suae
3419 1457 3706 1528 puerulum

2126 1556 2328 1627 egisse,
2368 1570 2494 1611 cum
2526 1554 2793 1618 Herodes,
2829 1555 3076 1624 inquam,
3121 1561 3326 1622 septem
3367 1564 3431 1604 ac
3479 1548 3706 1620 triginta

2126 1647 2397 1703 confectis
2452 1647 2614 1703 annis
2659 1645 2876 1701 vivendi
2920 1643 3081 1700 tinem
3127 1641 3340 1698 habuit.
3387 1639 3519 1695 Post
3561 1639 3705 1693 hunc

2124 1739 2427 1795 Archelaus
2480 1754 2675 1794 novem
2735 1738 2897 1794 annis
2949 1735 3199 1807 regnavit
3243 1753 3257 1790 :
3303 1748 3414 1804 quo
3476 1747 3703 1803 regnum

2125 1830 2371 1898 ineunte,
2399 1828 2673 1901 Iosephus
2705 1845 2771 1885 ex
2803 1828 3042 1900 Egypto
3077 1843 3202 1882 cum
3237 1825 3406 1880 Maria
3437 1838 3502 1880 ac
3533 1837 3706 1895 puero

456 1905 648 1979 'lwc'hcp
689 1906 804 1979 ἅμα
838 1911 904 1980 τῇ
938 1909 1128 1982 Μαρίᾳ
1160 1911 1254 1965 καὶ
1297 1911 1373 1983 τῷ
1409 1913 1625 1984 παιδίῳ,
1665 1913 1903 1978 ἀκούσας
1929 1914 2012 1968 τὸν

2124 1923 2431 1994 digressus,
2457 1898 2552 1978 ubi
2579 1898 3164 1994 Archelaumregnare
3187 1919 3398 1983 didicit,
3430 1917 3484 1972 in
3518 1925 3704 1988 partes

449 1998 739 2071 Ἀρχέλαον
770 1999 1109 2071 βασιλεύειν,
1151 2002 1498 2075 ἀνεχώρησεν
1531 2005 1612 2068 είς
1648 2003 1720 2058 τὰ
1750 2005 1890 2076 μέρη
1917 2007 2019 2076 τῆς

438 2091 744 2156 Γαλιλαίας,
786 2093 880 2146 καὶ
914 2093 1236 2166 κατῴκησεν
1264 2097 1344 2158 είς
1386 2094 1661 2168 Ναζαρέτ.
1725 2097 2020 2168 Ἀρχέλαος

431 2183 489 2236 δὲ
525 2185 690 2256 γεννᾷ
735 2183 826 2238 τὸν
871 2183 1118 2256 Ἡρώδην
1148 2186 1240 2240 τὸν
1277 2185 1560 2258 νεώτερον,
1606 2187 1702 2240 καὶ⁸
1745 2187 2018 2257 βασιλεύει

443 2277 691 2351 Ἡρώδης
727 2278 807 2349 τῷ
839 2278 1044 2349 ὲννάτῳ
1079 2278 1188 2331 ἔτει
1236 2279 1333 2350 τῆς
1365 2279 1458 2332 τοῦ
1503 2279 1710 2352 πατρὸς
1741 2279 2019 2349 βασιλείας

445 2366 736 2443 Ἀρχελάου
783 2372 922 2426 κατά
969 2370 1240 2442 διαδοχήν.
1303 2373 1413 2428 Καὶ
1457 2372 1645 2440 γέγονε
1693 2372 2017 2445 λογιζόμενα

430 2463 691 2537 δεκατρία
738 2464 832 2536 ἐτη
880 2464 990 2534 (l7)
1023 2469 1089 2536 τῇ
1132 2465 1385 2536 ἐνσάρκῳ
1427 2465 1664 2538 Χριστοῦ
1723 2468 2015 2539 παρουσία.

442 2556 930 2628 Ὀκτωκαιδεκάτῳ
969 2557 1024 2610 δὲ
1073 2556 1181 2610 ἔτει
1221 2555 1461 2628 Ἡρώδου
1489 2555 1584 2611 τοῦ
1630 2558 2018 2630 ἐπικληθέντος

441 2647 743 2721 Ἀγρίππα,
772 2649 976 2720 ἤρξατο
1004 2650 1032 2702 ὁ
1073 2647 1281 2720 Ἰησοῦς
1308 2647 1400 2701 τοῦ
1425 2648 1798 2720 κηρύγματος,
1831 2651 1927 2704 καὶ⁹
1956 2653 2018 2704 τὸ

431 2742 712 2813 βάπτισμα
731 2741 793 2794 τὸ
809 2742 916 2795 ἀπὸ
931 2742 1179 2796 Ἰωάννου
1196 2741 1316 2794 τότε
1334 2741 1623 2812 λαμϐάνει,
1638 2743 1734 2796 καὶ
1751 2743 2015 2815 κηρύσσει

430 2833 676 2887 ἐνιαυτὸν
703 2833 914 2898 δεκτδν,
944 2833 1034 2886 ὑπ’
1060 2833 1273 2897 οὐδενὸς
1297 2833 1730 2905 ἁντιλεγόμενος,
1761 2835 1884 2890 οὔτε
1911 2837 2016 2891 ὑπὸ

441 2923 729 2989 Ἰουδαίων,
759 2924 883 2978 οὔτε
906 2925 1011 2979 ὑπὸ
1041 2924 1328 2996 Ἑλλήνων,
1353 2925 1476 2979 οὔτε
1507 2927 1612 2981 ὑπὸ
1633 2928 2012 2999 Σαμαρειτῶν,

425 3017 552 3073 οὔτε
578 3019 683 3072 ὑπό
712 3037 850 3083 τινος
873 3019 1082 3091 ἐτέρου.
1121 3020 1351 3074 Ἔπειτα
1375 3019 1788 3092 ἁντιλεγόμενος
1814 3023 2018 3094 ἐκήρυ-

428 3111 516 3177 ξεν
554 3113 799 3166 ἐνιαυτὸν
835 3111 1058 3166 δεκτόνο
1111 3113 1204 3166 καὶ⁸
1243 3113 1464 3180 γέγονεν
1501 3113 1889 3167 ἐννεακαίδεκα
1917 3113 2012 3186 ἔτη

425 3204 505 3276 τῷ
527 3202 924 3276 αὐτῷἮρώδῃ,
954 3203 1034 3274 τῷ
1065 3203 1119 3257 δὲ
1137 3203 1354 3274 Σωτῆρι
1382 3204 1707 3274 τριακοστὸν
1737 3203 2008 3277 δεύτερον.

438 3297 526 3352 Ἐν
554 3296 611 3350 δὲ
649 3294 727 3366 τῷ
758 3294 989 3367 εἰκοστῷ
1021 3294 1131 3348 ἔτει
1179 3293 1422 3367 Ἡρώδου
1447 3293 1541 3348 τοῦ
1571 3295 1883 3366 Τετράρχου
1913 3313 2012 3348 κα-

423 3389 707 3462 λουμένου,
734 3388 942 3458 γίνεται
967 3386 1028 3442 τὸ
1060 3389 1325 3459 σωτήριον
1359 3386 1528 3451 πάθος
1558 3387 1653 3440 καὶ
1678 3388 1710 3458 ὴ
1747 3385 2007 3451 ἀπάθεια,

429 3480 617 3551 γεῦσις
649 3499 710 3536 τε
749 3480 979 3536 θανάτου
1007 3481 1138 3552 ἄχρι
1172 3479 1432 3550 σταυροῦ,
1459 3479 1758 3550 πάσχοντος
1799 3479 1857 3531 ὲν
1881 3478 2014 3551 άλη-

425 3574 567 3645 θεία,
603 3571 850 3637 ἀπαθοῦς
881 3573 938 3628 δὲ
972 3572 1226 3644 μένοντος
1249 3573 1307 3624 ἐν
1336 3571 1568 3641 θεότητι.
1614 3571 1874 3640 Χριστοῦ
1903 3571 2010 3642 γάρ

424 3669 721 3734 παθόντος
755 3666 904 3736 ὑπὲρ
937 3665 1108 3736 ἡμῶν
1141 3666 1343 3734 σαρκὶ,
1373 3669 1538 3736 φησὶν
1571 3665 1604 3735 η
1639 3663 1758 3718 θεία
1780 3665 1970 3735 Γραφή
1992 3682 2005 3696 ο

425 3759 520 3811 καὶ
545 3756 709 3811 πάλιν
733 3773 748 3788 ο
787 3757 1155 3825 Θανατωθεὶς
1180 3757 1298 3827 μὲν
1321 3755 1520 3826 σαρκὶ,
1548 3755 1921 3824 ζωοποιηθεὶς
1941 3755 2010 3810 δὲ

425 3848 736 3916 πνεύματι,
766 3849 859 3901 καὶ
884 3847 951 3902 τὰ
980 3848 1126 3919 ἑξῆς.
1172 3847 1524 3920 Σταυροῦται,
1556 3847 1840 3912 θάπτεται,
1871 3865 2006 3901 κατ-

424 3941 642 4012 έρχεται
684 3939 765 4005 είς
803 3939 871 3995 τὰ
900 3937 1230 4012 καταχθόνια
1275 3942 1332 3994 ὲν
1359 3941 1572 4011 θεότητι
1612 3939 1706 3994 καὶ
1739 3941 1796 3992 ὲν
1832 3938 2001 4011 ψυχῇ,

497 4119 515 4150 ⁸
555 4116 745 4175 Melius
770 4119 862 4174 lib.
900 4137 939 4183 ι,
967 4115 1028 4175 οὗ
1053 4121 1110 4174 ὲν
1132 4121 1276 4192 ἀρχῇ
1307 4120 1403 4192 τῆς
1429 4119 1701 4190 βασιλείας
1733 4119 1913 4188 ἐξιών.

458 4312 598 4362 ens,
628 4311 740 4353 non
785 4297 920 4353 satis
954 4295 1292 4362 adverterit,
1344 4314 1466 4352 cum
1513 4299 1607 4352 illo
1639 4299 1861 4355 biennio
1899 4314 2011 4356 non

459 4386 566 4426 ene
599 4368 779 4439 aptari
808 4383 968 4439 posse
997 4379 1212 4439 tempus
1233 4368 1535 4423 nativitatis
1566 4368 1695 4424 Jesu
1729 4385 1852 4423 cum
1883 4379 2015 4425 tem-

425 4455 558 4510 pore
594 4437 790 4494 mortis
812 4437 1397 4510 ’Herodis;’nec_quaa
1433 4440 1500 4494 ab
1527 4441 1877 4509 evangelistis
1920 4441 2010 4494 di-

424 4507 645 4580 cuntur,
675 4525 800 4580 cum
833 4509 900 4563 iis
923 4549 964 4580 ,_
995 4525 1118 4579 quae
1153 4511 1206 4563 in
1232 4507 1552 4580 iJudrrorum
1587 4507 2007 4580 Antiquitatibus

426 4582 589 4637 habet
618 4579 892 4650 Iosephus
922 4577 1205 4636 Hebraeus.
1228 4579 1516 4636 Matura-us
1547 4577 1765 4638 laudato
1801 4581 1854 4636 in
1885 4583 2012 4638 loco

427 4651 706 4723 biennium
737 4659 797 4705 ut
815 4651 1348 4723 _admﬁittamus,rnon
1377 4652 1565 4721 exigit.
1604 4651 1668 4706 Et
1698 4667 2010 4723 quanquam

424 4721 478 4776 in
537 4721 854 4788 huiusmodi
909 4722 1315 4792 chronologicis
1369 4723 1819 4792 inquisitionibus
1864 4721 2010 4779 certi

426 4792 502 4847 nil
538 4793 838 4847 habeamus
865 4832 880 4856 ,
936 4793 1288 4863 verisimilior
1345 4801 1529 4848 tamen
1568 4801 1795 4863 apparet
1836 4795 2010 4849 altera

424 4863 634 4936 opinio,
667 4877 789 4934 qua:
818 4870 871 4916 et
915 4862 1057 4936 apud
1083 4864 1234 4919 viros
1259 4863 1473 4936 doctos
1496 4862 1868 4936 communior,
1899 4880 2008 4936 qua

425 4933 662 4989 dicimus
685 4933 816 4987 ’non
854 4933 1042 4988 multis
1080 4949 1111 4987 a
1159 4934 1441 4989 nativitate
1478 4933 1674 4990 diebus
1726 4933 2005 4991 Christum

426 5001 762 5075 Bethlehemi
795 5002 965 5060 fuisse
1000 5019 1030 5057 a
1056 5005 1230 5073 magis
1262 5006 1572 5059 adoratum.
1616 5004 1718 5059 Cui
1762 5006 2006 5075 opinioni

429 5089 531 5128 nec
587 5073 874 5129 Matthaeus
911 5082 1221 5145 repugnat,
1279 5075 1392 5129 imo
1443 5075 1733 5145 suﬂragari
1789 5073 2008 5132 videtur

431 5145 585 5216 initio
618 5145 766 5216 illius
794 5147 1020 5200 secundi
1058 5144 1254 5214 capitis
1291 5161 1579 5216 magorum
1611 5144 1905 5201 adventum
1936 5149 2005 5202 il-

426 5215 533 5287 lico
565 5215 905 5285 subjungens
927 5215 1234 5287 narrationi
1260 5218 1580 5277 nativitatis,
1618 5225 1784 5287 atque
1810 5219 2000 5273 aiens:

424 5285 556 5339 Cum
582 5283 704 5351 ergo
743 5283 901 5340 iratus
941 5295 1076 5340 esset
1114 5283 1271 5341 Jesus
1302 5287 1356 5340 in
1393 5283 1880 5342 Bethtehem'luda:
1901 5328 1916 5351 ,
1947 5289 2003 5342 in

423 5354 604 5428 q‘iebus
626 5354 860 5428 Herodis
887 5357 1046 5427 regis,
1085 5373 1201 5411 ecce
1229 5358 1372 5428 magi
1405 5358 1471 5411 ab
1511 5357 1725 5414 Oriente
1755 5369 2003 5413 venerunt

422 5424 832 5496 Jerosolymam.

493 5495 608 5568 (14)
639 5495 985 5568 Τριακοστῷ
1015 5497 1206 5564 τρίτῳ.
1238 5497 1316 5551 Ita
1365 5513 1490 5552 cum
1532 5498 1858 5556 Caesariensi
1892 5499 2001 5555 Eu-

422 5567 595 5651 sebio,
631 5575 745 5651 tum
781 5567 836 5621 in
874 5567 1170 5651 Citronicis,
1201 5575 1320 5651 tnm
1343 5568 1408 5651 _in
1437 5571 1641 5651 quinto‘
1667 5571 1766 5651 lib.
1796 5586 1810 5624 I
1851 5571 1996 5651 Hist.

417 5637 547 5692 eccl.
604 5637 818 5708 capite,
871 5639 1144 5694 sentiebat
1201 5637 1561 5708 Epiphanius.
1613 5640 1683 5694 At
1741 5649 1997 5696 accurata

426 5708 606 5780 magis
634 5717 939 5780 temporum
965 5710 1116 5780 ratio
1149 5708 1238 5763 illa
1271 5724 1394 5764 esse
1419 5711 1654 5776 videtur,
1686 5727 1807 5780 qua:
1831 5713 1990 5765 Nata-

424 5777 536 5832 Iem'
557 5779 703 5834 diem
732 5777 934 5834 Christi
961 5778 1174 5834 Domini
1205 5781 1400 5834 statuit
1436 5782 1490 5836 in
1525 5795 1670 5836 anno
1694 5777 1859 5836 ixxw
1886 5781 1996 5837 He.

421 5850 574 5905 rodis
627 5858 752 5922 post
815 5850 1102 5921 depulsum
1150 5849 1485 5924 Antigonum
1532 5853 1856 5925 regnantis,
1895 5853 1990 5925 qui

2123 2015 2356 2071 Galilaeae
2383 2015 2632 2078 secessit,
2673 2028 2739 2075 ac
2769 2023 2884 2069 tum
2928 2011 3181 2076 λειπειί
3246 2009 3517 2066 consedit.
3581 2007 3703 2065 Cae-

2123 2115 2302 2162 terum
2351 2104 2656 2161 Archelaus
2703 2103 2972 2160 Herodem
3012 2103 3289 2174 juniorem
3346 2100 3572 2172 genuit;
3607 2101 3701 2170 qui

2121 2212 2267 2252 nono
2320 2196 2573 2251 Archelai
2625 2196 2799 2266 patris
2849 2209 2995 2250 anno
3036 2193 3091 2248 in
3140 2208 3369 2263 regnum
3411 2192 3700 2247 successit.

2119 2289 2376 2360 Idemque
2405 2305 2580 2343 annus
2608 2303 2638 2342 a
2681 2287 2979 2342 Nativitate
3020 2284 3228 2340 Christi
3263 2299 3362 2338 xnt
3403 2296 3703 2338 numeran-

2119 2381 2225 2438 dus
2276 2389 2378 2436 est.
2436 2378 2644 2434 Octavo
2696 2377 2910 2432 decimo
2961 2391 3108 2431 anno
3158 2373 3390 2430 Herodis
3429 2373 3700 2444 Agrippan,

2120 2473 2285 2530 Jesus
2308 2473 2562 2528 Christus
2586 2470 2936 2542 promulgare
2958 2469 3204 2524 divinum
3231 2466 3455 2523 verbum
3479 2480 3703 2536 aggres-

2120 2582 2218 2624 sus
2273 2572 2383 2634 est,
2413 2581 2478 2620 ac
2528 2573 2644 2618 tum
2673 2579 2703 2617 a
2736 2561 2947 2618 Joanne
2991 2561 3325 2632 baptismum
3377 2557 3614 2628 accipit,
3646 2566 3702 2610 et

2111 2673 2330 2713 annum
2368 2657 2520 2711 illum
2570 2663 2856 2725 acceptum
2894 2655 2951 2709 in
2995 2669 3058 2709 ea
3105 2649 3367 2722 praeconii
3419 2649 3701 2704 functione

2117 2749 2413 2813 consumit,
2439 2747 2591 2803 nullo
2615 2761 2792 2817 neque
2813 2743 3152 2808 Iudaeorum,
3182 2757 3360 2814 neque
3389 2740 3698 2812 gentilium,

2118 2858 2297 2912 neque
2327 2839 2823 2903 Samaritanorum,
2871 2852 3049 2907 neque
3093 2837 3322 2891 alterius
3365 2834 3581 2905 generis
3610 2847 3701 2886 re-

2117 2941 2416 3006 pugnante.
2451 2931 2707 2988 Secundo
2744 2931 3004 3003 praeconii
3041 2929 3284 2985 caelestis
3326 2942 3471 2982 anno
3532 2941 3697 2996 quam

2116 3025 2386 3097 plurimos
2413 3025 2808 3080 obtrectatores
2841 3023 3063 3082 habuit;
3088 3020 3182 3092 qui
3211 3020 3431 3091 quidem
3464 3015 3698 3072 Herodis

2117 3115 2366 3186 ejusdem
2409 3131 2536 3180 ιιι,
2583 3113 2788 3170 Christi
2849 3129 3001 3168 χχιιι
3059 3112 3292 3168 exstitit.
3346 3109 3572 3166 Demum
3623 3123 3697 3161 xx

2116 3208 2406 3265 tetrarchae
2438 3205 2670 3262 Herodis
2712 3221 2859 3260 anno
2893 3204 3148 3260 Christus
3183 3201 3447 3258 Dominus
3477 3200 3548 3256 ob
3589 3199 3687 3253 hu-

2115 3301 2264 3356 mani
2298 3300 2517 3370 generis
2569 3299 2802 3355 salutem
2847 3313 3078 3368 passus,
3119 3303 3280 3366 atque
3323 3292 3514 3349 eodem
3559 3298 3698 3346 tem-

2115 3407 2247 3464 pore
2278 3391 2414 3446 nihil
2444 3405 2641 3462 passus
2676 3400 2791 3457 est;
2819 3399 2933 3443 tum
2971 3404 3095 3443 cum
3129 3395 3359 3442 mortem
3394 3385 3696 3456 degustans

2115 3482 2184 3537 ad
2220 3482 2400 3552 ipsum
2441 3482 2606 3536 etiam
2650 3480 2835 3536 crucis
2885 3477 3241 3549 supplicium,
3271 3490 3471 3547 passus
3517 3473 3690 3530 estin

2113 3573 2367 3637 veritate,
2419 3588 2542 3627 cum
2591 3571 2813 3628 interim
2868 3570 3007 3625 nihil
3052 3570 3172 3640 ipsa
3219 3568 3506 3625 divinitate
3539 3575 3696 3637 pate-

2114 3674 2287 3722 retur.
2340 3663 2550 3719 Christo
2600 3663 2740 3717 enim
2781 3662 2898 3733 (ait
2929 3659 3249 3732 Scriptura)
3297 3675 3393 3730 pro
3431 3656 3582 3712 nobis
3638 3659 3695 3709 in

2115 3773 2275 3811 carne
2303 3771 2461 3825 passo
2477 3755 2518 3808 ⁸.
2545 3751 2918 3822 Rursumque,
2956 3750 3316 3820 Mortiﬁcatus
3351 3764 3529 3813 carne,
3563 3747 3693 3801 vivi-

2115 3848 2309 3917 ﬁcatus
2343 3856 2520 3900 autem
2545 3846 2737 3912 spiritu
2761 3845 2803 3908 ⁸,
2838 3852 2892 3900 ει
2920 3859 3044 3916 quae
3073 3850 3398 3914 sequuntur.
3440 3840 3498 3896 ln
3530 3854 3695 3895 cruce

2117 3937 2496 4010 suspenditur,
2528 3939 2831 4010 sepelitur;
2863 3936 2928 3992 ad
2980 3935 3192 3992 inferos
3236 3949 3362 3989 cum
3407 3933 3697 3988 divinitate

2001 4121 2022 4152 '
2053 4119 2101 4176 A
2133 4123 2329 4192 magis.
2407 4121 2427 4151 ³
2457 4118 2640 4175 [Petr.
2670 4136 2743 4184 Iv,
2776 4120 2826 4173 l.
2903 4115 2968 4170 ‘l
3000 4114 3150 4172 Petr.
3183 4132 3264 4182 ιιι,
3303 4115 3395 4173 lS.

2113 4316 2249 4357 sane
2288 4301 2486 4358 recidit
2538 4301 2594 4356 in
2629 4315 2834 4354 annum
2890 4297 3104 4369 imperii
3134 4297 3370 4369 Augusti
3413 4311 3522 4369 non
3552 4313 3690 4360 xui.

2113 4373 2208 4427 sed
2243 4389 2308 4427 χι
2338 4382 2464 4427 ante
2496 4370 2878 4443 Dionysianam
2908 4367 3186 4440 vulgatam
3212 4367 3377 4423 atram
3409 4367 3596 4443 v._Qua
3625 4369 3693 4443 de

2112 4459 2173 4498 re
2196 4446 2268 4513 ob
2297 4439 2671 4513 discrepantes
2711 4442 2948 4513 interusc
2972 4439 3217 4494 veterum
3247 4440 3583 4513 sententias,
3621 4439 3692 4493 ob

2039 4499 2088 4558 ι)
2125 4499 2496 4569 ίιίαὶειιὶιεῑειιῖ
2525 4510 2887 4582 componendi
2906 4511 3054 4582 inter
3083 4525 3204 4582 sese
3229 4517 3475 4582 tempora
3511 4499 3692 4582 diver-

2115 4598 2213 4649 sa,
2251 4579 2666 4643 intricatissima
2699 4592 2752 4637 et
2786 4581 3018 4638 salebris
3070 4581 3313 4650 undique
3357 4579 3535 4634 obsita
3561 4618 3577 4642 ,
3609 4579 3694 4633 in-

2113 4656 2329 4710 numeri
2359 4653 2749 4725 propemodum
2788 4654 3060 4722 scripsere
3084 4691 3099 4716 ,
3139 4649 3250 4725 Δ(ιιιὶ
3291 4649 3504 4705 consuli
3558 4665 3691 4720 pos-

2113 4733 2269 4788 sunt,
2309 4719 2377 4781 et'
2390 4739 2486 4780 eos
2519 4725 2662 4779 inter
2691 4719 3004 4792 postremus
3031 4719 3278 4792 profecto
3309 4736 3418 4774 non
3449 4719 3565 4792 est,
3589 4736 3691 4774 nec

2112 4795 2339 4866 insuper
2368 4795 2652 4866 habendus
2680 4788 2891 4866 [quem
2935 4788 3079 4861 saepe
3117 4791 3458 4866 laudavimus
3487 4831 3502 4856 ,
3531 4788 3692 4866 Peta-

2110 4861 2323 4923 vius—et
2347 4867 2403 4921 in
2435 4866 2552 4922 suis
2585 4865 2661 4919 De
2690 4861 2936 4917 doctrina
2984 4873 3276 4932 temporum
3331 4861 3484 4916 libris
3526 4868 3576 4915 et
3634 4861 3690 4916 in

2110 4935 2178 4993 iis
2211 4953 2332 5005 quae
2366 4936 2435 4992 ad
2459 4935 2748 5007 Epiphanii
2773 4934 3023 5007 haeresim
3057 4934 3119 4988 5i
3156 4933 3396 5007 scripsit.

2112 5054 2126 5068 ,
2182 4998 2294 5088 ςῖξ)
2332 5007 2418 5073 Τῷ
2470 4998 2803 5088 τριὶικοστῷ
2846 5003 3112 5087 πέμπτῳ.
3173 4998 3338 5086 ξωιὶιι

2108 5072 2445 5202 ἓρῑηὲοιιειιι,
2472 5072 2636 5149 quam
2661 5080 2823 5147 paulo
2843 5072 3100 5146 superius
3126 5074 3311 5129 minus
3336 5072 3687 5128 verisimilem

2148 5164 2230 5202 tce
2273 5164 2382 5202 am.

2148 5149 2382 5204 icebam.

2178 5219 2290 5290 (16)
2324 5217 2648 5290 Τεσσάρςιξν
2669 5215 2842 5290 aspir.
2873 5211 3132 5272 Fortasse
3157 5215 3514 5290 minusvere.
3544 5213 3688 5290 lgior—

2105 5284 2236 5346 tuus
2272 5284 2535 5346 ereditur
2567 5286 2812 5343 Herodes
2864 5300 3010 5340 anno
3069 5300 3099 5339 a
3153 5285 3359 5341 Clu-isti
3394 5284 3687 5339 Nativilalc

2103 5360 2346 5415 nondum
2376 5359 2710 5414 adamnssim
2746 5357 2985 5427 expleto.
3037 5355 3149 5411 Nec
3182 5355 3425 5412 Herodes
3451 5357 3521 5411 ab
3567 5357 3684 5409 An-

2105 5432 2276 5502 tigoni
2318 5439 2495 5484 morte
2521 5444 2708 5502 xxxvii
2744 5429 2994 5502 regnavit
3024 5443 3223 5502 annos.

2173 5496 2287 5571 (17)
2337 5501 2625 5571 Aexarpla
2652 5500 2779 5571 ἐτη.
2811 5496 2896 5551 “δί
2946 5497 3167 5571 probari
3203 5496 3528 5571 contingat,
3565 5510 3687 5571 quae

2101 5567 2277 5641 supra
2311 5570 2643 5634 iudicabam,
2674 5569 2742 5622 ad
2773 5567 2962 5624 eorum
3014 5568 3365 5641 rationemet
3393 5568 3550 5621 locus
3581 5567 3686 5620 iste

2100 5637 2386 5711 Epiphanii
2417 5649 2706 5700 revocetur
2734 5654 2961 5694 necesse
2977 5646 3092 5711 est.
3116 5637 3300 5711 Quod
3330 5647 3385 5692 et
3402 5644 3684 5711 prastat:-

2099 5706 2227 5766 dum
2281 5712 2498 5767 videtur
2557 5712 2705 5766 circa
2762 5725 2935 5764 annos
2975 5707 3235 5777 Baptismi
3288 5717 3342 5762 et
3402 5706 3683 5762 Passionis

2097 5783 2300 5838 Christi
2323 5781 2641 5837 Domini.De
2661 5781 2860 5851 quibus
2885 5780 3044 5851 annis
3063 5786 3276 5833 constat
3291 5793 3397 5851 non
3417 5778 3682 5851 minorem

2103 5869 2222 5912 esse
2271 5846 2702 5910 controversiam
2734 5866 2898 5922 quam
2947 5850 3015 5905 de
3057 5857 3302 5921 tempore
3347 5846 3682 5903 Nativitatis.
