4118 6402
450 349 556 408 εει-ς

1806 367 2472 425 ΑΝΑΟΕΡΠΑῙΛΞΟΞΙΞ.

3601 377 3708 434 854

448 467 580 538 μίαν
605 473 977 544 πνευματικὴν
1000 475 1314 542 ὑπόστασιν,
1340 481 1433 534 καὶ
1455 482 1634 538 ἔνθεον
1664 486 2012 552 άποτελέσας,

2128 504 2295 542 unum
2329 485 2604 550 conﬂatis,
2630 497 2796 558 atque
2827 489 2882 552 in
2911 490 3158 546 eamdem
3186 490 3488 563 spiritmem
3517 511 3710 565 perso-

445 559 700 614 ἐκάθισεν
730 564 787 614 ἐν
825 563 974 636 δεξιᾷ
1003 568 1098 620 τοῦ
1133 570 1367 640 Πατρὸς,
1412 574 1630 644 πέμψας
1671 579 1916 648 κήρυκας
1946 583 2026 642 είς

446 649 575 719 ὃλην
600 649 700 722 τὴν
731 654 1072 729 οἰκουμένην,
1105 659 1321 730 Σίμωνα
1353 664 1577 736 Πέτρον,
1642 669 1892 740 Ἀνδρέαν
1935 673 2026 725 τὸν

446 741 672 812 αδελφδν
713 746 898 812 αὑτοῦ,
953 749 1209 805 Ἰάκωϐον
1249 756 1342 806 καὶ
1385 757 1656 829 Ἰωάννην,
1704 763 1828 826 τοὺς
1875 765 2026 830 υἱοὺς

445 833 868 927 Ζεϐεδαίουωῦς
904 839 1070 895 πάλαι
1114 842 1422 910 ἐξελέξατο,
1454 848 1716 904 Φίλιππον
1754 855 1847 906 καὶ
1885 855 2026 927 Βαρ-

447 925 754 996 θολομαῖον,
811 931 1088 987 Ματθαῖον
1136 937 1231 989 καὶ
1279 938 1479 1009 Θωμᾶν
1536 945 1629 997 καὶ
1682 945 1879 999 Ἰούδαν
1932 925 2025 1003 καὶ

445 1015 722 1084 Θαδδαῖον,
755 1021 972 1091 Σίμωνα
1000 1025 1088 1078 τὸν
1131 1029 1405 1101 Ζηλωτὴν,
1437 1033 1621 1087 Ιούδαν
1646 1053 1703 1088 τε
1729 1037 1820 1090 τὸν
1849 1039 2023 1094 Ἰσκα-

449 1108 648 1180 ριώτην
691 1113 786 1165 καὶ
833 1116 1101 1187 προδότην
1128 1119 1294 1173 αὑτοῦ
1337 1123 1662 1194 γενόμενονο
1693 1129 1784 1181 καὶ
1830 1130 2022 1197 ἄλλους

444 1201 812 1275 ἐϐδομήκοντα
859 1208 982 1274 δύο,
1029 1209 1088 1276 ἐξ
1135 1205 1210 1264 ὧν
1267 1209 1408 1286 ἦσαν
1461 1219 1600 1272 ὲπτά
1652 1222 1700 1274 oi
1759 1223 1849 1276 ἐπὶ
1918 1225 2022 1279 τῶν

445 1297 625 1390 ξηρῶν
645 1299 778 1368 (18),
799 1303 1091 1371 Στέφανος,
1121 1306 1405 1372 Φίλιππος,
1425 1311 1716 1384 Πρόχορος,
1741 1316 2018 1390 Νικάνωρ,

443 1387 649 1458 Τίμων,
680 1391 976 1464 Παρμενᾶς
1028 1399 1121 1450 καὶ
1151 1399 1432 1465 Νικόλαος.
1459 1404 1601 1472 Πρὸς
1629 1406 1841 1471 τούτοις
1867 1387 2021 1462 Ματ-

444 1479 613 1544 θίαςό
647 1483 768 1536 ἀντὶ
805 1485 976 1539 ’ἰούδα
1020 1488 1244 1558 ἔσχατον
1289 1494 1690 1565 συμψηφισθεὶς
1733 1499 1870 1569 μετά
1911 1503 2019 1555 τῶν

443 1570 650 1626 δώδεκα
680 1576 1010 1631 ἀποστόλων.
1036 1581 1190 1634 Μετά
1221 1583 1276 1636 δὲ
1301 1585 1502 1640 τούτων
1530 1589 1744 1643 πάντων
1770 1593 2014 1663 Μάρκος,

442 1665 673 1729 Λουκᾶς,
707 1667 956 1732 Ἰοῦστος.
983 1669 1270 1742 Βαρνάϐας
1316 1677 1409 1728 καὶ
1448 1678 1726 1750 Ἀπελλῆς,
1770 1682 2014 1752 Ῥοῦφος,

441 1756 612 1826 Νίγερ
658 1759 753 1810 καὶ
808 1761 857 1812 οί
914 1760 1090 1816 λοιποὶ
1147 1764 1255 1818 τῶν
1306 1766 1794 1840 ἑϐδομηκονταδύο.
1859 1776 2018 1829 Μετά

2133 597 2257 636 nam
2292 580 2758 636 concurrentibus
2811 581 3120 652 divinisque
3153 585 3404 651 redditis,
3442 587 3494 641 in
3528 586 3706 644 Patris

2130 670 2322 727 dextra
2350 669 2619 735 consedit,
2648 684 2930 740 praecones
2961 671 3014 724 in
3040 672 3354 728 universum
3379 676 3565 729 orbem
3596 683 3706 731 ter-

2130 779 2204 817 ra:
2253 762 2418 822 misit.
2457 759 2734 816 Simonem
2769 760 2993 816 Petrum
3035 773 3088 819 et
3121 765 3396 820 Andream
3430 767 3550 836 ejus
3591 767 3702 824 fra-

2127 863 2304 919 trem,
2359 852 2622 908 Jacobum
2668 864 2722 909 et
2757 853 3021 910 Joannem
3071 855 3319 912 Zebedaei
3376 857 3706 930 filios,quos

2127 943 2256 998 olim
2289 943 2588 1013 delegerat,
2625 943 2934 1016 Philippum
2967 958 3020 1001 et
3048 945 3525 1013 Bartholomzeum,
3569 951 3706 1005 Mat-

2127 1037 2326 1091 tlianim
2376 1045 2427 1092 et
2491 1036 2789 1100 Thomam,
2828 1049 2882 1093 et
2929 1037 3124 1093 Judam
3165 1055 3228 1093 ac
3260 1039 3630 1110 Tliaddzcum,
3651 1053 3704 1097 et

2128 1127 2404 1183 Simonem
2450 1127 2673 1182 Zeloten
2706 1135 2760 1181 et
2789 1127 2984 1183 Iudam
3040 1129 3381 1194 Iscariolem,
3417 1147 3444 1184 a
3475 1148 3585 1202 quo
3616 1133 3705 1188 ille

2124 1221 2358 1275 traditus
2379 1228 2490 1275 est:
2528 1220 2653 1275 item
2679 1221 2813 1276 alios
2845 1237 3014 1286 Lxxn,
3045 1237 3074 1276 e
3097 1222 3295 1292 quibus
3330 1239 3400 1276 vn
3428 1224 3502 1277 illi
3532 1223 3701 1291 fixere,

2123 1311 2214 1382 qui
2259 1311 2324 1364 ad
2371 1311 2660 1364 viduarum
2687 1311 3009 1380 obsequium
3040 1309 3236 1366 delecti
3275 1321 3443 1367 sunt:
3476 1311 3706 1383 Stepha-

2123 1420 2249 1466 nus,
2303 1401 2607 1473 Philippus,
2647 1396 2982 1463 Procliorus,
3026 1399 3284 1464 Nicanor,
3315 1401 3532 1466 Timon,
3568 1402 3703 1458 Par-

2122 1509 2307 1549 menas
2357 1501 2411 1548 et
2457 1492 2716 1547 Nicolaus
2761 1509 2772 1545 :
2811 1499 2866 1545 et
2904 1499 3100 1562 prmter
3158 1491 3258 1546 hos
3296 1491 3572 1556 Matthias,
3608 1495 3700 1564 qui

2117 1583 2422 1640 locoiudaa
2453 1583 2596 1638 inter
2623 1597 2702 1638 ιιι
2746 1583 3024 1652 apostolos
3055 1591 3344 1652 cooptatus
3373 1594 3477 1639 est.
3510 1585 3706 1642 Acces-

2120 1685 2313 1731 serunt
2356 1675 2422 1729 ad
2473 1677 2597 1730 illos
2645 1673 2884 1739 Marcus,
2919 1673 3120 1736 Lucas,
3151 1673 3364 1739 Justus,
3398 1675 3699 1741 Barnabas,

2119 1765 2358 1836 Apelles,
2391 1765 2592 1830 Rufus,
2620 1765 2784 1836 Niger
2834 1779 2896 1820 ac
2927 1764 3122 1834 reliqui
3150 1765 3217 1818 de
3246 1781 3415 1819 Lxxn.
3445 1766 3570 1821 Post
3603 1767 3704 1824 hos

440 1846 664 1912 τούτους
723 1849 781 1903 δέ
841 1851 1050 1916 πάντας
1111 1855 1202 1908 καὶ
1258 1858 1354 1911 σὺν
1408 1859 1590 1924 αὐτοῖς
1645 1863 1857 1918 Παῦλον
1923 1865 2012 1919 τὸν

2117 1869 2308 1910 omnes
2348 1861 2403 1909 et
2450 1868 2574 1908 cum
2627 1853 2709 1908 eis
2761 1853 3171 1908 sanctissimum
3227 1853 3467 1910 Paulum.
3505 1872 3606 1911 sua
3635 1859 3702 1914 dc.

440 1938 742 2006 ἁγιώτατον
785 1942 1084 1998 ἀπόστολον
1132 1945 1492 2020 ἐκλεξάμενος
1533 1952 1619 2006 διὰ
1651 1955 1835 2025 φωνῆς
1882 1955 2016 2021 ἰδίας

439 2029 536 2082 ἀπ’
569 2031 822 2102 ούρανοῦ,
858 2035 1154 2092 ἀπόστολον
1175 2041 1440 2111 ὀμοῦκαὶ
1473 2045 1691 2115 κήρυκα
1723 2047 1894 2101 ἐθνῶν
1921 2051 2014 2102 καὶ

441 2122 730 2196 πληρωτὴν
787 2127 1150 2201 ἀποστολικῆς
1211 2131 1484 2200 διακονίας
1549 2139 1854 2194 ἀπέστειλε.
1907 2143 2015 2196 Καὶ

437 2216 682 2287 εὑρίσκει
704 2220 917 2274 Λουκᾶν
943 2221 1052 2276 τῶν
1073 2223 1536 2297 ἑϐδομηκονταδύο
1553 2229 1679 2283 ὄντα
1701 2231 1808 2286 τῶν
1825 2233 2016 2304 ἐσκορ-

439 2310 738 2378 πισμένων,
771 2314 865 2366 καὶ
907 2315 1198 2370 ἀκόλουθον
1239 2318 1402 2372 αὐτὸν
1435 2320 1594 2374 ἔλαϐε
1626 2323 1718 2376 καὶ
1755 2325 2014 2397 συνεργὸν

435 2400 530 2454 τοῦ
565 2403 919 2474 Εὐαγγελίου.
957 2408 1144 2474 Οὕτως
1183 2411 1312 2479 γοῦν
1343 2414 1610 2486 ἐτελέσθη
1651 2418 1684 2486 ἠ
1729 2419 1879 2472 πᾶσα
1924 2420 2014 2472 εύ-

435 2494 699 2568 αγγελικὴ
734 2497 1087 2569 πραγματεία
1108 2500 1212 2566 ἕως
1235 2502 1423 2556 τούτου
1445 2503 1540 2557 τοῦ
1567 2506 1779 2576 χρόνου.

509 2587 703 2642 Ἔσται
736 2588 794 2641 δέ
838 2607 928 2660 μοι
964 2593 992 2644 ὁ
1037 2592 1192 2661 λόγος
1228 2593 1332 2657 ἕως
1367 2588 1468 2648 ὧδε
1501 2597 1766 2668 περὶτῶν
1811 2599 2014 2652 εἴκοσιν

439 2677 737 2748 αἱρέσεων,
786 2682 882 2734 καὶ
937 2683 1038 2752 τῆς
1085 2683 1231 2738 κατά
1281 2686 1603 2740 ἀκολουθίαν
1655 2691 1712 2740 ἐν
1765 2689 2014 2763 συντόμῳ

436 2769 798 2841 εύαγγελικῆς
839 2773 934 2826 τοῦ
981 2777 1184 2846 κόσμου
1221 2779 1587 2847 φωταγωγίας
1618 2779 1706 2832 διὰ
1737 2780 1832 2833 τοῦ
1881 2783 2014 2853 Χρι-

438 2862 564 2915 στοῦ
594 2864 817 2916 καὶτῶν
854 2866 1111 2936 μαθητῶν
1135 2867 1300 2922 αὑτοῦ
1341 2871 1765 2943 γεγεννημένης.
1801 2867 1896 2936 Οἷς
1919 2874 2013 2926 καὶ¹

434 2955 594 3023 ὅμοια
631 2955 882 3022 συλλέξαι
937 2959 1032 3011 καὶ
1076 2957 1517 3031 παραθέσθαιτά
1559 2961 2015 3034 προθεσπίσματά

432 3062 491 3098 τε
532 3046 755 3110 καὶτὰς
785 3049 1120 3120 προφητείας
1153 3051 1261 3105 ἀπὸ
1299 3052 1462 3123 νόμου
1501 3071 1559 3106 τε
1611 3054 1702 3108 καὶ
1744 3055 2010 3127 Ψαλμῶν,

433 3137 660 3192 καὶτῶν
685 3139 860 3194 ἄλλων
896 3139 996 3204 τὰς
1027 3141 1349 3207 ἀκολουθίας
1381 3145 1476 3198 καὶ
1517 3145 1768 3214 ἀγωγάς’
1804 3146 2012 3202 ἔνεστιν

2119 1946 2260 2000 οωὶο
2289 1960 2425 2000 voce
2458 1945 2628 2000 missa
2668 1945 2978 2015 apostolum
3007 1944 3250 2016 gentium
3283 1960 3346 2000 ac
3372 1962 3697 2018 praeconem.

2117 2045 2172 2093 et
2228 2037 2513 2109 apostolici
2558 2037 2848 2092 ministerii
2904 2045 3406 2093 consummatorem
3441 2039 3696 2095 instituit.

2117 2129 2220 2196 Qui
2244 2129 2463 2200 quidem
2484 2129 2688 2184 Lucam
2717 2144 2886 2183 unum
2918 2143 2949 2184 e
2977 2143 3124 2183 Lxxn
3150 2128 3435 2199 discipulis
3465 2133 3556 2202 qui
3587 2131 3701 2186 dis-

2117 2219 2260 2289 persi
2316 2219 2551 2284 fuerant,
2587 2220 2814 2283 invenit,
2853 2235 3090 2289 eumque
3157 2220 3412 2274 comitem
3451 2230 3505 2275 et
3545 2221 3703 2290 adju-

2120 2322 2290 2367 torem
2312 2311 2590 2381 Evangelii
2615 2310 2882 2365 adhibuit.
2909 2309 3022 2365 Hoc
3048 2311 3210 2366 modo
3234 2320 3403 2365 totum
3421 2312 3697 2385 Evangelii

2117 2403 2398 2476 negotium
2434 2405 2500 2458 ad
2531 2403 2635 2459 hoc
2663 2419 2840 2475 usque
2867 2403 3132 2475 temporis
3163 2404 3472 2461 confectum
3500 2417 3606 2462 est.

2189 2576 2364 2646 Atque
2392 2575 2658 2633 hactenus
2707 2577 2776 2632 de
2822 2594 2892 2632 xx
2949 2579 3140 2646 sectis,
3191 2581 3367 2651 deque
3418 2597 3503 2646 eo,
3553 2587 3697 2655 quod

2116 2667 2311 2723 ordine
2338 2677 2697 2723 consecutum
2732 2677 2838 2733 est,
2869 2679 2925 2725 et
2958 2685 2988 2723 a
3014 2685 3101 2726 me
3130 2673 3319 2741 paucis
3345 2675 3696 2745 explicatum,

2116 2759 2428 2828 evangelica
2453 2759 2664 2814 scilicet
2689 2760 2830 2825 luce,
2857 2775 2979 2831 quae
3001 2775 3030 2813 a
3048 2761 3270 2817 Christo
3291 2763 3521 2819 Domino
3547 2766 3698 2836 ejus-

2116 2866 2224 2922 que
2258 2850 2542 2921 discipulis
2585 2851 2703 2905 orbi
2744 2860 3018 2907 terrarum
3058 2852 3208 2908 illata
3245 2853 3367 2910 fuit.
3425 2855 3636 2923 Quibus
3666 2876 3696 2912 a

2119 2959 2204 2998 me
2233 2942 2395 3000 dictis
2435 2953 2804 2999 consentanea
2855 2946 3116 3017 pleraque
3147 2947 3407 3018 colligere
3449 2949 3598 3019 licet,
3631 2966 3697 3008 ac

2113 3034 2372 3090 vaticinia
2403 3044 2457 3091 et
2478 3036 2699 3090 oracula
2723 3052 2790 3091 ex
2823 3037 2941 3108 lege
2971 3038 3140 3093 veteri
3165 3041 3246 3093 vel
3275 3038 3513 3098 Psalmis
3542 3043 3695 3101 aliis-

2115 3143 2222 3198 que
2249 3127 2406 3184 libris
2430 3129 2776 3198 conquirere,
2809 3137 2864 3184 et
2896 3130 3140 3184 omnium
3179 3132 3374 3187 seriem
3415 3135 3696 3190 ordinem-

437 3226 631 3290 ίδεῖνί,
695 3228 792 3281 καὶ
841 3229 944 3300 τὴν
977 3199 1286 3300 ⁷ἀκρίϐειαν
1327 3199 1768 3292 καταλαϐέσθαι,
1819 3236 1895 3299 ὡς

2116 3235 2224 3290 que
2256 3220 2594 3290 perscrutari
2625 3238 2640 3286 ;
2697 3235 2761 3276 ex
2805 3220 2984 3291 iisque
3024 3221 3458 3278 incarnationem
3488 3223 3694 3289 Christi

433 3316 586 3380 νόθος
611 3317 728 3372 ἀλλ’
754 3317 981 3390 ἀληθὴς,
1010 3322 1105 3374 καὶ
1133 3324 1672 3393 προκαταγγελθετσα
1697 3327 1805 3380 ἀπὸ
1829 3328 2011 3401 πάσης

431 3411 529 3480 τῆς
555 3410 790 3474 παλαιᾶς
809 3411 1094 3484 διαθήκης,
1126 3415 1222 3466 καὶ
1253 3415 1622 3485 ἀναμφίϐολός
1652 3419 1801 3472 ἐστιν
1839 3421 1871 3491 ἡ
1914 3421 2008 3474 τοῦ

432 3504 670 3575 Χριστοῦ
707 3508 982 3574 παρουσία
1015 3508 1112 3560 καὶ
1157 3507 1488 3581 εύαγγελικὴ
1517 3509 1850 3567 διδασκαλία.
1891 3514 2008 3567 Ἵνα

429 3595 485 3648 δὲ
537 3597 611 3668 μὴ
668 3598 747 3660 είς
799 3598 961 3667 ὄγκον
1022 3599 1360 3672 παρεκτείνω
1407 3602 1506 3672 τὴν
1553 3602 1652 3674 τῆς
1703 3604 2008 3671 συντάξεως

432 3686 836 3756 πραγματείαν,
868 3687 1078 3752 τούτοις
1112 3691 1548 3762 ἀρκεσθήσομαι.

503 3776 716 3848 Προϊὼν
771 3779 828 3832 δέ
886 3779 1085 3852 ἐφεξῆς
1134 3780 1232 3845 τὰς
1281 3784 1575 3854 μετέπειτα
1623 3783 1700 3854 τῷ
1744 3785 1844 3857 βίῳ
1889 3787 2009 3840 ἐπι-

431 3869 658 3936 φυείσας
695 3872 785 3924 ἐπὶ
816 3875 958 3944 κακῇ
997 3874 1268 3945 προφάσει
1295 3874 1453 3941 δόξας
1473 3876 1671 3947 ὁμοίως
1699 3877 2007 3948 διαγράψαι.

2113 3312 2332 3370 Domini
2373 3315 2664 3385 perspicue
2701 3316 3066 3385 comprobare
3105 3330 3216 3369 non
3265 3317 3690 3386 supposititiam.

2115 3407 2208 3464 sed
2229 3423 2411 3463 veram
2433 3409 2732 3467 exstitisse.
2757 3415 2924 3477 atque
2949 3407 3005 3462 in
3026 3408 3143 3478 lege
3159 3409 3332 3464 veteri
3357 3411 3691 3473 nuntiatam.

2112 3507 2174 3553 ut
2202 3499 2268 3555 de
2292 3515 2357 3555 eo
2388 3500 2570 3556 nullus
2601 3501 2672 3555 sit
2699 3499 2982 3554 dubitandi
3021 3499 3175 3555 locus
3201 3501 3446 3556 relictus.
3481 3503 3587 3557 Sed
3613 3519 3684 3560 ne

2113 3592 2278 3661 hujus
2323 3592 2505 3662 operis
2541 3592 2797 3646 tractatio
2841 3591 2897 3645 in
2944 3590 3218 3646 infinitum
3247 3600 3552 3661 excrescat,
3592 3593 3679 3649 his

2113 3696 2235 3751 quae
2261 3681 2406 3736 dicta
2437 3687 2567 3734 sunt
2591 3680 2802 3736 erimus
2829 3681 3098 3739 contenti.

2194 3772 2272 3826 Ac
2316 3771 2575 3842 deinceps
2627 3771 2914 3842 opiniones
2958 3771 3102 3836 illas,
3143 3787 3265 3842 quae
3315 3773 3370 3826 in
3410 3772 3692 3828 hominum

2111 3863 2277 3919 vitam
2299 3869 2488 3934 postea
2512 3863 2750 3932 pessimo
2776 3863 2966 3920 colore
2986 3877 3050 3917 ac
3080 3863 3262 3933 specie
3287 3863 3513 3934 prolata
3541 3871 3691 3930 sunt,

2113 3957 2304 4013 eadem
2338 3955 2482 4012 serie
2510 3963 2814 4026 pertexam.

1517 4068 1900 4130 HERESES
1953 4069 2156 4131 TOMI
2214 4069 2270 4129 ΙΙ
2315 4068 2527 4128 LIBRI
2563 4068 2635 4131 Ι..

499 4189 577 4242 A'.
614 4190 723 4243 Καὶ
755 4188 927 4242 ταῦτα
961 4187 1070 4259 γὰρ
1121 4189 1328 4243 ἔνεστιν
1371 4193 1428 4243 ἐν
1473 4189 1551 4261 τῷ
1589 4190 1824 4262 δευτέρῳ
1855 4191 2007 4262 τόμῳ

426 4282 522 4334 τοῦ
563 4281 779 4353 πρώτου
826 4280 1030 4351 βιϐλίου
1071 4281 1502 4353 διαλαμϐάνοντα
1541 4283 1669 4354 περὶ
1709 4282 2007 4353 δεκατριῶν

2184 4189 2397 4261 1122
2448 4188 2488 4242 1.
2535 4187 2661 4244 Haec
2698 4197 2828 4245 sunt
2868 4205 2990 4260 quae
3023 4189 3078 4245 in
3114 4192 3358 4248 secundo
3389 4200 3535 4248 tomo
3567 4193 3694 4250 libri

2108 4281 2271 4352 primi
2301 4281 2675 4344 continentur,
2698 4279 2752 4332 in
2787 4295 2896 4348 quo
2928 4296 3026 4334 xm
3057 4280 3294 4338 haereses
3319 4284 3690 4354 explicantur,

426 4373 710 4445 αἱρέσεων,
750 4366 824 4427 ὧν
870 4372 1060 4444 πρώτη
1093 4374 1127 4444 ή
1166 4372 1260 4426 τοῦ
1293 4374 1533 4445 Σίμωνος
1558 4373 1651 4427 τοῦ
1693 4375 1915 4442 Μάγου,
1949 4373 2008 4436 ὃς

2116 4387 2336 4442 quarum
2355 4373 2638 4442 primaest
2650 4371 2888 4426 Simonis
2904 4370 3066 4442 Magi,
3089 4374 3182 4442 qui
3202 4375 3383 4429 statim
3404 4375 3694 4445 postChri-

428 4465 590 4529 εὐθὺς
635 4465 774 4535 μετά
814 4464 1048 4534 Χριστὸν
1097 4463 1178 4516 ἔτι
1216 4464 1600 4536 κηρυσσόντων
1631 4463 1740 4518 τῶν
1773 4466 2008 4519 ἀποστό-

426 4556 535 4608 λων
565 4557 758 4626 ἐφὰνη,
786 4557 878 4625 ἀφ’
902 4550 962 4610 οὗ
998 4555 1090 4608 καὶ
1130 4555 1457 4626 Σιμωνιανοὶ
1487 4555 1794 4626 ἐκλήθησαν
1813 4596 1828 4618 ,
1858 4560 1906 4610 οἱ
1936 4559 2002 4627 τῇ

428 4649 592 4702 αὐτοῦ
643 4650 848 4721 αἱρέσει
910 4649 1321 4721 προσκείμενοι.
1363 4640 1532 4712 Οὗτος
1591 4650 1655 4701 ἐκ
1693 4649 2006 4721 Σαμαρείας

423 4741 668 4812 ὡρμᾶτο,
701 4741 896 4812 κώμης
921 4740 1150 4804 Γιτθῶν,
1179 4739 1420 4811 Χριστοῦ
1470 4741 1526 4793 δέ
1568 4741 1798 4793 ύπέδυεν
1832 4741 2005 4812 ὄνομα

428 4833 606 4904 μόνον.
637 4833 846 4899 Ἐδειξε
879 4833 935 4886 δέ
978 4831 1362 4906 αἰσχροποιῒαν
1398 4831 1496 4903 τὴν
1546 4831 1691 4902 μίξιν
1719 4832 1997 4903 μολυσμοῦ

2107 4475 2252 4519 stum
2279 4464 2708 4534 praedicantibus
2736 4458 2920 4518 adhuc
2949 4465 3216 4535 apostolis
3245 4466 3492 4532 emersit,
3520 4479 3551 4520 ει
3581 4483 3693 4540 quo

2113 4555 2415 4610 Slmoniani
2453 4557 2602 4611 illius
2636 4556 2861 4612 haeresis
2896 4564 3196 4613 sectatores
3245 4559 3496 4628 appellati
3539 4568 3688 4613 sunt.

2112 4649 2212 4706 Hic
2257 4664 2332 4703 ex.
2373 4647 2634 4702 Samaria:
2686 4648 2806 4702 vico
2855 4649 3093 4718 quodam
3145 4647 3348 4702 Gitthis
3399 4648 3689 4713 oriundus,

2111 4740 2389 4796 Christum
2433 4740 2654 4794 nomine
2690 4749 2851 4796 tenus
2897 4739 3183 4811 professus
3213 4750 3315 4798 est.
3365 4743 3570 4796 Auctor
3602 4756 3693 4795 ne-

2114 4833 2293 4888 fandae
2348 4830 2707 4888 obscenitatis
2755 4843 2810 4888 et
2861 4833 3293 4904 inquinatissimi
3343 4832 3687 4898 concubitus,

493 4993 506 5022 ¹
542 4991 761 5046 Leviter
791 4993 1122 5062 depravatus
1151 4990 1240 5044 hic
1271 4991 1444 5045 locus.
1474 4987 1601 5044 Cor.
1625 4990 1848 5060 ἀγωγὰς
1879 4990 2012 5048 ἔνεσι

2117 4991 2243 5045 ἰδεῖν
2282 5009 2362 5044 τε.

494 5151 608 5220 (18)
653 5154 717 5204 Ol
756 5152 852 5205 ἐπὶ
889 5151 1008 5204 τῶν
1033 5149 1254 5219 χηρῶν.
1297 5149 1528 5204 Unicum
1562 5159 1768 5204 tantum
1818 5165 1917 5204 nec
1947 5150 2003 5202 i4-

424 5222 513 5276 Iud
539 5222 871 5291 praecipuum
891 5222 1246 5275 diaconorum
1272 5222 1528 5279 ollicium.
1545 5237 1654 5290 quo
1673 5221 1849 5275 viduis
1876 5236 2005 5290 pne-

425 5303 511 5346 sto
550 5300 730 5351 erant,
763 5292 939 5360 tangit
988 5291 1328 5360 Epiphanius
1367 5291 1471 5344 hoc
1517 5292 1570 5344 in
1626 5291 1847 5360 loco,de
1896 5291 2006 5344 illis

425 5375 552 5415 non‘
581 5361 906 5430 composito,
949 5361 1045 5416 sed
1101 5361 1277 5416 obiter
1339 5361 1524 5430 agens’.
1580 5362 1845 5416 Caeterum
1897 5377 2005 5414 non

421 5433 488 5485 ad
551 5432 679 5486 illud
731 5439 942 5484 tantum
1001 5447 1198 5486 munus
1242 5432 1444 5485 ascitos
1506 5447 1601 5487 eos
1651 5431 1818 5486 fuisse
1872 5433 2007 5486 satis

423 5502 666 5556 declarat
701 5499 758 5556 S.
792 5500 970 5556 Lucas
1013 5501 1453 5570 Apostolicornm
1491 5510 1708 5555 actuum
1762 5517 1882 5571 cap.
1925 5519 2001 5561 vr,

425 5572 646 5626 modum
693 5581 856 5640 atque
893 5572 1121 5625 formam
1155 5572 1316 5626 nobis
1356 5571 1676 5626 describens
1705 5587 1810 5640 qna
1843 5571 1999 5626 electi

425 5640 576 5696 fuere
608 5651 662 5695 et
693 5642 950 5696 instituti.
984 5642 1310 5696 Christianae
1352 5642 1609 5695 nimirum
1653 5643 1826 5712 plebis
1863 5643 2002 5694 scito

425 5713 683 5780 quodam,
739 5713 1023 5781 probitatis
1067 5727 1278 5766 morum
1313 5712 1675 5773 documento;
1728 5715 1997 5777 oratione,

425 5798 530 5852 qua
571 5783 712 5839 Deus
763 5783 1123 5854 deprecatus;
1174 5784 1544 5854 apostolorum
1596 5799 1854 5838 manuum
1897 5799 1998 5853 pu-

2107 5150 2248 5205 blica
2283 5151 2650 5219 impositione.
2680 5166 2801 5221 quae
2828 5150 3009 5221 omnia
3046 5164 3155 5204 non
3191 5149 3362 5206 solam
3397 5149 3464 5221 de
3504 5149 3688 5208 viduis

2108 5236 2322 5284 curam,
2361 5222 2455 5276 sed
2504 5220 2709 5290 grande
2742 5220 2962 5291 aliquod
3013 5221 3362 5290 protendunt.
3399 5220 3691 5276 Declarant

2109 5298 2164 5345 et
2195 5291 2386 5344 Patres
2414 5292 2726 5347 traditionis
2775 5301 3096 5361 argumento
3123 5292 3382 5346 docentes
3423 5291 3691 5348 diaconos

2111 5361 2316 5415 electos
2346 5361 2738 5431 institutosque
2783 5362 3128 5431 potissimum
3165 5361 3355 5422 fuisse,
3397 5367 3459 5414 ut
3504 5376 3690 5417 sacer-

2113 5431 2336 5486 dotibus
2369 5447 2524 5487 sacra
2589 5433 2915 5486 facientibus
2959 5432 3024 5484 ad
3076 5431 3246 5485 altare
3286 5431 3686 5488 ministrarent.

2111 5499 2308 5556 Notum
2342 5511 2427 5557 est
2459 5501 2516 5555 S.
2553 5503 2886 5572 Cyprianum
2921 5501 3246 5572 ianpistola
3273 5517 3375 5572 sua
3411 5501 3480 5553 ad
3513 5500 3684 5568 Roga-

2111 5571 2335 5628 tianum.
2390 5588 2511 5641 qua:
2559 5573 2628 5626 65
2673 5573 2800 5624 olim
2835 5571 3139 5626 habebatur
3184 5571 3237 5624 in
3283 5571 3496 5634 ordine,
3541 5587 3680 5627 nunc

2111 5651 2290 5695 autem
2325 5641 2378 5705 '5,
2413 5644 2691 5712 conceptis
2720 5641 2901 5696 verbis
2953 5642 3262 5710 Scripsisse,
3296 5641 3544 5696 diaconos
3572 5653 3682 5708 post

2109 5728 2384 5765 ascensum
2441 5713 2651 5766 Domini
2704 5714 2756 5765 in
2804 5713 2981 5770 caelos.
3024 5712 3290 5778 apostolos
3334 5712 3436 5764 sibi
3488 5714 3686 5767 consti-

2110 5783 2294 5850 tuisse,
2327 5783 2656 5851 episcopatus
2691 5784 2774 5838 sui
2801 5792 2850 5837 et
2883 5781 3134 5838 Ecclesia
3163 5783 3450 5838 ministros.
