4118 6402
435 315 542 371 855

1857 315 1914 369 S.
1953 313 2294 370 EPIPHANII

3584 313 3693 369 856

434 443 698 506 praeterea
731 434 1079 506 promiscua:
1113 450 1313 490 uxores
1351 451 1478 492 esse
1515 437 1708 494 voluit.
1765 435 2011 507 Corpora

2142 437 2391 492 ὐναικῶν
2455 438 2746 509 ἀδιάφορον
2772 438 2810 490 ⁸.
2865 437 3141 508 Σωμάτων
3194 437 3251 490 δὲ
3302 435 3543 491 ἀπέϐαλε
3595 436 3693 507 τὴν

437 536 598 599 negat
633 542 953 598 resurgere,
1003 531 1106 583 n'ec
1143 543 1172 580 a
1211 528 1323 584 Deo
1375 528 1641 583 mundum
1687 528 2018 584 fabricatum

435 635 563 677 esse
589 621 798 675 statuit.
818 619 1112 690 Imaginem
1138 635 1303 690 porro
1332 635 1486 676 suam
1514 620 1794 690 scortique
1817 622 1901 676 sui
1929 637 2021 675 no-

438 711 587 767 mine
613 709 851 775 Helenm,
882 711 986 766 sub
1011 709 1162 766 Jovis
1185 725 1250 766 ac
1270 710 1528 766 Minervae
1555 712 1738 782 specie
1771 711 2019 780 discipu-

439 801 508 856 lis
551 801 882 856 adorandam
926 802 1188 857 obtrusit.
1243 802 1399 874 Apud
1435 803 1738 858 Samarites
1784 818 1882 872 pro
1911 803 2020 858 Deo

441 893 600 950 Patre
619 909 678 950 se
693 894 1004 957 venditans,
1023 893 1227 950 Judaeis
1244 897 1524 950 Christum
1549 911 1608 951 se
1632 911 1752 951 esse
1778 897 2017 952 dicebat.

509 983 571 1037 11.
626 983 1001 1039 Menandriani
1049 1001 1081 1040 a
1124 985 1420 1041 Menandro
1470 987 1706 1058 quodam
1756 987 2019 1058 originem

441 1083 755 1139 traxerunt,
786 1074 881 1145 qui
919 1076 1088 1131 certis
1133 1077 1188 1130 in
1236 1079 1400 1132 rebus
1434 1091 1465 1130 a
1522 1077 1862 1134 Simonianis
1905 1079 2022 1134 dis-

439 1166 718 1237 crepabat.
737 1165 998 1223 Mundum
1021 1183 1151 1224 vero
1167 1169 1235 1223 ab
1256 1169 1467 1240 angelis
1495 1167 1666 1225 fuisse
1691 1169 2021 1241 productum

443 1264 747 1321 asserebat.

512 1353 600 1410 Ill.
643 1355 1002 1412 Saturniliani
1047 1357 1102 1412 in
1153 1355 1312 1430 Syria
1349 1355 1798 1413 Simonianorum
1849 1355 2024 1427 turpi-

444 1447 690 1505 tudinem
720 1458 994 1504 auxerunt
1027 1465 1041 1503 :
1092 1450 1357 1504 nonnulla
1405 1464 1626 1520 quoque
1657 1449 1724 1503 ad
1757 1449 2022 1518 majorem

443 1540 848 1596 conciliandum
895 1552 1170 1612 stuporem
1230 1543 1297 1596 ad
1355 1542 1570 1596 illorum
1625 1541 1875 1610 adjecere
1925 1540 2026 1595 do-

443 1638 646 1700 gmata.
676 1631 881 1686 Horum
908 1633 1164 1704 princeps
1195 1631 1511 1689 Saturuilus
1535 1632 1658 1697 fuit,
1683 1633 1775 1704 qui
1799 1631 2025 1703 perinde

2120 529 2450 593 ἀνάστασιν,
2507 529 2602 583 καὶ
2649 529 2740 583 τὸν
2795 530 2999 599 κόσμον
3048 527 3122 600 μὴ
3151 522 3288 580 εἶναι
3338 525 3474 579 Θεοῦ
3520 525 3689 594 ἔλεγε.

2121 622 2318 675 Είκόνα
2345 621 2401 674 δὲ
2429 622 2623 674 ἑαυτοῦ
2657 623 2752 676 καὶ
2787 623 2886 693 τῆς
2923 622 3020 674 σὺν
3049 619 3201 690 αὐτῷ
3232 620 3438 691 πόρνης
3478 618 3692 688 Ἑλένης

2121 713 2252 766 ὡσεὶ
2281 714 2400 778 Διὸς
2429 715 2521 766 καὶ
2559 714 2789 784 Ἀθηνᾶς
2821 713 3108 786 παρεδίδου
3138 715 3252 775 τοῖς
3297 709 3489 765 ἑαυτοῦ
3524 710 3680 780 μαθη-

2120 809 2240 869 ταίς
2272 807 2353 868 είς
2381 807 2770 878 προσκύνησιν.
2801 807 2994 875 Ἔλεγε
3023 806 3079 859 δὲ
3109 805 3302 858 ἑαυτὸν
3333 804 3694 874 Σαμαρείταις

2124 899 2224 970 μὲν
2256 898 2347 952 τὸν
2376 900 2613 969 Πατέρα,
2659 900 2934 963 Ἰουδαίοις
2961 899 3018 952 δὲ
3048 899 3136 950 τὸν
3162 897 3414 968 Χριστόν.

2192 986 2268 1046 B'.
2309 992 2732 1064 Μενανδριανοὶ,
2768 993 2818 1044 οί
2863 991 2971 1044 ἀπὸ
3014 989 3326 1061 Μενάνδρου
3359 987 3535 1054 τινὸς,
3559 985 3694 1050 οὖς’

2122 1082 2338 1152 διέφερε
2385 1083 2482 1153 μὲν
2512 1083 2654 1136 κατά
2684 1100 2736 1136 τι
2780 1083 2917 1153 πρὸς
2947 1083 3072 1146 τοὺς
3122 1078 3511 1150 Σιμωνιανούς.
3563 1077 3696 1132 Ἀπὸ

2122 1171 2368 1240 ἀγγέλων
2395 1172 2451 1225 δὲ
2477 1171 2629 1240 ἔλεγε
2656 1171 2747 1224 τὸν
2776 1172 2980 1241 κόσμον
3003 1167 3381 1239 γεγεννῆσθαι.

2194 1351 2268 1404 ῐ“⁰.
2309 1348 2738 1420 Σατορνιλιανοὶ,
2773 1349 2822 1402 οἱ
2868 1347 3011 1402 κατὰ
3055 1346 3156 1418 τὴν
3203 1345 3405 1418 Συρίαν
3440 1345 3540 1416 τὴν
3588 1344 3698 1398 τῶν

2128 1443 2478 1512 Σιμωνιανῶν
2524 1441 2890 1512 κρατύναντες
2951 1440 3374 1511 αἰσχρουργίαν·
3421 1438 3584 1510 ἕτερα
3640 1437 3698 1490 δὲ

2125 1531 2277 1602 παρὰ
2316 1534 2446 1596 τοὺς
2496 1533 2862 1603 Σιμωνιανοὺς
2896 1534 2976 1596 εἰς
3007 1531 3268 1602 ἔκπληξιν
3319 1529 3700 1602 περιττοτέραν

2126 1625 2507 1696 κηρύττοντες.
2561 1623 2692 1676 Ἀπὸ
2741 1623 2798 1677 δὲ
2850 1623 3174 1695 Σατορνί).ου
3225 1621 3336 1694 (l9)
3383 1622 3482 1693 τὴν
3528 1623 3701 1694 ἀρχὴν

447 1738 510 1778 ac
565 1721 862 1778 Menander
910 1723 1097 1778 mundi
1133 1722 1453 1778 conditores
1502 1723 1758 1794 angelos,
1803 1723 1906 1778 hoc
1940 1731 2024 1778 est

2142 1714 2444 1785 εσχηκότες,
2470 1714 2529 1778 ὃς
2558 1715 2652 1768 καὶ
2697 1715 2857 1779 αὐτὸς
2887 1715 3028 1768 κατὰ⁸
3055 1715 3368 1786 Μένανδρον
3399 1715 3503 1768 ὑπὸ
3532 1716 3700 1784 ἀγγέ-

445 1822 652 1886 septem
688 1823 902 1870 tantum
936 1831 1001 1871 ex
1033 1815 1101 1870 iis
1132 1815 1285 1880 facit,
1322 1814 1488 1886 idque
1522 1788 1674 1885 ipsos
1701 1825 1898 1885 praeter
1927 1831 2021 1871 su-

2142 1817 2233 1861 iwv
2275 1807 2366 1861 τὸν
2396 1808 2598 1878 κόσμον
2629 1807 2988 1879 γεγεννῆσθαι
3013 1808 3242 1877 ἔφασκε,
3281 1807 3442 1878 μόνον
3469 1808 3526 1862 δὲ
3563 1809 3704 1863 ἑπτὰ

446 1905 618 1980 premi
646 1905 824 1962 Patris
851 1906 1182 1962 sententiam
1211 1907 1521 1977 suscepisse
1546 1907 1756 1962 statuit.

515 1997 605 2055 IV.
639 1997 956 2054 Basilidiani
987 1999 1250 2054 foeditatis
1275 1999 1522 2070 ejusdem
1555 2000 1692 2054 socii
1720 1999 1788 2054 ad
1821 1998 2022 2053 Basili-

447 2089 553 2145 den
596 2090 861 2160 originem
895 2089 1160 2155 referunt,
1198 2090 1291 2159 qui
1340 2107 1465 2145 cum
1502 2090 1802 2154 Saturnilo,
1845 2089 2026 2144 Simo-

449 2180 630 2236 nianis
677 2197 742 2236 ac
771 2180 1178 2237 Menandrianis
1209 2197 1430 2252 operam
1478 2183 1662 2238 dedit:
1716 2197 1779 2236 ac
1805 2181 2023 2236 tametsi

447 2274 637 2330 eadem
665 2273 777 2330 fere
811 2275 1031 2339 sentiat,
1065 2275 1120 2328 in
1155 2273 1481 2345 quibusdam
1511 2283 1696 2328 tamen
1727 2273 2022 2344 discrepat.

448 2365 584 2420 Nam
615 2365 784 2421 ccelns
816 2380 1018 2420 cccsxv
1047 2381 1173 2421 esse
1201 2366 1357 2428 dicit,
1395 2382 1534 2436 quos
1565 2367 1828 2436 angelicis
1860 2366 2028 2420 nomi-

451 2458 615 2513 nibus
660 2456 858 2524 allicit;
910 2457 1142 2527 ideoque
1175 2458 1400 2512 totidem
1429 2457 1621 2513 diebus
1656 2467 2028 2512 annumton-

450 2553 598 2601 stare
623 2555 832 2601 censet.
885 2545 1052 2600 Addit
1087 2554 1141 2602 et
1175 2547 1420 2602 Abrasax
1453 2548 1701 2618 ejusdem
1742 2557 2029 2618 computa-

451 2641 620 2696 tionis
646 2655 846 2695 nomen
874 2654 1018 2704 esse,
1046 2654 1169 2708 qua:
1193 2654 1396 2696 cccuv
1419 2655 1707 2696 numerum
1734 2641 2026 2711 exprimit;

453 2730 620 2803 idque
647 2737 900 2786 sanctum
930 2745 1056 2786 esse
1083 2744 1280 2785 nomen
1313 2731 1534 2786 asserit.

528 2905 590 2962 V.
620 2906 906 2962 Nicolaitze
935 2922 966 2962 a
1003 2905 1232 2962 Nicolao
1271 2907 1364 2962 illo
1393 2907 1624 2963 derivati
1657 2915 1810 2973 sunt,
1843 2909 1931 2963 cui
1960 2909 2030 2963 ab

454 3001 716 3074 apostolis
743 3000 1028 3056 viduarum
1063 3015 1195 3056 cura
1223 3002 1517 3057 commissa
1551 3001 1746 3055 fuerat.
1805 2999 1904 3057 llic
1942 3016 2032 3056 ze-

2125 1899 2277 1970 παρὰ
2303 1898 2401 1970 τὴν
2433 1898 2526 1952 τοῦ
2553 1899 2665 1953 ἄνω
2699 1899 2914 1968 Πατρδς
2942 1897 3191 1971 γνώμην.

2195 1994 2267 2046 Δ’.
2308 1991 2696 2055 Βασιλιδιανοὶ,
2748 1991 2848 2062 τῆς
2895 1992 3064 2062 αὐτῆς
3121 1993 3513 2065 αἰσχρουργίας
3557 1993 3705 2046 τελεο

2127 2067 2282 2147 σταὶ,
2307 2083 2416 2138 ἀπὸ
2445 2083 2724 2136 Βασιλίδου
2752 2100 2809 2136 τε
2839 2083 2954 2153 ἅμα
2988 2083 3296 2154 Σατορνίλῳ
3319 2124 3333 2147 ,
3367 2086 3479 2148 τοῖς
3525 2085 3704 2154 Σιμω-

2125 2178 2326 2238 νιανοῖς
2352 2176 2445 2229 καὶ
2471 2175 2891 2246 Μενανδριανοῖς
2921 2193 2989 2244 με
2998 2176 3242 2246 μαθητευ
3250 2175 3411 2246 μένου
3429 2194 3442 2207 ο
3461 2177 3528 2228 τὰ
3545 2177 3706 2246 ὅμοια

2131 2268 2230 2338 μὲν
2259 2267 2602 2340 φρονοῦντος,
2652 2266 2796 2320 κατά.
2832 2283 2884 2320 τι
2910 2266 2968 2319 δὲ
3005 2266 3420 2338 διαφερομένου.
3454 2267 3616 2334 Λέγει
3648 2269 3708 2321 δὲ

2128 2359 2470 2430 τριακοσίους
2499 2358 2763 2429 ἑξήκοντα
2789 2359 2951 2412 πέντε
2980 2359 3244 2428 οὐρανοὺς
3273 2358 3386 2428 (Ξῦ)
3424 2354 3584 2423 εἶναι,
3610 2361 3707 2412 καὶ

2128 2451 2350 2514 τούτους
2410 2449 2650 2521 ὀνόματα
2705 2449 2974 2518 ἀγγελικὰ
3030 2447 3314 2519 ἐκτίθησι·
3356 2448 3438 2502 διὸ
3482 2450 3576 2503 καὶ
3618 2450 3711 2501 τὸν

2130 2541 2373 2594 ἐνιαυτὸν
2411 2540 2678 2594 τοσούτων
2721 2539 2946 2610 ἡμερῶν
2984 2535 3146 2593 εἶναι.
3194 2539 3304 2593 Καὶ
3336 2539 3398 2592 τὸ
3439 2540 3712 2610 Ἀδρασὰξ

2129 2632 2300 2696 όνομα
2327 2632 2429 2702 τῆς
2453 2633 2619 2703 αὐτῆς
2657 2631 2767 2702 (2i)
2800 2632 2981 2702 ψήφου
3012 2627 3174 2694 εἶναι,
3202 2631 3294 2684 καί¹
3319 2625 3461 2685 εἶναι
3491 2649 3710 2701 τριακο-

2133 2725 2262 2778 σίων
2286 2724 2732 2795 ἐξηκοντατέντε,
2765 2725 2856 2778 καὶ
2881 2720 3018 2777 εἶναι
3044 2723 3203 2778 τοῦτο
3228 2724 3290 2777 τὸ
3320 2724 3475 2792 ἆγιον
3534 2721 3705 2792 δνομᾶ

2133 2834 2289 2888 φησι.

2203 2911 2280 2964 E'.
2321 2906 2641 2963 Νικολαῗται
2667 2947 2682 2972 ,
2725 2907 2835 2961 ἀπὸ
2876 2906 3144 2961 Νικολάου
3177 2906 3286 2977 (29)
3315 2905 3411 2960 τοῦ
3458 2905 3553 2958 ἐπὶ
3595 2907 3714 2970 ταῖς

2133 3003 2332 3072 χήραις
2379 2999 2484 3052 ὑπὸ
2521 2998 2629 3052 τῶν
2673 2998 2987 3053 ἀποστόλων
3026 2998 3350 3070 ταχθέντος,
3386 2998 3407 3029 ⁸
3435 2997 3528 3052 διὰ
3551 2996 3712 3068 ζῆλον

457 3091 658 3164 lotypia
689 3092 762 3147 ob
800 3108 1027 3148 uxorem
1073 3109 1229 3148 suam
1273 3101 1538 3158 aestuans,
1581 3110 1706 3150 cum
1742 3096 1866 3152 aliis
1899 3113 2034 3168 prae-

2142 3094 2234 3163 τῆς
2284 3093 2416 3158 ιδίας
2447 3093 2696 3164 γαμετῆς
2729 3093 2829 3163 τὴν
2859 3092 3252 3165 αἰσχρουργίαν
3299 3091 3416 3163 ἅμα
3460 3095 3574 3155 τοῖς
3621 3091 3716 3145 ἄλ-

456 3197 731 3257 posteram
768 3185 1052 3240 libidinem
1082 3201 1342 3242 exercere
1393 3201 1523 3242 suos
1568 3186 1778 3243 docuit.
1839 3187 1946 3244 Sed
1979 3198 2034 3245 et

2142 3185 2252 3248 λοις
2293 3183 2561 3237 ἐπιτελεῖν
2613 3185 2739 3248 τοὺς
2787 3184 2982 3238 ἑαυτοῦ
3040 3183 3288 3255 μαθητὰς
3325 3183 3562 3249 διδάξας.
3608 3181 3719 3236 Καὶ

455 3276 762 3332 Caulacaac
797 3283 852 3331 et
879 3275 1179 3331 Prunicum
1223 3284 1276 3337 et
1339 3277 1444 3332 alia
1496 3280 1717 3334 nomina
1749 3280 2034 3336 barbarica

458 3369 513 3422 in
541 3368 804 3422 mundum
833 3368 1058 3422 invexit.

531 3455 744 3526 1123
775 3454 865 3510 VI.
891 3454 1096 3509 Harum
1119 3455 1366 3512 Gnostici
1394 3473 1745 3514 successores
1771 3460 2037 3514 hazresum

459 3547 621 3618 longe
645 3561 840 3603 omnes
869 3546 1226 3617 turpitudinis
1252 3555 1417 3616 atque
1441 3548 1792 3602 exsecranda:
1821 3549 2041 3604 foeditas

2143 3277 2273 3348 περὶ
2298 3275 2393 3329 τοῦ
2425 3275 2758 3331 Καυλακαὰκ
2785 3276 2921 3346 (23),
2957 3276 3052 3328 καὶ
3080 3274 3409 3347 Προυνίκου,
3427 3276 3521 3328 καὶ
3542 3273 3719 3327 ἄλλων

2149 3367 2497 3441 βαρϐαρικῶν
2526 3369 2802 3439 ὀνομάτων
2833 3368 3281 3439 είσηγησάμενος.

2221 3458 2312 3526 (τ.
2353 3460 2649 3514 Γνωστικοὶ
2673 3461 2821 3530 (24),
2859 3459 2958 3522 τὰς
2991 3459 3160 3523 αὑτὰς
3213 3459 3452 3534 αἱρέσεις
3484 3457 3723 3521 διαδεξά-

2151 3569 2325 3623 μενοι,
2360 3553 2521 3606 π).έον
2551 3555 2644 3606 καὶ
2677 3555 2833 3607 αὐτοὶ
2881 3553 3096 3608 πάντων
3129 3552 3225 3624 τὴν
3258 3551 3593 3624 αἰσχρότητα
3622 3552 3725 3619 ὲμ-

538 3708 555 3739 ¹
590 3707 652 3762 In
676 3705 773 3761 lib.
809 3721 851 3770 ι,
880 3705 1226 3777 ἀδιαφορίαν.
1303 3705 1324 3736 ⁹
1349 3704 1475 3762 Cor.
1505 3708 1584 3770 ὃς.
1664 3707 1683 3738 ³
1708 3706 1828 3764 Lib.
1869 3724 1907 3776 t,
1953 3709 2040 3779 ἆγε

2142 3711 2383 3783 Πνεῦμα,
2421 3728 2520 3784 pro
2545 3713 2717 3784 ὄνομα
2747 3713 2851 3786 leg.
2929 3715 2951 3745 ⁸
2980 3711 3142 3769 Deest
3163 3713 3243 3777 ὅς.

534 3862 648 3931 (l9)
697 3862 846 3919 Ἀπὸ
892 3862 961 3916 δὲ
1002 3862 1388 3934 Σατορνίβου.
1429 3860 1761 3934 Satornilum
1807 3864 2042 3934 appellat

465 3934 810 4004 Epiphanius
837 3945 891 3987 et
921 3934 1006 4004 hic
1043 3943 1098 3988 et
1145 3934 1200 3986 in
1235 3931 1501 4004 [ωηατ-ἑοἒ
1527 3933 1685 4002 Apud
1721 3931 1860 3990 alios
1881 3931 2039 3989 'vete-

466 4002 656 4060 res’et
715 4002 1027 4058 Saturuilus
1076 4010 1412 4074 vocaturtet
1472 4002 1838 4068 Saturninus,
1895 4004 2042 4074 quod

468 4080 804 4144 postremum
834 4090 1030 4128 nomen
1060 4073 1427 4144 communiter
1453 4075 1711 4144 obtinuit.

536 4144 650 4213 (20)
690 4145 1015 4212 οὐρανούς.
1066 4142 1184 4196 Non
1229 4143 1424 4213 caelos,
1448 4143 1542 4197 sed
1595 4145 1848 4198 caelestes
1883 4143 2046 4198 orbes

467 4211 857 4284 interpretatur
905 4214 1007 4267 hoc
1052 4213 1108 4267 in
1144 4213 1266 4266 loco
1309 4211 1584 4284 P_elavius,
1634 4229 1948 4284 quanquam
1992 4221 2048 4268 et

466 4283 638 4340 cmlos
667 4283 866 4338 dixerit
902 4300 1011 4337 non
1043 4285 1212 4338 semel
1240 4285 1294 4336 in
1324 4282 1583 4338 Panario.

539 4353 652 4425 ('21)
672 4353 810 4420 Τῆς
838 4355 1028 4425 αὐζῆς
1056 4353 1287 4422 ψήφου.
1314 4351 1600 4425 Petavius,
1633 4353 1912 4423 cujusdam
1940 4355 2047 4408 air-

470 4423 598 4478 mtia
648 4441 856 4478 nomen.
911 4423 1157 4479 Obscura
1207 4423 1360 4494 vocis
1409 4424 1591 4494 ψήφου
1647 4426 1930 4494 usurpatio
1966 4440 2046 4494 ex

473 4465 1196 4565 ὶῖἇῖαὲἑῖϊιῖἔεέτηνέἧῖι“ἱιά“ηι
1216 4465 2049 4565 ἐἷεῖέιῖιηῖεὲἔῖδῖηὲεἷῗ’Χῖὶίὐδῐὲ
2080 4465 2125 4520 θ

469 4566 615 4619 enim
643 4564 935 4630 haereseos,
974 4563 1096 4633 qua:
1134 4571 1220 4618 est
1249 4563 1340 4624 24.
1370 4579 1522 4618 num.
1542 4563 1590 4616 Ἴ
1617 4565 1923 4633 habemus:
1952 4565 2055 4618 Λέ-

472 4633 650 4705 γειᾼδὲ
679 4635 778 4705 τὴν
807 4631 1062 4705 ὑπεράνω
1085 4633 1291 4705 τούτων
1322 4634 1551 4705 δύναμιν
1588 4631 1726 4687 εἶναι
1763 4637 1860 4705 κα).
1881 4633 2055 4705 ἀρχὴν

486 4702 780 4774 Ἃσρασὰξ,
827 4702 930 4776 διά-
961 4705 1024 4776 τὸ
1063 4705 1160 4776 τὴν
1207 4703 1385 4776 ψῆφον
1432 4702 1527 4758 τοῦ
1580 4702 2055 4776 ξΑϐραονάξ-έχειν

471 4773 882 4846 τριακόσιοστδν
935 4773 1226 4846 ἑξηκοστόν
1265 4773 1521 4846 πέμπτον
1571 4773 1823 4846 ἀριθμόν.
1871 4773 2054 4846 γὶιίιυε

476 4844 642 4913 igitur
665 4847 937 4915 superior,
975 4844 1230 4902 Basilidis
1263 4845 1425 4915 inane
1447 4844 1839 4906 commentum,
1875 4845 2053 4898 Abra-

476 4929 575 4985 δατ
607 4914 828 4971 nomine
860 4915 1084 4979 donata,
1119 4915 1262 4985 quod
1287 4914 1523 4985 barbaro
1550 4929 1616 4969 eo
1641 4915 1878 4973 nomine.
1903 4919 2051 4970 velut

476 4984 634 5054 signo
657 4986 891 5054 quodam
915 4994 970 5040 et
993 4983 1150 5048 nota,
1174 4999 1436 5039 numerus
1457 4983 1811 5054 denotaretur
1826 5001 2048 5041 cccuv.

547 5052 857 5125 (22)“”Από
886 5054 1208 5118 Νικολάου,
1228 5071 1281 5108 κ.
1301 5070 1353 5126 τ.
1375 5054 1426 5126 λ.
1459 5052 1517 5108 S.
1560 5053 1846 5126 Epiphanii
1869 5056 2055 5126 opinio

480 5124 567 5182 est
609 5127 920 5181 communis
969 5141 1094 5180 cum
1141 5125 1348 5179 sanctis
1397 5124 1622 5189 Irenaeo,
1676 5124 2056 5186 Hilario.‘Au-

481 5196 724 5321 gustino,
757 5195 1074 5278 Philastrio.
1115 5193 1400 5275 Cassiano,
1431 5202 1484 5249 et
1533 5196 1676 5277 aliis:
1711 5213 1818 5265 qua
1850 5196 2055 5250 dicitur

534 5267 782 5321 ncolaitas
826 5267 1113 5321 haereticos
1160 5264 1498 5320 fmdrssrmos
1546 5273 1916 5320 Institutorem
1965 5268 2055 5320 ha-

534 5267 782 5322 icolaitas
826 5267 1113 5322 haereticos
1160 5264 1498 5320 fmdissimos
1546 5264 1916 5320 institutorem
1965 5268 2058 5320 ha-

484 5337 671 5393 buisse
725 5335 1008 5392 Nicolaum
1041 5337 1192 5390 illum
1236 5351 1418 5404 unum
1451 5334 1519 5388 de
1551 5345 1759 5404 septem
1808 5336 2055 5390 diaconi-

485 5409 607 5470 bus.
646 5421 788 5478 quos
835 5407 1308 5478 apostoli‘altaris
1353 5403 1636 5460 ministros
1682 5412 1737 5460 et
1765 5406 2052 5478 viduarum

482 5475 694 5548 elegere
745 5475 1028 5548 patronos.
1054 5475 1306 5548 ‘Constat
1351 5481 1532 5548 tamen
1561 5490 1699 5548 eam
1741 5477 2051 5548 opinionem

483 5543 761 5604 inccrtam'
792 5549 930 5610 lleri.
961 5556 1017 5603 et
1051 5545 1334 5603 Nicolaum
1365 5543 1622 5600 Ecclesiae
1648 5543 1937 5602 diaconum
1985 5545 2054 5600 ab

481 5615 672 5674 lnl‘ami
724 5633 789 5674 ea
849 5619 971 5674 labe
1016 5619 1310 5672 immunem
1363 5615 1630 5670 declarari
1691 5631 1722 5670 a
1776 5616 2056 5672 Clemente

486 5686 855 5758 Alexandrino
881 5688 1304 5758 potissimum;
1329 5684 1427 5758 cui
1467 5686 1834 5758 suffragantur
1876 5688 2055 5741 Caesa-

487 5758 685 5814 riensis
733 5755 1001 5815 Eusebius
1054 5766 1215 5828 atque
1244 5755 1657 5815 Theodoretusﬁ
1682 5757 1917 5814 Consule
1958 5772 2052 5812 no-

2149 3875 2276 3920 strae
2317 3867 2494 3921 aetatis
2543 3868 2842 3935 scriptores
2886 3883 2948 3922 ea
2993 3866 3062 3936 de
3104 3866 3362 3936 Opinione
3402 3875 3456 3922 et
3502 3865 3723 3922 Patrum

2148 3935 2390 4060 gilssidiqi
2406 3939 2974 4006 agentesdlaronium,
3008 3935 3444 4001 Tille’montium,
3476 3936 3722 3992 Natalem

2217 4021 2353 4059 exan
2400 4022 2538 4060 rum.

2217 4021 2390 4059 exana
2400 4022 2538 4060 rum.

2221 4077 2331 4145 (215i
2387 4077 2496 4130 Τοῦ
2544 4075 2931 4130 Καολακαὰκ.
2984 4076 3044 4129 1η
3097 4075 3354 4142 Panario,
3386 4074 3579 4130 haresi
3629 4075 3720 4136 25.

2153 4162 2304 4200 num.
2336 4146 2392 4207 5,
2447 4148 2676 4213 legimus
2721 4147 3110 4215 Καυλαυκαύχ.
3150 4147 3224 4200 De
3259 4147 3361 4200 hac
3403 4147 3633 4215 voce,ut
3667 4151 3724 4215 et

2151 4216 2219 4270 de
2253 4217 2559 4284 insequenti
2609 4217 2930 4286 ῐῐρουνίκου,
2976 4214 3098 4270 vide
3141 4215 3427 4286 Petaviuin
3467 4214 3541 4286 in
3586 4214 3721 4268 Aui-

2150 4286 2621 4341 madversionibus
2651 4287 2714 4340 ad
2742 4294 3094 4340 memoratam
3129 4287 3380 4341 haeresim
3407 4285 3497 4340 25.

2223 4356 2335 4425 (Ἡ)
2375 4357 2726 4410 Γνωστικοι.
2758 4354 3195 4426 Flagitiosissimi
3215 4356 3463 4411 videlicet
3485 4352 3725 4426 haeretici

2157 4424 2254 4496 illi,
2289 4424 2380 4494 qui
2431 4443 2542 4496 pra:
2579 4427 2699 4482 aliis
2755 4424 3010 4481 omnibus
3061 4427 3445 4496 gravissimum
3492 4425 3726 4496 intulere

2159 4493 2757 4553 Ecclesiai'dammun:
2806 4497 2858 4549 in
2909 4493 3124 4551 omnem
3155 4497 3299 4550 enim
3347 4495 3504 4550 eli‘usi
3552 4493 3727 4548 libidi-

2157 4581 2300 4631 nem,
2333 4582 2548 4620 omnem
2583 4567 2902 4635 abiicientes
2936 4568 3193 4636 nequitiae
3222 4580 3555 4626 mensuram,
3586 4565 3728 4619 assi-

2155 4637 2279 4689 duis
2322 4652 2380 4692 se
2432 4637 2732 4690 sceleribus
2766 4635 3101 4704 polluebant.
3154 4635 3285 4689 Eam
3318 4636 3388 4688 ob
3437 4650 3550 4688 rem
3582 4648 3726 4704 inau-

2156 4721 2304 4760 seam
2355 4715 2518 4774 atque
2567 4703 2906 4761 stomachum
2961 4716 3242 4761 moventes
3288 4706 3396 4760 illis
3447 4703 3721 4766 omnibus,

2157 4779 2248 4846 qui
2283 4778 2415 4831 recti
2447 4779 2767 4845 honestique
2805 4775 3010 4844 aliquid
3038 4779 3357 4838 retinerent,
3393 4774 3636 4828 omnium
3669 4774 3724 4826 in

2157 4845 2216 4901 se
2246 4846 2452 4909 odium,
2483 4847 2643 4902 iram.
2674 4847 3122 4913 imlignationem,
3156 4845 3442 4900 maledicta
3474 4857 3731 4912 provoca.

2157 4925 2304 4970 runt.
2335 4916 2466 4982 Quae
2492 4917 2853 4971 nehulonibus
2893 4924 3103 4970 tantum
3136 4915 3456 4984 l‘mdissimis
3484 4914 3724 4984 propria,

2156 4995 2412 5042 narrante
2463 4989 2521 5040 S.
2573 4987 2793 5045 Irenaeo,
2835 4993 2891 5039 et
2937 4995 3055 5054 post
3093 4985 3244 5039 illum
3286 4984 3344 5039 S.
3395 4983 3725 5052 Epiphanio.

2155 5058 2413 5112 omnibus
2445 5058 2754 5111 communia
2781 5055 3111 5109 Christianis
3138 5056 3727 5124 putautesidololatm,

2158 5127 2257 5181 hos
2287 5129 2394 5180 illis
2417 5127 2624 5182 similes
2657 5126 2972 5186 credebant,
3009 5142 3038 5178 a
3068 5125 3317 5179 veritatis
3355 5125 3728 5178 abhorrebant

2155 5198 2464 5266 praeconio;
2516 5197 2926 5250 criminationes
2970 5197 3203 5264 iniquas,
3239 5195 3725 5266 calumnias._pro-

2157 5262 2275 5330 bra,
2311 5267 2620 5328 maledicta,
2645 5267 2874 5320 dicteria
2909 5268 2962 5318 in
3001 5262 3122 5320 illos
3147 5265 3534 5330 congerebant.
3575 5262 3728 5316 Unde

2156 5337 2246 5411 iis,
2290 5338 2382 5407 qui
2433 5338 2574 5411 inter
2611 5336 2795 5391 ﬁdeles
2827 5336 3092 5411 doctrinis
3145 5351 3209 5388 ac
3255 5335 3518 5411 dignitate
3567 5333 3730 5411 polle-

2156 5406 2322 5468 bant,’
2344 5408 2562 5462 occasio
2581 5413 2741 5460 enata
2767 5412 2821 5460 et
2845 5408 3140 5460 necessitas
3171 5407 3438 5474 quaedam,
3467 5406 3729 5474 apologus

2156 5477 2440 5548 veritatem
2485 5474 2884 5548 propugnandi,
2920 5477 2989 5548 ab
3031 5472 3724 5548 impactis__l‘alsocrimini-

2155 5546 2257 5602 bus
2295 5541 2535 5602 sanctain
2586 5541 2869 5616 purgandi
2896 5541 3237 5616 religionem.
3276 5543 3613 5616 Videndiea
3659 5541 3730 5596 de

2156 5633 2215 5673 re
2240 5617 2474 5674 lrenaaus
2500 5611 2603 5671 lib.—
2629 5632 2669 5679 ι,
2691 5611 2820 5686 cap.
2845 5614 2916 5670 24
2948 5633 2965 5681 ;
3003 5611 3274 5686 Eusebius
3294 5611 3376 5686 77H.
3414 5613 3482 5668 E.
3516 5613 3607 5669 lib.
3651 5627 3724 5674 tv,

2156 5703 2277 5758 cap.
2309 5688 2359 5756 7;
2390 5687 2724 5758 Epiphanius
2754 5685 2946 5742 literesi
2971 5685 3062 5752 27,
3102 5701 3254 5740 num.
3286 5685 3340 5739 ὅ.
