4118 6402
367 333 464 392 35⁵1

1685 325 2341 384 ANACEPHALEOSIS.

3514 315 3623 375 85%

371 444 554 515 μανῶς
602 440 996 514 ἐργαζόμενοι·
1047 440 1104 493 ἐν
1149 436 1408 509 Αἰγύπτῳ
1455 438 1512 491 δὲ
1549 437 1941 509 Στρατιωτικοὶ

2059 437 2117 492 .is
2147 436 2364 491 vesania
2397 441 2748 505 superarunt.
2780 432 3108 497 Stratiotici,
3139 431 3193 486 id
3223 439 3330 494 est,
3359 428 3624 484 Militares

366 533 691 604 καλούμενοι
722 533 817 586 καὶ
847 531 1158 585 Φισιωνῖται
1179 546 1192 560 ·
1235 533 1291 584 ἐν
1336 530 1393 583 δέ
1438 531 1555 592 τοῖς
1595 531 1944 600 ἁνωτερικοῖς

370 625 581 696 μέρεσι,
624 622 996 676 Σεκουνδιανοί
1019 637 1031 650 ·
1063 624 1120 676 ἐν
1162 621 1340 684 ἄλλοις
1377 620 1436 673 δὲ
1467 619 1683 690 μέρεσι,
1716 621 1943 688 Σωκρα-

367 719 541 769 τῖται·
578 713 729 786 παρὰ
755 713 812 766 δὲ
845 713 1071 786 ἑτέροις,
1124 715 1415 782 Ζακχαῖοι·
1453 709 1603 764 ἄλλοι
1645 710 1701 762 δὲ
1747 709 1945 762 Κοδια-

367 809 490 871 νοῦς
533 806 729 871 αὐτοὺς
765 805 1016 875 λέγουσι·
1064 804 1212 858 ἄλλοι
1263 803 1320 855 δὲ
1371 803 1702 874 Βορϐορίτας
1747 802 1943 863 αὐτοὺς

369 897 616 952 καλοῦσι.

439 988 513 1041 Z'.
569 982 1084 1056 Καρποκρατιανοί,
1149 982 1257 1036 ἀπὸ
1316 983 1750 1051 Καρποκρατους
1798 979 1945 1041 τινὸς

369 1075 477 1129 τῶν
498 1076 556 1128 ἐν
575 1078 642 1147 τῇ
669 1075 822 1146 Ἀσίᾳ.
838 1073 970 1144 (25),
995 1073 1050 1136 ὃς
1083 1072 1326 1126 ἐδίδασκε
1355 1073 1531 1125 πᾶσαν
1555 1071 1944 1142 αἰσχρουργίαν

371 1166 614 1222 ἐκτελεῖν
641 1168 736 1222 καὶ
766 1168 874 1220 πᾶν
905 1165 1241 1233 ἐπιτήδευμα
1277 1164 1572 1235 ἁμαρτίας.
1600 1163 1712 1217 Καὶ
1759 1163 1807 1214 εἰ
1868 1163 1942 1233 μή

371 1277 455 1324 τις
479 1259 567 1313 διὰ
596 1260 832 1322 πάντων,
849 1257 1006 1329 φησὶ,
1025 1256 1290 1328 παρέλθῃ,
1308 1257 1400 1309 καὶ
1425 1256 1485 1308 τὸ
1503 1255 1714 1324 θέλημα
1728 1254 1945 1307 πάντων

370 1352 638 1424 δαιμόνων
672 1351 768 1404 καί⁵
805 1351 1051 1420 ἀγγέλων
1083 1350 1355 1404 ἐκτελέσει
1381 1389 1395 1412 ,
1435 1350 1496 1402 οὐ
1526 1349 1743 1401 δύναται
1778 1348 1946 1419 ὑπερ-

372 1443 532 1512 ϐῆναι
558 1443 637 1506 εἰς
661 1441 752 1495 τὸν
773 1441 1002 1514 οὐρανὸν
1021 1483 1036 1508 ,
1065 1442 1187 1494 οὐδὲ
1218 1440 1317 1505 τὰς
1343 1440 1519 1512 ἀρχὰς
1543 1442 1638 1494 καὶ
1669 1440 1768 1504 τὰς
1790 1441 1945 1504 ἐξου-

375 1531 495 1595 σίας
525 1530 834 1603 παρελθεῖν.
874 1530 1067 1598 Ἔλεγε
1091 1529 1148 1582 δὲ
1174 1528 1266 1582 τὸν
1315 1529 1522 1600 Ἰησοῦν
1550 1527 1728 1598 ψυχὴν
1754 1526 1947 1597 νοερὰν

372 1620 686 1691 εἰληφέναι,
720 1619 899 1672 εἰδότα
922 1617 978 1671 δὲ
1015 1616 1083 1670 τὰ
1111 1617 1243 1681 ἄνω,
1273 1617 1369 1669 καὶ
1389 1615 1458 1669 τὰ
1481 1612 1717 1668 ἐνταῦθα
1741 1627 1947 1679 καταγ-

373 1712 613 1780 γέλλειν
663 1711 760 1766 καὶ
800 1711 876 1775 ὡς
901 1708 956 1762 εί
983 1726 1069 1772 τις
1124 1707 1381 1780 πράξειεν
1423 1708 1585 1778 ὃμοια
1627 1704 1704 1776 τῷ
1747 1703 1944 1776 Ἰησοῦ,

2045 528 2100 582 in
2131 525 2366 598 {Egypto
2415 526 2676 582 dicuntur
2725 533 2780 580 et
2821 523 3169 582 Phibionitae.
3225 523 3278 576 in
3339 523 3624 591 superiore

2046 626 2220 672 tractu
2278 617 2627 680 Secundiani,
2658 617 2784 672 alibi
2838 615 3144 678 Socratitae,
3187 614 3255 668 ab
3313 614 3434 668 aliis
3485 612 3626 667 Zac-

2045 708 2202 760 chmi.
2253 705 2394 760 Sunt
2437 707 2532 777 qui
2585 722 2681 761 eos
2715 707 2988 761 Codianos
3037 705 3354 766 nominent,
3401 701 3622 772 quidam

2046 797 2380 861 Borboritas,
2414 798 2531 852 sive
2562 795 2906 852 Lutulentos.

2116 971 2227 1026 VII.
2257 970 2671 1043 Carpocratiani
2703 989 2732 1027 a
2760 967 3095 1042 Ctﬁ'pocrate
3120 972 3356 1043 quodam
3381 971 3628 1027 Asiatico

2045 1064 2199 1129 dicti,
2232 1065 2324 1134 qui
2356 1063 2422 1117 ad
2449 1079 2609 1119 omne
2633 1064 3036 1135 turpitudinum
3067 1079 3132 1118 ac
3174 1064 3508 1134 flagitiorum
3534 1081 3627 1134 ge-

2046 1171 2150 1210 nus
2195 1155 2496 1225 discipulos
2547 1155 2900 1211 informabat.
2947 1155 3104 1221 Quod
3141 1157 3198 1211 si"
3228 1157 3378 1225 quis,
3424 1154 3626 1214 aiebat.

2045 1261 2154 1298 non
2184 1245 2366 1314 omnia
2393 1249 2748 1315 percurrerit,
2775 1262 2954 1316 neque
2983 1247 3377 1301 daemonum-et
3408 1247 3630 1317 angelo-

2047 1351 2166 1389 rum
2193 1337 2436 1389 omnium
2471 1337 2737 1390 voluntati
2775 1337 3130 1402 satisfecerit,
3164 1337 3218 1390 in
3245 1338 3445 1391 coelum
3471 1337 3628 1390 evehi

2045 1428 2267 1482 minime
2295 1435 2492 1497 potest,
2518 1445 2692 1499 neque
2716 1429 3056 1499 principatus
3083 1436 3136 1484 et
3163 1436 3463 1499 potestates
3488 1440 3631 1483 tran-

2047 1519 2325 1573 scendere.
2383 1521 2677 1574 Asserebat
2714 1520 2855 1574 idem
2895 1519 3083 1574 Jesum
3119 1531 3301 1574 mente
3339 1519 3622 1589 praeditam

2048 1610 2286 1665 animam
2331 1613 2666 1682 sumpsisse,
2707 1621 2762 1668 et
2807 1614 3118 1668 caelestium
3166 1628 3231 1667 ac
3279 1621 3628 1667 terrenorum

2048 1704 2363 1774 cognitione
2403 1705 2694 1774 praeditum
2733 1705 3047 1760 hominibus
3089 1721 3152 1760 ea
3187 1705 3510 1759 nuntiasse:
3562 1718 3629 1757 ac

373 1803 492 1856 κατ’
522 1801 683 1856 αὐτὸν
720 1798 876 1856 εἶναι.
924 1800 1027 1854 Τὸν
1076 1799 1134 1852 δὲ
1173 1800 1336 1869 νόμον
1366 1799 1462 1851 σὺν
1493 1799 1560 1870 τῇ
1604 1795 1714 1849 τῶν
1737 1793 1946 1866 νεκρῶν

2059 1795 2096 1849 si
2119 1795 2245 1864 quis
2277 1796 2468 1850 eadem
2503 1812 2623 1866 qua:
2665 1795 2826 1852 Jesus
2859 1797 3010 1860 olim,
3057 1804 3352 1866 perpetret,
3390 1795 3533 1851 haud
3565 1811 3635 1850 eo

373 1894 665 1948 ἀναστάσει
690 1892 1057 1965 ἀπαγορεύει,
1090 1893 1165 1956 ὼς
1191 1893 1247 1945 αἰ
1279 1890 1389 1944 ἀπὸ
1413 1888 1656 1960 Σίμωνος
1681 1887 1944 1958 αἱρέσεις.

374 1982 576 2037 Τούτου
605 1984 827 2052 γέγονεν
856 1983 890 2054 ή
923 1983 980 2035 ἐν
1010 1980 1198 2055 Ῥώμῃ
1233 1977 1604 2051 Μαρκελλίνα.
1634 1979 1862 2040 Εἰκόνας
1890 1977 1948 2029 δὲ

375 2076 608 2145 ποιήσας
647 2075 706 2127 ἐν
736 2075 918 2146 κρυφῇ
956 2069 1132 2144 Ἰησοῦ
1161 2070 1258 2124 καὶ
1297 2069 1536 2136 Παύλου,
1577 2070 1671 2122 καὶ
1705 2068 1946 2139 Ὀμήρου

376 2166 468 2219 καὶ
500 2164 838 2235 Πυθαγόρου,
863 2163 1064 2225 ταύτας
1088 2161 1287 2233 ἐθυμία
1314 2161 1410 2215 καὶ
1440 2157 1784 2231 προσεκύνει.

2053 1885 2372 1942 inferiorem
2405 1888 2670 1942 futurum.
2720 1888 2948 1944 Demum
2984 1889 3153 1960 legem
3184 1904 3291 1942 una
3327 1903 3452 1941 cum
3484 1902 3634 1942 mor—

2055 1988 2275 2034 tuorum
2304 1982 2710 2037 resurrectione
2737 1980 3051 2044 damnabat,
3091 1979 3550 2050 quemadmodum
3581 1989 3635 2032 ct

2056 2069 2363 2126 Simoniani
2414 2071 2707 2141 caeterique
2749 2087 2961 2136 omnes,
3015 2087 3155 2141 quos
3200 2071 3483 2139 hucusque
3514 2083 3637 2138 per-

2055 2165 2267 2218 censui.
2327 2165 2406 2217 Ex
2439 2163 2604 2233 hujus
2632 2179 2793 2235 grege
2825 2161 3138 2217 Marcelline
3170 2162 3262 2216 illa
3294 2163 3479 2216 Romae
3510 2161 3632 2213 fuit.

373 2262 551 2329 Atque
604 2258 747 2314 idem
777 2256 905 2313 Jesu
942 2255 1207 2325 Paulique
1267 2269 1480 2310 necnon
1535 2260 1590 2310 et
1642 2250 1862 2308 Homeri
1919 2266 1985 2308 ac
2051 2254 2375 2327 Pythagorae
2410 2257 2720 2311 clanculum
2763 2255 3027 2327 imagines
3068 2255 3312 2326 fingens,
3364 2251 3636 2309 sumtibus

373 2367 468 2406 eas
506 2359 562 2406 et
585 2349 906 2406 adoratione
938 2353 1264 2418 prosecutus
1294 2351 1399 2401 est.

445 2447 526 2500 H'.
551 2446 905 2518 Κηρινθιανοὶ
933 2444 1028 2498 καὶ
1055 2441 1435 2515 Μηρινθιανοὶ,
1460 2441 1511 2494 οἰ
1536 2440 1645 2494 ἀπὸ
1674 2438 1952 2510 Κηρίνθου

375 2538 468 2591 καὶ
504 2536 784 2609 Μηρίνθου
828 2534 940 2606 (26)
979 2534 1255 2597 Ἰουδαῖοι,
1287 2531 1483 2593 οἵτινες
1523 2527 1827 2600 περιτομὴν
1857 2529 1955 2582 αύ-

376 2627 550 2698 χοῦσι,
579 2629 674 2682 καὶ
705 2628 908 2698 κόσμον
938 2625 1042 2679 ὑπὸ
1079 2623 1326 2694 ἀγγέλων
1355 2620 1743 2691 γεγεννῆσθαιο
1773 2620 1862 2675 τὸν
1897 2619 1956 2674 δὲ

391 2721 599 2792 Ἰησοῦν
632 2719 774 2774 κατὰ
807 2716 1089 2790 προκοπὴν
1117 2715 1351 2788 Χριστὸν
1376 2711 1684 2767 καλεῖσθαι.

450 2897 528 2952 8'.
585 2894 896 2966 Ναζωραϊοι
947 2892 1096 2965 (27),
1141 2888 1348 2961 Ἰησοῦν
1408 2887 1508 2960 μὲν
1564 2886 1957 2958 ὁμολογοῦντες

379 2990 509 3044 Υἰὸν
538 2987 696 3054 Θεοῦ,
726 2986 905 3042 πάντα
929 2984 986 3038 δὲ
1013 2983 1154 3038 κατὰ
1186 2985 1349 3054 νόμον
1383 2981 1812 3052 πολιτευόμενοι.

450 3164 508 3217 I'.
559 3161 892 3225 Ἐσιωναῖοι,
941 3157 1341 3230 παραπλησίως
1381 3156 1491 3211 τῶν
1537 3156 1958 3230 προειρημένων

383 3252 760 3327 Κηρινθιανῶν
794 3253 888 3306 καὶ
916 3250 1253 3323 Ναζωραίων
1273 3288 1289 3314 ,
1317 3244 1399 3312 οἷς
1439 3247 1686 3319 συνήφθη
1719 3247 1864 3301 κατά
1905 3264 1959 3300 τι

381 3350 414 3418 ὴ
453 3346 564 3399 τῶν
607 3345 902 3416 Σαμψαίων
927 3361 989 3398 τε
1023 3343 1118 3397 καὶ
1156 3341 1479 3396 Ἐλκεσαίων
1512 3341 1723 3412 αἵρεσις
1745 3359 1756 3370 ·
1787 3341 1836 3393 οἳ
1867 3339 1959 3393 τὸν

385 3439 618 3510 Χριστόν
652 3453 816 3508 φασιν
843 3435 1091 3490 ἐκτίσθαι
1135 3436 1194 3488 ἐν
1229 3433 1307 3506 τῷ
1349 3432 1565 3505 ούρανῷ
1590 3434 1684 3487 καὶ
1715 3432 1776 3485 τὸ
1803 3431 1960 3500 ἆγιον

383 3530 630 3602 Πνεῦμα,
672 3529 1055 3600 ἐνδημῆσαντα
1079 3527 1141 3581 δὲ
1173 3527 1233 3581 ἐν
1263 3526 1344 3598 τῷ
1385 3525 1556 3596 Ἀδὰμ
1589 3524 1824 3598 πρῶτον,
1865 3525 1960 3578 καὶ

385 3624 525 3678 κατὰ
552 3623 742 3694 καιρὸν
771 3620 1089 3691 ἐνδυόμενον
1119 3620 1282 3674 αὐτὸν
1315 3619 1404 3673 τὸν
1446 3617 1637 3689 Ἀδὰμ,
1669 3618 1765 3670 καὶ
1799 3616 1961 3672 πάλιν

386 3714 704 3785 ἐκδυόμενον
726 3729 741 3744 ο
772 3711 930 3766 τοῦτο
983 3710 1137 3783 (γὰρ)
1175 3710 1341 3780 φασὶν
1392 3708 1825 3763 ἐπιτετελεκέναι
1865 3708 1962 3760 αύ-

385 3803 477 3858 τόν
507 3805 565 3857 ἐν
588 3806 654 3874 τῇ
680 3803 930 3874 ἐνσάρκῳ
955 3801 1122 3855 αὑτοῦ
1151 3799 1445 3872 παρουσίᾳ.
1463 3799 1702 3853 Ἰουδαῖοι
1730 3799 1787 3852 δὲ
1809 3799 1961 3862 ὅντες

387 3895 740 3964 Εὐαγγελίοις
771 3895 1067 3966 κέχρηνται
1087 3911 1101 3926 ο
1132 3891 1509 3965 σαρκοφαγίαν
1549 3891 1920 3961 βδελύττονται
1941 3905 1956 3920 °

387 3987 450 4040 τὸ
477 3985 621 4058 ὕδωρ
649 3986 705 4039 δὲ
735 3986 854 4039 ἀντὶ
881 3983 1016 4038 Θεοῦ
1050 3983 1262 4054 ἔχουσι·
1293 3982 1385 4036 τὸν
1411 3983 1468 4037 δὲ
1491 3977 1724 4053 Χριστὸν
1752 3980 1963 4052 ἄνθρω-

391 4094 491 4130 πον
520 4078 578 4129 ἐν
610 4078 676 4147 τῇ
704 4075 953 4146 ἐνσάρκῳ
991 4074 1264 4145 παρουσίᾳ
1296 4073 1641 4137 ἐνδεδύσθαι,
1677 4073 1752 4137 ὡς
1799 4071 1959 4145 ἔφην.

391 4167 639 4240 Συνεχῶς
664 4168 721 4222 δὲ
747 4167 1094 4238 βαπτίζονται
1121 4168 1180 4219 ἐν
1207 4168 1318 4228 τοῖς
1360 4164 1515 4218 ὕδασι
1558 4164 1752 4236 θέρους
1775 4164 1833 4216 τε
1869 4165 1964 4216 καὶ

390 4259 658 4332 χειμῶνος
683 4261 763 4324 εἰς
787 4258 1056 4329 ἀγιασμὸν
1081 4256 1262 4328 δῆθεν,
1301 4256 1489 4328 ὥσπερ
1520 4258 1570 4310 οἰ
1603 4257 1960 4327 Σαμαρεῖται.

461 4433 564 4489 IA'.
607 4431 1062 4496 Οὐαλεντινιανοί,
1108 4433 1159 4485 οἳ
1193 4431 1372 4502 σάρκα
1397 4430 1496 4501 μὲν
1525 4430 1964 4502 ἀπαγορεύουσιν

392 4525 472 4589 εἰς
517 4524 832 4588 ἀνάστασιν,
877 4523 1120 4576 Παλαιὰν
1161 4523 1216 4576 δὲ
1258 4522 1512 4577 ἀθετοῦσι
1551 4523 1827 4594 Διαθήκην
1874 4521 1968 4576 καὶ

393 4619 695 4688 προφήτας,
713 4614 1178 4684 ἀναγινώσκοντες
1209 4616 1328 4686 μὲν,
1366 4616 1458 4668 καὶ
1484 4616 1585 4668 ὅσα
1605 4617 1684 4678 εἰς
1711 4614 1968 4685 ὁμοίωσιν

393 4708 643 4762 δύνανται
683 4708 1100 4780 τροπολογίσθαι
1132 4710 1231 4781 τῆς
1269 4710 1447 4764 αὐτῶν
1489 4709 1754 4781 αἱρέσεως
1777 4749 1791 4772 ,
1819 4708 1972 4780 δεχό-

398 4817 550 4870 μενοι
569 4816 581 4830 ’
608 4800 800 4871 ἐτέρας
842 4800 899 4854 δέ
936 4818 1090 4865 τινας
1123 4801 1450 4872 μυθολογίας
1476 4801 1935 4874 παρεισφέροντες
1953 4845 1969 4870 ,

396 4891 686 4965 τριάκοντα
721 4893 983 4946 ἐνιαυτῶν
1001 4893 1018 4924 ⁸
1047 4894 1344 4964 ὀνομασίας
1373 4894 1633 4966 φέροντες
1664 4895 1968 4967 ἀρῤενοθη-

396 4983 556 5040 λειῶν
581 4984 716 5056 ὁμοῦ
751 5002 832 5048 τε,
886 4986 950 5038 ὲκ
976 4985 1069 5038 τοῦ
1100 4986 1306 5058 πατρὸς
1328 4985 1440 5039 τῶν
1479 4986 1616 5040 ὅλων
1640 4987 1970 5058 γεγεννημέ-

397 5093 552 5142 νους,
596 5075 691 5140 οὓς
731 5077 825 5130 καὶ
864 5076 1020 5140 θεοὺς
1052 5076 1311 5148 ἡγοῦνται
1356 5079 1452 5132 καὶ
1498 5077 1724 5142 αἰῶνας.
1770 5078 1874 5134 Τὸν
1911 5079 1970 5133 δέ

493 5239 508 5268 ⁸
538 5238 666 5294 Cor.
701 5255 765 5294 ex
801 5238 839 5294 1.
875 5255 917 5304 ι,
939 5239 1171 5294 αἰώνων.

468 5395 582 5466 (25)
626 5395 749 5449 Τῶν
784 5397 855 5450 ἐν
905 5395 982 5465 τῇ
1040 5397 1232 5466 Ἀσίᾳ.
1277 5395 1529 5453 Clemens
1568 5397 1974 5453 Alexandrinus

397 5465 726 5522 Stromatum
754 5466 848 5521 lib.
877 5481 960 5527 Ill,
991 5475 1045 5521 et
1071 5465 1448 5521 Theodoretus
1495 5466 1745 5521 eretic.
1799 5467 1972 5536 fabul.

398 5537 494 5606 lib.
555 5551 606 5596 ι,
659 5537 1044 5606 Carpocratem
1095 5551 1205 5590 non
1267 5537 1528 5606 Asianum
1585 5537 1828 5604 faciunt,
1877 5538 1974 5594 sed

400 5605 742 5676 Egyptium,
771 5605 970 5673 genere
997 5606 1254 5659 nimirum
1283 5605 1731 5660 Alexandrinum.

472 5620 742 5742 gyptlum,
773 5620 970 5673 genere
997 5621 1254 5659 nimirum
1283 5620 1731 5660 Alexandrinum.
1863 5677 1875 5688 ο

490 5676 583 5744 26)
619 5679 685 5729 Οἱ
716 5677 836 5731 ἀπὸ
854 5677 1144 5743 Κηρίνθσυ
1176 5677 1271 5729 καὶ
1292 5676 1610 5743 Μηρίνθου.
1635 5676 1972 5732 Cerintluani

399 5758 454 5806 ct
484 5743 828 5804 Morinthiani
859 5755 988 5804 sunt
1019 5746 1307 5816 appellati;
1336 5761 1404 5800 an
1429 5762 1458 5800 a
1490 5746 1770 5816 Cerintho,
1801 5747 1972 5814 quiet

2129 2433 2266 2489 VIII.
2315 2434 2679 2498 Cerinthiani,
2709 2433 2826 2490 sive
2856 2433 3207 2490 Merinthiani
3236 2449 3266 2488 a
3294 2435 3558 2491 Cerintho
3583 2445 3638 2492 et

2057 2525 2352 2591 Merintho,
2392 2525 2606 2581 Iudaici
2636 2527 2853 2596 generis
2881 2527 3239 2594 exstiterunt,
3270 2527 3363 2598 qui
3398 2528 3638 2582 circurn-

2058 2617 2322 2672 cisionem
2375 2634 2486 2688 prae
2524 2633 2584 2673 se
2623 2616 2893 2674 ferebant.
2944 2615 3201 2670 Mundum
3227 2617 3296 2670 ab
3321 2616 3525 2687 angelis
3554 2615 3637 2669 fa-

2057 2707 2347 2772 bricatum,
2373 2705 2560 2762 Jesum
2582 2706 2651 2760 ad
2679 2706 2884 2761 Christi
2908 2705 3230 2776 dignitatem
3255 2721 3352 2776 per
3373 2707 3636 2762 virtutum

2063 2800 2400 2853 incrementa
2428 2800 2745 2870 pervenisse
2774 2799 3049 2853 dixerunt.

2135 2889 2227 2946 IX.
2270 2888 2514 2944 Ναῖονωί
2556 2891 2630 2944 ita
2658 2887 2842 2945 Jesum
2882 2905 3005 2945 esse
3035 2888 3127 2944 Dei
3163 2888 3359 2944 Filium
3390 2905 3642 2946 asserue-

2063 2990 2225 3044 runt,
2267 2988 2330 3036 ut
2372 2980 2542 3037 Mosis
2584 2981 2760 3052 legem
2787 2982 3011 3036 omnino
3046 2981 3172 3036 vitae
3215 2981 3284 3036 ad
3329 2982 3638 3037 institutum

1985 3055 2030 3114 (ἶ
2065 3074 2381 3128 asciverint.

2129 3166 2197 3222 Χ.
2231 3165 2602 3223 Cerinthianis
2628 3181 2692 3221 ac
2723 3165 3002 3221 Nazoraeis
3031 3164 3294 3221 simillimi
3328 3176 3453 3220 sunt
3477 3164 3641 3220 Ebio-

2059 3257 2208 3321 uitae,
2253 3257 2454 3327 quibus
2482 3273 2607 3312 cum
2641 3255 2936 3327 Sampsaeis
2977 3263 3031 3312 et
3059 3253 3319 3310 Elcesaeis
3355 3256 3537 3325 aliqua
3569 3271 3635 3309 ex

2060 3357 2212 3418 parte
2267 3339 2539 3403 convenit.
2607 3347 2672 3402 Hi
2723 3349 3006 3403 Christum
3060 3347 3140 3402 in.
3171 3348 3312 3403 coelo
3371 3355 3665 3409 creatum,

2059 3441 2289 3511 ejusque
2309 3448 2560 3494 sanctum
2584 3438 2848 3511 Spiritum
2877 3440 3169 3493 atlirmant.
3203 3439 3356 3494 Illum
3381 3440 3557 3510 ipsum
3586 3441 3640 3494 in

2060 3535 2330 3590 Adamum
2366 3548 2488 3589 sese
2533 3533 2804 3588 infudisse
2844 3533 3056 3603 primo;
3110 3542 3165 3589 et
3209 3539 3360 3589 certo
3400 3541 3644 3602 tempore

2061 3626 2306 3680 induisse
2341 3625 2520 3694 ipsum
2551 3625 2819 3679 Adamum
2884 3640 3215 3695 rursumque
3263 3625 3513 3689 exuisse,
3562 3623 3644 3677 id-

2061 3733 2167 3788 que
2197 3715 2396 3770 fecisse
2426 3731 2548 3769 cum
2586 3715 2642 3772 in
2670 3723 2847 3771 terras
2871 3730 3104 3786 corpore
3135 3714 3364 3771 indutus
3404 3714 3641 3769 advenit.

2061 3808 2140 3864 Ac
2170 3809 2296 3864 licet
2322 3806 2492 3862 Judaei
2524 3809 2655 3875 sint,
2709 3808 3065 3878 Evangelium
3098 3807 3458 3862 nihilominus
3488 3807 3646 3860 adhi-

2061 3904 2214 3958 bent.
2273 3901 2533 3958 Carnium
2587 3916 2743 3958 esum
2779 3901 3144 3964 detestantur,
3177 3915 3373 3970 aquam
3406 3915 3504 3970 pro
3535 3898 3647 3953 Ι)ρο

2065 3995 2286 4050 habent.
2311 3994 2598 4049 Christum
2631 3993 2684 4046 in
2716 4009 2817 4049 suo
2852 3994 2968 4059 illo,
3005 3993 3086 4046 uti
3119 3991 3382 4055 diximus,
3409 3991 3647 4046 adventu

2066 4087 2343 4140 hominem
2374 4084 2623 4140 induisse
2655 4084 2869 4140 dicunt.
2929 4084 3175 4154 Denique
3208 4084 3368 4155 aquis
3407 4100 3466 4140 se
3497 4084 3650 4141 iden-

2062 4176 2232 4231 tidem
2285 4183 2395 4229 tam
2431 4175 2609 4230 hieme
2652 4192 2816 4246 quam
2863 4184 3051 4230 aestate
3080 4175 3285 4240 lavant,
3323 4175 3537 4248 1124
3564 4178 3652 4232 ni-

2065 4267 2264 4319 mirum
2290 4266 2601 4320 sanctitatis
2626 4266 2990 4321 conciliandae
3023 4266 3128 4323 sibi
3156 4265 3354 4339 gratia,
3388 4271 3653 4338 quemad-

2071 4356 2290 4410 modum
2327 4342 2632 4412 Samaritae.

2137 4443 2226 4498 XI.
2277 4442 2642 4499 Valentiniani
2691 4460 2984 4515 corporum
3035 4448 3504 4503 resurrectionem
3553 4464 3658 4504 ne-

2068 4547 2220 4607 gant,
2250 4535 2420 4592 Vetus
2452 4536 2866 4594 Testamentum
2909 4523 2974 4593 ac
3017 4539 3318 4609 prophetas
3349 4549 3650 4610 respuunt:

2072 4643 2195 4698 qua:
2222 4628 2584 4683 nihilominus
2613 4629 2800 4698 legunt
2848 4629 2972 4698 ipsi,
3019 4639 3073 4683 ct
3115 4630 3160 4683 si
3215 4629 3348 4700 quid
3377 4639 3480 4696 est,
3508 4631 3657 4700 quod

2072 4719 2138 4771 ad
2178 4718 2396 4772 illorum
2430 4719 2667 4774 hatresin
2698 4735 2794 4790 per
2837 4718 3062 4790 figuram
3096 4735 3160 4774 ac
3191 4728 3410 4791 tropum
3441 4737 3658 4776 accom-

2075 4811 2284 4864 modari
2320 4811 2516 4880 possit,
2555 4811 2606 4866 id
2644 4812 2968 4866 admittunt.
3024 4809 3133 4865 Sed
3176 4824 3355 4868 certas
3388 4814 3659 4884 quasdam

2076 4897 2292 4954 fabulas
2326 4900 2678 4967 addiderunt,
2725 4909 2781 4957 et
2837 4901 3059 4971 triginta
3106 4917 3320 4956 manum
3372 4904 3660 4968 utriusque

2076 5005 2242 5046 sexus
2281 4991 2549 5046 vocabula
2582 4993 2878 5049 commenti
2911 5006 3075 5064 sunt;
3112 5010 3252 5064 quos
3275 4994 3493 5064 quidem
3543 5009 3656 5049 aeo-

2077 5095 2178 5136 nas
2201 5081 2272 5136 ab
2297 5082 2683 5140 universorum
2707 5093 2936 5155 parente
2967 5101 3032 5141 ac
3056 5085 3340 5141 conditore
3361 5084 3659 5154 productos

2079 5396 2382 5454 Merinthus
2415 5399 2522 5452 alio
2553 5397 2771 5453 nomine
2803 5407 3106 5461 vocaretur,
3135 5411 3203 5451 an
3243 5396 3312 5450 ab
3343 5395 3471 5460 alio,
3509 5395 3599 5465 qui
3630 5411 3660 5450 a

2077 5467 2338 5522 Cerintho
2362 5467 2616 5523 diversus
2652 5466 2952 5522 Merinthus
2983 5467 3146 5523 fuerit
3177 5468 3381 5536 dictus,
3408 5470 3662 5536 ignorare

2077 5551 2137 5592 se
2163 5537 2364 5591 fatetur
2398 5537 2732 5607 Epiphanius
2763 5553 2913 5590 num.
2947 5539 2978 5590 8
3032 5539 3300 5592 haereseos
3331 5535 3422 5591 27.

2149 5607 2259 5676 (27)
2298 5605 2636 5674 Ναζωραῖοι.
2684 5606 2762 5660 De
2807 5607 2910 5662 hac
2954 5607 3331 5663 haereticorum
3363 5616 3510 5662 secta
3539 5607 3658 5674 lege

2076 5675 2848 5804 Petaviiagnimadversiouem
2870 5717 2884 5742 ,
2914 5692 3035 5747 qua:
3065 5686 3150 5735 est
3179 5678 3245 5732 ad
3293 5675 3514 5731 Panarii
3544 5677 3656 5730 Inn-

2076 5763 2242 5804 restm
2354 5785 2368 5801 .

2076 5763 2242 5804 1⁸081111
2278 5763 2368 5804 Ζυ.
