4118 6402
314 399 413 453 861

1620 418 2273 478 ANACEPIIALEOSIS.

3493 422 3599 478 862

315 519 427 611 πάν
465 520 826 595 ἀναφέρουσι,
858 530 952 581 καὶ
981 529 1050 583 τά
1089 531 1355 603 γενόμενα
1384 536 1448 588 ἐκ
1472 535 1674 592 τούτων
1703 541 1920 611 γεγενῆ-

2026 540 2275 596 universa
2304 540 2626 604 referentes,
2657 556 3000 611 quaecunque
3050 539 3194 594 facta
3234 545 3378 605 sunt,
3394 538 3460 593 ab
3491 539 3600 594 illis

312 610 472 702 σθαι·
510 615 830 672 ἁλίσκονται
863 623 878 652 ³
910 620 967 674 δὲ
1002 625 1096 676 καὶ
1129 626 1223 678 ἐπὶ
1259 628 1576 700 αἱσχρότητί
1609 647 1735 687 τινι.
1774 610 1916 702 Σαρζ-

310 700 410 764 κὸς
445 703 503 757 δὲ
552 707 858 766 ἀνάστασιν
907 712 1178 782 ἀθετοῦσι,
1219 719 1313 771 καὶ
1356 720 1598 776 Παλαιὰν
1643 700 1917 796 Διαθήκην

311 796 724 886 μεταϐάλλουσι
751 805 800 868 ³,
824 804 1116 875 κέχρηνται
1141 807 1197 862 δὲ
1218 809 1440 882 Παλαιᾷ·
1457 813 1551 865 καὶ
1595 813 1772 886 Καινῇ
1789 816 1917 868 Δια·-

309 883 483 962 θήκῃ,
508 890 758 966 ἑκάστην
792 895 936 962 λέξιν
966 899 1046 963 είς
1076 900 1168 955 τὸν
1209 903 1417 959 ἑαυτῶν
1440 905 1565 960 νοῦν
1601 883 1915 978 μεθοδεύον-

302 993 428 1042 ντες.

378 1163 468 1219 Η¹.
493 1163 890 1237 Κερδωνιανοὶ,
906 1173 953 1226 oi
980 1174 1086 1228 απὸ
1111 1175 1393 1247 Κέρδωνπ
1411 1179 1505 1234 τοῦ
1520 1180 1914 1253 Ἡρακλέωνος,

305 1253 702 1327 διαδεξάμενοι
733 1261 754 1292 ³
798 1261 909 1332 (28)
945 1263 1044 1336 τὴν
1093 1269 1324 1340 μετοχὴν
1367 1270 1468 1340 τῆς
1513 1271 1751 1343 πλάνης,
1807 1274 1917 1328 ἀπὸ

301 1347 370 1401 δὲ
411 1348 513 1419 τῆς
547 1350 770 1422 Συρίας
794 1354 874 1416 είς
919 1354 1136 1426 Ῥώμην
1167 1358 1280 1427 (28)
1329 1361 1779 1430 μεταναστάντος,
1822 1366 1917 1419 καὶ

307 1441 594 1511 κήρυγμα
634 1442 827 1495 ἑαυτοῦ
883 1444 1179 1516 ἐκθεμένου
1223 1452 1281 1503 ὲν
1326 1452 1539 1524 χρόνοις
1589 1453 1842 1524 Ῥηγίνου
1893 1456 1926 1494 δν

311 1532 652 1585 ἐπισκόπου.
700 1533 804 1586 Δύο
847 1535 904 1589 δὲ
942 1536 1117 1609 ἀρχάς
1144 1540 1400 1612 κηρύττει
1445 1538 1599 1610 οὗτος
1645 1547 1914 1614 ἐναντίας,

318 1623 396 1694 μὴ
427 1622 577 1679 εἶναι
610 1625 666 1679 δὲ
690 1627 782 1681 τὸν
810 1629 1045 1701 Χριστὸν
1074 1633 1352 1704 γεννητὸν,
1383 1637 1584 1707 ὁμοίως
1611 1655 1670 1692 τε
1703 1641 1916 1713 νεκρῶν

315 1717 628 1772 ἀνάστασιν
661 1719 892 1785 ἀθετῶν,
922 1723 1016 1776 καὶ
1047 1723 1147 1795 τὴν
1184 1726 1427 1782 Παλαιὰν
1453 1719 1747 1802 Διαθῆκην.

391 1807 473 1860 Θ¹.
498 1809 938 1884 Μαρκιωνισταί.
977 1814 1242 1885 Μαρκίων
1288 1812 1443 1884 οὗτος
1477 1822 1538 1874 ἐκ
1578 1822 1781 1876 Πόντου
1821 1823 1917 1894 ὀρ-

2019 641 2143 686 orta
2174 633 2464 687 deﬁniunt.
2515 631 2728 688 Habent
2761 639 2815 687 et
2847 633 3166 688 foedissimae
3209 630 3484 701 quoddam
3533 631 3603 683 li-

2020 724 2224 781 bidinis
2287 739 2482 794 genus.
2536 723 2732 778 Carnis
2789 724 3251 778 resurrectionem
3308 730 3599 792 respuunt.

2019 814 2189 871 Vetus
2239 814 2652 871 Testamentum
2696 815 3034 870 calumniose
3080 813 3372 881 rejiciunt,
3430 829 3604 884 quan-

2016 922 2182 977 quam
2222 905 2408 960 ethoc
2442 915 2497 962 et
2543 905 2695 961 Novo
2747 909 2973 974 insuper
3005 920 3400 976 nonnunquam
3440 913 3604 960 utan-

2016 1006 2110 1053 tur
2142 1017 2155 1052 :
2181 1013 2250 1052 ex
2272 998 2476 1068 quibus
2508 997 2755 1067 singulas
2785 996 3009 1052 voculas
3037 996 3233 1052 callide
3267 997 3335 1052 ad
3367 1005 3604 1053 mentem

2019 1104 2174 1143 suam
2205 1087 2644 1143 accommodant.

2100 1177 2242 1233 Vill.
2277 1178 2608 1233 Cerdoniani
2643 1193 2673 1232 a
2704 1176 2973 1243 Cerdone,
3005 1175 3100 1245 qui
3140 1192 3300 1246 quem
3338 1176 3408 1231 ab
3439 1174 3607 1230 Hera-

2017 1271 2207 1326 cleone
2250 1283 2489 1326 errorem
2540 1269 2822 1333 hauserat,
2867 1270 3024 1326 novis
3067 1270 3310 1325 inventis
3355 1267 3599 1322 adauxit.

2016 1358 2095 1412 Ac
2144 1373 2269 1413 cum
2319 1343 2548 1412 Romam
2581 1373 2612 1412 e
2647 1357 2805 1429 Syria
2869 1358 3150 1429 profectus
3184 1365 3352 1422 esset,
3411 1357 3606 1429 Hygini

2017 1447 2178 1520 Papa:
2213 1447 2550 1518 temporibus
2591 1462 2690 1502 sua
2737 1447 2994 1518 dogmata
3027 1447 3431 1503 disseminavit.
3485 1445 3606 1498 Duo

2016 1556 2183 1611 porro
2227 1540 2495 1610 principia
2541 1539 2819 1593 contraria
2841 1539 3100 1600 .invicem
3131 1537 3380 1591 afﬁrmat.
3432 1536 3606 1607 Negat

2015 1633 2296 1688 Christum
2321 1647 2442 1688 esse
2471 1632 2738 1703 genitum.
2763 1630 3107 1686 Mortuorum
3139 1629 3606 1686 resurrectionem

2016 1735 2071 1778 et
2102 1721 2271 1778 Vetus
2312 1721 2725 1777 Testamentum
2764 1721 2967 1791 rejicit.

2090 1811 2180 1868 IX.
2241 1812 2628 1868 Marcionistae.
2678 1811 2887 1866 Marcio
2936 1827 3006 1868 ex
3062 1811 3237 1866 Ponto
3298 1809 3604 1869 oriundus.

324 1896 608 1970 μώμενος,
639 1902 938 1957 ἐπισκόπου
975 1905 1071 1975 μὲν
1113 1901 1180 1978 ἦν
1213 1908 1345 1972 υἱὸς,
1378 1909 1601 1983 φθείρας
1629 1913 1684 1967 δὲ
1713 1913 1914 1985 παρθέ-

2026 1904 2280 1974 episcopo
2309 1910 2463 1972 patre
2504 1909 2668 1958 natus
2711 1910 2838 1958 est:
2870 1917 2901 1956 a
2928 1918 3040 1972 quo
3087 1902 3303 1974 1126
3333 1902 3404 1956 ob
3441 1901 3610 1971 virgi-

321 2005 416 2043 νον
450 1990 690 2063 ἀπέδρα,
723 1992 810 2046 διὰ
833 1994 896 2048 τὸ
942 1995 1204 2060 ὲξεῶσθαι
1255 1999 1361 2052 ὑπὸ
1402 2001 1496 2055 τοῦ
1537 2002 1668 2057 ίδίου
1711 2004 1920 2076 πατρὸς

322 2078 437 2134 ἀπὸ
467 2083 572 2152 τῆς
613 2081 958 2155 Ἕκκλησίας.
1003 2085 1265 2142 Ἀνελθὼν
1296 2089 1354 2142 δὲ
1395 2091 1455 2144 ὲν
1478 2094 1544 2162 τῇ
1587 2091 1792 2166 Ῥώμῃ,
1822 2099 1918 2150 καὶ

324 2171 568 2242 αἰτήσας
596 2173 883 2244 μετάνοιαν
920 2176 1046 2241 τοὺς
1085 2179 1204 2231 κατ’
1234 2181 1411 2235 ἐκεῖνο
1458 2183 1676 2254 καιροῦ,
1713 2186 1810 2240 καὶ
1846 2186 1922 2259 μὴ

323 2262 531 2334 τυχὼν,
556 2264 815 2336 ἐπαρθεὶς
835 2266 976 2321 κατὰ
1005 2269 1103 2340 τῆς
1126 2269 1382 2338 πίστεως,
1410 2272 1528 2344 ὲδογ
1538 2274 1754 2346 μάτισε,
1775 2281 1926 2351 τρεῖς

324 2353 511 2425 ἀρχὰς
566 2355 1020 2428 εἰσηγησάμενος,
1058 2360 1262 2428 ἀγαθόν
1305 2379 1367 2416 τε
1425 2364 1521 2418 καὶ
1569 2363 1778 2420 δίκαιον
1829 2368 1925 2423 καὶ

327 2443 564 2512 φαῦλον·
619 2440 760 2499 εἷναί
807 2463 868 2500 τε
923 2447 1022 2519 τὴν
1067 2450 1278 2523 Καινὴν
1319 2453 1598 2526 Διαθήκην
1637 2455 1925 2531 ἀλλοτρίαν

325 2533 433 2603 τῆς
468 2534 714 2600 Παλαιᾶς
747 2535 843 2590 καὶ
866 2537 961 2592 τοῦ
1001 2540 1061 2594 ὲν
1097 2541 1234 2614 αὐτῇ
1273 2541 1624 2615 λαλήσαντος.
1674 2547 1927 2603 Ἀνάστα-

331 2641 421 2678 σιν
470 2626 671 2697 σαρκὸς
721 2627 919 2683 ἀθετεῖ.
963 2629 1256 2702 Βάπτισμα
1299 2633 1512 2688 δίδωσιν
1551 2637 1613 2690 ού
1648 2638 1808 2709 μόνον
1838 2639 1922 2708 ἓν,

332 2716 597 2806 ἀλλὰκαὶ
637 2718 731 2774 δύο
767 2722 864 2776 καὶ
902 2722 1029 2795 τρία
1072 2725 1210 2796 μετὰ
1247 2726 1310 2779 τὸ
1355 2733 1716 2800 παραπεσεῖν.
1754 2733 1924 2806 ’Υπὲρ

333 2805 392 2858 δὲ
422 2805 532 2860 τῶν
578 2807 891 2864 τεθνεώτων
931 2814 1356 2885 κατηχουμένων
1401 2817 1623 2889 ἑτέρους
1652 2805 1922 2889 βαπτίζει,

335 2894 508 2960 ἀδεῶς
542 2899 636 2950 καὶ
662 2899 908 2966 γυναιξὶν
943 2903 1226 2974 ἐπιτρέπει
1257 2903 1481 2977 λουτρὸν
1510 2907 1731 2964 διδόναι.

408 2988 466 3042 I'.
499 2990 902 3046 Λουκιανισταί.
929 2995 1228 3060 Λουκιανός
1254 3015 1338 3061 τις
1367 3000 1612 3070 ἀρχαῖος,
1644 3003 1741 3073 ούχ
1770 3005 1800 3058 ό
1830 3001 1925 3058 νῦν

335 3081 396 3132 ἐν
454 3080 666 3152 χρόνοις
713 3083 1122 3139 Κωνσταντίνου
1175 3088 1489 3161 γενόμενος,
1535 3092 1715 3148 πάντα
1784 3095 1926 3150 κατά

2024 1996 2112 2051 nis
2143 2003 2393 2066 stuprum
2430 1995 2638 2064 ejectus
2668 2009 2733 2050 ex
2784 1993 3054 2060 Ecclesia,
3107 1993 3338 2049 Romam
3369 1995 3606 2066 aufugit.

2028 2085 2128 2140 Ubi
2171 2101 2297 2140 cum
2351 2085 2421 2140 ab
2455 2085 2522 2141 iis
2556 2085 2650 2156 qui
2703 2093 2816 2139 tum
2871 2085 3132 2142 Ecclesiae
3167 2094 3454 2157 praeerant,
3490 2101 3611 2156 pte-

2024 2176 2314 2231 nitentiam
2365 2173 2576 2231 frustra
2629 2175 3001 2244 postulasset,
3055 2176 3385 2230 catholicam
3445 2174 3609 2230 (idem

2024 2281 2340 2339 oppugnare
2364 2265 2621 2324 instituit.
2656 2265 3024 2332 Quamobrem
3056 2267 3160 2321 tria
3189 2282 3314 2322 esse
3337 2265 3610 2336 principia

2025 2359 2185 2425 dixit,
2237 2360 2442 2414 bonum
2485 2367 2540 2413 et
2566 2358 2779 2428 justum
2811 2365 2869 2413 et
2910 2358 3136 2412 malum.
3183 2356 3392 2412 Novum
3419 2355 3612 2412 Testa-

2023 2459 2270 2508 mentum
2296 2466 2327 2505 a
2358 2449 2556 2507 Vetere
2587 2459 2642 2506 et
2682 2450 2930 2521 ejusdem
2965 2459 3192 2504 auctore
3220 2449 3456 2504 alienum
3486 2463 3613 2504 esse
3713 2490 3716 2494 -

2023 2543 2232 2599 docuit.
2267 2544 2463 2598 Carnis
2492 2541 2956 2599 resurrectionem
2990 2541 3238 2598 sustulit.
3286 2539 3408 2596 Non
3439 2555 3612 2595 unum

2025 2631 2298 2703 baptisma
2333 2629 2625 2696 duntaxat,
2673 2630 2772 2687 sed
2809 2638 2865 2686 et
2913 2630 3024 2686 duo
3069 2639 3125 2686 et
3167 2630 3275 2684 tria
3315 2638 3438 2699 post
3472 2630 3609 2686 deli-

2024 2735 2175 2779 ctum
2228 2722 2493 2795 indulget.
2542 2722 2649 2778 Pro
2704 2723 2938 2778 mortuis
3011 2723 3422 2778 catechumenis
3475 2723 3616 2780 alios

2025 2813 2288 2884 baptizat,
2329 2828 2395 2868 ac
2437 2813 2760 2869 mulieribus
2796 2811 3050 2869 conferre
3097 2810 3435 2884 baptismum
3483 2812 3605 2868 sine

2029 2903 2145 2958 ullo
2177 2901 2500 2958 discrimine
2538 2902 2827 2971 permittit.

2095 2993 2163 3050 Χ.
2198 2993 2551 3050 Lucianistaa.
2587 2992 2865 3049 Lucianus
2910 2993 3002 3048 llic
3051 2992 3351 3064 antiquior,
3382 3008 3494 3048 non
3525 2993 3607 3047 al-

2025 3092 2109 3140 ter
2141 3086 2231 3141 ille
2262 3086 2357 3156 qui
2397 3084 2759 3141 Constantino
2810 3085 3114 3156 imperante
3155 3084 3308 3149 vixit,
3343 3085 3401 3138 in
3432 3083 3615 3138 omni-

336 3169 432 3260 τον
464 3171 765 3242 Μαρκίωνα
792 3173 1164 3245 ἐδογμάτισεν,
1196 3179 1358 3252 ἕτερα
1387 3181 1444 3234 δὲ
1477 3183 1627 3252 παρά
1656 3185 1746 3238 τὸν
1778 3188 1925 3260 Map—

2029 3179 2135 3234 bus
2182 3177 2482 3233 Marcionis
2531 3175 2778 3246 vestigiis
2837 3175 3078 3243 inbmsit,
3131 3175 3235 3231 etsi
3284 3175 3615 3245 quibusdam

342 3258 516 3314 κίωνα
544 3261 640 3315 καὶ
667 3263 830 3328 αὐτὸς
854 3263 1014 3335 δῆθεν
1044 3269 1431 3342 περισσότερον
1454 3273 1791 3346 δογματίζει.

417 3353 520 3410 IA'.
544 3353 937 3427 Ἀπελληῖανοί.
980 3358 1090 3412 Καὶ
1118 3353 1272 3424 οὗτος
1302 3365 1331 3415 ὁ
1361 3363 1624 3436 ’Δπελλῆς
1660 3367 1728 3420 τὰ
1767 3369 1928 3439 ὅμοια

342 3442 630 3515 Μαρκίωνι
683 3446 778 3499 καὶ
831 3448 1117 3520 Λουκιανῷ
1156 3451 1490 3521 δογματίζει,
1549 3455 1789 3521 κακίζων
1829 3458 1928 3530 τὴν

345 3535 528 3587 πᾶσαν
564 3533 780 3604 ποίησιν
818 3534 913 3589 καὶ
949 3535 1041 3590 τὸν
1081 3540 1441 3609 πεποιηκότα.
1478 3541 1589 3612 Οὐχ
1630 3543 1831 3613 ὁμοίως
1873 3544 1930 3598 δὲ

344 3625 554 3690 τούτοις
580 3625 896 3697 δογματίζει
918 3627 1011 3681 καὶ
1034 3631 1182 3700 τρεῖς
1220 3630 1414 3700 ἀρχὰς,
1440 3633 1574 3686 ἀλλά
1605 3634 1733 3704 μίαν
1755 3634 1930 3707 ἀρχὴν

347 3719 443 3770 καὶ
467 3717 563 3770 ἕνα
593 3716 723 3771 Θεὸν
749 3716 878 3771 ὅντα
905 3717 1178 3773 ἀνώτατον
1221 3722 1314 3774 καὶ
1345 3723 1808 3794 ἀκατονόμαστον,
1835 3725 1931 3778 αύ-

348 3809 438 3861 τὸν
465 3808 524 3862 δὲ
549 3808 906 3880 πεποιηκέναι
934 3809 1092 3865 ἄλλον
1109 3828 1123 3844 °
1160 3813 1251 3866 καὶ
1274 3814 1436 3877 αὐτὸς
1460 3815 1489 3866 ό
1518 3799 1808 3885 γενόμενος
1836 3833 1932 3870 πο-

350 3899 514 3970 νηρὸς
564 3899 826 3973 εὑρεθεὶς,
877 3901 1100 3974 ἐποίησε
1141 3906 1206 3976 τῇ
1261 3905 1456 3959 ἑαυτοῦ
1497 3905 1790 3979 φαυλότητι
1838 3908 1931 3961 τὸν

352 3990 575 4061 κόσμον.

423 4083 522 4138 IB’.
550 4084 886 4156 Σευηριανοί.
911 4086 1048 4158 Σευῆ
1059 4089 1148 4160 ρός
1176 4107 1258 4153 τις
1283 4091 1444 4146 πάλιν
1462 4092 1540 4164 τῷ
1561 4093 1791 4165 Ἀπελλῇ
1817 4111 1935 4147 συν-

353 4175 641 4244 επόμενος,
659 4176 750 4228 τὸν
771 4177 868 4247 μὲν
899 4173 1039 4231 οἶνον
1057 4181 1441 4250 ἀποδάλλεται,
1465 4184 1558 4237 καὶ
1579 4185 1676 4256 τὴν
1693 4184 1951 4256 ἄμπελον,

354 4269 418 4320 ἐκ
445 4267 502 4320 δὲ
527 4266 620 4320 τοῦ
649 4267 1080 4338 δρακοντοειδοῦς
1125 4275 1301 4328 Σατᾶν
1342 4275 1654 4345 μυθολογῶν
1699 4279 1937 4345 πεφυκέ-

354 4374 460 4412 ναν
476 4359 567 4428 τὴν
601 4365 838 4429 γυναῖκα
865 4365 1158 4436 ἀριστερᾶς
1190 4365 1470 4437 δυνάμεως
1499 4369 1763 4441 ὑπάρχειν
1797 4370 1932 4441 (29).

366 4448 690 4519 Ὀνομασίας
718 4453 774 4506 δέ
798 4471 952 4519 τινας
996 4456 1294 4528 ἀρχόντων,
1331 4460 1424 4512 καί¹
1449 4460 1628 4531 βιϐλία
1655 4461 1775 4516 τινὰ
1801 4463 1936 4516 ἀπό-

1955 3255 1998 3312 C
2043 3269 2275 3339 adjectis
2305 3267 2642 3325 cumulatius
2673 3266 2879 3337 aliquid
2905 3266 3103 3322 docere
3135 3265 3364 3322 studuit.

2105 3357 2200 3412 XI.
2238 3354 2822 3427 Apelleiani.’Apelles
2887 3355 3138 3410 similiter
3197 3363 3361 3425 atque
3409 3353 3616 3412 Marcio

2029 3459 2084 3507 et
2113 3448 2394 3504 Lucianus
2421 3446 2692 3518 quidquid
2725 3446 3007 3502 conditum
3046 3455 3132 3502 est
3161 3461 3284 3500 cum
3329 3447 3450 3517 ipso
3478 3462 3615 3501 con-

2029 3542 2208 3596 ditore
2233 3540 2528 3608 vituperat.
2567 3534 2684 3591 Non
2731 3543 2916 3592 tamen
2947 3536 3056 3591 tria
3103 3543 3162 3590 ut
3199 3536 3278 3590 illi
3312 3535 3608 3606 principia,

2031 3633 2128 3688 sed
2160 3647 2329 3686 unum
2377 3638 2590 3684 tantum
2622 3628 2851 3693 invexit,
2901 3628 3196 3698 itidemque
3243 3627 3410 3684 Deum
3443 3643 3615 3682 unum

2031 3739 2097 3779 ac
2125 3736 2464 3792 supremum,
2505 3726 2561 3775 et
2599 3718 2843 3774 nominis
2888 3730 3190 3790 expertem,
3243 3719 3336 3789 qui
3369 3719 3616 3789 singula-

2036 3831 2154 3871 rem
2184 3816 2418 3870 alterum
2457 3813 2830 3884 procreaverit
2857 3829 2871 3866 :
2901 3812 2994 3882 qui
3026 3827 3152 3868 cum
3185 3813 3365 3868 malus
3408 3812 3618 3868 evasis-

2033 3914 2140 3974 set,
2177 3904 2440 3961 mundum
2475 3918 2574 3960 sua
2599 3903 2692 3958 illa
2720 3903 3071 3975 improbitate
3105 3902 3372 3960 condidit.

2105 4082 2224 4139 XII.
2267 4080 2565 4138 Severiani.
2625 4080 2862 4138 Severus
2901 4079 2992 4135 hic
3051 4078 3258 4150 Apellis
3297 4079 3507 4134 assecla
3535 4079 3619 4134 vi-

2037 4189 2170 4229 num
2208 4188 2274 4228 ac
2303 4173 2466 4228 vitem
2497 4173 2717 4242 penitus
2747 4173 3002 4238 damnat;
3043 4185 3164 4240 quae
3197 4184 3265 4224 ex
3301 4168 3517 4224 Satanas
3560 4170 3618 4226 in

2041 4266 2219 4320 forma
2249 4264 2520 4336 serpentis
2553 4272 2607 4319 et
2636 4271 2797 4319 terrae
2827 4275 3130 4333 congressu
3175 4271 3471 4332 propagata
3517 4260 3619 4316 ﬁn-

2039 4355 2137 4425 git.
2173 4353 2457 4409 Mulierem
2504 4368 2723 4424 quoque
2765 4351 3008 4409 sinistra
3058 4350 3280 4406 virtutis
3310 4367 3432 4407 esse
3460 4352 3617 4408 dicit.

2035 4447 2352 4517 Principum
2379 4447 2645 4502 vocabula
2708 4443 2979 4516 quaedam,
3007 4450 3063 4498 et
3099 4443 3362 4514 quosdam
3394 4458 3620 4514 apocry-

354 4554 537 4610 κρυφα
568 4544 915 4612 παρεισάγει,
944 4547 1014 4596 τὰ
1040 4545 1200 4616 ὃμοια
1245 4548 1303 4600 δὲ
1345 4551 1466 4613 ταῖς
1507 4550 1696 4616 ἄλλαις
1732 4553 1925 4625 σαρκὸς

2039 4541 2178 4611 phos
2239 4541 2408 4594 libros
2461 4537 2697 4592 inducit.
2739 4535 2798 4590 In
2837 4543 3178 4590 mortuorum
3220 4535 3620 4591 resurrectione

354 4631 648 4687 ἀνάστασιν
677 4633 862 4688 ἀθετεῖ
887 4635 982 4689 καὶ
1013 4637 1256 4691 Παλαιὰν
1283 4640 1577 4714 Διαθήκην.

2046 4631 2332 4702 Veterique
2370 4629 2721 4686 Testamento
2754 4627 3057 4684 refellendo
3107 4643 3234 4682 cum
3274 4626 3399 4682 aliis
3448 4627 3622 4684 luere-

2043 4724 2198 4778 sibus
2233 4722 2528 4778 consentit.

428 4803 530 4862 II".
551 4809 828 4866 Τατιανοί.
861 4812 1124 4877 Τατιανὸς
1150 4806 1304 4879 οὗτος
1336 4815 1631 4871 συνεδίωσε
1673 4818 1770 4889 μὲν
1797 4819 1925 4872 Ἰου-

2111 4811 2252 4868 Xlll.
2315 4811 2552 4867 Tatiani.
2610 4809 2874 4866 Tatianus
2927 4810 3165 4881 primum
3219 4825 3342 4864 cum
3402 4817 3597 4866 sancto

357 4897 523 4970 στίνῳ
537 4898 613 4968 τῷ
632 4900 885 4972 Μάρτυρι
907 4901 983 4973 τῷ
997 4903 1156 4974 ἁγίῳ,
1176 4904 1310 4974 μετά
1331 4905 1386 4957 δὲ
1412 4904 1508 4977 τὴν
1534 4907 1627 4959 τοῦ
1659 4907 1925 4979 μάρτυρος

2041 4903 2263 4959 Iustino
2314 4911 2557 4974 martyre
2600 4912 2669 4958 ac
2712 4903 3042 4974 philosopho
3091 4903 3248 4957 vixit.
3285 4900 3417 4958 Post
3461 4901 3622 4972 cujus

355 4990 449 5042 καὶ
461 4989 857 5060 φιλοσόφου’ἰου
865 4994 1043 5046 στίνου
1058 4994 1332 5066 τελευτὴν,
1352 4996 1704 5068 προσεφθάρη
1717 5000 1827 5062 τοῖς
1839 4999 1925 5052 τοῦ

2045 4998 2256 5053 obitum
2309 4996 2638 5066 contagione
2686 4997 2982 5053 Marcionis
3022 4996 3335 5066 dogmatum
3386 4994 3620 5060 alllatus,

354 5083 681 5156 Μαρκίωνος
715 5084 967 5156 δόγμασι,
1002 5088 1360 5158 μαθητευθεὶς
1401 5089 1478 5160 τῷ
1519 5089 1668 5160 αύτῷ
1705 5091 1925 5160 ἐδογμά-

2045 5090 2167 5160 cjus
2194 5088 2500 5160 discipulus
2531 5088 2666 5156 fuit;
2718 5088 2786 5142 ad
2817 5103 2990 5159 eaque
3037 5104 3158 5159 quae
3202 5103 3326 5142 cum
3373 5103 3440 5142 eo
3470 5103 3623 5141 com-

353 5191 495 5236 τισε,
525 5177 618 5229 καὶ
651 5177 812 5230 πάλιν
846 5178 1006 5250 ἕτερα
1033 5182 1164 5251 παρ’
1193 5182 1416 5234 ἐκεῖνον.
1456 5181 1702 5251 Ἐλέγετο
1741 5183 1798 5236 δὲ
1829 5181 1925 5237 ἀπί

2045 5180 2287 5235 muniter
2339 5181 2538 5246 tenuit,
2595 5195 2736 5235 nova
2787 5180 3015 5250 insuper
3067 5179 3298 5235 addidit.
3350 5177 3559 5236 Ferunt
3592 5194 3623 5237 ο

356 5267 784 5340 Μεσοποταμίας
805 5271 1100 5341 ὁρμᾶσθαι.

2047 5271 2438 5347 Mesopotamia
2466 5276 2761 5331 oriundum
2797 5275 2946 5330 hunc
2972 5275 3164 5334 fuisse.

431 5426 447 5457 ⁸
475 5425 638 5482 Deest
666 5427 936 5497 λέγουσιν.
1037 5429 1058 5459 ¹
1091 5427 1212 5484 Lib.
1241 5446 1280 5494 l,
1309 5429 1674 5484 διαϐάλλουσι.
1776 5431 1796 5462 ³
1823 5429 1925 5484 For

2026 5431 2392 5502 ιαδεξαμένου.
2477 5431 2499 5464 ⁸
2527 5431 2656 5486 Cor.
2701 5428 2936 5498 ’Υγίνου.

431 5580 546 5654 (28)
576 5581 725 5655 ῘΑπὸ
743 5582 812 5655 δὲ
829 5581 941 5652 τῆς
966 5584 1186 5651 Συρίας
1209 5586 1298 5648 είς
1342 5583 1596 5655 Ῥώμην,
1627 5603 1683 5639 κ.
1700 5603 1752 5640 τ.
1775 5586 1825 5640 λ.
1858 5584 1935 5641 De

359 5651 462 5724 bac
493 5650 552 5707 re
576 5650 800 5724 legenda
825 5650 946 5723 quae
971 5650 1261 5708 exirenan
1291 5650 1746 5711 habct'Eusebius
1766 5655 1839 5709 Η.
1865 5655 1933 5710 Ε.

360 5721 563 5794 Ιὶὺκιν,
593 5721 864 5794 capitibus
893 5724 962 5778 10
988 5732 1040 5778 et
1073 5724 1159 5778 Η.

435 5791 547 5864 ί99)
591 5791 711 5864 Τὴν⁸
754 5794 1010 5866 γυναῖκα
1055 5792 1374 5865 ἀριστερᾶς
1414 5795 1719 5868 δυνάμεως
1746 5794 1934 5865 ῠπάρ..

2042 5603 2192 5656 χειν,
2229 5586 2332 5641 hoc
2357 5594 2462 5649 est,
2495 5583 2711 5640 Satana:
2736 5599 2876 5656 opus
2904 5597 3046 5646 esse,
3067 5581 3338 5656 utdiseite
3372 5581 3621 5656 aituidem

2042 5650 2379 5728 Epiphanius
2413 5657 2686 5728 haereseos
2721 5650 2790 5709 45
2849 5671 2998 5728 nimi.
3036 5654 3400 5728 Ξηφάοκουσι
3442 5650 3499 5705 δὲ
3529 5653 3618 5705 καὶ

2044 5723 2403 5800 τῆν’γυναῐκα
2429 5723 2568 5780 εἶναι
2599 5725 2759 5798 ἔργον
2784 5724 2876 5778 τοῦ
2907 5724 3140 5778 Σατανᾶ.
