4118 6402
498 373 602 431 835
1927 383 1983 438 S.
2018 383 2357 440 EPIPllANIl
3670 381 3795 441 864's

566 491 691 548 llec
733 505 816 549 est
856 513 1066 554 summa
1098 501 1222 556 libri
1272 517 1286 555 I
1338 501 1392 556 in
1430 508 1543 558 tres
1575 512 1757 558 tomos
1795 502 1958 557 divisi
2011 503 2080 558 de

2254 506 2401 572 Αὖτη
2434 506 2468 575 ἡ
2502 504 2974 573 ἀνακεφαλαίωσις
3010 503 3105 557 τοῦ
3151 504 3366 575 πρώτου
3408 501 3612 572 βιϐλίου
3665 502 3794 555 τῶν

497 587 794 643 hzcresibus
822 605 958 644 XLVI.

2203 594 2353 666 τριῶν
2383 595 2586 665 τόμων,
2627 593 2769 649 κατὰ
2791 595 3196 666 τεσσαράκοντα
3222 594 3281 661 ἐξ
3308 595 3591 666 αἱρέσεων.

1605 712 1989 773 HERESES
2031 711 2224 772 TOMI
2265 711 2290 769 Ι
2325 710 2534 770 LIBRI
2581 710 2659 770 ll.

574 821 784 892 1127
825 819 882 876 In
925 823 1103 894 primo
1131 842 1262 882 vero
1293 839 1441 884 tomo
1471 829 1595 885 libri
1629 846 1691 892 ii.
1733 830 1826 899 qui
1871 845 2072 884 secun-

2250 830 2338 883 Ἐν
2369 829 2425 882 δὲ
2449 828 2525 898 τῷ
2558 826 2759 900 πρώτῳ
2796 829 2946 900 τύμῳ
2985 826 3079 882 τοῦ
3122 829 3372 900 δευτέρου
3418 827 3646 898 βιϐλίου,
3682 848 3790 884 τε·-

497 913 624 967 dum
659 913 972 969 institutum
1023 931 1053 969 a
1101 919 1259 975 nobis
1303 921 1463 977 initio
1502 930 1777 976 tomorum
1826 922 2074 976 ordinem

2203 919 2362 992 ῖὰρτῳ
2408 920 2464 973 δὲ
2494 920 2609 972 ὅντι
2659 920 2803 974 κατὰ
2849 921 2946 992 τὴν
2991 922 3245 992 ἀπαρχῆς
3288 921 3398 974 τῶν
3444 923 3625 992 τόμων
3653 923 3787 979 ,τοῦ

496 1013 726 1075 quartus
754 1013 859 1069 est,
890 1006 1127 1064 haereses
1155 1012 1506 1067 continentur
1539 1029 1694 1075 xviii.
1734 1013 1837 1067 hoc
1866 1011 2032 1067 modo
2059 1031 2071 1066 :

2203 1011 2414 1086 ιριθμοῦ
2449 1012 2788 1074 ἀκολουθίαν,
2814 1012 3050 1082 αἱρέσεις
3075 1015 3210 1066 εἰσὶν
3241 1019 3330 1083 ιη’,
3361 1012 3532 1077 οὕτως
3552 1029 3567 1043 ⁶

567 1093 611 1150 l.
651 1093 964 1163 Encratitaa,
1018 1097 1232 1156 Tatiani
1285 1103 1531 1173 quaedam
1587 1103 1735 1158 velut
1781 1103 2074 1172 appendix.

2243 1109 2319 1158 A'.
2336 1107 2468 1176 Ἐγκ
2479 1109 2713 1179 ρατϊται.
2731 1102 3126 1176 οίάπόσπασμα
3151 1108 3510 1177 τυγχάνοντες
3561 1109 3781 1162 Τατια-

499 1183 566 1240 lli
616 1187 837 1257 nuptias
887 1188 1176 1258 damnant,
1223 1209 1362 1264 quas
1396 1194 1616 1250 Satanae
1665 1195 1935 1248 tribuunt.
1992 1195 2077 1249 Ab

2203 1197 2271 1252 ὀὗ
2293 1241 2306 1265 ,
2351 1200 2444 1252 τδν
2486 1199 2662 1268 γάμον
2685 1199 3118 1263 ’ἀποϐάλλοντες,
3149 1199 3242 1252 τοῦ
3275 1201 3490 1254 Σατανᾶ
3532 1201 3784 1269 φάσκονο

498 1279 866 1336 animatorum
916 1283 1162 1339 omnium
1192 1301 1297 1342 usu
1348 1286 1738 1342 abstinendum
1783 1301 1905 1341 esse
1950 1301 2080 1341 sen-

2203 1307 2269 1354 τες
2305 1289 2494 1344 τοῦτον
2524 1285 2686 1354 εἶναι,
2734 1292 2912 1345 πᾶσαν
2952 1291 3007 1344 δὲ
3057 1289 3494 1361 ἀπαγορεύοντες
3541 1291 3789 1362 ἔμψυχο-

497 1372 662 1428 tiunt.

2203 1382 2405 1450 ραγίαν.

570 1460 635 1518 ll.
676 1461 1070 1535 Cataphryges,
1098 1466 1188 1534 qui
1247 1475 1301 1522 et
1351 1465 1727 1530 Montanistaz,
1783 1473 2079 1537 utrumque

2241 1475 2315 1530 B'.
2334 1472 2783 1544 Καταφρύγας,οἱ
2797 1477 2853 1530 δὲ
2897 1475 3275 1537 Μοντανισταὶ,
3293 1475 3487 1539 οἵτινες
3532 1473 3791 1529 Παλαιὰν

498 1551 912 1610 Testamentum
963 1557 1288 1627 approbant,
1323 1557 1421 1613 sed
1465 1573 1637 1612 novos
1681 1557 1976 1628 prophetas
2011 1557 2076 1610 ad

2203 1569 2281 1622 cal.
2310 1567 2516 1638 Καινὴν
2544 1568 2819 1638 Διαϐήκην
2847 1568 3109 1636 δέχονται,
3138 1568 3358 1638 ἑτέρους
3396 1568 3453 1620 δὲ
3489 1570 3788 1640 προφήτας

498 1654 750 1716 receptos
822 1653 872 1701 et
944 1648 1200 1718 antiquos
1257 1648 1582 1720 adjiciunt:
1631 1663 1696 1704 ac
1761 1648 2078 1704 Montanum

2203 1656 2619 1727 παρεισφέρουσι
2648 1656 2797 1726 παρὰ
2838 1657 2960 1720 τοὺς
3001 1659 3306 1728 προφήτας,
3356 1658 3630 1712 Μοντανὸν
3657 1675 3788 1710 τινα

499 1735 788 1808 quemdam
815 1746 870 1792 et
905 1736 1208 1793 Priscillam
1237 1741 1557 1809 praedicant.
1933 1744 1938 1748 ⁷

2203 1741 2484 1812 ιύχοῦντες
2518 1741 2612 1796 καὶ
2642 1743 2992 1814 Πρίσκιλλαν.

576 1824 665 1882 Ill.
708 1825 1027 1897 Pepuziani,
1053 1829 1146 1899 qui
1175 1837 1230 1884 et
1261 1829 1587 1896 Quintiliani
1625 1829 1911 1893 dicuntur,
1959 1830 2084 1900 qui-

502 1918 606 1975 bus
647 1919 914 1974 accedunt
944 1927 999 1973 et
1043 1921 1388 1993 Artotyritze,
1442 1922 1819 1994 superioribus
1857 1920 2082 1993 quidem

503 2016 638 2082 illis,
674 2017 780 2074 hoc
829 2026 912 2073 est
960 2017 1400 2091 Cataphrygibus
1468 2019 1869 2074 annumerandi
1915 2026 2082 2084 sunt;

504 2106 601 2160 sed
646 2106 715 2161 ab
764 2107 831 2162 iis
879 2117 1058 2163 tamen
1103 2109 1322 2165 diversa
1371 2111 1637 2165 nonnulla
1687 2109 1954 2165 sentiunt.
2007 2110 2086 2164 Ac

504 2194 774 2266 Pepuzam
799 2195 1074 2252 desertum
1103 2198 1384 2270 quoddam
1412 2199 1676 2270 oppidum
1705 2198 1974 2254 Galatiam
2009 2198 2088 2253 in-

504 2295 591 2342 ter
633 2295 689 2342 et
740 2285 1143 2358 Cappadociam
1199 2303 1263 2344 ac
1314 2287 1612 2362 Phrygiam
1665 2290 1832 2345 situm
1885 2288 2086 2344 divinis

505 2379 810 2437 honoribus
858 2381 1148 2446 extollunt,
1204 2397 1436 2453 eamque
1487 2381 1918 2454 Hierosolymam
1963 2375 2088 2437 esse

505 2470 719 2526 dicunt.
766 2471 862 2528 Est
912 2483 1093 2528 autem
1121 2483 1177 2530 et
1232 2475 1336 2528 alia
1372 2473 1608 2545 Pepuza.
1644 2473 1962 2529 Mulieribus
1999 2490 2089 2529 sa-

506 2557 634 2620 cros
691 2565 1049 2635 magistratus
1109 2579 1174 2620 ac
1229 2567 1538 2621 sacerdotia
1576 2565 1849 2621 delerunt.
1908 2567 2089 2621 Certis

508 2654 800 2710 initiantur
849 2657 1156 2730 mysteriis,
1209 2659 1412 2730 quibus
1464 2675 1693 2730 puerum
1745 2658 2087 2714 confodiunt.

506 2744 747 2818 Fingunt
811 2729 1040 2819 Pepuzae
1077 2748 1357 2806 Christum
1404 2729 1532 2804 olim
1571 2750 1840 2817 Quintillae
1857 2759 1947 2804 aut
1972 2749 2089 2804 Pri-

513 2840 684 2895 scillae
743 2839 1036 2895 videndum
1088 2856 1148 2897 se
1206 2842 1509 2912 praebuisse
1575 2842 1831 2898 muliebri
1888 2845 2090 2914 specie.

524 2930 695 2987 Vetus
726 2948 790 2986 ac
818 2931 1028 2988 Novum
1059 2932 1467 2990 Testamentum
1499 2933 1785 2999 adhibent,
1806 2935 1881 2988 ita
1913 2945 2091 2990 tamen

511 3030 572 3077 ut
608 3025 870 3094 pleraque
905 3039 1004 3094 pro
1040 3025 1208 3079 animi
1240 3026 1467 3082 libidine
1497 3035 1848 3082 commutent.

2258 1834 2328 1886 1".
2353 1833 2730 1898 Πεπουζιανοὶ,
2753 1836 2801 1888 oi
2835 1837 2929 1890 καὶ
2956 1839 3342 1899 Κυϊντιλιανοὶ,
3381 1832 3464 1902 οἷς
3487 1838 3791 1892 συνάπτον.

2187 1943 2274 1978 ται
2301 1927 2672 1997 ’Δρτοτυρτται
2703 1928 2836 1996 (50),
2863 1929 2926 1981 ὲκ
2955 1929 3161 1984 τούτων
3197 1930 3296 2000 μέν
3343 1931 3453 1984 είσι
3494 1931 3603 1984 τῶν
3637 1931 3788 1984 κατὰ

2186 2016 2424 2088 Φρύγας,
2465 2016 2627 2088 ἔτερα
2661 2018 2718 2071 δὲ
2765 2021 2894 2091 παρ’
2936 2021 3176 2086 ἐκείνους
3211 2021 3652 2092 δογματίζοντες.
3684 2023 3792 2074 Πέ-

2191 2108 2400 2172 πουζάν
2441 2127 2564 2164 τινα
2597 2109 2750 2164 πόλιν
2798 2112 3002 2186 ἔρημον
3042 2115 3316 2185 ἁναμέσον
3374 2114 3642 2177 Γαλατίας
3689 2114 3795 2167 καὶ

2190 2202 2587 2269 Καππαδοκίας
2617 2207 2711 2259 καὶ
2745 2206 2983 2277 Φρυγίας
3027 2207 3423 2273 ἐκθειάζοντες,
3456 2207 3550 2261 καὶ
3577 2206 3793 2278 ταύτην

2201 2295 2557 2368 Ἰερουσαλὴμ
2581 2299 2894 2370 ἡγούμενοι.
2927 2300 3082 2352 Ἔστι
3111 2301 3167 2355 δὲ
3211 2302 3307 2354 καὶ⁵
3336 2301 3468 2371 ἄλλη
3499 2299 3780 2364 Πέπουζα.

2191 2386 2409 2452 Γυναιξί
2428 2405 2486 2441 τε
2511 2390 2853 2456 ἀποδιδόντες
2876 2393 2935 2445 τὸ
2961 2392 3150 2463 ἄρχειν
3173 2393 3266 2446 καὶ
3297 2394 3543 2464 ίερεύειν.
3575 2392 3794 2446 Μυοῦν-

2190 2496 2282 2533 ται
2331 2480 2389 2533 δέ
2438 2499 2559 2535 τινα
2616 2484 2776 2538 παῖδα
2826 2485 3286 2549 κατακεντοῦντες
3335 2487 3449 2555 (3i)
3486 2486 3625 2540 νέον.
3673 2487 3794 2539 Καὶ

2191 2571 2254 2642 δὴ
2293 2575 2358 2644 τῇ
2403 2574 2695 2646 Κυϊντίλλη
2719 2577 2750 2648 ἧ
2774 2581 2868 2635 καὶ
2898 2577 3221 2649 Πρισκίλ).ῃ,
3255 2578 3489 2650 Χριστὸν
3519 2580 3698 2631 ἐκεῖσε
3727 2579 3791 2631 ἐν

2193 2664 2448 2737 Πεπούζῃ
2483 2667 2933 2737 ἀποκεκαλύφθαι
2964 2671 3022 2723 ὲν
3079 2670 3192 2742 ἰδέα
3231 2669 3485 2739 ἀληθείας
3511 2673 3525 2701 ¹
3556 2670 3790 2742 μυθολο-

2192 2756 2373 2824 γοῦσι.
2417 2757 2724 2829 Κέχρηνται
2769 2759 2827 2813 δὲ
2883 2760 3145 2824 ὡσαύτως
3200 2761 3414 2832 Παλαιᾷ
3459 2763 3552 2816 καὶ
3608 2764 3790 2835 Καινῇ

2193 2849 2458 2922 Διαθήκῃ,
2481 2851 2622 2906 κατὰ
2651 2851 2739 2904 τὸν
2767 2852 2894 2906 ἴδιον
2925 2853 3047 2908 νοῦν
3075 2853 3520 2925 μεταποιοῦντες.

579 3113 667 3170 IV.
711 3113 1327 3181 Tessarescazdecatitaa,
1361 3118 1454 3189 qui
1499 3126 1642 3174 stato
1691 3120 1820 3174 anni
1850 3119 1939 3175 die
1985 3118 2088 3173 Pa-

2260 3115 2335 3166 A’.
2361 3112 3013 3180 Τεσσαρεσκαιδεκατῖται
3037 3113 3148 3186 (32)
3177 3155 3193 3180 ,
3218 3114 3268 3166 οἱ
3310 3113 3437 3184 μίαν
3461 3113 3672 3185 ἡμέραν
3691 3114 3795 3168 τοῦ

511 3207 645 3262 scha
677 3209 956 3263 celebrant
989 3225 1002 3262 :
1037 3215 1097 3262 ut
1122 3225 1510 3282 quamcunque
1548 3210 1605 3266 in
1629 3211 1772 3267 diem
1809 3227 1900 3266 xw
1950 3211 2092 3266 luna:

513 3301 831 3365 incurrerit.
863 3302 977 3357 sive
1010 3301 1308 3357 Sabbatuni
1340 3305 1453 3359 sive
1487 3301 1766 3358 Dominica
1798 3303 1998 3371 fuerit,
2027 3320 2091 3358 ea

511 3392 600 3449 die
621 3392 871 3465 jejunent
903 3408 966 3448 ac
996 3394 1279 3466 pervigilia
1310 3395 1606 3450 celebrent.

584 3571 652 3626 ν.
695 3572 847 3643 Alogi
871 3587 901 3627 a
926 3572 1084 3628 nobis
1115 3573 1190 3627 ita
1219 3572 1505 3635 nominati,
1531 3573 1623 3643 qui
1656 3571 1887 3628 Joannis
1921 3571 2096 3628 Evan-

514 3666 734 3734 gelimn,
772 3679 836 3719 ac
883 3663 1080 3734 Logon,
1114 3663 1218 3718 hoc
1262 3672 1367 3729 est,
1410 3661 1634 3716 Verbum
1665 3663 1834 3719 Deum
1873 3680 1903 3718 a
1938 3663 2098 3720 Patre

516 3771 733 3826 semper
781 3759 1024 3828 genitum
1077 3757 1402 3828 ctelitusque
1449 3757 1767 3822 demissum,
1831 3757 1992 3825 cujus
2040 3757 2094 3812 in

518 3845 814 3918 Evangelio
863 3849 956 3904 illo
1002 3849 1208 3904 mentio
1244 3847 1320 3912 lit,
1355 3849 1678 3918 repudiant;
1723 3864 1824 3903 nec
1867 3848 2098 3905 Joannis

517 3938 781 3993 duntaxat
816 3937 1186 4010 Evangelium,
1201 3938 1296 3992 sed
1337 3948 1390 3992 et
1414 3937 1778 4008 Apocalypsin
1815 3937 2092 4008 rejiciunt.

593 4027 678 4084 Vl.
718 4029 1005 4084 Adamiani
1037 4030 1106 4084 ab
1148 4029 1358 4104 Adamo
1400 4029 1588 4086 nescio
1617 4045 1726 4104 quo
1746 4029 1963 4086 virente
2009 4034 2090 4088 sic

2197 3206 2350 3268 ἔτους
2385 3205 2447 3258 τὸ
2481 3205 2671 3274 Πάσχα
2712 3205 3075 3269 ἐκτελοῦντες,
3119 3207 3176 3258 ὲν
3217 3206 3378 3276 ὁποίᾳ
3415 3205 3459 3259 δ’
3499 3205 3566 3259 ἂν
3605 3206 3796 3275 ἡμέρᾳ

2199 3295 2430 3361 ἐμπέσοι
2459 3297 2559 3366 τῆς
2601 3295 2890 3368 σελήνηςή
2935 3296 3525 3368 τεσσαρεσκαιδεκάτη,
3566 3297 3686 3366 ἦτοι
3735 3299 3796 3349 ἐν

2200 3386 2467 3457 Σαϐϐάτῳ
2517 3386 2550 3458 ἢ
2592 3387 2650 3438 ὲν
2701 3387 2976 3458 κυριακῇ,
3033 3387 3248 3458 ἐκείνην
3299 3406 3359 3443 τε
3416 3387 3794 3459 νηστεύοντες,

2203 3478 2298 3532 καὶ
2332 3479 2450 3549 ἅμα
2478 3478 2904 3550 ἀγρυπνοῦντες.

2276 3571 2350 3625 E'.
2400 3571 2617 3639 Ἀλογοι
2661 3571 2774 3641 (35)
2823 3573 2872 3624 οἱ
2923 3573 3016 3641 ἀφ’
3067 3573 3224 3644 ἡμῶν
3275 3573 3586 3645 κληθέντες,
3643 3575 3691 3627 oi
3733 3573 3799 3627 τὸ

2202 3660 2533 3728 Εὑαγγέλιον
2559 3661 2834 3722 Ἰωάννου,
2881 3664 2977 3716 καὶ
3008 3661 3100 3716 τὸν
3147 3665 3206 3716 ὲν
3243 3663 3392 3734 αὐτῷ
3429 3663 3636 3718 ἄνωθεν
3682 3663 3800 3716 ἀπὸ

2202 3755 2416 3827 Πατρὸς
2462 3754 2549 3808 ἀεὶ
2601 3753 2734 3808 θεὸν
2776 3754 2947 3823 Λόγον
3000 3756 3496 3828 παρεκϐἀλλοντες,
3537 3757 3598 3808 τὸ
3649 3758 3798 3810 κατὰ

2215 3845 2467 3916 Ἰωάννην
2494 3845 2823 3914 Εὐαγγέλιον
2846 3846 2924 3918 μὴ
2956 3845 3251 3919 δεχόμενοι,
3267 3849 3398 3920 μηδὲ
3436 3849 3534 3920 τὴν
3562 3848 3802 3901 Ἀποκάο

2201 3937 2382 4007 λυψιν.

2267 4033 2356 4098 ς’.
2377 4029 2708 4100 Ἀδαμιανοὶ,
2726 4029 2876 4102 παρὰ
2893 4031 2951 4085 δέ
2967 4046 3106 4084 τισιν
3123 4031 3325 4104 Ἀδὰμ¹
3347 4033 3548 4098 ζῶντος
3569 4032 3681 4104 (54)
3701 4050 3805 4086 xz-

621 4187 636 4218 '
673 4185 798 4240 For.
830 4185 1049 4257 θηλείας
1079 4205 1090 4240 :
1119 4185 1170 4240 iu
1213 4185 1471 4255 Panari’o,
1494 4187 1771 4259 γυναικός.
1845 4191 1864 4222 ¹
1897 4187 2022 4244 For.
2057 4187 2202 4254 τινὸς
2232 4189 2424 4262 Ἀδάμ.

596 4345 714 4420 (δο)-
739 4344 1158 4420 ΪΑρτςτυρῖται.
1187 4345 1486 4420 Ρερυιὶεηίί
1520 4348 1640 4404 ideo
1664 4349 2100 4420 suntappellaii,

523 4427 585 4473 ut
608 4415 684 4470 ait
705 4415 846 4471 idem
883 4415 1238 4486 Epiphanius,
1267 4415 1487 4473 iium.-2
1544 4420 1817 4475 haereseos
1843 4415 1932 4484 $9,
1997 4419 2105 4472 ἀπὸ

2213 4350 2309 4405 siis
2361 4364 2515 4405 suam
2551 4349 2822 4421 principio
2869 4350 3241 4420 sequebantur
3291 4351 3628 4421 opinionem,
3686 4354 3800 4406 rati

2215 4422 2364 4475 illam
2394 4435 2517 4492 esse
2554 4419 2865 4492 profectam
2889 4419 2986 4492 fab
3030 4419 3522 4492 apostoliJoannis
3562 4422 3799 4492 institu-

521 4486 713 4561 toﬁ-bl
746 4488 860 4561 tot;
887 4487 1068 4561 αύτῶν
1101 4489 1420 4561 μυστηρίοις
1444 4491 1790 4561 ἐπιτιθέντας
1821 4490 1986 4561 ἄρτον
2013 4489 2098 4561 καὶ

2213 4491 2396 4561 tione.
2439 4486 2712 4561 Nec'eam
2770 4486 3186 4546 dimisereglicet
3229 4491 3297 4545 ab
3342 4499 3504 4546 aetate
3554 4490 3804 4546 Victoris

523 4555 704 4641 τυρδν,
754 4549 852 4639 καῖ
885 4555 1060 4619 οὕτως
1090 4549 1369 4641 ποιεῖν”τὰ
1397 4549 1577 4641 αὐτῶν
1610 4549 1904 4641 μυστήρια.
1951 4559 2098 4626 Quod

2215 4560 2751 4641 pontificisﬂsumiui
2785 4561 3098 4628 ingentibus
3133 4561 3434 4641 iactaretur
3464 4561 3806 4641 disputatio:

523 4628 872 4704 uiniirumin
905 4643 1130 4704 suorum
1177 4629 1544 4686 celebratione
1589 4628 1974 4704 mysteriorum
2017 4647 2110 4700 pa-

525 4713 649 4752 nem
681 4697 1028 4755 adhibuerim
1054 4707 1108 4753 et
1145 4713 1391 4753 caseum.
1615 4740 1617 4743 .

591 4766 711 4892 (ςδι)
760 4765 898 4820 de
923 4767 1108 4822 παῖδα
1135 4769 1644 4835 κατακεντοῦντες
1697 4769 1773 4826 De
1814 4769 2021 4824 crudeli
2055 4776 2110 4823 et

612 4835 751 4892 anda
784 4839 998 4892 parvuli
1033 4839 1275 4892 anniculi
1307 4840 1706 4892 vulneratione.
1737 4855 1844 4892 uua
1876 4839 2107 4892 solemni

526 4835 751 4909 infanda
784 4839 998 4909 parvuli
1033 4839 1275 4893 anniculi
1307 4840 1706 4903 vulneratione.
1737 4855 1844 4909 qua
1876 4839 2107 4895 snlemni

525 4910 616 4964 die
647 4906 787 4962 festo
819 4906 1053 4978 quodam
1086 4911 1251 4965 aeneis
1292 4910 1502 4964 acubus
1551 4913 1618 4964 de
1641 4906 1768 4964 toto'
1809 4911 1955 4962 illius
1987 4924 2110 4961 cor-

565 4979 762 5034 usculo
799 4979 1120 5048 sanguinem
1151 4981 1550 5048 expriinebant,
1587 4990 1647 5034 ut
1679 4997 1746 5035 eo
1779 4980 2111 5034 admistione

565 4996 762 5034 uscuio
799 4996 1120 5048 sanguinem
1151 4996 1550 5048 expruneoant,
1587 4996 1647 5034 ut
1679 4997 1746 5035 eo
1779 4996 2111 5034 aamtsuone

527 4996 719 5106 farinae
760 5063 955 5118 panem
995 5058 1442 5118 coagiuentarent
1486 5049 1833 5106 Montanistze
1864 5059 1960 5102 aut
2010 5048 2112 5103 Pe-

529 5120 750 5190 puziani
799 5119 854 5190 in
902 5133 1062 5190 usuin
1098 5120 1346 5190 sacriﬁcii
1380 5120 1484 5185 sui,
1515 5128 1570 5175 et
1601 5121 1668 5175 ad
1703 5119 2106 5190 Eucharistiam

529 5188 945 5260 conﬁcieniLam,
977 5188 1246 5260 videndus
1281 5189 1619 5260 Epiphanius
1668 5190 1809 5244 idem
1856 5205 2008 5260 num.
2038 5188 2112 5260 M

531 5258 785 5330 limr._48.
817 5256 1054 5312 Tantum
1087 5257 1301 5315 facinus
1328 5256 1537 5330 aperte,
1552 5261 1824 5330 negabant
1868 5259 2110 5330 haeretici

533 5331 645 5400 illi.
673 5328 868 5384 Iisdem
915 5329 1046 5383 vitio
1072 5330 1204 5383 dant
1245 5328 1483 5400 (lyrillus
1523 5328 1738 5385 llieros.
1770 5328 1988 5400 Catecli.
2012 5328 2101 5392 l6,

531 5399 860 5470 Philastrius
874 5409 923 5470 et
943 5401 1279 5470 Augustinus
1295 5399 1368 5454 de
1386 5401 1684 5456 baeresibus
1709 5407 1948 5470 agentes.
1975 5399 2107 5453 item

532 5471 586 5524 in
613 5469 780 5523 dubio
828 5469 1142 5540 relinquunt
1181 5471 1270 5524 alii
1301 5477 1355 5524 et
1387 5471 1686 5539 praesertim
1744 5469 2106 5540 Hieronymus

534 5539 920 5608 cpistolarolim
954 5539 1023 5596 εἰῇ
1067 5541 1120 5593 in
1167 5540 1378 5603 ordine.
1413 5555 1560 5594 nunc
1598 5555 1729 5594 vero
1766 5539 1856 5594 27.
1903 5539 2108 5593 Horum

540 5607 733 5681 potius
767 5607 984 5681 judigio
1032 5609 1318 5681 sull‘ragari
1374 5611 1534 5664 video
1581 5609 1660 5681 de
1715 5609 2110 5665 recentioribus

541 5678 854 5742 Baronium,
889 5677 1317 5743 Tillemontium,
1353 5680 1742 5743 Alexandrum,
1787 5681 1944 5735 alios.

611 5749 722 5814 (sil
781 5751 1536 5818 Τεσσαρεσκαιδεκατῑται.
1628 5748 2108 5814 Quartodecimani

541 5817 905 5872 communiter
938 5817 1212 5889 appellati,
1247 5821 1338 5892 qui
1381 5820 1602 5893 impune
1645 5822 1698 5875 in
1747 5820 1888 5876 Asia:
1925 5819 2108 5874 Eccle-

2213 4629 2342 4684 innn
2375 4631 2650 4684 ﬂuctibus.
2691 4634 2759 4683 At
2806 4641 3100 4700 renuentes
3127 4631 3323 4685 deinde
3366 4629 3568 4685 Nicaeni
3631 4633 3802 4700 primi

2211 4701 2452 4761 concilii,
2507 4701 2650 4768 quod
2699 4715 2792 4754 eas
2821 4699 3042 4770 diremit
3071 4702 3492 4770 disputationes,
3521 4699 3808 4770 obteinpe-

2212 4786 2332 4825 rare
2386 4772 2641 4833 decretis,
2695 4772 2764 4824 ab
2819 4768 3077 4824 Ecclesiae
3128 4768 3398 4826 universae
3443 4772 3616 4826 avulsi
3671 4768 3803 4826 sinu

2214 4841 2594 4896 hiereticoruui
2627 4849 2755 4895 sunt
2783 4839 2962 4910 adepti
2999 4856 3218 4910 nomen.

2285 4911 2395 4981 (53)
2425 4913 2681 4981 ίἈλογοι
2738 4925 2768 4963 a
2815 4909 3117 4981 ATheodoto
3160 4911 3394 4965 coriario
3435 4909 3701 4981 profecti.
3733 4913 3806 4964 de.

2211 4979 2322 5049 quo
2352 4980 2515 5045 infra,
2552 4981 2644 5050 qui
2680 4979 2923 5032 omnium
2958 4981 3166 5050 primus
3200 4982 3377 5050 palam
3414 4980 3600 5050 dicere
3627 4984 3807 5050 coepit

2211 5051 2487 5105 Christum
2540 5049 2748 5105 nierum
2799 5065 2921 5104 esse
2960 5049 3269 5105 hominem.
3327 5050 3451 5104 Vide
3493 5049 3805 5105 Eusebium

2217 5120 2288 5174 Η.
2335 5119 2401 5175 Ε.
2437 5123 2527 5175 lib.
2563 5137 2616 5185 ν,
2646 5136 2766 5188 cap.
2795 5120 2885 5172 98.

2283 5191 2394 5261 (54)
2443 5190 2610 5255 Τινὸς
2660 5187 3094 5261 Ἀδὰμᾼζῶντος.
3153 5187 3235 5261 Ab
3286 5189 3498 5244 Adamo
3552 5189 3806 5261 quodam

2211 5259 2429 5316 vivente
2483 5261 2771 5330 Adamitas
2818 5259 2988 5330 fuisse
3033 5259 3334 5330 appellatos
3385 5262 3501 5330 vult
3554 5259 3801 5330 Epipha-

2212 5332 2362 5386 nius.
2393 5335 2462 5386 At
2507 5329 2872 5384 Theodoritus
2912 5327 3115 5382 Haeret.
3160 5329 3330 5397 fabul.
3383 5329 3478 5383 lib.
3519 5344 3532 5381 I
3581 5327 3681 5382 eos
3722 5334 3807 5383 ait

2212 5402 2478 5473 originem
2511 5402 2764 5473 retulisse
2797 5413 2951 5473 suam
2997 5399 3067 5452 ab
3091 5398 3372 5473 Ahaeretico
3411 5398 3671 5473 Prodico.
3705 5415 3811 5450 cu-

2207 5467 2325 5541 jus'
2361 5468 2905 5541 mentionein‘habet
2939 5475 3022 5541 _e_t
3075 5467 3485 5541 Alexandrinus
3541 5470 3810 5541 tileinens

2213 5535 2470 5598 Stromat.
2497 5542 2590 5595 lib.
2631 5556 2668 5598 ι.
2694 5536 2750 5592 Si
2779 5553 2904 5591 vera
2938 5535 3256 5591 Theodoriti
3289 5538 3497 5608 Opinio,
3530 5538 3811 5591 Adamitze

2212 5613 2392 5667 vocati
2432 5619 2561 5666 sunt
2593 5624 2624 5662 a
2660 5609 2841 5678 primo,
2863 5608 3106 5660 omnium
3142 5617 3385 5678 parente,
3421 5608 3569 5676 quod
3614 5608 3810 5661 nudus

2213 5691 2338 5738 ante
2379 5677 3002 5753 peccatum’incederet;
3033 5677 3181 5744 quod
3211 5679 3391 5734 nullas
3433 5679 3656 5733 iiiiverit
3696 5694 3808 5732 uu-

2214 5747 2544 5824 ptias,'quas
2570 5757 2622 5806 et
2652 5748 2753 5818 ipsi
2789 5747 3138 5801 damuabant.
