4118 6402
322 363 428 418 εεδ

1659 362 2328 420 ΛΝΑΟΕΡΗΑΙΑΞΟδΙδ.

3503 375 3609 428 866

319 482 591 554 λούμενοι,
619 480 818 553 χλεύης
871 481 904 554 ἢ
952 481 1207 554 ἀληθείας
1259 482 1460 553 μᾶλλον
1485 482 1546 536 τὸ
1583 482 1760 553 δόγμα
1782 481 1916 554 έχον-

2027 485 2195 550 dicti,
2254 484 2548 542 ridiculum
2605 487 2791 558 potius
2843 500 3006 556 quam
3057 484 3355 542 verisimile
3410 485 3606 558 dogma

317 591 430 636 τες.
466 573 668 642 Γυμνοὶ⁵
701 571 810 643 γὰρ
840 572 916 635 ὼς
946 572 1010 625 ἐκ
1042 571 1247 643 μητρὸς
1278 572 1466 644 ἄνδρες
1510 589 1569 626 τε
1615 573 1710 626 καὶ
1743 575 1920 642 γυναῖ-

322 681 416 726 κες
467 664 760 715 ἐπιτοαυτὸ
803 663 1147 731 συνάγονται,
1183 664 1276 716 καὶ
1316 663 1490 726 οὕτως
1543 663 1643 727 τὰς
1684 662 1921 732 ἀναγνώο

324 772 439 818 σεις
462 755 678 818 καὶτὰς
704 756 869 827 εὐχὰς
911 755 1006 809 καὶ
1042 757 1152 809 πᾶν
1183 755 1363 809 ὁτιοῦν
1389 755 1718 821 ἐπιτελοῦσι,
1757 755 1920 828 δῆθεν

327 845 650 918 μονάζοντες
680 849 775 900 καὶ
797 847 1254 918 ἐγκρατευόμενοι
1285 847 1456 912 ὄντες,
1486 849 1580 902 καὶ
1615 849 1792 919 γάμον
1841 848 1918 920 μὴ

321 939 622 1011 δεχόμενοι,
660 940 760 1010 τὴν
800 940 980 994 αὐτῶν
1022 929 1350 1010 Ἐκκλησίαν
1397 941 1725 1012 παράδεισον
1755 940 1919 1010 ἡγού-

328 1047 499 1102 μενοι.

394 1211 470 1267 Ζ’.
513 1213 783 1284 Σαμψαίοι
821 1213 916 1266 καὶ
946 1213 1270 1276 Ἐλκεσαῖοι,
1311 1211 1392 1265 ἐτι
1436 1210 1594 1284 δεῦρο
1631 1211 1728 1284 τὴν
1761 1214 1920 1284 Ἀρα-

327 1304 448 1358 ϐίαν
474 1304 872 1370 κατοικοῦντες,
899 1302 1244 1374 καθύπερθεν
1258 1304 1356 1374 τῆς
1381 1303 1648 1375 Ἐρυθρᾶς
1674 1305 1692 1335 ί
1728 1304 1920 1360 θαλάσ-

329 1411 429 1466 σης
461 1394 727 1467 κειμένην
755 1393 959 1465 χώραν.
999 1394 1066 1447 Οἵ
1103 1410 1250 1456 τινες
1291 1393 1399 1448 ἀπὸ
1427 1394 1740 1447 Ἐλκεσαίου
1772 1396 1917 1460 τινὸς

325 1487 773 1558 ψευδοπροφήτου
804 1486 1177 1558 ἠπατημένον
1214 1481 1276 1542 οὗ
1305 1486 1385 1539 ἔτι
1417 1485 1576 1559 δεῦρο
1609 1489 1674 1541 ἐκ
1698 1485 1794 1540 τοῦ
1822 1487 1917 1557 γέ-

327 1595 451 1642 νους
489 1579 700 1649 ὑπῆρχε
725 1576 982 1648 Μαρθοὺς
1005 1579 1100 1630 καὶ
1130 1577 1380 1650 Μαρθίνη
1406 1577 1534 1648 (55),
1546 1580 1798 1646 γυναῖκες
1826 1577 1918 1631 δύο

329 1667 806 1738 προσκυνούμεναι
851 1666 956 1720 ὑπὸ
1002 1667 1102 1737 τῆς
1140 1667 1402 1738 αἱρέσεως
1436 1669 1510 1732 ὼς
1548 1668 1708 1734 θεῖαι,
1743 1687 1921 1742 παρα-

327 1759 578 1830 πλησίως
603 1762 722 1823 τοῖς
751 1759 1087 1823 Ἐϐιωναίοις
1117 1759 1294 1812 πάντα
1316 1759 1548 1830 ἔχοντες.

2022 575 2370 645 profitentur.
2420 576 2562 630 Nudi
2611 576 2814 647 quippe.
2848 575 3042 646 quales
3085 591 3152 630 ex
3207 582 3365 630 utero
3413 578 3607 632 matris

2019 669 2228 738 egressi
2274 678 2420 731 sunt,
2470 669 2575 723 viri
2609 669 2832 740 perinde
2865 683 2928 724 ac
2959 668 3219 724 mulieres
3247 671 3608 735 conveniunt.

2019 769 2183 828 atque
2211 758 2284 814 ita
2326 760 2652 814 lectionibus
2697 769 2752 814 et
2786 761 3132 814 orationibus
3173 775 3239 816 ac
3272 762 3490 818 caeteris
3521 777 3607 818 re-

2019 851 2237 922 ligionis
2259 852 2456 908 olliciis
2484 853 2806 925 funguntur,
2837 863 2888 908 et
2915 854 3166 910 videlicet
3207 855 3604 911 monachorum

1969 971 1971 973 ι
2018 959 2082 998 ac
2137 946 2536 1000 continentium
2599 946 2830 1016 1128
2889 946 3135 1001 instituta
3175 955 3477 1013 sectantur,
3511 962 3609 1002 nu-

2015 1035 2266 1106 ptiasque
2292 1036 2700 1101 condemnant;
2739 1035 3036 1092 Ecclesiam
3087 1051 3218 1092 vero
3249 1052 3407 1094 suam
3444 1049 3606 1109 para-

2015 1126 2196 1182 disum
2233 1137 2575 1198 nuncupant.

2085 1217 2198 1272 VII.
2260 1218 2526 1290 Sampsaai
2583 1220 2698 1276 sive
2752 1219 2976 1276 Elcesaei
3021 1221 3089 1275 ad
3145 1219 3290 1275 hanc
3342 1219 3487 1275 diem
3547 1223 3604 1278 in

2017 1311 2219 1365 Arabia
2248 1311 2472 1382 degunt,
2509 1325 2672 1380 supra
2721 1309 2996 1364 Mortuum
3052 1325 3229 1375 mare,
3262 1308 3485 1365 Elceszei
3514 1325 3604 1365 cu-

2011 1401 2230 1473 jusdam
2267 1403 2754 1474 pseudopropheta:
2801 1403 3079 1473 discipuli.
3128 1401 3172 1455 E
3217 1402 3379 1472 cujus
3431 1403 3606 1473 stirpe

2018 1493 2264 1550 Marthns
2320 1503 2374 1549 et
2418 1494 2688 1549 Marthina
2744 1493 2963 1551 femina:
3017 1496 3140 1548 duae
3192 1500 3355 1550 aetate
3412 1503 3602 1550 nostra

2017 1587 2362 1656 prodierunt,
2399 1601 2539 1656 quas
2588 1586 2815 1640 dearum
2867 1587 3045 1641 instar
3090 1585 3319 1640 haeresis
3366 1584 3468 1640 ista
3515 1599 3605 1639 co-

2020 1676 2141 1730 luit.
2175 1675 2374 1731 Eadem
2416 1690 2582 1745 porro
2609 1690 2734 1730 cum
2763 1675 3037 1731 Ebiomeis
3061 1675 3286 1730 omnino
3333 1675 3599 1729 sentiunt.

397 1850 480 1903 H’.
513 1849 881 1913 Θεοδοτιανοὶ,
928 1849 1037 1903 ἀπὸ
1081 1848 1175 1902 τοῦ
1210 1850 1467 1904 Θεοδότου
1528 1850 1621 1904 τοῦ
1671 1851 1916 1915 σκυτέως

2096 1847 2228 1906 Vill.
2263 1849 2626 1906 Theodotiani
2653 1865 2685 1905 a
2710 1848 2996 1906 Theodoto
3035 1847 3273 1906 eoriario
3304 1846 3604 1920 Byzantina

326 1941 422 1994 τοῦ
483 1940 592 1994 ἀπὸ
646 1941 966 2007 Βυζαντίου.
1010 1935 1177 2006 Οὗτος
1232 1943 1292 1996 ἐν
1344 1943 1565 2015 παιδείᾳ
1631 1943 1916 2016 Ἑλληνικῇ

329 2033 554 2101 γέγονεν
603 2032 794 2104 ἄκρος,
855 2033 973 2105 ἅμα
1029 2034 1086 2086 δέ
1115 2033 1294 2099 ἄλλοις
1334 2033 1411 2086 ὢν
1447 2038 1504 2088 ἐν
1535 2035 1773 2106 ἡμέραις
1823 2035 1916 2088 τοῦ

329 2124 572 2196 διωγμοῦ
610 2124 746 2196 (36),
783 2124 942 2196 μόνος
965 2124 1239 2190 ἐκπεσὼν,
1261 2127 1356 2179 καὶ
1382 2127 1604 2181 ἐκείνων
1641 2144 1921 2199 μαρτυρη-

335 2216 561 2272 σάντων.
598 2215 698 2269 Διὰ
732 2215 793 2270 τὸ
825 2214 1196 2279 ὀνειδίζεσθαι,
1243 2217 1505 2288 ἐπενόησε
1546 2219 1724 2287 λέγειν
1765 2218 1920 2288 ψιλὸν

333 2305 618 2378 ἄνθρωπον
656 2307 748 2361 τὸν
777 2307 1032 2380 Χριστὸν,
1069 2308 1156 2361 ἵνα
1183 2307 1258 2380 μὴ
1284 2309 1388 2362 ὑπὸ
1422 2309 1674 2383 ἔγκλημα
1692 2311 1918 2382 γένηται

331 2401 462 2453 Θεὸν
493 2401 870 2472 ἀρνησάμενος
895 2400 1030 2471 (37),
1063 2399 1236 2464 οὕτως
1258 2400 1513 2467 ἐδίδαξεν.

400 2492 477 2546 Θθ.
511 2493 989 2564 Μελχισεδεκιανοὶ
1051 2493 1188 2563 (58).
1228 2495 1290 2547 Οἱ
1340 2493 1431 2546 τὸν
1462 2493 1795 2563 Μελχισεδὲκ
1829 2509 1919 2562 γε-

335 2585 628 2656 ραίροντες,
684 2584 805 2638 τινὰ
854 2585 1083 2656 δύναμιν
1125 2585 1289 2638 αὐτὸν
1328 2584 1652 2654 φάσκοντες,
1693 2585 1787 2638 καὶ
1840 2585 1917 2654 μὴ

330 2675 614 2747 ἄνθρωπον
658 2675 834 2746 ψιλὸν,
892 2677 988 2730 καὶ
1032 2679 1113 2740 εἰς
1166 2675 1229 2730 τὸ
1289 2676 1479 2729 τούτου
1531 2676 1700 2747 ὄνομα
1740 2677 1920 2729 πάντα

332 2770 555 2837 ἀνάγειν
584 2768 999 2839 τετολμηκότες.

402 2861 458 2912 I'.
488 2858 940 2930 Βαρδησανισταί.
969 2857 1321 2931 Βαρδησανῆς
1359 2848 1516 2920 οὗτος
1543 2858 1608 2910 ἐκ
1649 2856 1751 2926 τῆς
1796 2857 1914 2910 Με-

334 2947 671 3018 σοποταμίας
725 2948 971 3018 ὡρμᾶτο,
1032 2948 1101 3000 τὰ
1130 2945 1323 3018 πρῶτα
1368 2947 1467 3018 μὲν
1508 2947 1610 3016 τῆς
1659 2946 1918 3017 άληθινῆς

331 3037 568 3101 πίστεως
596 3037 855 3109 ὑπάρχων
876 3039 970 3091 καὶ
991 3039 1048 3089 ἐν
1077 3039 1237 3108 σοφίᾳ
1257 3037 1592 3108 διαπρέπων.
1634 3037 1918 3101 Ἐκκλίνας

330 3132 386 3184 δὲ
407 3135 507 3202 τῆς
525 3131 803 3200 ἀληθείας,
833 3131 1228 3203 παραπλησίως
1245 3129 1580 3201 Οὑαλεντίνῳ
1595 3130 1915 3203 ἐδογμάτισε

331 3224 499 3296 χωρὶς
532 3223 688 3277 ἐνίων
715 3217 790 3276 ὧν
818 3223 1132 3295 διαφέρεται
1164 3225 1301 3296 πρὸς
1336 3224 1710 3280 Οὐαλεντίνον.

404 3318 503 3370 ΙΑ’.
543 3317 854 3388 Νοητιανοί.
895 3317 1104 3387 Νοητὺς
1151 3310 1306 3381 οὗτος
1351 3316 1459 3370 ἀπὸ
1505 3315 1758 3388 Σμύρνης
1802 3316 1914 3388 (59)

332 3409 546 3482 ὑπῆρχε
596 3410 696 3480 τῆς
740 3411 945 3474 Ἀσίας.
996 3411 1109 3478 Ἐφ’
1161 3409 1367 3481 ἅρματι
1405 3413 1426 3442 ³
1456 3409 1512 3463 δὲ
1541 3409 1780 3481 ἐνεχθεὶς
1819 3411 1916 3465 σὺν

330 3505 510 3568 ἄλλοις
562 3507 762 3576 τρισὶν,
804 3502 1118 3574 Υῑοπάτορα
1145 3503 1257 3572 (40)
1301 3503 1393 3556 τὸν
1428 3503 1660 3574 Χριστὸν
1689 3502 1914 3570 ἐδίδαξε,

330 3599 419 3652 τὸν
447 3598 609 3652 αὐτὸν
641 3595 778 3650 εἶναι
824 3597 1047 3667 Πατέρα
1083 3597 1176 3648 καὶ
1207 3595 1334 3648 Υἱὸν
1362 3595 1456 3648 καὶ
1487 3594 1642 3662 ἆγιον
1666 3593 1912 3665 Πνεῦμα.

343 3692 562 3745 Ἑαυτὸν
591 3691 647 3744 δέ
680 3690 865 3758 ἔλεγεν
896 3684 1035 3742 εἶναι
1065 3688 1324 3755 Μωῦσέα,
1347 3688 1440 3742 καὶ
1469 3688 1661 3742 ἑαυτοῦ
1689 3689 1914 3760 ἀδελφὸν

331 3785 514 3852 ἔλεγεν
539 3779 676 3836 εἶναι
706 3783 796 3836 τὸν
841 3781 1073 3850 Ἀαρών.

402 3875 502 3928 IB’.
533 3875 844 3944 Οὑαλήσιοι.
879 3865 1060 3937 Οὗτοι,
1097 3873 1278 3937 καθὼς
1305 3874 1705 3946 ὑπειλήφαμεν,
1739 3875 1786 3927 οἱ
1816 3874 1914 3940 τὴν

334 3965 576 4021 Βάκαθον
615 3965 1028 4030 κατοικοῦντες,
1073 3966 1460 4038 μητροκωμίαν
1499 3966 1599 4037 τῆς
1659 3968 1916 4038 ’Δραϐίας

332 4060 432 4129 τῆς
455 4058 830 4126 Φιλαδελφίας,
875 4058 924 4111 οἳ
963 4061 1086 4122 τοὺς
1116 4060 1636 4131 παρατυγχάνοντας
1671 4059 1765 4113 καὶ
1796 4061 1916 4112 ἐπι-

333 4149 654 4220 ξενομένους
697 4150 830 4219 παρ’
871 4151 1050 4213 αὐτοῖς
1085 4150 1483 4220 εὐνουχίζουσιν
1504 4169 1516 4180 ·
1535 4152 1584 4204 οἱ
1615 4151 1832 4214 πλείους
1859 4151 1915 4204 δὲ

335 4242 427 4296 καὶ
476 4241 654 4294 αὐτῶν
709 4239 954 4310 εὐνοῦχοί
995 4242 1132 4294 εἰσιν
1177 4237 1638 4312 ἀποτετμημένοι.
1677 4243 1814 4296 Τινὰ
1857 4242 1914 4295 δέ

332 4338 494 4407 ἔτερα
553 4336 890 4390 διδάσκουσιν
946 4335 1210 4408 αἱρέσεων
1228 4336 1270 4397 ³,
1301 4339 1358 4389 ἐν
1385 4339 1450 4407 τῇ
1475 4335 1687 4410 Παλαιᾷ
1723 4337 1915 4407 ἀφανί-

337 4432 520 4494 ζοντες
557 4428 648 4481 τὸν
681 4427 841 4497 νόμον
869 4427 961 4480 καὶ
994 4429 1120 4491 τοὺς
1159 4429 1463 4499 προφήτας,
1494 4429 1585 4482 καί
1608 4446 1757 4495 τινας
1798 4430 1916 4484 ἐτέ-

335 4539 434 4593 ρας
458 4519 846 4592 αἰσχρουργίας
875 4519 1350 4590 παρεισφέροντες.

2023 1942 2175 2010 dicti,
2221 1944 2316 2015 qui
2363 1942 2566 1999 Graecis
2599 1943 2812 1999 artibus
2860 1943 3106 2013 apprime
3155 1941 3260 1997 fuit
3291 1941 3600 1996 institutus.

2023 2033 2123 2090 llic
2155 2052 2280 2091 eum
2323 2035 2448 2090 aliis
2482 2035 2811 2105 quibusdam
2856 2034 2909 2088 in
2941 2049 3005 2090 ea
3035 2049 3157 2104 quae
3199 2043 3312 2087 tum
3346 2031 3603 2088 saeviebat

2023 2126 2406 2196 persecutione
2438 2125 2892 2195 comprehensus,
2935 2140 3062 2180 cum
3092 2123 3230 2180 socii
3261 2123 3382 2194 ejus
3413 2137 3604 2177 omnes

2021 2220 2344 2290 martyrium
2367 2219 2656 2281 obiissent,
2681 2217 2835 2273 solus
2860 2216 3019 2272 Iidem
3045 2214 3300 2287 ejuravit.
3327 2215 3409 2270 Ob
3440 2215 3604 2285 idque

2019 2311 2238 2382 probris
2271 2312 2564 2383 appetitus,
2613 2311 2667 2366 id
2715 2311 3140 2382 exeogitavil,ut
3172 2309 3450 2365 Christum
3499 2325 3599 2364 nu-

2020 2403 2150 2458 dum
2183 2419 2308 2459 esse
2340 2404 2616 2459 hominem
2646 2411 2941 2467 assereret,
2969 2419 3038 2458 ne
3067 2401 3287 2456 crimini
3318 2402 3423 2458 sibi
3453 2401 3600 2457 istud

2019 2496 2502 2567 verteretur,qnod
2537 2497 2658 2567 eius
2689 2496 3032 2552 divinitatem
3074 2503 3348 2566 negasset.

2091 2588 2184 2642 IX.
2246 2588 2743 2654 Melchisedeciani,
2797 2588 3252 2643 Mclehisedeeum
3312 2587 3388 2641 ita
3437 2603 3600 2644 vene-

2019 2691 2237 2745 rantur,
2285 2689 2343 2736 ut
2377 2682 2636 2735 virtutem
2683 2696 2806 2736 esse
2859 2681 3154 2750 quamdam
3184 2679 3458 2749 jactitent.
3493 2695 3600 2735 non

2021 2772 2295 2828 hominem
2328 2773 2612 2836 duntaxat,
2653 2781 2706 2828 et
2747 2773 2816 2828 ad
2849 2773 2970 2843 ejus
3003 2786 3203 2828 nomen
3237 2772 3443 2828 referre
3474 2774 3598 2826 uni-

2021 2878 2176 2918 versa
2208 2879 2314 2937 non
2350 2864 2621 2919 dubitent.

2090 2952 2159 3008 Χ.
2201 2953 2618 3010 Bardesanistae.
2685 2953 3023 3009 Bardesanes
3062 2952 3167 3008 iste
3207 2966 3242 3009 e
3296 2949 3602 3022 Mesopota-

2021 3045 2128 3098 mia
2176 3045 2464 3109 oriundus,
2515 3045 2785 3100 sinceram
2845 3044 3002 3098 Iidem
3067 3043 3223 3099 initio
3280 3047 3599 3114 complexus

2019 3145 2103 3192 est
2141 3153 2204 3193 ac
2268 3138 2535 3208 sapientia
2587 3138 2859 3208 prmstitit.
2917 3135 3023 3191 Sed
3058 3152 3089 3190 a
3139 3138 3370 3192 veritate
3402 3146 3588 3208 postea

2020 3231 2322 3294 recedens,
2373 3229 2562 3286 eadem
2627 3245 2747 3284 cum
2814 3229 3100 3283 Valentino
3164 3227 3352 3284 docuit
3398 3243 3592 3302 praeter

2021 3339 2194 3394 pauca
2223 3324 2492 3392 quaedam,
2525 3321 2594 3394 in
2616 3321 2815 3392 quibus
2847 3321 2917 3376 ab
2945 3322 3038 3376 illo
3075 3321 3367 3390 discrepat.

2087 3412 2179 3466 XI.
2222 3413 2496 3470 Noetiani.
2546 3410 2753 3467 Noetus
2803 3411 2892 3466 hic
2948 3408 3301 3482 Smyrnensis
3349 3425 3414 3464 ex
3469 3409 3599 3466 Asia

2020 3505 2138 3559 fuit.
2181 3504 2284 3571 Qui
2325 3505 2379 3558 in
2417 3505 2585 3558 altum
2615 3504 2864 3559 sublatus
2902 3517 3026 3557 cum
3057 3502 3179 3559 aliis
3209 3501 3406 3564 tribus,
3434 3499 3602 3557 Filio-

2018 3605 2226 3667 patrem
2272 3612 2518 3651 asserere
2564 3596 2842 3650 Christum
2873 3610 3041 3650 ausus
3089 3602 3194 3658 est,
3242 3593 3600 3662 eamdemque

2017 3689 2233 3743 Patrem
2269 3704 2333 3742 ac
2364 3687 2562 3741 Filium
2593 3696 2641 3742 et
2688 3686 2954 3757 Spiritum
2991 3695 3242 3742 sanctum
3275 3697 3398 3740 es5e
3435 3683 3600 3754 protl-

2018 3783 2140 3836 teri.
2181 3782 2250 3836 Se
2279 3795 2404 3834 esse
2435 3778 2691 3850 Moysen),
2715 3787 2766 3832 et
2799 3779 3019 3832 fratrem
3069 3793 3226 3833 suum
3257 3791 3382 3832 esse
3428 3777 3600 3831 Aaro-

2017 3889 2140 3928 nem
2171 3873 2408 3926 dicebat.

2086 3963 2202 4018 XII.
2245 3961 2469 4018 V'al‘esii.
2496 3959 2581 4027 Ili,
2615 3966 2879 4030 quantum
2923 3956 3192 4027 suspicor,
3234 3955 3458 4011 Bacathi
3498 3955 3598 4010 ha-

2017 4056 2358 4124 bitant,.qui
2397 4061 2482 4109 est
2509 4051 2727 4105 Arabiae
2768 4047 3258 4118 Philadelphiensis
3306 4049 3597 4118 primarius

2019 4150 2197 4204 vicus.
2230 4147 2394 4202 Iidem
2433 4145 2755 4198 accedentes
2783 4141 2848 4195 ad
2872 4156 2993 4196 sese
3018 4148 3263 4195 castrare
3283 4141 3480 4204 solent,
3532 4153 3598 4193 ac

2019 4241 2265 4312 plerique
2302 4240 2441 4293 inter
2472 4237 2596 4292 illos
2626 4234 2862 4290 eunuchi
2889 4241 3017 4288 sunt
3045 4241 3098 4288 et
3124 4233 3352 4290 exsecti.
3383 4231 3598 4287 Habent

2017 4343 2072 4392 et
2102 4336 2207 4388 alia
2242 4335 2488 4403 quaedam
2523 4329 2728 4385 erroris
2762 4325 3077 4398 plenissima
3101 4323 3353 4396 dogmata
3386 4347 3399 4382 :
3434 4337 3597 4397 atque

2018 4427 2161 4482 inter
2205 4427 2307 4480 alia
2359 4426 2532 4494 legem
2565 4437 2629 4476 ac
2669 4419 2964 4490 prOphetas
2992 4417 3272 4487 rejiciunt,
3317 4427 3596 4489 postremo

1930 4519 1988 4579 Δ)
2019 4517 2284 4591 quasdam
2317 4517 2386 4572 ad
2426 4517 2515 4570 illa
2556 4513 2827 4570 fmditates
2852 4511 3136 4582 adjiciunt.

371 4704 386 4734 ¹
431 4703 490 4760 ι..
521 4721 560 4767 ι,
598 4704 818 4777 νεκρᾶς..
885 4705 904 4734 ¹
926 4698 1054 4753 For.
1085 4697 1384 4768 ἐπάρματι.
1457 4697 1477 4728 ³
1503 4697 1631 4752 Cor.
1663 4698 1876 4770 ἔμπλεα
1897 4714 1960 4754 ex
1987 4697 2022 4752 l.
2058 4715 2094 4752 ι.

407 4886 517 4957 ('55)
555 4885 832 4957 Μαρθοὺς
877 4881 1321 4957 xal_'1l_lapdlifn.
1367 4881 1440 4957 De
1492 4881 1706 4957 duabus
1764 4879 1917 4957 hisce

333 4950 795 5014 mulieribus—vide
825 4969 948 5022 qua:
981 4952 1142 5006 habet
1172 4951 1506 5022 Epiphanius
1555 4951 1609 5005 in
1652 4950 1916 5012 Panario,

336 5045 485 5083 num.
517 5030 570 5090 l,
1113 5093 1139 5099 _
1206 5092 1228 5099 _
1423 5091 1449 5099 _
1551 5087 1595 5099 ..,
1793 5087 1804 5099 .

403 5099 512 5167 (56)
560 5087 680 5167 ’ῘΕπ
731 5093 992 5167 ἡμέραις
1037 5091 1473 5167 τοῦ-διωγμοῦ.
1551 5087 1916 5167 Temporibus

335 5159 526 5239 nempe
549 5159 789 5239 Victoris
813 5159 1083 5234 pontificis
1108 5163 1173 5217 ad
1197 5159 1356 5215 linem
1386 5168 1641 5232 vergente
1670 5159 1916 5214 secundo

335 5237 596 5294 Ecclesiae
626 5237 846 5290 saeculo.

407 5311 518 5380 (ὅτι)
561 5307 710 5380 Θεὸν
736 5303 1178 5380 ἀρνησάμενος,
1227 5301 1370 5380 quod
1415 5299 1590 5380 Deum
1637 5305 1910 5380 negasset.

335 5370 546 5449 Lapsus
589 5378 734 5432 enim
772 5370 837 5429 in
877 5370 1281 5449 persecutione,
1311 5371 1492 5449 justas
1534 5370 1909 5449 exprobratio-

335 5439 433 5506 ιιεέ
470 5457 529 5504 ιιι
548 5449 784 5504 elevaret
807 5439 1280 5511 submoveretque,
1301 5441 1518 5511 dicebat
1545 5456 1603 5495 se
1626 5439 1909 5511 Christum

373 5537 531 5574 urum
584 5518 860 5584 hominem
906 5507 1231 5584 negavisse,
1280 5527 1388 5565 non
1448 5510 1638 5566 Deum.
1696 5507 1908 5564 Videsis

373 5539 531 5574 tll'llln
584 5539 860 5573 hominem
906 5539 1224 5583 ucguvraac,

334 5539 535 5645 Euseb.
570 5593 640 5644 Η.
672 5605 719 5642 e.
754 5582 846 5640 lib.
877 5602 930 5647 ν,
962 5578 1137 5652 capite
1169 5581 1259 5652 28.

405 5661 520 5733 (38)
557 5650 1088 5733 Μελχισεδεκιανὸὶ
1133 5650 1472 5733 {Theodoto
1496 5650 1904 5733 institutitmqn

337 5719 430 5787 illo
462 5719 724 5802 quidem:
746 5728 816 5802 _de
841 5740 951 5802 quo
976 5739 1104 5802 mox
1133 5722 1381 5802 diettini._
1415 5720 1509 5802 sed
1559 5719 1702 5775 illius
1736 5720 1906 5800 disci-

339 5792 594 5873 pulo'qui
639 5792 980 5871 professione
1007 5794 1282 5863 Tmprzita
1331 5792 1648 5857 dicebatur;
1698 5792 1904 5861 quiquo

2019 4876 2369 4946 praeceptoris
2396 4862 3279 4946 suiblaSpliemia:addiditnjnxta
3312 4865 3589 4946 auctorem

2016 4934 2348 5016 Appian-dicis
2383 4945 2448 4998 ad
2491 4934 3045 5016 Tertulli_ani_l_ihrum
3084 4934 3160 4987 De
3184 4934 3594 5016 antescriplionif

2015 5003 2124 5080 luis;
2159 5019 2338 5085 capite
2403 5014 2631 5085 ultimo,
2683 5003 3419 5085 M_elchiscdecum_Christ.o
3469 5010 3596 5080 esse

2015 5069 2473 5156 praistar'itiorem.
2535 5069 2669 5136 Vide
2716 5079 2998 5134 Petavium
3047 5073 3114 5127 ad
3163 5073 3311 5127 hunc
3364 5069 3594 5123 Panarii

2242 5227 2300 5294 Ἀ
2310 5223 2388 5277 πὸ
2438 5223 2735 5294 Σμίρνη-ς.
2752 5290 2761 5294 _
2778 5206 3593 5294 Smyrnaeum“facit'etnTbeo-

2011 5277 2240 5351 doritus.
2258 5277 2641 5350 Verum'idem
2665 5277 3004 5362 Epiphanius
3026 5284 3081 5337 in
3105 5282 3342 5336 Panario
3363 5277 3591 5334 Noetum

2009 5367 2216 5438 fecerat
2253 5364 2567 5438 Ephesium.
2604 5430 2639 5438 _7
2723 5363 2725 5365 ’
2927 5423 3023 5438 .....
3180 5425 3192 5437 -

2084 5419 2206 5507 ιιογ
2238 5419 2583 5507 Υὼπάτρρα.
2604 5430 2821 5507 Patrem
2846 5423 3120 5507 aprilium
3148 5423 3329 5507 simul,
3343 5419 3459 5507 lio};
3479 5426 3593 5507 εει,

2009 5488 2262 5562 eumdem
2287 5488 2418 5560 esse
2467 5488 2680 5556 patrem
2729 5499 2822 5569 qui
2867 5506 2921 5552 et
2969 5494 3139 5549 Filius
3195 5501 3297 5548 est.
3339 5488 3594 5572 Petavius

2007 5558 2511 5632 iocis‘villiusﬂnee
2567 5558 2788 5627 sensum
2828 5575 3137 5637 assecutus,
3183 5578 3284 5637 nec
3331 5560 3398 5614 ad
3439 5558 3593 5637 Νοριὶ

2005 5631 2240 5702 mentem
2295 5647 2606 5704 advertens,
2644 5640 2890 5693 eannlem
2922 5635 3156 5691 reddidit
3207 5634 3358 5689 hisce
3389 5631 3586 5694 verbis.

2004 5717 2155 5772 Patri
2185 5716 2346 5770 filium
2387 5729 2614 5770 asserere
2643 5710 2908 5766 Christum
2942 5723 3104 5760 ausus
3132 5712 3232 5759 θεῖ.
