4118 6402
539 376 649 434 867

1949 373 2005 430 S.
2052 373 2392 432 EPIPHANII

3690 376 3806 432 868

613 485 750 543 Χ111.
791 487 1038 544 Cathari.
1093 487 1362 544 Novatum
1417 488 1723 544 Romanum
1768 491 1940 543 secuti
1973 499 2118 546 sunt.

2296 491 2394 543 ll".
2455 488 2723 560 Καθαροὶ,
2766 489 2815 540 οἱ
2877 489 2991 558 ἅμα
3045 488 3280 558 Ναδάτῳ
3323 489 3683 557 συναφθέντες

545 579 610 635 [Ii
640 581 888 650 digamos
933 581 1152 650 penitus
1179 581 1553 652 proscribunt,
1589 581 1967 651 pmnitentiam
2011 596 2120 636 non

543 671 866 727 admittunt.

618 759 834 829 1129
871 757 1010 814 XIV.
1053 760 1318 831 Angelici.
1366 760 1430 816 Ili
1474 778 1746 834 nusquam
1779 763 1942 818 hodie
1968 778 2123 834 repe-

542 849 782 903 riuntur.
823 850 1070 920 Angelici
1115 867 1245 906 vero
1294 853 1507 909 ordinis
1541 871 1599 910 se
1626 871 1750 911 esse
1793 855 2124 926 profiteban-

545 952 652 1005 tur,
693 942 855 1012 idque
887 945 1107 998 nomine
1136 944 1255 1015 ipso
1284 945 1665 1016 praeferebant.

615 1031 729 1086 XV.
771 1032 1093 1102 Apostolici,
1119 1036 1212 1105 qui
1248 1045 1301 1090 et
1337 1037 1644 1105 Apotactici
1677 1038 1791 1094 sive
1821 1038 2125 1096 Renuntia-

2234 578 2504 648 Ῥωμαίῳ.
2538 579 2647 631 Καὶ
2672 578 2797 642 τοὺς
2819 577 3084 647 διγάμους
3117 576 3394 640 παντελῶς
3424 576 3805 648 ἀποϐαλλόμε-

2222 687 2322 735 νοι,
2354 670 2445 722 καὶ
2480 669 2765 739 μετάνοιαν
2799 667 2872 739 μὴ
2901 669 3197 738 δεχόμενοι.

2295 763 2392 814 1Δ’.
2453 760 2775 828 ’Δγγελικοί.
2836 754 2995 812 Οὗτοι
3045 757 3324 821 παντελῶς
3369 757 3632 824 ἐξέλιπον.
3689 756 3810 810 Αὐ-

2223 853 2444 922 χοῦντες
2467 852 2523 904 δὲ
2547 848 2685 922 ἦσαν
2717 850 3011 922 ἀγγελικὴν
3039 849 3191 916 τάξιν
3213 849 3378 920 ἔχειν,
3410 854 3441 925 ἧ
3470 848 3560 902 διὰ
3579 848 3640 901 τὸ
3673 848 3810 915 Ἀγ-

2224 943 2414 1013 γέλους
2443 941 2904 1013 προσκεκλῆσθαι.

2295 1037 2396 1090 IE'.
2446 1033 2835 1093 ’Λποστολικοὶ,
2870 1034 2918 1086 oi
2958 1033 3050 1086 ml.
3096 1033 3596 1100 ‘Arrorax'rtxol,xa.'t
3643 1031 3814 1085 αὐτοὶ

543 1130 713 1190 tores,
744 1124 799 1178 in
827 1123 1032 1180 Pisidia
1070 1127 1443 1182 inveniuntur.
1481 1127 1544 1182 lli
1581 1129 1730 1185 solos
1766 1131 1888 1186 illos
1924 1133 2126 1188 admit-

2235 1128 2354 1199 περὶ
2389 1126 2652 1188 Πισιδίαν,
2693 1126 2848 1194 μόνον
2886 1125 3309 1188 Ἀποτακτικοὺς
3335 1125 3647 1196 δεχόμενοι,
3674 1123 3812 1176 καθ’

545 1222 689 1280 tunt,
719 1216 812 1286 qui
852 1232 912 1272 se
939 1216 1098 1272 bonis
1126 1219 1382 1274 omnibus
1413 1220 1810 1278 abdicaverint.
1855 1223 2122 1280 Caaterum

2235 1215 2451 1278 ἑαυτοὺς
2479 1215 2536 1266 δὲ
2566 1214 2869 1284 εὐχόμενοι,
2898 1213 3406 1285 παραπλησιάζουσι
3441 1214 3497 1265 δὲ
3521 1216 3633 1276 τοῖς
3672 1212 3814 1279 Ἐγ-

548 1309 954 1365 Encratitarum
993 1311 1202 1367 similes
1232 1321 1382 1378 sunt,
1411 1314 1513 1368 etsi
1542 1315 1761 1371 diversa
1783 1319 2032 1388 quaedam
2058 1320 2126 1376 ab

2235 1307 2532 1379 κρατίταις.
2574 1303 2774 1368 Ἀλλας
2813 1303 2869 1357 δὲ
2917 1306 3046 1375 παρ’
3087 1304 3284 1366 αὐτοὺς
3317 1302 3600 1374 φρονοῦσιν
3644 1304 3816 1374 αἱρέ-

545 1400 654 1456 illis
683 1407 950 1456 statuunt.

618 1489 757 1545 XVI.
803 1491 1098 1546 Sabelliani
1132 1507 1258 1547 cum
1291 1491 1570 1549 Noetianis
1616 1488 1671 1549 in
1708 1496 1962 1552 omnibus
1997 1513 2125 1567 pro-

2229 1415 2357 1461 σεις.

2297 1483 2797 1552 ΙςἏΣαόελλιανοὶ,
2850 1490 2897 1542 οί
2931 1487 3000 1541 τὰ
3041 1489 3202 1558 ὅμοια
3235 1489 3474 1559 ἀνοήτως
3499 1487 3515 1517 ¹
3547 1483 3815 1550 δοξάζον-

549 1584 838 1652 pemodum
883 1585 1272 1650 consentiunt,
1323 1587 1428 1642 nisi
1472 1587 1616 1657 quod
1674 1587 1888 1644 Putrem
1948 1591 2126 1660 ipsum

2235 1598 2335 1644 τες,
2368 1581 2516 1652 παρὰ
2542 1580 2700 1634 τοῦτο
2749 1581 2936 1652 μόνον·
2973 1581 3190 1649 λέγουσι
3236 1581 3342 1652 γὰρ
3375 1580 3448 1651 μὴ
3477 1578 3816 1632 πεπονθέναι

445 1687 448 1690 ’
549 1680 750 1741 negant
776 1687 898 1727 CSSC
927 1687 1174 1742 passum.

622 1760 781 1819 XVII.
840 1761 1153 1833 Origeniani
1198 1779 1228 1818 a
1277 1766 1512 1835 quodam
1587 1765 1819 1838 Origene
1873 1768 2121 1824 derivati.

2227 1672 2320 1724 τὸν
2353 1672 2570 1744 Πατέρα
2609 1672 2743 1743 (41).

2298 1722 2790 1834 ίΖῐλΠριγεὶν-ιανοί
2839 1781 2985 1827 τινος
3039 1722 3534 1836 Ὠριγένους·(62),
3583 1764 3820 1833 αἰσχρο-

445 1872 450 1876 ’
550 1852 874 1924 Turpissimi
913 1832 1004 1910 ἱειί
1035 1864 1204 1920 sunt,
1248 1832 1312 1910 ac
1353 1855 1616 1910 nefariam
1649 1832 1711 1912 et
1735 1868 2122 1928 praaposterain

2235 1857 2375 1909 ποιοὶ
2405 1856 2461 1910 δὲ
2487 1852 2632 1910 οὗτοί
2653 1859 2809 1921 εἰσιν,
2837 1855 3346 1928 ἀρρητοποιοῦντες,
3376 1855 3463 1908 καὶ
3498 1855 3564 1907 τά
3595 1854 3816 1907 ἑαυτῶν

550 1950 828 2005 libidinem
857 1957 1134 2014 exercent,
1165 1965 1374 2019 suaque
1403 1965 1635 2020 corpora
1668 1961 2048 2022 corrumpunt.

621 2041 816 2096 XVIII.
873 2042 1188 2113 Origeniaui
1257 2042 1350 2096 alii
1403 2042 1473 2096 ab
1519 2043 1751 2113 Origene
1799 2043 2126 2098 Adamantio

553 2135 853 2207 Scriptore.
893 2135 954 2188 lli
1008 2144 1349 2188 mortuorum
1401 2135 1860 2190 resurrectionem
1906 2145 2126 2206 negant.

551 2226 685 2282 Tam
731 2227 1008 2282 Christum
1041 2242 1203 2297 quam
1247 2226 1511 2296 Spiritum
1543 2235 1792 2281 sanctum
1827 2229 2028 2283 creatis
2071 2229 2126 2283 in

552 2319 718 2373 rebus
771 2325 1081 2382 numerant,
1136 2318 1448 2387 paradisum
1497 2331 1562 2370 ac
1615 2318 2128 2386 cwlos,cmteraque

551 2408 736 2464 omnia
769 2407 836 2461 ad
874 2408 1159 2476 allegorias
1207 2405 1470 2471 referunt,
1503 2405 1706 2462 Christi
1746 2420 1972 2476 regnum
2013 2416 2126 2462 ter-

554 2497 873 2552 minandum
901 2512 1023 2553 esse
1058 2497 1275 2552 docent.

629 2587 904 2644 Hactenus
933 2587 1064 2642 tomi
1104 2587 1266 2657 primi
1288 2587 1410 2642 libri
1451 2603 1490 2641 ιι
1525 2585 1760 2643 ιιωτεεεε
1793 2604 1948 2642 xviii.

2233 1947 2461 2019 σώματα
2495 1950 2671 2020 φθορᾷ
2695 1949 3099 2019 παραδιδόντες.

2304 2040 2409 2093 lll'.
2465 2041 2820 2110 Ὠριγενιανοὶ
2881 2039 3026 2094 ἄλλοι
3059 2038 3151 2092 τοῦ
3182 2038 3274 2092 καὶ
3331 2037 3665 2108 Ἀδάμαντος
3710 2035 3817 2089 τοῦ

2233 2131 2620 2195 Συντακτικοῦ,
2655 2132 2704 2183 oi
2735 2131 2833 2202 τὴν
2861 2131 2968 2185 τῶν
3002 2130 3210 2202 νεκρῶν
3243 2130 3537 2184 ἀνάστασιν
3563 2128 3818 2182 ἀποϐαλ-

2233 2220 2469 2290 λόμενοι.
2518 2221 2753 2291 Χριστὸν
2809 2221 2865 2274 δὲ
2917 2221 3122 2291 κτίσμα
3175 2221 3268 2274 καὶ
3297 2219 3358 2272 τὸ
3385 2218 3538 2286 ἆγιον
3580 2219 3819 2288 Πνεῦμα

2234 2313 2636 2386 εἰσηγούμενοι,
2701 2314 3030 2385 παράδεισον
3067 2313 3123 2366 δὲ
3163 2313 3256 2366 καὶ
3308 2309 3568 2382 οὐρανοὺς
3605 2310 3699 2362 καὶ
3739 2309 3826 2363 τὰ

2233 2405 2367 2458 ἄλλα
2402 2405 2577 2460 πάντα
2605 2403 3158 2476 ἁλληγοροῦντες,καὶ
3187 2403 3340 2466 τέλος
3379 2403 3522 2470 ἕξειν
3547 2401 3646 2473 τὴν
3671 2403 3826 2472 Χρι-

2235 2493 2359 2547 στοῦ
2387 2494 2662 2565 βασιλείαν
2693 2496 2930 2565 τολμῶσι
2962 2495 3162 2562 λέγειν.

2300 2579 2467 2638 Αὗται
2527 2585 2689 2638 πάλιν
2748 2583 2802 2638 αἱ
2856 2583 3129 2638 δεκαοκτὼ
3173 2584 3434 2654 αἱρέσεις,
3478 2581 3570 2636 καὶ
3622 2582 3682 2634 ἐν
3726 2582 3822 2653 τῷ

2234 2677 2435 2750 πρώτῳ
2466 2681 2618 2750 τόμῳ
2633 2679 2724 2733 τοῦ
2745 2679 2997 2750 δευτέρου
3031 2677 3257 2750 βιϐλίου.

1649 2783 2036 2848 ΗᾹΞΠΕΞΕΞ
2077 2786 2279 2852 ΤΟΜΙ
2307 2792 2360 2856 ll
2397 2793 2602 2854 LIBRI
2656 2793 2737 2853 ll.

626 2909 688 2967 In
717 2907 958 2967 secundo
985 2923 1115 2963 vero
1149 2915 1296 2962 tomo
1340 2906 1467 2962 libri
1515 2921 1551 2960 ll
1599 2907 1693 2976 qui
1731 2917 2000 2962 tomorum
2045 2923 2135 2963 or-

2315 2915 2403 2968 Ἐν
2451 2915 2507 2968 δὲ
2573 2914 2650 2985 τῷ
2693 2914 2929 2985 δευτέρῳ
2990 2911 3142 2983 τόμῳ
3202 2910 3296 2964 τοῦ
3356 2908 3521 2964 αὐτοῦ
3575 2908 3817 2979 βιϐλίου,

557 3002 686 3058 dine
712 3019 745 3058 ν
773 3011 878 3067 est,
915 3001 1150 3058 hereses
1197 3015 1232 3054 v
1273 2997 1814 3071 comprehenduntur
1837 3037 1854 3066 ,
1897 2999 2000 3056 hoc
2037 3016 2130 3056 or-

2235 3005 2466 3076 πέμπτῳ
2483 3005 2539 3059 δὲ
2562 3005 2675 3058 ὄντι
2692 3006 2830 3058 κατὰ
2852 3005 2942 3058 τὸν
2960 3003 3356 3076 προειρημένον
3377 3001 3626 3074 ἀριθμὸν,
3644 2995 3820 3055 αὗταί

557 3093 721 3148 dine:

627 3185 672 3240 ι.
710 3181 866 3237 Pauli
912 3179 1274 3244 Samosateni,
1305 3182 1401 3250 qui
1443 3179 1747 3235 Antiochiae
1777 3194 1984 3252 magnae
2017 3182 2132 3252 epi-

557 3289 761 3346 scopus
791 3273 910 3328 fuit.
950 3271 1049 3327 Hic
1093 3271 1488 3343 propemodum
1521 3287 1630 3326 non
1671 3271 1939 3327 exsistere
1976 3273 2136 3327 Chri-

557 3374 705 3422 stum
733 3364 984 3427 afﬁrmat,
1029 3370 1192 3432 atque
1223 3361 1493 3430 ejusmodi
1538 3359 1776 3417 Verbum
1819 3377 1940 3419 esse
1956 3357 2133 3426 lingit,

558 3456 705 3528 quod
739 3456 794 3510 in
819 3453 1127 3525 prolatione
1154 3452 1409 3508 consistit
1433 3470 1447 3507 :
1477 3451 1728 3508 eumdem
1760 3467 1924 3523 porro
1951 3469 2077 3510 esse
2101 3470 2132 3508 a

559 3545 728 3600 Maria
761 3544 1016 3614 cmpisse.
1051 3544 1130 3596 Ac
1159 3557 1279 3612 quae
1311 3543 1485 3597 sacris
1508 3543 1564 3595 in
1592 3541 1807 3598 Litteris
1833 3543 1900 3598 de
1924 3560 1990 3600 eo
2013 3560 2136 3615 pro-

558 3639 804 3694 nuntiata
848 3644 1000 3701 sunt,
1051 3635 1396 3706 praedicenlis
1444 3652 1566 3692 esse
1616 3652 1766 3692 more
1802 3637 1966 3702 dicta,
2009 3654 2132 3692 cum

556 3730 676 3799 ipse
703 3727 945 3783 nonduin
979 3728 1288 3791 exsisteret,
1333 3726 1427 3781 sed
1460 3741 1490 3780 a
1521 3726 1712 3792 Maria,
1747 3728 1826 3783 uti
1860 3729 2130 3793 diximus,

557 3829 613 3878 et
641 3821 709 3875 ab
735 3834 800 3875 eo
831 3819 1099 3875 duntaxat
1133 3829 1378 3888 tempore
1403 3834 1512 3889 quo
1538 3835 1701 3875 carne
1734 3821 1999 3890 praeditus
2027 3821 2126 3874 ad-

557 3913 728 3977 venit,
763 3927 888 3967 esse
917 3911 1168 3982 coeperit.

627 4005 692 4061 ll.
735 4005 1038 4072 Maniclmi,
1082 4022 1220 4076 quos
1261 4013 1315 4062 et
1360 4006 1654 4062 Aeuanitas
1701 4015 1921 4070 vocant,
1962 4006 2135 4064 Manis

555 4095 738 4152 Persae
762 4097 1041 4168 discipuli,
1069 4098 1348 4154 Christum
1377 4098 1559 4168 specie
1593 4107 1755 4153 tenus
1787 4098 2131 4168 profitentur,

557 4191 728 4246 solem
759 4190 1053 4259 lunamque
1073 4199 1420 4245 venerantur.
1453 4189 1634 4246 Stellis
1659 4206 1723 4245 ac
1748 4191 2046 4247 virtutibus
2079 4201 2134 4247 et

557 4282 898 4338 daemonibus
941 4283 1271 4353 supplicant.
1322 4281 1438 4336 Duo
1481 4283 1771 4354 principia,
1817 4283 2021 4338 bonum
2067 4299 2133 4339 ac

558 4377 782 4442 malum,
817 4376 1177 4432 constituunt.
1219 4373 1498 4428 Christum
1530 4375 1710 4445 specie
1763 4381 1922 4430 tenus
1966 4391 2134 4445 appa-

2233 3099 2371 3152 είσιν
2408 3100 2463 3152 αἱ
2497 3097 2660 3152 πέντε
2685 3098 2960 3170 αἱρέσεις·

2304 3190 2382 3244 A'.
2444 3190 2658 3244 Παύλου
2716 3189 3099 3261 Σαμοσατέως,
3163 3187 3460 3241 ἐπισκόπου
3514 3186 3816 3258 γενομένου

2246 3280 2575 3351 Ἀντιοχείας
2600 3281 2696 3351 τῆς
2719 3280 2980 3352 μεγάλης.
3001 3273 3166 3342 Οὗτος
3188 3279 3531 3349 ἀνύπαρκτον
3559 3277 3649 3330 τὸν
3675 3278 3819 3348 Χρι-

2235 3372 2359 3425 στὸν
2399 3370 2580 3439 ὀλίγου
2617 3371 2726 3424 δεῖν
2773 3370 3197 3433 διαϐεϐαιοῦται,
3246 3371 3420 3439 Λόγον
3477 3369 3819 3441 προφορικὺν

2234 3462 2395 3515 αὐτὸν
2435 3463 2800 3534 σχηματίσας,
2841 3461 2950 3517 ἀπὸ
2982 3463 3039 3516 δὲ
3077 3462 3294 3533 Μαρίας
3332 3463 3428 3516 καὶ
3464 3461 3622 3531 δεῦρο
3645 3456 3815 3516 εἶναι.

2234 3554 2793 3625 Προκαταγγελτικῶς
2824 3554 2922 3626 μὲν
2947 3553 3016 3607 τὰ
3043 3555 3170 3625 περὶ
3207 3553 3372 3607 αὑτοῦ
3407 3556 3464 3606 ὲν
3489 3555 3607 3615 ταῖς
3636 3552 3820 3616 θείαις

2233 3645 2474 3716 Γραφαῖς
2508 3646 2772 3717 εἰρημένα
2793 3645 3027 3716 ἔχοντος,
3055 3647 3129 3717 μὴ
3147 3645 3298 3708 ὄντος
3323 3645 3400 3708 δὲ,
3422 3644 3534 3698 ἀλλ’
3559 3643 3664 3698 ἀπὸ
3687 3645 3817 3697 Μα-

2238 3738 2356 3806 ρίας
2386 3738 2478 3790 καὶ
2497 3737 2657 3807 δεῦρο
2681 3737 2770 3791 διὰ
2797 3737 2898 3808 τῆς
2930 3737 3195 3810 ὲνσάρκου
3234 3737 3556 3808 παρουσίας.

2305 4005 2379 4060 B'.
2415 4008 2702 4078 Μανιχαῖοι
2732 4008 2824 4060 καὶ
2867 4009 3209 4062 Ἀκουανῖται
3240 4007 3372 4078 (45),
3406 4009 3454 4061 οἱ
3505 4007 3598 4059 τοῦ
3650 4005 3817 4079 Μανῆ

2237 4097 2477 4169 μαθηταὶ
2531 4097 2625 4150 τοῦ
2689 4098 2921 4170 Πέρσου,
2962 4098 3194 4170 Χριστὸν
3249 4099 3486 4168 σχήματι
3528 4097 3811 4166 λέγοντες,

2233 4190 2382 4260 ἥλιόν
2416 4207 2476 4242 τε
2511 4189 2759 4255 σέϐοντες
2788 4192 2877 4244 καὶ
2911 4191 3157 4262 σελήνην,
3194 4190 3414 4260 ἄστροις
3445 4206 3502 4242 τε
3525 4191 3619 4242 καὶ
3650 4189 3815 4244 δυνά-

2237 4297 2362 4351 μεσι
2403 4282 2495 4334 καὶ
2532 4281 2783 4352 δαίμοσιν
2826 4283 3131 4352 εὐχόμενοι.
3191 4283 3384 4356 Ἀρχὰς
3425 4283 3518 4335 δύο
3556 4281 3815 4351 εἰσηγού-

2239 4387 2408 4438 μενοι,
2443 4370 2685 4442 πονηράν
2711 4388 2772 4424 τε
2800 4372 2894 4424 καὶ
2927 4371 3157 4450 ἀγαθήν.
3204 4373 3437 4444 Χριστὸν
3461 4373 3678 4442 δοκήσει
3717 4389 3818 4424 πε-

557 4468 758 4531 ruisse,
792 4465 1080 4536 specieque
1111 4474 1270 4520 tenus
1298 4480 1420 4519 esse
1451 4479 1692 4534 passum.
1725 4462 1894 4520 Vetus
1935 4463 2127 4520 Testa-

2236 4460 2480 4531 φηνέναι,
2521 4462 2613 4516 καὶ
2639 4462 2852 4532 δοκήσει
2899 4463 3238 4516 πεπονθέναι.
3273 4463 3514 4517 Παλαιὰν
3535 4463 3818 4534 Διαθήκην

557 4569 798 4614 mentum
827 4572 1082 4627 eumque,
1111 4559 1204 4628 qui
1237 4557 1291 4610 in
1322 4559 1415 4612 illo
1439 4559 1654 4614 locutus
1681 4566 1787 4622 est,
1822 4557 2129 4614 maledictis

556 4660 808 4706 onerant.
840 4647 1100 4703 Mundum
1130 4650 1351 4719 quidem
1380 4665 1487 4703 non
1517 4651 1854 4716 universum,
1889 4648 1984 4704 sed
2008 4649 2130 4718 ejus

559 4751 767 4815 partem
800 4757 830 4795 a
859 4739 968 4796 Deo
1005 4740 1320 4794 Iahricatam
1351 4757 1473 4796 esse
1507 4749 1774 4796 statuunt.

632 4829 944 4901 1130lll.
971 4828 1256 4884 Ilieracitae
1285 4830 1353 4884 ab
1377 4829 1602 4883 llierace
1639 4830 1930 4898 interprete
1957 4841 2020 4879 ac
2040 4825 2132 4879 do-

628 4989 645 5020 ¹
676 4989 803 5042 Cor.
829 5005 891 5044 ex
912 4993 958 5048 1.
995 5005 1032 5053 1,
1062 4990 1390 5043 Νοετιανῶν.

629 5101 741 5170 (il)
765 5099 860 5166 Μὴ
890 5099 1250 5155 πεπονθέναι
1277 5100 1383 5153 τὸν
1413 5101 1660 5166 Πατέρα.
1695 5098 1874 5155 Locus
1902 5099 2005 5153 ista
2032 5115 2133 5154 ceu

559 5173 694 5226 I'alsa
729 5172 996 5226 exhibens
1044 5179 1266 5240 notatur
1296 5172 1364 5224 ab
1395 5171 1703 5240 Augustino
1735 5173 1914 5239 capite
1938 5171 2028 5232 41,
2062 5171 2134 5224 De

557 5241 862 5297 Itazresibus.
895 5241 1039 5295 Idem
1066 5239 1121 5294 S.
1158 5241 1355 5294 Doctor
1382 5241 1627 5306 pluribus
1655 5242 1707 5293 in
1751 5241 1882 5294 locis
1911 5256 2134 5294 suorum

557 5313 612 5366 in
640 5311 900 5366 Joumtem
925 5310 1299 5376 Tractatuum,
1327 5319 1383 5362 ut
1403 5310 1492 5376 40,
1523 5311 1590 5364 70
1607 5319 1658 5364 et
1683 5311 1770 5373 Ἠ,
1801 5309 2138 5364 Sabellianos

557 5391 612 5438 et
636 5382 1086 5450 Patropassianos
1116 5389 1294 5442 vocat,
1329 5395 1439 5448 quo
1491 5381 1710 5450 nomine
1749 5380 1891 5450 apud
1936 5379 2138 5434 Berna-

559 5469 661 5508 nos
688 5449 878 5507 donari
913 5452 1003 5521 qui
1035 5452 1178 5520 apud
1213 5450 1514 5521 Aﬂgyptios
1537 5449 1829 5521 Sabelliani
1865 5449 2127 5503 diceban-

558 5532 808 5583 tur.ante
833 5519 1199 5593 Augustinum
1231 5519 1452 5575 in'libro
1479 5519 1556 5573 De
1588 5519 1801 5589 synodi:
1833 5521 2131 5589 scripserat

555 5593 908 5649 Athanasius.

627 5664 739 5733 (42)
785 5662 949 5728 Τινὸς
988 5663 1345 5733 Ὠριγένους.
1371 5658 1662 5733 ln_ha:resi
1689 5658 1758 5733 ϐξ»
1782 5657 2037 5733 ξΡιιηᾳνὶ-ἱ,
2069 5673 2128 5714 se

555 5730 770 5788 neScire
794 5734 871 5803 ait
893 5730 1250 5803 Epiphanius,
1269 5747 1400 5785 num
1428 5730 1747 5801 Origeniani
1780 5731 1866 5803 isti
1897 5731 1964 5784 ab
1978 5731 2128 5784 Ada-

553 5803 762 5858 mantio
800 5801 1032 5876 Origene
1079 5805 1540 5873 nuncupationem
1582 5801 1892 5872 acceperint
1941 5816 2121 5866 suam,

2239 4552 2686 4624 βλασφημοῦντες
2729 4554 2822 4607 καὶ
2869 4554 2958 4608 τὸν
2997 4557 3052 4608 ἐν
3105 4556 3240 4626 αὐτῇ
3280 4555 3588 4627 λαλήσαντα
3632 4555 3814 4610 Θεόν·

2235 4645 2439 4714 κόσμον
2470 4645 2527 4698 δὲ
2558 4647 2617 4699 οὺ
2637 4647 2728 4700 τὸν
2750 4647 2946 4710 πάντα,
2981 4647 3115 4701 ἀλλὰ
3133 4648 3298 4720 μέρος
3323 4650 3389 4702 ὲκ
3417 4649 3550 4702 Θεοῦ
3577 4651 3818 4722 γεγενῆε

2238 4734 2363 4788 σθαι
2390 4736 2712 4807 ὁριζόμενοι.

2308 4830 2390 4883 l".
2429 4829 2805 4900 ⁹Ιερακῖται,οί
2838 4831 2944 4883 ἀπὸ
2990 4830 3225 4902 Ἱέρακος
3256 4831 3352 4885 τοῦ
3392 4833 3816 4887 Λεοντοπολίτου

2233 5115 2300 5152 an
2336 5098 2518 5170 potius
2557 5099 2626 5151 ab
2668 5098 2836 5152 altero
2873 5099 3116 5170 ejusdem
3161 5101 3400 5155 nominis
3452 5101 3688 5157 homine.
3726 5105 3815 5160 Ab

2234 5171 2467 5238 Origene
2512 5170 2838 5221 Adamantio
2886 5169 3240 5224 inverisimile
3303 5185 3532 5239 prorsus
3564 5172 3812 5228 declarat

2234 5241 2450 5305 insigne
2481 5239 2768 5293 discrimen
2802 5243 2941 5294 inter
2968 5255 3148 5294 mores
3179 5241 3346 5307 illius,
3371 5250 3425 5294 et
3452 5241 3682 5296 istorum
3711 5245 3822 5297 im-

2277 5309 2548 5363 udicitias.

2352 5327 2362 5361 ι
2406 5326 2496 5361 ma
2535 5349 2548 5361 .

2237 5326 2868 5450 purigjfzxovarfmt.
2899 5377 2976 5430 Eo
3023 5379 3187 5450 etiam
3234 5382 3454 5436 nomine
3503 5382 3816 5450 appellatos

2239 5450 2411 5505 fuisse
2441 5448 2872 5524 hlaiiichreos‘ab
2914 5451 3062 5524 Acua
3112 5448 3674 5524 Veteranorquodam,
3712 5456 3814 5524 qui

2236 5528 2354 5574 erat
2386 5535 2416 5574 e
2449 5519 2833 5588 MeSOpotamia
2864 5521 3163 5588 prolectus,
3193 5523 3360 5574 tradit
3387 5519 3445 5574 in
3475 5519 3706 5575 l’anano
3732 5519 3814 5577 ad

2235 5590 2380 5644 hunc
2433 5591 2612 5644 locum
2668 5589 3017 5659 Epiphanius.
3059 5591 3271 5644 Ancum
3316 5590 3645 5646 Veteranum
3694 5594 3815 5647 dici

2235 5661 2627 5730 interpretatur
2665 5659 2940 5723 Petavius,
2978 5661 3121 5729 quod
3168 5663 3358 5715 militia
3403 5664 3695 5718 defunctus
3729 5665 3816 5718 le-

2233 5731 2477 5804 gitimam
2511 5731 2824 5787 missionem
2857 5732 3172 5786 obtinuerit.
