4118 6402
335 352 440 410 869

1664 339 2333 401 ANACEPHALIEOSIS.

3513 347 3617 401 870

332 466 432 536 τῆς
462 466 741 535 Αἰγύπτου
772 464 1039 537 ἐξηγητοῦ
1065 482 1229 528 τινος,
1254 465 1457 536 σαρκὸς
1474 464 1771 520 ἀνάστασιν
1801 464 1927 520 ἀθε-

2042 472 2183 520 ctore
2203 468 2440 537 quodam
2463 464 2809 538 Leontopoli,
2828 464 2973 538 quod
2990 461 3208 536 Egypti
3236 460 3494 533 oppidum
3510 473 3618 529 est,

333 558 579 621 τοῦντες,
617 556 891 629 χρώμενοι
912 556 969 609 δὲ
998 556 1213 627 Παλαιᾷ
1233 557 1328 610 καὶ
1356 555 1473 628 Νέᾳ
1502 557 1930 629 Διαθήκῃ,ἀπα-

336 647 654 721 τορεύοντες
703 647 760 699 δὲ
799 645 977 716 γάμον
1024 643 1324 708 παντελῶς,
1375 643 1706 715 μονάζοντας
1750 645 1806 697 δὲ
1835 648 1929 698 καὶ
1970 674 1975 679 ι

336 737 638 810 παρθένους
687 736 782 790 καὶ
826 734 1330 807 ὲγκρατευομένους
1377 735 1659 805 δεχόμενοι
1698 735 1794 789 καὶ
1827 736 1928 806 χή-

335 849 486 902 ρους,
518 829 769 898 λέγοντες
806 828 876 882 τὰ
902 827 1131 900 μηδέπω
1169 827 1228 880 ἐν
1259 825 1450 898 ἡλικίᾳ
1482 825 1753 896 γενόμενα
1801 843 1921 878 παι·

332 921 420 975 δία
444 922 461 952 ¹
501 920 779 992 βασιλείας
817 920 877 973 δὲ
910 921 985 990 μὴ
1015 918 1262 990 μετέχειν
1287 917 1474 987 ἔλεγον
1507 918 1633 982 τοὺς
1665 917 1742 989 μὴ
1775 916 1932 988 ἀθλή-

337 1028 561 1076 σαντας.

407 1103 482 1159 Δ’.
515 1102 869 1174 Μελητιανοὶ,
896 1102 946 1155 οἱ
979 1104 1036 1156 ὲν
1067 1099 1332 1172 Αἰγύπτῳ
1366 1100 1577 1173 σχίσμα
1612 1100 1788 1164 ὄντες,
1815 1099 1931 1154 ἀλλ’

337 1192 438 1263 οὐχ
470 1193 702 1263 αἵρεσις,
734 1194 807 1264 μὴ
835 1191 1223 1264 συνευξάμενοι
1255 1192 1365 1264 (44)
1386 1196 1500 1256 τοῖς
1523 1195 1581 1247 ὲν
1608 1192 1685 1264 τῷ
1707 1190 1932 1263 διωγμῷ

339 1284 828 1355 παραπεπτωκόσι,
855 1282 949 1337 νῦν
973 1284 1030 1338 δὲ
1078 1285 1377 1355 Ἀρειανοῖς
1402 1284 1788 1355 συναφθέντες.
1839 1285 1844 1291 ’

409 1459 485 1512 E'.
530 1457 873 1531 ’Apemvol,oi
893 1458 988 1511 καὶ
1012 1442 1445 1528 Ἃρειομανῖται,
1472 1457 1522 1509 οί
1548 1456 1640 1510 τὸν
1671 1455 1800 1509 Υίὸν
1834 1452 1933 1508 τοῦ

338 1548 474 1603 Θεοῦ
505 1550 714 1620 κτίσμα
744 1549 1017 1620 λέγοντες,
1054 1550 1148 1603 καὶ
1181 1548 1244 1601 τὸ
1272 1547 1500 1619 Πνεῦμα
1528 1548 1588 1601 τὸ
1622 1548 1777 1616 ἅγιον
1812 1546 1932 1599 κτί-

341 1660 455 1713 σμα
507 1642 827 1712 κτίσματος.
879 1640 1070 1713 Σάρκα
1119 1641 1280 1712 μόνον
1311 1639 1407 1693 τὸν
1435 1639 1667 1711 Σωτῆρα
1698 1637 1934 1709 Χριστὸν

339 1735 451 1789 ἀπὸ
466 1735 688 1807 Μαρίας
709 1734 990 1807 εἰληφέναι
1020 1732 1494 1804 διαϐεϐαιούμενοι
1527 1734 1621 1786 καὶ
1651 1733 1711 1786 ού
1728 1730 1929 1802 ψυχήν.

2031 557 2284 612 oriundo.
2321 557 2425 624 Qui
2459 560 2919 613 resurrectionem
2956 557 3140 614 carnis
3174 554 3404 626 respuit.
3440 552 3618 609 Utun-

2042 656 2132 702 tur
2160 648 2237 702 illi
2264 646 2449 703 Veteri
2481 661 2546 702 ac
2576 646 2729 702 Novo
2754 647 3125 703 Testamento.
3159 644 3377 716 Nuptiis
3401 643 3620 716 penitus

2030 738 2389 795 interdicunt.
2423 738 2720 795 Monachus
2742 746 2796 794 et
2822 740 3065 812 virgines
3089 745 3143 794 et
3176 736 3524 793 continentes
3556 749 3621 788 ac

2035 830 2230 888 viduos
2279 831 2614 895 admittunt;
2662 846 2865 901 pueros
2915 838 3129 886 matura
3172 829 3415 884 nondum
3462 834 3624 883 aetate

2032 922 2185 992 regni
2212 922 2456 978 caelestis
2480 921 2772 992 participes
2797 936 2920 978 esse
2945 930 3167 993 negant,
3192 919 3343 992 quod
3374 919 3620 975 nondum

2033 1013 2334 1068 certamine
2368 1013 2640 1084 perfuncti
2677 1020 2828 1069 sunt.

2103 1104 2196 1161 IV.
2236 1105 2530 1173 Melctiani,
2560 1103 2872 1161 schismatis
2897 1103 2953 1158 in
2986 1102 3225 1176 Egypto
3252 1117 3364 1158 non
3397 1102 3624 1157 haaresis

2034 1197 2216 1251 locum
2249 1197 2520 1251 obtinent.
2558 1196 2662 1264 Qui
2688 1211 2815 1251 cum
2846 1194 2955 1251 illis
2983 1210 3208 1267 precum
3233 1193 3623 1249 communione

2046 1288 2306 1359 conjungi
2341 1288 2656 1352 noluerunt,
2685 1287 2776 1358 qui
2814 1287 2870 1341 in
2899 1285 3285 1358 persecutione
3305 1284 3446 1356 lapsi
3472 1295 3622 1347 sunt,

2035 1394 2186 1435 nunc
2210 1395 2269 1436 se
2298 1379 2364 1434 ad
2392 1379 2624 1434 Arianos
2643 1385 3029 1450 aggregarunt.
3538 1376 3541 1378 ’

2121 1469 2191 1525 ν.
2231 1470 2566 1537 Ariani,sive
2594 1469 2948 1525 Ariomanitae
2974 1468 3069 1523 Dei
3091 1466 3291 1523 Filium
3317 1473 3623 1523 creaturam

2037 1580 2164 1620 esse
2197 1562 2410 1628 dicunt,
2455 1561 2722 1632 Spiritum
2759 1577 2889 1617 vero
2927 1568 3178 1618 sanctum
3208 1567 3476 1616 creaturae
3503 1575 3627 1615 esse

2042 1663 2374 1720 creaturam,
2409 1652 2745 1709 Salvatorem
2774 1664 3024 1710 nostrum
3051 1667 3274 1708 carnem
3303 1652 3571 1707 duntaxat
3594 1666 3623 1703 a

2041 1744 2233 1814 Maria,
2258 1761 2365 1800 non
2402 1745 2639 1799 animam
2675 1746 2954 1815 accepisse
2982 1743 3333 1799 confirmant.
3365 1741 3491 1798 Fuit
3539 1741 3627 1796 hic

337 1821 448 1879 Ἦν
494 1826 553 1880 δὲ
604 1818 760 1890 οὗτος
800 1829 829 1880 ὁ
862 1826 1082 1897 ’Ἄρειος
1112 1824 1485 1896 πρεσϐύτερος
1528 1824 1629 1895 τῆς
1680 1824 1932 1890 Ἀλεξαν-

2042 1836 2205 1892 Arius
2228 1835 2485 1892 Ecclesia:
2515 1814 2898 1891 Alexandrinae
2927 1836 3237 1908 presbyter.

337 1918 509 1990 δρέων
548 1918 900 1991 Ἐκκλησίας.

408 2009 559 2082 Αῦτη
594 2012 630 2083 ἡ
676 2010 769 2064 τοῦ
820 2011 1077 2091 δευτέρου
1104 2011 1311 2083 βιϐλίου
1356 2009 1450 2064 τοῦ
1483 2009 1734 2082 δευτέρου
1764 2008 1930 2080 τόμου

340 2103 595 2174 πέμπτου
625 2104 683 2157 δὲ
724 2104 984 2177 ἁπαρχῆς
1028 2105 1129 2176 τῆς
1166 2103 1494 2168 ἀκολουθίας
1530 2104 1706 2169 ὄντος,
1744 2102 1935 2157 ἀνακε-

341 2195 643 2265 φαλαίωσις
663 2196 929 2267 αἱρέσεων
965 2196 1149 2254 πέντε.

2105 2008 2233 2065 llaec
2269 2015 2353 2064 est
2401 2008 2643 2080 quinque
2672 2008 2956 2064 ba‘ereseon
2990 2023 3229 2075 summa,
3269 2024 3391 2080 qua:
3430 2008 3483 2064 in
3520 2008 3626 2064 hoc

2037 2117 2073 2156 ιι
2110 2111 2261 2157 tomo
2300 2101 2428 2156 libri
2460 2118 2521 2164 ιι,
2560 2103 2675 2158 sive
2704 2101 2899 2158 ordine
2926 2118 2958 2152 ν
2997 2101 3376 2157 continentur.

1459 2293 1848 2355 HIERESES
1885 2284 2092 2351 ΤΟΜῘ
2124 2283 2151 2344 Ι
2183 2281 2399 2343 LIBRI
2430 2280 2542 2343 ΙΙΙ.

422 2419 513 2473 Ἔν
537 2419 595 2473 δὲ
628 2418 708 2489 τῷ
747 2417 948 2490 πρώτῳ
984 2418 1137 2491 τόμῳ
1172 2417 1267 2473 τοῦ
1296 2418 1482 2490 τρίτου
1522 2415 1752 2488 βιϐλίου,
1787 2413 1933 2483 ἕκτῳ

340 2510 400 2566 δὲ
427 2511 542 2565 ὄντι
564 2510 686 2565 καθ’
707 2511 766 2564 ὃν
788 2511 1129 2583 προείπομεν
1159 2511 1417 2583 ἀριθμὸν,
1453 2509 1597 2565 ἑπτά
1624 2512 1760 2564 εἰσιν
1789 2506 1938 2578 αἱρέ-

343 2617 458 2666 σεις
490 2602 590 2656 σὺν
620 2604 737 2665 τοῖς
772 2601 1090 2673 σχίσμασιν,
1120 2601 1293 2666 οὕτως
1318 2618 1332 2632 ο

405 2694 488 2749 A'.
514 2693 789 2758 Αύδιανοὶ,
837 2691 1186 2764 ἀφηνιασμὸς
1232 2693 1329 2748 καὶ
1365 2692 1596 2765 σχίσμα,
1626 2691 1688 2745 ού
1716 2690 1816 2763 μέν
1848 2706 1932 2744 τοι

342 2784 575 2855 αἵρεσις.
607 2779 767 2839 Οὗτοι
809 2784 906 2856 μὲν
934 2784 1211 2857 διαγωγὴν
1237 2785 1334 2839 καὶ
1366 2783 1479 2855 βίον
1506 2779 1567 2838 εὖ
1600 2782 1935 2854 τεταγμένον

344 2876 661 2949 κέκτηνται.
722 2876 847 2930 Εἰσὶ
883 2875 942 2930 δὲ
988 2875 1133 2930 κατὰ
1171 2874 1351 2939 πάντα
1379 2877 1478 2947 τὴν
1506 2875 1690 2929 πίστιν
1719 2872 1935 2944 ἔχοντες

343 2970 421 3034 ὼς
464 2972 499 3042 ἠ
555 2969 818 3041 καθολικὴ
871 2968 1203 3040 Ἐκκλησία,
1258 2950 1648 3041 μοναστηρίοις
1690 2968 1711 2999 ³
1759 2966 1818 3021 δὲ
1882 2969 1933 3022 oi

349 3061 563 3127 πλείους
618 3060 956 3117 κατοικοῦσι.
1003 3061 1318 3133 Κέχρηνται
1353 3060 1412 3115 δὲ
1444 3061 1539 3115 καὶ
1591 3058 1934 3133 ἀποκρύφοις
1962 3074 2009 3135 c

349 3152 563 3217 πολλοῖς
585 3151 927 3224 κατακόρως.
971 3152 1045 3205 Οὐ
1083 3150 1435 3223 συνεύχονται
1465 3150 1522 3205 δὲ
1558 3152 1712 3223 ἡμῖν,
1743 3151 1937 3220 ψέγον-

347 3262 437 3308 τες
460 3245 588 3308 τοὺς
618 3245 747 3315 παρ’
774 3246 907 3315 ἡμῖν
931 3243 1593 3312 ὲπισκόπους,πλουσίους
1620 3242 1936 3308 καλοῦντες,

346 3332 442 3385 καὶ
461 3331 673 3395 ἄλλους.
710 3329 1005 3386 Ποιοῦσιδὲ
1036 3332 1131 3387 καὶ
1171 3332 1235 3386 τὸ
1256 3333 1450 3404 Πάσχα
1480 3332 1811 3398 ἰδιαζόντως,
1848 3333 1937 3387 ὅτε

360 3421 599 3476 Ἰουδαῖοι
625 3421 893 3478 ποιοῦσιν.
926 3423 1152 3494 Ἔχουσι
1183 3423 1241 3476 δὲ
1284 3422 1550 3477 ἰδιωτικόν
1578 3440 1631 3476 τι
1665 3422 1760 3477 καὶ
1788 3421 1938 3493 φιλό-

347 3530 545 3580 νεικον,
583 3513 855 3586 ξηρότατα
885 3511 948 3566 τὸ
984 3515 1113 3567 κατ’
1139 3515 1345 3568 εἰκόνα
1375 3513 1771 3587 ἑρμηνεύοντες
1798 3514 1933 3584 (45).

419 3783 497 3839 B’.
545 3781 948 3837 ⁴1>ωτεινιανοί³.
975 3776 1144 3848 Οὗτος
1191 3783 1221 3835 ὁ
1254 3782 1519 3848 Φωτεινὸς
1554 3782 1662 3838 ἀπὸ
1706 3783 1937 3856 Σιρμίου

353 3875 636 3946 ὑπάρχων,
658 3874 737 3928 ἔτι
774 3875 872 3929 καὶ
902 3875 1061 3948 δεῦρο
1096 3873 1324 3947 περιὼν,
1357 3874 1428 3929 τὰ
1451 3876 1614 3947 ὅμοια
1639 3875 1835 3948 Παύλῳ
1862 3875 1939 3947 τῷ

352 3966 662 4036 Σαμοσατεῖ
697 3965 987 4037 ἐφρόνησε.
1023 3968 1135 4020 Καὶ
1162 3966 1323 4030 αὐτὸς
1347 3964 1404 4020 δὲ
1444 3966 1554 4020 ἀπὸ
1589 3968 1810 4040 Μαρίας
1846 3967 1938 4021 καὶ

350 4055 511 4129 δεῦρο
528 4056 620 4110 τὸν
639 4057 876 4129 Χριστὸν
898 4056 1333 4114 διαϐεϐαιοῦται.

423 4233 499 4286 Γι.
542 4234 972 4306 Μαρκελλιανοὶ,
1025 4236 1135 4290 ἀπὸ
1186 4237 1513 4309 Μαρκέλλου
1544 4236 1655 4310 (46)
1697 4236 1791 4292 τοῦ
1832 4239 1941 4293 ἀπὸ

365 4325 640 4397 ’Δγκύρας
661 4326 764 4398 τῆς
785 4327 1076 4391 Γαλατίας.
1100 4320 1270 4391 Οὗτος
1304 4331 1362 4382 ὲν
1396 4331 1538 4402 ἀρχῇ
1580 4331 1940 4403 παραπλήσια

2102 2403 2174 2458 At
2202 2403 2257 2458 in
2292 2401 2476 2473 priore
2511 2409 2659 2456 tomo
2686 2400 2812 2457 libri
2848 2401 3016 2467 tertii,
3054 2400 3171 2457 sive
3199 2400 3392 2457 ordine
3428 2408 3606 2467 sexto,

2042 2493 2347 2551 secundum
2377 2491 2693 2547 institutum
2722 2505 2756 2545 a
2783 2492 2944 2547 nobis
2972 2492 3245 2558 ordinem,
3272 2498 3480 2562 septem
3505 2491 3625 2547 haz-

2042 2600 2197 2643 reses
2224 2584 2581 2641 continentur
2607 2598 2732 2639 eum
2762 2570 3158 2639 schismatibus
3183 2602 3198 2640 :

2107 2677 2149 2735 Ι.
2192 2677 2565 2732 Audianorum
2608 2675 2827 2747 proprie
2868 2675 3109 2733 schisma
3144 2690 3207 2730 ac
3229 2677 3485 2746 defectio,
3516 2690 3627 2729 non

2036 2767 2284 2825 haeresis.
2335 2764 2544 2821 Horum
2596 2765 2735 2822 bene
2755 2766 3008 2822 instituta
3042 2766 3256 2822 vivendi
3300 2766 3444 2820 ratio
3491 2772 3618 2822 est:

2036 2857 2133 2914 sed
2176 2873 2351 2929 neque
2391 2848 2539 2929 quod
2582 2856 2653 2911 ad
2690 2855 2854 2912 fidem
2883 2856 3109 2921 attinet,
3145 2856 3215 2911 ab
3252 2854 3500 2912 Ecclesia
3528 2869 3623 2911 ca-

2035 2948 2240 3005 tholica
2289 2949 2645 3005 dissentiunt.
2703 2948 2963 3004 Habitant
3010 2947 3204 3019 majori
3257 2963 3326 3004 ex
3362 2955 3516 3018 parte
3569 2946 3628 3002 in

2037 3042 2406 3098 monasteriis.
2457 3040 2652 3114 Magna
2689 3049 2774 3099 est
2821 3040 2965 3112 apud
3012 3041 3135 3097 illos
3185 3041 3621 3113 apocryphoruni

2040 3134 2304 3189 librorum
2329 3134 2505 3205 cepia.
2534 3135 2866 3190 Communes
2889 3133 3177 3190 nobiscum
3204 3132 3485 3189 orationes
3509 3146 3621 3187 non

2040 3226 2265 3292 habent,
2302 3227 2680 3298 vituperantes
2726 3227 3018 3298 episcopos
3062 3233 3282 3281 nostros
3312 3224 3626 3295 divitesque

2040 3318 2399 3390 appellantes,
2436 3328 2490 3374 et
2518 3320 2677 3374 alios.
2709 3317 2853 3385 Quin
2911 3317 3075 3373 etiam
3114 3314 3324 3372 Pascha
3371 3315 3628 3387 privatim

2039 3411 2232 3467 eodem
2273 3427 2384 3483 quo
2421 3411 2594 3467 Judaei
2633 3421 2879 3483 tempore
2913 3409 3212 3466 celebrant.
3249 3406 3348 3464 Est
3383 3416 3439 3465 et
3464 3407 3628 3479 quid-

2040 3500 2165 3554 dam
2208 3502 2486 3571 peculiare
2521 3502 2678 3572 ipsis,
2710 3500 2857 3572 quod
2902 3498 3203 3556 defendunt
3242 3515 3457 3554 summa
3486 3514 3626 3555 cou-

2041 3595 2284 3650 tentione
2309 3614 2322 3650 :
2350 3596 2555 3666 quippe
2583 3593 2717 3649 illud
2759 3592 2904 3663 quod
2939 3593 3204 3665 scriptum
3234 3584 3319 3648 est
3345 3592 3414 3646 ad
3442 3592 3628 3663 imagi-

2041 3703 2179 3752 nem,
2208 3686 2404 3743 durius
2430 3688 2886 3758 interpretantur.

2111 3777 2175 3833 ll.
2217 3779 2552 3834 Pbotiniani.
2585 3779 2855 3836 Photinus
2886 3780 2990 3835 iste
3030 3777 3237 3834 Sirmio
3265 3778 3535 3834 oriundus
3564 3779 3632 3832 ad

2040 3870 2371 3927 hodiernum
2415 3889 2591 3944 usque
2628 3880 2848 3944 tempus
2898 3880 3205 3945 supererat.
3257 3873 3361 3940 Qui
3409 3873 3630 3944 quidem

2041 3964 2355 4019 consimilia
2386 3962 2557 4019 Paulo
2586 3963 2945 4023 Samosateno
2967 3967 3135 4022 sentit
3164 3986 3176 4022 :
3202 3968 3470 4022 nonnulla
3501 3978 3633 4023 sunt

2040 4062 2225 4111 tamen
2264 4056 2321 4111 in
2365 4056 2567 4127 quibus
2593 4058 2663 4112 ab
2692 4058 2881 4113 eodem
2917 4057 3169 4115 dissidet.
3201 4058 3347 4115 idem
3395 4077 3426 4116 e
3464 4060 3632 4116 Maria

2040 4144 2322 4201 Christum
2355 4146 2573 4201 initium
2600 4147 2823 4217 penitus
2851 4148 3132 4219 accepisse
3162 4157 3332 4218 putat.

2117 4237 2161 4306 1
2173 4236 2326 4307 131
2348 4235 2433 4289 Ill.
2450 4236 2804 4292 Marcelliani.
2824 4236 3028 4294 Horum
3043 4237 3328 4294 Marcellus
3343 4245 3534 4294 auctor
3544 4255 3634 4296 ex-

2042 4330 2201 4389 stitit,
2218 4331 2449 4401 Ancyrae
2464 4330 2519 4384 in
2539 4328 2747 4383 Galatia
2765 4332 3072 4402 episcopus.
3090 4330 3193 4398 Qui
3215 4345 3338 4386 cum
3358 4331 3514 4388 initio
3533 4348 3633 4403 pro

352 4416 630 4488 Σαϐελλίῳ
675 4418 971 4490 φρονήσας,
1010 4418 1363 4490 διεφημίσθη.
1407 4420 1504 4483 Εἰς
1552 4419 1850 4489 ἀπολογίας
1888 4420 1940 4476 δὲ

2051 4421 2364 4477 Sabelliano
2391 4423 2668 4478 communi
2702 4422 2843 4478 fama
2873 4424 3163 4481 traductus
3188 4433 3358 4492 esset,
3383 4418 3639 4491 sedseip-

422 4577 440 4607 ¹
469 4575 778 4647 Corruptus
806 4576 984 4632 locus.
1059 4578 1079 4608 ²
1104 4576 1233 4632 Cor.
1266 4579 1620 4650 μοναστήρια.
1689 4578 1712 4610 ⁸
1738 4581 1940 4648 ῃο.Φω

2042 4579 2112 4634 νοί
2148 4589 2203 4636 et
2226 4578 2450 4646 Φώτιος.

429 4690 541 4766 μὶ)
569 4689 666 4759 Μὴ
689 4689 1152 4766 συῖευξάμενοι.
1177 4700 1285 4766 etc.
1314 4692 1585 4766 Meletium
1618 4692 1671 4747 in
1704 4691 1943 4766 {Egypto

354 4760 674 4832 episcopum
705 4778 736 4814 a
766 4760 929 4815 Petro
963 4760 1335 4819 Alexandrino
1376 4764 1670 4819 schismate
1703 4760 1864 4819 fac—to
1878 4781 1938 4820 se

357 4832 686 4904 sejunxisse,
713 4832 1054 4904 quodqlapsos
1072 4835 1124 4886 in
1149 4835 1527 4904 persecutione
1555 4835 1796 4904 recipere
1816 4849 1940 4889 cum

358 4903 452 4958 illo
466 4901 778 4974 genuisset,
814 4902 901 4974 bi_c
926 4901 1163 4965 indicat,
1190 4906 1439 4974 pluribus
1466 4908 1518 4958 in
1549 4901 1788 4958 Pannrio
1814 4921 1943 4959 nar-

360 4981 445 5027 rat
466 4970 825 5042 Epiphanius.
854 4972 1008 5039 Quod
1036 4983 1093 5027 ut
1120 4970 1304 5030 minus
1329 4990 1516 5030 verum
1544 4989 1573 5027 a
1601 4975 1734 5030 viris
1763 4975 1942 5031 doctis

360 5043 629 5116 rejicitur,
660 5054 776 5116 tum
804 5044 874 5116 ob
892 5043 959 5116 _S.
990 5045 1275 5116 Athanasii
1303 5047 1357 5100 in
1385 5045 1647 5116 Apologia
1679 5059 1717 5098 ii
1744 5055 1942 5116 _aucto-

359 5113 1101 5186 ritatem_._ubiuschismatis
1153 5115 1301 5186 illius
1359 5113 1631 5186 originem
1669 5114 1839 5171 refert
1872 5117 1941 5171 ad

359 5182 773 5257 odium‘Meletii
802 5185 855 5257 in
886 5182 1106 5257 Petrum
1142 5182 1595 5249 Alexandrinum,
1633 5202 1662 5238 a
1695 5201 1805 5256 quo
1832 5189 1944 5257 epi-

359 5253 565 5323 scopali
598 5254 768 5325 gradu
794 5252 988 5325 fuerat
1019 5255 1267 5324 deiectus
1308 5256 1378 5311 ob
1414 5252 1756 5312 intolerabile
1805 5252 1942 5312 faci-

361 5339 466 5396 nus
498 5338 527 5376 a
568 5324 628 5379 se
659 5324 960 5396 admissum
990 5343 1006 5390 ;
1045 5327 1427 5395 persecutione
1453 5328 1598 5383 enim
1629 5339 1944 5396 superatus,

358 5394 651 5464 episcopus
683 5395 827 5457 licet,
860 5395 1021 5451 idolis
1047 5394 1453 5453 sacrificaverat
1481 5417 1495 5453 :
1525 5406 1641 5451 tum
1678 5394 1843 5452 etiam
1875 5400 1947 5453 ob

362 5464 651 5537 manifesta
690 5464 944 5537 falsitatis
978 5467 1178 5520 iudicia
1213 5482 1335 5537 qua:
1361 5475 1663 5524 occurrunt
1695 5468 1753 5521 in
1780 5467 1946 5525 Mele-

363 5535 495 5608 tiani
536 5536 852 5608 schismatis
871 5537 1132 5608 Actistex
1164 5535 1364 5608 quibus
1385 5554 1540 5595 suam
1572 5537 1722 5592 illam
1753 5554 1947 5593 narra-

362 5606 566 5658 tionem
606 5606 987 5675 desumpserat
1035 5606 1392 5678 Epiphanius.
1428 5609 1598 5663 Porro
1631 5610 1733 5663 hac
1784 5611 1837 5664 in
1890 5626 1947 5666 re

340 5689 577 5740 ,omnem
628 5692 751 5732 esse
781 5678 1082 5734 Athanasio
1116 5680 1480 5735 adhibendam
1521 5678 1678 5733 fidem
1710 5681 1949 5734 clamant

342 5746 526 5799 'reitie
567 5747 795 5801 rationis
825 5747 972 5818 leges
1009 5764 1218 5805 omnes.
1256 5748 1390 5805 Vide
1418 5750 1712 5806 Baronium
1753 5753 1821 5804 ad
1850 5767 1948 5806 an-

370 5829 499 5869 num
529 5818 655 5882 506,
691 5827 742 5872 ct
770 5834 922 5873 num.
953 5820 1043 5887 Η,
1069 5828 1123 5875 ct
1153 5822 1273 5876 aliis
1306 5821 1432 5876 inde
1458 5820 1837 5894 sequentibus.

2124 4695 2236 4767 (45)
2266 4694 2573 4767 inperata
2623 4695 2690 4750 τὸ
2726 4698 2871 4767 κατ’
2911 4698 3118 4753 εἰκόνα
3179 4696 3632 4767 ἑρμηνεύοντες,

2049 4765 2341 4838 referendo
2358 4766 2627 4838 nimirum
2672 4766 2739 4821 ad
2770 4768 3007 4824 hominis
3045 4765 3253 4838 corpus
3292 4766 3426 4821 illud
3456 4765 3634 4821 Gene-

2052 4852 2200 4909 seos,
2230 4834 2521 4890 Faciamus
2565 4836 2829 4909 hominem
2854 4840 2924 4892 ad
2955 4834 3243 4909 imaginem
3298 4847 3349 4909 et
3376 4838 3633 4909 similitu-

2050 4905 2225 4960 dinem
2272 4915 2510 4959 nostram
2542 4905 2695 4977 (Gen.
2737 4924 2776 4975 ι,
2808 4908 2923 4978 26).
2966 4905 3241 4965 Videndus
3297 4906 3633 4978 Epiphanius

2051 4976 2106 5029 in
2136 4976 2394 5029 Panaria.

2051 4991 2106 5029 Ill
2136 4991 2394 5031 Panarw.

2124 5047 2237 5117 (46)
2285 5045 2428 5101 Ἀπὸ
2459 5047 2838 5116 Μαρκέλλου.
2875 5047 3165 5103 Marcellus
3203 5049 3293 5103 ille
3318 5047 3373 5103 in
3403 5047 3634 5103 historia

2050 5115 2313 5173 Ecclesiae
2343 5115 2598 5188 celebris,
2650 5121 2717 5173 de
2750 5119 2911 5188 cujus
2952 5128 3100 5174 recta
3134 5120 3398 5188 religione
3434 5119 3636 5173 dubius

2051 5189 2141 5241 hic
2181 5189 2349 5243 haeret
2392 5185 2751 5257 Epiphanius,
2782 5185 3066 5258 postquam
3101 5205 3208 5244 non
3242 5185 3402 5244 'satis
3448 5197 3634 5244 certus

2050 5258 2117 5311 de
2139 5260 2327 5313 eadem
2357 5273 2417 5312 se
2448 5259 2771 5314 exhibuerat
2806 5260 2860 5313 in
2908 5259 3142 5315 Panario
3167 5277 3185 5314 :
3214 5259 3523 5324 Marcellus,
3551 5259 3638 5314 in-

2050 5344 2239 5397 quam,
2287 5329 2376 5382 ille
2418 5328 2633 5383 violane
2667 5345 2840 5385 sacra:
2860 5330 3128 5385 doctrina;
3172 5332 3226 5384 in
3268 5330 3634 5399 suspicionem

2049 5401 2300 5468 pluribus
2334 5400 2483 5453 venit
2530 5401 2602 5454 ob
2629 5416 2691 5454 ea
2738 5415 2860 5469 qua:
2908 5401 3129 5469 scripsit
3165 5400 3432 5454 adversus
3480 5400 3637 5453 malae

2048 5469 2248 5524 indolis
2305 5469 2600 5531 hominem,
2656 5470 2932 5525 Asterium
2999 5471 3174 5539 patria
3232 5470 3633 5538 Cappadocem,

2051 5540 2758 5621 professione-sophistam,
2807 5556 2875 5621 ex
2913 5539 3200 5621 idololatra
3235 5540 3632 5621 Christianum,

2050 5608 2105 5664 in
2139 5608 2522 5681 persecutione
2551 5610 2764 5680 lapsum
2787 5620 2840 5667 et
2867 5619 3194 5680 apostatam,
3217 5610 3454 5680 denique
3479 5611 3634 5663 Aria-

2054 5679 2221 5749 nuin;
2255 5682 2347 5751 qui
2383 5679 2760 5751 adversarium
2787 5679 2946 5739 suum
2982 5698 3078 5737 seu
3117 5682 3338 5736 Sabellii
3369 5682 3637 5737 asseclam

2012 5764 2017 5769 ‘
2056 5748 2628 5823 scripto—traduxerat.
