4118 6402
429 1089 439 1118 τ

469 381 566 436 till
1883 372 1941 427 S.
1987 370 2328 427 EPIPIIANII
3633 375 3750 430 872

480 514 601 552 sum
619 499 780 554 etiam
797 498 1000 570 scripto
1012 513 1383 570 saepenumero
1401 500 1701 568 purgasset,
1714 510 1743 549 a
1781 492 2056 564 plerisque

2164 493 2419 556 πολλάκις
2453 491 2623 546 ἐλθὼν
2645 492 2780 564 (ιτ),
2809 492 2904 546 καὶ
2927 491 3220 563 ἐγγράφως
3249 491 3744 564 ἀπολογισάμενος.

473 599 659 644 tamen
707 588 975 644 creditum
1023 595 1108 642 est
1155 587 1223 640 ad
1271 585 1492 640 easdem
1539 585 1718 656 ipsum
1765 585 2052 654 Opiniones

2164 585 2308 657 παρὰ
2367 583 2581 638 πολλῶν
2631 585 2746 647 τοῖς
2797 583 2982 647 αὐτοῖς
3041 583 3302 654 ἐμμένειν
3359 582 3744 655 κατηγορήθη.

466 681 862 736 adhaerescere.
894 678 1036 734 Fieri
1067 685 1247 748 potest
1281 685 1341 731 ut
1380 675 1466 732 vel
1513 677 1632 747 ipse
1671 683 1881 731 mutata
1927 692 2054 732 sen-

467 776 637 826 tentia
678 772 959 826 meliorem
993 771 1060 826 ad
1104 777 1344 825 mentem
1396 785 1520 826 sese
1562 771 1925 832 revocaverit.
1968 769 2054 825 vel

463 864 584 932 ejus
613 863 865 933 discipuli
895 881 908 917 :
937 878 1062 916 nam
1095 845 1194 932 pro
1226 862 1319 916 illo
1363 861 1596 932 ejusque
1648 857 1938 932 discipulis
1970 876 2056 916 or-

463 953 689 1008 thodoxi
727 951 953 1023 quidam
991 968 1113 1008 sese
1144 951 1467 1007 defensores
1502 951 1977 1022 interposuerunt.

534 1043 624 1099 IV.
670 1043 1312 1106 Semiariani,Christum
1343 1043 1420 1097 illi
1453 1052 1763 1098 creaturam
1823 1059 1945 1100 esse
1973 1043 2056 1099 di-

461 1143 616 1200 cunt,
649 1135 744 1190 sed
769 1134 1080 1190 cavillando
1111 1143 1290 1189 tamen
1321 1146 1521 1206 negant
1543 1145 1866 1191 czeterarum
1894 1151 2055 1190 crea-

463 1236 716 1280 turarum
756 1241 881 1282 esse
903 1225 1134 1281 similem
1165 1244 1177 1278 :
1203 1227 1298 1281 sed
1326 1225 1546 1291 Filium,
1584 1226 1856 1297 inquiunt,
1899 1227 2054 1282 illum

460 1315 731 1380 dicimus;
770 1331 960 1372 verum
993 1331 1062 1370 ne
1091 1332 1158 1370 ex
1188 1319 1540 1387 generatione
1569 1317 1687 1388 ipsa
1719 1319 1828 1372 ulla
1863 1319 1918 1372 in
1951 1317 2055 1371 Pa-

461 1417 601 1465 trem
645 1409 859 1464 all‘ectio
899 1409 1210 1472 derivetur,
1249 1409 1500 1465 eumdem
1548 1417 1797 1466 creatum
1829 1409 2056 1466 conﬁte-

463 1518 607 1556 mur.
642 1501 807 1556 Iidem
834 1511 888 1556 et
915 1500 1180 1572 Spiritum
1206 1509 1458 1557 sanctum
1486 1501 1714 1556 omnino
1746 1509 2054 1556 creaturam

460 1610 587 1650 esse
618 1594 907 1649 deﬁniunt.
951 1594 1198 1665 Cumque
1243 1595 1554 1666 ὀμοούσιον,
1606 1594 1659 1649 id
1705 1603 1787 1651 est
1823 1595 2051 1649 consub-

463 1684 771 1739 stantialem
830 1699 860 1736 a
905 1682 1045 1738 Filio
1101 1686 1412 1755 repudient,
1458 1684 1789 1756 ὀμοιούσιον,
1837 1685 1942 1739 hoc
1973 1694 2057 1740 est

463 1774 764 1829 substantia
801 1776 1026 1829 similent
1065 1777 1380 1832 admittunt.
1418 1776 1575 1844 Quod
1634 1777 1813 1848 ipsum
1872 1785 2054 1832 tamen

463 1866 776 1938 όμοιούσιον
813 1865 1035 1936 quidam
1074 1883 1137 1922 es
1174 1868 1280 1924 illis
1315 1876 1603 1939 respuunt.

537 1958 602 2013 V.
644 1958 1148 2015 Pneumatomachi.
1207 1959 1283 2015 De
1331 1961 1550 2015 Christo
1606 1959 1696 2015 isti
1760 1974 1870 2014 non
1917 1959 2059 2014 male

467 2054 733 2116 sentiunt,
771 2053 867 2108 sed
905 2054 958 2108 in
991 2051 1253 2122 Spiritum
1296 2061 1548 2108 sanctum
1594 2054 1956 2108 contumelias
1981 2053 2064 2123 ja-

465 2143 642 2206 ciunt,
679 2159 806 2198 cum
847 2151 903 2198 et
931 2152 1177 2198 creatum
1220 2151 1560 2206 asseverant,
1597 2150 1650 2198 et
1697 2159 1725 2196 a
1768 2142 2062 2198 divinitate

465 2237 721 2308 rejiciaut
755 2257 767 2292 :
801 2240 909 2292 into
935 2252 1066 2291 vero
1099 2237 1366 2291 abusione
1399 2236 1635 2306 quadam
1660 2237 1810 2292 vocis
1840 2244 2062 2308 propter

467 2331 743 2385 actionem
797 2331 969 2399 ipsam
1019 2337 1266 2383 creatum
1314 2343 1437 2382 esse
1485 2328 1703 2390 dicant,
1757 2343 1857 2382 nec
1910 2325 2060 2382 aliud

466 2437 591 2477 esse
621 2421 922 2491 quidquam
964 2428 1161 2491 praeter
1193 2421 1300 2474 vim
1341 2420 1742 2474 sanctilicandi.

541 2512 632 2568 Vl.
673 2513 916 2568 Aeriani.
960 2513 1152 2567 Acrius
1187 2528 1217 2566 e
1255 2510 1430 2566 Ponto
1469 2511 1760 2574 oriundus,
1794 2511 2063 2582 hodieque

467 2619 664 2676 magna
701 2606 925 2659 humani
952 2606 1168 2674 generis
1200 2603 1512 2658 calamitate
1539 2611 1814 2674 superest.
1853 2600 2058 2657 Fuerat

467 2698 600 2752 ol'rm
637 2694 909 2751 Eustathii
940 2697 1184 2766 episcopi
1226 2696 1319 2766 qui
1352 2696 1545 2750 Ariani
1577 2694 1784 2750 erroris
1827 2695 2063 2749 insimu-

470 2791 615 2846 latus
649 2806 714 2845 ac
743 2789 1027 2861 depositus
1053 2797 1157 2854 est,
1189 2789 1476 2859 presbyter
1504 2806 1516 2841 :
1545 2785 1820 2858 qui,quod
1855 2786 2064 2855 episco-

469 2898 573 2954 pus
596 2898 693 2954 pro
714 2882 1004 2938 Eustathio
1028 2889 1246 2936 creatus
1273 2895 1381 2934 non
1410 2891 1579 2942 esset,
1606 2880 1774 2933 multa
1799 2879 2064 2933 adversus

467 2975 797 3029 catholicam
839 2973 1141 3028 Ecclesiam
1172 2973 1424 3042 dogmata
1461 2979 1810 3026 commentus
1848 2981 1933 3026 est
1957 2986 1972 3023 :
1999 2983 2064 3023 ac

468 3067 616 3139 quod
652 3065 720 3120 ad
755 3065 913 3121 ﬁdem
945 3067 1158 3129 attinet,
1201 3079 1499 3137 germanus
1535 3065 1648 3117 Arii
1685 3070 1924 3117 sectator
1953 3069 2060 3128 est;

470 3157 565 3213 sed
616 3157 853 3227 amplius
911 3155 1171 3227 quiddam
1239 3155 1552 3225 prolltetur,
1602 3153 1908 3209 oblationes
1965 3167 2064 3223 pro

2157 679 2318 742 Ἴσως
2365 677 2421 730 δέ
2459 675 2758 747 μεταγνοὺς
2811 674 2949 745 τάχα
2987 673 3177 726 ἐαυτὸν
3205 671 3573 744 διωρθώσατο,
3607 672 3643 744 ἦ
3684 673 3747 726 οἱ

2154 768 2320 826 αὑτοῦ
2349 768 2608 841 μαθηταί.
2640 767 2814 838 ’Υπὲρ
2843 765 3008 820 αὑτοῦ
3048 765 3159 838 γὰρ
3193 767 3289 820 καὶ
3329 765 3471 838 ὑπὲρ
3502 764 3612 818 τῶν
3641 765 3750 818 αύ-

2153 862 2249 916 τοῦ
2297 861 2554 934 μαθητῶν
2609 858 2880 932 όρθόδοξοί
2907 875 3051 922 τινες
3084 857 3196 930 (ιε)
3239 857 3421 930 μέσως
3463 858 3750 928 ὑπεραπο-

2154 956 2437 1026 λογοῦνται
2447 995 2460 1008 .

2227 1048 2301 1102 Δ’.
2354 1046 2682 1118 Ἦμιάρειοι,
2713 1045 2763 1098 oi
2801 1044 3038 1116 Χριστὸν
3069 1043 3168 1115 μὲν
3208 1041 3594 1114 ὁμολογοῦντες
3614 1082 3630 1107 ,
3661 1043 3747 1098 εί-

2159 1137 2358 1210 ρωνείᾳ
2404 1136 2459 1189 δὲ
2504 1135 2714 1206 κτίσμα
2740 1134 2904 1188 αὑτὸν
2941 1133 3240 1204 φάσκοντες
3262 1133 3399 1203 (49),
3429 1134 3529 1204 οὐχ
3569 1132 3644 1196 ὡς
3678 1132 3746 1185 ἓν

2155 1230 2265 1283 τῶν
2300 1228 2612 1300 κτισμάτων
2633 1245 2647 1260 ·
2683 1227 2844 1296 ἀλλὰ,
2883 1228 3070 1298 φασιν,
3111 1226 3240 1280 Υίδν
3273 1225 3436 1279 αὑτὸν
3479 1225 3745 1296 λέγομεν,

2155 1323 2246 1378 διὰ
2273 1323 2333 1376 δὲ
2365 1321 2425 1375 τὸ
2464 1323 2538 1393 μὴ
2568 1321 2743 1386 πάθος
2778 1320 3057 1391 προσάψαι
3090 1319 3267 1391 Πατρὶ
3295 1318 3384 1372 διὰ
3417 1316 3509 1371 τοῦ
3545 1334 3744 1387 γεγεν-

2157 1415 2404 1488 νηκέναι.
2453 1411 2672 1467 κτιστδν
2720 1411 2883 1466 αὐτὸν
2924 1411 3177 1482 λέγομεν.
3221 1409 3331 1464 Καὶ
3367 1410 3494 1481 περὶ
3541 1408 3598 1462 δέ
3642 1405 3744 1460 τοῦ

2157 1507 2475 1578 Πνεύματος
2501 1503 2594 1558 τοῦ
2629 1504 2782 1573 ἁγίου
2803 1503 3066 1566 ὡσαύτως
3093 1503 3299 1572 κτίσμα
3325 1498 3602 1563 παντελῶς
3628 1499 3748 1570 ὀρί-

2159 1598 2364 1665 ζονται,
2399 1597 2866 1671 παρεκσάλλοντες
2882 1593 3014 1649 Υίοῦ
3035 1593 3096 1646 τὸ
3121 1594 3470 1666 ὀμοούσιον,
3501 1591 3744 1660 ὁμοιού-

2158 1706 2298 1744 ator
2337 1689 2395 1742 δέ
2435 1687 2649 1742 θέλουσι
2691 1686 2891 1755 λέγειν.
2935 1684 3122 1738 ’Δλλοι
3152 1684 3207 1737 δὲ
3240 1683 3298 1750 ἐξ
3337 1682 3514 1736 αὐτῶν
3544 1683 3639 1735 καὶ
3677 1680 3749 1736 τδ

2159 1784 2508 1854 όμοιούσιον
2540 1799 2616 1834 πα
2624 1778 2927 1852 ρεξέδαλον.

2229 1963 2308 2016 E'.
2346 1955 2826 2029 Πνευματομάχοι.
2865 1945 3027 2008 Οὗτοι
3063 1951 3191 2024 περὶ
3226 1950 3324 2022 μὲν
3355 1948 3590 2022 Χριστοῦ
3627 1948 3744 2019 (50)

2159 2053 2342 2117 καλῶς
2374 2051 2578 2123 έχουσι,
2608 2050 2670 2103 τὸ
2699 2049 2756 2103 δέ
2789 2045 3017 2118 Πνεῦμα
3046 2044 3108 2098 τδ
3149 2045 3304 2112 ᾶγιον
3339 2041 3743 2114 βλασφημοῦσι,

2160 2147 2379 2203 κτιστδν
2407 2146 2540 2200 αὐτὸ
2571 2143 2905 2220 ὁριζόμενοι,
2935 2141 3029 2195 καὶ
3049 2140 3149 2192 οὐκ
3180 2139 3238 2192 ὃν
3259 2137 3322 2190 ἐκ
3347 2137 3443 2207 τῆς
3466 2137 3743 2208 θεότητος,

2164 2241 2364 2312 μᾶλλον
2415 2239 2472 2294 δὲ
2540 2233 2997 2307 καταχρηστικῶς
3053 2230 3196 2285 κατὰ
3266 2229 3403 2282 ίδίαν
3455 2227 3741 2298 ἐνέργειαν

2161 2311 2410 2400 ἐκτίσθη,
2438 2327 2762 2398 άγιαστικὴν
2779 2323 2942 2378 αὑτοῦ
2969 2323 2985 2354 ¹
3019 2321 3248 2392 δύναμιν
3270 2320 3569 2388 φάσκοντες
3599 2311 3745 2372 εἶναι

2165 2425 2350 2496 μόνον.

2234 2520 2324 2586 ς’.
2362 2511 2650 2586 Ἀεριανοί.
2671 2504 2838 2572 Οὗτος
2858 2510 2886 2562 ό
2915 2508 3121 2579 ’Λέριος
3143 2504 3250 2560 ἀπὸ
3272 2505 3472 2558 Πόντου
3493 2503 3745 2574 ὡρμᾶτο,

2162 2611 2242 2664 ἔτι
2270 2611 2325 2662 δὲ
2351 2607 2509 2678 δεῦρο
2528 2605 2773 2676 περίεστι
2801 2599 3105 2671 πειρασμὸς
3130 2597 3206 2669 τῷ
3229 2597 3348 2669 βίῳ.
3367 2595 3748 2669 Πρεσϐύτερος

2161 2698 2314 2764 οὗτος
2349 2698 2443 2752 τοῦ
2475 2697 2773 2750 ἐπισκόπου
2806 2692 3139 2755 Εύσταθίου,
3187 2693 3244 2744 ἐν
3289 2691 3584 2762 Ἀρειανοῖς
3628 2688 3748 2742 δια-

2163 2792 2474 2865 ϐληθέντος,
2521 2790 2614 2844 καὶ
2652 2787 2745 2842 τοῦ
2788 2787 3106 2839 ἐπισκοπεῖν
3141 2784 3484 2846 ἐκπεσόντος.
3526 2781 3746 2853 Ἐπειδὴ

2162 2888 2220 2942 δὲ
2249 2885 2411 2948 αὐτὸς
2449 2883 2658 2954 ’Λέριος
2686 2882 2748 2934 ού
2789 2879 3027 2947 κατέστη
3056 2877 3356 2940 ἐπίσκοπος
3381 2875 3503 2930 ἀντὶ
3532 2874 3747 2928 Εὑστα-

2165 2982 2303 3045 θίου,
2329 2977 2499 3034 πολλά
2520 2976 2663 3030 κατὰ
2684 2975 2783 3045 τῆς
2820 2971 3149 3042 Ἐκκλησίας
3180 2969 3522 3041 ἐδογμάτισε,
3548 2970 3614 3038 τῇ
3646 2967 3752 3038 μὲν

2166 3074 2348 3129 πίστει
2398 3071 2474 3125 ὢν
2513 3067 2793 3141 Ἀρειανδς
2843 3065 3212 3128 τελειότατος,
3262 3061 3640 3134 περιττότερον
3688 3058 3750 3111 δὲ

2164 3165 2506 3238 δογματίζει.
2557 3162 2649 3233 Μὴ
2703 3160 2813 3214 δεῖν
2889 3175 3040 3230 φησι·
3098 3155 3430 3228 προσφέρειν
3480 3152 3605 3224 περὶ
3635 3151 3752 3204 τῶν

469 3249 706 3304 mortuis
754 3263 864 3303 non
896 3263 1022 3303 esse
1071 3246 1370 3311 faciendas,
1407 3246 1618 3317 jejnnia
1660 3253 1871 3316 quarta:
1915 3246 2061 3300 ferite

2164 3257 2604 3328 κεκοιμημένων,
2638 3251 2922 3324 νηστεύειν
2947 3250 3004 3303 δὲ
3031 3247 3263 3317 τετράδα
3304 3245 3400 3299 καὶ
3429 3242 3750 3316 προσάϐϐα-

472 3351 524 3398 et.
552 3341 701 3397 feriae
729 3351 899 3397 senta:
927 3356 991 3396 ac
1023 3339 1492 3410 Quadragesima‘,
1519 3354 1728 3394 necnon
1750 3347 1804 3393 et
1828 3337 2061 3394 Pascha-

2164 3370 2256 3405 τον
2308 3319 2901 3418 καί-Τεσσαρακοστὴν
2956 3342 3050 3396 καὶ
3091 3341 3283 3410 Πάσχα
3329 3337 3546 3392 κωλύει.
3586 3336 3753 3388 Ἀπο-

471 3435 545 3488 tis
589 3433 862 3502 prohibet,
912 3448 1096 3486 rerum
1141 3433 1389 3486 omnium
1434 3431 1893 3485 renuntiationem
1925 3445 2061 3501 pm-

2165 3443 2358 3510 ταξίαν
2395 3441 2451 3495 δὲ
2489 3439 2778 3511 κηρύσσει,
2816 3434 3212 3507 σαρκοφαγίαις
3236 3431 3293 3486 δέ
3329 3430 3608 3494 παντοίαις
3655 3429 3753 3483 κέ-

472 3525 645 3589 dicat,
683 3525 934 3579 carnium
963 3539 1026 3578 ac
1049 3524 1372 3579 deliciarum
1408 3522 1474 3577 ad
1504 3522 1668 3577 vitam
1701 3538 1864 3578 omne
1892 3539 2061 3593 genus

2167 3552 2367 3607 χρηται
2422 3533 2517 3587 καὶ¹
2573 3532 2809 3602 τρυφαῖς
2863 3528 3054 3591 ἀδεῶς.
3088 3527 3152 3579 Εἰ
3203 3525 3260 3578 δέ
3298 3542 3382 3588 τις
3424 3523 3532 3576 τῶν
3575 3521 3753 3575 αὐτοῦ

474 3619 717 3672 adhibet.
749 3615 908 3682 Quod
957 3617 1002 3670 si
1027 3617 1152 3686 quis
1187 3622 1520 3671 sectatorum
1563 3629 1788 3670 suorum
1815 3613 2061 3685 jejunare

2171 3627 2430 3701 μαθητῶν
2462 3625 2705 3696 βούλοιτο
2750 3620 3054 3694 νηστεύειν,
3091 3619 3164 3690 μὴ
3205 3619 3265 3670 ἐν
3311 3616 3543 3688 ἡμέραις
3582 3631 3752 3666 τεταα

475 3716 639 3778 vclit,
692 3713 934 3770 deﬁnitis
983 3713 1087 3767 hoc
1139 3713 1331 3768 diebus
1384 3713 1566 3768 facere
1617 3712 1908 3784 prohibet,
1969 3711 2067 3768 sed

473 3806 696 3878 quando
740 3807 981 3862 libuerit.
1021 3808 1346 3877 Episc0pum
1388 3806 1549 3862 docet
1579 3805 1752 3861 nihilo
1794 3813 2061 3877 praestan-

473 3901 670 3954 tiorem
693 3914 816 3954 esse
847 3899 1188 3970 presbytero.

544 4032 564 4066 ³
591 4051 681 4102 γρ.
717 4034 868 4088 αύτό.

547 4145 660 4216 (l7)
692 4147 794 4210 Εἰς
819 4142 1150 4208 ἀπολογίας
1170 4139 1562 4216 δὲπολλάκις
1584 4139 1797 4216 ἐλθῴχ.
1836 4139 2066 4216 Damna-

475 4211 566 4270 tus
597 4211 765 4274 enim,
797 4224 851 4269 et
883 4218 1201 4285 episcopatu
1230 4211 1476 4280 dejectus
1507 4226 1655 4285 anno
1693 4211 1820 4271 336,
1842 4226 1876 4285 _a
1909 4213 2056 4285 Gon-

477 4282 967 4354 stantinopolitatio
1002 4287 1330 4354 Arianorum
1361 4282 1622 4354 concilio,
1657 4283 1944 4354 epistolam
1976 4283 2058 4335 in-

475 4367 561 4411 ter
603 4350 798 4409 caetera
843 4354 991 4408 dedit
1023 4352 1090 4404 ad
1141 4351 1348 4406 Julium
1390 4350 1709 4406 Romanum'
1737 4353 2058 4422 pontiﬁcem,

474 4435 531 4481 et
573 4436 733 4479 recta:
771 4441 885 4478 suae
932 4423 1051 4477 ﬁdei
1086 4423 1504 4493 professionem,
1537 4439 1700 4493 quam
1735 4423 1928 4478 haeresi
1968 4422 2056 4484 72,

476 4499 532 4550 in
559 4496 795 4550 Panario
824 4491 1193 4550 refertnoster
1212 4491 1569 4562 Epiphanius;
1593 4491 1820 4546 Romam
1842 4493 2062 4552 deinde.

479 4578 538 4620 ut
582 4568 796 4636 plenius
830 4581 888 4620 se
933 4572 1210 4633 purgaret,
1250 4565 1397 4617 venit
1428 4580 1572 4618 anno
1619 4565 1745 4629 5w,
1772 4572 1827 4636 et
1871 4565 1972 4617 hac
2007 4564 2061 4616 in

477 4635 612 4691 urbe
654 4652 748 4705 per
777 4649 980 4705 annum
1012 4644 1256 4687 moratus
1288 4641 1372 4705 est
1405 4642 1457 4687 et
1485 4650 1702 4688 menses
1735 4635 1962 4703 aliquot.

547 4703 667 4778 (48)
706 4704 1046 4778 Ὀρθόδοξοί
1089 4721 1267 4778 τινες.
1299 4703 1978 4778 Constatct_absolutum,
2009 4711 2064 4758 et

476 4775 816 4846 episcOpatui
863 4775 1187 4829 innocentiae
1234 4783 1323 4846 iet
1351 4775 1695 4846 orthodoxia:
1743 4789 1938 4846 causa
1976 4789 2064 4828 re-

479 4843 731 4901 stitutum
763 4846 934 4901 fuisse
968 4854 1080 4898 tum
1130 4848 1197 4898 ah
1223 4845 1377 4914 Julior
1397 4845 1674 4914 pontiﬁce,
1711 4843 2066 4914 quemadmo-

478 4919 610 4971 dum
649 4919 764 4986 ipse
795 4920 870 4970 ait
893 4919 948 4969 in
975 4915 1219 4984 Epistula
1251 4917 1318 4969 ad
1346 4913 1647 4970 Orientales
1666 4913 1813 4986 data,
1838 4930 2066 4969 numero

474 4988 631 5058 juxta
658 4985 802 5040 Petri
828 4986 1138 5042 Constantii
1164 4987 1390 5040 edition.
1421 4986 1485 5040 16
1505 4995 1656 5058 ;tum
1689 5001 1717 5038 a
1752 4985 2063 5058 Sardicensi

480 5056 839 5112 celeberrimo
860 5059 1116 5120 concilio,
1159 5058 1237 5110 uti
1281 5065 1466 5126 aperte
1508 5057 1790 5126 declarant
1821 5056 2067 5125 epistola:

480 5129 628 5182 illius
659 5128 952 5196 synodicte.
991 5126 1045 5179 Si
1078 5135 1258 5180 autem
1287 5125 1547 5190 Sabellio,
1583 5125 1753 5181 Paulo
1803 5126 2066 5179 Samosa-

483 5209 630 5264 teno,
661 5197 893 5251 Photino
913 5197 982 5251 ob
1007 5211 1259 5251 errorum
1289 5196 1746 5252 necessitudinem
1771 5197 2065 5267 quamdam

484 5267 1056 5338 iungiturMarcellus
1090 5268 1158 5321 ab
1190 5268 1425 5338 Eusebio
1454 5265 1802 5338 Caesariensi,
1837 5265 2064 5338 llilario,

501 5334 682 5394 iasilto
714 5337 929 5408 Magno,
958 5338 1202 5406 Sulpicio
1233 5337 1454 5408 Severo,
1475 5337 1830 5408 Hieronymo,
1855 5334 2068 5408 Joanne

479 5406 896 5480 Cbrysostomo,
930 5418 984 5463 et
1004 5411 1152 5480 aliis,
1178 5407 1271 5478 qui
1297 5417 1426 5462 sunt
1456 5408 1598 5462 inter
1624 5406 1832 5471 Patres,
1863 5407 2067 5476 quique

482 5479 672 5534 hacin
705 5494 763 5532 re
795 5479 1016 5548 allegari
1067 5480 1300 5542 soleant,
1333 5491 1584 5548 quorum_
1612 5492 1862 5541 numero,
1892 5485 1946 5530 et
1973 5491 2068 5548 au—

482 5552 738 5604 ctoritate
771 5545 952 5605 motus
982 5549 1250 5602 Baronius
1275 5545 1508 5602 credidit
1537 5545 1848 5602 Marcellum
1881 5555 1935 5601 et
1965 5545 2066 5600 Ju-

482 5622 575 5683 lio,
597 5627 650 5673 et
667 5619 1091 5674 Sardicensibus
1119 5618 1373 5674 Patrihus
1401 5619 1750 5687 imposuisse,
1771 5617 2065 5672 admodum

481 5692 778 5744 verisimile
806 5699 890 5746 est
947 5704 1043 5744 eos
1077 5705 1269 5744 omnes
1321 5690 1578 5758 abreptos
1631 5688 1805 5743 fuisse
1856 5688 2066 5756 judiclo

485 5761 646 5814 unius
682 5759 900 5814 Eusebii
931 5760 1308 5823 Caesariensis,
1350 5759 1442 5829 qui
1475 5760 1762 5829 memorati
1808 5759 2066 5828 superius

483 5829 702 5883 concilii
727 5829 1319 5898 Coustantinopolitani
1347 5828 1602 5883 mandato
1625 5828 1765 5884 duos
1795 5829 2065 5898 principio

2168 3721 2420 3791 γμέναις,
2453 3717 2642 3788 φησὶν,
2690 3713 2805 3768 ἀλλ’
2836 3714 2924 3766 ὅτε
2976 3710 3172 3782 βούλει.
3216 3709 3418 3762 Φάσκει
3465 3706 3523 3760 δέ
3579 3705 3755 3777 μηδὲν

2169 3806 2308 3864 εἶναι
2335 3806 2740 3881 διαφορώτερον
2767 3805 3064 3857 ἐπίσκοπον
3095 3799 3492 3871 πρεσϐυτέρου.

2173 4142 2440 4196 adversus
2471 4141 2783 4196 Marcellum
2821 4139 3042 4210 scripsit
3069 4138 3260 4210 libros,
3287 4146 3345 4210 ut
3377 4153 3440 4194 ea
3468 4139 3755 4210 impete-ret

2167 4229 2288 4283 quae
2318 4213 2406 4266 ille
2421 4223 2694 4283 posuerat
2721 4211 2776 4264 in
2807 4209 3089 4283 Asterium
3114 4209 3512 4283 Cappadocem.
3542 4209 3757 4266 Deinde

2167 4281 2360 4337 contra
2385 4282 2696 4336 Marcellum
2725 4282 2975 4351 eumdem
3005 4281 3242 4351 vulgavit
3275 4289 3383 4335 tres
3399 4281 3585 4351 libros
3610 4284 3757 4339 alios

2173 4354 2309 4420 Περὶ
2334 4353 2445 4421 τῆς
2482 4348 3005 4418 ἐκκλησιαστικῆς
3031 4348 3371 4420 Θεολογίας.
3398 4349 3559 4406 Hisce
3585 4367 3757 4421 porro

2172 4424 2226 4477 in
2263 4425 2504 4493 quinque
2539 4424 2694 4493 libris
2736 4432 2794 4476 ut
2824 4421 3244 4493 Sabellianismo
3282 4421 3523 4490 pollutus
3559 4425 3755 4493 exagi-

2172 4491 2319 4547 tatu’r
2368 4491 2554 4547 in‘l'elix
2604 4492 2914 4547 Marcellus.
2953 4493 3020 4562 At
3069 4491 3364 4562 multorum
3420 4499 3474 4546 et
3528 4491 3754 4562 quidem

2169 4565 2619 4633 gravissimorum
2646 4565 2889 4618 virorum
2913 4561 3448 4633 fopiuioneiinjuria,
3485 4561 3568 4617 vel
3599 4565 3757 4632 quod

2164 4631 2320 4689 falsis
2345 4635 2493 4704 vulgi
2519 4635 2831 4689 rumoribus
2857 4632 3149 4704 adhaeserit
3173 4631 3464 4704 Eusebius,
3489 4635 3571 4688 vel
3599 4631 3758 4688 Aria-

2163 4720 2359 4759 norum
2399 4702 2705 4768 fraudibus,
2735 4713 2789 4758 et
2847 4702 3104 4758 factionis
3159 4704 3344 4756 studio
3385 4703 3547 4757 fuerit
3590 4705 3757 4759 dece-

2165 4786 2323 4845 ptus;
2360 4776 2442 4829 vel
2473 4778 2576 4828 alia
2602 4775 2816 4843 quavis,
2849 4788 2970 4843 quae
3002 4788 3102 4827 nos
3129 4774 3311 4836 lateat,
3340 4788 3510 4845 causa
3541 4788 3569 4825 a
3597 4774 3756 4845 veri-

2165 4843 2293 4900 tatis
2322 4847 2495 4900 nitore
2526 4848 2816 4905 abductus,
2844 4860 2940 4899 eos
2971 4845 3213 4914 quinque
3243 4843 3526 4914 scripserit
3553 4844 3752 4900 libros.

2236 4917 2345 4986 (49)
2381 4918 2613 4984 Κτίσμα
2656 4915 2843 4970 αὐτὸν
2873 4914 3232 4986 φάσκοντες.
3279 4913 3411 4980 Qua:
3439 4917 3521 4986 de
3574 4916 3760 4968 Senti-

2165 4985 2370 5042 arianis
2396 4989 2496 5040 hoc
2512 4988 2565 5040 in
2590 4989 2709 5041 loco
2734 4989 2894 5041 habet
2917 4985 3272 5054 Epiphanius,
3301 4985 3556 5040 omnibus
3578 4995 3760 5051 certe,

2205 5059 2256 5110 ui
2293 5057 2618 5112 Sezniariani
2643 5058 2810 5112 habiti
2839 5065 2987 5118 sunt,
3022 5057 3315 5126 convenire
3347 5070 3456 5109 non
3494 5066 3758 5126 possunt.

2205 5075 2256 5110 ut
2293 5074 2618 5112 bezntartant
2643 5074 2810 5112 nanitt
2839 5074 2987 5118 sunt,
3022 5074 3315 5109 convenire
3347 5074 3456 5109 non
3494 5074 3758 5126 possunt.

2165 5074 2297 5193 alia:
2345 5129 2560 5180 illorum
2609 5128 2773 5182 fuerit
2823 5125 3096 5182 sententia
3136 5141 3245 5179 non
3291 5126 3516 5180 aliunde
3553 5127 3762 5182 melius

2165 5199 2423 5268 dignosci
2462 5207 2660 5268 potest,
2709 5212 2972 5268 quantex
3014 5196 3166 5250 Actis
3206 5197 3508 5268 Ancyranae
3556 5199 3762 5266 synodi

2167 5266 2293 5320 anni
2335 5266 2827 5337 338.7llcjiciebant
2863 5267 2938 5319 illi
2971 5280 3173 5337 voc_em_
3206 5266 3514 5334 ὀμοούσιον,
3563 5278 3765 5337 utpote

2167 5356 2287 5408 que
2315 5340 2370 5391 in
2400 5335 2602 5394 divinis
2632 5356 2738 5392 non
2766 5339 3034 5407 reperitur
3059 5335 3392 5404 Scripturis;
3423 5335 3766 5408 Filiuin'Deo

2168 5407 2317 5462 Patri
2352 5423 2448 5478 per
2496 5411 2702 5469 omnia.
2737 5417 2792 5463 et
2844 5408 3055 5462 ratione
3101 5415 3332 5472 natura,
3381 5408 3503 5462 κατ’
3538 5407 3765 5474 οὐσίαν,

2168 5480 2401 5534 similent
2433 5478 2712 5548 dicebant,
2737 5486 2792 5533 et
2815 5478 3144 5548 ὁμοιούσιον.

2240 5547 2350 5620 (50)
2389 5544 2564 5603 Οὗτοι
2598 5550 2731 5616 περὶ
2753 5544 3209 5620 μένΧριστοῦ,
3241 5567 3294 5603 κ.
3329 5565 3380 5604 τ.
3412 5546 3462 5602 λ.
3517 5545 3769 5620 omnino

2168 5618 2357 5674 verum
2387 5635 2496 5673 non
2531 5629 2613 5675 est
2641 5622 2709 5674 de
2739 5618 2960 5674 Christo
2990 5633 3100 5673 non
3131 5621 3272 5676 tuale
3297 5621 3540 5675 sensisse
3569 5618 3767 5676 Pneu-

2168 5690 2568 5761 matomachos,
2609 5691 2724 5745 sive
2757 5689 3194 5761 Macedonianps
3219 5707 3234 5756 ;
3259 5699 3416 5745 erant
3453 5689 3600 5761 enim
3636 5696 3767 5761 ple—

2169 5776 2402 5833 rumque
2445 5759 2790 5833 semiariapi.
2836 5759 3075 5815 Consule
3115 5755 3394 5816 Socratem
3447 5759 3589 5833 Hist.
3623 5755 3768 5817 ἔδει.

2172 5833 2206 5886 l.
2245 5829 2462 5903 n,'cap.
2492 5829 2581 5898 45,
2612 5839 2667 5887 et
2695 5830 3061 5886 Sozomenum
3093 5833 3186 5889 lib.
3223 5848 3296 5895 Iv,
3324 5844 3446 5899 cap.
3481 5831 3571 5886 27.
