4118 6402
403 338 512 397 8⁸75

1707 329 2369 388 ANACEPIIALIEOSIS.

3577 329 3680 385 δτι

474 454 552 509 Z'.
596 452 877 509 Ἀετιανοί.
921 452 986 507 Οἱ
1025 450 1134 506 ἀπὸ
1181 451 1392 505 Ἀετίου
1437 450 1533 505 τοῦ
1584 449 1812 510 Κίλικος
1859 449 1992 503 δια-

2165 449 2281 505 VII.
2322 448 2561 504 Aetiani.
2613 446 2790 516 Hujus
2837 447 3064 504 haeresis
3091 447 3284 505 Aetius
3327 447 3548 520 quidam
3594 452 3682 507 in-

406 545 567 600 κὸνου
593 544 890 617 γενομένου
935 544 1042 597 ὑπὸ
1084 543 1362 618 Γεωργίου
1399 543 1492 597 τοῦ
1538 540 1647 596 τῶν
1693 542 1990 612 Ἀρειανῶν

2108 551 2288 594 ientor
2323 538 2557 605 exstitit,
2593 553 2794 608 genere
2834 537 2971 592 Cilix
2993 579 3008 600 ,
3057 538 3152 608 qui
3190 553 3221 592 a
3258 536 3490 611 Georgio
3524 540 3682 595 Aria-

407 639 712 692 ἐπισκόπου
753 637 854 708 τῆς
899 635 1325 708 Ἀλεξανδρείας,
1361 638 1410 690 οἱ
1451 637 1546 690 καὶ
1585 636 1852 707 Ἀνόμοιοι
1894 651 1995 690 κα-

405 729 683 798 λούμενοι,
724 729 880 802 παρά
922 747 1064 784 τισιν
1094 728 1422 800 Εὑνομιανοὶ
1458 728 1525 781 δι’
1555 727 1821 799 Εὐνόμιόν
1870 744 1993 780 τινα

413 824 664 897 μαθητὴν
706 823 914 877 Ἀετίου
957 823 1268 894 γενόμενον,
1302 822 1398 876 καὶ
1445 821 1526 875 ἔτι
1572 821 1853 893 περιόντα.
1890 822 1995 876 Σὺν

409 917 598 980 αὐτοῖς
628 916 687 970 δὲ
726 911 795 986 ἦν
831 916 924 970 καὶ
955 915 1203 980 Εύδόξιος
1241 913 1617 986 Ἀρειανίζων,
1649 913 1786 968 ἀλλὰ
1837 913 1996 986 δῆθεν

408 1007 498 1060 διὰ
524 1007 614 1060 τὸν
644 1005 786 1078 πρὸς
849 1006 948 1060 τὸν
979 1006 1204 1076 βασιλέα
1231 1007 1642 1060 Κωνσταντῖνον
1672 1005 1859 1076 φόϐον,
1893 1006 1999 1074 ἀφ-

407 1097 608 1171 ώρισεν
634 1097 844 1162 ἑαυτὸν,
872 1097 963 1152 καὶ
1003 1097 1162 1170 μόνος
1197 1096 1401 1160 Ἀέτιος
1437 1095 1725 1168 ἐξωρίσθη.
1772 1095 1996 1168 Ἔμεινε

414 1190 654 1265 μέντοιὸ
696 1190 947 1255 Εὐδόξιος
979 1190 1352 1263 Ἀρειανίζων,
1387 1191 1448 1244 ού
1507 1190 1692 1261 μέντοι
1728 1205 1792 1258 γε
1857 1189 1999 1243 κατὰ

408 1282 500 1336 τὸν
536 1281 765 1338 Ἀέτιον.
815 1276 976 1337 Οὗτοι
1006 1283 1055 1335 oi
1114 1281 1381 1353 Ἀνόμοιοι
1408 1282 1503 1336 καὶ
1562 1281 1828 1335 Ἀετιανοὶ
1859 1297 1999 1333 παν-

409 1371 616 1425 τάπασι
645 1370 882 1442 Χριστὸν
915 1373 1009 1424 καὶ
1039 1371 1100 1424 τὸ
1129 1372 1284 1439 ἂγιον
1316 1369 1543 1442 Πνεῦμα
1574 1369 1998 1440 ἀπαλλοτριοῦσι

410 1461 568 1528 Θεοῦ,
593 1462 813 1516 κτιστὸν
836 1461 998 1516 αὐτὸν
1025 1460 1518 1532 διαϐεϐαιούμενοι,
1543 1461 1638 1514 καὶ
1665 1460 1788 1514 οὐδὲ
1813 1461 1997 1532 ὁμοιό-

409 1555 551 1626 τητά
601 1571 720 1608 τινα
781 1554 925 1626 ἔχειν
975 1553 1247 1622 λέγουσιν.
1311 1555 1406 1607 Ἐκ
1460 1552 1837 1624 συλλογισμῶν
1889 1552 1999 1625 γὰρ

423 1646 872 1718 Ἀριστοτελικῶν
918 1647 1013 1700 καὶ
1059 1646 1452 1718 γεωμετρικῶν
1481 1645 1572 1699 τὸν
1605 1645 1738 1699 Θεὸν
1772 1645 1994 1717 Πατέρα

411 1741 684 1812 παριστᾷν
719 1739 1018 1810 βούλονται,
1055 1739 1150 1791 καὶ
1189 1737 1424 1808 Χριστὸν
1457 1737 1533 1808 μὴ
1558 1734 1819 1790 δύνασθαι
1856 1730 1999 1789 εἶναι

2096 647 2292 687 norum
2318 631 2659 687 Alexandriae
2680 632 2940 701 episcopo
2963 631 3230 687 diaconus
3259 631 3547 688 ordinatus
3574 644 3680 690 est.

2096 728 2396 780 Anomoeos
2429 724 2551 778 illos
2594 723 2889 793 appellant,
2932 723 3023 777 alii
3052 723 3425 780 Eunomianos
3469 726 3683 797 1132

2099 817 2168 871 ab
2201 813 2469 870 Eunomio
2507 814 2747 885 quodam
2780 813 2923 868 Aetii
2964 813 3256 884 discipulo,
3291 815 3384 884 qui
3415 814 3521 870 hoc
3551 827 3686 870 lem-

2100 923 2231 979 pore
2279 913 2547 977 superest.
2597 905 2735 960 Cum
2775 906 2856 960 eis
2893 915 3012 960 erat
3053 913 3108 961 et
3156 905 3438 961 Eudoxius
3489 909 3686 962 Ariani

2100 1001 2374 1074 dogmatis
2401 1018 2414 1053 :
2447 998 2544 1054 sed
2573 997 2881 1054 Constantii
2914 998 3264 1068 imperatoris
3305 1006 3452 1054 metu
3485 999 3686 1054 abillis

2103 1111 2162 1150 se
2187 1095 2511 1165 segregavit,
2539 1108 2604 1148 ac
2638 1093 2792 1148 solus
2825 1092 3018 1148 Aetius
3065 1093 3339 1163 relegatus
3367 1101 3471 1158 est,
3506 1107 3687 1163 quan-

2101 1199 2264 1254 quam
2314 1185 2372 1238 in
2411 1183 2616 1238 Ariano
2662 1182 2917 1254 dogmate
2953 1182 3235 1238 Eudoxius
3275 1185 3684 1253 perseveravit,

2103 1277 2200 1333 sed
2221 1277 2437 1332 Aetium
2468 1277 2695 1331 minime
2723 1284 2949 1332 secutus
2971 1285 3076 1332 est.
3101 1275 3274 1330 Porro
3294 1276 3546 1332 Anonitni
3571 1279 3689 1333 sive

2101 1369 2319 1424 Actiani
2365 1369 2644 1424 Christum
2677 1377 2731 1423 et
2759 1367 3024 1438 Spiritum
3075 1379 3326 1424 sanctum
3355 1383 3386 1422 a
3420 1367 3531 1424 Deo
3562 1369 3690 1424 fun-

2101 1465 2249 1519 ditus
2297 1463 2536 1517 alienum
2574 1477 2697 1518 esse
2729 1461 3061 1532 praedicant,
3112 1476 3250 1532 quos
3279 1469 3496 1516 creatos
3527 1477 3686 1526 esse,

2103 1572 2284 1627 neque
2348 1555 2651 1626 quidquam
2715 1555 2916 1610 habere
2977 1553 3356 1609 similitudinis
3408 1564 3683 1610 asserunt.

2102 1650 2315 1720 Quippe
2345 1647 2682 1720 syllogismis
2714 1647 3042 1717 quibusdam
3076 1645 3442 1702 Aristotelicis
3468 1661 3532 1701 ac
3560 1661 3689 1716 geo—

2102 1741 2349 1797 metricis
2394 1741 2564 1796 Deum
2598 1737 2818 1794 Patrem
2863 1738 3242 1794 demonstrare
3287 1739 3543 1806 student;
3585 1740 3688 1794 iis-

410 1830 477 1883 ὲκ
542 1830 678 1883 Θεοῦ
738 1830 828 1883 διὰ
881 1828 1123 1882 τοιοῦτον
1178 1829 1399 1900 τρόπον.
1475 1829 1539 1881 Οἱ
1588 1827 1645 1880 δὲ
1685 1827 1780 1881 ἀπ’
1835 1826 1998 1881 αὑτοῦ

2108 1832 2340 1902 demque
2380 1833 2614 1902 probare
2647 1830 2925 1886 Christum
2960 1845 2991 1883 a
3023 1829 3134 1885 Deo
3167 1830 3301 1884 oriri
3342 1846 3451 1885 non
3501 1845 3684 1900 posse.

410 1923 737 1993 Εὐνομιανοὶ
780 1922 1127 1994 καλούμενοι,
1162 1919 1590 1985 ἀναϐαπτίζουσι
1635 1920 1846 1982 πάντας
1873 1922 2000 1984 τοὺς

411 2011 551 2083 πρὸς
589 2012 788 2076 αὐτοὺς
831 2012 1184 2083 ἐρχομένους,
1229 2011 1291 2064 ού
1349 2011 1510 2082 μόνον
1548 2009 1684 2062 ἀλλὰ
1737 2010 1832 2062 καὶ
1875 2010 2000 2072 τοὺς

423 2103 742 2175 Ἀρειανῶν.
789 2103 1247 2169 Ἀναϐαπτίξουσι
1273 2103 1330 2157 δὲ
1380 2102 1524 2156 κατὰ
1575 2101 1852 2173 κεφαλῆς,
1890 2102 2002 2156 ἄνω

410 2197 540 2258 τοὺς
569 2195 740 2260 πόδας
776 2197 1102 2266 στρέφοντες
1127 2196 1238 2250 τῶν
1270 2194 1701 2266 βαπτιζομένων,
1729 2193 1805 2256 ὡς
1834 2193 2002 2256 πολὺς

411 2287 594 2361 ᾄδεται
634 2288 813 2358 λόγος.
847 2289 921 2342 Τὸ
975 2290 1032 2343 δὲ
1070 2289 1340 2360 σφαλῆναί
1387 2306 1510 2342 τινα
1567 2291 1625 2344 ἐν
1687 2287 1916 2357 πορνείᾳ
1964 2288 1998 2359 ἢ

412 2383 580 2454 ἑτέρᾳ
607 2383 876 2456 ἁμαρτία,
921 2383 1074 2436 οὐδὲν
1107 2378 1248 2437 εἷναί
1281 2400 1446 2453 φασιν
1467 2399 1480 2411 ·
1515 2381 1670 2434 οὐδὲν
1696 2380 1804 2451 γὰρ
1847 2379 2004 2453 ζητεῖ

410 2479 442 2532 ὁ
472 2476 626 2541 Θεὸς,
653 2476 790 2532 ἀλλὰ
816 2477 878 2532 τὸ
905 2473 1047 2532 εἷναί
1069 2494 1192 2531 τινα
1223 2477 1283 2532 ὲν
1314 2480 1380 2549 τῇ
1412 2476 1593 2532 αὐτῶν
1625 2477 1806 2530 πίστει
1839 2477 1998 2548 μόνον

411 2568 687 2638 λέγουσιν.

483 2654 656 2715 Λῦταί
683 2663 822 2715 εἰσιν
855 2659 1059 2732 ὁμοίως
1089 2659 1185 2713 καὶ
1214 2660 1272 2713 αἱ
1309 2657 1405 2712 τοῦ
1449 2659 1634 2728 τρίτου
1668 2658 1876 2730 βιϐλίου
1907 2655 2002 2711 τοῦ

415 2751 636 2821 πρώτου
667 2753 859 2825 τόμου,
897 2753 1059 2806 ἕκτου
1098 2750 1155 2803 δὲ
1183 2751 1337 2814 ὄντος
1359 2750 1502 2804 κατὰ
1533 2750 1632 2822 τὴν
1659 2749 2001 2812 ἀκολουθίαν,

414 2845 678 2915 αἱρέσεις.

2106 1923 2435 1979 Eunomiaui
2465 1940 2592 1980 vero
2621 1925 2689 1979 ab
2723 1925 2843 1997 ipso
2872 1922 3124 1994 profecti,
3157 1941 3349 1981 omnes
3390 1925 3486 1996 qui
3525 1925 3594 1980 ad
3627 1941 3690 1981 se

2109 2016 2370 2080 veniunt,
2423 2017 2620 2071 iterato
2669 2016 2970 2087 baptizant,
3008 2032 3118 2071 non
3152 2018 3457 2074 catholicos
3507 2021 3690 2075 solum

2110 2106 2206 2163 sed
2234 2108 2317 2164 vel
2364 2106 2600 2164 Arianos
2630 2107 2802 2179 ipsos,
2841 2108 3007 2178 idque
3033 2124 3098 2163 eo
3131 2109 3292 2164 modo
3312 2149 3327 2176 ,
3371 2118 3428 2164 ut
3457 2110 3690 2181 pedibus

2111 2212 2333 2254 sursum
2363 2199 2647 2254 conversis
2676 2198 2732 2252 in
2756 2199 2934 2268 capite
2960 2198 3084 2254 illos
3111 2198 3418 2269 baptizent;
3451 2200 3597 2271 quod
3621 2202 3693 2257 de

2109 2287 2220 2343 illis
2251 2289 2589 2358 percrebuit.
2631 2287 3072 2345 Fornicationem
3110 2301 3203 2344 aut
3228 2292 3374 2346 aliud
3407 2292 3692 2363 quodlibet

2109 2389 2395 2452 peccatum
2440 2382 2578 2436 nihil
2619 2398 2743 2440 esse
2775 2383 3031 2438 dictitant
3065 2399 3286 2456 :neque
3327 2387 3471 2441 enim
3519 2385 3692 2442 Deum

2109 2473 2256 2528 aliud
2309 2489 2576 2544 quaerere,
2606 2489 2771 2544 quam
2813 2483 2872 2530 ut
2903 2476 2962 2530 in
2991 2489 3054 2531 ea
3084 2464 3201 2531 scla
3233 2492 3397 2548 quam
3427 2479 3529 2548 ipsi
3561 2493 3694 2549 pm-

2111 2563 2317 2630 dicaut,
2360 2565 2463 2621 ﬁde
2489 2574 2888 2636 perseveretur.

2182 2659 2278 2716 Ha:
2318 2671 2447 2717 sunt
2473 2661 2713 2718 haereses
2753 2661 2888 2717 tomi
2918 2659 2938 2714 l
2968 2662 3095 2718 libri
3128 2662 3274 2720 tertii
3304 2664 3398 2735 qui
3435 2664 3690 2722 instituto

2111 2753 2305 2809 ordine
2336 2763 2528 2810 sextus
2559 2762 2669 2810 est.

1487 2987 1872 3048 ILEBESES
1915 2985 2122 3047 TOMI
2166 2983 2224 3044 ll
2281 2983 2490 3043 LIBRI
2529 2983 2642 3045 III.

499 3130 590 3184 Ἐν
616 3129 674 3183 δὲ
714 3127 793 3200 τῷ
825 3127 1063 3200 δευτέρῳ
1123 3129 1275 3200 τόμῳ
1321 3127 1415 3182 τοῦ
1473 3127 1636 3182 αὑτοῦ
1689 3129 1872 3201 τρίτου
1929 3128 2002 3198 βι-

2187 3126 2433 3197 Denique
2461 3127 2584 3182 libri
2618 3141 2678 3180 ιιι
2710 3135 2892 3183 tomus
2919 3125 2985 3194 ll,
3021 3129 3113 3198 qui
3164 3135 3250 3184 est
3285 3136 3557 3187 tomorum
3607 3151 3695 3190 or-

417 3223 594 3288 ϐλίου,
624 3221 839 3292 ἑϐδόμῳ
875 3220 932 3273 δὲ
957 3219 1074 3274 ὄντι
1117 3221 1238 3274 καθ’
1262 3224 1328 3291 ἣν
1368 3221 1594 3292 εἴπομεν
1623 3222 1909 3294 διαίρεσιν,
1947 3225 2004 3276 ὲν

415 3309 464 3385 ᾧ
495 3315 591 3369 καὶ
615 3314 676 3368 τὸ
703 3313 854 3376 τέλος
888 3312 1070 3382 πάσης
1117 3313 1238 3366 ἐστὶ
1269 3315 1368 3385 τῆς
1405 3315 1813 3386 πραγματείας,
1857 3315 2008 3386 αἱρέ-

419 3426 535 3472 σεις
559 3409 667 3461 εἰσὶ
701 3406 986 3476 τέσσαρες,
1019 3404 1219 3468 οὕτως*

487 3503 568 3554 A’.
601 3501 911 3571 Διμοιρῖται
936 3499 987 3551 οί
1025 3499 1120 3550 καὶ
1147 3497 1603 3566 Ἀπολλιναρῖται,
1623 3501 1677 3553 οἱ
1700 3500 1775 3570 μὴ
1796 3499 2006 3553 τελείαν

417 3595 518 3666 τὴν
554 3589 649 3645 τοῦ
701 3589 940 3662 Χριστοῦ
985 3588 1399 3660 ὲνανθρώπησιν
1451 3590 1875 3660 ὁμολογοῦντες*
1932 3585 2007 3644 ὧν

417 3703 564 3749 τινες
584 3683 872 3756 όμοούσιον
904 3684 972 3754 τῇ
1004 3681 1218 3753 θεότητι
1244 3683 1307 3735 τὸ
1334 3682 1492 3753 σῶμα
1516 3681 1783 3750 λέγουσιν.
1824 3683 2005 3736 Ἐτόλο

423 3793 605 3848 μησαν
642 3774 698 3828 δέ
734 3773 866 3828 ποτέ
908 3790 1054 3836 τινες
1087 3771 1147 3837 ἐξ
1178 3772 1356 3827 αὐτῶν
1385 3773 1480 3826 καὶ
1509 3772 1668 3826 τοῦτο
1703 3776 1896 3838 εἰπεῖν,
1926 3774 2009 3828 ὅτι

418 3867 600 3937 ψυχὴν
626 3865 728 3918 οὐκ
772 3863 996 3932 εἴληφεν
1023 3864 1052 3916 ὁ
1091 3861 1349 3935 Χριστὸς,
1397 3862 1672 3916 καὶτοῦτο
1713 3863 2007 3935 ἠρνοῦντο.

419 3957 578 4019 Τινὲς
600 3956 658 4010 δὲ
681 3954 769 4009 διὰ
797 3953 892 4008 τοῦ
921 3952 1092 4026 ῥητοῦ
1120 3954 1202 4019 τὸ,
1247 3955 1301 4006 '0
1334 3956 1528 4024 Λόγος
1564 3954 1723 4024 σὰρξ
1751 3955 2008 4024 ἐγένετο,

419 4048 852 4121 ὲπερειδόμενοι,
887 4048 904 4078 ⁸
948 4048 1012 4100 τὸ
1067 4047 1176 4101 ἀπὸ
1233 4047 1458 4118 κτιστῆς
1506 4047 1732 4120 σαρκὸς,
1763 4048 2011 4102 τουτέστι

420 4141 662 4213 Μαρίας,
688 4140 793 4211 (τὸ)
854 4139 1035 4211 σάρκα
1078 4139 1242 4194 αὐτὸν
1293 4140 1604 4212 εἰληφέναι·
1649 4141 1811 4212 μόνον
1861 4142 2012 4209 φιλο-

421 4233 618 4296 νείκως
639 4235 660 4265 ¹
691 4231 876 4300 ἔλεγον
899 4231 990 4284 τὸν
1011 4231 1184 4300 Λόγον
1200 4233 1378 4303 σάρκα
1396 4233 1744 4304 γεγενῆσθαιο
1777 4232 2007 4307 ὕστερον

422 4322 829 4394 διανοούμενοι,
867 4322 969 4375 οὐκ
1021 4318 1138 4376 οἶδα
1181 4323 1275 4376 δθό
1299 4339 1372 4390 τι,
1402 4323 1525 4377 νοῦν
1571 4323 1734 4378 αὐτόν
1762 4338 1894 4393 φασι
1937 4324 2012 4395 μὴ

425 4416 732 4489 εἰληφέναι.

492 4597 569 4651 B'.
615 4594 1219 4665 Ἀντιδικομαριανῖται,
1254 4594 1304 4646 οἱ
1342 4594 1441 4665 τὴν
1476 4593 1638 4663 ἁγίαν
1661 4593 1884 4664 Μαρίαν
1906 4592 2006 4663 τὴν

424 4688 784 4758 ἀειπάρθενον
819 4683 959 4756 μετὰ
1005 4682 1067 4736 τὸ
1096 4683 1189 4738 τὸν
1226 4683 1458 4758 Σωτῆρα
1504 4686 1893 4755 γεγεννηκέναι
1929 4683 2009 4754 τῷ

439 4781 637 4851 Ἰωσὴφ
665 4776 934 4847 συνῆφθαι
966 4774 1237 4846 λέγοντες.

495 4871 573 4925 I".
612 4868 1044 4940 Κολλυριδιανοὶ,
1090 4869 1140 4921 οἱ
1196 4869 1276 4930 εἰς
1309 4866 1480 4938 ὄνομα
1520 4867 1620 4939 τῆς
1667 4866 1842 4936 αὐτῆς
1887 4867 2009 4920 Μα-

427 4962 550 5037 ρίας
577 4963 636 5015 ὲν
670 4959 855 5031 ἡμέρα
877 4957 972 5012 τοῦ
1008 4957 1162 5022 ἔτους
1203 4958 1310 5012 τινὶ
1353 4958 1772 5028 ἀποτεταγμένη
1816 4956 2008 5010 κολλυ-

429 5055 580 5126 ρίδας
615 5051 766 5113 τινὰς
793 5049 1216 5122 προσφέροντες.
1259 5043 1356 5112 Οἷς
1387 5048 1696 5120 ὲπεθέμεθα
1727 5047 1900 5119 ὄνομα
1941 5051 2009 5120 τῇ

427 5145 626 5219 πράξει
652 5143 832 5198 αὐτῶν
859 5142 1176 5209 ἀκόλουθον,
1198 5141 1649 5212 Κολλυριδιανοὺς
1671 5141 1870 5205 αὐτοὺς
1895 5143 2011 5194 ὀνο-

432 5239 725 5310 μάσαντες.

500 5333 574 5382 Δ’.
614 5322 1022 5390 Μασσαλιανοὶ,
1070 5321 1246 5385 οὕτως
1266 5321 1697 5393 ὲρμηνευόμενοι
1738 5325 1786 5375 oi
1816 5323 2009 5391 Εὺχό-

426 5434 618 5489 μενοι.
633 5416 1002 5470 Συνάπτονται
1029 5414 1087 5467 δὲ
1105 5413 1317 5477 τούτοις
1339 5415 1436 5466 καὶ
1463 5411 1574 5466 τῶν
1598 5413 1706 5466 ἀπὸ
1737 5413 2010 5485 Ἐλλήνων

430 5507 928 5579 ὲπιτετηδευμένων
969 5505 1237 5577 αἱρέσεων
1273 5505 1324 5559 οἱ
1375 5503 1661 5578 λεγόμενοι
1697 5505 2007 5576 Εὐφημῖται

432 5599 528 5654 καὶ
559 5598 930 5672 Μαρτυριανοὶ
957 5598 1051 5651 καὶ
1083 5595 1422 5651 Σατανιανοί.

2110 3218 2236 3274 dine
2269 3217 2382 3281 VII.
2433 3220 2490 3273 in
2522 3235 2634 3289 quo
2675 3219 2844 3276 totius
2887 3221 3072 3291 operis
3121 3220 3248 3278 ﬁnis
3300 3231 3406 3288 est,
3455 3225 3699 3284 haereses

2111 3312 2358 3367 continet
2387 3310 2475 3364 IV.

2184 3489 2226 3545 I.
2268 3490 2567 3546 Dimceritte
2590 3491 2684 3556 qui
2711 3499 2767 3544 et
2793 3491 3226 3562 Apollinaristae,
3264 3495 3358 3564 qui
3390 3495 3694 3567 perfectam

2111 3584 2317 3639 Christi
2340 3583 2780 3639 incarnationem
2805 3585 3029 3641 minime
3059 3586 3393 3643 conﬁtentur
3418 3607 3432 3645 :
3456 3605 3692 3660 quorum

2111 3677 2202 3732 alii
2256 3677 2729 3732 consubstantiale
2784 3677 3062 3732 divinitati
3118 3694 3241 3735 esse
3296 3695 3500 3752 corpus
3552 3682 3697 3736 aﬁir-

2112 3779 2285 3833 mant,
2334 3769 2429 3824 alii
2462 3785 2592 3824 vero
2625 3769 2920 3825 defendere
2968 3771 3116 3826 istud
3167 3772 3332 3827 etiam
3372 3775 3493 3830 ausi
3541 3787 3692 3840 sunt,

2113 3859 2392 3915 Christum
2435 3874 2782 3930 nequaquam
2814 3860 3055 3914 animam
3089 3863 3494 3933 assumpsisse;
3533 3865 3698 3936 idque

2113 3965 2314 4022 negare
2362 3951 2741 4006 instituerunt.
2787 3949 3020 4017 Quidam
3067 3953 3154 4010 his
3197 3952 3478 4027 Evangelii
3513 3959 3694 4014 verbis

2115 4045 2314 4110 innixi,
2359 4043 2585 4100 Verbum
2615 4061 2743 4098 caro
2770 4044 2973 4113 factum
2997 4055 3077 4099 est
3099 4046 3119 4077 '
3149 4064 3162 4101 :
3192 4061 3259 4100 ex
3291 4056 3475 4104 creata
3502 4066 3690 4116 carne,

2113 4137 2222 4193 hoc
2272 4145 2358 4194 est
2403 4136 2610 4200 Maria,
2667 4151 2888 4191 carnem
2936 4137 3006 4191 ab
3057 4137 3150 4192 illo
3203 4149 3516 4211 susceptam
3567 4159 3696 4201 esse

2115 4237 2421 4300 negarunt;
2451 4229 2549 4285 sed
2585 4228 2763 4285 solum
2795 4227 3033 4283 Verbum
3067 4244 3289 4286 carnem
3330 4247 3454 4288 esse
3487 4233 3693 4292 factum

2114 4322 2473 4393 pertinaciter
2531 4328 2937 4377 asseverarunt.
2983 4319 3181 4378 Postea
3231 4338 3361 4379 vero
3403 4340 3568 4395 quam
3622 4328 3694 4382 ob

2115 4425 2341 4466 causam
2395 4411 2608 4478 nescio,
2667 4419 2905 4466 mentem
2951 4411 3108 4466 illum
3165 4428 3275 4468 non
3321 4417 3694 4488 assumpsisse

2041 4493 2087 4548 Β
2115 4501 2390 4558 dixerunt.

2188 4593 2255 4648 ll.
2293 4593 2868 4650 Antidicomarianitae
2901 4595 3118 4651 beatam
3156 4612 3483 4669 semperque
3523 4602 3695 4670 virgi-

2116 4700 2244 4741 nem
2275 4684 2502 4740 Mariam
2538 4695 2663 4755 post
2684 4686 2894 4741 editum
2932 4686 3272 4744 Salvatorem
3303 4706 3426 4747 cum
3452 4690 3697 4764 Josepho

2114 4780 2477 4834 consuevisse
2507 4786 2728 4849 putant.

2191 4869 2518 4942 11331“.
2573 4870 2952 4942 Collyridiani,
2991 4872 3088 4942 qui
3131 4873 3190 4926 in
3232 4873 3475 4944 ejusdem
3513 4875 3699 4934 Mariae

2114 4980 2316 5019 nomen
2352 4973 2496 5020 stato
2528 4965 2656 5018 anni
2684 4963 2772 5019 die
2801 4965 3099 5036 collyridas
3129 4967 3392 5035 quasdam
3423 4967 3694 5038 oﬁerunt;

2115 5057 2320 5128 quibus
2362 5065 2796 5110 consentaneum
2833 5071 2901 5111 ex
2934 5071 2998 5110 ea
3039 5071 3099 5110 re
3134 5071 3332 5113 nomen
3367 5058 3694 5126 indidimus,

2116 5149 2247 5205 dum
2280 5146 2684 5219 Collyriilianos
2715 5147 2842 5203 illos
2871 5148 3292 5220 appellavimus.

2186 5320 2275 5376 IV.
2339 5321 2694 5386 Massaliani.
2757 5340 2899 5395 quos
2963 5325 3315 5399 interpretari
3395 5345 3696 5401 possumus

2121 5411 2426 5466 Precantes.
2458 5411 2552 5468 His
2579 5413 2953 5484 adjunguntur
2979 5431 3010 5470 e
3036 5417 3318 5487 gentilium
3341 5421 3530 5485 sectis,
3555 5435 3698 5499 quos

2118 5503 2472 5573 Euphemitas
2531 5515 2588 5560 et
2655 5505 3018 5579 Martyrianos
3076 5515 3132 5563 et
3197 5508 3524 5569 Satanianos
3591 5528 3697 5570 no‘

2115 5597 2345 5652 minant.

507 5829 526 5860 ¹
550 5825 861 5898 Suppleuda
889 5838 992 5878 vox
1023 5821 1303 5894 ἠρνοῦντο.
1397 5827 1418 5857 ³
1443 5824 1570 5899 Leg.
1623 5825 1784 5899 μόνον
1816 5827 1874 5881 δὲ
1907 5827 2001 5896 φιλ

2108 5826 2229 5884 aulo
2266 5827 2430 5885 etiam
2461 5831 2586 5882 ante
2608 5823 2670 5881 τὸ
2703 5806 2847 5882 κατᾶ
2875 5824 3071 5896 σάρκα.
3149 5826 3170 5860 ³
3204 5826 3360 5884 Joan.
3394 5843 3433 5886 ι.
3463 5826 3550 5882 M.

756 5919 1029 5979 ΡΑτιιοι..
1077 5917 1195 5980 Gn.
1255 5916 1452 5979 XLII.

3365 5917 3446 5982 28
