4118 6402
391 345 412 379 ι’
431 339 536 397 8⁸Ιό

1825 329 1883 385 S.
1940 281 2284 385 ΕΡΙΡΗᾸΝΙΙ

3587 337 3702 394 876

505 458 733 513 Summa
757 456 874 512 inec
895 463 981 512 est
1026 454 1158 508 tomi
1211 454 1428 526 septimi
1454 467 1517 508 ac
1551 454 1716 507 trinm
1746 453 2012 507 librorum

2187 452 2337 524 Αὕτη
2383 455 2478 508 καὶ
2523 457 2555 526 ή
2601 455 2697 510 τοῦ
2742 455 2972 528 ἑϐδόμου
2996 457 3162 528 τόμου
3195 459 3700 527 ἀνακεφαλαίωσις.

394 550 579 615 υῆηίε,
633 549 967 620 colliguntur
1010 548 1249 603 haereses
1287 562 1451 602 Lxxx.
1498 545 1613 600 Sub
1663 545 1822 600 finem
1865 545 2013 600 tertii

433 641 563 695 libri
626 639 954 709 septimique
999 637 1158 700 tomi,
1201 635 1438 690 formula
1471 633 1595 688 fidei
1634 649 1799 705 quam
1834 631 2017 687 Eccle-

396 735 516 788 σείει
549 732 827 786 catholica
871 730 1182 800 profitetur,
1231 727 1478 798 subjecta
1511 733 1618 789 est,
1662 741 1728 780 ac
1766 723 2014 779 veritatis

396 855 402 859 -
433 823 706 887 defensio,
740 831 794 878 et
828 821 1109 890 Evangelii
1141 819 1350 876 Christi
1381 818 1737 891 praedicatio;
1769 833 1832 872 ac
1861 817 2018 872 deni-

433 929 540 982 que
562 913 847 967 cathoiicae
881 911 1142 966 Ecclesiae
1171 909 1370 975 forma,
1405 925 1527 981 qua
1552 925 1677 965 cum
1713 911 1781 964 ab
1805 918 2015 964 aeterno

401 1001 622 1064 .fuerit,
665 1001 1018 1056 successione
1064 1010 1372 1070 temporum
1412 1009 1538 1070 post
1579 1000 2012 1056 incarnationem

403 1131 406 1134 ~
430 1092 640 1148 Christi
665 1092 1077 1148 evidentissime
1107 1091 1380 1164 patefacta
1410 1102 1515 1148 est.

495 1264 682 1332 .Qnam
734 1266 906 1320 multa
963 1281 1093 1323 vero
1137 1267 1208 1322 ab
1252 1266 1512 1324 humanis
1549 1267 1786 1338 ingeniis
1833 1268 2012 1340 colligi

419 1365 674 1428 possunt
708 1357 779 1413 de
809 1358 880 1414 iis
907 1359 1004 1430 qui
1039 1359 1176 1412 tanti
1206 1374 1270 1414 ac
1299 1369 1409 1413 tam
1439 1360 1770 1416 excellentes
1811 1359 2014 1414 haben-

445 1459 560 1518 tur,
588 1459 642 1506 et
671 1452 766 1522 qui
800 1452 867 1506 ad
896 1451 1250 1507 laudabilium
1279 1452 1809 1508 adolescentularum
1843 1469 2015 1525 genus

436 1542 643 1598 ascribi
668 1543 1126 1615 debent,quarum
1151 1560 1262 1598 non
1286 1553 1371 1600 est
1404 1546 1699 1600 numerus!
1733 1545 1866 1600 Nam
1898 1547 2017 1602 alia:

437 1634 888 1690 commendandae
941 1642 1102 1702 sunt,
1162 1635 1282 1691 aliae
1344 1635 1751 1704 vituperatione
1799 1635 2013 1708 dignae;

438 1740 566 1780 nam
594 1726 846 1782 nonnulli
878 1727 1230 1797 reperiuntur
1255 1729 1296 1793 ί,
1329 1727 1423 1798 qui
1455 1744 1522 1783 ex
1554 1729 1768 1799 privato
1797 1729 2017 1800 ingenio

437 1833 690 1874 severam
723 1819 1020 1890 quamdam
1052 1821 1178 1874 vitae
1223 1819 1577 1891 disciplinam
1627 1835 1691 1875 ac
1729 1821 1901 1892 legem
1935 1823 2011 1878 si-
2049 1810 2093 1867 Β

435 1910 748 1981 bimetipsis
779 1910 1179 1977 condiderunt,
1214 1926 1278 1966 ac
1309 1910 1604 1982 prolixiore
1647 1927 1804 1967 coma
1839 1913 2016 1982 palam

423 2009 498 2058 et
549 2003 604 2058 in
645 2003 888 2058 omnium
937 2003 1114 2060 oculis
1157 2003 1495 2074 procedunt;
1546 2005 1638 2059 alii
1674 2019 1805 2060 vero
1845 2006 2021 2062 sancti

441 2097 652 2152 lratres
698 2096 754 2151 in
785 2095 968 2151 cilicio
1012 2104 1067 2152 et
1122 2097 1309 2151 cinere
1347 2096 1496 2151 domi
1545 2113 1670 2153 sese
1700 2099 2020 2166 continent;

442 2188 535 2242 alii
570 2187 808 2258 denique
840 2187 1143 2260 asperrimo
1180 2187 1394 2243 vivendi
1432 2189 1704 2255 instituto,
1743 2205 1806 2244 ac
1838 2189 2023 2245 duris-

443 2280 602 2335 simis
636 2279 865 2349 jcjuniis
908 2288 963 2335 et
1022 2281 1302 2337 laboribus
1355 2279 1451 2336 Dei
1501 2295 1670 2336 causa
1716 2281 2020 2351 susceptis,

429 2371 668 2440 juvenili
694 2372 930 2442 quadam
962 2371 1282 2428 fortitudine
1334 2383 1387 2428 et
1415 2372 1656 2442 perfecta
1687 2387 1815 2444 erga
1845 2373 2023 2443 Spon-

445 2478 572 2518 sum
617 2465 980 2527 conscientia.
1025 2465 1282 2521 omnibus
1315 2466 1563 2521 numeris
1597 2466 1905 2522 absolutam
1950 2469 2028 2522 vi-

445 2563 560 2610 tam
589 2557 932 2626 exprimunt:
963 2557 1055 2610 alii
1087 2555 1328 2621 demum,
1362 2557 1508 2627 quod
1540 2559 1705 2628 paulo
1736 2566 1862 2613 ante
1890 2559 2023 2624 dixi,

434 2663 560 2704 .non
598 2649 834 2715 sincere,
867 2647 961 2704 sed
984 2649 1360 2703 obstinatione
1387 2649 1625 2720 quadam
1664 2650 1854 2714 animi,
1879 2651 2027 2705 velut

450 2742 764 2814 tyrannice,
795 2747 992 2811 praeter
1019 2739 1301 2795 veritatem
1344 2741 1646 2796 insolenter
1678 2741 1981 2797 eﬂeruntur
2011 2759 2024 2795 :

408 2859 414 2866 -
443 2832 724 2904 ejusmodi
753 2833 1049 2891 Zacchaeus
1071 2836 1162 2892 ille
1185 2835 1308 2902 fuit,
1341 2838 1436 2908 qui
1468 2853 1644 2908 nuper
1679 2839 1734 2892 in
1767 2846 2026 2893 montana

447 2926 674 2998 regione
720 2926 788 2982 ad
837 2926 1214 2999 Hierosolyma
1268 2937 1522 2984 mortuus
1567 2939 1690 2996 est;
1752 2932 1846 3000 qui
1901 2946 2026 2985 cum

447 3019 668 3074 nemine
697 3033 942 3090 unquam
976 3019 1236 3090 precandi
1263 3020 1651 3076 communione
1681 3022 1941 3092 conjungi
1970 3037 2030 3078 se

2117 545 2212 597 καὶ
2243 545 2397 608 τέλος
2443 545 2553 598 τῶν
2593 547 2761 620 τριῶν
2793 546 3034 618 βιϐλίων,
3068 549 3208 618 ὁμοῦ
3241 549 3296 601 δὲ
3325 551 3496 603 πᾶσαι
3523 551 3580 602 αἱ
3611 551 3704 602 αἱ-

2119 635 2298 705 ρέσεις
2325 637 2676 706 ὀγδοήκοντα.
2696 639 2783 690 Ἐν
2811 637 2960 710 αύτῷ
2991 638 3048 691 δὲ
3080 638 3156 708 τῷ
3190 639 3334 692 τέλει
3375 638 3468 692 τοῦ
3507 639 3704 710 τρίτου

2118 725 2348 797 βιϐλίου,
2380 728 2594 800 έὸδόμῳ
2639 730 2696 783 δὲ
2741 729 2915 801 τόμῳ,
2966 732 3025 784 ὲν
3070 731 3281 802 ὑστέρῳ
3314 732 3346 798 ή
3382 729 3562 794 πίστις
3593 728 3703 800 τῆς

2116 818 2412 890 καθολικῆς
2453 821 2800 892 Ἐκκλησίας,
2837 822 2932 875 καὶ
2954 823 3216 891 ἀπολογία
3247 823 3389 894 ὑπὲρ
3415 823 3698 893 ἀληθείας,

2117 911 2212 963 καὶ
2237 912 2500 982 κήρυγμα
2527 912 2622 966 τοῦ
2651 913 2979 982 Εὑαγγελίου
3001 912 3260 985 Χριστοῦ,
3292 915 3383 967 καὶ
3409 914 3705 986 χαρακτὴρ

2115 1003 2214 1073 τῆς
2256 1003 2550 1075 καθολικῆς
2599 1004 2926 1076 Ἐκκλησίας
2982 1006 3081 1076 τῆς
3127 1005 3458 1069 ἀπ’,αίῶνος
3506 1005 3700 1078 οὔσης,

2117 1093 2260 1147 κατὰ
2295 1093 2352 1147 δὲ
2377 1093 2630 1166 διαδοχήν
2663 1097 2872 1167 χρόνων
2898 1095 3256 1166 φανερώτατα
3277 1099 3335 1150 ὲν
3366 1100 3433 1169 τῇ
3461 1096 3702 1168 Χριστοῦ

2117 1187 2370 1258 ὲνσάρκῳ
2400 1189 2678 1260 παρουσίᾳ
2708 1189 3209 1261 ἀποκαλυφθείσης.

2188 1279 2298 1332 Καὶ
2346 1281 2488 1334 πόσα
2535 1281 2825 1352 δυνήσεται
2857 1281 2969 1352 (51)
3012 1284 3042 1334 ό
3091 1281 3214 1345 νοῦς
3258 1282 3366 1335 τῶν
3396 1280 3703 1351 ἀνθρώπων

2119 1369 2405 1440 συλλέγειν
2434 1373 2543 1427 τῶν
2567 1374 2839 1429 τοσούτων
2864 1377 2958 1429 καὶ¹
2985 1377 3238 1446 μεγάλων
3260 1373 3700 1446 ὀνομαζομένων,

2118 1463 2212 1515 καὶ
2239 1464 2297 1517 ὲν
2326 1466 2447 1527 ταῖς
2475 1467 2895 1537 ἐπαινουμέναις
2927 1469 3047 1521 ὅσαι
3081 1469 3188 1521 eici
3217 1468 3471 1539 διαφοραὶ
3517 1467 3701 1522 νεανί-

2117 1553 2244 1617 δων,
2279 1547 2354 1608 ὧν
2395 1557 2494 1609 οὐκ
2535 1557 2681 1611 ἔστιν
2711 1559 2976 1629 ἀριθμόςί
3009 1560 3128 1613 Τῶν
3154 1561 3250 1630 μὲν
3293 1561 3425 1632 πρὸς
3456 1559 3699 1625 ἔπαινον,

2118 1645 2294 1699 ἄλλων
2342 1647 2398 1700 δὲ
2451 1647 2525 1720 μὴ
2572 1650 3012 1720 ἐπαινουμένωνο
3045 1652 3159 1720 (52)
3191 1653 3300 1705 τῶν
3344 1652 3402 1706 δὲ
3445 1653 3539 1706 ἀπ’
3567 1653 3704 1706 ίδίου

2120 1734 2238 1797 νοὸς
2271 1735 2339 1788 τὰ
2366 1737 2502 1806 πρὸς
2540 1738 2817 1792 πολιτείαν
2849 1741 2940 1792 καὶ
2971 1739 3204 1810 ἄσκησιν
3233 1740 3328 1792 καὶ
3357 1739 3554 1811 θεσμὸν
3576 1741 3707 1794 ἑαυ-

2123 1826 2237 1887 τοῖς
2277 1825 2667 1894 συλλεγόντων,
2693 1829 2750 1880 ὲν
2798 1827 2999 1898 κόμαις
3025 1846 3083 1881 τε
3114 1829 3402 1900 προύπτως
3445 1847 3712 1901 προερχο-

2127 1913 2333 1982 μένων·
2373 1915 2547 1970 ἄλλων
2580 1917 2637 1970 δὲ
2677 1919 2846 1986 ἁγίων
2873 1920 3115 1988 ἀδελφῶν
3149 1923 3207 1974 ὲν
3239 1921 3428 1990 σάκκῳ
3452 1922 3543 1974 καὶ
3574 1939 3710 1974 σπο-

2122 2002 2199 2074 δῷ
2225 2004 2408 2058 οἴκαδε
2438 2007 2814 2073 καθεζομένων
2833 2025 2845 2036 ·
2885 2010 2978 2062 καὶ
3012 2010 3091 2062 ἔτι
3121 2011 3294 2065 ἄλλων
3323 2012 3381 2064 ὲν
3407 2010 3712 2075 πολιτείαις

2124 2097 2220 2148 καὶ
2281 2100 2556 2168 νηστείαις
2616 2096 3082 2171 ὑπερὸαλλοῦσαις
3136 2104 3230 2155 καὶ
3279 2104 3510 2175 καμάτῳ
3569 2104 3712 2175 πρὸς

2124 2184 2278 2246 Θεὸν,
2329 2191 2388 2240 ὲν
2433 2189 2735 2257 νεανιότητι
2778 2192 2843 2261 τῇ
2890 2191 3025 2261 πρὸς
3072 2191 3164 2243 τὸν
3195 2192 3448 2262 Νυμφίον
3491 2193 3714 2246 τελείαν

2128 2281 2504 2352 συνείδησιν³·
2551 2281 2755 2353 ἑτέρων
2805 2283 2988 2356 ego;
3037 2286 3321 2354 προεῖπον,
3356 2285 3457 2337 οὐκ
3501 2284 3707 2356 ὀρθῶς,

2127 2372 2263 2426 ἀλλά
2286 2371 2426 2426 κατά
2453 2387 2573 2425 τινα
2600 2372 2866 2442 πρόληψιν
2891 2353 3028 2437 νοδς,
3066 2353 3402 2444 τυραννικῶς
3431 2353 3579 2446 παρά
3607 2375 3713 2447 τὴν

2127 2464 2381 2534 ἀλήθειαν
2415 2465 2840 2534 νεανιευομένων
2861 2483 2875 2494 ·
2914 2465 2990 2528 ὡς
3018 2467 3286 2535 Ζακχαῖος
3317 2466 3428 2535 (53)
3458 2466 3558 2537 μὲν
3598 2468 3716 2537 πρὸ

2129 2556 2375 2629 βραχέως
2401 2557 2727 2628 τελευτήσας
2755 2560 2811 2610 ὲν
2838 2561 2905 2629 τῇ
2929 2558 3112 2630 ὀρεινῇ
3141 2562 3206 2629 τῇ
3240 2559 3368 2630 περὶ
3387 2559 3455 2611 τὰ
3483 2559 3715 2630 Ἰεροσό-

2129 2650 2296 2720 λυμα,
2332 2649 2391 2713 ὃς
2423 2649 2600 2703 οὐδενὶ
2630 2649 2766 2713 ὅλως
2796 2651 3188 2720 συνευχόμενος
3213 2649 3715 2706 διετέλεσεν.Ἀλλὰ

2126 2743 2224 2794 καὶ
2257 2742 2346 2795 διὰ
2381 2742 2478 2814 τὴν
2506 2742 2674 2812 αὐτὴν
2704 2741 2959 2795 ὑπόθεσιν
2982 2743 3268 2813 τολμηρῶς
3296 2743 3466 2811 ἁγίων
3501 2759 3717 2813 μυστη-

2134 2835 2265 2905 ρίων
2299 2834 2516 2905 ψαύειν,
2546 2836 2640 2888 καὶ
2672 2837 2986 2908 ἱερουργίαν
3016 2836 3203 2899 λαῖκὸς
3228 2835 3304 2891 ὢν
3329 2835 3565 2905 ἀφειδῶς
3610 2837 3716 2889 ὲπ-

2131 2926 2586 2998 εχείρει.Ἔτερος
2630 2927 2686 2980 δέ
2731 2945 2835 2990 τις,
2860 2929 3010 2991 ὅστις
3040 2929 3171 2981 ποτὲ
3211 2923 3279 2998 ἦν
3315 2929 3453 3000 ἀνὴρ
3482 2928 3713 2992 ἐκεῖνος,

2134 3021 2225 3072 καὶ
2254 3019 2362 3074 τῶν
2378 3019 2676 3074 δοκούντων
2705 3021 2762 3072 ὲν
2789 3020 3049 3090 ἀκρότητι
3079 3019 3193 3090 βίου
3230 3020 3712 3090 πεπολιτευμένος,

438 3125 649 3182 passus
697 3121 821 3166 est:
863 3112 972 3167 imo
1016 3128 1148 3167 vero
1189 3127 1255 3166 ex
1304 3112 1494 3168 eodem
1533 3113 1786 3170 instituto
1836 3115 2022 3170 divina

2135 3111 2272 3182 πρὸς
2302 3111 2400 3182 τὴν
2426 3113 2697 3179 Αἴγυπτον
2740 3112 2831 3165 ἐπὶ
2875 3112 2943 3166 τὰ
2991 3115 3234 3184 ὲρημικά
3281 3116 3613 3185 κατοικήσας
3655 3116 3720 3168 ὲν

438 3205 736 3275 .mysteria,
765 3219 890 3258 cum
925 3205 1098 3261 laicus
1123 3215 1292 3272 esset,
1325 3209 1616 3280 attingere,
1653 3224 1718 3264 ac
1753 3209 2024 3264 sacrificia

451 3297 731 3352 celebrare
766 3296 980 3353 nefario
1008 3314 1143 3354 ausu
1175 3315 1239 3354 ac
1275 3302 1568 3356 temerario
1600 3310 1684 3357 est
1709 3316 2025 3370 aggressus.

450 3389 716 3445 Inventus
748 3398 834 3446 est
875 3399 932 3446 et
975 3392 1136 3455 alius,
1167 3393 1483 3464 quicunque
1529 3395 1619 3449 ille
1648 3395 1866 3449 tandem
1902 3395 2028 3459 fuit,

424 3481 742 3534 .excellenti
790 3480 1027 3550 quodam
1075 3481 1198 3535 vita:
1255 3497 1488 3552 genere,
1545 3482 1638 3552 qui
1698 3482 1754 3537 in
1809 3483 2029 3554 IEgypti

450 3570 753 3625 solitudine
802 3571 860 3625 in
910 3571 1249 3626 monasterio
1278 3571 1540 3644 degebat;
1594 3573 1725 3627 item
1777 3575 1919 3630 alius
1964 3575 2031 3629 ad

432 3659 648 3715 'Sinam
678 3669 916 3718 montem
941 3663 1225 3719 habitans.
1272 3663 1374 3730 Qui
1411 3665 1573 3720 ambo
1607 3667 1792 3722 nescio
1831 3667 2033 3736 quibus

460 3753 696 3807 somniis
713 3767 779 3808 eo
801 3754 1127 3810 temeritatis
1149 3755 1368 3810 adducti
1386 3765 1534 3820 sunt,
1561 3764 1638 3821 ut,
1654 3760 1674 3787 ‘
1691 3764 1945 3826 suscepta
1965 3757 2033 3812 ad

436 3844 702 3915 episcopi
739 3845 1074 3902 functionem
1114 3863 1377 3903 manuum
1416 3849 1784 3918 impositione,
1815 3851 2031 3915 sedere,

432 3946 513 3991 et
563 3938 947 4009 episcoporum
978 3939 1192 4012 1134
1221 3957 1422 3996 munus
1457 3942 1612 3997 obire
1663 3957 1769 3997 non
1816 3943 2036 3998 dubita-

2136 3203 2506 3275 μοναστηρίῳ,
2530 3205 2621 3256 καὶ
2648 3205 2805 3269 ἄλλος
2837 3207 2974 3276 πρὸς
3004 3206 3081 3276 τῷ
3107 3206 3304 3277 Σιναίῳ
3321 3224 3336 3238 ·
3360 3207 3409 3260 οἳ
3435 3207 3543 3261 ἀπὸ
3572 3209 3720 3260 ὀνει-

2135 3294 2310 3365 ράτων
2345 3293 2780 3359 ἐνεανιεύσαντο,
2815 3297 3122 3366 ἐπισκοπῆς
3156 3296 3437 3368 δεξάμενοι
3468 3297 3721 3368 χειροθε-

2133 3387 2254 3439 σίαν
2275 3387 2315 3448 ι,
2345 3385 2615 3457 καθῆσθαί
2656 3403 2714 3439 τε
2757 3388 2850 3440 καὶ
2877 3386 2946 3440 τὰ
2973 3389 3284 3441 ἐπισκόπων
3325 3391 3587 3458 πράττειν
3616 3393 3722 3444 καὶ

2131 3478 2284 3530 αὐτοὶ
2321 3477 2884 3550 ἐπεχείρουν.”Ετεροι
2932 3477 2989 3530 δὲ
3031 3479 3131 3532 οὐκ
3179 3478 3346 3548 ὀλίγοι
3382 3479 3722 3549 εύνουχίξειν

2132 3568 2358 3630 ἑαυτοὺς
2387 3567 2538 3637 παρά
2561 3568 2629 3621 τὰ
2664 3567 3112 3638 προστεταγμένα
3145 3569 3301 3640 δῆθεν
3329 3569 3724 3641 νεανιεύματος

2134 3657 2294 3728 χάριν
2337 3657 2667 3729 ἐτόλμησαν.
2687 3659 2903 3729 Ἕτεροι
2946 3659 3004 3712 δὲ
3037 3659 3318 3724 δοκοῦντες
3347 3662 3723 3717 νεανιεύεσθαι

2133 3749 2374 3820 τολμῶσι
2399 3752 2550 3822 παρὰ
2571 3752 2697 3814 τοὺς
2719 3750 2878 3814 ὖντας
2897 3752 2935 3814 ⁸,
2963 3752 3039 3816 ὡς
3071 3753 3181 3806 ἀπὸ
3206 3753 3501 3825 ὀρθοδόξων
3527 3755 3722 3826 ὁρμώ-

2140 3859 2312 3914 μενοι,
2337 3842 2592 3910 σύλλογον
2615 3845 2826 3908 ἑαυτοῖς
2852 3844 3279 3912 ἐπισπάσασθαι,
3309 3847 3442 3900 ἀλλὰ
3465 3847 3560 3900 καὶ
3583 3848 3722 3901 ἄνευ

2137 3935 2463 4006 ἐπικρίσεως
2497 3935 2718 3988 συνόδου
2761 3936 3142 4007 οίκουμενικῆς
3185 3936 3571 4000 ἀναὸαπτίζειν
3599 3939 3722 4010 (54)

457 4028 592 4082 rint.
633 4028 823 4097 Alii,et
855 4030 910 4083 hi
937 4030 1158 4100 quidem
1208 4046 1319 4085 non
1352 4031 1533 4102 pauci,
1564 4039 1809 4088 castrare
1840 4041 2024 4087 semet-

2136 4028 2262 4090 τοὺς
2296 4027 2624 4098 ἐρχομένους
2658 4026 2792 4098 πρὸς
2832 4027 3027 4090 αὐτοὺς
3051 4028 3210 4098 δῆθεν
3236 4029 3344 4081 ἀπὸ
3383 4029 3678 4099 Ἀρειανῶν
3701 4045 3721 4061 ο

455 4119 613 4190 ipsos
666 4128 857 4176 contra
919 4122 1064 4190 leges
1105 4122 1333 4193 juvenili
1383 4125 1618 4194 quadam
1670 4123 1872 4180 ferocia
1917 4126 2024 4180 ausi

2141 4120 2367 4191 μηδέπω
2388 4119 2480 4172 τοῦ
2510 4120 2834 4192 πράγματος
2858 4120 2916 4184 ἐξ
2939 4119 3284 4191 ἐπικρίσεως,
3309 4119 3384 4184 ὡς
3406 4121 3565 4192 ἔφην,
3592 4139 3728 4176 συν-

459 4221 610 4266 sunt.
651 4211 779 4277 Alii,
824 4213 919 4283 qui
954 4213 1275 4270 audaciores
1318 4213 1596 4280 videntur,
1630 4231 1698 4270 ex
1743 4217 2024 4271 catholico

2138 4213 2259 4265 όδου
2289 4211 2607 4281 τμηθέντος,
2631 4211 2718 4264 διὰ
2761 4210 2822 4263 τὸ
2865 4211 3066 4280 ἀναμὶξ
3104 4211 3230 4274 τοὺς
3261 4210 3420 4274 λαοὺς
3447 4210 3727 4283 ὑπάρχειν

461 4315 586 4356 rum
616 4301 886 4371 partibus,
921 4304 1130 4372 privata
1163 4304 1269 4358 sibi
1299 4305 1536 4360 factione
1561 4306 1814 4372 conﬂata,
1843 4317 2024 4378 praete!

2142 4304 2219 4357 ἔτι
2246 4303 2424 4374 δεῦρο,
2456 4303 2550 4355 καὶ
2572 4301 2800 4364 πολλοὺς
2826 4301 2924 4372 μὲν
2952 4297 3091 4356 εἶναι
3123 4300 3458 4373 όρθοδόξους,
3491 4305 3634 4356 κατά
3661 4304 3728 4358 δὲ

443 4385 728 4442 Ecclesiae
761 4392 1242 4458 consuetudinem,
1279 4409 1344 4448 ac
1370 4394 1506 4448 citra
1541 4396 1869 4453 universalis
1905 4413 2024 4452 con-

2146 4401 2436 4469 ὑπόκρισιν
2467 4397 2603 4468 πρὸς
2629 4397 2753 4458 τοὺς
2788 4395 3169 4467 ίερατεύοντας
3197 4397 3596 4466 συνημμένους,
3615 4396 3728 4459 ἓως

445 4481 576 4535 ρείιίἱ
617 4480 919 4544 decretum,
965 4486 1190 4555 eosqui
1223 4487 1292 4542 ab
1327 4489 1544 4544 Arianis
1587 4489 1653 4543 ad
1693 4506 1822 4546 suas
1857 4499 2024 4561 partes

2148 4491 2214 4544 ἂν
2243 4489 2543 4558 ἀφορισμδς
2568 4488 2789 4558 γένηται
2823 4487 2922 4557 τῆς
2944 4487 3196 4556 τοιαύτης
3221 4486 3540 4557 βλασφήμου
3569 4489 3732 4558 αίρέ-

466 4582 782 4642 transeunt,
840 4577 1036 4631 iterum
1077 4577 1358 4649 baptizare
1407 4582 1539 4636 nihil
1573 4592 1863 4650 verentur;
1917 4600 2024 4639 cun

2146 4599 2304 4644 σεως,
2339 4581 2432 4634 καὶ
2477 4581 2596 4632 τότε
2648 4581 2769 4632 κατ’
2799 4580 2971 4649 αὐτῆς
3001 4579 3367 4650 ὁρισθήσεται.
3388 4581 3482 4632 Ἐκ
3512 4580 3733 4634 τούτων

450 4666 709 4721 nondum
737 4681 801 4722 ea
829 4682 940 4732 res,
972 4677 1030 4721 ut
1061 4669 1196 4737 dixi,
1249 4673 1574 4729 universalis
1613 4677 1806 4748 synodi
1837 4676 2024 4746 judicii

2142 4675 2198 4726 δὲ
2256 4673 2364 4726 τῶν
2411 4672 2582 4734 οὕτως
2641 4670 3116 4735 ἀναὸαπτιζόντων
3187 4670 3285 4724 ἀπ’
3337 4670 3467 4724 ίδίου
3528 4671 3732 4724 κελεύ-

461 4759 651 4814 decisa
699 4761 790 4825 sit,
823 4761 970 4830 quod
1003 4761 1182 4817 adhuc
1213 4767 1400 4836 populi
1457 4769 1768 4836 promiscue
1821 4770 1892 4824 ad
1940 4769 2024 4823 ho‘

2145 4781 2368 4835 σματος,
2431 4765 2512 4824 εἰς
2567 4761 2840 4832 ἡμετέρας
2900 4761 3069 4824 ἀκοὰς
3111 4763 3338 4830 ἀφῖκται
3403 4757 3484 4824 είς
3543 4761 3732 4833 ὑπάρ-

460 4850 717 4906 diernum
779 4869 956 4924 usque
1021 4864 1239 4925 tempus
1306 4858 1612 4912 habeantur
1655 4862 1843 4914 :inter
1902 4876 2024 4932 qum

2143 4874 2259 4925 χειν
2324 4857 2381 4908 ὲν
2421 4856 2486 4925 τῇ
2538 4853 2645 4906 τῶν
2681 4854 2894 4906 Λυκίων
2947 4851 3098 4923 χώρᾳ
3148 4852 3536 4924 πρεσϐύτερος.
3599 4853 3732 4906 Εἰσὶ

462 4944 625 4999 multi
658 4945 876 5014 quidem
923 4953 1051 5001 sunt
1092 4947 1370 5011 catholici,
1408 4948 1503 5004 sed
1543 4950 1667 5005 ficte
1719 4967 1783 5006 ac
1819 4968 1914 5021 per
1965 4953 2024 5006 si-

2144 4950 2198 5002 δὲ
2251 4950 2342 5002 καὶ
2385 4947 2550 5010 ἄλλοι,
2623 4939 2698 5000 ὧν
2758 4947 2983 5008 ἕκαστος
3051 4945 3171 4998 καθ’
3228 4945 3420 4998 ἑαυτὸν
3478 4944 3730 5015 εΰχεται,

456 5037 822 5092 mulationem
853 5053 976 5092 cum
1023 5040 1404 5098 sacerdotibus
1439 5051 1567 5098 sunt
1596 5045 1900 5114 conjuncti,
1938 5045 2024 5100 do-

2146 5043 2240 5095 καὶ
2310 5043 2371 5094 οὐ
2432 5041 2570 5110 μετά
2621 5055 2766 5100 τινος
2807 5039 2868 5090 τὸ
2937 5037 3214 5103 παράπαν.
3272 5037 3490 5107 Ἕτεροι
3549 5036 3607 5088 δὲ
3663 5039 3734 5090 ὲν

543 5194 740 5247 ‘(IanL
788 5209 869 5255 vi,
908 5193 976 5246 Ἷ.
1077 5193 1096 5222 ⁸
1127 5191 1188 5247 F.
1237 5209 1367 5249 non.

2908 5189 2928 5220 ‘
2962 5186 3023 5242 F.
3075 5188 3135 5242 ού
3204 5188 3393 5260 δεξάμ.
3449 5190 3730 5262 χειροθεσ.

466 5265 491 5295 ⁸
518 5262 580 5318 F.
612 5263 842 5326 κανόνας
869 5277 967 5334 pro
995 5262 1173 5327 ὄντας.

1478 5196 1498 5227 ³
1527 5214 1614 5265 τερ.
1667 5194 1847 5265 τελείᾳ
1884 5195 2188 5266 συνειδήσει
2259 5188 2812 5265 πληροφορουμένων.

537 5419 650 5488 (Si)
683 5419 793 5473 Kal
818 5419 980 5473 πόσα
995 5417 1482 5486 δυνήσεταιᾘαιο
1509 5425 1563 5473 et
1593 5433 1712 5489 qua:
1737 5426 2024 5488 sequuntin

2193 5415 2330 5489 4(55)
2373 5415 2466 5489 Ὡς
2509 5411 2820 5489 Ζακχαῖος.
2873 5408 3004 5464 Vide
3032 5425 3153 5478 qua:
3200 5411 3266 5466 de
3303 5412 3409 5467 isto
3449 5413 3736 5489 _7:accha:o

470 5489 540 5545 ad
573 5482 732 5544 finem
760 5505 932 5561 usque
969 5482 1150 5558 operis
1181 5489 1374 5561 iisdem
1400 5490 1572 5545 ferme
1604 5482 1830 5561 exarata
1861 5490 2045 5561 verbis
2143 5482 2539 5561 adnotavimus
2560 5482 2624 5533 ad
2661 5489 3217 5561 menmraturgnyper
3251 5499 3402 5561 num.
3442 5484 3524 5536 15.

468 5561 715 5616 invenies
751 5561 805 5612 in
845 5549 1192 5627 Expositione
1230 5560 1355 5629 ﬁdei
1415 5577 1446 5614 a
1479 5575 1628 5614 num.
1661 5560 1750 5624 15,
1808 5560 1875 5612 ad
1910 5560 2049 5614 inte-
2215 5557 2322 5626 (Si)
2370 5550 2818 5630 ’Awgé’a_:rtl(€w,
2856 5549 3056 5630 etc.__l_‘3_t
3081 5552 3174 5605 hic
3207 5553 3522 5630 recoluntur
3554 5568 3735 5630 θροι-Ζ

466 5645 628 5700 grum
665 5645 837 5699 usque
866 5620 1078 5685 numer.
1113 5630 1200 5684 18.
1230 5620 1240 5629 ’
1737 5620 1746 5624 ⁷
1950 5698 1988 5706 __
2144 5620 2365 5694 tet‘qiize
2386 5623 2724 5706 scripsimus
2751 5621 2819 5673 ad
2855 5621 3191 5706 simillimum
3232 5624 3417 5680 locum
3474 5620 3626 5677 num.
3660 5620 3738 5680 l3

545 5690 1032 5838 (ἣξλίξόιὶὶίὲιχρυηι
1064 5701 1187 5756 istis
1213 5715 1334 5771 qua
1358 5700 1613 5772 leguntur
1665 5715 1814 5754 num.
1847 5699 1916 5756 l5
1941 5698 2051 5755 Ex-
2149 5690 2355 5753 laudati
2389 5695 2445 5749 in
2481 5690 2823 5761 Expositione
2848 5690 2994 5760 ﬁdei.

545 5786 588 5822 st
616 5785 750 5824 tonas
861 5788 924 5828 ει.

463 5773 750 5835 ευδίιὶοηὶδ
779 5773 924 5835 ﬁdei.
