4118 6402
413 386 519 452 8‘77

1705 386 2366 445 ANACEPHALJEOSIS.

3576 379 3683 437 878

412 511 611 574 κλοιοῖς
639 508 753 584 (55)
778 509 928 582 παρά
951 511 1040 564 τὸν
1071 509 1268 583 θεσμὸν
1302 504 1405 581 τῆς
1429 510 1772 581 Ἐκκλησίας.
1805 511 1998 582 Διόπερ

2106 525 2209 566 nec
2250 505 2588 565 exsecranda
2635 506 2729 562 illa
2774 512 2929 562 secta
2974 504 3045 561 ab
3097 500 3358 559 Ecclesia
3399 502 3685 557 consortio

411 602 505 655 ἐπὶ
531 601 673 655 τέλει
712 603 913 667 παντὸς
955 605 1047 656 τοῦ
1092 603 1254 672 λόγου
1293 603 1537 667 νεάνιδας
1562 602 1719 673 ἔφην,
1744 601 1818 673 μὴ
1845 602 2000 673 ἐχού-

415 709 517 755 σας
571 693 825 764 ἀριθμὸν,
851 695 948 759 τάς
1001 713 1060 749 τε
1105 696 1245 749 κατά
1270 696 1370 765 τὴν
1402 695 1540 749 ίδίαν
1569 694 1780 749 ἔννοιαν
1814 694 2008 757 αὑταῖς

412 783 788 850 νεανιζούσας,
815 787 876 839 οὐ
905 787 1012 858 μὴν
1064 789 1144 851 είς
1178 787 1254 849 ,τὸ
1307 786 1536 857 ἀγαθὸν,
1562 789 1641 851 εἰς
1666 787 1729 841 τὸ
1760 787 2001 841 τελειοῦν

412 874 511 945 τῆς
550 876 746 945 σοφίας
787 877 855 930 τὰ
896 877 1036 949 εἴδη,
1073 877 1388 950 φρονήσεώς
1423 896 1482 933 τε
1514 880 1607 933 καὶ
1635 879 1887 950 ἀνδρείας
1908 879 2001 932 καὶ

416 965 773 1037 σωφροσύνης
793 967 886 1019 καὶ
912 966 1281 1039 δικαιοσύνης.
1318 966 1408 1033 Ἐξ
1437 962 1512 1022 ὧν
1536 968 1689 1024 ἄλλαι
1721 969 1997 1034 νεανίζου-

416 1071 508 1108 σαι
552 1054 645 1110 ἐπὶ
689 1056 753 1112 τὸ
795 1059 1283 1133 τυραννικώτερον,
1330 1062 1425 1115 καὶ
1451 1062 1561 1115 ἀπὸ
1594 1062 1696 1132 τῆς
1738 1061 1997 1132 ἀληθείας

412 1149 615 1215 ἑαυτὰς
642 1146 990 1222 ἐκτρέπουσι,
1016 1151 1158 1207 ὥστε
1186 1154 1262 1225 μὴ
1289 1150 1428 1208 εἶναι
1480 1153 1714 1226 ἀριθμὸν
1765 1152 1992 1207 τούτων.

2107 609 2443 674 segregetur,
2494 607 2554 654 ut
2588 607 2720 655 tunc
2761 598 2968 670 aliquid
3006 598 3076 652 de
3106 596 3199 652 illa
3250 601 3548 650 statuatur.
3600 589 3680 645 Es

2105 693 2178 749 iis
2206 693 2298 764 qui
2327 701 2521 763 suapte
2560 691 2885 748 auctoritate
2928 690 3127 745 iterum
3156 688 3261 743 hoc
3301 685 3465 741 modo
3506 686 3684 756 bapti-

2073 841 2077 844 ,
2106 795 2253 851 zant,
2291 785 2455 840 audio
2478 784 2769 856 quemdam
2818 783 2877 855 in
2910 781 3079 854 Lycia
3110 780 3490 853 presbyterum
3535 793 3683 834 esse.

2104 876 2212 932 Sed
2245 884 2301 933 et
2332 876 2457 932 aliis
2503 876 2557 930 in
2590 875 2731 933 locis
2776 875 3134 946 reperiuntur
3162 872 3280 938 alii,
3308 870 3401 941 qui
3437 870 3685 945 singilla-

2102 968 2200 1023 tim
2259 983 2324 1023 ac
2380 967 2619 1039 separati
2680 982 2871 1039 preces
2928 966 3171 1032 obeunt,
3227 972 3283 1021 et
3341 965 3681 1034 reliquorum

2103 1058 2548 1114 communionem
2574 1072 2793 1112 omnem
2830 1067 3116 1128 respuunt.
3154 1055 3261 1111 Alii
3305 1055 3533 1111 collaris
3575 1053 3683 1110 sibi

2102 1161 2300 1223 prater
2332 1149 2595 1207 Ecclesia
2622 1151 2769 1222 leges
2805 1154 3110 1206 innectunt.
3144 1147 3320 1216 Quam
3347 1148 3420 1205 ob
3453 1161 3682 1204 causam

414 1242 843 1314 disputationem
871 1264 1088 1304 omnem
1111 1249 1216 1304 hac
1274 1252 1545 1306 sententia
1604 1249 1871 1315 conclusi,
1932 1247 2371 1304 adolescentulas
2430 1261 2555 1303 esse
2614 1246 2768 1302 nullo
2801 1260 3034 1301 numero
3058 1243 3487 1316 comprehensas
3517 1260 3530 1296 :
3560 1254 3685 1312 qua

413 1337 632 1406 privato
661 1342 896 1397 consilio
930 1342 1194 1399 audacter
1222 1343 1631 1415 insolenterque
1662 1359 1722 1401 se
1770 1352 1998 1415 gerunt;
2040 1358 2150 1398 non
2184 1352 2245 1398 ut
2271 1342 2402 1398 boni
2430 1342 2633 1413 aliquid
2664 1350 3095 1414 consequantur,
3152 1351 3249 1395 aut
3281 1339 3568 1410 sapientia
3620 1336 3680 1392 in

416 1451 538 1492 sese
590 1453 764 1507 genus
827 1440 1050 1510 aliquod
1109 1443 1432 1513 expoliant,
1497 1452 1628 1515 puta
1662 1445 1989 1515 prudentia.
2025 1441 2385 1506 fortitudinis,
2435 1436 2833 1511 temperantia,
2859 1434 3110 1505 justitia.
3142 1431 3265 1500 Quo
3316 1448 3384 1488 ex
3449 1446 3683 1489 numero

418 1529 706 1599 tyrannica
741 1544 898 1585 more
941 1531 1191 1602 quadam
1233 1533 1561 1600 eﬂ‘eruntur,
1609 1546 1774 1607 atque
1814 1553 1844 1591 a
1878 1538 2102 1592 veritate
2139 1532 2453 1597 deﬂectunt,
2482 1530 2636 1586 nullo
2662 1534 2723 1583 ut
2762 1540 2992 1582 numero
3024 1522 3291 1591 contineri
3333 1521 3569 1593 possint.

481 1619 630 1693 Αὕτη
679 1622 736 1676 δὲ
778 1623 818 1692 ἠ
858 1626 969 1694 μία
1009 1630 1331 1697 περιστερὰ
1371 1631 1465 1685 καὶ
1521 1631 1654 1701 ἁγία
1728 1631 1995 1704 παρθένος

410 1713 543 1769 Θεὸν
566 1715 836 1786 ὁμολογεῖ,
863 1717 1082 1789 Πατέρα
1108 1720 1204 1772 καὶ
1231 1719 1359 1774 Υἱὸν
1398 1722 1496 1776 καὶ
1536 1722 1691 1791 ἅγιον
1725 1723 1953 1795 Πνεῦμα
1977 1740 1990 1753 °

410 1806 633 1878 Πατέρα
662 1806 887 1874 τέλειον,
922 1809 1049 1862 Υἱὸν
1074 1811 1300 1876 τέλειον,
1331 1812 1558 1884 Πνεῦμα
1583 1813 1738 1883 ἅγιον
1766 1815 1989 1869 τέλειον·

407 1892 695 1968 ὁμοούσιον
716 1900 815 1970 τὴν
839 1900 1064 1972 Τριάδα.
1085 1902 1243 1955 Ἀλλὰ
1261 1903 1355 1956 τὸν
1379 1904 1506 1958 Υίὸν
1530 1906 1595 1959 ὲκ
1619 1907 1833 1978 Πατρὸς
1854 1908 1990 1979 ἀλη-

411 1989 574 2054 θινῶς
607 1992 1024 2064 γεγεννημένον,
1061 1994 1155 2047 καὶ
1176 1994 1238 2047 τὸ
1263 1994 1418 2064 ἅγιον
1454 1995 1678 2068 Πνεῦμα
1707 1998 1808 2052 οὐκ
1836 1999 1993 2054 ἀλλό-

408 2098 560 2152 τριον
587 2083 803 2155 Πατρὸς
833 2083 927 2137 καὶ
948 2083 1078 2137 Υίοῦ
1094 2102 1107 2114 ·
1137 2080 1302 2139 οὖσαν
1323 2087 1381 2140 δὲ
1413 2089 1500 2142 ἀεὶ
1526 2088 1626 2161 τὴν
1652 2090 1878 2162 Τριάδα,
1899 2093 1993 2146 καὶ

411 2168 682 2242 μηδέποτε
727 2174 1047 2247 προσθήκην
1096 2177 1518 2250 ὲπιδεχομένην·
1555 2179 1630 2252 μὴ
1677 2180 1904 2252 ἔχουσαν
1934 2184 1993 2238 δέ

408 2276 463 2317 τι
486 2264 545 2316 ὲν
566 2265 702 2337 αὐτῇ
731 2266 1088 2339 ὐποόεσηκὺς,
1113 2270 1195 2332 είς
1219 2270 1347 2340 μίαν
1373 2269 1428 2323 δὲ
1451 2272 1679 2343 ἑνότητα
1719 2274 1814 2327 καὶ
1862 2274 1993 2345 μίαν

408 2356 584 2428 ἀρχὴν
610 2358 704 2411 τοῦ
732 2358 869 2412 Θεοῦ
895 2361 988 2413 καὶ
1020 2361 1235 2435 Πατρὸς
1262 2362 1627 2434 ἀναγομένην.
1651 2367 1760 2420 Kal
1785 2369 1849 2421 ὲκ
1864 2367 1994 2421 ταύ-

407 2463 510 2516 της
538 2448 638 2518 τῆς
669 2449 898 2520 Τριάδος
948 2451 1162 2522 Πατρὺς
1209 2454 1305 2507 καὶ
1338 2452 1469 2506 Υίοῦ
1503 2457 1597 2509 καὶ
1632 2456 1789 2525 ἁγίου
1820 2457 1993 2511 Πνεύ-

413 2555 582 2608 ματος
604 2539 676 2593 τὰ
705 2541 883 2596 πάντα
912 2543 1218 2609 ἐκτίσθαιί,
1258 2546 1358 2599 οὐκ
1389 2546 1519 2601 ὄντα
1548 2549 1698 2612 ποτὲ,
1717 2547 1842 2602 οὔτε
1863 2567 1993 2604 συν-

408 2630 537 2684 ὄντα
571 2630 652 2702 τῷ
700 2631 840 2705 Θεῷ,
873 2633 997 2689 οῦτε
1047 2637 1498 2710 προῦπάρξαντα,
1527 2641 1787 2712 γινόμενα
1829 2643 1886 2696 δὲ
1928 2644 1994 2697 ὲκ

407 2722 503 2776 τοῦ
537 2724 611 2795 μὴ
642 2724 794 2789 ὄντος
824 2729 904 2792 είς
933 2728 995 2782 τὸ
1022 2724 1163 2784 εἶναι
1213 2731 1322 2785 ἀπὸ
1361 2732 1574 2803 Πατρὸς
1614 2735 1707 2787 καὶ
1734 2734 1867 2788 Υίοῦ
1901 2737 1995 2790 xal

410 2818 568 2886 ἁγίου
604 2818 939 2889 Πνεύματος.
983 2822 1095 2875 Kal
1138 2821 1327 2876 τοῦτον
1357 2824 1447 2876 τὸν
1480 2824 1703 2897 Πατέρα
1740 2827 1834 2879 καὶ
1865 2828 1994 2881 Υίὸν

410 2911 504 2962 καὶ
527 2911 680 2978 ἆγιον
707 2910 928 2982 Πνεῦμα
954 2916 1067 2977 τοῖς
1094 2915 1260 2969 αὐτοῦ
1291 2915 1466 2984 ἁγίοις
1495 2915 1906 2982 καταξιώσαντα
1935 2921 1993 2973 ὲν

410 3002 699 3067 ὁπτασίαις
744 3007 997 3076 φανῆναι,
1043 3006 1293 3080 καθάπερ
1339 3009 1567 3078 ἠδύνατο
1604 3010 1834 3075 ἕκαστος
1884 3030 1994 3082 χω-

416 3096 551 3163 ρεῖν.
580 3094 723 3153 κατά
753 3096 814 3149 τὸ
840 3098 1082 3169 χάρισμα
1106 3100 1204 3171 τῆς
1229 3100 1399 3154 αὐτοῦ
1419 3101 1651 3173 δυνατῆς
1687 3102 1992 3174 θεότητοςί,

2172 1628 2300 1684 Hac
2348 1635 2531 1682 autem
2580 1641 2689 1679 una
2737 1623 2837 1678 illa
2888 1620 3133 1677 columba
3187 1627 3487 1690 sanctaque
3527 1620 3684 1692 virgo

2099 1720 2269 1777 Deum
2299 1719 2592 1775 conﬁtetur
2611 1715 2828 1772 Patrem
2868 1725 2923 1770 et
2950 1711 3148 1768 Filium
3179 1722 3233 1769 et
3258 1712 3523 1784 Spiritum
3552 1729 3685 1771 san-

2028 1849 2070 1905 B
2099 1822 2247 1869 ctum
2290 1829 2304 1866 :
2340 1810 2559 1866 Patrem
2602 1807 2925 1880 perfectum,
2968 1804 3169 1905 Filium
3202 1804 3540 1905 perfectum;

2101 1906 2299 1961 fectum
2331 1903 2594 1975 Spiritum
2622 1908 2896 1965 sanctum,
2930 1897 3455 1955 consubstantialem
3496 1896 3680 1953 Trini-

2098 2007 2283 2053 tatem.
2315 1995 2422 2051 Sed
2446 1993 2640 2049 Filium
2664 2007 2792 2048 vere
2823 2006 2853 2045 a
2875 1990 3034 2047 Patre
3051 1990 3314 2062 genitum,
3337 1998 3391 2045 et
3416 1987 3681 2060 Spiritum

2099 2099 2353 2146 sanctum
2385 2103 2416 2143 a
2447 2086 2610 2142 Patre
2662 2083 2915 2154 Filioque
2958 2098 3068 2139 non
3105 2083 3346 2138 alienum
3380 2100 3395 2137 :
3435 2081 3678 2137 Trinita-

2097 2191 2231 2246 tem,
2278 2182 2522 2252 inquam.
2553 2192 2676 2249 qua
2703 2190 2920 2247 semper
2943 2175 3037 2241 sit,
3065 2190 3243 2244 neque
3291 2175 3458 2230 ullam
3485 2188 3680 2230 acces-

2098 2275 2310 2332 sionem
2371 2271 2574 2342 capiat,
2624 2283 2802 2341 neque
2845 2268 3143 2338 quidquam
3194 2268 3254 2322 in
3287 2281 3410 2324 sese
3449 2264 3682 2323 inferius

2100 2367 2326 2432 habeat;
2357 2377 2586 2435 quaque
2619 2361 2689 2417 ad
2734 2359 3064 2430 singularem
3095 2357 3382 2425 unitatem,
3425 2358 3682 2413 unicum-

2098 2473 2206 2528 que
2240 2455 2335 2510 Dei
2374 2470 2439 2510 ac
2467 2451 2650 2506 Patris
2679 2449 3008 2522 principium
3042 2446 3333 2504 referatur.
3375 2446 3461 2505 Ab
3490 2448 3682 2504 eadem

2099 2547 2370 2603 Trinitate
2418 2543 2581 2599 Patre
2624 2551 2680 2598 et
2731 2538 2872 2595 Filio
2912 2546 2967 2594 et
3020 2536 3227 2611 Spiritu
3268 2548 3461 2595 sancto
3496 2546 3682 2594 creata

2097 2654 2223 2695 esse
2253 2644 2471 2701 cuncta,
2511 2648 2634 2704 qua
2682 2630 2976 2703 aliquando
3013 2646 3124 2686 non
3152 2630 3463 2695 exstabant,
3505 2646 3683 2701 neque

2100 2745 2226 2786 cum
2261 2728 2373 2784 Deo
2401 2736 2581 2792 erant,
2618 2740 2721 2781 nec
2765 2732 2895 2780 ante
2917 2723 3274 2789 exsistebant,
3313 2724 3405 2779 sed
3446 2738 3477 2778 e
3511 2722 3683 2778 nihilo

2100 2822 2306 2894 aliquid
2357 2835 2483 2877 esse
2548 2826 2857 2891 caperunt,
2902 2832 2934 2872 a
2974 2816 3137 2873 Patre
3158 2824 3214 2873 et
3246 2815 3382 2872 Filio
3407 2825 3463 2872 et
3490 2823 3684 2873 sancto

2103 2914 2313 2987 Spiritu
2352 2912 2654 2985 producta;
2678 2920 2731 2966 et
2758 2910 2907 2964 hunc
2943 2908 3156 2980 1135
3183 2910 3361 2980 ipsum
3384 2908 3599 2966 Patrem
3625 2917 3684 2965 et

2100 3006 2298 3061 Filium
2345 3013 2400 3059 et
2441 3004 2704 3074 Spiritum
2732 3010 2979 3058 sanctum
3024 3002 3231 3058 sanctis
3270 3002 3385 3059 suis
3416 3003 3472 3058 in
3514 3002 3684 3058 visio-

2099 3101 2265 3165 nibus
2324 3112 2588 3169 apparere
2643 3095 2923 3166 dignatum
2982 3110 3125 3159 esse,
3173 3103 3441 3166 quantum
3484 3111 3684 3167 capere

410 3180 549 3258 ὅπερ
581 3187 863 3259 ἐχαρίζετο
888 3189 1104 3261 ἑκάστῳ
1134 3191 1243 3244 τῶν
1273 3193 1738 3265 καταξιουμένων.
1781 3196 1865 3267 Hi;
1895 3198 1992 3268 μὲν

2102 3190 2336 3261 quisque
2374 3197 2606 3257 poterat,
2641 3187 2941 3244 secundum
2976 3187 3178 3242 donum
3208 3189 3447 3258 potentis
3483 3189 3684 3245 divini-

413 3279 635 3352 Πατέρα
660 3279 957 3335 θεάσασθαι
990 3280 1174 3347 καθὼς
1200 3282 1449 3353 ἠδύνατο,
1485 3282 1715 3338 ἀκοῦσαι
1743 3284 1844 3355 τῆς
1876 3304 1989 3354 φω-

412 3372 514 3442 νῆς
561 3373 727 3426 αὐτοῦ
772 3372 849 3437 ὡς
895 3373 1126 3445 ὲχιῦρειο
1162 3374 1239 3440 ὡς
1265 3377 1323 3428 ὲν
1354 3376 1585 3446 στόματι
1632 3376 1727 3431 τοῦ
1768 3378 1991 3433 Ἡσαΐου

414 3464 628 3534 ἔλεγεν·
671 3463 820 3520 Ἰδοὺ
867 3465 1128 3533 συνήσει
1176 3470 1210 3521 ὁ
1261 3467 1403 3534 παῖς
1445 3486 1565 3538 μου
1591 3470 1625 3523 ό
1653 3470 1955 3539 ἀγαπητός
1975 3487 1989 3499 ·

413 3556 572 3612 τοῦτο
620 3557 772 3630 φωνὴ
831 3555 1065 3630 Πατρός.
1110 3556 1228 3633 ,Καὶ
1260 3559 1337 3624 ὡς
1370 3561 1398 3613 ὁ
1417 3559 1645 3632 Δανιὴλ,
1672 3556 1851 3615 Εἶδεν
1888 3560 1996 3615 τὸν

412 3649 682 3705 Παλαιὸν
705 3649 826 3703 τῶν
856 3642 1123 3720 ἡμερῶνο
1154 3650 1310 3705 τοῦτο
1341 3651 1575 3707 ὀπτασία
1622 3652 1716 3707 τοῦ
1759 3654 1992 3726 Πατρός.

427 3742 515 3806 Ὠς
545 3742 604 3797 δὲ
633 3746 691 3795 ὲν
728 3742 805 3814 τῷ
832 3744 1087 3817 προφήτῃ
1122 3743 1284 3798 πάλιν
1305 3759 1318 3773 ·
1360 3743 1502 3815 Ἐγὼ
1530 3744 1772 3814 ὁράσεις
1799 3744 1992 3815 ἐπλή-

413 3836 590 3898 θυνα,
631 3833 731 3887 καὶ
767 3834 837 3888 ἐν
875 3834 1048 3903 χερσὶ
1092 3834 1417 3905 προφητῶν
1453 3836 1793 3906 ὠμοιώθηνο
1836 3836 1995 3890 τοῦτο

414 3924 570 3996 φωνὴ
595 3925 750 3981 Υίοῦ.
767 3926 856 3990 Ὠς
886 3927 941 3981 δὲ
964 3930 1022 3981 ὲν
1052 3928 1341 3999 Ἰεζεκιήλ’
1375 3929 1485 3983 Καὶ
1505 3930 1685 3984 ἔλαϐέ
1707 3947 1784 3999 με
1806 3930 1996 3985 Πνεῦ-

413 4035 500 4089 μα
531 4020 701 4087 Θεοῦ,
723 4021 822 4075 καί
847 4022 1097 4088 ἐξέϐαλέ
1119 4040 1198 4092 με
1223 4025 1310 4090 εὶς
1329 4023 1395 4077 τὸ
1423 4024 1660 4077 πεδίον
1690 4023 1848 4077 τοῦτο
1869 4025 1996 4097 περὶ

418 4108 512 4163 τοῦ
547 4110 704 4179 ἁγίου
739 4111 1072 4183 Πνεύματος.
1104 4114 1216 4167 Kal
1263 4114 1435 4169 πολλά
1481 4114 1596 4169 ἐστι
1648 4114 1873 4169 τοιαῦτα
1903 4115 1994 4169 λέ-

418 4217 558 4269 γειν,
580 4193 654 4255 ὧν
676 4200 872 4269 ὀλίγων
901 4200 1008 4255 ἀπὺ
1040 4202 1240 4275 μέρους
1262 4206 1701 4277 ὑπομνησθέντες
1724 4208 1784 4260 ὲν
1812 4223 1996 4279 παρα-

415 4290 590 4364 δρομῇ
619 4293 700 4355 είς
722 4293 784 4346 τὸ
812 4292 980 4358 δεῖξαι
1008 4294 1099 4347 τὸν
1132 4296 1459 4368 χαρακτῆρα
1503 4297 1603 4367 τῆς
1647 4298 1994 4369 Ἐκκλησίας,

416 4384 486 4439 τὰ
510 4384 604 4438 δύο
636 4386 856 4457 ῥήματα
884 4387 1255 4458 παρεθέμεθα,
1296 4389 1506 4460 μυρίων
1536 4383 1706 4444 ὄντων
1754 4391 1851 4444 καὶ
1898 4391 1998 4443 ὲπ-

417 4476 604 4531 έκεινα
644 4477 751 4531 τῶν
791 4478 993 4549 ὁμοίων
1035 4477 1245 4543 τούτοις
1284 4480 1344 4534 ἐν
1380 4484 1503 4544 ταῖς
1540 4480 1711 4547 θείαις
1754 4483 2000 4555 Γραφαῖς

2095 3282 2225 3337 tatis
2277 3278 2472 3350 ipsius,
2506 3280 2654 3350 quod
2687 3279 2980 3350 unicuique
3021 3294 3211 3335 eorum
3254 3281 3348 3351 qui
3376 3280 3527 3352 digni
3553 3281 3681 3338 fami

2096 3371 2334 3435 fuerant,
2353 3373 2635 3443 impertiit.
2666 3372 2743 3427 Ita
2761 3370 2939 3427 Patris
2961 3381 3216 3442 aspectus
3239 3373 3535 3444 unicuique
3556 3390 3683 3445 per-

2095 3465 2300 3520 missus
2327 3473 2429 3529 est,
2462 3475 2727 3535 quantum
2782 3478 2972 3520 vocem
3002 3465 3150 3521 illius
3185 3464 3376 3522 audire
3420 3480 3485 3521 ac
3515 3476 3682 3537 prout

2099 3570 2298 3627 capere
2337 3563 2593 3627 poterat;
2649 3563 2707 3611 ut
2756 3570 2881 3611 cum
2920 3570 3017 3627 per
3041 3554 3239 3612 Isaiam
3283 3557 3357 3611 ita
3391 3556 3676 3629 loquitur:

2095 3652 2234 3704 Ecce
2284 3647 2542 3719 intelliget
2596 3664 2727 3719 puer
2764 3664 2912 3705 meus
2958 3647 3180 3705 dilectus
3213 3649 3235 3682 ⁸
3278 3666 3292 3704 :
3334 3665 3455 3721 qua
3498 3649 3680 3708 Patris

2097 3741 2272 3812 ipsius
2295 3741 2460 3796 verba
2494 3748 2643 3798 sunt.
2670 3740 2762 3796 Sic
2798 3740 3028 3798 Daniel:
3068 3741 3190 3797 Vidi
3238 3742 3529 3815 Antiquam
3566 3743 3682 3800 dic-

2098 3832 2485 3903 rum‘:quod
2538 3833 2716 3889 visum
2765 3835 2946 3891 Patris
3000 3834 3280 3907 proprium
3352 3836 3474 3890 fuit.
3533 3835 3680 3904 Quin

2098 3929 2261 3980 etiam
2290 3925 2434 3995 apud
2467 3925 2635 3980 alium
2661 3927 2979 3997 prophetam
3013 3946 3027 3982 :
3059 3925 3192 3998 Ego,
3229 3927 3428 3999 inquit,
3454 3930 3679 3984 visiones

2098 4017 2471 4087 multiplicari,
2497 4028 2547 4072 et
2569 4020 2625 4072 in
2658 4018 2902 4074 manibus
2941 4019 3313 4088 prophetarum
3345 4021 3679 4076 assimilatas

2100 4126 2220 4164 sum
2245 4110 2288 4165 ⁸.
2321 4108 2398 4165 Ea
2447 4125 2551 4165 vox
2601 4121 2686 4166 est
2717 4110 2840 4165 Filii
2874 4113 3116 4183 propria.
3146 4112 3305 4183 Apud
3336 4113 3680 4171 Ezechielem

2100 4218 2230 4258 vero
2264 4216 2279 4254 :
2317 4199 2387 4255 Et
2406 4204 2691 4271 assumpsit
2723 4220 2825 4271 me,
2855 4204 3050 4274 inquit,
3079 4202 3309 4273 Spiritus
3339 4205 3456 4270 Dei,
3500 4214 3550 4260 et
3578 4205 3682 4271 eie-

2102 4293 2172 4346 cit
2196 4309 2276 4347 me
2298 4293 2354 4347 in
2370 4309 2617 4364 campum
2640 4294 2661 4326 ⁶
2682 4294 2855 4365 :quod
2885 4295 2952 4351 ad
2984 4294 3249 4367 Spiritum
3279 4304 3529 4353 sanctum
3562 4313 3683 4368 per-

2104 4387 2259 4441 tinet.
2294 4385 2576 4456 Ejusmodi
2609 4387 2714 4441 alia
2738 4386 2971 4457 proferri
3001 4388 3401 4460 quamplurima
3421 4399 3678 4462 possunt;

2102 4494 2135 4534 e
2156 4479 2357 4549 quibus
2389 4494 2560 4550 pauca
2585 4481 2832 4551 quadam
2863 4481 3042 4538 obiter
3071 4483 3478 4555 proposuimus.
3502 4485 3683 4556 Atque

417 4560 660 4630 ΙΙαλαιᾶς
700 4585 759 4621 τε
786 4568 880 4622 καὶ
905 4570 1114 4640 Καινῆς
1147 4570 1423 4643 Διαθήκης
1453 4573 1859 4644 ἐμφερομένων.
1891 4575 1998 4628 Kal

2110 4580 2169 4626 ut
2206 4572 2485 4642 pr0priam
2528 4571 2789 4630 Ecclesia
2822 4574 3051 4631 formam
3096 4589 3163 4630 ac
3188 4583 3349 4632 notas
3371 4576 3683 4633 ostendere-

417 4659 501 4713 δτι
527 4658 688 4722 αὐτὸς
719 4659 924 4730 Κύριος
952 4660 1151 4714 ἔπλασε
1173 4662 1235 4715 τὸ
1265 4661 1425 4733 σῶμα
1451 4662 1529 4735 τῷ
1567 4660 1758 4736 Ἀδὰμ,
1785 4665 1878 4718 καὶ
1897 4666 1998 4719 ἐν-

415 4747 716 4803 έπνευσεν
740 4750 811 4804 ἐν
832 4752 991 4818 αὐτῷ
1022 4753 1222 4822 πνοὴν
1252 4752 1416 4823 ζωῆς,
1437 4755 1627 4819 κτίσας
1651 4756 1798 4828 αὑτῷ
1821 4756 2001 4830 ψυχὴν

418 4836 620 4905 ζῶσαν.
647 4843 756 4895 Kal
793 4844 874 4895 ὅτι
914 4842 1077 4908 αὐτὸς
1108 4844 1307 4899 δέδωκε
1343 4846 1435 4900 τὸν
1468 4847 1630 4918 νόμον
1668 4848 1746 4920 τῷ
1790 4850 1998 4922 Μωῦσῇ

417 4927 447 4983 ὃ
475 4931 629 4995 Θεὸς,
670 4934 860 5005 Πατὴρ
880 4935 976 4987 καὶ
1010 4935 1138 4999 Υἱὸς
1165 4937 1261 4989 καὶ
1286 4936 1440 5005 ἅγιον
1471 4936 1716 5008 Πνεῦμα.
1748 4938 1846 5009 μία
1884 4939 2003 4992 θεό-

416 5034 536 5093 της.
565 5020 673 5077 Καὶ
711 5026 793 5077 ὅτι
840 5026 890 5079 οἱ
925 5027 1202 5098 προφῆται
1249 5024 1354 5082 ὑπὸ
1394 5027 1495 5099 τῆς
1547 5029 1717 5099 αὐτῆς
1744 5029 2000 5103 θεότητος

418 5114 825 5186 ἀπεστάλησαν.
855 5116 964 5172 Καὶ
986 5119 1068 5172 ὅτι
1094 5120 1255 5184 αὐτὸς
1280 5122 1411 5192 ἡμῖν
1443 5123 1472 5174 ὁ
1499 5121 1652 5186 Θεὸς,
1676 5123 1706 5175 ὁ
1734 5122 2001 5176 Ἰουδαίων

417 5223 480 5260 τε
531 5208 625 5260 καὶ
671 5205 1010 5279 Χριστιανῶν
1040 5209 1117 5264 ὢν
1161 5210 1315 5277 Θεὸς,
1334 5213 1623 5278 Ἰουδαίους
1663 5231 1726 5273 τε
1766 5215 2002 5280 καλέσας

418 5300 501 5362 είς
525 5298 871 5370 δικαιοσύνην
897 5303 1025 5364 τοὺς
1053 5302 1128 5374 μὴ
1155 5304 1528 5375 ἀρνουμένους
1554 5307 1653 5375 τὴν
1676 5307 1771 5359 τοῦ
1791 5307 2000 5380 Κυρίου

418 5389 579 5462 ἡμῶν
624 5390 797 5463 Ἰησοῦ
826 5391 1061 5464 Χριστοῦ
1089 5395 1410 5467 παρουσίαν.
1439 5396 1550 5451 Kal
1573 5398 1780 5462 πάντας
1811 5397 2001 5465 σώζων

488 5547 506 5578 ι

418 5614 444 5649 ⁸
470 5614 668 5674 Ezécb.
701 5635 784 5683 Ill,
814 5614 905 5685 '12.
940 5620 1030 5674 2‘2.
1101 5614 1139 5651 θ’
1155 5614 1404 5688 (ἶὲὶιίιιζ
1423 5622 1475 5677 7.

537 5566 627 5628 γρΞ
654 5549 1006 5628 κεκτῆσθαιπ-
1051 5549 1072 5570 ⁸
1093 5567 1194 5628 γ·ρὲ
1219 5551 1468 5628 χάρισμα
1505 5551 1672 5609 αὐτοῦ
1712 5556 1803 5612 διά
1840 5557 1940 5628 τῆς
1975 5557 2120 5614 θεότ.

2101 4681 2245 4729 mus,
2280 4666 2389 4722 duo
2418 4665 2586 4720 triave
2612 4666 2777 4722 verba
2805 4667 2861 4723 in
2891 4667 3128 4723 medium
3142 4668 3425 4724 attulimus
3454 4683 3521 4723 ex
3550 4668 3680 4723 inll-

2100 4759 2234 4815 nitis
2257 4759 2412 4823 locis,
2442 4775 2564 4831 qua
2600 4759 2816 4817 illorum
2847 4761 3042 4817 similia
3065 4762 3119 4816 in
3150 4760 3449 4830 Scripturis
3474 4776 3540 4817 ac
3565 4768 3678 4816 tam

2102 4850 2298 4908 Vetere
2316 4868 2479 4923 quam
2512 4852 2665 4909 Novo
2689 4852 3044 4910 Testamento
3080 4854 3355 4925 leguntur.
3380 4851 3514 4908 illud
3547 4869 3679 4910 vero

2102 4944 2327 5014 insuper
2352 4943 2592 5002 Ecclesia
2624 4946 2934 5015 proﬁtetur.
2948 4945 3234 5000 Dominum
3267 4946 3445 5016 ipsum
3477 4961 3683 5017 corpus

2102 5039 2313 5094 Adamo
2336 5038 2657 5104 fabricasse,
2693 5050 2746 5094 et
2769 5040 3058 5108 inspirasse
3086 5039 3168 5093 illi
3195 5039 3445 5106 spiritum
3479 5040 3600 5095 vitae
3629 5041 3677 5104 ⁷,

2102 5144 2229 5184 cum
2279 5130 2552 5185 viventem
2585 5130 2636 5185 ei
2667 5138 2978 5199 procrearet
3011 5131 3268 5184 animam.
3321 5129 3459 5185 Tum
3506 5130 3680 5203 Moysi

2105 5222 2275 5293 legem
2316 5221 2612 5279 tradidisse
2640 5221 2808 5279 Deum
2837 5223 3015 5293 ipsum
3048 5222 3283 5288 Patrem,
3329 5232 3384 5278 et
3407 5222 3603 5279 Filium
3625 5232 3683 5280 et

2105 5309 2371 5383 Spiritum
2398 5323 2668 5380 sanctum,
2686 5330 2808 5385 qua
2827 5323 2911 5371 est
2936 5330 3045 5370 una
3074 5315 3353 5370 divinitas.
3389 5314 3592 5371 Deinde
3608 5316 3683 5371 ab

2102 5403 2293 5460 eadem
2343 5403 2631 5462 divinitate
2688 5406 2982 5476 prophetas
3027 5421 3151 5463 esse
3190 5408 3411 5463 missos.
3450 5407 3530 5460 Ad
3565 5408 3681 5463 hac

2237 5562 2258 5594 ³
2284 5561 2389 5620 lsa.
2418 5579 2514 5632 LII,
2556 5566 2643 5621 15.

2751 5566 2773 5597 ’⁵
2801 5564 2940 5622 Dan.
2967 5583 3067 5635 vn,
3107 5568 3162 5623 9.
3267 5569 3286 5602 '
3319 5567 3442 5625 Ose.
3467 5583 3564 5633 xu,
3590 5567 3682 5622 10.

508 5732 599 5792 55)
637 5732 734 5786 Ἐν
764 5732 1012 5813 angat-07¢,
1045 5740 1150 5813 etc.
1186 5735 1254 5813 In.
1285 5733 1626 5801 Expositione
1667 5738 1815 5810 ﬁdei,
1846 5700 2013 5798 citato
2043 5756 2196 5800 num.
2237 5741 2321 5811 l3,
2356 5742 2513 5803 locus
2554 5744 2656 5804 iste
2682 5742 2869 5803 Latine
2906 5743 3172 5813 redditur,
3215 5745 3326 5802 Alii
3375 5743 3513 5800 collo
3562 5742 3684 5801 ait»

482 5732 599 5856 $55)
637 5732 734 5786 Ἐν
764 5732 1012 5798 κλοιοῖς,
1045 5740 1150 5787 etc.
1186 5735 1247 5789 In
1285 5733 1527 5801 Expositi

414 5815 479 5856 cu
505 5820 538 5857 a
571 5813 763 5874 prater
793 5803 1045 5859 Ecclesia:
1079 5803 1212 5875 leges
1236 5806 1527 5863 innectunt.
