4118 6402
457 433 590 490 ’⁷879

1889 426 1951 481 S.
1995 424 2337 480 EPIPHANII

3629 425 3754 483 880

479 545 642 602 nobis
668 543 837 600 Deum
885 559 1009 601 esse
1045 545 1196 600 illum
1237 545 1328 615 qui
1361 543 1673 600 Iudaeorum
1702 558 1764 598 ac
1794 542 2063 598 Christia-

2171 547 2288 608 τοὺς
2323 545 2462 599 κατά
2509 546 2608 617 τὴν
2650 546 2908 618 ἀληθινὴν
2935 545 3099 601 αὑτοῦ
3132 546 3314 600 πίστιν
3351 544 3617 615 βιοῦντας,
3647 549 3759 598 καὶ

477 651 677 692 norum
699 646 784 692 est
817 635 990 700 Deus;
1025 635 1356 706 quiJudaeos
1384 635 1448 690 ad
1472 636 1743 705 justitiam
1773 649 1868 690 eos
1898 650 2061 689 voca-

479 724 579 794 vit,
620 730 716 799 qui
767 728 1201 783 incarnationem
1251 727 1426 798 ipsam
1469 726 1682 781 Domini
1723 725 1896 780 nostri
1933 723 2062 781 Jesu

477 820 683 877 Christi
715 835 1058 892 nequaquam
1087 821 1422 891 abnegarent
1454 840 1466 874 :
1498 821 1700 890 quique
1734 833 1924 873 omnes
1952 818 2063 872 sal-

480 919 590 976 vat,
625 913 720 982 qui
745 927 813 967 ex
839 927 979 966 vera:
1007 912 1180 982 ipsius
1213 911 1334 966 ﬁdei
1370 913 1692 983 praescripto
1710 911 1876 964 vitam
1906 909 2064 963 insti-

477 1010 661 1067 tuunt,
719 1019 898 1074 neque
935 1019 1076 1059 verae
1121 1014 1176 1060 et
1227 1005 1554 1076 evangelica:
1599 1004 1746 1058 illius
1798 1002 2063 1057 doctrina:

479 1093 831 1164 praedicatum
885 1094 1088 1165 ubique
1126 1094 1326 1166 dogma
1369 1102 1657 1166 respuunt.
1700 1092 1858 1149 Venit
1890 1093 2060 1156 enim,

477 1186 628 1240 venit
659 1185 1006 1257 Unigenitus,
1024 1187 1207 1257 itaque
1234 1194 1409 1242 mater
1440 1196 1629 1242 nostra
1662 1185 1906 1241 Ecclesia
1939 1201 2063 1254 pro-

477 1278 684 1333 lltetur.
702 1276 832 1344 Quae
853 1279 1182 1350 tranquillus
1204 1279 1356 1348 pacis
1379 1285 1570 1348 portus
1590 1285 1675 1333 est
1703 1295 1717 1332 :
1743 1284 1797 1332 et
1819 1276 2063 1330 suavitas

2169 636 2243 707 μὴ
2277 638 2642 709 ἀρνουμένους
2687 640 2785 712 τὴν
2836 639 3094 712 ἀλήθειαν
3125 639 3218 692 τοῦ
3253 639 3605 711 κηρύγματος
3647 641 3759 709 τῆς

2165 727 2422 798 ἀληθείας
2468 732 2562 784 καὶ
2602 732 2964 803 εὐαγγελικῆς
3009 731 3172 786 αὑτοῦ
3199 727 3760 794 διδασκαλίαςῙΗλΘε

2166 819 2295 891 γὰρ,
2330 816 2493 890 ἦλθεν
2541 825 2569 876 ό
2611 825 2924 896 Μονογενής
2946 841 2959 852 ·
3006 825 3101 877 καὶ
3152 821 3324 886 οὕτως
3348 822 3461 892 ἔχει
3493 825 3526 892 ὴ
3562 823 3760 893 μήτηρ

2167 912 2323 982 ἡμῶν
2363 911 2728 984 Ἐκκλησία,ό
2778 916 2940 986 λιμὴν
2989 916 3018 967 ὁ
3065 913 3238 978 εῦδιος
3289 913 3390 983 τῆς
3442 914 3684 983 εἰρήνης,
3718 912 3761 980 ἡ

2167 1000 2438 1074 εύςρρασία
2486 1007 2519 1076 ή
2573 1005 2810 1061 πνέουσα
2853 1007 2943 1060 τὸν
2990 1006 3198 1076 κύπρον
3229 1006 3328 1076 τῆς
3357 1003 3624 1073 ἀμπέλου,
3653 999 3762 1054 καὶ

2168 1095 2364 1167 βότρυν
2395 1097 2635 1169 φέρουσα
2665 1102 2798 1170 ἡμῖν
2827 1099 2926 1169 τῆς
2953 1099 3225 1167 εὐλογίας,
3257 1098 3350 1152 καὶ
3374 1097 3433 1149 τὺ
3462 1095 3758 1149 λυσίπονον

2164 1189 2297 1258 ἡμῖν
2344 1191 2497 1261 πόμα
2530 1193 2652 1246 καθ’
2678 1194 2913 1264 ὲκάστην
2943 1193 3178 1264 ἡμέραν,
3211 1186 3349 1262 αἷμα
3381 1188 3614 1262 Χριστοῦ
3645 1206 3757 1259 χαο

2166 1275 2421 1350 ριζομένη
2458 1280 2944 1352 ἀκρατον,ἀληθές.

476 1367 726 1438 quaedam
793 1386 1021 1441 cyprum
1063 1370 1192 1426 vitis
1257 1371 1531 1434 redolens,
1569 1379 1622 1425 et
1673 1370 1889 1423 botrum
1961 1367 2123 1422 nobis
2164 1369 2568 1429 benedimionis
2627 1373 2915 1443 proferens
2947 1375 2996 1440 ¹;
3024 1389 3235 1428 necnon
3283 1382 3338 1428 et
3385 1371 3754 1444 praesentissi-

477 1479 627 1519 mum
662 1465 795 1520 illud
819 1466 1189 1536 abstergendo
1228 1467 1452 1520 maerori
1506 1476 1716 1536 potum,
1781 1479 1990 1519 merum
2059 1463 2260 1519 scilicet
2321 1482 2385 1522 ac
2438 1484 2626 1522 verum
2691 1468 2896 1524 Christi
2954 1469 3275 1540 sanguinem
3339 1468 3584 1538 quotidie
3639 1467 3754 1520 lar-

478 1574 662 1629 gtens.

547 1649 814 1705 Praeterea
843 1649 1120 1706 Christum
1137 1664 1168 1705 e
1187 1648 1355 1704 Maria
1386 1665 1601 1720 semper
1639 1651 1849 1721 virgine
1873 1664 2064 1704 revera

435 1811 440 1828 ι
477 1752 667 1798 natum
693 1758 814 1799 esse
829 1741 1288 1814 credit,eSpiritu
1317 1750 1651 1806 sancto,non
1680 1757 1744 1798 ex
1776 1742 1926 1796 virili
1973 1757 2062 1797 se-

2243 1646 2364 1699 ’Ὀτι
2391 1646 2668 1719 ,ἀληθινὸς
2703 1650 2724 1681 ⁵
2791 1648 3053 1721 ἐγεννήθη
3102 1649 3336 1717 Χριστὸς
3369 1649 3476 1702 ἀπὸ
3529 1649 3756 1718 Μαρίας

2169 1739 2271 1809 τῆς
2325 1741 2687 1813 ἀειπαρθένου
2744 1743 2832 1797 διὰ
2886 1746 3204 1816 Πνεύματος
3265 1745 3444 1813 ἁγίου,
3491 1744 3589 1796 οὐκ
3640 1744 3756 1794 ἀπὸ

476 1837 644 1902 mine,
669 1835 764 1891 sed
792 1835 1105 1904 exipsamet
1134 1844 1485 1890 sacrosancta
1508 1831 1762 1904 Virgine;
1789 1850 1853 1888 ac
1882 1834 2064 1905 reipsa

2172 1832 2490 1903 σπέρματος
2518 1834 2731 1906 ἀνδρὸς,
2760 1835 2876 1891 ἀλλ’
2907 1838 3000 1890 ἀπ’
3025 1839 3195 1909 αὐτῆς
3223 1838 3324 1907 τῆς
3351 1837 3511 1904 ἁγίας
3539 1835 3754 1906 Παρθέο

475 1943 700 1999 corpus,
728 1942 838 1982 non
879 1931 1062 1998 specie
1083 1927 1349 1982 duntaxat
1365 1927 1662 1997 accepisse,
1697 1927 1912 1998 1136
1936 1942 2062 1981 car-

479 2035 632 2086 nem,
660 2020 906 2091 inquam,
934 2035 1142 2084 veram,
1174 2035 1376 2087 corpus
1393 2035 1580 2074 verum
1609 2034 1734 2074 cum
1764 2022 1983 2076 ossibus
2005 2035 2070 2076 ac

476 2113 695 2177 nervis,
755 2114 1091 2184 reliquisque
1139 2128 1262 2184 qua:
1332 2113 1493 2168 nobis
1550 2113 1741 2170 insunt
1787 2113 2066 2179 omnibus,

475 2203 614 2258 nihil
643 2211 703 2259 ut
734 2220 764 2258 a
792 2206 952 2262 nobis
1011 2205 1167 2276 ipsis,
1207 2215 1578 2277 praeterquam
1615 2206 1902 2261 excellenti
1935 2221 2071 2276 qua-

475 2294 604 2351 dam
638 2298 951 2354 sanctitatis
978 2313 1042 2353 ac
1073 2297 1379 2354 divinitatis
1403 2298 1580 2369 gloria
1612 2298 1909 2369 discrepet,
1952 2306 2067 2352 tum

476 2389 627 2458 quod
663 2391 974 2446 sanctitatis
1008 2406 1105 2448 vas
1143 2392 1235 2447 sit.
1269 2391 1442 2448 Habet
1477 2400 1658 2448 autem
1687 2393 1869 2447 omnia
1893 2393 2070 2462 perl'e-

476 2483 728 2538 ctissime
749 2484 888 2537 citra
918 2489 1228 2554 peccatum.
1271 2483 1452 2550 Quare
1487 2483 1727 2538 humana
1756 2497 1946 2538 revera
1984 2490 2072 2537 est

479 2575 662 2630 anima
685 2575 970 2643 praeditus,
999 2574 1346 2646 humanaque
1367 2582 1547 2630 mente
1571 2575 1625 2629 in
1655 2576 1887 2630 veritate
1911 2594 1924 2630 :
1960 2589 2071 2629 non

479 2666 626 2737 quod
656 2676 893 2722 mentem
928 2667 1252 2738 hypostasin
1281 2682 1404 2723 esse
1425 2665 1693 2734 dicamus,
1713 2677 1773 2722 ut
1803 2667 2072 2722 alIirmant

479 2760 598 2816 alii.
650 2760 923 2815 Caeterum
985 2760 1140 2815 nulla
1204 2760 1413 2830 peccati
1454 2761 1782 2832 contagione
1834 2757 2072 2814 foedatus

457 2859 590 2916 «est,
644 2867 928 2922 nunquam
973 2866 1038 2908 os
1073 2852 1225 2906 illius
1257 2851 1549 2906 mentitum
1573 2859 1679 2915 est,
1716 2866 1895 2921 neque
1928 2850 2072 2905 labia

461 2943 674 2999 udolum
728 2943 909 2999 locuta
939 2951 1068 2998 sunt
1095 2944 1139 3008 ⁸,
1175 2958 1272 2998 cor
1297 2943 1365 2999 ad
1403 2943 1728 2998 irritandum
1772 2958 1881 2997 non
1908 2941 2075 2997 decli-

459 3037 659 3103 .navit,
685 3051 842 3093 mens
867 3036 933 3090 ad
954 3051 1015 3092 ea
1039 3052 1161 3107 quae
1188 3036 1343 3092 nefas
1377 3046 1483 3100 est,
1514 3052 1624 3091 non
1656 3035 1908 3102 deﬂexit;
1944 3051 2076 3090 caro

463 3129 630 3185 ’nillll
667 3143 856 3183 eorum
905 3143 1026 3199 quae
1063 3129 1129 3182 ad
1186 3128 1370 3183 carnis
1403 3128 1737 3198 voluptatem
1778 3128 2072 3198 pertinent,

2169 1941 2262 1978 vou
2290 1924 2471 1979 λαδὼν
2499 1926 2560 1979 τὸ
2590 1927 2749 1998 σῶμα
2789 1931 2846 1980 ἐν
2884 1928 3132 2001 ἀληθεόᾳ,
3165 1930 3258 1982 καὶ
3288 1929 3387 1982 οὐκ
3420 1930 3478 1983 ὲν
3508 1928 3753 1998 δοκήσει,

2173 2015 2350 2086 σάρκα
2385 2016 2674 2088 ἀληθινῶς,
2728 2018 2884 2090 σῶμα
2931 2019 3221 2090 ἀληθινῶς,
3275 2021 3372 2073 σὺν
3418 2019 3624 2082 ὀστέοις
3657 2019 3755 2071 καὶ

2170 2110 2382 2180 νεύροις
2415 2111 2508 2164 καὶ
2560 2113 2695 2164 πᾶσι
2742 2116 2855 2175 τοῖς
2888 2113 3198 2184 ἡμετέροις,
3252 2112 3419 2183 μηδὲν
3463 2111 3552 2180 ἀφ’
3591 2111 3756 2182 ἡμῶν

2169 2193 2579 2274 διηλλαγμένος,
2613 2204 2645 2274 ἢ
2685 2205 2844 2274 μόνον
2872 2205 2933 2257 τὸ
2961 2205 3169 2270 ἔνδοξον
3191 2205 3291 2275 τῆς
3319 2203 3483 2258 αὑτοῦ
3523 2205 3743 2274 ἀγιότηυ

2170 2311 2262 2358 τος
2295 2296 2387 2348 καὶ
2419 2294 2688 2365 θεότητος,
2727 2297 2823 2350 καὶ
2858 2296 3086 2358 σκεύους
3123 2296 3452 2366 ἁγιωσύνης,
3493 2297 3587 2348 καὶ
3618 2298 3755 2348 ἀνα-

2175 2387 2467 2458 μαρτήτως
2523 2389 2594 2440 τά
2645 2388 2822 2442 πάντα
2876 2389 3099 2452 τελείως
3156 2389 3316 2459 ἔχων,
3368 2389 3462 2441 καὶ
3501 2387 3756 2457 ἐσχηκὼς

2170 2479 2348 2550 ψυχὴν
2377 2480 2721 2552 ἀνθρωπίνην
2751 2483 2808 2534 ὲν
2842 2481 3089 2552 ἀληθείᾳ,
3126 2481 3249 2534 νοῦν
3280 2481 3368 2534 τὸν
3414 2479 3756 2551 ἀνθρώπινον

2173 2575 2231 2625 ὲν
2265 2572 2493 2643 ἀληθείᾳ
2513 2591 2525 2603 ·
2556 2575 2656 2644 οὐχ
2683 2573 2756 2638 ὡς
2791 2573 2948 2644 ἡμῶν
2977 2573 3469 2644 διαϐεϐαιουμένων
3508 2572 3597 2626 τὸν
3625 2572 3755 2625 νοῦν

2172 2659 2310 2717 εἶναι
2345 2664 2662 2730 ὑπόστασιν,
2711 2665 2892 2730 καθὼς
2919 2665 3068 2721 ἄλλοι
3101 2666 3336 2735 λέγουσι.
3376 2665 3532 2719 Κατὰ
3573 2666 3756 2719 πάντα

2171 2755 2229 2808 δὲ
2258 2756 2331 2827 μὴ
2359 2757 2656 2828 χρανθέντα
2687 2760 2746 2812 ὲν
2769 2760 3032 2830 ἁμαρτίᾳ,
3071 2759 3244 2828 στόμα
3287 2759 3360 2831 μὴ
3387 2759 3752 2829 ψευσάμενον,

2172 2848 2326 2917 χείλη
2377 2847 2452 2919 μὴ
2484 2847 2792 2920 λαλήσαντα
2842 2850 3012 2914 δόλον,
3057 2852 3284 2925 καρδίαν
3315 2851 3389 2923 μὴ
3425 2851 3756 2905 ὲκκλίνασαν

2175 2938 2254 3000 εἰς
2283 2937 2590 3008 ἐρεθισμὸν,
2627 2938 2753 2991 νοῦν
2795 2937 2869 3010 μὴ
2914 2941 3257 3010 ἐκτραπέντα
3304 2942 3383 3004 εἰς
3413 2940 3448 2994 ἃ
3499 2941 3572 3011 μὴ
3622 2940 3754 3012 χρὴ.

2177 3029 2357 3098 σάρκα
2390 3026 2464 3100 μὴ
2497 3028 2594 3100 τὴν
2637 3030 2838 3101 σαρκὸς
2868 3031 3057 3102 ἡδονὴν
3106 3033 3513 3102 ἐργασαμένην
3547 3031 3759 3095 τέλειος

2175 3118 2382 3173 ἄνωθεν
2437 3120 2592 3182 Θεὸς,
2632 3122 2733 3174 ούκ
2779 3120 2948 3173 ἐλθὼν
2995 3123 3316 3191 κατοικῆσαι
3366 3125 3422 3174 ἐν
3457 3121 3757 3192 ἀνθρώπῳ,

488 3220 733 3276 admisit.
769 3219 916 3276 Deus
968 3223 1037 3276 ab
1084 3230 1292 3276 aeterno
1335 3221 1634 3291 perfectus,
1671 3223 1762 3291 qui
1795 3236 1900 3275 non
1931 3229 1989 3275 ut
2017 3221 2067 3275 in

2177 3210 2291 3264 ἀλλ’
2338 3211 2500 3273 αὐτὸς
2547 3212 2667 3275 ὅλος
2704 3213 2724 3242 ⁸
2777 3213 3222 3284 ἐνανθρωπήσας,
3273 3213 3334 3265 ού
3381 3213 3609 3283 τραπεὶς
3657 3215 3761 3282 τὴν

455 3313 704 3371 ιὶιοιηίηθ
739 3314 1008 3370 habitaret
1040 3314 1260 3369 advenit
1288 3330 1303 3380 ;
1345 3312 1442 3369 sed
1478 3311 1718 3368 Verbum
1753 3314 1929 3382 ipsum
1963 3312 2064 3366 bo-

482 3407 687 3461 minem
731 3405 930 3472 induit,
961 3421 1070 3460 non
1118 3414 1316 3460 natura
1348 3413 1640 3468 mutatum,
1673 3403 1768 3459 sed
1803 3420 1923 3458 eam
1947 3420 2068 3474 quae

459 3496 728 3554 hominis
745 3498 966 3568 propria
999 3506 1105 3564 est,
1131 3514 1256 3551 cum
1288 3499 1572 3552 divinitate
1605 3498 1969 3568 complexum.
2009 3497 2064 3550 ln

484 3585 726 3660 Virginis
781 3597 934 3643 utero
970 3603 1160 3642 revera
1192 3588 1432 3658 genitus,
1475 3602 1687 3657 suoque
1717 3594 1964 3656 tempore
2013 3586 2066 3639 in

485 3687 644 3734 utero
674 3687 1023 3750 portatus,ac
1037 3695 1132 3749 per
1153 3679 1414 3749 genitales
1438 3679 1719 3733 meatusin
1755 3678 1926 3732 lucem
1952 3677 2069 3732 edi-

457 3776 577 3822 ~tus
600 3767 718 3821 sine
748 3769 858 3822 ulla
874 3768 1233 3838 turpitudine,
1256 3768 1502 3824 foeditate
1522 3769 1603 3823 vel
1620 3769 1771 3823 labe:
1805 3777 1928 3839 post
1956 3771 2070 3824 haec

482 3857 749 3912 educatus
783 3868 944 3928 atque
983 3874 1014 3911 a
1042 3858 1313 3930 Symeone
1342 3867 1396 3914 et
1435 3859 1592 3912 Anna
1627 3858 1681 3912 in
1711 3859 1855 3913 ulnis
1886 3868 2069 3929 gesta-

460 3959 573 4006 .~tus
611 3969 624 4005 :
661 3965 692 4004 a
717 3949 884 4005 Maria
929 3960 1198 4022 portatus,
1241 3955 1341 4008 iter
1375 3961 1562 4022 postea
1611 3951 1844 4022 pedibus
1882 3953 2071 4007 confe-

463 4041 582 4108 cit,
614 4042 994 4112 peregrinatus
1028 4051 1134 4106 est,
1171 4043 1239 4098 ad
1269 4043 1563 4114 pueritiam
1602 4043 1869 4112 pervenit,
1913 4051 2071 4098 aetate

483 4135 876 4191 corroboratus
901 4143 1006 4200 est,
1045 4137 1282 4191 humana
1304 4136 1366 4189 in
1402 4151 1462 4192 se
1491 4136 1673 4190 omnia
1705 4134 1942 4206 perfecte
1977 4136 2071 4189 ha-

468 4227 628 4291 ;buit,
684 4243 953 4284 annorum
990 4242 1219 4284 numero
1269 4242 1495 4294 census,
1539 4231 1806 4282 mensium
1841 4243 2070 4282 numero

476 4319 908 4390 .inpraagnantis
931 4328 1090 4374 utero
1119 4327 1385 4389 gestatus,
1418 4320 1594 4388 factus
1620 4336 1685 4375 ea:
1720 4321 1954 4385 muliere,
1995 4321 2073 4390 fa-

479 4420 607 4464 ctus
644 4410 738 4464 sub
764 4411 871 4481 lege
898 4411 936 4467 ³.
975 4409 1182 4464 Deinde
1233 4409 1302 4464 ad
1333 4408 1630 4464 'Jordauem
1661 4410 1937 4480 profectus
1965 4418 2068 4475 est,

477 4499 801 4571 ibidemque
858 4516 888 4556 a
935 4499 1148 4557 Joanne
1175 4502 1509 4571 baptizatus,
1537 4516 1662 4555 cum
1703 4501 1906 4554 lotione
1934 4500 2070 4554 nihil

475 4608 626 4663 vopus
647 4594 890 4659 haberet,
922 4594 1017 4650 sed
1051 4606 1109 4648 ut
1132 4609 1217 4659 ea,
1252 4609 1372 4663 quae
1403 4603 1669 4663 susceptae
1698 4593 1936 4647 hominis
1974 4607 2070 4645 na-

489 4694 628 4742 ture:
671 4698 1039 4743 consentanea
1099 4693 1248 4747 sunt.
1291 4695 1553 4748 servaret,
1615 4686 1843 4753 justi-tiae
1889 4685 2059 4754 legem

490 4780 815 4852 perturbare
856 4779 1050 4847 noluit,
1107 4787 1166 4832 ut
1215 4778 1566 4847 impleretur,
1607 4777 2066 4846 quemadmodum

483 4876 610 4944 ipse
647 4871 798 4938 dicit,
829 4871 1008 4926 omnis
1042 4870 1259 4940 justitia
1283 4870 1325 4933 ⁵,
1360 4880 1524 4940 atque
1547 4884 1731 4924 veram
1771 4885 1801 4924 ιι
1854 4884 1912 4924 se
1947 4883 2067 4922 car-

484 4981 615 5021 nem
672 4977 966 5033 veramque
1013 4962 1251 5016 hominis
1282 4971 1538 5015 naturam
1597 4967 1909 5030 susceptam
1939 4973 2068 5014 esse

486 5063 834 5112 monstraret.
888 5052 1056 5124 Igitur
1086 5053 1154 5108 ad
1194 5068 1367 5122 aquas
1397 5049 1700 5112 descendit,
1760 5051 1833 5103 ita
1884 5058 2066 5104 tamen

489 5155 548 5200 ut
577 5143 851 5201 conferret
870 5143 1074 5213 aliquid
1099 5144 1282 5214 potius
1308 5158 1472 5213 quam
1499 5144 1804 5212 acciperet;
1839 5141 2067 5210 largire-

487 5244 579 5290 tur
639 5236 809 5304 magis
857 5249 1022 5304 quam
1061 5235 1139 5289 rei
1163 5234 1470 5304 cuiuspiam
1525 5234 1828 5303 indigeret:
1863 5235 2066 5303 quippe

488 5327 707 5383 easdem
743 5327 867 5382 illas
917 5340 1087 5395 aquas
1123 5341 1222 5381 sua
1251 5327 1372 5381 luce
1393 5325 1757 5386 collustravit,
1801 5334 1855 5379 ct
1880 5323 1946 5378 ad
1971 5340 2064 5379 eo-

488 5432 611 5472 rum
649 5432 770 5488 qua:
817 5418 872 5471 in
901 5432 1024 5473 sese
1055 5416 1386 5488 perﬁcienda
1415 5424 1592 5483 erant,
1635 5415 2063 5471 adumbrandam

487 5511 802 5581 imaginem,
832 5507 1125 5580 quamdam
1154 5508 1260 5562 vim
1293 5507 1401 5563 illis
1429 5509 1712 5579 impertiit,
1741 5519 1798 5564 ut
1833 5509 1927 5580 qui
1961 5509 2066 5580 ipsi

487 5616 677 5660 revera
736 5600 1040 5668 crederent,
1081 5614 1146 5655 ac
1171 5599 1422 5656 veritatis
1464 5610 1650 5658 essent
1693 5599 1796 5656 lide
1833 5601 2063 5672 praediti,

2167 3303 2350 3371 φύσιν,
2386 3303 2868 3375 συμπεριειληφὼς
2903 3305 2959 3357 δὲ
2990 3306 3104 3375 ἅμα
3135 3308 3199 3375 τῇ
3237 3304 3448 3374 θεότητι
3478 3305 3577 3374 τὴν
3619 3304 3762 3357 ἰδέαν

2168 3393 2602 3464 ὲνανθρώπησιν.
2668 3396 2756 3448 Ἐν
2817 3397 3000 3467 μήτρᾳ
3067 3396 3348 3468 Παρθένου
3407 3396 3649 3465 γεγονὼς
3701 3400 3763 3451 ἐν

2169 3486 2411 3558 ἀληθείᾳ,
2439 3489 2792 3559 κυοφορηθεὶς
2812 3488 2902 3540 τὸν
2923 3489 3132 3560 χρόνον,
3157 3489 3434 3560 γεννηθεὶς
3453 3490 3539 3544 διὰ
3567 3507 3762 3562 γεννη-

2167 3575 2336 3629 τικῶν
2371 3576 2556 3648 πόρων
2579 3578 3048 3648 ἀνεπαισχύντως,
3073 3582 3376 3651 ἀχράντως,
3408 3581 3760 3651 ἀμολύντως·

2169 3671 2521 3742 ἀνατραφεὶς,
2557 3673 2649 3726 καὶ
2677 3673 3088 3741 ἐναγκαλισθεὶς
3119 3675 3223 3727 ὑπό
3246 3691 3304 3726 τε
3331 3672 3617 3743 Συμεῶνος
3660 3676 3765 3726 καὶ

2174 3763 2390 3834 Ἀννης,
2436 3763 2762 3833 βασταχθεὶς
2791 3763 2896 3816 ὑπὸ
2927 3765 3166 3834 Μαρίας,
3206 3763 3497 3828 πεζεύσας,
3543 3763 3765 3816 ὁδοιπο-

2176 3857 2367 3926 ρήσας,
2416 3856 2627 3910 παιδίον
2671 3856 2931 3924 γεγονὼς,
2985 3855 3280 3927 ἀνδρωθεὶς
3333 3859 3397 3927 τῇ
3443 3855 3653 3927 ἡλικίᾳ,
3690 3855 3767 3911 τὰ

2172 3948 2350 4001 πάντα
2381 3949 2518 4019 ἔχων
2546 3951 2602 4002 ὲν
2629 3947 2809 4018 ἐαυτῷ
2845 3950 2901 4001 ἐν
2925 3948 3243 4019 τελειότητι,
3280 3951 3338 4002 ὲν
3371 3947 3592 4019 ἀριθμῷ
3619 3950 3768 4002 ἐτῶν

2171 4041 2460 4110 λογισθεὶς,
2493 4044 2550 4094 ὲν
2597 4041 2816 4113 ἀριθμῷ
2847 4042 3031 4112 μηνῶν
3060 4044 3118 4094 ὲν
3160 4041 3340 4112 κοιλίᾳ
3368 4041 3765 4112 κυοφορηθεὶς,

2171 4135 2494 4203 γενόμενος
2527 4135 2596 4188 ἐκ
2645 4136 2950 4203 γυναικὸς,
3002 4137 3324 4205 γενόμενος
3373 4134 3492 4190 ὑπὸ
3527 4135 3764 4204 νόμον·

2171 4225 2341 4280 ἐλθὼν
2371 4227 2464 4280 ἐπὶ
2507 4227 2599 4280 τὸν
2645 4227 2936 4298 Ἰορδάνην,
2977 4227 3291 4298 βαπτισθεὶς
3339 4228 3442 4282 ὑπὸ
3485 4227 3766 4294 Ἰωάννου,

2171 4320 2273 4372 οὐκ
2301 4318 2646 4389 ὲπιδεόμενος
2679 4319 2904 4390 λουτροῦ
2925 4337 2938 4351 ·
2971 4321 3056 4375 διὰ
3080 4321 3138 4374 δὲ
3166 4322 3226 4374 τὸ
3253 4320 3544 4376 ἀκόλουθον
3572 4322 3675 4393 τῆς
3705 4324 3769 4375 ὲν

2173 4410 2322 4481 νόμῳ
2357 4411 2816 4482 ὲνανθρωπήσεως
2845 4413 2917 4484 μὴ
2946 4413 3236 4483 ταράσσων
3267 4413 3327 4465 τὸ
3352 4413 3580 4473 δίκαιον,
3610 4415 3770 4478 ὅπως

2175 4501 2459 4572 πληρωθῇ,
2490 4502 2565 4565 ὡς
2591 4503 2750 4567 αὐτὸς
2780 4505 2904 4574 ἔφη,
2939 4505 3086 4556 πᾶσα
3119 4505 3456 4576 δικαιοσύνη,
3486 4505 3572 4557 ἵνα
3604 4505 3767 4576 δείξῃ

2173 4593 2258 4645 ὅτι
2307 4593 2564 4664 ἀληθινὴν
2605 4595 2786 4666 σάρκα
2833 4595 3136 4655 ἐνεδύσατο,
3184 4597 3441 4668 ἀληθινὴν
3478 4597 3768 4669 ὲνανθρὼ-

2175 4702 2362 4754 πησιν.
2417 4687 2827 4757 Κατερχὸμενος
2876 4690 2957 4750 εἰς
3012 4688 3080 4740 τά
3130 4687 3331 4754 ὕδατα,
3378 4688 3553 4753 διδοὺς
3615 4691 3768 4762 ἥπερ

2174 4777 2484 4846 λαμϐάνων,
2516 4779 2886 4848 παρεχόμενος
2917 4779 3060 4850 ἤπερ
3096 4779 3461 4850 ὲπιδεόμενος,
3503 4780 3769 4848 φωτίζων

2175 4867 2332 4928 αὐτὰ,
2366 4868 2678 4938 ἐνδυναμῶν
2717 4869 2856 4922 αὐτὰ
2895 4871 2974 4932 εἰς
3018 4869 3187 4922 τύπον
3233 4870 3341 4922 τῶν
3369 4869 3672 4941 μελλόντων
3704 4873 3770 4924 ἐν

2175 4959 2323 5029 αὐτῷ
2361 4960 2730 5014 τελειοῦσθαι·
2782 4962 2930 5025 ὅπως
2975 4964 3024 5014 οἱ
3055 4962 3202 5033 αὐτῷ
3244 4965 3672 5026 πεπιστευκότες
3703 4966 3771 5016 ὲν

2172 5053 2419 5124 ἀληθείᾳ,
2466 5054 2558 5107 καὶ
2597 5053 2809 5124 ἔχοντες
2852 5053 2948 5126 τὴν
2985 5055 3166 5108 πίστιν
3197 5055 3297 5124 τῆς
3336 5055 3617 5124 ἀληθείας,
3659 5057 3774 5124 μά-

2173 5145 2338 5199 θωσιν
2387 5147 2468 5199 ὅτι
2504 5146 2772 5217 ἀληθινῶς
2821 5145 3266 5219 ἐνηνθρὼπησεν,
3317 5146 3590 5217 ἀληθινῶς
3625 5147 3768 5199 ἐϐα-

2173 5237 2372 5309 πτίσθη
2395 5256 2407 5267 ·
2438 5239 2532 5290 καὶ
2559 5237 2730 5301 οὕτως
2749 5238 2836 5290 διὰ
2862 5239 2960 5308 τῆς
2979 5237 3145 5292 αὐτοῦ
3179 5237 3632 5307 συγκαταθέσεως
3662 5241 3770 5293 καὶ

2172 5331 2324 5382 αὐτοὶ
2361 5329 2664 5402 ἐρχόμενοι,
2704 5329 2908 5383 λάϐωσι
2934 5329 3032 5400 τῆς
3061 5330 3226 5383 αὐτοῦ
3257 5330 3617 5392 καταϐάσεως
3658 5329 3770 5400 τὴν

2172 5421 2418 5490 δύναμιν,
2451 5423 2544 5474 καὶ
2596 5421 2939 5491 φωτισθῶσιν
2992 5422 3102 5474 ἀπὸ
3147 5422 3247 5492 τῆς
3281 5421 3446 5474 αὐτοῦ
3483 5439 3769 5490 φωταγω-

2173 5513 2296 5579 γίας
2317 5529 2330 5542 ⁸
2373 5511 2878 5584 πληροφορούμενοι
2923 5512 3000 5583 τῷ
3028 5513 3086 5567 ἐν
3114 5512 3192 5583 τῷ
3223 5513 3486 5584 Προφήτῃ
3524 5513 3680 5584 ῥητῷ
3711 5515 3762 5544 τ’

2173 5606 2279 5671 Εἰς
2327 5605 2722 5675 μεταλλαγὴν
2767 5605 3096 5674 δυνάμεως,
3159 5607 3244 5671 εὶς
3309 5605 3587 5674 παροχὴν
3636 5622 3769 5660 σωκ

559 5758 580 5788 ¹
611 5755 768 5836 Ωιι-ιιιἶ
801 5774 840 5821 ι,
875 5759 987 5836 15.-
1037 5759 1058 5789 ¹
1088 5755 1109 5809 l
1134 5754 1283 5836 Petr.
1305 5772 1367 5824 II,
1393 5756 1484 5814 22.
1559 5756 1584 5790 ³
1618 5757 1794 5812 Galat.
1821 5774 1892 5824 tv,
1916 5758 1970 5812 4.
2046 5762 2067 5790 ³

2171 5761 2288 5816 tttlt.
2317 5774 2376 5834 ιιι
2431 5762 2518 5824 15,
2577 5763 2710 5830 “rp.
2735 5761 3022 5825 ἀληθινῶς.
3091 5765 3111 5795 ⁸
3139 5780 3229 5833 γρ.
3269 5766 3297 5816 ὀ
3335 5763 3526 5831 Λόγος·
3605 5763 3629 5796 ⁷
3663 5781 3770 5833 πρ.

483 5826 862 5886 αληρουιιένου
899 5827 1252 5900 τοῦ...ρητσῦ.
