4118 6402
430 373 542 433 881
1771 386 2025 445 ΑΝΔΟΕΙ

2128 389 2437 449 lLIEOSiS.
3633 400 3774 459 88?

429 493 657 562 τηριας
701 493 816 565 τῆς
862 494 1175 566 δυνάμεως
1231 502 1340 557 τοῦ
1379 503 1564 572 ἄρτου
1602 506 1722 560 ἀπὸ
1769 507 1878 576 τῆς
1942 509 2025 563 Ἰε

2147 510 2518 583 intelligerent
2540 528 2651 568 non
2677 513 2830 569 illum
2864 513 2988 571 ﬁcte
3015 514 3313 571 humanam
3357 515 3604 575 induisse
3633 535 3737 575 na-

429 585 773 682 ρουσαλὴμ
826 590 1312 663 λαμϐανομένης,
1360 595 1458 650 καί
1504 595 1616 667 τῆς
1659 601 1879 670 ἰσχύος
1930 601 2025 656 τοί

2150 608 2354 666 turam,
2387 618 2567 675 neque
2595 603 2724 661 ﬁcte
2750 620 2874 662 esse
2903 605 3064 678 aquis
3085 607 3377 663 intinctam
3405 609 3741 682 :eademque

429 672 693 743 ὕδατος-ο
754 770 763 771 7
2145 701 2202 748 et
2235 695 2340 766 ipsi
2379 672 2593 753 ratione
2622 713 2719 768 per
2743 712 2864 755 eam
2905 672 3067 770 quam
3097 699 3189 755 ille
3220 714 3333 771 prae
3364 715 3488 757 sese
3514 672 3737 767 tulerat,

430 770 1014 829 accommodationem
1080 778 1427 848 accedentes,
1470 784 1699 841 inditam
1736 787 1888 845 illius
1913 788 2279 847 descensione
2318 792 2429 846 vim
2481 792 2539 847 in
2601 808 2725 850 sese
2788 794 3149 862 transferant,
3205 795 3565 868 ejusdemque
3614 799 3740 856 luce

429 864 853 935 perfundantur
884 889 898 924 :
940 872 1152 944 1137
1167 892 1276 946 quo
1300 881 1680 951 propheticum
1709 884 2001 956 impleatur
2034 889 2318 943 oraculum
2345 909 2358 945 :
2394 888 2478 943 Ad
2521 891 2914 948 immutandum
2940 895 3190 949 virtutem
3235 864 3739 957 conciliandamaue

426 962 677 1058 salu—tem
802 966 905 1021 illa
934 971 1091 1037 panis
1114 973 1329 1036 virtute,
1354 992 1473 1046 quae
1527 981 1594 1032 ab
1626 979 1931 1037 Jerusalem
1962 983 2246 1053 accipitur,
2274 1002 2641 1058 aquarumque
2682 989 2752 1043 vi.

516 1052 800 1112 Ἐνταῦθα
847 1058 905 1111 δὲ
968 1061 1026 1113 ὲν
1073 1063 1298 1136 Χριστῷ
1351 1067 1886 1144 ἰσχυροποιουμένων
1941 1073 2025 1145 τῆς

2213 1052 2492 1133 Hic'enim
2552 1052 2608 1132 in
2661 1078 2881 1136 Christo
2938 1081 3098 1151 panis
3143 1081 3319 1138 virtus
3358 1095 3424 1137 ac
3457 1082 3541 1139 vis
3578 1099 3737 1154 aqua»

418 1145 730 1242 δυνάμεως
756 1150 851 1206 τοῦ
878 1152 1070 1223 ἄρτου,
1104 1156 1201 1210 καὶ
1228 1159 1327 1231 τῆς
1352 1160 1446 1214 τοῦ
1478 1162 1672 1229 ὓδατος
1702 1167 1888 1239 ἰσχύος
1905 1184 1919 1199 ο
1954 1169 2025 1223 ἵνα

2144 1167 2561 1233 corroboratur,
2609 1177 2670 1224 ut
2721 1186 2831 1226 non
2868 1172 3028 1241 panis
3059 1171 3176 1242 ipse
3225 1173 3299 1229 sit
3342 1172 3502 1229 nobis
3533 1174 3732 1242 virtus,

421 1237 548 1292 οὐκ
578 1238 904 1337 άρτοςᾼήμῖν
936 1243 1163 1318 γένηται
1203 1248 1455 1322 δύναμις,
1501 1254 1640 1309 ἀλλά
1679 1237 1911 1329 δύναμις
1938 1257 2025 1331 ἀρ-

2140 1259 2237 1314 sed
2271 1260 2450 1317 virtus
2477 1275 2507 1315 a
2538 1276 2678 1332 pane
2700 1237 2980 1333 profecta;
3014 1237 3261 1322 accibus
3285 1266 3506 1337 quidem
3542 1237 3734 1323 noster

425 1347 578 1423 τουξ
610 1332 706 1386 καὶ
735 1332 943 1406 βρῶσις
978 1339 1079 1409 μὲν
1102 1342 1131 1394 ὁ
1168 1341 1354 1414 ἄρτος,
1398 1348 1431 1416 ἡ
1464 1347 1523 1401 δὲ
1545 1347 1776 1421 δύναμις
1808 1352 1867 1405 ἐν
1891 1351 2041 1423 αὐτῷ

428 1423 528 1516 είς
552 1422 901 1498 ζωογόνησιν.
927 1427 1033 1484 Καὶ
1063 1431 1164 1503 οὐχ
1193 1433 1281 1488 ἵνα
1319 1435 1383 1489 τὸ
1411 1435 1557 1510 ὕδωρ
1582 1442 1733 1511 ἡμᾶς
1762 1422 2038 1516 καθαρίση

436 1512 633 1585 μόνον,
664 1516 781 1570 ἀλλ’
818 1518 905 1574 ἵνα
944 1522 1004 1575 ὲν
1032 1525 1099 1595 τῇ
1149 1525 1296 1596 ἰσχύϊ
1326 1528 1422 1583 τοῦ
1453 1528 1645 1595 ὓδατος
1683 1532 1772 1587 διά
1810 1512 1926 1605 τῆς*
1948 1512 2039 1590 ut:

434 1622 619 1699 στεως
661 1609 759 1663 καὶ
816 1612 1133 1684 ἐνεργείας,
1177 1621 1273 1675 καὶ
1319 1620 1554 1695 ἐλπίδος,
1575 1625 1671 1678 καὶ
1725 1627 2041 1699 μυστηρίων

433 1697 801 1766 τελειώσεως,
839 1705 934 1758 καὶ
978 1707 1279 1780 ὀνομασίας
1309 1713 1410 1784 τῆς
1448 1697 1786 1784 ἀγιαστείας,
1813 1697 2039 1791 γένηται

437 1791 580 1861 ἡμῖν
627 1794 709 1857 είς
755 1794 1035 1853 τελείωσιν
1095 1803 1391 1874 σωτηρίας.
1460 1806 1727 1862 Ἀνελθὼν
1784 1810 1893 1864 ἀπὸ
1939 1809 2033 1864 τοῦ

2138 1351 2294 1421 panis
2320 1362 2423 1417 est,
2451 1353 2545 1408 sed
2576 1355 2631 1407 in
2670 1354 2792 1424 ipso
2831 1355 3015 1410 vitalis
3048 1355 3298 1426 quaedam
3331 1358 3507 1415 virtus
3542 1360 3727 1413 conti-

2138 1449 2319 1521 netur.
2352 1442 2539 1515 Neque
2558 1446 2611 1500 id
2644 1447 2825 1501 solum
2854 1452 3037 1501 actum
3059 1456 3232 1513 est,ut
3250 1463 3353 1505 nos
3382 1463 3524 1519 aqua
3539 1465 3734 1521 repur-

2139 1542 2315 1604 garet,
2349 1536 2446 1591 sed
2477 1544 2539 1591 ut
2587 1551 2745 1607 aqure
2782 1537 2853 1602 vi,
2887 1552 2987 1608 per
3037 1536 3201 1593 ﬁdem
3245 1545 3302 1595 et
3343 1541 3615 1596 actionem
3674 1549 3732 1597 et

2137 1642 2312 1699 spem,
2336 1643 2401 1684 ac
2420 1630 2809 1700 mysteriorum
2836 1628 3200 1686 initiationem
3215 1638 3271 1687 et
3293 1634 3732 1692 consecrationis

2139 1720 2586 1790 appellationem,
2647 1721 2948 1792 perfectam
3020 1722 3443 1796 absolutamque
3494 1726 3731 1782 salutem

2138 1812 2301 1869 nobis
2333 1813 2470 1884 ipsis
2493 1812 2791 1871 conferret.
2816 1813 2960 1886 Ergo
2989 1813 3249 1873 Christus
3271 1818 3521 1875 ascendit
3547 1835 3577 1874 e
3601 1817 3730 1874 Jor-

452 1880 724 1982 Ἰρρόάνου
742 1885 978 1982 ,ἀκούων
1007 1892 1191 1964 φωνὴν
1206 1895 1421 1962 Πατρὸς
1450 1898 1532 1961 είς
1554 1898 1725 1970 ἀκοὴν
1750 1900 2025 1972 παρόντωι

2134 1905 2299 1970 dane,
2325 1879 2513 1961 vocem
2566 1904 2747 1963 Patris
2795 1879 2987 1973 audiit,
3029 1922 3195 1978 quam
3230 1917 3286 1966 et
3326 1910 3584 1982 discipuli
3635 1911 3730 1982 qui

438 1972 554 2025 τῶν
595 1974 855 2047 μαθητῶν
895 1981 976 2044 είς
997 1980 1061 2034 τὸ
1093 1983 1366 2051 ὑποδεῖξαι
1392 1987 1477 2052 τίς
1502 1990 1532 2041 ό
1566 1990 2034 2062 μαρτυρούμενος,

442 2063 544 2117 καὶ
569 2064 664 2119 τοῦ
686 2069 846 2139 ἁγίου
873 2072 1190 2145 [Ινεύματος
1227 2079 1285 2132 ὲν
1328 2080 1460 2134 εῖδει
1489 2084 1821 2154 περιστερᾶς
1845 2100 2039 2155 κατερ-

443 2156 699 2227 χομένου,
744 2161 1000 2237 καθάπερ
1027 2167 1345 2234 ἐνιπολλαίς
1370 2171 1650 2243 αἱρέσεσιν
1697 2176 2033 2247 εἰρήκαμεν*

442 2247 533 2300 ἴνα
566 2247 641 2320 μὴ
674 2250 970 2327 συναλοιφή
1011 2258 1046 2328 ἡ
1076 2257 1249 2329 Τριάς
1273 2260 1528 2333 νομισθῇ,
1560 2264 2034 2335 σχηματιζομένω

440 2338 539 2392 τοῦ
565 2341 889 2413 Πνεύματος
921 2348 980 2400 ὲν
1030 2347 1136 2421 ίδίᾳ
1189 2349 1522 2405 ὑποστάσει·
1569 2353 2034 2427 ὲπικαθεζομένου

440 2432 500 2486 δὲ
542 2433 638 2488 τοῦ
692 2436 1033 2510 Πνεύματος,
1083 2443 1179 2496 καὶ
1221 2445 1522 2516 ἐρχομένου
1574 2449 1663 2500 ἐπ’
1713 2449 1898 2515 αὐτὸν,
1947 2432 2036 2504 ἵνα

439 2522 580 2596 ὀφθῇ
623 2527 653 2580 ὁ
695 2532 1178 2604 μαρτυρούμενοςο
1213 2535 1300 2589 ἵνα
1331 2536 1470 2608 σάρξ
1504 2539 1537 2610 ἡ
1569 2539 1701 2608 ἁγία
1737 2539 1866 2613 φίλη
1900 2537 2036 2597 οὖσα

442 2615 535 2669 καὶ
568 2617 957 2694 εὐδοκουμένη,
987 2625 1093 2679 ὑπὸ
1136 2626 1232 2680 τοῦ
1272 2629 1487 2701 Πατρὸς
1532 2631 1749 2685 καὶτοῦ
1783 2633 2036 2704 Πνεῦμα-

439 2725 533 2773 τος
581 2715 995 2787 μαρτυρηθείη’
1044 2719 1133 2774 ἵνα
1168 2723 1197 2775 ό
1242 2723 1434 2796 Πατὴρ
1486 2725 1786 2797 εὐδοκητὴς
1829 2722 1888 2801 ᾗ,
1936 2728 2032 2782 καὶ

442 2803 621 2875 κῆρυξ
647 2805 750 2877 τῆς
779 2807 874 2862 τοῦ
900 2810 1033 2865 Υἱοῦ
1062 2814 1328 2887 ἐνσάρκου
1356 2818 1694 2889 παρουσίας·
1728 2820 1815 2873 ἵνα
1838 2821 1868 2873 ὁ
1904 2821 2031 2886 Υἱὸς

342 2962 346 2965 π
442 2893 699 2963 ἀληθινὸς
740 2896 918 2971 ὀφθῇ,
966 2901 1062 2955 καὶ
1111 2902 1382 2978 πληρώσῃ
1435 2908 1499 2960 τὸ
1544 2909 1870 2980 εἰρημένον’
1917 2910 2032 2965 Καὶ

433 2985 590 3055 μετὰ
625 2988 812 3044 ταῦτα
840 2991 940 3046 ἐπὶ
972 2992 1084 3063 τῆς
1112 2994 1226 3066 γῆς
1258 2996 1450 3068 ὤφθη,
1481 3000 1580 3054 καὶ
1596 3001 1750 3070 μετὰ
1774 3002 1897 3057 τῶν
1919 3004 2030 3059 ἀκν-

439 3078 1212 3167 Ορώπωνὶσυνανεστράφη.
1257 3089 1520 3144 Ἀνελθὼν
1553 3093 1661 3147 ἀπὸ
1689 3093 1782 3148 τοῦ
1828 3096 2028 3169 Ἰορδά-

439 3187 554 3233 νου,
588 3162 776 3242 σαφῶς
818 3176 911 3229 καὶ
959 3177 1231 3250 ἀληθινῶς
1258 3182 1369 3236 ἀπὸ
1407 3182 1504 3237 τοῦ
1544 3183 1791 3239 διαϐόλου
1837 3162 2027 3261 πειρα-

440 3261 589 3325 σθεὶς
626 3265 684 3317 ὲν
713 3268 781 3337 τῇ
830 3268 1044 3340 ἐρήμῳ,
1098 3273 1193 3326 καὶ
1244 3275 1506 3340 πεινάσας
1539 3276 1765 3349 ὕστερον
1793 3279 1883 3334 διὰ
1925 3282 2026 3354 τὴν

437 3354 762 3412 ἀκολουθίαν
809 3361 903 3414 καὶ
945 3362 1204 3433 ἀλήθειαν
1233 3366 1336 3439 τῆς
1383 3368 1652 3440 ὲνσάρκου
1683 3374 1986 3444 παρουσίας
2008 3391 2023 3406 ο

437 3452 534 3505 καὶ
565 3454 956 3527 ἐπιλεξάμενος
1000 3459 1270 3530 μαθητὰς,
1317 3463 1413 3517 καὶ
1451 3464 1695 3537 κηρύξας
1740 3468 2022 3540 ἀλήθειαν,

437 3542 532 3596 καὶ
560 3545 854 3618 ἰασάμενος
878 3550 948 3603 τὰ
976 3550 1151 3623 πάθη,
1182 3552 1551 3626 καθευδήσας,
1580 3557 1866 3626 πεινάσας,
1894 3560 2027 3614 ὁδοι-

437 3637 703 3709 πορήσας,
738 3638 1066 3713 θεοσημείας
1110 3645 1126 3675 ¹
1170 3646 1571 3717 ἐργασάμενος,
1607 3652 1835 3722 νεκροὺς
1877 3653 2023 3718 ἐγείη

440 3744 558 3798 ρας,
607 3730 828 3800 τυφλοῖς
861 3734 922 3787 τὸ
959 3735 1181 3806 βλέπειν
1209 3738 1532 3811 παρασχὼν,
1562 3742 1769 3812 χωλοὺς
1795 3745 1889 3797 καὶ
1917 3762 2025 3799 πα-

441 3820 764 3888 ραλυτικοὺς
806 3828 1263 3899 ίσχυροποιήσας’
1327 3831 1388 3895 ὃς
1444 3834 1679 3906 ἐκήρυξε
1726 3836 1789 3889 τὸ
1840 3836 2023 3907 Εὐαγ-

436 3910 637 3980 γέλιον,
681 3915 781 3988 τὴν
823 3917 1104 3988 ἀλήθειαν,
1137 3920 1235 3992 τὴν
1279 3922 1557 3994 βασιλείαν
1594 3926 1704 3980 τῶν
1750 3929 2019 3999 οὐρανῶν,

435 4002 535 4073 τὴν
568 4005 733 4060 αὑτοῦ
780 4008 1197 4081 φιλανθρωπίαν
1230 4018 1331 4069 καὶ
1372 4018 1467 4071 τοῦ
1520 4020 1736 4092 Πατρὸς
1783 4023 1876 4076 καὶ
1924 4022 2019 4077 τοῦ

435 4095 591 4164 ἁγίου
620 4097 760 4152 Πνεύ
768 4117 960 4170 ματος.

517 4364 574 4417 '0
613 4366 753 4438 ὑπὲρ
806 4368 964 4439 ήμῶν
996 4371 1058 4425 τὸ
1109 4373 1281 4439 πάθος
1320 4376 1623 4448 ὑπομείνας
1660 4383 1719 4433 ὲν
1763 4382 2016 4456 ἀληθεία,

431 4458 491 4510 ὲν
527 4459 595 4529 τῇ
629 4460 795 4530 σαρκὶ
822 4462 918 4515 καὶ
949 4465 1006 4516 ὲν
1028 4467 1095 4536 τῇ
1129 4466 1312 4539 τελείᾳ
1337 4471 1751 4543 ὲνανθρωπήσει
1778 4514 1792 4539 ,
1826 4477 2017 4532 παθὼν

2053 3231 2100 3293 C

2137 1999 2386 2063 aderant,
2418 2001 2713 2057 audierunt
2737 2001 2779 2067 ³,
2822 2008 2884 2056 ut
2911 2002 3038 2073 quis
3062 2003 3153 2058 ille
3179 2002 3320 2059 foret
3353 2004 3454 2059 cui
3480 2004 3732 2060 testimo-

2135 2089 2286 2144 nium
2330 2089 2464 2146 illud
2519 2091 2878 2162 prteberetur,
2939 2100 3322 2164 agnoscerent.
3373 2092 3512 2149 Tum
3561 2095 3732 2151 etiam

2137 2180 2378 2252 Spiritus
2435 2194 2661 2239 sanctus
2715 2183 2986 2240 columba:
3052 2186 3235 2255 specie
3279 2185 3539 2257 delapsus
3600 2194 3728 2253 est,

2134 2274 2596 2342 quemadmodum
2626 2280 2686 2333 in
2713 2279 3013 2334 multarum
3045 2279 3325 2335 haereseon
3353 2279 3731 2336 confutatione

2135 2363 2400 2421 diximus.
2463 2365 2543 2423 Ac
2597 2382 2668 2422 ne
2723 2366 2972 2426 Trinitas
3014 2369 3137 2441 ipsa
3177 2370 3234 2425 in
3274 2385 3446 2425 unum
3503 2370 3730 2426 redacta

2135 2456 2479 2531 confusaque
2502 2461 2845 2529 crederetur,
2873 2461 3115 2534 Spiritus
3148 2464 3374 2535 propria
3403 2465 3458 2519 in
3489 2480 3733 2535 persona-

2136 2548 2368 2622 ﬁguram
2419 2552 2569 2607 illam
2612 2552 2811 2619 induit,
2841 2564 2894 2610 et
2914 2570 3080 2626 super
3113 2555 3268 2610 illum
3301 2557 3528 2622 resedit,
3559 2573 3741 2627 seque-

2136 2640 2194 2695 in
2223 2643 2405 2713 ipsum
2459 2642 2783 2710 insinuavit,
2839 2655 2898 2699 ut
2947 2645 2998 2701 is
3039 2645 3129 2701 cui
3173 2646 3549 2702 testimonium
3591 2648 3728 2704 illud

2136 2734 2562 2805 sulfragabatur,
2623 2738 2963 2809 conspicuus
3025 2745 3202 2803 esset;
3233 2744 3404 2809 utque
3435 2753 3729 2796 sacrosan-

2133 2835 2281 2882 ctam
2314 2827 2463 2882 illam
2507 2844 2733 2885 carnem
2775 2830 3010 2885 amicam
3044 2844 3169 2887 esse
3205 2838 3261 2886 et
3312 2831 3533 2903 placere
3590 2831 3724 2900 Deo,

2133 2918 2323 2976 Patris.
2365 2934 2433 2975 ac
2473 2919 2717 2992 Spiritus
2769 2922 3101 2979 auctoritate
3147 2931 3451 2989 constaret,
3478 2932 3545 2979 ut
3566 2923 3752 2981 Pater-

2133 3010 2475 3082 complaceat
2531 3012 2640 3068 sibi
2705 3012 2762 3067 in
2800 3010 2972 3078 Filio,
3022 3021 3079 3069 et
3122 3013 3528 3071 lncarnationis
3575 3017 3729 3073 illius

2133 3116 2314 3171 preco
2342 3116 2466 3157 esse
2503 3101 2789 3167 videatur;
2826 3117 2893 3157 ac
2920 3103 3161 3175 denique
3188 3120 3357 3161 verus
3395 3115 3456 3161 ut
3493 3121 3729 3177 appare-

2132 3200 2216 3249 ret
2259 3191 2452 3260 Filius,
2500 3201 2555 3249 et
2589 3194 2723 3250 illud
2754 3196 3034 3267 propheta:
3074 3197 3397 3254 vaticinium
3430 3198 3721 3268 expleret:

2134 3284 2203 3340 Et
2222 3296 2341 3358 post
2361 3288 2472 3342 Itazc
2500 3288 2556 3342 in
2584 3298 2727 3343 terra
2749 3289 2893 3343 visus
2913 3299 3018 3354 est,
3053 3299 3105 3344 et
3141 3306 3259 3344 cum
3276 3289 3574 3346 hominibus
3605 3307 3726 3346 cou-

2130 3386 2371 3432 versatus
2429 3387 2508 3433 est
2540 3377 2583 3431 ι.
2632 3376 2800 3449 Igitur
2853 3392 2884 3432 a
2929 3376 3168 3433 Jnrdane
3218 3377 3522 3449 digressus,
3569 3386 3724 3433 certo

2128 3483 2368 3538 vereque
2426 3484 2459 3522 a
2502 3468 2729 3525 diabolo
2753 3470 2809 3524 in
2835 3469 3056 3526 deserto
3084 3478 3330 3526 tentatus
3359 3478 3479 3539 est;
3509 3478 3565 3525 et
3596 3476 3723 3540 post

2125 3559 2395 3631 jejunium
2452 3561 2712 3627 esuriit',
2757 3569 2817 3617 ut
2849 3563 2992 3633 quod
3042 3578 3186 3618 verae
3242 3562 3396 3618 carni
3450 3569 3723 3633 suscepta

2128 3661 2564 3707 consentaneum
2586 3660 2673 3707 est
2699 3654 3052 3724 exprimeret.
3092 3652 3408 3708 Secundum
3428 3653 3542 3707 haec
3561 3652 3722 3708 disci-

2127 3745 2287 3815 pulos
2318 3744 2500 3816 elegit,
2524 3745 2810 3800 veritatem
2844 3744 3181 3814 praedicavit,
3232 3744 3586 3817 aegritudines
3630 3760 3721 3800 sa-

2125 3836 2302 3902 navit,
2334 3836 2579 3901 dormiit,
2614 3836 2828 3898 esuriit,
2854 3837 2956 3892 iter
2996 3835 3144 3902 fecit,
3184 3836 3431 3908 prodigia
3458 3835 3716 3907 patravit,

2127 3938 2377 3985 mortuos
2406 3931 2682 3994 excitavit,
2706 3930 2869 3985 caecis
2892 3929 3071 3985 visum
3099 3929 3535 4000 repraesentavit,
3564 3929 3719 3983 clau-

2125 4022 2213 4078 dis
2244 4030 2300 4077 et
2342 4022 2662 4094 paralyticis
2709 4023 2856 4077 vires
2898 4023 3140 4078 restituit
3176 4023 3314 4093 :qui
3338 4021 3715 4092 Evangelium,

2124 4115 2434 4179 veritatem,
2456 4129 2687 4185 regnum
2721 4115 3011 4179 calorum,
3052 4129 3209 4169 suam
3245 4114 3420 4184 ipsius
3443 4119 3498 4167 et
3534 4109 3717 4168 Patris

2123 4217 2179 4262 et
2208 4206 2446 4278 Spiritus
2473 4207 2654 4262 sancti
2695 4206 2998 4262 bonitatem
3039 4206 3548 4275 humanitatemque
3578 4219 3720 4276 prae-

2124 4297 2346 4353 dicavit.

2194 4387 2337 4443 ldem
2390 4389 2479 4444 ille
2516 4404 2684 4460 porro
2727 4405 2917 4446 revera
2955 4389 3266 4461 passionem
3316 4389 3371 4444 in
3411 4404 3509 4444 sua
3545 4404 3714 4445 carne

2121 4491 2174 4537 et
2204 4481 2443 4546 perlecta
2475 4481 2712 4537 hominis
2745 4491 2945 4537 natura.
2978 4482 3267 4547 sustinuit,
3306 4497 3430 4537 vere
3461 4481 3514 4536 in
3546 4496 3719 4536 cruce

433 4551 491 4602 ἐν
520 4550 748 4624 ἀληθείᾳ
766 4555 858 4608 ἐπὶ
887 4555 983 4609 τοῦ
1017 4557 1277 4630 σταυροῦ,
1294 4562 1561 4635 συνούσης
1589 4566 1739 4638 αὐτῷ
1770 4569 1872 4641 τῆς
1895 4571 2015 4625 θεό-

2128 4590 2320 4644 passus
2347 4582 2433 4631 est
2464 4595 2477 4631 :
2511 4575 2584 4629 ita
2626 4575 2847 4646 quidem
2888 4583 2947 4630 ut
2992 4577 3049 4630 in
3080 4590 3147 4630 eo
3187 4573 3449 4631 divinitas
3476 4575 3712 4631 exsiste-

430 4661 591 4713 τητος
616 4685 631 4708 ,
659 4646 775 4700 ἀλλ’
814 4649 876 4701 οὐ
904 4651 1213 4725 τραπείσης
1237 4654 1320 4717 είς
1360 4655 1422 4709 τὸ
1451 4657 1684 4729 πάσχειν
1703 4702 1718 4725 ,
1753 4660 1923 4734 οὔσης
1958 4664 2018 4718 δὲ

432 4737 676 4803 ἀπαθοῦς
712 4742 808 4795 καὶ
839 4742 1132 4815 ἀτρέπτου.
1186 4746 1308 4799 Τῶν
1339 4746 1433 4801 δύο
1461 4749 1796 4807 ἀκολουθιῶν
1829 4756 2019 4825 σαφῶς

428 4830 901 4921 κατανοουμένων,
932 4833 1172 4905 Χριστοῦ
1199 4837 1501 4909 πάσχοντος
1529 4841 1671 4914 ὑπὲρ
1698 4844 1858 4916 ἡμῶν
1883 4864 2017 4921 σαρ-

429 4917 508 4985 κὶ,
538 4918 784 5010 ἀπαθοῦς
814 4921 872 4975 δὲ
905 4924 1157 4993 μένοντος
1201 4927 1260 4979 ὲν
1288 4927 1502 5001 θεότητι
1523 4949 1536 4963 ·
1569 4933 1632 4989 οὐ
1663 4935 1758 4989 τοῦ
1797 4917 2012 5010 ἀνθρῶ-

428 5022 532 5060 που
582 5010 701 5062 κατ’
737 5009 872 5065 ἰδίαν
900 5013 1051 5078 ὄντος
1070 5016 1114 5082 ²,
1145 5016 1281 5072 ἀλλά
1310 5020 1577 5093 συνούσης
1604 5025 1707 5095 τῆς
1735 5009 2010 5098 θεότητος,

428 5100 504 5171 μὴ
548 5102 866 5175 πασχούσης
910 5104 969 5158 δὲ
1011 5106 1098 5161 διά
1135 5108 1196 5162 τὸ
1223 5111 1524 5182 ἀκραιφνὲς
1557 5116 1653 5170 καὶ
1679 5118 2012 5192 ἀσύγκριτον

423 5193 523 5261 τῆς
560 5193 751 5258 οὐσίας
779 5211 792 5225 ’
825 5197 1127 5267 πάσχοντος
1152 5200 1211 5254 δὲ
1240 5203 1301 5257 ὲν
1334 5207 1520 5276 σαρκὶ,
1554 5210 1648 5262 καὶ
1670 5208 2009 5283 θανατουμέ-

424 5297 517 5334 νου
551 5284 609 5338 ὲν
642 5287 842 5357 σαρκὶ,
884 5286 1086 5354 ζῶντος
1117 5290 1174 5344 δὲ
1213 5293 1302 5346 ἀεὶ
1333 5295 1392 5346 ὲν
1448 5295 1696 5370 θεότητι,
1732 5303 1827 5356 καὶ
1867 5304 2011 5374 ἐγεί-

425 5392 611 5446 ροντος
652 5379 778 5442 τοὺς
806 5381 1034 5452 νεκρούς
1055 5399 1069 5413 ’
1101 5384 1196 5437 τοῦ
1225 5385 1477 5457 σώματος
1512 5392 1777 5461 ταφέντος
1797 5395 1857 5449 ὲν
1885 5396 2010 5469 ἀλη-

424 5465 546 5536 θείᾳ
565 5508 581 5534 ,
617 5470 711 5522 καὶ
741 5470 949 5542 ἀψύχου
1004 5474 1286 5544 μείναντος
1317 5477 1378 5531 τὸ
1408 5483 1708 5555 τριήμερον
1735 5485 1909 5541 ἄπνου
1944 5465 2009 5543 τε

424 5557 519 5611 καὶ
557 5559 839 5632 ἀκινήτου,
878 5564 1245 5637 ἐνειληθέντος
1278 5568 1335 5622 δὲ
1365 5570 1455 5624 διὰ
1474 5573 1576 5644 τῆς
1611 5575 1875 5647 σινδόνος,
1901 5598 2006 5634 κα-

519 5736 536 5767 ί
572 5754 661 5811 γρ.
697 5737 832 5793 Θεοῦ
864 5745 1087 5811 σημεῖα.

421 5818 440 5850 ι
475 5805 667 5864 Matth.
698 5823 771 5875 tv,
805 5812 830 5866 1
864 5805 986 5885 sqq.

1197 5745 1394 5804 'Adde
1429 5740 1523 5804 καὶ
1565 5752 1664 5824 τῆς
1713 5752 1967 5830 θεότητος
2016 5761 2139 5817 κατ’
2181 5762 2337 5819 ίδίαν.

2123 4675 2227 4731 ret,
2253 4667 2348 4723 sed
2377 4667 2445 4722 ad
2483 4667 2798 4738 patiendum
2829 4668 3056 4723 minime
3089 4667 3306 4738 1138
3331 4682 3455 4723 sese
3483 4682 3713 4722 conver-

2123 4765 2282 4823 teret,
2314 4757 2411 4813 sed
2441 4758 2713 4828 passionis
2740 4774 2938 4829 expers
2960 4770 3010 4815 et
3052 4757 3410 4814 immutabilis
3442 4768 3709 4814 maneret.

2123 4846 2241 4914 Qua
2279 4848 2334 4902 in
2367 4864 2427 4905 re
2473 4849 2583 4904 duo
2628 4851 2718 4904 illa
2764 4861 3134 4907 consentanea
3171 4851 3480 4907 certissime
3508 4851 3713 4907 intelli-

2120 4949 2343 5010 guntur,
2373 4948 2435 4995 ut
2464 4951 2518 4997 et
2553 4943 2806 5000 Christus
2840 4957 2940 5014 pro
2972 4943 3131 4999 nobis
3168 4956 3337 4998 carne
3374 4943 3446 4998 sit
3485 4957 3708 5013 passus,

2120 5040 2175 5087 et
2207 5033 2482 5102 passionis
2527 5050 2722 5105 erpers
2768 5036 2823 5090 in
2872 5035 3157 5092 divinitate
3193 5044 3515 5107 permaneat
3546 5054 3560 5090 :
3599 5050 3711 5090 non

2116 5125 2263 5195 quod
2303 5125 2543 5181 hominis
2582 5133 2779 5181 natura
2835 5141 2899 5182 ac
2945 5126 3206 5182 divinitas
3259 5133 3525 5196 separata:
3573 5141 3605 5179 a
3648 5140 3715 5181 se

2116 5217 2348 5273 invicem
2387 5219 2676 5283 exsistant,
2710 5219 2805 5275 sed
2846 5219 3064 5275 tametsi
3105 5233 3214 5272 una
3262 5232 3389 5273 cum
3428 5217 3519 5272 illa
3561 5225 3711 5273 esset

2114 5306 2398 5373 divinitas,
2431 5310 2568 5364 nihil
2596 5310 2673 5366 ob
2705 5311 2977 5366 sinceram
3008 5320 3064 5366 et
3095 5308 3577 5380 incomparabilem
3608 5324 3706 5363 na-

2115 5409 2293 5455 turam
2325 5409 2412 5458 est
2439 5418 2722 5473 perpessa.
2757 5402 2828 5458 At
2866 5402 3120 5468 Christus
3166 5408 3221 5457 et
3258 5402 3316 5456 in
3359 5415 3528 5456 carne
3575 5416 3703 5470 pas-

2116 5510 2219 5552 sus
2249 5504 2357 5562 est,
2396 5505 2448 5552 et
2496 5499 2554 5551 in
2587 5512 2754 5553 carne
2782 5506 2958 5552 morte
3000 5503 3088 5552 est
3120 5494 3366 5560 aﬂ'ectus,
3406 5507 3530 5548 cum
3561 5493 3704 5547 inte-

2114 5586 2227 5644 rim
2252 5585 2540 5645 divinitate
2582 5589 2699 5659 ipsa
2754 5578 2974 5643 viveret
3003 5599 3069 5642 ac
3115 5591 3363 5641 mortuos
3399 5583 3698 5649 excitaret;

2449 5764 2468 5797 ³
2490 5764 2680 5822 Matth.
2719 5780 2802 5834 tu,
2829 5763 2897 5822 15
2930 5779 3053 5837 sqq.
3157 5763 3178 5796 ⁸
3206 5761 3417 5822 Baruch
3474 5778 3559 5828 ιιι,
3589 5757 3686 5818 58.
