4118 6402
433 424 540 479 883

1833 425 1888 480 S.
1933 422 2270 479 EPIPHANII

3574 408 3678 463 εει

433 548 636 605 corpus
699 550 828 591 vero
885 551 1072 591 revera
1121 538 1428 608 sepultum,
1485 554 1548 593 ac
1594 538 1773 593 triduo
1825 540 2007 593 anima

2120 535 2418 598 ιατεθέντος
2446 535 2504 586 ἐν
2553 531 2630 604 τῷ
2684 533 2924 603 μνήματι
2953 570 2968 595 ,
3003 526 3441 598 συγκλεισθέντος
3467 523 3555 577 διὰ
3581 521 3677 576 τοῦ

432 641 630 682 carens
663 635 717 682 et
750 628 943 698 spiritu
977 637 1233 700 motuque
1261 631 1488 700 jaceret,
1534 631 1848 685 obvolutum
1890 632 2005 686 siu-

433 721 611 784 done,
651 718 707 774 in
762 721 1157 776 monimentum
1206 721 1547 793 depositum,
1601 722 1880 777 occlusum
1931 721 2007 774 la-

433 811 560 881 pide
597 826 661 867 ac
694 813 886 884 sigillis
927 813 1295 885 obsignatum.
1349 813 1534 885 Neque
1579 830 1708 869 vero
1758 814 1874 884 ipsa
1923 821 2008 868 est

435 903 696 958 conclusa
748 903 1006 960 divinitas
1050 914 1146 959 aut
1175 907 1405 976 sepulta,
1458 906 1551 962 sed
1601 921 1725 960 cum
1768 904 2005 960 sanctis-

434 993 574 1049 sima
616 995 735 1063 ejus
765 997 947 1050 anima
985 997 1051 1052 ad
1083 996 1288 1052 inferos
1331 993 1630 1061 descendit,
1664 997 2008 1066 indidemque

433 1082 677 1152 captivas
723 1084 936 1140 animas
984 1086 1224 1156 eripuit;
1277 1087 1554 1142 stimulum
1604 1087 1796 1141 mortis
1841 1085 2008 1140 infre-

433 1177 511 1248 git
543 1177 596 1241 ¹;
633 1177 873 1232 claustra
925 1187 980 1233 et
1033 1178 1408 1233 adamantinos
1461 1187 1642 1234 vectes
1681 1179 1925 1252 perrupit
1963 1179 2004 1244 ';

435 1267 630 1323 mortis
685 1267 903 1324 dolores
947 1284 1047 1325 sua
1089 1277 1355 1339 potestate
1402 1269 1652 1325 dissolvit
1693 1291 1704 1326 :
1744 1281 1860 1327 tum
1901 1289 2009 1326 una

435 1371 562 1412 cum
586 1356 767 1410 anima
795 1359 1015 1412 emersit
1045 1357 1113 1411 ad
1145 1373 1392 1428 superos.
1434 1357 1565 1424 Quae
1587 1360 1803 1430 quidem
1830 1361 2010 1416 anima

435 1447 662 1502 minime
689 1445 832 1518 apud
860 1447 1065 1503 inferos
1092 1450 1280 1504 relicta
1312 1451 1430 1518 fuit,
1463 1467 1638 1521 neque
1669 1467 1797 1508 caro
1819 1469 2011 1506 corru-

435 1537 678 1607 ptionem
711 1538 847 1594 vidit
880 1539 934 1605 ³;
975 1555 1136 1610 quam
1167 1541 1424 1598 divinitas
1453 1559 1574 1612 quae
1614 1558 1736 1598 cum
1773 1545 1860 1597 illa
1889 1560 2014 1598 con-

432 1629 622 1698 juncta
652 1645 866 1701 semper
908 1640 1046 1697 erat,
1079 1633 1372 1701 excitavit;
1425 1643 1539 1688 tum
1587 1649 1708 1690 cum
1749 1635 2011 1693 Dominus

435 1721 556 1790 ipse
587 1719 732 1779 Deus
759 1735 823 1776 ac
864 1719 1118 1788 Verbum,
1150 1723 1355 1794 Deique
1386 1723 1556 1780 Filius
1586 1741 1709 1780 cum
1745 1729 1925 1782 anima
1957 1738 2014 1785 et

2107 630 2252 682 λίθου
2286 629 2380 682 καὶ
2407 627 2699 699 σφραγῖδος
2727 625 2835 679 τῶν
2858 624 3215 677 ἐπιτεθέντων
3234 639 3247 652 ·
3276 622 3398 690 οὐχὶ
3434 619 3534 686 τῆς
3547 616 3680 669 Θεό-

2106 739 2266 792 τητος
2302 718 2747 789 συγκλεισθείσης
2791 718 2902 787 (56)
2927 760 2942 782 ,
2978 717 3039 770 ού
3083 717 3180 785 τῆς
3219 715 3468 783 θεότητος
3492 709 3680 779 ταφεί-

2110 831 2209 883 σης
2227 853 2241 877 ,
2278 810 2748 881 συγκατελθούσης
2773 811 2828 863 δὲ
2848 813 2913 881 τῇ
2941 811 3086 879 ψυχῇ
3123 811 3188 877 τῇ
3221 807 3349 874 ἁγία
3387 808 3465 867 εἰς
3491 805 3559 857 τά
3583 819 3683 855 κα-

2107 905 2363 974 ταχθόνια
2385 945 2398 967 ,
2436 902 2662 972 ἐλούσης
2695 901 2902 955 ἐκεῖθεν
2933 899 3030 970 τὴν
3056 899 3164 951 τῶν
3189 896 3373 967 ψυχῶν
3406 892 3684 963 αἰχμαλω-

2111 995 2266 1058 σίαν,
2304 994 2580 1062 κλασάσης
2625 993 2850 1064 κέντρον
2899 991 3131 1046 θανάτου
3154 1029 3168 1052 ,
3218 983 3583 1059 διαρῤηξάσης
3614 981 3684 1034 τὰ

2110 1087 2334 1156 κλεῖθρα
2367 1085 2459 1138 καὶ
2490 1084 2616 1146 τοὺς
2674 1084 2906 1154 μοχλοὺς
2955 1084 3079 1144 τοὺς
3132 1076 3518 1148 ἀδαμαντίνους
3539 1115 3554 1138 ,
3590 1073 3686 1124 καὶ

2109 1178 2350 1248 λυσάσης
2377 1178 2568 1242 ὠδῖνας
2594 1176 2825 1230 θανάτου
2860 1175 2879 1205 ⁷
2910 1175 2968 1227 tv
3016 1173 3122 1244 ίδίᾳ
3153 1169 3401 1240 ἐξουσίᾳ,
3432 1163 3686 1220 ἀνελθού-

2113 1285 2212 1338 σης
2243 1268 2340 1321 σὺν
2367 1270 2433 1338 τῇ
2477 1267 2657 1338 ψυχῇ,
2697 1265 2771 1336 μὴ
2802 1264 3054 1334 ἐαθείσης
3074 1263 3174 1331 τῆς
3201 1260 3380 1330 ψυχῆς
3409 1261 3486 1321 είς
3527 1257 3683 1327 ᾅδην,

2115 1361 2250 1432 μηδέ
2274 1361 2372 1430 τῆς
2399 1360 2600 1431 σαρκὸς
2628 1355 2936 1428 ἐωρακυίας
2959 1353 3277 1424 διαφθορὰν,
3304 1348 3685 1418 ἀναστησάσης

2112 1455 2281 1524 αὐτὴν
2312 1452 2410 1522 τῆς
2439 1451 2694 1520 θεότητος
2722 1449 2810 1501 ἀελ⁸
2846 1447 3112 1516 συνούσης
3145 1446 3282 1516 αὐτῇ
3305 1461 3320 1474 ο
3357 1442 3689 1502 ἀναστάντος

2115 1547 2212 1598 σὺν
2241 1546 2376 1614 αὐτῇ
2405 1543 2498 1596 τοῦ
2537 1539 2742 1611 Κυρίου
2773 1539 2908 1592 Θεοῦ
2932 1539 3106 1606 Λόγου
3133 1538 3228 1590 καὶ
3258 1535 3386 1588 Υίοῦ
3413 1531 3546 1586 Θεοῦ
3589 1533 3688 1584 σὺν

2110 1636 2254 1706 ψυχῇ
2298 1635 2391 1688 καὶ
2425 1633 2634 1704 σώματι
2666 1634 2759 1686 καὶ
2781 1631 2944 1684 παντὶ
2991 1629 3065 1700 τῷ
3096 1627 3312 1691 σκεύει,
3362 1622 3688 1679 συνενωθέν-

2111 1745 2202 1791 τος
2233 1727 2397 1781 αὑτοῦ
2429 1726 2522 1780 τοῦ
2577 1725 2804 1788 σκεύους
2856 1726 2935 1788 είς
2969 1722 3188 1791 πνεῦμα
3210 1760 3224 1783 ,
3257 1719 3390 1774 αὐτὸ
3431 1717 3491 1770 τὸ
3530 1717 3691 1785 σῶμα

437 1829 690 1884 corpore,
721 1821 947 1885 totoque
984 1816 1122 1871 adeo
1153 1816 1520 1872 instrumento
1553 1820 1791 1876 surrexit
1827 1839 1840 1876 :
1869 1824 2010 1893 quod

2120 1820 2482 1890 πνευματικὸν
2542 1817 2824 1890 ὑπάρξαν.
2861 1815 2923 1868 τὸ
2975 1814 3106 1868 ποτὲ
3159 1815 3270 1882 ἀφῇ
3307 1810 3688 1879 ὑποκείμενον,

438 1907 697 1978 deinceps
736 1909 882 1966 velut
912 1910 968 1964 in
1007 1909 1260 1980 spiritum
1310 1911 1627 1980 conﬂatum,
1666 1929 1888 1981 corpus,
1929 1917 2013 1970 in-

437 2013 624 2070 quam,
663 2000 906 2070 spiritale
943 2001 1144 2056 factum
1187 2009 1292 2070 est,
1329 2005 1474 2074 quod
1519 2005 1647 2060 olim
1687 2008 2015 2062 contrectari

437 2098 672 2160 poterat,
717 2099 772 2147 et
813 2093 1094 2150 divinitate
1139 2094 1256 2165 ipsa
1289 2103 1482 2166 sponte
1514 2097 1877 2166 permittente.
1914 2097 2014 2153 fla-

437 2182 552 2255 gris
576 2184 883 2252 expositum
923 2184 1119 2253 fuerat,
1148 2197 1202 2242 et
1233 2186 1449 2243 Satanae
1499 2191 1889 2248 tentationibus
1926 2207 2018 2263 ap-

437 2274 686 2344 petitum,
722 2291 786 2331 ac
821 2277 972 2341 fami,
1017 2294 1250 2343 somno,
1305 2281 1497 2346 labori,
1532 2284 1761 2338 tristitiae
1788 2299 1852 2339 ac
1880 2300 2016 2339 moe-

437 2367 554 2424 rori
594 2368 888 2424 obnoxium
923 2387 936 2423 :
978 2369 1109 2424 illud
1153 2372 1330 2441 ipsum
1369 2385 1777 2428 sacrosanctum
1813 2391 2015 2447 corpus

439 2459 699 2530 deinceps
731 2477 855 2516 cum
887 2461 1171 2518 divinitate
1195 2463 1545 2533 conjunctum
1582 2464 1716 2532 fuit;
1751 2483 1871 2538 qua:
1895 2484 2018 2536 per-

438 2561 605 2622 petuo
645 2565 768 2605 cum
796 2550 887 2606 illo
917 2551 1045 2604 dum
1094 2551 1198 2605 ista
1248 2560 1542 2622 pateretur,
1579 2555 1755 2610 fuerat
1785 2558 2017 2628 conjun-

442 2648 552 2696 cta.
587 2639 836 2697 Surrexit
875 2642 1042 2706 enim,
1076 2643 1362 2714 ipsumque
1404 2660 1606 2716 corpus
1641 2647 1696 2701 in
1725 2663 1891 2703 unum
1930 2665 2017 2704 se-

439 2747 566 2788 cum
621 2733 909 2802 spiritum,
965 2749 1240 2805 unamque
1295 2735 1726 2805 singularitatem
1777 2755 1841 2794 ac
1899 2742 2015 2812 glo-

439 2826 581 2878 riam
607 2822 1054 2894 divinitatemque
1092 2825 1384 2895 copulavit.
1419 2824 1629 2881 Etenim
1673 2844 1860 2884 revera
1892 2837 2016 2900 post

441 2922 672 2971 mortem
713 2917 982 2986 apparuit,
1028 2925 1083 2970 et
1132 2932 1160 2968 a
1209 2915 1415 2972 Thoma
1466 2925 1836 2976 contrectatus
1893 2929 2015 2988 est;

441 3015 499 3060 et
553 3022 678 3062 cum
730 3008 993 3077 apostolis
1055 3008 1405 3063 manducavit
1452 3018 1507 3064 et
1552 3011 1707 3077 bibit,
1759 3028 1823 3066 ac
1865 3013 2019 3069 deni-

442 3113 552 3168 que
595 3098 956 3169 quadraginta
984 3099 1101 3154 dies
1134 3101 1469 3171 totidemque
1515 3111 1702 3160 noctes
1746 3120 1870 3158 cum
1910 3107 2018 3162 illis

444 3198 804 3245 conversatus
845 3198 950 3245 est.
996 3190 1078 3250 Ad
1121 3191 1235 3246 haec
1285 3193 1521 3249 occlusis
1559 3193 1768 3250 foribus
1816 3197 2021 3268 ingres-

444 3298 564 3347 sus,
619 3297 817 3338 nervos
869 3293 923 3339 et
973 3298 1121 3348 ossa,
1161 3285 1546 3356 clavorumque
1590 3301 1653 3342 ac
1687 3288 1887 3344 lanceae
1924 3307 2021 3345 ve-

444 3374 607 3445 stigia
647 3375 992 3442 monstravit,
1035 3385 1089 3430 et
1135 3391 1322 3430 verum
1357 3392 1481 3434 esse
1525 3393 1725 3450 corpus
1779 3381 2018 3440 edocuit.

446 3467 604 3534 Quod
630 3475 813 3521 autem
862 3467 914 3521 in
950 3482 1114 3521 unam
1159 3467 1497 3524 divinitatem
1523 3471 1872 3540 conjunctum
1908 3479 2023 3528 nul-

445 3560 555 3613 lam
597 3559 829 3628 amplius
869 3559 1180 3628 passionem
1210 3561 1424 3636 11.39
1449 3562 1535 3617 vel
1571 3573 1798 3619 mortem
1829 3581 2024 3636 exspe-

447 3659 584 3718 ctet,
613 3652 699 3707 bis
741 3651 922 3706 verbis
951 3651 1190 3709 declarat
1220 3654 1514 3722 Apostolus
1547 3675 1556 3709 :
1595 3655 1838 3710 Surrexit
1866 3655 2024 3712 Chri-

447 3753 602 3807 stus;
641 3760 747 3797 non
796 3743 906 3810 iam
961 3744 1222 3807 moritur;
1274 3761 1416 3798 mors
1468 3745 1550 3799 illi
1596 3747 1743 3802 ultra
1795 3765 1899 3802 non
1937 3749 2026 3802 do-

447 3834 742 3887 minabitur
782 3835 826 3887 δ.
876 3833 1021 3888 Idem
1074 3849 1203 3904 ergo
1251 3837 1398 3904 quod
1453 3838 1565 3907 pati
1605 3847 1852 3908 poterat,
1897 3856 2025 3910 pas-

449 3927 623 3982 sionis
675 3941 872 3996 expers
913 3926 1134 3992 mansit,
1168 3927 1426 3983 divinitas
1484 3929 1694 3986 scilicet
1738 3947 1862 3985 cum
1903 3948 2027 3986 cor-

448 4035 583 4090 pore
610 4031 664 4074 et
697 4020 877 4074 anima
918 4035 983 4074 ac
1021 4027 1134 4074 tota
1160 4019 1500 4078 humanitate
1527 4023 1857 4092 conjuncta;
1887 4025 2028 4080 Deus

450 4112 572 4181 ipse
606 4127 699 4180 per
733 4127 872 4168 sese.
913 4111 1017 4178 Qui
1061 4113 1363 4168 ascendens
1404 4115 1459 4166 in
1492 4115 1712 4180 cmlum,
1751 4115 1816 4169 ad
1851 4117 2032 4172 dexte-

451 4216 568 4260 ram
607 4198 787 4256 Patris
824 4202 1074 4257 consedit
1110 4202 1166 4256 in
1193 4203 1364 4273 gloria
1393 4204 1435 4265 ³,
1461 4219 1572 4263 non
1609 4213 1667 4258 ut
1703 4220 1904 4275 corpus
1933 4205 2029 4260 de-

451 4301 704 4362 poneret,
745 4293 840 4348 sed
883 4300 941 4347 ut
983 4292 1038 4346 in
1069 4293 1232 4349 unius
1261 4295 1592 4363 perfectione
1635 4296 1936 4352 divinitatis
1976 4297 2031 4352 in

452 4385 699 4455 spiritale
747 4383 1027 4440 conflaret.
1079 4383 1546 4451 Quemadmodum
1597 4387 1711 4443 haec
1757 4389 1873 4456 ipsa
1917 4403 2033 4442 cor—

450 4489 587 4544 pora
619 4481 826 4537 nostra,
868 4489 990 4543 quae
1042 4490 1190 4530 nunc
1231 4476 1486 4531 animalia
1531 4479 1888 4542 seminantur,
1923 4480 2034 4549 spi-

2116 1913 2209 1966 καὶ
2241 1911 2460 1982 μάστιξι
2497 1909 2797 1983 παραδοθὲν
2828 1908 3059 1978 ἑκουσίῳ
3086 1906 3185 1975 τῆς
3237 1904 3484 1974 θεότητος
3533 1899 3692 1968 θελή-

2119 2022 2267 2075 ματι.
2297 2005 2390 2058 καὶ
2413 2003 2774 2075 πειρασθῆναι
2805 2001 2915 2054 ὑπὸ
2945 2000 3039 2053 τοῦ
3068 1999 3282 2052 Σατανᾶ
3316 1994 3690 2066 συγχωρηθὲν,

2115 2097 2209 2150 καὶ
2235 2098 2395 2166 πείνᾳ
2427 2095 2846 2168 προσπελάζειν,
2871 2095 2966 2147 καὶ
2990 2091 3143 2162 ὕπνῳ
3179 2090 3275 2144 καὶ
3312 2089 3572 2159 καμάτῳ,
3598 2083 3694 2138 λύ-

2116 2201 2194 2257 πῃ
2235 2202 2294 2238 τε
2330 2185 2422 2238 καὶ
2461 2184 2744 2255 ἀδημονίᾳ.
2805 2183 2945 2236 Αὐτὸ
2977 2182 3037 2235 τὸ
3070 2181 3230 2250 σῶμα
3261 2179 3321 2232 τὸ
3363 2179 3516 2246 ἆγιον
3566 2193 3695 2228 συν-

2115 2277 2314 2331 ενωθὲν
2357 2275 2542 2330 λοιπὸν
2588 2276 2825 2346 θεότητι,
2861 2273 3283 2345 ἀπαραλείπτως
3318 2273 3414 2342 τῆς
3441 2269 3694 2338 θεότητος

2117 2367 2501 2438 συνηνωμένης
2528 2365 2605 2436 τῷ
2632 2365 2701 2418 τά
2721 2364 2944 2418 τοιαῦτα
2971 2361 3262 2415 πεπονθότι
3285 2359 3425 2429 ἁγίῳ
3456 2357 3690 2427 σώματι.

2129 2459 2351 2530 Ἀνέστη
2386 2459 2528 2530 γὰρ,
2563 2459 2655 2512 καὶ
2700 2458 3006 2527 συνήνωσεν
3056 2453 3188 2506 αὐτὸ
3223 2453 3304 2516 είς
3351 2451 3538 2505 ἑαυτὸν
3563 2490 3577 2509 ,
3610 2450 3694 2512 είς

2117 2548 2333 2619 πνεῦμα
2361 2550 2404 2611 ⁸,
2434 2550 2512 2612 είς
2543 2549 2670 2618 μίαν
2699 2547 2946 2616 ἑνότητα,
2978 2546 3057 2607 είς
3089 2544 3216 2614 μίαν
3249 2541 3585 2608 δοξολογίαν,
3611 2540 3695 2600 εἰς

2119 2642 2248 2712 μίαν
2278 2641 2470 2698 ἑαυτοῦ
2501 2641 2748 2710 θεότητα.
2786 2639 3003 2709 Πέφηνε
3061 2638 3156 2708 μὲν
3209 2635 3318 2706 γὰρ
3347 2635 3406 2687 ἐν
3446 2630 3694 2703 ἀληθείᾳ,

2117 2734 2212 2790 καὶ
2246 2734 2568 2805 ὲψηλαφήθη
2610 2734 2715 2790 ὑπὸ
2741 2733 2835 2787 τοῦ
2871 2733 3074 2802 Θωμᾶ,
3110 2729 3204 2783 καὶ
3237 2730 3345 2792 τοῖς
3377 2724 3697 2786 ἀποστόλοις

2120 2827 2386 2895 συνέφαγε
2414 2828 2456 2890 ³,
2492 2827 2587 2878 καὶ
2624 2823 2953 2893 συναυλίσθη
2980 2825 3024 2854 ¹⁰
3051 2823 3163 2892 (57)
3203 2822 3317 2891 μετ’
3345 2819 3524 2872 αὐτῶν
3570 2834 3699 2868 τεσ-

2120 2919 2429 2991 σαράκοντα
2481 2920 2587 2990 ήμέ
2599 2937 2694 2989 ρας
2730 2918 2824 2972 καὶ
2879 2915 3288 2986 τεσσαράκοντα
3319 2913 3519 2975 νύκτας
3538 2927 3552 2942 ·
3579 2910 3697 2962 ἀλλ’

2119 3012 2331 3083 εἰσῆλθε
2368 3012 2547 3082 θυρῶν
2579 3009 2980 3081 κεκλεισμένων
3005 3047 3018 3070 ,
3056 3008 3150 3061 καὶ
3187 3005 3325 3077 μετὰ
3345 3004 3406 3058 τὸ
3437 3002 3701 3056 εἰσελθεῖν

2120 3107 2358 3168 ἐδείκνυε
2415 3105 2582 3177 νεῦρα
2620 3107 2712 3160 καὶ
2749 3107 2883 3158 ὀστᾶ
2912 3144 2926 3166 ,
2975 3104 3142 3160 τύπον
3185 3101 3332 3170 ⁴ἥλων
3386 3101 3480 3151 καὶ
3529 3096 3702 3149 τύπον

2047 3217 2090 3276 ο
2121 3199 2321 3268 λόγχης
2345 3238 2358 3261 ,
2387 3199 2466 3252 ὅτι
2509 3197 2640 3250 αὐτὸ
2677 3193 2745 3268 ἦν
2783 3195 2997 3267 ἀληθῶς
3018 3195 3078 3248 τὸ
3105 3193 3283 3263 σῶμα.
3334 3193 3456 3244 Ὀτι
3484 3190 3538 3242 δὲ
3570 3205 3703 3241 συν-

2124 3289 2270 3360 ήφθη
2306 3291 2385 3351 είς
2421 3288 2548 3359 μίαν
2581 3287 2829 3358 θεότητα,
2876 3285 3076 3358 μηκέτι
3113 3283 3427 3354 προσδοκῶν
3482 3281 3702 3342 παθεῖν,

2126 3381 2320 3452 μηκέτι
2350 3380 2726 3452 ἀποθνήσκων,
2767 3380 2842 3442 ὥς
2871 3395 3036 3448 φησιν
3083 3377 3112 3428 ὁ
3153 3375 3304 3444 ἅγιος
3346 3371 3702 3434 Ἀπόστολος·

2135 3474 2375 3540 Ἀνέστη
2415 3474 2717 3542 Κύριοςη,
2763 3471 2961 3526 οὐκέτι
3007 3466 3399 3532 ἀποθνήσκει,
3451 3464 3708 3529 θάνατος

2122 3562 2306 3618 αὐτοῦ
2350 3562 2552 3616 οὐκέτι
2603 3564 2879 3630 κυριεύει.
2931 3560 3004 3613 Τὸ
3033 3559 3272 3630 παθητὸν
3298 3558 3342 3588 ¹²
3372 3555 3579 3616 ἀπαθὲς
3617 3555 3709 3606 ἀεὶ

2127 3654 2316 3724 μένον,
2349 3655 2410 3707 τὸ
2437 3654 2616 3708 θεῖκὸν
2649 3656 2744 3708 σὺν
2781 3653 2993 3724 σώματι
3026 3652 3121 3706 καὶ
3149 3651 3296 3721 ψυχῇ
3330 3649 3424 3702 καὶ
3459 3648 3607 3718 πάσῃ
3637 3649 3708 3718 τῇ

2125 3748 2534 3818 ἐνανθρωπήσει
2565 3766 2576 3777 ·
2611 3749 2774 3810 αὐτὸς
2808 3747 2940 3810 Θεὸς
2977 3746 3021 3778 ⁸³
3071 3744 3179 3807 ὢν,
3229 3741 3466 3799 ἀνελθὼν
3513 3741 3569 3792 δὲ
3626 3741 3712 3802 εἰς

2125 3842 2418 3911 οὐρανοὺς,
2473 3841 2726 3894 ἐκάθισεν
2777 3842 2834 3894 tv
2887 3839 3036 3911 δεξιᾷ
3069 3839 3162 3893 τοῦ
3202 3837 3415 3908 Πατρὸς
3450 3836 3506 3887 ἐν
3555 3833 3709 3905 δόξῃ,

2127 3935 2228 3989 οὐκ
2269 3933 2603 4004 ἀποθέμενος
2631 3935 2693 3986 τὸ
2722 3932 2877 4001 ἆγιον
2914 3932 3094 4002 σῶμα,
3129 3929 3263 3984 ἀλλὰ
3297 3927 3602 3988 συνενώσας
3629 3928 3713 3988 εἰς

2129 4027 2496 4098 πνευματικὸν
2544 4029 2602 4080 ὲν
2648 4026 2947 4097 τελειότητι
3002 4026 3131 4096 μιᾶς
3161 4023 3452 4093 θεότητος’
3493 4019 3568 4081 ὼς
3613 4019 3716 4072 καὶ

2127 4120 2197 4172 τὰ
2229 4115 2681 4186 ήμῶνσωματικά
2696 4113 2854 4186 μέλη,
2887 4116 2954 4170 τὰ
2980 4115 3074 4168 νῦν
3115 4115 3450 4185 σπειρόμενα
3479 4111 3712 4180 ψυχικά,

2130 4210 2433 4280 ἐγείρονται
2480 4209 2858 4279 πνευματικά·
2899 4209 2969 4261 τά
3009 4208 3104 4260 νῦν
3140 4207 3475 4278 σπειρόμενα
3503 4206 3560 4256 ὲν
3590 4203 3716 4270 φθο-

2134 4303 2235 4372 ρᾷ,
2263 4301 2567 4372 ἐγείρονται
2601 4303 2658 4353 ἐν
2702 4300 3011 4372 ἀφθαρσίᾳ·
3047 4301 3115 4354 τά
3154 4299 3248 4352 νῦν
3293 4298 3623 4367 σπειρόμενα
3655 4296 3719 4350 tv,

2132 4393 2346 4464 θανάτῳ
2366 4432 2381 4453 ,
2421 4395 2723 4464 ἐγείρονται
2761 4395 2819 4446 tv
2847 4393 3134 4464 ἀθανασίᾳ.
3166 4394 3230 4445 Εἰ
3257 4392 3435 4444 τοίνυν
3468 4389 3535 4442 τὰ
3575 4388 3722 4458 ἠμέ-

2133 4503 2265 4556 τερα
2297 4485 2499 4550 οὕτως,
2547 4487 2698 4556 πόσῳ
2746 4502 2811 4554 γε
2861 4486 3058 4554 μᾶλλον
3111 4486 3288 4537 ἐκεῖνο
3318 4483 3379 4535 τὸ
3431 4481 3584 4548 ἅγιον
3618 4481 3725 4538 καὶ

451 4569 596 4622 vitali
629 4567 861 4638 quadam
898 4567 1209 4622 conditione
1238 4579 1570 4640 resurgunt:
1610 4586 1751 4640 quae,
1785 4572 2020 4641 inquam,

2135 4577 2567 4649 ἀνεκδιήγητον,
2621 4581 2715 4630 καὶ
2753 4578 3083 4649 ἀσύγκριτον
3143 4575 3238 4628 καὶ
3291 4576 3588 4646 ἀκραιφνὲς
3636 4571 3728 4641 τῷ

450 4676 577 4713 cum
608 4660 961 4730 corruptione
1008 4669 1285 4726 seruntur,
1314 4677 1438 4716 cum
1478 4662 1886 4734 incorruptione
1916 4680 2032 4718 sur-

450 4760 587 4821 gunt
619 4767 632 4804 :
670 4767 791 4820 qua:
833 4751 887 4804 in
931 4759 1107 4806 morte
1155 4753 1517 4818 seminantur,
1553 4767 1674 4807 cum
1707 4756 2030 4808 immortali-

451 4851 564 4896 tate
612 4843 975 4914 resurgunt‘.
1007 4842 1215 4910 Quodsi
1259 4845 1522 4915 ejusmodi
1565 4861 1792 4915 corpora
1847 4855 2034 4909 nostra

450 4935 640 4987 futura
677 4942 824 4998 sunt,
858 4946 1062 5004 quanto
1083 4937 1256 5006 magis
1285 4936 1692 4992 sanctissimum
1719 4937 1851 4994 illud
1877 4937 2036 4992 Chri-

453 5025 524 5080 sti
556 5041 778 5095 corpus,
811 5025 957 5096 quod
987 5026 1152 5082 nullis
1179 5027 1359 5082 verbis
1386 5028 1666 5097 explicari,
1707 5045 1883 5100 neque
1910 5045 2034 5088 cum

452 5117 562 5170 ulla
597 5132 656 5172 re
684 5116 987 5187 comparari
1029 5124 1208 5187 potest
1240 5136 1253 5170 :
1285 5117 1440 5181 illud,
1493 5118 1734 5188 inquam,
1787 5120 2040 5183 sinceris-

452 5225 656 5272 simum
690 5225 755 5264 ac
783 5208 896 5264 Deo
936 5210 1314 5280 conjunctum,
1358 5209 1637 5281 singulare
1685 5211 1940 5282 deinceps
1983 5221 2037 5267 et

2135 4669 2255 4740 Θεῷ
2285 4670 2656 4740 συνηνωμένον
2681 4711 2694 4733 ,
2750 4670 2811 4723 τὸ
2863 4669 2920 4722 ἓν
2972 4668 3030 4722 ὃν
3059 4667 3242 4721 λοιπὸν
3285 4665 3584 4737 μονοειδές;
3628 4665 3726 4726 Ὠς

2139 4763 2231 4817 καὶ
2282 4764 2339 4815 tv
2371 4763 2546 4834 τούτῳ
2585 4765 2950 4834 ἐπιμαρτυρεῖ
2999 4766 3026 4815 ὁ
3082 4760 3402 4823 Ἀπόστολος
3431 4800 3445 4823 ,
3504 4758 3683 4826 λέγων
3709 4774 3724 4787 ο

2142 4853 2210 4908 Et
2263 4852 2360 4904 καί
2391 4851 2736 4921 ἐγνώκαμεν
2784 4852 2934 4905 κατὰ
2965 4852 3166 4921 σάρκα
3214 4851 3507 4919 Χριστὸν,
3558 4848 3730 4901 ἀλλὰ

2141 4940 2259 4994 νῦν
2286 4944 2486 4995 οὐκέτι
2525 4941 2898 5011 γινώσκομεν
2925 4962 2938 4974 ’
2969 4945 3066 5012 οὐχ
3100 4943 3181 4995 ὅτι
3213 4942 3374 4994 διεῖλε
3413 4940 3512 5009 τὴν
3541 4939 3730 5007 σάρκα

2142 5031 2250 5084 ἀπὸ
2299 5033 2396 5102 τῆς
2445 5033 2697 5102 θεότητος
2734 5073 2748 5097 ,
2795 5033 2931 5086 ἀλλά
2978 5034 3150 5104 αὐτὴν
3209 5032 3474 5102 μένουσαν
3510 5031 3592 5095 ίδ,
3623 5029 3732 5081 καὶ

2142 5123 2261 5194 Θεῷ
2310 5125 2734 5196 συνηνωμένην,
2784 5125 2980 5195 μηκέτι
3028 5126 3084 5187 δὲ
3123 5121 3288 5178 οὖσαν
3332 5123 3471 5176 κατά
3520 5120 3730 5189 σάρκα,

2144 5215 2280 5274 ἀλλά
2305 5224 2454 5273 κατὰ
2483 5219 2719 5290 πνεῦμα
2756 5221 2798 5251 ³⁵
2825 5220 3200 5289 ἁγιωσύνης,
3230 5216 3300 5280 ἐξ
3333 5212 3731 5278 ἀναστάσεως

525 5368 539 5396 ¹
577 5366 594 5418 Ι
625 5366 751 5420 Cor.
794 5383 883 5432 xv,
917 5366 1004 5422 55.
1081 5370 1102 5399 ²
1130 5367 1275 5424 Psal.
1304 5383 1412 5428 cvt,
1454 5368 1540 5429 16,
1618 5367 1806 5422 'Psal.
1831 5385 1920 5434 xv,
1957 5369 2020 5423 15

2120 5379 2215 5426 tot.
2255 5389 2314 5434 ιζ,
2347 5372 2437 5427 ‘27.
2513 5374 2534 5404 ⁴
2564 5373 2719 5426 Boni.
2752 5390 2825 5433 vt,
2853 5375 2906 5425 9.
2965 5373 2985 5402 ⁸
3016 5369 3171 5424 Rom.
3209 5385 3324 5423 vni.
3349 5369 3439 5422 54.
3503 5369 3522 5398 ⁸
3554 5363 3735 5417 lCor.

449 5451 542 5498 κν,
571 5437 640 5510 4‘2
679 5453 799 5510 sqq.
901 5438 919 5467 ⁷
946 5456 1036 5508 no.
1077 5439 1224 5508 ᾅδου.
1340 5443 1471 5506 “rp.
1523 5440 1582 5492 ἓν
1616 5439 1850 5510 πνεῦμα.
1962 5442 2020 5492 θλ

2120 5441 2322 5496 ιΙθριὶο
2383 5444 2553 5507 addit,
2622 5445 2714 5496 καὶ
2786 5443 3020 5496 συνέπιε.
3127 5442 3168 5471 ¹⁰
3202 5441 3321 5492 Act.
3382 5456 3451 5510 l._
3497 5437 3591 5490 scd
3653 5435 3736 5510 ibi

453 5505 883 5581 συναλισθέντων
918 5505 1133 5581 legitur.
1226 5510 1287 5581 4”
1324 5505 1426 5581 γρ,
1450 5510 1700 5579 Χριστός.
1759 5505 1809 5581 ’Ψ
1853 5511 1927 5562 Ita
1963 5527 2020 5564 ex

2120 5514 2318 5568 'anurio
2356 5505 2789 5569 correctumest.
2866 5515 3013 5580 “7p.
3069 5509 3340 5572 αὐτόθεος.
3420 5508 3464 5540 ³³
3507 5523 3591 5575 rp.
3629 5505 3736 5574 μὲν

451 5579 634 5637 pinv.
731 5581 772 5611 ¹⁸
811 5598 900 5650 πο.
942 5579 1082 5633 κατά
1118 5579 1353 5653 πνεῦμα,
1394 5579 1469 5644 ὥς
1498 5597 1652 5650 φησι,
1685 5580 1826 5633 κατά
1848 5597 2002 5634 πνευ.

526 5732 641 5802 (56)
672 5735 817 5801 Οὐχὶ
856 5732 967 5800 τῆς
1002 5735 1292 5802 Θεότητος
1327 5737 1857 5804 συγκιιεισθείσης.
1913 5732 2043 5787 Vide

453 5820 577 5871 qua:
622 5805 688 5878 de
732 5807 819 5856 illa
869 5805 1158 5878 Epiplianii
1199 5808 1737 5878 opinioncgdiximus
1767 5807 1833 5860 ad
1892 5805 2042 5859 Fidei

454 5875 833 5947 expositionem
863 5891 1012 5931 ttuttt.
1053 5875 1140 5932 17.

2228 5735 2336 5804 (57)
2365 5733 2769 5797 Συναωλίσθη.
2813 5730 3072 5806 Eumdcm
3096 5801 3105 5806 _
3128 5728 3274 5806 nunc
3303 5726 3481 5806 locum
3507 5722 3628 5779 vide
3653 5723 3736 5784 οἱς

2155 5799 2266 5859 tato
2299 5799 2420 5858 mox
2464 5808 2516 5857 in
2553 5818 2784 5857 numcru
2817 5803 2880 5855 l7
2908 5800 3266 5868 Expositionis
3299 5799 3441 5868 fidei.
