4118 6402
422 381 530 438 835
1741 388 2412 446 ANACEPHALEOSIS.
3579 386 3698 443 εδει

421 493 653 562 νεκρῶν
692 496 799 550 τοῦ
829 497 1052 566 Κυρίου
1090 497 1259 570 ἡμῶν
1305 501 1509 569 Ἰησοῦ
1550 501 1828 569 Χριστοῦ.
1873 501 2008 554 Τοῦ-

2128 502 2435 556 niiforme?
2471 499 2624 568 Quod
2675 500 2890 571 quidem
2925 500 3222 572 Apostolus
3275 500 3374 554 hac
3422 504 3690 555 sententia

423 603 515 640 τον
541 587 676 656 ὁμοῦ
717 589 848 642 Θεὸν
883 591 898 621 ¹
934 590 1130 660 ἔχουσα
1153 631 1169 656 ,
1215 593 1398 663 ἀπαθῆ
1439 595 1531 646 καὶ
1574 592 1813 646 παθόντα
1835 634 1848 656 ,
1915 595 2008 646 καὶ

2128 602 2381 649 ,εειειυτε
2416 592 2485 646 Ει
2521 595 2568 648 si
2606 594 2872 656 novimus,
2916 592 3112 663 inquit,
3158 592 3439 646 secundum
3485 606 3695 644 carnem

424 678 663 746 ταφέντα
695 682 790 732 καὶ
819 681 1127 737 ἀναστάντα
1165 686 1259 738 καὶ
1306 683 1599 738 ἀνελθόντα
1632 687 1689 737 ὲν
1720 682 1875 757 δόξῃ,
1917 685 2008 755 ἐρ·-

2128 680 2400 746 ΖΙιι-ἱδιιιηι,
2430 698 2533 735 non
2553 682 2671 751 jam
2697 682 3054 752 cognoscimus
3085 683 3134 747 ⁸;
3165 697 3272 736 non
3303 681 3448 752 quod
3476 695 3695 735 carnem

426 770 655 840 χύμενον
709 775 890 843 κρῖναι
937 773 1146 839 ζῶντας
1180 776 1272 829 καὶ
1303 777 1564 846 νεκροὺς,
1605 775 1680 842 ὥς
1714 793 1914 846 φησιν,
1948 778 2007 830 ὲν

2128 773 2453 828 idivinitate
2494 773 2817 842 sejunxerit,
2867 771 2958 827 sed
2988 773 3134 842 quod
3181 773 3411 828 exsistat
3449 771 3540 824 illa
3574 770 3699 840 qui-

426 860 652 931 ἀληθείᾳ
674 903 689 927 ,
728 859 810 918 0τῦ
841 863 954 933 τῆς
975 865 1302 933 βασιλείας
1329 869 1441 920 οὐκ
1469 867 1642 920 ἔσται
1668 865 1865 932 τέλος.

2128 866 2254 930 lum,
2291 881 2358 919 ac
2395 881 2518 920 cum
2579 865 2687 920 Deo
2719 866 3015 936 jungatur;
3062 881 3251 920 verum
3307 880 3416 919 non
3466 863 3701 933 amplius

428 956 726 1010 secundum
785 971 1042 1023 carnem,
1100 962 1195 1016 sed
1249 963 1549 1017 secundum
1593 961 1846 1032 spiritum
1887 962 1977 1026 sit,
2032 969 2093 1014 ut
2149 961 2378 1031 ipsemet
2440 962 2655 1028 asserit,
2710 960 2994 1014 secundum
3025 963 3269 1029 spiritum
3315 959 3702 1029 sanctiﬁcatio—

428 1048 530 1110 nis,
566 1065 631 1101 ex
663 1054 1040 1108 resurrectione
1074 1065 1404 1110 mortuorum
1433 1057 1649 1112 Domini
1672 1057 1845 1112 nostri
1908 1057 2040 1111 Jesu
2077 1055 2276 1111 Christi
2302 1056 2346 1110 ⁸.
2412 1055 2570 1111 Hunc
2623 1056 2790 1127 igitur
2834 1056 3076 1112 Ecclesia
3134 1057 3296 1112 simul
3349 1057 3515 1111 Deum
3577 1069 3703 1110 esse

429 1138 734 1209 proﬁtetur,
775 1146 1048 1212 passionis
1096 1159 1372 1218 expertem
1415 1159 1469 1204 et
1512 1165 1757 1220 passum,
1802 1149 1895 1220 qui
1941 1149 2188 1219 sepultus
2218 1149 2309 1212 sit,
2341 1149 2725 1211 resurrexerit,
2756 1162 2878 1201 cum
2943 1147 3114 1218 gloria
3170 1147 3370 1202 coelum
3429 1159 3702 1200 conscen-

429 1236 590 1297 ιιυτίι,
617 1247 905 1293 venturum
936 1241 1177 1298 indidem
1201 1244 1452 1315 judicare
1489 1249 1648 1303 vivos
1679 1254 1734 1302 et
1757 1255 2024 1311 mortuos,
2055 1245 2219 1316 idque
2252 1246 2390 1301 adeo
2432 1259 2560 1300 vere
2599 1245 2677 1298 uti
2722 1244 2930 1299 dictum
2973 1253 3058 1300 est

428 1334 530 1384 erit
557 1333 679 1402 ﬁnis
710 1333 751 1388 '.

503 1430 614 1481 Καὶ
639 1431 748 1503 γάρ
772 1434 867 1488 καὶ
899 1437 1142 1491 πιστεύει
1171 1439 1204 1508 ἠ
1230 1438 1387 1510 ἡμῶν
1410 1442 1429 1471 ²
1463 1441 1603 1512 αὕτη
1645 1444 1679 1512 ἡ
1707 1441 1838 1511 ἁγία
1887 1441 2012 1494 Ἐκο

434 1518 632 1589 κλησὶα
657 1561 673 1585 ,
704 1525 799 1578 καὶ
849 1525 925 1589 ὡς
954 1527 1093 1599 αὐτῇ
1140 1527 1354 1600 ἀληθῶς
1392 1533 1762 1604 κεκήρυκται,
1796 1531 2012 1603 ἀληθῶς

433 1615 834 1683 προστέτακται
867 1636 880 1649 ο
949 1621 1032 1675 ὅτι
1094 1624 1544 1697 κοιμηθησόμεθα
1605 1627 1844 1694 πάντες,
1918 1629 2015 1682 καὶ

433 1705 855 1780 ἀναστησόμεθα
899 1712 996 1765 σὺν
1029 1712 1241 1785 σώματι
1284 1715 1488 1788 τούτῳ,
1523 1720 1618 1772 σὺν
1645 1718 1790 1790 ψυχῇ
1820 1718 2012 1792 ταύτῃ,

436 1798 535 1850 σὺν
571 1803 733 1855 παντὶ
761 1801 838 1873 τῷ
863 1804 1118 1877 ἡμετέρῳ
1152 1807 1368 1861 σκεύει·
1397 1810 1483 1863 ἵνα
1503 1809 1733 1874 ἕκαστος
1765 1811 2014 1882 ἀπολάϐῃ

435 1891 573 1962 πρὸς
615 1892 652 1946 ἃ.
697 1893 953 1966 ἔπραξεν.
996 1898 1119 1951 ’Ότι
1149 1900 1258 1970 γὰρ
1300 1901 1593 1966 ἀνάστασις
1648 1902 1891 1974 νεκρῶν,
1923 1904 2015 1956 καὶ

434 1981 617 2053 κρίσις
642 1984 857 2051 αἰώνιος
909 1989 1004 2042 καὶ
1038 1989 1284 2059 βασιλεία
1329 1993 1577 2064 οὐρανῶν
1619 1994 1710 2046 καὶ
1771 1995 2019 2048 ἀνάπαυ-

437 2090 522 2136 σις
551 2079 663 2167 τοῖς
687 2077 917 2144 δικαίοις
951 2082 1048 2135 καὶ
1078 2081 1416 2156 κληρονομία
1441 2086 1647 2141 πιστῶν
1709 2087 1804 2141 καὶ
1857 2088 2020 2160 χορὸς

438 2167 555 2236 μετ’
580 2169 861 2238 ἀγγέλων,
892 2173 1001 2226 τῶν
1034 2177 1417 2248 τετηρηκότων
1449 2178 1548 2250 τὴν
1582 2179 1762 2234 πίστιν
1795 2180 1890 2232 καὶ
1920 2179 2019 2251 τὴν

433 2259 661 2328 ἁγνείαν
696 2263 790 2316 καὶ
821 2263 918 2336 τὴν
946 2265 1138 2320 ἐλπίδα
1173 2269 1387 2333 καὶτὰς
1419 2269 1514 2323 τοῦ
1548 2271 1749 2343 Κυρίου
1776 2271 2021 2338 ἐντολάς,

434 2352 652 2424 ἀληθῶς
700 2356 850 2422 ἐστι,
896 2359 990 2412 καὶ
1021 2361 1357 2432 κεκήρυκται
1391 2363 1486 2417 καὶ
1517 2363 1848 2434 ὴσφὰλισται
1871 2405 1885 2428 ,
1927 2365 2022 2418 καὶ

435 2444 753 2502 πιστεύεται
781 2449 862 2503 ὅτι
887 2442 1034 2504 οὗτοι
1061 2453 1458 2524 ἀναστήσονται
1486 2457 1564 2520 εἰς
1599 2455 1744 2526 ζωὴν
1777 2456 2018 2522 αἰώνιον,

439 2536 536 2589 καὶ
563 2531 706 2593 οὗτοι
748 2542 828 2604 εἰς
873 2544 1057 2614 κρίσιν
1089 2544 1340 2612 αἰώνιον,
1371 2547 1508 2601 κατά
1536 2547 1597 2602 τὸ
1635 2549 2021 2619 γεγραμμένον

440 2630 501 2682 ὲν
535 2632 648 2694 τοῖς
691 2633 1067 2702 Εὐαγγελίοις.
1098 2637 1242 2691 Ὅσα
1281 2638 1391 2710 γὰρ
1441 2639 1589 2708 λέγει
1627 2642 1656 2693 6
1702 2640 2021 2704 Ἀπόστολος

440 2719 536 2771 καὶ
580 2722 751 2776 πᾶσαι
791 2725 846 2776 αἱ
881 2723 1037 2794 ἅγιαι
1073 2727 1289 2797 Γραφαὶ
1315 2767 1331 2791 ,
1389 2728 1564 2800 ἀληθῆ
1621 2729 1879 2800 τυγχάνει
1903 2745 1918 2760 ⁸
1973 2731 2022 2782 εἰ

441 2811 537 2864 καὶ
574 2813 728 2885 παρὰ
769 2817 882 2879 τοῖς
929 2818 1266 2889 ἀπιστήσασι
1318 2819 1414 2873 καὶ
1463 2820 1651 2884 κακῶς
1710 2822 2023 2893 νενοηκόσιν

441 2904 643 2974 ἑτέρως
672 2906 1133 2977 ὑπολαμϐάνεται.
1176 2911 1337 2982 Ἡμῖν
1364 2911 1424 2964 δὲ
1454 2911 1595 2984 αὕτη
1639 2915 1673 2984 ή
1701 2912 1885 2977 πίστις
1928 2914 2024 2967 καὶ

441 2993 581 3066 αὕτη
609 2997 641 3067 ὴ
670 2998 837 3070 τιμὴ,
861 3000 957 3052 καὶ
985 2999 1124 3070 αὕτη
1156 3004 1189 3074 ἡ
1221 3005 1404 3075 μήτηρ
1430 3004 1588 3075 ἡμῶν
1618 3006 1651 3074 ἡ
1705 3004 2020 3077 Ἐκκλησία,

441 3084 532 3139 διὰ
566 3087 800 3153 πίστεως
831 3090 1079 3156 σώζουσα
1111 3093 1221 3165 (58)
1245 3137 1260 3161 ,
1297 3097 1393 3148 καὶ
1421 3095 1488 3150 δι’
1517 3096 1730 3161 ἐλπίδος
1759 3115 2026 3169 κρατυνό-

446 3175 584 3248 μένη
639 3180 735 3232 καὶ
785 3181 973 3255 ἀγάπῃ
1023 3185 1302 3256 Χριστοῦ,
1337 3188 1690 3261 τελειουμένη
1740 3189 1796 3242 ἐν
1844 3209 1905 3244 τε
1955 3193 2022 3263 τῇ

3110 1261 3124 1298 :
3188 1243 3356 1314 Cujus
3401 1243 3546 1312 regni
3599 1258 3705 1295 non

2188 1431 2324 1487 Nam
2368 1441 2423 1488 et
2473 1432 2580 1486 hoc
2623 1441 2814 1486 sancta
2863 1431 2980 1502 ipsa
3027 1438 3202 1485 mater
3249 1428 3511 1494 Ecclesia,
3556 1431 3704 1502 quod

2119 1541 2246 1581 vere
2275 1525 2381 1581 sibi
2410 1524 2763 1595 praedicatum
2810 1539 3046 1594 vereque
3087 1519 3402 1576 mandatum
3441 1529 3548 1586 est,
3583 1538 3725 1577 cre-a

2120 1617 2237 1673 dit:
2275 1618 2602 1673 moriturum
2645 1631 3090 1686 unumquemque
3129 1623 3377 1671 nostrum
3412 1631 3477 1672 ac
3521 1631 3708 1672 resurp

2122 1720 2400 1767 recturum
2423 1727 2547 1765 cum
2576 1711 2680 1765 hoc
2706 1711 2826 1777 ipso
2855 1724 3105 1780 corpore,
3133 1723 3257 1763 cum
3281 1708 3470 1765 eadem
3501 1708 3723 1774 anima,

2123 1821 2248 1861 cum
2281 1815 2394 1860 toto
2424 1805 2527 1859 hoc
2550 1805 2939 1867 instrumento,
2967 1801 3202 1872 denique
3235 1811 3293 1855 ut
3331 1800 3559 1871 quilibet
3587 1815 3708 1855 me-

2122 1898 2244 1954 ritis
2295 1897 2412 1954 suis
2457 1903 2828 1954 consentanea
2875 1894 3100 1966 praemia
3159 1893 3428 1964 percipiat
3476 1893 3518 1946 ⁵.
3569 1890 3706 1952 Nam

2120 1991 2268 2063 quod
2295 2001 2638 2047 mortuorum
2665 1991 2854 2045 futura
2873 1989 3209 2046 resurrectio
3235 1988 3306 2045 sit
3327 1994 3489 2060 atque
3507 1995 3710 2042 attenta

2119 2085 2424 2148 damnatio,
2453 2086 2788 2155 coelesteque
2809 2099 3061 2154 regnum,
3091 2091 3147 2137 et
3161 2081 3435 2152 justorum
3466 2080 3624 2150 quies
3645 2095 3712 2135 ac

2120 2177 2360 2233 ﬁdelium
2392 2176 2705 2242 haereditas,
2739 2176 3156 2245 communisque
3181 2189 3307 2229 cum
3350 2172 3557 2244 angelis
3587 2172 3713 2226 cho-

2120 2288 2217 2351 rus
2276 2272 2344 2327 iis
2397 2272 2731 2327 constitutus
2777 2270 2872 2342 qui
2919 2269 3079 2324 ﬁdem
3128 2275 3184 2324 et
3229 2267 3610 2323 castimoniam
3656 2274 3712 2321 et

2121 2380 2274 2435 spem
2325 2379 2391 2419 ac
2443 2364 2661 2418 Domini
2703 2369 2973 2433 pracepta
3015 2361 3310 2425 servarint,
3358 2359 3712 2415 verissimum

2121 2464 2242 2520 est;
2274 2454 2439 2526 idque
2482 2463 2538 2510 et
2576 2454 2933 2525 praedicatum
2964 2459 3018 2508 et
3049 2452 3352 2506 certissime
3390 2450 3718 2520 comproba-

2124 2557 2238 2603 tum
2263 2555 2318 2604 et
2344 2547 2656 2604 creditum:
2703 2549 2961 2616 quoniam
3005 2545 3063 2599 bi
3121 2549 3406 2613 resurgcnt
3448 2541 3504 2596 in
3549 2541 3716 2594 vitam

2129 2638 2342 2712 1140
2368 2647 2649 2704 aeternam,
2677 2646 2731 2694 et
2775 2637 2864 2692 isti
2895 2637 2948 2690 in
2990 2635 3258 2706 judicium
3291 2643 3556 2688 aeternum
3577 2632 3624 2695 ",
3657 2638 3720 2683 ut

2124 2729 2182 2782 in
2233 2727 2529 2799 Evangelio
2578 2728 2841 2796 scriptum
2893 2737 2992 2781 εει.
3051 2724 3186 2779 Nam
3245 2737 3586 2794 quaecunque
3634 2721 3720 2775 vel

2123 2819 2416 2890 Apostolus
2452 2819 2536 2874 vel
2571 2833 2729 2874 sacra
2764 2818 2943 2873 omnis
2977 2815 3262 2886 Scriptura
3303 2821 3560 2877 testatur,
3591 2825 3719 2864 vera

2126 2919 2276 2976 sunt,
2303 2910 2430 2966 licet
2455 2909 2704 2964 inﬁdeles
2742 2923 2807 2963 ac
2840 2923 3126 2980 perperam
3157 2907 3522 2977 intelligentes
3563 2903 3721 2958 aliter

2125 3001 2462 3058 existiment.
2501 2999 2674 3058 Nobis
2705 3016 2832 3057 vero
2867 3016 2930 3056 ea
2960 3000 3181 3056 demum
3216 2999 3350 3053 ﬁdes
3380 3007 3484 3060 est,
3524 2997 3573 3051 is
3617 2997 3722 3050 lio-

2124 3111 2228 3150 nor
2268 3109 2332 3150 ac
2364 3094 2604 3165 dignitas
2643 3110 2655 3146 :
2706 3093 2822 3147 [nec
2864 3101 2949 3148 εει
3000 3100 3190 3148 nostra
3236 3098 3410 3144 mater
3452 3088 3720 3154 Ecclesia,

2125 3201 2247 3258 quae
2279 3202 2376 3257 per
2424 3185 2583 3240 ﬁdem
2617 3193 2820 3246 servat.
2869 3200 2966 3254 spe
3012 3184 3406 3240 corroboratur
3434 3191 3488 3237 et
3514 3181 3721 3238 Christi

439 3268 799 3340 6pcloyi;,£v
843 3289 904 3325 τε
941 3276 1054 3340 τοῖς
1106 3278 1449 3352 μυστηρίοις,
1479 3279 1537 3333 ἐν
1588 3298 1649 3334 τε
1677 3285 1745 3354 τῇ
1775 3281 1871 3336 τοῦ
1898 3283 2022 3336 λου-

2128 3280 2417 3343 charitate,
2456 3294 2672 3334 necnon
2712 3287 2767 3334 et
2805 3277 3079 3348 ejusmodi
3123 3275 3463 3347 professione
3497 3288 3562 3329 ac
3606 3289 3722 3344 my-

440 3361 573 3432 τροῦ
623 3363 906 3437 καθαρσίῳ
948 3367 1204 3440 δυνάμει·
1235 3371 1318 3424 ὅτι
1369 3373 1753 3442 Ἀπελθόντες
1800 3377 2024 3440 βαπτί-

442 3468 596 3510 (mre
623 3458 709 3524 εις
735 3456 924 3528 ὄνομα
945 3461 1176 3531 Πατρός
1201 3463 1302 3517 καὶ
1325 3465 1457 3519 Υἱοῦ
1485 3466 1582 3519 καὶ
1632 3467 1807 3537 ἁγίου
1845 3471 2031 3524 Πνεύ-

438 3565 668 3618 ματος·
719 3552 799 3615 είς
846 3551 1016 3622 ὄνομα
1066 3553 1124 3606 δὲ
1177 3553 1367 3626 θεῖκῆς
1420 3556 1679 3628 Τριάδος,
1735 3559 2030 3630 ὀνομασίας

444 3639 718 3710 μηδεμίαν
750 3641 1012 3714 διαφορὰν
1039 3642 1290 3716 ἐχούσης.
1337 3645 1475 3700 Ἀλλ’
1505 3648 1588 3700 ὅτι
1620 3648 1752 3712 Θεὸς
1781 3643 1862 3712 εἷς
1897 3651 2030 3720 ἡμῖν

445 3729 503 3780 ἐν
533 3729 681 3800 νόμῳ
717 3730 811 3784 καὶ
861 3733 918 3784 ὲν
957 3734 1267 3805 προφήταις
1311 3736 1406 3788 καὶ
1438 3738 1497 3796 ἐν
1548 3737 1903 3806 Εὑαγγελίοις
1934 3740 2029 3793 καὶ

445 3821 505 3874 ὲν
542 3821 860 3888 ἀποστόλοις
907 3825 1055 3897 (59),
1091 3826 1148 3878 ὲν
1180 3825 1395 3898 Παλαιᾷ
1442 3828 1537 3881 καὶ
1567 3829 1745 3900 Καινῇ
1782 3828 2026 3901 Διαθήκῃ

449 3916 786 3986 κεκήρυκται
815 3919 908 3972 καὶ
939 3919 1304 3989 κατήγγελται
1356 3921 1451 3973 καὶ
1490 3920 1844 3975 πεπίστευται
1871 3963 1887 3988 ,
1917 3923 2032 3974 Πα-

446 4007 554 4080 τὴρ
587 4010 682 4063 καὶ
715 4012 840 4075 Υἱὸς
891 4014 985 4066 καὶ⁸
1038 4015 1191 4084 ἅγιον
1229 4014 1484 4084 Ilva-2694'
1541 4014 1680 4084 μήτε
1733 4013 2028 4086 συναλοιφή

450 4117 536 4163 τις
584 4096 717 4154 οὖσα
751 4104 1042 4176 ὴΘεότης,
1096 4105 1234 4160 ἀλλά
1275 4105 1446 4178 Τριάς
1491 4105 1660 4170 ὅντως
1688 4105 1870 4159 τελεία
1895 4123 1909 4136 ο
1942 4105 2031 4159 τέο

450 4189 591 4254 λειος
617 4193 644 4245 6
696 4193 912 4266 Πατὴρ,
945 4196 1150 4261 τέλειος
1183 4199 1212 4251 6
1259 4197 1417 4260 Υἱὸς,
1469 4197 1670 4250 τέλειον
1715 4197 1778 4250 τὸ
1804 4197 2030 4268 Πνεῦμα

449 4284 512 4337 τὸ
538 4285 713 4354 ἆγιον,
749 4287 847 4357 μία
890 4289 1082 4360 θεότης
1105 4331 1119 4355 ,
1151 4287 1232 4354 εἷς
1253 4290 1385 4354 Θεός
1404 4308 1415 4322 ο
1441 4283 1486 4358 ᾧ
1511 4292 1544 4359 ἠ
1580 4289 1707 4354 δόξα
1725 4331 1740 4354 ,
1766 4288 1901 4362 τιμὴ
1937 4292 2030 4343 καὶ

449 4375 652 4450 κράτος
695 4376 790 4432 νῦν
823 4379 917 4431 καὶ
948 4379 1035 4432 ἀεὶ
1066 4380 1162 4433 καὶ
1207 4381 1287 4444 εἰς
1329 4381 1454 4444 τοὺς
1491 4380 1691 4445 αἰῶνας
1739 4381 1848 4435 τῶν
1901 4380 2030 4436 αἰώ-

452 4487 578 4524 νων.
627 4471 817 4542 Ἀμήν.

2133 3369 2339 3434 steriis,
2394 3368 2764 3439 baptismique
2812 3367 2867 3422 vi
2929 3382 2994 3421 ac
3050 3368 3374 3438 purgatione
3414 3362 3719 3433 perﬁcitur.

2136 3461 2356 3527 Euntes,
2387 3461 2587 3532 inquit,
2620 3459 2883 3528 baptizata
2920 3459 2976 3513 in
3006 3460 3213 3513 nomine
3245 3455 3450 3520 Patris,
3482 3464 3532 3510 et
3567 3452 3720 3523 Filii,

2133 3564 2183 3609 et
2219 3554 2458 3622 Spiritus
2492 3553 2666 3608 sancti
2695 3552 2718 3584 ⁸
2753 3571 2768 3608 :
2799 3553 2854 3607 in
2903 3551 3127 3606 nomine
3170 3549 3368 3605 divinae
3412 3547 3720 3612 Trinitatis,

2135 3647 2296 3718 cujus
2325 3646 2616 3717 appellatio
2648 3645 2923 3700 diversum
2951 3643 3087 3698 nihil
3113 3641 3375 3697 continet.
3407 3641 3464 3696 Si
3500 3640 3720 3710 quidem

2139 3756 2281 3795 unus
2315 3753 2379 3792 ac
2413 3738 2710 3808 singularis
2743 3736 2889 3794 Deus
2917 3747 2973 3794 et
3007 3737 3063 3791 in
3092 3737 3210 3808 lege
3245 3746 3299 3792 et
3327 3735 3628 3805 prophetis,
3664 3733 3722 3787 in

2137 3830 2447 3902 Evangeliis
2485 3839 2540 3885 et
2575 3830 2861 3901 apostolis,
2901 3830 2957 3884 in
2996 3826 3191 3900 Vetere
3235 3837 3290 3883 et
3332 3827 3482 3882 Novo
3526 3825 3721 3881 Testa-

2134 3933 2320 3978 mento
2349 3922 2698 3993 praedicatus,
2727 3921 3012 3976 nuntiatus
3039 3930 3124 3977 est
3161 3934 3225 3973 ac
3250 3917 3512 3983 creditur,
3536 3916 3719 3984 Pater,

2133 4027 2188 4074 et
2225 4015 2420 4081 Filius,
2456 4027 2511 4072 et
2559 4015 2798 4087 Spiritus
2843 4022 3090 4072 sanctus.
3136 4013 3326 4085 Neque
3374 4027 3506 4068 vero
3534 4012 3724 4068 coniu-

2136 4125 2258 4165 sum
2287 4109 2544 4180 quiddam
2579 4109 2698 4178 ipsa
2722 4107 2992 4164 Divinitas
3019 4113 3125 4172 est,
3154 4105 3248 4160 sed
3270 4103 3508 4175 perfecta
3531 4118 3741 4159 revera.

2137 4202 2378 4258 Trinitas
2416 4210 2522 4265 est,
2554 4200 2830 4272 perfectus
2865 4198 3047 4262 Pater,
3081 4197 3355 4270 perfectus
3385 4195 3578 4260 Filius,
3608 4210 3734 4265 per.

2138 4293 2315 4350 lectus
2357 4291 2591 4363 Spiritus
2630 4302 2892 4357 sanctus;
2923 4307 3032 4346 una
3064 4290 3344 4356 divinitas,
3377 4285 3754 4349 unus.Deus,,

2137 4386 2227 4440 cui
2266 4385 2462 4456 gloria,
2504 4384 2679 4438 honor
2721 4391 2776 4439 et
2805 4383 3094 4454 imperium
3130 4397 3274 4438 nunc
3313 4390 3384 4437 et.
3414 4394 3646 4451 semper.
3670 4386 3726 4433 ct

2065 4473 2111 4528 D
2140 4478 2196 4531 in
2223 4477 2422 4534 saecula
2450 4475 2796 4530 saeculorum.
2831 4474 3022 4528 Amen.

521 4625 537 4655 ¹
573 4625 1016 4702 ιιρεοᾷνθρευῖεον
1040 4627 1174 4700 ὁμοῦ
1200 4629 1300 4702 ξιξιὶ
1327 4629 1480 4702 Θεςεγο
1536 4632 1572 4702 κ’
1607 4646 1696 4700 no-
1725 4630 1928 4702 μήτηρ,
1948 4631 2023 4702 ήμ

2197 4629 2287 4684 ⁸ιι
2318 4631 2443 4686 Cor.
2475 4645 2527 4698 ν,
2556 4628 2643 4685 ιδ.
2721 4587 3094 4694 δῐὶοω.ι,4.
3171 4624 3358 4681 ειυς.
3395 4621 3557 4688 1,53.
3639 4620 3726 4675 ιιι

454 4695 581 4752 Cor.
612 4695 669 4761 ν,
701 4697 789 4752 10.
839 4695 887 4730 ’⁷
919 4695 1085 4754 Joan.
1114 4716 1168 4765 ν,
1193 4699 1285 4755 29.
1356 4701 1378 4732 ⁸
1399 4701 1591 4757 Matth.
1613 4695 1824 4766 "xxviii,
1861 4695 1956 4756 ⁷19.

528 4856 640 4927 (58)
669 4857 772 4912 Διά
797 4858 1055 4925 πίστεως
1087 4855 1386 4916 σώζουσα.
1420 4859 1556 4916 Vide
1597 4859 1773 4914 locum
1819 4857 1966 4913 hunc
1997 4873 2028 4912 a

456 4925 771 5001 Th‘omasio
789 4937 978 4985 nostro
1025 4932 1241 4985 diversa
1282 4931 1733 5001 interpretatione
1765 4929 2027 5001 donatum

458 5013 689 5069 numero
713 5000 780 5053 l8
817 5008 1132 5056 memoratae
1156 5015 1264 5056 non
1294 4999 1464 5058 semel
1490 5000 1854 5067 Expositionis
1878 4999 2023 5069 ﬁdei.

531 5066 645 5140 (59)
687 5070 790 5126 Ἐν
813 5071 1199 5139 ἀποστόλοις.
1242 5071 1519 5149 Petavius,
1546 5071 1701 5142 Apud
1737 5066 2028 5140 apostolos.

2138 4858 2494 4917 Renoventur
2552 4863 2641 4919 hic
2690 4877 2815 4919 qua:
2860 4860 2928 4916 ad
2982 4861 3216 4917 similem
3258 4859 3440 4912 locum
3470 4855 3731 4911 similem-

2138 4878 2494 4917 nenoventur
2554 4878 2641 4919 mc
2730 4878 2815 4919 ua:
2860 4878 2928 4916 au
2982 4878 3216 4917 Similem
3259 4878 3440 4912 locum
3470 4878 3726 4911 summul-

2137 4947 2245 5000 que
2283 4933 2608 5060 obscausam
2655 4878 3038 4990 adnotavimus
3091 4933 3150 4988 in
3201 4928 3542 5000 Expositione
3574 4925 3726 4994 ﬁdei,

2137 5017 2288 5059 num.
2397 5046 2411 5060 .

2136 5017 2288 5059 num.
2322 5017 2411 5062 18.
