4118 6402
395 342 497 398 839
1567 343 1655 398 DE
1692 341 1880 398 ANNO
1916 339 2170 398 NATALI
2208 339 2503 397 CHRISTI.
3571 329 3678 388 890

891 461 978 516 Ea:
1013 460 1198 518 Fastis
1227 463 1568 534 Capitolinis.
2300 463 2382 518 Ea:
2417 460 2746 533 Epiphania.
2972 458 3061 514 Εε
3085 455 3270 513 Fastis
3296 452 3522 514 Siculis.

1055 593 1324 634 SUFFECTI.

499 665 562 723 C.
598 666 851 724 Visellius
895 666 1086 725 Varro.

393 736 483 790 l9.
513 737 588 809 _C.
627 737 796 796 Silius
825 737 1031 809 Nepos,
1223 740 1286 798 L.
1316 740 1594 798 Munatius
1621 741 1882 798 Plancus.
2055 742 2204 798 Sexti
2237 742 2368 797 duo.
2888 736 3120 809 Flaccus
3148 733 3472 809 et_Silanus.

392 809 465 862 20
505 807 638 864 Sex.
665 805 958 881 Pompejus
984 807 1186 880 Nepos.
1219 811 1370 869 Sext.
1401 813 1679 885 Apulejus.
1704 812 1905 885 Nepos.
2050 813 2347 896 Pompejus
2374 811 2603 883 Magnus
2629 819 2685 866 et
2704 809 2853 882 Apu-
2890 807 3090 863 Sextus
3119 817 3174 864 et
3205 805 3426 861 Sextus.

391 951 452 1006 2|
503 951 707 1008 Drusus
732 949 936 1007 Caesar.
1215 952 1277 1008 C.
1307 951 1476 1008 Norh.
1517 953 1768 1009 Flaccus.
2053 885 2334 1008 ἰιι
2368 952 2614 1009 Flaccus.
2887 948 3080 1018 Pomp.
3111 947 3250 1018 Mag.
3285 956 3340 1000 et
3364 943 3528 1018 Apul.

391 1022 463 1075 22
498 1022 584 1076 Ti.
616 1022 866 1077 Statilius
891 1021 1128 1077 Taurus.
1217 1023 1276 1077 L.
1313 1024 1566 1079 Scribon.
1610 1025 1762 1078 Libo.
2053 1025 2269 1079 Taurus
2297 1035 2351 1078 et
2383 1023 2538 1077 Libo.
2891 1013 3089 1074 Brutus
3115 1027 3170 1073 et
3197 1013 3429 1072 Flaccus
3448 1013 3514 1070 ll.

390 1091 463 1162 25
500 1092 561 1162 ρ.
587 1091 794 1147 Caelius
821 1091 1016 1162 Rufus.
1216 1093 1280 1147 L.
1313 1094 1650 1162 Pomponius
1688 1095 1936 1150 Flaccus.
2050 1097 2286 1151 Crassus
2305 1103 2360 1148 et
2392 1093 2587 1151 Rufus.
2889 1090 3107 1144 Taurus
3135 1098 3189 1144 et
3221 1087 3378 1162 Libo.

390 1161 461 1216 24
498 1161 620 1218 Tib.
645 1162 784 1234 Aug.
815 1161 911 1219 Ill.
1215 1157 1574 1221 Germanicus
1601 1165 1784 1221 Caesar
1816 1165 1880 1222 ll.
2049 1165 2303 1247 Tiberius
2326 1165 2364 1217 Il
2387 1175 2442 1288 till.
2471 1163 2680 1220 Drusus
2720 1162 2855 1218 Ger—
2889 1162 3124 1216 Crassus
3143 1167 3198 1214 et
3228 1157 3430 1214 Rufus.

2120 1251 2369 1290 mamcus
2448 1277 2462 1290 .

2120 1251 2369 1292 mamcus

1071 1342 1346 1384 SUFFECTI.

497 1421 560 1476 L.
587 1421 746 1492 Sejus
784 1423 1016 1478 Tubero.
1208 1425 1494 1482 Rubellius
1519 1426 1784 1482 Blandus.

389 1492 462 1547 25
498 1492 569 1545 M.
597 1484 775 1548 Julius
803 1493 1038 1548 Silanus.
1212 1497 1275 1552 C.
1300 1496 1589 1552 Norbanus
1617 1497 1866 1553 Flaccus.
2050 1495 2273 1552 Silanus
2309 1503 2364 1551 et
2405 1493 2628 1550 Balbus.
2892 1489 3012 1545 Tib.
3032 1489 3237 1544 Caesar.
3269 1484 3339 1543 lll
3361 1495 3417 1543 et
3449 1484 3649 1545 Rufus.

389 1564 462 1616 26
500 1563 570 1617 Μ.
604 1561 856 1618 Valerius
875 1564 1127 1620 Messala.
1213 1566 1284 1621 Μ.
1309 1568 1563 1623 Aurelius
1587 1570 1767 1624 Cotta.
2047 1566 2282 1623 Messala
2315 1578 2369 1620 et
2399 1565 2620 1621 Gratus.
2892 1561 3114 1616 Silanus
3139 1569 3194 1614 et
3220 1559 3443 1614 Balbus.

390 1633 461 1686 27
499 1632 765 1690 Tiberius-
779 1633 868 1690 IV.
1211 1637 1421 1694 Drusus
1447 1637 1627 1694 Julius
1656 1637 1722 1694 ll.
2046 1635 2380 1718 Tiberiuslll
2399 1636 2683 1718 e_t_Drusus
2716 1633 2853 1690 Cer-
2887 1632 3120 1688 Messala
3139 1639 3195 1686 et
3214 1629 3435 1685 Gratus.

389 1771 461 1827 28
499 1771 562 1828 D.
594 1773 848 1834 Haterius
868 1777 1125 1851 Agrippa.
1209 1777 1271 1832 C.
1298 1777 1565 1849 Sulpitius
1588 1777 1785 1833 Galba.
2391 1706 2616 1832 llilallhus.
2887 1771 3008 1829 Tib.
3033 1774 3218 1828 Caesar
3247 1768 3318 1824 1V
3343 1778 3398 1827 et
3425 1767 3661 1825 Drusus.

1058 1881 1335 1932 SIIFFECTI.

495 1963 558 2039 C_.
588 1962 781 2039 Vibius
809 1965 1062 2026 Ruﬁnus.
1213 1970 1285 2024 Μ.
1316 1970 1580 2039 Coccejus
1606 1969 1800 2025 Nerva.

390 2031 463 2106 ea
498 2033 560 2106 (ξ.
586 2035 809 2092 Asinius
846 2039 1039 2094 Pollio.
1213 2041 1276 2095 C.
1309 2031 1580 2096 Antistius
1614 2039 1805 2097 Vetus.
2051 2040 2224 2096 Pollio
2254 2047 2309 2095 et
2335 2037 2527 2093 Vetus.
2887 2034 3125 2106 Agrippa
3148 2041 3203 2106 et
3229 2031 3401 2088 Galba

390 2105 461 2181 ξε)
502 2102 856 2181 _S_er.Cornel.
885 2108 1182 2181 Cethegus.
1217 2110 1277 2165 L.
1305 2110 1563 2167 Visellius
1589 2109 1786 2181 varro.
2049 2113 2326 2180 Cethegus
2358 2118 2415 2181 et
2441 2108 2641 2181 Varus.
2767 2176 2781 2181 _
2890 2102 3131 2181 Pullo—et
3151 2103 3338 2181 Vetus.

390 2175 458 2229 3i
501 2174 572 2230 Μ.
613 2177 838 2234 Asinius
866 2174 1126 2252 Agrippa.
1215 2182 1424 2238 Cossus
1444 2181 1610 2238 Corn.
1641 2180 1926 2240 Lentulus.
2015 2174 2290 2253 .Aprippa
2359 2179 2406 2234 ll
2475 2189 2530 2235 et
2590 2176 2854 2233 Lentulus
2889 2175 3164 2247 Cethegus
3197 2185 3252 2230 et
3276 2174 3478 2229 Varus.

391 2312 462 2369 '52
505 2314 568 2372 C.
603 2315 900 2376 Calvisius.
1211 2322 1314 2378 Cn.
1355 2321 1639 2379 Getulicus
1674 2322 1935 2380 Sabinus.
2047 2254 2334 2380 Geﬁllitcits
2354 2328 2411 2376 et
2443 2317 2704 2375 Sabinus.
2888 2315 3126 2388 Agrippa
3155 2313 3199 2369 ll
3237 2323 3294 2370 et
3326 2271 3612 2370 Lentulus.

784 2471 795 2480 _,
1056 2429 1336 2471 SUFFECTI.

498 2501 826 2579 QJjarcius
851 2507 1044 2566 Barea.
1218 2508 1285 2579 T.
1314 2508 1792 2568 RustiusNumius
1811 2509 2021 2567 Gallus.
2072 2577 2097 2579 ι
2403 2573 2462 2579 __
2899 2567 2934 2579 ,.
2980 2577 2987 2579 Α
3037 2567 3069 2579 ..
3230 2563 3303 2579 ,η
3344 2564 3395 2579 ..

394 2572 466 2650 ἓξ
598 2574 861 2650 Licinius:
884 2648 913 2650 __
936 2563 945 2564 ί
970 2563 983 2566 ⁷
1034 2563 1039 2564 7
1219 2563 1283 2650 Li
1308 2563 1788 2650 Calpurnius?"
1824 2563 1842 2567 ἠ
2058 2577 2295 2650 Crassus
2320 2584 2376 2631 et
2403 2573 2552 2650 P_i_so.
2894 2567 3174 2650 Getulicus
3193 2563 3528 2650 etnSabinus.

394 2644 466 2714 54
505 2646 604 2714 Ap.
630 2646 811 2703 Julius
837 2648 1082 2706 Silanus.
1223 2649 1284 2704 P.
1317 2635 1488 2707 Silius
1513 2635 1710 2707 Nerva.
2063 2648 2322 2704 Silvanus
2349 2654 2404 2699 et
2431 2643 2630 2698 Nerva.
2895 2641 3130 2714 Crassus
3161 2635 3416 2714 et_Piso.'

395 2713 466 2766 35
503 2705 568 2770 ci
595 2715 880 2773 Rubellius
904 2705 1189 2778 Geminus.
1220 2719 1285 2775 c.
1314 2705 1511 2774 Fusius
1532 2705 1902 2779 atrismanus.
2064 2718 2281 2774 Gemini
2308 2717 2439 2770 duo.
2899 2709 3118 2763 Silanus
3142 2718 3196 2762 et
3224 2705 3423 2779 Nerva-

502 2784 892 2865 νὶἱωθίιιεο
962 2775 973 2777 ⁷
1116 2775 1163 2778 νὴ
1221 2775 1900 2865 (ξηϐειδεὶιιείὀιιέίιιιιὲῖ
2065 2789 2243 2865 [luitis
2265 2796 2320 2842 et
2347 2784 2620 2865 Rubellio.
2732 2851 2768 2865 Π
2897 2779 3160 2865 Geminus
3191 2775 3568 2865 e‘tiCeiiIn-inus.

393 2853 461 2908 57
502 2855 626 2912 Tib.
653 2855 722 2912 Vo
1224 2860 1484 2932 Sejanus.
1524 2847 1533 2849 ⁷
1628 2847 1669 2849 Π
1696 2847 1813 2865 ΤΠ
1836 2847 1879 2849 Ἥ
2068 2859 2318 2941 Vinicius
2342 2866 2398 2912 et
2421 2854 2700 2926 Longinus
2728 2851 2866 2907 Cas-
2899 2850 3076 2906 Rufus
3109 2859 3163 2904 et
3195 2847 3536 2902 Rubellinus.

2141 2946 2278 2986 Slus.

1152 3064 1368 3122 ΝΟΤᾸΞΞ
1402 3067 1501 3122 Al)
1538 3067 1916 3126 EXCERPTA
1955 3069 2491 3130 CONSULATUUM
2531 3065 2898 3124 COLLEGIA.

464 3203 524 3257 ln
551 3200 640 3258 his
667 3208 826 3258 coss.‘
853 3200 1080 3271 paribus
1114 3201 1381 3257 nonnulla
1427 3211 1558 3258 sunt
1594 3204 1982 3263 observatione
2011 3217 2058 3273 Α
2087 3207 2277 3263 Planci
2305 3207 2599 3263 consulatu
2642 3203 2921 3259 decimum
2957 3197 3216 3270 quintum
3247 3212 3277 3250 α
3318 3212 3466 3253 coss.
3499 3196 3692 3269 Augu-

395 3295 583 3366 digita-
2095 3310 2183 3353 sto
2241 3297 2364 3352 Xlll
2393 3307 2446 3352 et
2503 3295 2695 3350 Silano
2727 3308 2874 3349 coss.
2904 3291 3060 3360 ponit
3106 3289 3460 3346 consulatum
3515 3289 3692 3353 illum,

468 3386 528 3442 In
554 3383 979 3456 "Epiphanius
1007 3385 1267 3442 Pisonem
1299 3384 1346 3440 ll
1376 3389 1662 3444 consulem
1710 3391 1943 3447 ascribit
1975 3410 1989 3448 :
2097 3406 2224 3446 cum
2269 3408 2360 3448 xvt
2411 3405 2536 3446 esse
2593 3387 2866 3443 debuerit.
2898 3384 3038 3439 Tum
3093 3399 3186 3438 xvi
3216 3382 3348 3437 facit
3371 3381 3694 3451 Pompeium

397 3478 544 3549 quod
586 3479 851 3548 neque-in
905 3477 1254 3547 Capitolinis,
1291 3493 1470 3549 neque
1505 3481 1561 3535 in
1592 3481 1794 3538 Siculis
1830 3483 1992 3538 addi-
2095 3482 2354 3553 Magnum
2409 3488 2464 3536 et
2487 3479 2810 3550 Apuleium;
2835 3476 2930 3547 qui
2959 3491 3086 3531 cum
3123 3474 3503 3543 superioribus
3528 3473 3696 3528 iidem

399 3578 513 3625 tum
537 3577 652 3636 est;
679 3569 774 3624 sed
805 3569 873 3625 ad
901 3567 1050 3624 Cnmi
1073 3568 1343 3626 duntaxat
1368 3571 1587 3629 Pisonis
1611 3576 1990 3642 consulatum,
2095 3591 2220 3631 esse
2246 3574 2534 3629 videntur.’
2556 3571 2692 3626 Nam
2714 3586 2745 3625 e
2763 3569 2980 3626 duobus
3004 3567 3207 3633 Sextis,
3237 3569 3372 3622 alter
3399 3567 3698 3636 Pompeius

398 3660 495 3730 qni
519 3675 664 3714 anno
701 3658 863 3716 Urbis
909 3659 1012 3715 747
1040 3663 1316 3718 convenit.
1359 3664 1438 3720 Ac
1469 3666 1687 3722 videtur
1711 3685 1778 3723 ex
1808 3685 1872 3725 eo
1898 3687 1995 3725 na-
2100 3668 2305 3739 Nepos,
2328 3668 2469 3722 alter
2501 3664 2764 3735 Apuleius
2812 3661 2995 3732 Nepos
3029 3661 3340 3732 appellatus
3383 3670 3488 3717 est.
3539 3658 3698 3727 Quod

401 3760 490 3805 tus
519 3765 697 3816 error,
734 3751 883 3821 quod
926 3751 1064 3806 alter
1091 3754 1340 3822 ejusdem
1374 3757 1620 3813 nominis
1660 3757 1723 3813 L.
1756 3758 1994 3831 Calpur-
2098 3763 2242 3817 idem
2267 3761 2459 3816 vitium
2485 3760 2539 3814 in
2575 3757 2758 3812 Fastis
2786 3755 2996 3811 Siculis
3027 3755 3296 3817 cernitur.

399 3842 528 3897 nius
587 3839 717 3897 Piso
774 3840 1098 3898 Caesoninus
1149 3859 1296 3900 anno
1365 3843 1434 3900 U.
1491 3847 1555 3902 C.
1641 3848 1744 3905 759
1804 3849 1994 3908 fuerit.
2171 3855 2230 3908 In
2253 3869 2331 3907 xu
2386 3867 2486 3921 pro
2513 3849 2718 3904 Brutus
2756 3847 2901 3918 apud
2931 3845 3204 3918 Epiph.et
3246 3842 3698 3910 SiculosFastos,

403 3931 512 3985 Sed
562 3931 654 3988 ille
699 3930 764 3986 L.
799 3931 974 4001 ﬁlius;
1009 3943 1195 3990 noster
1244 3936 1337 3991 hic
1381 3951 1510 3993 vero
1568 3938 1718 3995 Gnaei
1771 3941 1994 3998 dicitur.
2100 3941 2282 3996 scribe
2313 3939 2548 3994 Drusus.

473 4025 533 4079 ln
567 4041 643 4080 vn
686 4026 998 4091 consulatu,
1065 4043 1351 4097 perperam
1418 4032 1564 4101 apud
1621 4031 1996 4104 Epiphanium
2173 4031 2448 4099 Deinceps
2505 4042 2682 4098 usque
2712 4025 2780 4081 ad
2811 4040 3003 4081 xxxvu
3027 4025 3375 4081 consulatum
3420 4020 3570 4078 Fasti
3605 4019 3697 4076 Si-

403 4115 468 4172 L.
491 4115 696 4184 Caesar,
715 4131 812 4186 pro
827 4117 963 4173 Caio
985 4118 1222 4189 positum
1241 4133 1344 4176 εει.
1365 4119 1501 4178 Nam
1526 4123 1863 4193 Luciusejus
1883 4126 1998 4182 fra-
2101 4125 2209 4179 culi
2232 4137 2348 4186 ,uno
2391 4136 2538 4176 anno
2570 4120 2841 4176 tardiores
2901 4127 3033 4173 sunt
3071 4131 3238 4187 quam
3268 4113 3607 4186 Epiphanius
3641 4121 3698 4168 et

404 4218 490 4264 ter
515 4223 636 4264 cos.
663 4208 1002 4279 designatus,
1035 4219 1332 4283 antequam
1377 4215 1768 4286 magistratum
1805 4218 1996 4287 iniret,
2101 4214 2414 4285 Capitolini.
2447 4211 2586 4268 Puta
2607 4209 2852 4265 Taurum
2881 4218 2935 4264 et
2957 4208 3221 4264 Libonem
3257 4208 3313 4262 in
3340 4206 3698 4281 nostraserie

405 4303 714 4359 exstinctus
745 4311 848 4360 est.
1081 4355 1085 4359 .
2101 4324 2230 4363 xxiv
2261 4306 2556 4372 collocant,
2605 4319 2772 4374 quem
2828 4303 2992 4357 ambo
3021 4301 3114 4357 isti
3148 4316 3310 4369 χχιιι,
3342 4309 3398 4356 et
3426 4300 3502 4354 ita
3535 4299 3696 4354 dein-

477 4392 536 4449 ln
563 4411 596 4450 x
620 4393 770 4450 Fasti
807 4395 977 4452 Siculi
1005 4405 1062 4452 et
1091 4395 1431 4468 Epiphanius
1457 4399 1664 4456 IEIium
1719 4402 1917 4458 Catum
1945 4413 2001 4459 et
2101 4419 2253 4473 ceps.
2296 4399 2468 4468 Cujus
2499 4414 2564 4453 ea
2618 4412 2785 4452 causa
2831 4405 2938 4457 est.
2990 4395 3136 4466 quod
3169 4394 3510 4464 Epiphanius
3566 4407 3694 4448 cum

409 4491 768 4548 Saturninum
823 4493 1246 4562 praeterierunt;
1300 4493 1396 4549 sed
1467 4505 1524 4551 et.
1579 4495 1788 4552 frustra
1849 4497 1994 4568 apud
2033 4563 2065 4568 _
2102 4493 2308 4552 extrito
2366 4505 2476 4546 uno
2522 4490 2816 4546 consulum
2849 4487 2996 4560 pari,
3047 4487 3306 4542 nimirum
3343 4485 3474 4540 anni
3528 4482 3697 4541 Urbis

407 4585 774 4657 Epiphanium
803 4585 1032 4660 Magnus
1086 4586 1382 4658 Pompeius
1414 4605 1538 4643 cum
1579 4589 1799 4646 Valerio
1833 4563 1993 4646 com-
2029 4563 2074 4619 Β
2104 4585 2228 4652 765,
2255 4583 2462 4640 Tiberii
2495 4583 2638 4638 Cass.
2689 4591 2745 4637 et
2777 4580 2992 4637 Fonteii
3051 4579 3358 4645 Capitonis,
3397 4576 3695 4634 Sextorutn

407 4679 647 4746 ponitur.
693 4677 822 4735 Fuit
856 4679 1004 4735 enim
1055 4679 1102 4735 is
1144 4679 1322 4735 Cinna
1364 4679 1619 4753 Magnus,
1671 4699 1781 4738 non
1826 4683 1994 4739 Pom-
2103 4679 2340 4734 duorum
2381 4676 2730 4732 consulatum
2765 4673 3148 4742 anticipasset,
3191 4685 3339 4726 anno
3375 4669 3542 4726 Urbis
3567 4668 3691 4737 766,

407 4771 589 4843 peius.
2107 4766 2203 4839 qui
2236 4765 2485 4837 sequenti
2509 4763 2885 4834 competehat.
2919 4762 3048 4816 huic
3076 4761 3181 4832 ipsi
3203 4760 3309 4815 767
3339 4759 3690 4829 Pompeium.

480 4861 541 4917 In
568 4878 647 4918 xu
686 4863 879 4918 vitium
907 4864 1129 4934 irrepsit
1152 4864 1352 4936 partim
1383 4880 1452 4920 ex
1483 4864 1715 4922 suﬂ'ecto
1742 4881 1860 4923 cos.
1897 4868 2004 4922 At-
2104 4870 2162 4915 et
2203 4859 2497 4930 Apuleium
2551 4857 2964 4923 accommodat,
3013 4855 3109 4925 qui
3161 4853 3324 4909 iidem
3383 4861 3514 4935 sunt
3565 4867 3693 4909 cum

409 4952 520 5008 teio
547 4952 834 5024 Capitone,
871 4955 1071 5024 partim
1101 4969 1169 5010 ex
1193 4957 1487 5012 consulatu
1526 4973 1641 5012 xix.
1678 4957 1818 5012 Cum
1851 4958 2000 5012 enim
2084 4951 2290 5007 .Sextis
2313 4951 2554 5007 duobus.
2607 4949 2685 5004 Ita
2718 4963 2840 5002 cum
2873 4945 3206 5016 Capitolinis
3258 4945 3312 4998 in
3345 4945 3576 5017 gratiam
3604 4959 3695 4999 re-

412 5059 558 5100 anno
585 5043 747 5100 Urbis
777 5045 881 5102 767
903 5061 1050 5102 coss.
1070 5045 1278 5102 fuerint
1319 5046 1574 5104 Tiberius
1620 5046 1665 5103 Il
1691 5057 1747 5104 et
1771 5049 1834 5106 C.
1857 5048 2004 5104 Fon-
2117 5045 2238 5100 diit.
2263 5045 2336 5100 At
2359 5044 2531 5100 Siculi
2564 5043 2692 5114 quia
2715 5056 2861 5097 coss.
2886 5040 3014 5094 anni
3061 5039 3164 5094 765
3191 5054 3302 5094 non
3334 5038 3615 5105 omittunt,
3638 5046 3695 5093 et

413 5137 555 5192 teius
586 5136 809 5206 Capito;
833 5153 980 5194 anno
1007 5154 1140 5195 vero
1167 5139 1270 5195 759
1292 5139 1554 5197 sullectus
1584 5140 1995 5212 fueritCapito:
2104 5153 2173 5193 ex
2196 5155 2306 5195 uno
2333 5137 2564 5208 collegio
2592 5135 2722 5190 anni
2749 5135 2854 5190 767
2878 5135 2988 5189 duo
3019 5132 3253 5199 faciunt;
3286 5144 3694 5201 supervacaneo

411 5228 510 5298 qui
565 5227 762 5287 Fastos
811 5229 1032 5288 Graecos
1077 5231 1461 5298 condiderunt,
1507 5233 1834 5302 Capitonem
1898 5249 2001 5303 pro
2108 5232 2204 5288 illo
2236 5231 2479 5300 Pompeii
2511 5238 2568 5284 et
2629 5225 2844 5297 Apuleii
2889 5224 3214 5296 interposito
3259 5222 3545 5278 consulatu
3583 5231 3694 5278 tar-

413 5320 697 5377 ordinario
730 5332 1085 5378 numerantes
1102 5339 1228 5378 cum
1260 5321 1383 5376 Tib.
1414 5321 1633 5378 Caesare
1652 5324 1994 5394 copularunt.
2106 5325 2291 5381 diores
2313 5323 2574 5379 exhibent
2605 5320 2867 5389 reliquos.

486 5415 545 5469 In
593 5430 690 5470 xtx
745 5416 1030 5471 consulatu
1082 5415 1235 5471 Fasti
1283 5415 1454 5471 Siculi
1487 5415 1767 5472 Tiberium
1825 5415 2006 5473 Caesa-
2178 5417 2240 5471 ιιι
2264 5431 2393 5470 xxnv
2439 5413 2583 5486 apud
2641 5411 2837 5482 Epiph.
2874 5417 2930 5464 et
2970 5407 3026 5462 in
3081 5406 3261 5462 Fastis
3298 5421 3398 5477 pro
3455 5405 3718 5476 Crassus,

417 5520 535 5560 rem
583 5503 629 5559 ll
682 5514 739 5562 et
812 5505 1127 5577 Scipionem
1180 5507 1585 5562 committunt:
1657 5507 2000 5578 Epiphanius
2107 5505 2340 5562 Flaccus
2378 5501 2624 5576 leg,,nisi
2656 5502 2730 5556 sit
2757 5499 3021 5555 suffectus
3043 5498 3261 5568 aliquis.

417 5596 675 5652 Flaccum
715 5605 770 5653 et
819 5597 1088 5665 Silanum,
1149 5600 1240 5668 qui
1288 5611 1410 5653 esse
1454 5598 1644 5654 debuit
1678 5598 2003 5654 consulatus
2181 5612 2290 5652 xxv
2319 5595 2602 5651 Tiberium
2645 5608 2762 5649 cos.
2813 5591 3114 5647 secundum
3148 5589 3312 5644 habet
3345 5602 3446 5658 pro
3469 5586 3561 5641 lll.

416 5703 570 5750 xxw.
605 5704 752 5747 anno
787 5687 950 5745 Urbis
977 5689 1272 5745 772.1dem
1307 5689 1650 5760 Epiphanius
1704 5688 1997 5745 Sextorum
2179 5687 2238 5743 In
2275 5703 2402 5743 xxvr
2433 5701 2531 5756 pro
2565 5683 2735 5740 Ballio
2771 5683 2999 5738 Flaccus
3044 5678 3405 5737 ascribendus
3455 5686 3541 5734 est
3579 5675 3688 5732 nisi

418 5785 656 5840 duorum
713 5781 1002 5851 collegium
1037 5790 1406 5846 antevertens,
1463 5791 1734 5842 expuncto
1791 5781 1908 5838 Silii
1949 5789 2003 5839 et
2112 5779 2376 5838 sullectus
2399 5776 2599 5846 aliquis
2626 5777 2804 5833 locum
2845 5774 2933 5832 hic
2959 5771 3231 5840 habuerit,
3270 5771 3416 5841 quod
3451 5770 3594 5828 idem
3621 5769 3700 5827 de.
