4118 6402
460 323 561 381 891

1595 325 1940 380 APPENDI'X
1968 322 2594 380 DISSERTATIONUM.

3622 316 3734 376 89?.

463 459 611 497 XXVII
654 459 752 515 per
775 456 856 502 est
883 447 1104 502 credere
1131 466 1144 501 :
1171 448 1261 502 ubi
1299 449 1502 505 Gratus
1531 466 1628 519 pro
1659 450 1814 504 Cotta
1863 450 2040 504 nomi-
2071 456 2116 510 Α
2147 447 2261 500 rius
2285 445 2350 510 V,
2375 456 2429 500 et
2459 444 2692 514 Sejanus
2724 458 2870 498 anno
2897 443 3020 509 783,
3047 442 3266 498 Juliano
3295 443 3363 497 75
3385 443 3740 508 conveniant,

461 548 644 589 natur.

533 621 589 674 Ιιι
620 625 908 680 consulatu
943 642 1131 690 xxxvi,
1165 630 1260 698 qui
1289 641 1373 684 est
1398 629 1450 682 in
1482 629 1771 700 Epiphanii
1810 633 2052 687 iniliculo

464 729 641 780 xsxn,
674 716 851 786 major
881 727 966 773 est
999 719 1172 775 labes.
1202 719 1337 775 Nam
1387 721 1555 777 Siculi
1590 721 1736 776 Fasti
1771 738 1895 777 cum
1924 723 2052 792 Epi-

462 806 668 874 phanio
710 819 832 876 post
879 815 1126 880 geminos
1154 814 1317 877 duos,
1359 814 1559 870 Rufutn
1587 827 1637 870 et
1674 815 2048 872 Rubellionem

464 898 656 967 (Siculi
687 900 1062 976 Rubellinuin)
1093 907 1384 964 collocant.
1419 910 1487 963 At
1516 908 1812 979 Capitolini
1844 909 1914 964 Μ.
1953 912 2049 965 Vi-

461 991 685 1044 nncium
733 1000 788 1046 et
837 992 1094 1049 Cassium
1159 995 1489 1066 Longinum.
1539 997 1742 1052 Rufum
1774 1015 1938 1069 porro
1996 1011 2052 1056 et

459 1077 812 1136 Rubellinum
850 1084 1110 1142 suffectos
1164 1098 1320 1158 putat
1371 1088 1615 1158 Scaliger
1673 1100 1727 1144 et
1785 1088 2050 1159 Keplerus

459 1170 514 1223 in
551 1171 786 1243 Eclogis.
853 1175 966 1247 Ego
1019 1179 1160 1234 idem
1209 1182 1294 1236 his
1347 1181 1399 1235 in
1452 1198 1596 1236 coss.
1645 1183 1791 1253 quod
1832 1199 1924 1238 an.
1958 1200 2045 1237 xvi

459 1265 812 1319 commissum
870 1267 1042 1324 fuisse
1082 1273 1351 1341 suspicor.
1405 1271 1540 1326 Nam
1577 1282 1635 1328 ut
1665 1275 1773 1329 illic
1804 1291 1870 1329 ex
1940 1293 2049 1333 uno

457 1356 688 1426 collegio
713 1355 840 1414 Sex.
878 1359 1120 1432 Pompeii
1147 1361 1370 1433 Nepotis
1421 1374 1476 1419 et
1517 1365 1643 1420 Sex.
1679 1365 1894 1435 Apuleii
1941 1367 2048 1422 Ne-

450 1452 624 1521 potis,
658 1453 769 1508 duo
801 1470 947 1511 coss.
974 1458 1125 1526 paria
1154 1457 1295 1513 facta
1330 1471 1488 1524 sunt;
1526 1461 1816 1515 Sextorum
1859 1464 2050 1518 videli-

457 1553 545 1598 cet
571 1543 806 1600 duorum
855 1556 909 1601 et
939 1546 1183 1619 Pompeii
1225 1558 1390 1620 atque
1421 1553 1634 1619 Apuleii
1668 1571 1682 1606 :
1713 1554 1786 1607 ita
1845 1552 2046 1609 Rufum

456 1643 513 1687 et
562 1632 910 1690 Rubellinum
947 1638 1182 1693 duorum
1234 1656 1355 1695 esse
1411 1642 1768 1695 Geminorum
1823 1646 2048 1699 nomina

457 1725 820 1791 crediderim;
853 1729 957 1783 nisi
983 1731 1128 1799 quod
1174 1747 1271 1800 pro
1307 1731 1499 1801 Rufus,
1532 1730 1729 1786 Fusius
1757 1735 2044 1805 legendum

457 1825 562 1870 est.
610 1816 702 1871 Sic
731 1819 875 1872 enim
915 1821 1337 1890 appellanturth
1362 1821 1642 1877 Rubellius
1665 1824 1952 1889 Geminus,
1976 1826 2040 1883 C.
2077 1821 2117 1875 Β

460 1904 660 1963 Fusius
676 1909 961 1968 Geminus.
975 1912 1246 1978 Quocirca
1261 1915 1457 1969 merito
1471 1923 1580 1969 tam
1599 1916 1720 1980 hos,
1736 1934 1901 1987 quam
1922 1920 2046 1975 illos

459 2004 1102 2069 prsetermisitOnufrius,
1125 2023 1190 2061 ac
1206 2024 1272 2061 ne
1294 2008 1645 2063 sull'ectorum
1670 2011 1894 2080 quidem
1920 2013 2044 2068 loco

459 2091 686 2162 habuit;
716 2096 860 2164 quod
889 2098 1087 2152 frustra
1114 2099 1341 2154 miratus
1357 2109 1441 2154 est
1464 2099 1726 2170 Scaliger,
1764 2101 1860 2156 lib.
1883 2119 1932 2157 rt
1971 2104 2046 2158 De

457 2188 689 2254 emend.,
719 2205 842 2258 pag.
874 2190 1000 2247 571.

529 2274 607 2330 Ex
661 2279 762 2334 hac
819 2281 1008 2336 eadetn
1042 2283 1253 2352 collegii
1303 2282 1660 2340 distractione
1709 2285 1934 2353 factum,
1987 2296 2047 2341 ut

457 2362 675 2423 Vinucii
719 2388 783 2427 ac
825 2373 1052 2443 Longini
1108 2377 1431 2432 consulatus
1485 2378 1628 2446 apud
1678 2377 2044 2447 Epiphaniam

457 2462 588 2517 sede
629 2479 727 2518 sua
769 2466 1009 2531 lnsatus,
1045 2485 1221 2523 xxxiii
1274 2471 1394 2526 loco
1427 2486 1457 2524 a
1503 2471 1826 2526 consulibus
1857 2473 2045 2544 Augu-

459 2561 548 2608 sto
572 2552 686 2608 Xlll
711 2567 765 2610 et
815 2556 1040 2614 Silvano
1083 2572 1400 2629 poneretur,
1433 2578 1558 2616 cum
1593 2578 1746 2617 xxxu
1778 2580 1900 2620 esse
1950 2567 2045 2619 de-

458 2645 654 2701 buerit.
689 2645 898 2702 Etenim
937 2664 1082 2704 anno
1131 2649 1198 2704 U.
1250 2653 1312 2706 C.
1363 2653 1488 2715 785,
1518 2651 1740 2708 Juliano
1781 2654 1870 2717 75,
1911 2672 2040 2711 con-

459 2736 606 2805 gruit
639 2735 831 2792 Vinicii
864 2741 1203 2804 consulatus,
1241 2743 1404 2813 idque
1433 2760 1497 2798 es
1532 2742 1876 2800 Varroniana
1909 2763 2044 2818 cpo—

457 2827 562 2881 cha
595 2845 608 2880 :
639 2845 764 2884 nam
793 2832 1081 2901 Capitolini
1118 2832 1262 2888 Fasti
1313 2851 1460 2891 anno
1497 2837 1602 2890 782
1635 2837 1930 2893 collocant.
1987 2838 2042 2892 In

458 2933 570 2987 quo
593 2920 819 2974 mirifice
844 2922 1733 2995 hallucinatusestScaliger,dum
1751 2926 2044 2982 Onufrium

459 3013 662 3082 arguit,
707 3015 850 3083 quod
881 3017 1228 3070 consulatum
1291 3016 1489 3071 Vinicii
1526 3018 1579 3071 in
1623 3019 1726 3072 785
1751 3021 2046 3076 contulerit

458 3119 524 3156 ex
557 3102 820 3158 Varronis
860 3107 1148 3168 sententia,
1172 3123 1298 3160 cum
1332 3106 1699 3162 Catonianum
1747 3119 1801 3162 et
1828 3110 2046 3179 Capito-

460 3195 632 3250 linum
659 3211 930 3251 annorum
954 3215 1242 3253 numerum
1277 3202 1434 3270 sequi
1464 3217 1523 3256 se
1555 3202 1892 3270 profiteatur.
1927 3204 2048 3271 Quo

459 3287 599 3341 nihil
646 3287 839 3344 falsius
892 3290 1146 3344 excidere
1201 3290 1482 3361 Scaligero
1535 3293 1733 3362 potuit.
1781 3292 2051 3351 Onufrius

459 3381 606 3433 etim
634 3380 943 3437 Comment.
977 3383 1029 3438 in
1053 3383 1086 3436 Ι.
1120 3382 1394 3454 IFast.,in
1429 3384 1536 3439 line
1568 3385 1821 3440 diatribae
1850 3386 1917 3440 de
1953 3401 2051 3439 an-

460 3487 535 3527 no
569 3470 732 3528 Urbis
797 3475 1030 3530 conditae
1074 3475 1454 3531 disertissimis
1502 3477 1685 3532 verbis
1741 3475 2044 3531 Varronem

463 3575 711 3619 secutum
758 3581 818 3620 se
845 3583 968 3620 esse
1016 3577 1264 3622 testatur.
1302 3567 1577 3632 Varronis,
1612 3568 1810 3638 inquit,
1845 3579 2052 3622 senten-

464 3658 596 3711 tiam
623 3660 678 3711 in
708 3659 789 3712 Itis
823 3657 1006 3713 Fastis
1032 3675 1114 3712 me
1138 3659 1284 3730 sequi
1329 3660 1535 3728 fateor;
1579 3677 1681 3712 non
1709 3660 1848 3730 quod
1873 3662 1920 3713 ei
1945 3677 2052 3713 ma-

463 3749 543 3818 gis
571 3766 731 3818 quant
763 3747 931 3802 Fabio
965 3749 1192 3811 Pictori,
1223 3751 1297 3803 vel
1336 3748 1524 3804 Verrio
1553 3750 1772 3813 Flacco,
1806 3762 1898 3804 aut
1932 3751 2054 3805 Dio-

463 3844 615 3910 nysio
667 3843 909 3904 credam;
958 3843 1048 3895 sed
1077 3842 1215 3912 quod
1258 3843 1372 3912 ejus
1409 3845 1722 3897 sententiam
1752 3846 1953 3913 passim
1984 3848 2048 3898 ab

463 3933 703 3986 omnibus
758 3944 1055 4003 susceptam
1109 3935 1274 4004 fuisse
1330 3936 1834 4001 animadverterint,
1894 3946 2050 4006 atque

464 4032 719 4092 tanquam
740 4029 973 4077 omnium
1002 4023 1332 4079 verissimam
1375 4028 1828 4096 certissimamque
1869 4027 2050 4080 obser-

461 4124 661 4167 vatam.
691 4113 848 4181 Quod
873 4115 942 4170 ab
975 4131 1042 4170 eo
1085 4126 1361 4170 servatum
1394 4131 1515 4171 esse
1555 4117 1849 4172 discrimen
1887 4119 2050 4174 unius

460 4205 614 4266 anni,
642 4220 754 4274 quo
782 4205 929 4261 illius
985 4204 1132 4262 Fasti
1175 4222 1206 4260 a
1255 4207 1580 4276 Capitolinis
1641 4218 1694 4262 et
1738 4209 2050 4278 Sigonianis

465 4296 746 4361 differunt,
783 4298 918 4351 satis
963 4298 1225 4352 ostendit.
1279 4296 1380 4351 llic
1442 4299 1532 4353 ille
1578 4315 1743 4368 porro
1805 4299 2051 4356 Vinicius

469 4399 574 4452 est,
599 4390 686 4444 cui
708 4391 1018 4443 historicum
1039 4405 1198 4444 suum
1224 4388 1558 4443 Breviarium
1591 4389 1824 4446 Velleius
1855 4392 2050 4446 inscri-

469 4484 578 4554 psit
603 4501 616 4536 :
646 4483 803 4552 cujus
831 4484 896 4537 ad
919 4483 1291 4548 consulatum,
1317 4484 1385 4537 ab
1420 4481 1580 4538 Urbis
1628 4484 1785 4539 initio
1827 4501 1934 4539 non
1961 4501 2050 4539 an-
2080 4507 2128 4566 υ

463 4591 568 4631 nos
593 4577 818 4645 praecise
850 4577 954 4630 785
984 4586 1260 4642 numerat,
1303 4585 1365 4630 ut
1406 4577 1596 4632 scribit
1649 4575 1913 4646 Scaliger,
1955 4578 2048 4632 sed

465 4669 590 4723 772.
619 4668 943 4740 Quanquam
991 4670 1247 4723 mendum
1298 4668 1439 4724 inest
1463 4669 1517 4723 in
1563 4671 1830 4733 numeris,
1858 4679 1911 4724 et
1947 4670 2054 4723 782

461 4762 884 4818 restituendum.
909 4759 974 4814 Et
1008 4770 1135 4815 sunt
1159 4761 1363 4830 alioqui
1390 4761 1602 4816 numeri
1626 4762 1768 4830 apud
1789 4761 2053 4815 Velleium

463 4869 657 4909 omnes
679 4853 1073 4924 propemodum
1107 4852 1309 4918 vitiosi,
1330 4863 1425 4907 aut
1451 4863 1598 4908 certe
1617 4869 1807 4922 parum
1838 4855 1929 4910 ille
1948 4854 2052 4911 sibi

464 4956 702 5010 constat,
747 4948 878 5001 dum
929 4947 1068 5000 alios
1097 4955 1260 5016 atque
1293 4947 1434 5002 alios
1482 4955 1736 5002 auctores
1781 4948 2050 5016 sequitur.

465 5042 654 5111 Itaque
696 5049 880 5095 utrum
927 5040 1324 5094 Varronianam
1370 5056 1437 5094 an
1477 5039 1860 5109 Capitolinam,
1885 5055 2052 5109 quam

463 5131 826 5185 Catonianam
850 5129 1293 5200 vocatScaliger,
1324 5131 1591 5185 rationem
1612 5131 1870 5196 tenuerit,
1901 5141 2054 5187 certo

464 5224 811 5294 pronuntiari
865 5223 1073 5291 nequit.
1133 5223 1437 5292 Scripsisse
1487 5223 1705 5294 quidem
1766 5224 1844 5277 vel
1907 5240 2053 5280 anno

467 5315 611 5384 ipso,
638 5330 750 5385 quo
785 5312 1035 5369 Vinicius
1057 5314 1252 5369 consul
1287 5311 1410 5378 fuit,
1440 5314 1525 5366 vel
1557 5313 1777 5367 ineunte
1803 5315 2052 5383 sequenti

467 5409 660 5461 saltem
692 5405 1015 5465 absolvisse,
1041 5404 1166 5458 inde
1211 5405 1399 5473 liquet,
1430 5403 1577 5472 quod
1605 5402 1846 5460 florentis
1876 5404 2056 5459 adhuc

470 5496 654 5564 Sejani
681 5498 861 5567 operis
887 5496 940 5548 in
970 5499 1074 5548 line
1099 5495 1366 5557 meminit,
1387 5495 1476 5562 qui
1497 5493 1716 5548 Tiberio
1747 5496 1784 5548 V
1807 5510 1921 5549 cos.
1951 5496 2053 5550 hoc

469 5603 555 5642 est
583 5585 748 5642 Urbis
775 5586 878 5640 784
913 5585 1232 5655 profligatns
1279 5593 1382 5638 est.
1408 5583 1614 5648 Quodsi
1644 5583 1718 5637 ita
1743 5592 1847 5647 est,
1871 5585 2052 5639 locum

472 5682 640 5735 habet
673 5679 882 5733 nullum
938 5677 1134 5733 eruditi
1179 5679 1278 5731 viri
1309 5677 1640 5744 conjectura,
1665 5677 1757 5745 qui
1801 5677 2050 5731 dubitare

475 5786 626 5827 matis
655 5780 758 5836 est,
785 5786 854 5824 an
885 5769 1197 5840 transpositi
1229 5770 1541 5825 consulatus
1567 5778 1769 5836 essent,
1807 5777 1863 5823 ut.
1891 5767 2053 5826 Tibe-

2159 539 2420 592 Vinucius
2453 549 2634 590 autem
2685 545 2738 590 et
2772 535 2998 591 Cassius
3026 536 3150 601 784,
3177 533 3398 589 Juliano
3427 533 3514 589 76.
3547 531 3735 588 Gemi-

2153 648 2349 686 norum
2395 641 2540 685 certe
2577 631 2898 685 consulatus
2920 630 3152 685 incurrit
3189 630 3242 684 in
3293 645 3499 683 annum
3528 627 3734 682 Tiberii

2156 726 2222 778 15
2241 725 2511 777 labentem
2538 733 2590 776 et
2611 723 2680 776 ab
2700 723 2948 791 Augusto
2970 738 3156 777 mense
3176 723 3303 775 anni
3334 722 3635 790 superioris
3651 723 3738 775 in-

2152 821 2432 874 choatum.
2469 820 2648 888 Cmpit
2678 819 2824 872 enim
2855 817 2972 872 Kal.
2997 817 3222 874 Januar.
3257 818 3387 872 anni
3409 817 3608 872 Juliani
3639 818 3732 872 ⁸14.

2151 914 2219 965 At
2258 911 2520 967 Vinucius
2555 923 2608 966 et
2645 911 2874 966 Cassius
2903 926 3049 964 coss.
3082 911 3330 965 incidunt
3360 911 3414 964 in
3449 908 3743 965 lulianum

2153 1004 2240 1066 75,
2265 1004 2464 1058 Tiberii
2493 1003 2554 1057 l6
2578 1003 2690 1070 jam
2728 1004 3071 1058 inchoatum.

2223 1097 2298 1152 Ac
2325 1097 2392 1152 de
2418 1096 2650 1152 Vinncio
2676 1104 2730 1150 et
2759 1096 2954 1151 Cassio
2993 1106 3265 1166 postrema
3294 1108 3562 1166 superest,
3587 1095 3743 1150 dilli—

2151 1189 2462 1260 cillimaque
2491 1190 2719 1260 quaestio
2740 1229 2754 1254 ,
2781 1188 3015 1243 iidemne
3051 1189 3127 1243 illi
3165 1189 3296 1250 sint,
3334 1204 3476 1258 quos
3509 1189 3736 1243 Tacitus

2151 1281 2343 1335 scribit
2374 1282 2468 1335 lib.
2502 1298 2551 1336 vt
2587 1282 2754 1345 Ann.,
2798 1295 3128 1351 progeneros
3171 1296 3200 1334 a
3244 1279 3462 1333 Tiberio
3503 1282 3740 1343 ascitos.

2151 1386 2202 1425 a.
2233 1371 2358 1433 786,
2386 1370 2504 1425 Ser.
2535 1372 2700 1425 Galba
2733 1381 2786 1425 et
2820 1369 2879 1425 L.
2917 1369 3066 1424 Sulla
3101 1386 3248 1424 coss.
3290 1369 3424 1423 Nam
3450 1369 3512 1423 L.
3542 1370 3740 1424 Cassio

2153 1461 2466 1528 Drusillam,
2498 1463 2568 1516 M.
2595 1463 2804 1517 Vinicio
2829 1461 3027 1516 Juliam
3049 1460 3359 1516 Germanici
3397 1461 3536 1515 filias
3565 1461 3742 1516 collo-

2151 1566 2304 1610 catas
2326 1572 2445 1611 esse
2468 1563 2674 1610 narrat.
2714 1555 2940 1619 Vinicio,
2977 1553 3174 1622 inquit,
3204 1553 3525 1622 oppidanum
3549 1569 3732 1624 genus.

2153 1647 2370 1702 Calibus
2409 1657 2579 1708 ortus,
2618 1657 2767 1716 patre
2797 1656 2951 1716 atque
2977 1662 3073 1699 avo
3109 1645 3502 1706 consularibus,
3541 1655 3742 1698 cratera

2159 1743 2386 1812 equestri
2427 1741 2639 1809 familia
2676 1749 2812 1801 erat,
2854 1739 2998 1791 mitis
3033 1739 3240 1808 ingenio
3279 1746 3330 1790 et
3390 1747 3608 1806 compta:
3649 1737 3738 1805 fa-

2149 1833 2374 1886 cundiae.
2405 1832 2623 1887 Cassius
2667 1830 2852 1899 plebeii
2889 1827 3066 1882 Romae
3094 1829 3512 1898 generis,verum
3529 1829 3739 1896 antiqui

2151 1925 2518 1993 honoratique,
2544 1936 2590 1977 et
2619 1939 2796 1977 severa
2821 1923 2989 1990 patris
3011 1920 3292 1989 disciplina
3310 1919 3584 1979 educatus.
3607 1920 3738 1987 faci-

2150 2016 2302 2070 litate
2335 2016 2530 2084 swpius
2582 2031 2739 2085 quam
2771 2013 3037 2067 industria
3075 2011 3566 2066 commendabatur.
3609 2010 3737 2066 Mox

2149 2106 2370 2162 eosdem
2401 2107 2638 2162 Juvenes
2665 2106 2916 2176 appellat.
2949 2105 3096 2159 Sane
3127 2105 3250 2158 illos
3282 2105 3429 2173 ipsos
3462 2118 3608 2168 esse,
3638 2103 3736 2174 qui

2124 2209 2294 2254 'coss.
2327 2199 2502 2253 tribus
2531 2199 2690 2252 annis
2721 2208 2845 2251 ante
2892 2197 3129 2261 fuerant,
3176 2196 3410 2251 suadent
3457 2195 3572 2264 ipsa
3617 2195 3736 2264 pri-

2149 2303 2298 2342 mum
2344 2289 2595 2353 nomina;
2631 2289 2733 2343 etsi
2769 2287 2947 2342 Cassii
2981 2301 3294 2356 pratnomen
3322 2285 3467 2356 apud
3502 2285 3735 2341 Dionem

2148 2379 2221 2433 sit
2246 2377 2427 2442 Caius,
2459 2394 2564 2433 non
2595 2377 2791 2432 Lucius
2817 2394 2836 2432 :
2867 2376 3145 2447 quomodo
3176 2377 3341 2431 etiam
3377 2392 3407 2428 a
3430 2373 3736 2444 Pomponio

2148 2471 2246 2525 lib.
2275 2470 2351 2524 De
2379 2473 2512 2540 orig.
2538 2471 2682 2540 juris
2712 2470 3048 2540 appellatur;
3081 2467 3174 2534 qui
3200 2466 3735 2535 etjurisconsultuin

2150 2565 2301 2618 illum
2339 2563 2402 2619 C.
2447 2564 2698 2618 Cassium
2736 2564 3038 2633 Longinum
3079 2576 3204 2615 cum
3242 2561 3342 2614 hoc
3373 2569 3565 2614 nostro
3601 2574 3739 2612 con-

2148 2658 2349 2720 fundit,
2388 2658 2654 2727 probante
2696 2656 3051 2726 Cuspiniano,
3089 2655 3423 2709 reclamante
3466 2668 3597 2706 vero
3637 2651 3698 2705 Li
3726 2677 3740 2690 -

2148 2753 2289 2821 psio,
2322 2752 2401 2805 Ad
2428 2752 2541 2805 hmc
2564 2749 2860 2804 Suetonius
2886 2749 2938 2802 in
2969 2747 3101 2804 Caio
3129 2746 3419 2801 Drusillam
3445 2745 3508 2799 Ι..
3536 2743 3739 2799 (Επεὶ.)

2148 2843 2394 2914 Longino
2442 2843 2698 2912 nupsisse
2747 2840 3007 2912 prodidit.
3034 2840 3183 2906 Quas
3218 2839 3289 2893 ob
3326 2852 3526 2893 causas
3570 2850 3736 2889 nemo

2148 2937 2412 2992 hactenus
2440 2936 2709 2990 dubitavit
2734 2934 2867 3003 quin
2904 2933 3065 2986 ambo
3097 2932 3171 2985 illi
3197 2928 3509 2984 Germanici
3535 2927 3723 2997 generi

2147 3039 2294 3080 coss.
2323 3025 2524 3080 fuerint
2551 3025 2679 3078 anni
2704 3023 2825 3076 785.
2859 3021 3078 3076 Primus
3119 3019 3382 3090 Keplerus
3421 3018 3475 3071 in
3510 3016 3730 3086 Eclogis

2151 3115 2472 3169 addubitare
2500 3114 2666 3183 cmpit
2697 3130 2710 3166 :
2741 3122 2794 3166 et
2818 3111 3035 3181 quidem
3070 3109 3216 3178 jure.
3247 3107 3384 3161 Nam
3421 3106 3548 3176 quis
3581 3112 3740 3175 putet

2152 3207 2644 3276 przetermissurum
2672 3207 2785 3259 lucc
2811 3203 3080 3258 Tacitum.
3105 3217 3229 3256 cum
3259 3203 3541 3268 utriusque
3565 3213 3739 3252 orna-

2152 3308 2331 3354 menta
2357 3299 2698 3354 recenseret?
2720 3297 2880 3366 Atqui
2908 3296 2975 3350 de
3011 3295 3221 3349 Vinicio
3249 3308 3418 3346 unum
3453 3293 3555 3346 hoc
3580 3302 3744 3345 retu-

2152 3389 2247 3444 lit:
2279 3399 2433 3459 patre
2462 3400 2626 3456 atque
2660 3403 2758 3440 avo
2783 3384 3177 3440 consularibus
3211 3381 3509 3435 oriundum
3540 3379 3739 3434 fuisse.

2154 3481 2229 3535 De
2252 3481 2445 3536 Cassio
2475 3494 2625 3545 vero,
2664 3474 2856 3548 plebeii
2891 3475 3062 3530 fuisse
3089 3473 3328 3544 generis.
3365 3471 3741 3538 Quamobrem

2152 3583 2360 3628 certum
2401 3572 2532 3626 mihi
2577 3582 2680 3634 est,
2723 3571 2970 3625 diversos
3013 3570 3148 3624 istos
3179 3584 3304 3624 esse
3340 3583 3369 3621 a
3411 3583 3558 3622 coss.
3604 3567 3742 3620 anni

2155 3664 2278 3727 785,
2304 3665 2555 3732 quamvis
2581 3663 2718 3716 idem
2743 3677 2940 3715 nomen
2967 3660 3276 3714 habuerint.
3315 3658 3583 3713 Suetonio
3607 3673 3748 3710 vero

2154 3756 2454 3812 similitudo
2488 3756 2770 3808 nominum
2811 3752 3142 3822 imposuisse
3173 3752 3406 3814 videtur,
3440 3757 3500 3802 ut
3527 3763 3746 3803 consu-

2151 3850 2322 3904 larem
2358 3855 2579 3902 vocaret
2611 3847 2880 3911 Cassium,
2913 3844 3056 3914 qttod
3079 3841 3373 3913 ὁμώνυμος
3407 3840 3545 3894 alter
3578 3840 3750 3908 paulo

2151 3951 2282 3995 ante
2313 3940 2660 3994 consulatum
2695 3937 2975 4007 gessisset.
3009 3934 3136 3989 [late
3173 3933 3245 3989 de
3293 3947 3439 3987 coss.
3491 3931 3560 3984 ab
3607 3928 3750 3998 Epi-

2150 4027 2354 4098 phanio
2379 4026 2662 4081 recensitis
2689 4025 3002 4093 diligentius
3025 4023 3278 4093 persequi
3300 4035 3482 4092 operae
3503 4019 3750 4090 pretium

2152 4121 2287 4185 fuit;
2322 4119 2466 4190 quod
2497 4135 2562 4174 ex
2602 4118 2818 4171 illorum
2875 4126 3135 4171 contextu
3185 4125 3310 4183 apta
3360 4127 3754 4184 suspensaque

2153 4211 2225 4266 sit
2269 4224 2537 4263 annorum
2584 4208 2786 4263 Christi
2829 4207 3033 4272 series;
3093 4205 3434 4275 proindeque
3484 4203 3753 4258 substru-

2152 4299 2331 4354 ctione
2360 4297 2462 4352 ista
2493 4313 2632 4367 opus
2663 4309 2747 4352 est
2778 4298 2862 4363 iis,
2899 4299 2995 4367 qui
3021 4313 3213 4352 verum
3245 4297 3455 4350 Christi
3487 4293 3756 4349 Natalem

2153 4387 2484 4457 investigare
2529 4389 2798 4443 student:
2844 4404 3010 4458 quam
3074 4388 3457 4443 stabiliendam
3513 4386 3751 4441 fulcien-

2153 4479 2611 4548 damque-merito
2644 4479 2747 4534 sibi
2779 4479 3232 4548 duxit‘Keplerus
3266 4479 3388 4548 ejus
3411 4478 3754 4548 disputatio-

2156 4572 2242 4626 nis
2282 4571 2460 4634 initio,
2502 4587 2666 4641 quam
2705 4571 2773 4626 de
2806 4571 3013 4627 Christi
3049 4570 3224 4626 Natali
3251 4581 3381 4626 ante
3409 4571 3620 4640 aliquot
3647 4587 3753 4625 an-

2156 4681 2256 4720 nos
2279 4666 2637 4721 elucubravit.
2682 4664 2741 4718 ln
2776 4680 2884 4734 qua
2915 4665 3152 4734 primunt
3186 4665 3432 4719 omnium
3464 4661 3753 4719 Romano-

2155 4772 2276 4811 rum
2303 4772 2445 4813 coss.
2478 4767 2790 4827 perpetuam
2817 4758 3246 4822 successionem,
3281 4772 3312 4812 e
3349 4773 3456 4828 qua
3489 4757 3755 4812 nonnulli

2155 4847 2474 4903 consulatus
2499 4849 2695 4917 quinos
2713 4848 3081 4902 detrahendos
3103 4848 3388 4918 putabant,
3408 4848 3756 4904 firmissimis

2155 4941 2491 5009 argumentis
2519 4942 2909 4995 communitam
2948 4941 3182 5008 reliquit.
3219 4940 3325 4995 Sed
3365 4949 3450 4995 est
3479 4939 3756 5009 quiddam

2159 5042 2360 5095 tamen,
2387 5033 2534 5101 quod
2567 5032 2636 5086 ab
2663 5048 2730 5087 eo
2761 5033 2944 5088 minus
2971 5032 3414 5087 animadversum
3445 5032 3537 5085 hic
3565 5031 3759 5087 obiter

2156 5123 2426 5178 ascribam
2451 5140 2465 5188 ;
2493 5133 2550 5178 ut
2577 5125 2766 5178 eadem
2790 5139 2956 5194 opera
2996 5123 3169 5178 Taciti
3200 5125 3405 5187 locum,
3434 5125 3528 5193 qui
3563 5125 3758 5178 hacte-

2156 5231 2262 5271 nus
2311 5217 2506 5272 vitiose
2537 5217 2755 5288 legitur,
2791 5217 3090 5288 integritati
3119 5218 3428 5272 restituam.
3477 5215 3547 5270 Ut
3579 5216 3761 5286 igitur

2158 5306 2419 5376 Keplcrus
2445 5309 2701 5374 allirmet,
2733 5309 2873 5364 inter
2902 5307 3183 5362 Tiberium
3207 5321 3259 5364 et
3286 5309 3561 5363 Neronem
3594 5309 3761 5364 nulla

2155 5417 2304 5456 coss.
2329 5418 2452 5457 esse
2472 5402 2844 5457 subtralienda
2875 5403 3051 5472 paria,
3081 5401 3275 5455 Taciti'
3294 5402 3437 5454 inter
3462 5401 3569 5454 alia
3599 5403 3763 5454 testi-

2155 5494 2400 5547 monium
2428 5493 2603 5547 all‘ert.
2633 5493 2733 5560 Qui
2766 5494 2819 5547 in
2863 5493 3129 5564 Agricolre
3145 5493 3318 5547 soceri
3373 5491 3492 5546 Vita
3532 5491 3762 5556 scribit,

2155 5584 2458 5639 decessisse
2505 5585 2654 5637 illutn
2703 5584 2924 5654 Collega
2952 5594 3006 5638 et
3035 5583 3224 5636 Prisco
3255 5597 3581 5638 coss..anno
3611 5591 3762 5634 teta-

2158 5678 2226 5731 tis
2251 5678 2342 5741 56,
2374 5686 2556 5730 natum
2615 5692 2744 5730 vero
2773 5675 2994 5731 Caiolll
3039 5691 3184 5730 coss.
3222 5674 3298 5728 Ex
3341 5689 3451 5744 quo
3494 5674 3566 5726 ita
3589 5672 3762 5725 colli-

2161 5771 2238 5840 git
2287 5787 2299 5824 :
2343 5768 2585 5826 Tertium
2627 5768 2744 5824 Caii
2789 5771 3136 5826 consulatum
3189 5782 3334 5822 anno
3396 5763 3764 5831 Dionysiana
