4118 6402
385 354 491 409 893

1560 353 1645 407 DE
1680 351 1866 407 ANNO
1902 350 2158 406 NATALI
2197 350 2499 406 CHRISTI.

3557 346 3665 404 894

385 492 508 532 terte
533 473 602 531 40
638 476 987 531 tribuendum
1029 475 1222 541 videri,
1270 491 1402 539 non,
1437 486 1492 528 ut
1527 476 1749 545 quidam
1779 475 1974 544 opiua-
2005 484 2047 534 Α
2080 489 2260 528 annus
2291 489 2320 527 a
2356 481 2484 526 nato
2531 470 2762 524 Domino
2792 470 2917 530 564.
2950 485 3060 540 quo
3100 468 3517 525 Valentinianus
3556 470 3662 524 im-

392 570 572 633 batur,
595 569 686 624 42.
748 569 945 622 Verum
972 585 1096 623 cum
1121 569 1239 623 Caii
1265 570 1588 624 consulatus
1620 586 1678 624 ιιι
1733 585 1968 623 concur-

383 669 472 714 rat
503 676 628 715 cum
672 677 723 715 a.
757 658 819 714 U.
853 659 915 715 C.
954 660 1090 725 793;
1132 659 1364 729 Collega:
1415 671 1596 715 autem
1641 676 1706 715 ac
1768 660 1963 721 Prisci,

386 768 510 808 cum
540 768 686 806 anno
709 752 851 819 846;
884 753 976 821 qui
1003 768 1149 807 anno
1182 753 1286 808 795
1307 753 1380 808 sit
1409 762 1593 819 natus,
1618 754 1664 808 is
1695 768 1837 807 anno
1863 751 1968 805 846

383 860 495 898 non
527 846 647 914 plus
678 860 844 914 quam
885 861 974 899 Liv
1006 859 1180 900 annos
1210 853 1373 899 natus
1401 860 1522 900 esse
1559 845 1753 915 potuit.
1787 844 1968 910 Quare

384 937 530 1006 apud
566 936 815 992 Tacitum
864 938 1039 992 miror
1077 937 1532 993 animadvertisse
1565 938 1838 992 neminem
1867 953 1967 1008 pro

383 1026 454 1081 56
506 1027 790 1098 legendum
829 1042 952 1082 esse
993 1027 1081 1083 54.
1126 1027 1468 1082 Facillimum
1505 1038 1686 1082 autem
1743 1028 1846 1083 fuit
1901 1045 1968 1083 ex

382 1128 639 1172 notarum
679 1118 994 1174 inversione
1020 1119 1211 1174 vitium
1245 1135 1274 1173 a
1306 1120 1546 1175 librariis
1565 1121 1798 1175 admitti.

387 1274 589 1341 Quibus
620 1293 754 1332 coss.
781 1277 935 1346 vulgo
964 1277 1162 1331 Christi
1193 1277 1408 1332 Natalis
1443 1279 1774 1347 assignetur:
1808 1277 1896 1330 ubi
1917 1286 1966 1331 et

562 1347 628 1400 de
651 1349 837 1402 Diserti
865 1351 1189 1403 correctione
1221 1359 1466 1403 accurate
1487 1350 1786 1403 disseritur.

457 1457 738 1513 Christum
777 1459 1024 1530 Augusto
1052 1458 1168 1514 XIII
1203 1470 1257 1516 et
1316 1461 1538 1517 Silvano
1586 1478 1731 1518 coss.
1776 1471 1964 1517 natum

379 1563 506 1607 esse
531 1561 845 1607 constanter
870 1552 1104 1607 aliirmat
1132 1555 1490 1624 Epiphanius.
1524 1553 1629 1610 Sed
1657 1572 1784 1610 cum
1821 1556 1965 1610 idem

381 1657 437 1698 Vt
466 1641 544 1698 Id.
558 1641 684 1698 Jan.
719 1642 964 1700 Natalem
984 1646 1127 1700 diem
1143 1661 1265 1700 csse
1283 1646 1524 1712 deﬁniat,
1539 1646 1661 1716 jure
1677 1647 1965 1702 Annalium

379 1737 678 1792 ecclesiast.
711 1738 948 1807 scriptor
986 1737 1052 1792 ad
1081 1739 1296 1793 illorum
1325 1755 1538 1809 gregem
1557 1739 1961 1810 adjungendum

381 1843 506 1884 esse
537 1830 723 1899 potius
752 1827 1120 1898 Epiphanium
1151 1839 1324 1898 putat,
1355 1830 1450 1899 qui
1489 1845 1634 1884 anno
1672 1830 1962 1900 superiori,
1998 1829 2039 1885 Β

384 1920 494 1975 hoc
520 1931 604 1976 est
638 1920 866 1976 Lentulo
895 1930 949 1976 et
969 1920 1264 1976 Messalino
1290 1928 1654 1985 coss.,natum
1679 1920 1963 1976 Christum

379 2013 720 2074 existimant,
763 2028 927 2082 quam
961 2017 1176 2076 eorum,
1205 2013 1299 2082 qui
1339 2013 1408 2068 iis
1454 2013 1616 2083 ipsis,
1653 2029 1794 2083 quos
1837 2012 1966 2083 Epi-

380 2105 618 2176 phanius
663 2105 928 2168 nominat,
961 2120 1104 2160 coss.
1141 2103 1384 2159 Natalem
1431 2105 1780 2176 consignant.
1829 2104 1966 2160 Pro-

380 2207 564 2268 pterea
597 2197 826 2267 quod,si
859 2212 1206 2252 communem
1238 2198 1306 2252 de
1335 2213 1523 2252 mense
1555 2196 1762 2252 Natalis
1788 2213 1853 2252 ac
1878 2197 1966 2251 die

381 2290 708 2346 sententiam
728 2299 873 2346 esset
903 2290 1212 2359 amplexus,
1247 2289 1472 2344 omnino
1505 2291 1816 2360 superiores
1839 2289 1964 2345 illos

380 2399 525 2439 coss.
554 2383 901 2454 przetulisset.
935 2383 1089 2439 Unde
1111 2383 1447 2445 Cassiodori,
1483 2400 1645 2454 quem
1693 2383 1964 2439 Baronius

379 2477 650 2545 sequitur,
681 2491 790 2529 non
815 2473 1032 2530 Onufrii
1055 2476 1275 2530 decreto
1294 2475 1648 2544 opiniouique
1673 2475 1961 2544 sutl‘ragari

379 2567 656 2638 putandus
690 2577 794 2624 est.
823 2567 980 2634 Quod
1012 2568 1180 2640 igitur
1209 2567 1459 2622 Christus
1489 2566 1723 2622 Lentulo
1747 2577 1802 2621 et
1831 2566 1967 2621 Mes-

380 2663 556 2719 salino
583 2671 899 2719 coss.ortus
929 2663 1020 2727 sit,
1050 2678 1192 2717 anno
1217 2661 1435 2716 Juliano
1468 2661 1559 2728 43,
1594 2661 1836 2716 studiose
1866 2662 1962 2716 de-

377 2762 731 2809 monstratur
771 2753 827 2806 in
873 2752 1195 2818 Annalibus,
1242 2752 1407 2822 idque
1442 2752 1585 2806 velut
1625 2750 1963 2805 fundamenti

377 2844 504 2901 loco
530 2847 775 2912 ponitur,
801 2861 911 2915 quo
939 2852 1188 2911 nutante,
1224 2853 1281 2899 ut
1311 2844 1468 2898 aiunt
1508 2844 1634 2913 ipsi,
1665 2842 1962 2897 Annalium

380 2947 695 2994 contextum
750 2953 968 2992 omnem
1015 2917 1180 2992 ruere
1231 2937 1537 3006 collabique
1591 2936 1664 2990 sit
1716 2951 1963 2990 necesse.

380 3031 618 3086 Proinde
647 3030 860 3100 primus
901 3046 932 3084 a
975 3027 1154 3083 Natali
1203 3027 1428 3091 Christi,
1474 3029 1586 3083 sive
1618 3027 1965 3099 Dionysimne

2072 567 2284 636 perium
2321 566 2550 627 adeptus
2569 573 2674 628 est,
2709 564 3018 618 bisextilem
3047 563 3237 618 habuit
3261 563 3429 617 diem.
3461 577 3658 630 quiem-

2070 658 2364 712 adtnodum
2418 656 2524 710 576
2571 658 2764 711 scribit
2821 656 3166 710 Ammianus.
3211 654 3352 722 Ergo
3396 653 3500 708 565
3535 663 3661 705 ante

2071 751 2219 804 illum
2258 765 2511 820 peraeque
2543 750 2812 806 bisextilis
2845 759 2950 805 est.
2979 748 3142 818 Atqui
3168 748 3256 801 ille
3287 755 3369 801 est
3405 747 3538 816 ipse.
3559 745 3656 814 qui

2070 840 2359 896 Lentulum
2388 851 2444 896 et
2467 841 2845 897 Marcellinum
2881 855 3026 895 coss.
3061 839 3299 910 prtelert,
3331 837 3532 906 quibus
3559 835 3659 890 Dc-

2069 933 2275 988 cembri
2301 948 2487 987 mense
2512 943 2673 988 natus
2699 941 2785 988 est
2807 933 3083 986 Christus.
3111 929 3276 985 Recte
3301 928 3465 1000 igitur
3488 930 3576 983 hic
3600 929 3658 982 in

2069 1024 2370 1078 Annalibus
2399 1026 2729 1081 constitutus
2761 1025 2996 1079 videtur.

2142 1117 2322 1187 Pergit
2352 1118 2406 1171 in
2445 1118 2635 1172 eodem
2686 1129 3008 1189 argumento
3054 1115 3276 1169 uberius
3309 1110 3654 1182 explicando,

2069 1217 2124 1262 ct
2152 1209 2219 1263 de
2247 1208 2460 1264 Juliana
2489 1210 2753 1264 bisextilis
2783 1208 2912 1264 anui
2945 1206 3303 1276 dispositione
3360 1215 3524 1275 atque
3547 1204 3657 1256 Au—

2069 1303 2208 1371 gusti
2241 1304 2577 1357 correctione
2620 1303 2875 1366 disserit;
2920 1313 2981 1358 ut
3026 1310 3304 1372 appareat,
3344 1314 3548 1353 annum
3588 1299 3655 1352 iI-

2068 1398 2202 1460 lum,
2222 1396 2315 1466 qui
2338 1406 2422 1451 est
2439 1395 2690 1453 Julianus
2713 1397 2803 1460 45,
2828 1397 3102 1451 bisextum
3137 1394 3417 1450 habuisse.
3439 1391 3655 1446 Etenim

2065 1487 2244 1544 Julius
2285 1491 2468 1544 Caesar
2499 1505 2644 1545 anno
2671 1491 2740 1544 ab
2772 1488 2840 1544 U.
2883 1489 2948 1544 C.
2993 1488 3338 1544 Varroniano
3381 1486 3505 1546 708,
3543 1501 3657 1556 quo

2069 1582 2188 1652 ipse
2219 1583 2434 1637 tertium
2467 1597 2590 1637 cum
2628 1581 2832 1651 Lepido
2865 1597 3010 1637 coss.
3042 1580 3164 1646 fuit,
3207 1594 3410 1632 annum
3448 1577 3654 1632 Roma-

2066 1689 2198 1729 num
2245 1675 2536 1729 emendare
2564 1673 2645 1728 sic
2675 1681 2757 1728 est
2797 1687 3106 1742 aggressus,
3140 1679 3197 1723 ut
3237 1670 3497 1739 deinceps
3521 1685 3657 1739 quo.

2066 1781 2173 1836 que
2217 1779 2359 1819 anno
2387 1780 2442 1819 tv
2490 1764 2724 1819 solidum
2761 1764 2906 1818 diem
2942 1761 3370 1817 intercalandum
3397 1760 3653 1813 decreve-

2069 1856 2157 1909 rit.
2183 1856 2261 1910 Ac
2299 1855 2345 1910 si
2383 1869 2528 1908 anno
2559 1854 2652 1907 illo
2690 1853 3117 1918 emendationis,
3150 1868 3312 1922 quem
3344 1849 3655 1904 Macrobius

2065 1946 2422 2002 Conlusionis
2464 1946 2718 2017 appellat,
2766 1945 2902 1999 nihil
2941 1954 3137 2014 praeter
3176 1961 3391 2000 menses
3432 1959 3496 2001 ac
3535 1944 3655 1998 dies

2065 2039 2462 2104 intercalasset,
2483 2041 2553 2094 ab
2572 2055 2638 2094 eo
2665 2040 2788 2108 ipso
2807 2037 3139 2094 bisextilium
3159 2053 3422 2092 annorum
3445 2037 3655 2090 ducen-

2065 2131 2193 2186 dum
2234 2131 2424 2186 luisset
2453 2131 2762 2197 exordium,
2803 2131 2881 2185 ita
2913 2139 2972 2182 ut
3004 2129 3214 2198 primus
3260 2142 3315 2183 tv
3335 2138 3454 2197 post
3486 2143 3652 2192 anno,

2066 2221 2268 2292 Lepido
2301 2223 2343 2276 ll
2375 2230 2430 2277 et
2464 2221 2668 2277 Planco
2701 2236 2850 2277 coss.
2897 2228 3261 2292 congrueret:
3295 2236 3403 2290 qua
3446 2220 3654 2275 ratione

2065 2330 2161 2386 per
2183 2315 2543 2385 quadriennia
2584 2314 2990 2381 descendendo,
3034 2314 3300 2370 bisextilis
3332 2314 3654 2369 undecimus

2065 2423 2178 2461 non
2209 2407 2265 2461 in
2327 2407 2397 2462 45
2425 2423 2453 2461 a
2486 2407 2828 2462 correctione
2895 2421 3123 2471 annum,
3185 2405 3279 2462 sed
3317 2406 3371 2460 in
3401 2406 3492 2469 It,
3549 2407 3656 2462 hoc

2064 2508 2169 2562 est,
2212 2514 2321 2553 non
2353 2498 2405 2552 in
2438 2497 2729 2554 Lentulum
2772 2509 2823 2553 et
2867 2497 3250 2563 Messalinum,
3300 2480 3394 2552 sed
3453 2499 3507 2552 in
3540 2500 3655 2550 Au-

2065 2600 2287 2662 gustum
2328 2589 2446 2644 XIII
2481 2600 2535 2646 et
2573 2590 2845 2646 Plaut‘um
2889 2606 3036 2646 coss.
3093 2593 3410 2654 incurreret,
3453 2590 3654 2660 quibus

2064 2684 2269 2739 Christi
2305 2685 2537 2738 natalem
2567 2684 2884 2754 assignabat
2916 2682 3200 2738 Onufrius.
3233 2683 3304 2737 At
3327 2684 3378 2738 id
3412 2699 3571 2738 secus
3597 2699 3657 2739 se

2064 2771 2278 2825 habuit.
2312 2770 2448 2825 Nam
2481 2783 2679 2842 praeter
2714 2772 3014 2826 solidorum
3045 2773 3256 2827 dierum
3291 2773 3658 2828 intercalatio-

2064 2879 2212 2926 nem,
2236 2863 2517 2933 quadrans
2556 2863 2784 2932 insuper
2809 2863 2940 2926 diei,
2977 2863 3120 2932 quod
3159 2862 3382 2919 Solinus
3410 2866 3589 2927 docet,
3623 2880 3655 2920 a

2063 2954 2281 3010 Ctesare
2314 2963 2399 3010 est
2428 2955 2694 3032 adjectus.
2721 2954 2894 3021 Quem
2922 2966 2978 3010 ut
3005 2956 3374 3020 intercalaret,
3405 2958 3532 3027 quia
3561 2973 3589 3014 s
3613 2978 3657 3007 ι-

2064 3049 2150 3102 Ius
2179 3048 2305 3102 addi
2345 3064 2453 3102 non
2496 3058 2727 3117 poterat,
2773 3063 2998 3103 necesse
3025 3048 3147 3116 fuit,
3189 3058 3248 3104 ut
3278 3051 3332 3103 in
3381 3065 3656 3104 atinututv

380 3137 589 3232 εξξξθξδ
614 3122 854 3232 vulgatis
887 3136 1067 3232 anius
1092 3119 1572 3232 ἢΚτξίχδδῗξκξῗίίδ
1602 3121 1730 3232 ³¹¹2ί
1762 3119 1960 3225 mmini
1990 3170 2038 3232 Β
2070 3141 2402 3208 differretur;
2443 3142 2616 3197 donec
2644 3141 2890 3197 videlicet
2912 3158 2980 3196 ex
3002 3145 3304 3212 quadrante
3335 3143 3426 3198 illo
3473 3153 3528 3197 et
3553 3147 3654 3196 tri-

379 3214 451 3270 44
475 3214 668 3270 iisdem
697 3215 753 3268 in
782 3214 1090 3268 Annalibus
1122 3212 1312 3282 incipit
1338 3211 1539 3268 :Urbis
1571 3229 1638 3268 cx
1670 3212 1964 3267 Varronia-

379 3324 452 3364 na
486 3309 696 3363 ratione
720 3308 848 3372 752,
871 3307 1032 3377 cujus
1062 3305 1258 3360 Palilia
1282 3307 1456 3375 Aprili
1489 3321 1677 3361 mense
1712 3307 1963 3376 proxime

380 3408 566 3456 secuta
601 3407 730 3454 sunt
765 3416 779 3453 :
812 3398 948 3453 adeo
978 3407 1040 3452 ut
1068 3397 1121 3450 in
1153 3411 1356 3452 annum
1391 3396 1558 3454 Urbis
1589 3398 1686 3452 751
1721 3399 1962 3470 vulgaris

377 3505 501 3544 aera:
551 3489 910 3560 primordium
967 3469 1246 3556 incurrat;
1311 3487 1648 3560 Olympiadis
1705 3469 1964 3544 I94au-

378 3599 511 3638 num
547 3583 604 3636 2.
652 3584 751 3638 Est
787 3597 852 3636 ea
883 3583 1103 3652 quidem
1136 3583 1451 3638 Cassiodori
1499 3582 1792 3647 sententia,
1825 3582 1962 3636 alio-

377 3691 610 3744 rumque
652 3684 762 3730 tam
793 3683 1064 3738 veterum,
1087 3691 1252 3744 quam
1279 3675 1642 3730 recentiorum
1667 3691 1681 3741 ;
1709 3683 1783 3739 et,
1815 3673 1963 3743 quod

378 3769 446 3823 ad
492 3767 736 3822 Natalem
779 3767 958 3837 ipsum
1008 3768 1222 3835 attinet,
1270 3783 1404 3822 sane
1441 3766 1759 3836 probabilis.
1802 3765 1963 3832 Quod

378 3873 559 3915 autem
588 3861 675 3914 ille
704 3860 844 3916 idem
873 3876 1052 3916 annus
1086 3876 1208 3914 cum
1241 3875 1349 3914 tera
1372 3857 1706 3930 Dionysiana
1727 3857 1962 3927 conjun-

377 3951 522 4021 gitur
547 3989 561 4013 ,
601 3949 702 4003 hoc
735 3958 839 4015 est,
867 3951 1012 4020 quod
1052 3950 1266 4020 primus
1295 3965 1418 4003 terte
1447 3946 1964 4003 CliristianteJuIia-

378 4057 484 4095 nus
511 4055 632 4095 esse
657 4040 728 4095 44
747 4043 1034 4108 asseritur,
1062 4042 1278 4113 Olymp.
1313 4039 1416 4095 194
1435 4040 1730 4106 secundus,
1757 4039 1812 4094 id
1834 4055 1962 4094 vero

378 4147 722 4202 nequaquam
757 4133 1019 4202 procedit.
1052 4133 1282 4189 Biennio
1311 4133 1455 4188 enim
1480 4133 1725 4197 aberrat,
1751 4137 1812 4186 ut
1835 4131 1961 4200 qui-

381 4221 506 4277 dem
542 4223 789 4294 plerique
828 4224 1092 4279 hactenus
1127 4226 1660 4290 animadverterunt;
1689 4233 1749 4279 ut
1777 4235 1961 4278 autem

383 4314 662 4377 existimo,
710 4315 875 4369 etiam
914 4316 1151 4369 triennio
1208 4330 1238 4369 a
1288 4315 1532 4386 Dionysii
1570 4323 1753 4369 mente
1795 4325 1962 4383 atque

375 4423 486 4464 mra
521 4408 720 4472 distat,
761 4408 840 4462 uti
870 4407 1035 4477 paqu
1072 4418 1194 4478 post
1226 4407 1708 4463 demonstrabitur.
1738 4403 1850 4461 Nos
1877 4406 1963 4460 in-

379 4501 535 4554 terim
567 4516 690 4570 quae
728 4499 782 4553 in
817 4500 1094 4570 Apparatu
1132 4499 1200 4554 ad
1252 4499 1497 4555 Annales
1541 4499 1610 4554 de
1662 4498 1768 4554 hoc
1811 4513 1956 4552 anno

375 4590 648 4646 subtiliter
671 4599 724 4645 et
753 4591 1026 4660 exquisite
1054 4590 1407 4662 disputantur
1436 4590 1793 4661 expendenda
1819 4605 1954 4645 cen-

374 4696 609 4738 sutmus.

446 4799 581 4851 Cum
616 4797 783 4868 igitur
805 4813 834 4852 a
863 4797 1144 4853 nonnullis
1168 4797 1466 4868 improbari
1493 4813 1650 4852 suam
1687 4795 1756 4851 de
1777 4794 1959 4850 Natali

372 4887 578 4942 Christi
610 4890 934 4944 sententiam
974 4891 1204 4957 videret,
1254 4892 1324 4944 oh
1378 4891 1431 4944 id
1483 4905 1652 4944 unum
1693 4890 1956 4952 maxime,

373 4980 519 5049 quod
562 4980 615 5032 in
644 4978 921 5035 Julianum
953 4983 1042 5045 45.
1075 4983 1166 5053 qui
1193 4998 1336 5038 coss.
1371 4983 1535 5037 habet
1564 4981 1856 5036 Lentulum
1905 4991 1961 5034 et

373 5069 770 5134 Marcellinum,
804 5071 1224 5141 bisextilisdies
1248 5073 1472 5129 minime
1494 5074 1735 5138 caderet,
1765 5081 1958 5127 contra

373 5163 461 5215 ille
490 5162 568 5216 sic
598 5164 934 5232 praescribit:
963 5165 1198 5220 Tantum
1231 5167 1443 5230 abesse,
1483 5176 1542 5220 ut
1569 5168 1621 5220 in
1653 5181 1858 5220 annum
1893 5165 1960 5218 il-

371 5254 484 5308 Ium
515 5255 783 5312 bisextilis
807 5257 922 5313 dies
955 5273 1060 5312 non
1088 5259 1314 5325 incidat,
1350 5268 1410 5312 ut
1446 5259 1500 5313 in
1525 5258 1692 5312 alium
1719 5258 1955 5322 nullum,

372 5348 478 5402 nisi
506 5349 574 5402 ab
600 5349 788 5404 eodem
813 5358 1094 5419 quartum,
1121 5351 1237 5405 sive
1269 5361 1416 5414 ante,
1451 5351 1566 5404 sive
1595 5359 1719 5420 post
1751 5351 1953 5420 ipsum,

370 5441 665 5493 convenire
695 5442 891 5510 possit.
924 5441 1138 5496 Etenim
1177 5459 1276 5512 pro
1305 5441 1584 5506 confesso,
1619 5443 1957 5511 minimeque

370 5531 538 5585 dubio
575 5531 627 5585 id
670 5533 724 5586 iu
773 5533 875 5587 hac
920 5543 1033 5589 tota
1075 5535 1450 5604 disputatione
1499 5536 1713 5589 sumit:
1747 5551 1953 5589 annum

372 5624 546 5691 illum,
577 5641 688 5695 quo
728 5638 888 5682 natus
935 5637 1020 5684 est
1061 5629 1336 5692 Christus,
1386 5630 1695 5684 bisextilem
1737 5630 1952 5686 fuisse:

372 5729 654 5786 propterea
685 5721 827 5790 quod
855 5722 948 5790 qui
979 5722 1236 5792 deinceps
1263 5724 1332 5776 ab
1378 5739 1444 5777 eo
1482 5723 1767 5792 propagali
1803 5734 1952 5782 sun'.

371 5823 466 5880 per
504 5819 800 5881 quaternos
829 5813 989 5871 divisi
1027 5814 1305 5870 bisextilcs
1340 5821 1655 5872 occurrunt.
1689 5811 1954 5870 laxavero

2068 3237 2170 3291 bus
2197 3237 2323 3290 aliis
2356 3235 2582 3290 totidem
2609 3237 3065 3305 consequentium
3096 3251 3389 3300 annorum,
3417 3237 3530 3291 dies
3555 3253 3654 3292 ex-

2066 3341 2335 3400 surgeret.
2379 3329 2568 3399 Itaque
2616 3330 2854 3399 primum
2911 3329 3185 3384 bisextum
3233 3347 3340 3384 non
3389 3331 3582 3400 quinto
3619 3347 3652 3387 a

2064 3421 2401 3476 correctione
2451 3435 2617 3484 anno,
2672 3428 2732 3473 ut
2790 3420 2988 3489 alioqui
3034 3419 3275 3474 futurum
3329 3421 3652 3490 dicebatur,

2067 3513 2158 3567 sed
2174 3513 2340 3582 tv.qui
2365 3511 2704 3566 antecedenti
2724 3511 3082 3567 correctionis
3101 3527 3245 3567 anno
3265 3513 3648 3582 respondebat,

2065 3620 2160 3659 seu
2186 3615 2308 3674 post
2335 3605 2478 3659 tertii
2505 3605 2635 3659 anni
2663 3605 2973 3673 circuitum,
3005 3606 3180 3660 Pansa
3201 3616 3256 3660 et
3276 3604 3452 3661 Hirtio
3473 3623 3646 3672 coss.,

2065 3699 2340 3753 observari
2372 3697 2538 3767 jussit
2567 3715 2581 3752 :
2615 3697 2823 3767 reliqua
2843 3699 3099 3766 deinceps
3129 3707 3254 3769 post
3269 3715 3542 3769 quemque
3558 3716 3652 3753 au-

2066 3807 2194 3844 Imm
2219 3804 2275 3844 tv
2293 3790 2360 3844 ab
2394 3791 2499 3843 hoc
2529 3791 2726 3859 primo.
2757 3789 3082 3859 Quanquam
3116 3792 3447 3853 sacerdotes,
3485 3807 3652 3861 penes

2064 3893 2205 3948 quos
2233 3878 2591 3932 intercalandi
2623 3894 2756 3932 cura
2785 3887 2924 3945 erat,
2965 3894 3032 3935 eo
3060 3878 3317 3946 fortasse,
3359 3883 3506 3951 quod
3536 3883 3650 3950 pri-

2065 3985 2214 4024 mum
2257 3970 2530 4024 bisextum
2579 3980 2704 4040 post
2773 3986 2977 4025 annum
3019 3973 3341 4028 tqucatum
3383 3974 3648 4040 viderent,

2063 4077 2252 4118 errore
2293 4063 2464 4129 ducti,
2509 4065 2792 4133 sequentia
2825 4063 3024 4120 similia
3057 4073 3176 4134 post
3206 4068 3420 4120 tertium
3453 4083 3650 4136 quem-

2063 4171 2169 4225 quo
2209 4165 2563 4225 usurparunt,
2597 4171 2913 4223 annumque
2941 4155 3247 4211 Romanum
3280 4173 3440 4211 ιηνι
3471 4175 3651 4214 anuo-

2063 4263 2186 4302 rum
2215 4249 2391 4317 spatio
2419 4249 2491 4301 ita
2521 4250 2910 4316 depravarunt,
2941 4258 3000 4302 ut
3021 4265 3117 4318 pro
3141 4266 3193 4303 Ix
3227 4251 3422 4305 diebus
3445 4252 3642 4307 duode-

2064 4340 2613 4410 nosinterpouercnt.
2653 4341 2810 4408 Quod
2840 4343 3118 4412 Augustus
3157 4355 3217 4398 ut
3239 4345 3560 4414 corrigeret.
3594 4354 3649 4401 et

2067 4441 2176 4488 tres
2201 4448 2297 4487 eos
2325 4433 2444 4488 dies
2465 4434 2774 4504 superﬂuos
2803 4445 3098 4503 resecaret,
3123 4452 3195 4490 xu
3223 4445 3512 4506 sequentes
3530 4438 3648 4492 sine

1987 4513 2034 4569 ι)
2063 4525 2300 4580 bisextili
2347 4525 2761 4580 intercalatione
2791 4525 3016 4595 transigi
3041 4528 3222 4596 jussit,
3257 4530 3316 4583 C.
3342 4528 3648 4584 Censorino

2063 4625 2119 4670 et
2142 4617 2330 4672 Asinio
2353 4617 2506 4672 Gallo
2530 4631 2674 4672 coss.
2700 4616 2825 4673 Ilaec
2848 4619 2901 4672 in
2923 4619 3240 4674 Annalibus.
3274 4620 3408 4688 Qua:
3439 4631 3498 4675 ut
3517 4639 3634 4677 ocu-

2063 4707 2132 4762 lis
2172 4708 2305 4778 ipsis
2347 4708 2591 4778 subjecta
2648 4709 2808 4778 plane
2861 4710 3252 4780 percipiantur,
3322 4712 3646 4768 Iaterculum

2063 4799 2274 4869 aliquot
2321 4801 2703 4855 consulatuum
2754 4803 3012 4864 attexuit;
3066 4803 3221 4856 initio
3270 4803 3434 4858 ducto
3474 4805 3544 4857 ab
3580 4818 3646 4858 eo

2061 4908 2229 4958 anno,
2266 4908 2377 4962 quo
2403 4891 2619 4948 Juliana
2659 4898 2825 4964 carpit
2857 4896 3044 4949 editio.
3075 4894 3232 4962 Quod
3270 4911 3394 4951 cum
3442 4898 3507 4950 ad
3553 4912 3645 4952 eo-

2063 5001 2205 5052 rum,
2237 5003 2360 5056 quae
2381 4987 2638 5060 deinceps
2669 4993 3014 5061 proponenda
3044 5002 3193 5055 sunt,
3232 4993 3645 5063 intelligentiam

2061 5093 2168 5131 non
2200 5080 2529 5135 mediocrem
2568 5083 2854 5138 utilitatem
2900 5085 3074 5153 possit
3114 5083 3324 5148 aﬂ'erre,
3363 5101 3460 5138 nos
3490 5101 3645 5138 eum-

2060 5171 2182 5225 dem
2211 5171 2362 5226 illum
2399 5175 2698 5229 indiculum
2732 5177 3129 5241 exscribemus,
3164 5178 3254 5231 ubi
3284 5193 3406 5247 qua:
3436 5178 3489 5231 in
3529 5193 3646 5233 rem

2061 5262 2288 5331 faciunt,
2321 5282 2490 5334 pauca
2518 5269 3028 5336 praemonuerimus.
3053 5268 3348 5324 Sciendum
3373 5271 3518 5324 enim
3537 5279 3641 5335 est,

2060 5370 2168 5410 non
2198 5357 2372 5410 solum
2403 5357 2595 5412 bisexti
2629 5373 2657 5412 a
2686 5357 3077 5415 Julio'Czcsare
3095 5361 3328 5414 ordinati
3354 5361 3644 5424 rationein,

2060 5463 2124 5504 ac
2155 5447 2412 5511 formam,
2440 5453 2533 5506 sed
2563 5452 2807 5521 ejusdem
2831 5469 3052 5523 quoque
3074 5453 3516 5523 dcpravatioaem
3537 5470 3552 5514 ;
3577 5467 3645 5507 ac

2058 5550 2337 5611 postremo
2382 5545 2759 5613 Augustauam
2809 5545 2954 5599 illam
3006 5548 3427 5609 correctionem,
3461 5553 3514 5598 et
3554 5546 3640 5599 in-

2058 5633 2455 5688 staurationem
2487 5635 2634 5688 varie
2661 5635 2957 5689 admodum
2987 5637 3268 5707 explicari.
3305 5636 3443 5690 Sunt
3467 5635 3636 5698 enim,

2059 5724 2257 5792 quibus
2301 5725 2477 5794 placet
2520 5724 2724 5781 Julium
2771 5727 3040 5783 (ἥρωι-ειη
3095 5745 3240 5784 anno
3286 5727 3641 5783 Cuniusionis

2062 5817 2195 5873 nihil
2232 5829 2428 5890 praeter
2471 5820 2674 5877 solidos
2720 5837 2936 5880 menses
2983 5839 3049 5880 ac
3095 5823 3210 5881 dies
3256 5820 3638 5890 intercalasse;
