4118 6402
503 313 611 367 895

1657 311 2006 368 APPENDIX
2056 308 2684 367 DISSERTATIONUM.

504 427 734 495 ideoque
769 425 1007 498 primum
1043 442 1247 482 annum
1291 427 1567 483 Julianum
1605 429 1780 485 instar
1819 429 2091 486 bisextilis
2118 435 2168 490 Δ
2194 429 2512 496 obscurum,
2561 441 2856 499 quamnam
2906 422 3236 494 castigandae
3275 420 3420 478 labis
3453 417 3603 474 illius
3632 418 3815 471 viam

503 517 678 574 fuisse
718 535 732 571 :
787 529 954 588 atque
1003 520 1141 573 adeo
1176 519 1450 588 legitimos
1479 529 1534 574 et
1573 521 1886 577 ordinarios
1910 523 2094 577 bisex-

501 610 626 666 tiles
681 627 804 667 esse
845 612 980 667 istos
1027 614 1355 682 oportuisse.
1413 614 1468 678 5,
1503 614 1677 682 9,15,
1707 624 1838 678 etc.,
1888 615 2092 682 57,“,

496 703 592 770 45,
629 704 717 766 49,
755 704 843 759 55.
912 702 985 757 ita
1020 703 1268 774 Scaliger
1321 706 1416 760 lib.
1452 721 1504 758 tv
1567 705 1645 759 De
1695 707 1899 760 emend.
1961 705 2093 768 Alii,

500 795 595 868 qui
629 795 987 866 quadrantem
1023 797 1128 852 diei
1167 807 1360 868 praeter
1394 799 1601 852 solidos
1641 798 1760 852 dies
1799 798 2093 852 intercala-

498 897 617 941 tum
645 896 858 957 putant,
893 888 1200 960 legitimum
1225 889 1552 952 bisextilcm,
1580 886 1812 944 Juliana-
1836 888 2098 944 editionis

499 992 703 1031 annum
740 977 959 1032 tertium
994 986 1262 1039 statuunt.
1294 979 1364 1033 ab
1398 993 1572 1048 eoque
1601 978 1861 1048 deinceps
1917 978 1968 1043 7,
2004 979 2094 1046 11,

500 1069 591 1132 15,
619 1077 724 1125 etc.
758 1068 942 1124 Tertia
975 1078 1156 1141 potest
1185 1070 1255 1125 ad
1280 1087 1374 1126 eas
1395 1071 1654 1126 accedere
1686 1070 1863 1125 l‘orma
1885 1112 1901 1136 ,
1928 1081 1987 1124 ut
2011 1072 2096 1125 ni-

498 1161 700 1215 mirum
727 1160 1078 1218 Conl'usionis
1098 1177 1278 1218 annus
1308 1163 1424 1232 ipse
1452 1163 1724 1218 bisextilis
1749 1163 1922 1217 vicem
1956 1177 2098 1232 prae-

498 1249 706 1314 buerit;
748 1265 814 1306 ac
867 1252 1100 1307 subinde
1163 1249 1414 1306 Julianus
1461 1250 1518 1317 4,
1555 1251 1611 1315 8,
1652 1252 1740 1318 12,
1793 1263 1924 1317 etc.,
1978 1261 2095 1307 tum

497 1339 589 1405 56,
653 1341 745 1409 40,
783 1343 875 1409 44,
929 1343 1019 1408 48,
1055 1343 1144 1410 52,
1215 1345 1483 1398 bisextum
1532 1343 1636 1399 sibi
1684 1360 1752 1398 ex
1796 1342 1926 1399 Julii
1983 1343 2097 1400 Ca2-

497 1433 643 1488 saris
721 1436 1131 1491 constructione
1198 1437 1494 1492 vindicent.
1567 1435 1647 1490 Ex
1693 1437 1759 1493 iis
1808 1437 2097 1492 ordinandi

495 1524 718 1592 formis,
747 1543 913 1595 quam
941 1527 1125 1583 Caesar
1148 1529 1402 1590 tenuerit,
1427 1528 1700 1584 aliirmare
1733 1527 1952 1585 difﬁcile
1975 1539 2094 1597 est;

499 1619 963 1687 quemadmodum
1009 1621 1175 1676 etiam
1213 1636 1337 1692 quae
1382 1620 1549 1676 fuerit
1590 1621 1922 1692 depravandi
1953 1622 2097 1676 ratio

501 1710 647 1766 haud
696 1711 774 1766 ita
813 1721 967 1768 certo
1009 1723 1249 1768 constat.
1295 1712 1478 1768 Potuit
1507 1713 1656 1768 enim
1692 1728 1839 1768 anno
1872 1711 2096 1769 Juliauo

499 1805 663 1860 tertio
689 1815 880 1861 contra
913 1807 1291 1878 prwscriptum
1333 1806 1569 1863 Cmsaris
1605 1807 1956 1862 intercalari:
1988 1822 2091 1877 po-

498 1897 605 1952 tuit
647 1909 702 1952 et
739 1909 960 1968 quarto,
997 1915 1124 1955 cum
1165 1899 1360 1970 quinto
1410 1901 1668 1970 jussisset
1731 1919 1744 1954 :
1797 1899 1944 1956 unde
1999 1898 2091 1966 56,

498 1989 585 2045 vel
633 1989 703 2045 57
757 1991 991 2048 vitiosus
1047 1993 1278 2049 exstitit.
1342 1991 1532 2063 Neque
1587 2007 1720 2048 vero
1759 1991 1946 2047 minus
2011 1999 2097 2048 est

2196 523 2478 591 Augustus
2509 520 2711 576 inierit.
2730 519 3001 574 Autenim
3029 517 3268 588 primum
3287 530 3350 570 ex
3371 529 3445 568 xu
3464 509 3820 582 ἀνεμὸόλοις

2195 631 2316 670 esse
2343 615 2509 686 jussit
2537 612 2815 668 Julianum
2846 609 2936 676 58,
2969 624 3082 680 quo
3111 609 3179 664 ad
3201 606 3636 662 emendationem
3659 600 3816 656 ani-

2197 723 2348 762 mum
2379 707 2610 777 adjecit;
2639 706 2684 761 si
2718 712 3029 775 postremus
3068 700 3337 756 bisextilis
3361 697 3595 752 vitiosus
3620 693 3817 750 fuerit

2195 801 2262 855 57
2306 819 2319 855 :
2372 802 2444 854 ita
2497 810 2556 854 ut
2608 799 2966 854 duodecimus
3013 794 3122 849 τῶν
3180 791 3495 864 ἁνεμόὀλων
3557 787 3820 844 Juliana:

2196 894 2453 950 editionis
2483 893 2645 947 fuerit
2672 892 2740 946 49
2779 911 2791 946 :
2834 907 2902 944 ex
2950 904 3061 959 quo
3105 887 3362 955 deinceps
3389 884 3519 939 anni
3551 885 3604 937 in
3634 881 3814 939 ordi-

2197 999 2322 1039 nem
2353 984 2580 1047 redacti,
2600 991 2654 1036 et
2691 997 2836 1035 anno
2863 981 2934 1035 55
2971 979 3245 1049 legitimus
3281 975 3546 1032 bisextilis
3574 974 3810 1030 incidit.

2197 1077 2305 1130 Aut
2357 1075 2402 1128 si
2450 1075 2518 1129 56
2597 1085 2907 1144 postremus
2969 1070 3238 1127 bisextilis
3308 1068 3440 1133 fuit;
3491 1066 3806 1122 duodecim

2197 1163 2397 1219 biscxti
2449 1178 2678 1232 prorsus
2737 1170 2988 1231 expertes
3018 1175 3048 1214 a
3097 1157 3168 1214 56
3223 1156 3290 1213 ad
3335 1156 3408 1212 48
3445 1155 3810 1226 pertexendi

2198 1262 2356 1319 sunt;
2417 1255 2554 1308 adeo
2591 1262 2649 1307 ut
2682 1253 2893 1322 primus
2933 1251 3201 1306 bisextilis
3254 1265 3318 1304 ex
3358 1249 3551 1303 ordine
3593 1249 3646 1302 in
3691 1245 3812 1302 Ju-

2197 1347 2402 1401 lianum
2446 1345 2515 1399 52
2563 1345 2881 1399 incurrerit.
2930 1345 3002 1398 At
3045 1342 3248 1397 Paulus
3299 1339 3812 1408 Middelburgensis

2199 1440 2296 1494 lib.
2326 1454 2428 1504 xu,
2464 1453 2589 1493 cum
2647 1438 2904 1491 vitiosum
2937 1436 3205 1492 bisextum
3263 1449 3408 1489 anno
3436 1435 3492 1498 5,
3523 1434 3577 1495 6,
3608 1431 3664 1499 9,
3732 1447 3810 1488 ac

2199 1532 2434 1602 denique
2491 1531 2561 1584 56
2596 1529 2976 1583 intercalatum
3036 1543 3160 1583 esse
3203 1527 3453 1593 dixisset,
3479 1525 3809 1580 duodecim-

2200 1639 2309 1694 que
2358 1637 2680 1678 communes
2740 1620 2862 1676 illos
2912 1620 2967 1674 in
3031 1621 3103 1676 48
3150 1620 3382 1676 desiisse
3423 1637 3439 1675 :
3481 1619 3554 1676 ita
3597 1628 3659 1674 ut
3721 1619 3805 1673 52

2204 1718 2477 1771 bisextum
2525 1715 2788 1781 exigeret,
2841 1729 3044 1768 novum
3099 1729 3130 1769 a
3181 1711 3558 1772 sacerdotibus
3596 1712 3804 1766 vitium

2200 1807 2443 1862 oblatum
2483 1805 2708 1870 asserit;
2770 1813 2832 1859 ut
2893 1803 2963 1857 49
3001 1803 3310 1859 bisexlilem
3357 1801 3592 1858 fecerit:
3645 1802 3806 1857 unde

2201 1897 2399 1966 reliqui
2427 1896 2688 1966 deinceps
2727 1894 2794 1949 ad
2830 1902 3044 1950 aetatem
3070 1903 3318 1949 nostram
3354 1892 3633 1950 bisextiles
3665 1906 3805 1962 pro—

2203 1989 2382 2060 pagati
2415 1995 2562 2043 sunt.

1695 2163 2074 2226 lNDlCULUS
2103 2162 2412 2231 ALIQUOT
2444 2163 2642 2223 COSS.

732 2303 913 2375 Olym-
1000 2307 1142 2362 Anni
1237 2309 1379 2362 Anni

713 2376 925 2444 piades.
965 2377 1190 2434 Juliani.
1236 2379 1424 2435 Urbis.

1841 2306 2002 2366 Coss.

2506 2308 2700 2362 Annus
2785 2305 3022 2362 Bisexti-
3059 2305 3294 2362 Bisexti-
3360 2305 3580 2362 Litterae

2505 2377 2711 2432 Conl‘u-
2769 2377 3018 2432 lesetlit-
3057 2377 3298 2432 lesetlit-
3365 2393 3553 2432 emen-

2509 2449 2705 2503 sionis.
2759 2457 2890 2503 tera:
2922 2449 3006 2502 vi-
3044 2457 3174 2502 tene
3227 2447 3293 2501 Ι).
3336 2447 3446 2502 dati
3476 2448 3581 2503 Cv-

2767 2519 2920 2573 tiosaa
2941 2534 3010 2572 ex
3063 2518 3274 2573 vitiosze
3357 2520 3427 2573 cli
3484 2534 3516 2572 a

2760 2587 2986 2646 Mittelb.
3041 2605 3110 2645 ex
3139 2589 3288 2645 Scal.
3323 2591 3558 2662 August.

1287 2656 1392 2713 707
1536 2659 1604 2724 Q.
1646 2656 1904 2713 Calenus.

1528 2727 1592 2782 Ρ.
1637 2729 1910 2785 Vatinius.

1281 2819 1387 2874 708
1531 2820 1597 2874 C.
1636 2818 1818 2874 Julius
1856 2822 2041 2877 Caesar
2077 2821 2166 2878 Ill.

1532 2889 1603 2944 M.
1646 2889 1910 2947 Emilius
1938 2891 2197 2963 Lepidus.

1064 2983 1091 3036 1
1278 2981 1384 3037 709
1529 2982 1596 3038 C.
1633 2981 1813 3038 Julius
1847 2983 2028 3039 Caesar
2061 2983 2151 3050 IV,
2855 2988 2898 3040 (Ζ
3145 2986 3189 3039 Β
3405 2984 3446 3042 C
3468 2983 3509 3039 Β

1605 3055 1725 3108 sine
1769 3055 1999 3125 collega.

790 3141 896 3199 184
1069 3146 1106 3200 2
1286 3147 1390 3202 710
1533 3147 1597 3202 C.
1637 3146 1816 3203 Julius
1850 3150 2036 3205 Cmsar
2071 3149 2136 3204 γ.

2852 3153 2894 3208 Β
3146 3153 3194 3206 Α
3426 3151 3473 3208 Δ

1537 3217 1610 3272 Μ.
1653 3220 1948 3275 Antonius.

1071 3310 1106 3364 5
1285 3311 1383 3366 711
1531 3311 1594 3366 C.
1637 3309 1831 3365 Vibius
1882 3310 2087 3368 Pansa.
2826 3317 2935 3372 AG
3154 3316 3197 3371 G
3429 3314 3474 3371 G

1530 3384 1598 3435 Α.
1641 3380 1878 3437 liirtius.

1075 3476 1110 3531 4
1287 3479 1394 3533 712
1534 3478 1604 3533 Μ.
1649 3479 1910 3533 Ᾱξῐηίιίιιε
1934 3477 2157 3546 Lepidus

2209 3479 2277 3534 ll.
2860 3479 2901 3534 F
3134 3479 3235 3534 FE
3449 3478 3490 3535 Ρ

1535 3548 1597 3603 ι..
1639 3549 1918 3605 Munatius
1973 3550 2230 3606 Plancus.

1071 3635 1106 3691 5
1285 3636 1388 3692 715
1533 3637 1596 3693 L.
1639 3639 1937 3694 Antonius.

2859 3642 2903 3696 Ε
3158 3642 3203 3696 D
3426 3643 3531 3697 ΕΙ)

1534 3709 1594 3762 Ρ.
1639 3709 1905 3762 Servilius
1940 3707 2241 3766 Isauricus.

788 3796 894 3854 185
1074 3797 1108 3854 6
1287 3798 1394 3854 714
1532 3800 1595 3854 C.
1641 3799 1909 3854 Domitius
1939 3799 2157 3856 Calvint

2198 3821 2226 3858 ἱ.
2849 3803 2951 3859 DC
3169 3803 3211 3859 C
3459 3803 3502 3860 Ε

1537 3871 1598 3924 C.
1643 3873 1870 3925 Asinius
1896 3869 2092 3925 Pollio.

1075 3960 1106 4014 7
1287 3961 1392 4017 715
1537 3961 1597 4015 L.
1639 3961 1906 4016 Martinus
1937 3962 2157 4017 Censori

2198 3980 2302 4022 Ius.
2866 3966 2910 4019 Β
3128 3968 3168 4023 Β
3187 3968 3232 4021 Α
3447 3965 3492 4022 Β

1529 4033 1591 4087 C.
1633 4033 1914 4088 Calvisius
1953 4033 2215 4089 Sabinus.
3213 4037 3218 4043 “

1071 4128 1106 4184 8
1287 4126 1392 4182 7l6
1535 4127 1636 4196 Ap.
1666 4127 1941 4196 Claudius
1971 4127 2230 4186 Pulcher.
2875 4134 2920 4186 A
3171 4133 3218 4189 ϐ
3431 4133 3479 4187 Δ

1530 4195 1599 4252 (Σ.
1633 4195 1924 4254 Norbanus
1960 4199 2212 4256 Flaccus.

1072 4296 1107 4351 9
1160 4345 1166 4352 .
1285 4295 1388 4349 717
1537 4295 1607 4368 bl.
1650 4295 1912 4368 Agrippa.

2830 4299 2932 4354 CF
3166 4299 3207 4354 F
3388 4296 3496 4354 Gl"

1540 4365 1603 4420 L.
1642 4365 1911 4423 Caninius
1951 4368 2166 4424 Gallus.

795 4456 899 4511 186
1043 4457 1111 4511 10
1293 4457 1396 4512 718
1541 4457 1600 4511 ι..
1641 4457 1848 4512 Gellius
1879 4458 2153 4526 Poplicola

2878 4461 2920 4514 E
3133 4458 3242 4513 ΕΟ
3431 4459 3476 4514 Ε

1542 4527 1614 4584 Μ.
1654 4529 1919 4598 Cocceius
1945 4528 2146 4584 Nerva.

1051 4620 1106 4674 11
1299 4621 1402 4676 719
1543 4618 1608 4672 L.
1647 4620 2031 4676 Corniﬁcius.'

2875 4621 2917 4672 D
3171 4622 3218 4676 C
3427 4620 3472 4675 Ι)

1547 4690 1675 4745 Sex.
1717 4690 2032 4761 Pompcjus.
2996 4687 3004 4698 ’

1047 4781 1116 4837 12
1295 4779 1400 4834 726
1542 4781 1614 4836 Μ.
1655 4783 1934 4838 Antonius
1965 4785 2030 4838 Il.

2836 4779 2948 4836 CB
3160 4779 3202 4834 Β
3425 4780 3466 4837 C

1548 4852 1613 4908 L.
1655 4855 1978 4909 Scribonius
2007 4855 2163 4907 Libo.

1043 4947 1112 5003 15
1290 4945 1392 5001 721
1539 4946 1604 5002 C.
1645 4946 1832 5001 Caesar
1865 4946 2200 5002 Octavianus
2231 4946 2292 5000 ll.
2857 4947 2904 5000 A
3121 4945 3169 4999 A
3191 4944 3232 4999 Β
3380 4945 3490 5000 BA

1546 5017 1617 5072 L.
1664 5016 1948 5074 Volcatius
1985 5017 2197 5072 Tullus.

791 5113 897 5172 187
1041 5113 1111 5168 14
1290 5113 1395 5168 722
1537 5112 1641 5170 Cn.
1681 5112 1957 5170 Domitius
1989 5114 2157 5170 Aheni

2198 5114 2412 5169 barbus.
2872 5111 2918 5168 ϐ
3169 5111 3212 5167 F
3428 5110 3476 5169 G

1539 5185 1602 5239 C.
1645 5185 1839 5240 Sosius
1868 5185 2072 5256 Nepos.
2607 5211 2614 5218 -

1040 5274 1110 5332 15
1292 5274 1397 5330 725
1539 5275 1603 5329 C.
1645 5277 1833 5332 Ctesar
1860 5276 2198 5332 Octavianus
2229 5274 2320 5332 ill.
2832 5274 2934 5330 FE
3171 5275 3214 5330 Ε
3431 5273 3474 5330 F

1541 5345 1614 5401 Μ.
1650 5348 1901 5403 Valerius
1936 5347 2192 5402 Messala.

1042 5440 1110 5497 16
1287 5438 1394 5494 724
1537 5437 1602 5494 C.
1637 5440 1823 5494 Caesar
1848 5439 2157 5495 Octavianu:

2203 5437 2291 5492 IV.
2860 5437 2902 5490 D
3119 5437 3219 5495 DC
3430 5437 3475 5494 Ε

1549 5509 1621 5564 Μ.
1658 5509 1905 5565 Licinius
1934 5512 2191 5566 Crassus.

1037 5605 1063 5659 1
1076 5605 1106 5658 7
1287 5603 1393 5661 725
1540 5606 1677 5676 imp.
1717 5605 1903 5660 Cmsar
1962 5605 2151 5660 Octavi

2198 5622 2291 5660 nus
2320 5602 2384 5659 V.
2869 5603 2910 5658 C
3167 5601 3210 5656 Β
3399 5601 3443 5656 D
3463 5602 3507 5659 C

1546 5675 1676 5731 Sex.
1715 5676 1980 5746 Apulcjus
2004 5676 2202 5744 Nepos.

797 5771 900 5830 188
1046 5775 1111 5826 18
1299 5771 1392 5824 726
1538 5769 1673 5840 imp.
1714 5771 1898 5825 Caesar
1937 5773 2154 5829 Octavia

2202 5779 2265 5828 us’
2307 5769 2393 5826 Vl.
2833 5769 2875 5825 Β
2896 5771 2942 5825 A
3157 5771 3205 5828 Α
3430 5767 3476 5823 Β

1543 5838 1634 5895 Μ(
1651 5840 1885 5906 Agrippa
1921 5841 1983 5897 ll.
