4118 6402
541 366 647 422 899

1695 360 2042 422 APPENDIX
2074 361 2702 420 DISSERTATIONUM.

3710 358 3832 422 900

615 483 772 540 Nunc
802 484 956 550 illud,
1000 485 1054 538 in
1087 498 1196 552 quo
1235 484 1437 554 negotii
1488 486 1655 540 totius
1705 501 1920 540 summa
1956 484 2291 548 verti-Aeo
2345 501 2504 538 settsu
2563 487 2753 539 demus
2806 483 3154 540 intercalatas
3207 481 3417 548 fuisse,
3473 481 3618 552 quod
3673 479 3832 536 ultra

545 587 659 640 tur,
707 577 984 631 observari
1015 576 1294 642 convenit,
1333 591 1535 630 annum
1586 578 1898 645 quempiam
1949 576 2002 628 in
2029 569 2128 628 Ju-

546 671 819 724 lianorum
849 671 990 725 serie
1015 670 1215 743 duplici
1247 670 1458 723 ratione
1499 669 1804 724 bisextiletn
1838 669 2128 722 nominari.

545 763 680 817 Nam
715 764 799 816 vel
841 773 1060 833 propter
1093 762 1536 816 antecedentium
1589 777 1857 815 annorum
1908 777 2131 816 succes-

547 851 758 904 sionem
808 867 872 904 cx
923 849 1158 905 Caesaris
1188 851 1536 905 ordinatione
1582 850 1852 906 bisextilis
1899 860 2016 916 est;
2048 851 2133 904 vel

548 953 794 1010 respectu
823 942 888 995 ad
918 943 1154 1012 primum
1184 946 1521 1012 Angusteum
1546 943 1896 997 emendatum
1924 943 2130 1008 habito,

547 1035 708 1102 cujus
755 1033 1044 1103 dispositio
1087 1034 1139 1088 in
1172 1036 1476 1104 superiores
1501 1051 1720 1104 quoque
1750 1035 2018 1090 redundat
2071 1050 2135 1088 ac

544 1126 872 1195 regreditur.
914 1124 1066 1199 (Nos
1114 1128 1260 1181 enim
1311 1126 1583 1182 Julianant
1635 1126 1868 1180 formam
1923 1127 1992 1181 ab
2022 1127 2136 1180 Au-

546 1227 709 1287 gusto
738 1219 1066 1274 recensitam
1109 1220 1175 1273 ad
1219 1220 1521 1274 anteriores
1563 1234 1738 1274 annos
1799 1219 2042 1288 adeoque
2068 1217 2135 1272 ad

547 1311 738 1365 mundi
770 1311 943 1380 ipsius
990 1320 1171 1365 ortum
1223 1312 1463 1367 methodi
1509 1311 1681 1381 gratia
1719 1311 2136 1367 accommodare

547 1402 836 1468 solemus.)
881 1403 1126 1472 Exempli
1178 1419 1342 1457 causa
1376 1422 1390 1457 :
1427 1419 1606 1457 annus
1641 1401 1890 1458 Julianus
1941 1402 2032 1466 45,
2080 1402 2134 1457 in

548 1509 711 1563 quem
758 1494 1124 1565 Dionysianus
1154 1496 1354 1550 natalis
1398 1495 1610 1561 incidit,
1672 1495 1716 1550 si
1762 1511 1884 1550 vera
1919 1504 2004 1550 est
2036 1494 2135 1550 Ju-

548 1587 694 1641 liana
727 1587 816 1641 illa
852 1587 1122 1641 blsextilis
1168 1587 1484 1655 descriptio,
1513 1602 1675 1657 quam
1709 1588 1943 1641 Annales
1982 1587 2138 1641 exhi-

548 1679 992 1742 bent,bisextum
1027 1679 1235 1732 nullum
1267 1679 1473 1742 habuit,
1510 1679 1604 1733 sed
1636 1680 1816 1748 potius
1847 1679 1935 1732 45.
1973 1679 2038 1732 At
2069 1694 2138 1733 ex

553 1768 786 1838 Augusti
818 1767 1179 1832 correctione,
1200 1767 1314 1822 sive
1346 1782 1510 1836 quam
1533 1765 1731 1819 Paulus
1759 1764 2140 1833 Forosempro~

552 1860 761 1914 niensis
787 1858 985 1913 asserit
1011 1898 1026 1922 ,
1064 1858 1178 1912 sive
1207 1874 1329 1928 quae
1361 1858 1413 1910 in
1442 1873 1644 1910 annum
1680 1856 1749 1909 55
1771 1856 2040 1910 bisextum
2068 1854 2145 1908 le-
2174 1847 2218 1902 Β

552 1951 802 2020 gitimutn
828 1949 1070 2019 conjicit,
1090 1949 1231 2004 idem
1261 1948 1620 2003 ille45annus
1640 1946 1890 2001 Julianus
1919 1945 2136 2001 bisexti-

553 2041 623 2096 lis
647 2041 769 2096 erit.
804 2040 879 2094 Ita
910 2041 1054 2094 enim
1086 2040 1294 2109 primus
1325 2055 1502 2094 anntts
1531 2037 1804 2104 Julianus,
1829 2033 2042 2092 tametsi
2069 2051 2136 2090 ex

555 2133 799 2186 auctoris
851 2141 1032 2185 mente
1081 2131 1356 2186 bisextilis
1400 2146 1509 2186 non
1564 2130 1747 2194 fuerit,
1805 2144 1867 2184 ex
1906 2128 2137 2198 Augusti

555 2235 738 2279 tamen
780 2224 1162 2278 emendatione
1215 2223 1384 2278 fuisse
1435 2231 1710 2287 censetur,
1747 2233 1805 2274 ut
1854 2219 2139 2274 Forosem-

555 2318 871 2388 proniensis
921 2317 1164 2372 aanIat.
1215 2314 1336 2370 Jam
1372 2316 1466 2386 qui
1513 2312 1757 2368 Natalem
1803 2311 2008 2368 Christi
2041 2327 2140 2366 an-

557 2429 688 2466 num
723 2411 1026 2466 bisextilem
1071 2409 1201 2463 velit
1236 2408 1603 2480 luisse,eoque
1640 2407 1788 2461 velut
1821 2405 2140 2461 charactere

557 2505 822 2575 temporis
872 2514 1091 2567 utatur;
1125 2517 1230 2556 non
1274 2501 1324 2554 ei
1352 2501 1486 2554 satis
1515 2509 1618 2561 est,
1651 2499 2028 2555 demonstrare
2061 2498 2141 2553 bi-

559 2606 774 2653 sextum
809 2613 872 2651 ex
920 2595 1135 2650 Juliana
1183 2595 1526 2650 institutione
1559 2595 1611 2648 in
1647 2595 1798 2648 illum
1837 2595 2012 2663 ipsum
2042 2608 2142 2646 an-

559 2704 692 2742 num
745 2687 1024 2750 incidisse,
1080 2687 1258 2756 quod,
1310 2695 1370 2741 ut
1419 2702 1450 2741 e
1490 2686 1866 2754 superioribus
1915 2684 2140 2752 intelligi

561 2790 741 2850 potest
780 2820 794 2844 ,
851 2780 1081 2834 dttbium
1135 2788 1219 2833 est
1285 2788 1338 2832 et
1396 2779 1704 2833 incertum:
1745 2778 1838 2831 sed
1896 2778 2142 2832 habenda

560 2871 796 2924 maxime
853 2869 1302 2940 consequentium
1357 2870 1692 2923 bisextoruni
1747 2869 1908 2930 ratio,
1953 2868 2142 2937 cujus-

561 2960 707 3013 modi
778 2959 1043 3012 hodierno
1098 2974 1198 3013 usu
1266 2967 1388 3027 post
1464 2957 1693 3029 Augusti
1751 2957 2141 3012 correctionem

561 3050 940 3104 observantur.
975 3049 1131 3116 Quod
1167 3050 1220 3104 in
1260 3048 1554 3102 Annalibus
1587 3051 1770 3104 minus
1797 3049 2142 3103 animadver-

564 3157 684 3194 sum
712 3157 778 3195 eo
811 3141 1026 3196 tandem
1061 3141 1344 3195 ratiocinia
1386 3140 1611 3211 redegit,
1648 3149 1708 3193 ut
1739 3153 1939 3192 annum
1973 3136 2144 3192 Julia-

2235 591 2452 630 mcnses
2499 577 2724 646 diesque
2775 575 2978 630 solidos
3032 585 3403 637 excurrerent,
3436 588 3560 628 cum
3599 573 3653 626 in
3685 572 3830 625 anni

2234 671 2583 727 Coul‘nsionis
2629 670 2836 724 exitum
2872 670 3202 739 peraequatio
3231 669 3333 722 ista
3365 666 3675 729 conveniat,
3707 679 3831 720 non

2235 765 2412 835 potuit
2459 763 2639 818 Caesar
2695 764 3002 833 proximum
3041 763 3310 817 bisextum
3344 761 3397 814 in
3439 761 3472 815 5
3515 758 3828 824 Julianum,

2237 859 2328 913 sed
2368 859 2418 910 in
2450 857 2483 910 4
2518 857 2792 911 ineuntem
2825 855 3098 922 indicere;
3132 864 3246 908 tum
3277 853 3506 914 scilicet,
3543 867 3667 905 cum
3703 850 3831 904 dies

2234 965 2300 1004 ex
2361 947 2759 1017 quadrantibus
2809 946 3051 1001 collectis
3101 944 3310 998 solidus
3357 943 3685 997 exsisteret:
3719 939 3831 994 etsi

2237 1041 2517 1109 quadrans
2565 1038 2655 1092 ille
2709 1037 2962 1092 horarius
3017 1051 3124 1091 non
3167 1051 3293 1090 cum
3329 1035 3541 1088 duobus
3592 1033 3826 1102 reliquis

2239 1133 2540 1195 mensibus,
2577 1131 2670 1186 sed
2725 1145 2850 1184 cum
2904 1127 3248 1183 Mercedonio
3303 1124 3691 1199 προληπτικῶς
3734 1125 3826 1177 in-

2239 1226 2403 1280 tissns
2442 1224 2546 1279 dici
2599 1231 2797 1292 potest,
2828 1231 2886 1276 ut
2913 1221 3123 1292 justum
3177 1220 3244 1274 ad
3281 1218 3638 1288 colligendum
3689 1229 3828 1286 qua-

2238 1317 2486 1372 drantem
2561 1315 2790 1370 alterum
2855 1313 3091 1384 spatium
3151 1326 3298 1366 anno
3358 1312 3536 1381 primo
3607 1307 3835 1362 Juliano

2241 1406 2460 1460 ineunte
2500 1420 2621 1460 esse
2669 1403 2925 1473 potuerit.
2978 1401 3346 1456 Nihilominus
3395 1401 3464 1455 de
3509 1399 3610 1454 hoc
3653 1397 3836 1454 Solini

2239 1495 2360 1548 loco
2389 1493 2736 1564 cogitandum
2773 1492 3006 1561 amplius
3035 1506 3255 1546 censeo.

2310 1582 2406 1638 llis
2429 1583 2736 1637 necessario
2760 1583 3090 1646 constitutis,
3115 1596 3319 1635 annum
3349 1593 3608 1647 negamus
3645 1577 3832 1641 illum,

2240 1691 2348 1745 quo
2403 1673 2667 1728 Lentulus
2700 1683 2752 1727 et
2787 1671 3115 1728 Messalinus
3163 1686 3305 1725 coss.
3333 1670 3572 1731 fuerunt,
3609 1668 3835 1721 bisexti-

2241 1766 2346 1822 lcm
2371 1766 2558 1821 fuisse.
2585 1764 2770 1819 Fuerit
2801 1764 2947 1819 enim
2969 1780 3035 1819 ex
3056 1762 3187 1818 Julii
3209 1761 3443 1817 Caesaris
3462 1761 3833 1824 ordinatione,

2246 1859 2392 1930 quod
2417 1859 2572 1912 valde
2605 1857 2872 1911 incertum
2907 1871 3028 1910 esse
3058 1857 3320 1910 hactenus
3360 1852 3786 1906 monstravimus
3811 1868 3832 1903 :

2244 1963 2598 2024 posteaquam
2631 1950 2850 2020 quidem
2903 1949 2971 2003 ab
3008 1948 3255 2018 Augusto
3303 1956 3582 2002 correctus
3625 1960 3837 2008 annus,

2246 2045 2292 2100 si
2331 2044 2398 2097 ab
2425 2058 2612 2096 eorum
2646 2042 2850 2110 aliquo,
2882 2056 3016 2109 quos
3049 2039 3326 2094 bisextiles
3354 2046 3464 2092 tam
3500 2037 3636 2107 ipse,
3661 2051 3840 2106 qua

2246 2134 2536 2204 posteritas
2576 2132 2757 2186 omnis
2792 2131 3001 2196 babuit,
3043 2138 3190 2184 retro
3232 2144 3510 2194 numeres,
3561 2142 3838 2197 negamus

2246 2232 2584 2288 constanter,
2631 2223 2942 2276 bisextilem
2977 2237 3101 2276 eum
3133 2237 3276 2288 esse,
3325 2236 3436 2292 quo
3467 2221 3748 2276 Christum
3777 2222 3840 2275 in

2248 2317 2422 2371 lucem
2453 2316 2655 2370 editutn
2682 2315 2912 2368 Annales
2939 2315 3280 2368 ecclesiastici
3313 2314 3656 2369 conﬁrmant.
3705 2311 3842 2366 Fuit

2248 2409 2336 2462 hic
2366 2407 2618 2462 Julianus
2663 2407 2754 2472 45,
2801 2407 2894 2475 qui
2945 2405 3280 2476 Olympiadis
3329 2405 3430 2459 194
3479 2419 3623 2459 anno
3653 2405 3842 2473 primo

2249 2501 2464 2555 labente
2496 2501 2678 2570 cwpit,
2717 2501 2784 2553 ab
2823 2499 2964 2554 Urbe
3000 2501 3220 2554 condita
3263 2515 3329 2554 ex
3364 2499 3703 2554 Varroniana
3738 2514 3841 2566 pu-

2249 2594 2455 2646 tatione
2488 2593 2612 2648 751.
2673 2591 2728 2645 In
2778 2591 2996 2646 Juliana
3046 2607 3208 2662 porro
3255 2593 3501 2663 periodo,
3533 2608 3640 2662 qua
3695 2591 3841 2646 nihil

2250 2687 2315 2739 ad
2339 2683 2709 2739 cxtricandam
2739 2684 3145 2752 chronologiam
3169 2685 3499 2754 expeditius,
3524 2699 3630 2738 non
3659 2684 3837 2738 alium

2250 2791 2453 2830 annum
2501 2785 2751 2845 occupat,
2799 2792 2965 2845 quam
3003 2775 3166 2842 4711,
3227 2776 3381 2847 cyclo
3422 2777 3552 2830 solis
3581 2776 3632 2839 '7,
3691 2775 3843 2831 lunae

2251 2872 2339 2936 18,
2394 2871 2579 2925 ἰιιάἱσςι.
2632 2873 2684 2933 1,
2731 2887 2760 2924 a
2816 2869 3097 2933 Januario,
3165 2885 3197 2923 a
3241 2868 3546 2938 Septembri
3591 2884 3722 2922 vero
3780 2867 3838 2923 2.

2251 2963 2405 3031 Quod
2434 2963 2654 3033 quidem
2706 2978 2813 3017 non
2851 2963 3187 3031 conjectura,
3219 2962 3315 3016 sed
3364 2961 3842 3017 demonstratione

2252 3058 2460 3110 nititur.
2500 3056 2742 3110 Mortuus
2769 3066 2852 3111 est
2893 3055 3173 3124 Augustus
3205 3051 3386 3109 Sextis
3413 3055 3626 3109 duobus
3661 3068 3843 3114 coss..

2253 3159 2312 3202 ut
2367 3149 2608 3201 omnium
2656 3163 2928 3202 consensu
2979 3147 3475 3216 exploratissimnm
3528 3154 3651 3210 est,,
3685 3162 3840 3201 anno

563 3249 695 3288 num
748 3234 809 3288 51
872 3234 1174 3289 bisextileni
1225 3233 1656 3298 constituerent;
1711 3233 1779 3287 de
1827 3247 1936 3302 quo
1983 3231 2144 3300 paulo

2255 3238 2416 3294 Urbis
2472 3239 2594 3292 765.
2645 3239 2784 3294 Ante
2833 3215 3178 3294 consulatum
3228 3237 3542 3304 Sextorum,
3594 3238 3642 3292 si
3689 3248 3844 3292 retro

563 3338 707 3396 post.
743 3326 958 3382 Interim
995 3328 1358 3398 quadrantem
1410 3328 1583 3390 illum,
1611 3342 1773 3396 quem
1808 3341 1932 3380 cum
1961 3324 2148 3379 solidis

565 3419 758 3471 diebus
819 3418 1196 3472 intercalatum
1269 3416 1490 3472 Solinus
1553 3416 1822 3486 prodidit,
1888 3416 2149 3468 attentius

564 3512 933 3580 exploremus.
969 3509 1140 3565 Solini
1169 3511 1335 3566 verba
1363 3518 1513 3568 sunt:
1547 3509 1614 3562 Et
1644 3519 1701 3562 ut
1730 3519 1924 3563 statum
1949 3518 2149 3562 certum

563 3606 864 3674 prwteritus
917 3604 1177 3672 acciperet
1221 3620 1402 3668 error,
1446 3603 1558 3656 dies
1590 3619 1681 3656 ut
1711 3611 1761 3656 et
1803 3603 2150 3672 quadrantem

564 3696 729 3750 simul
754 3697 1114 3757 intercalavit,
1141 3705 1244 3750 etc.
1272 3694 1362 3749 Ille
1387 3711 1518 3764 ergo
1549 3710 1726 3749 annus
1757 3694 1906 3748 solus
1931 3707 2153 3747 cccxuv

565 3789 680 3843 dies
705 3788 926 3855 habuit;
947 3787 1037 3841 alii
1056 3788 1310 3857 deinceps
1335 3802 1536 3842 ccccxv
1565 3796 1617 3840 et
1650 3786 2025 3855 quadrantem.
2049 3784 2152 3850 Qui

569 3877 741 3932 Solini
775 3879 949 3941 locus,
988 3885 1082 3932 aut
1127 3879 1340 3933 inscitia
1384 3879 1751 3940 librariorum,
1802 3886 1893 3931 aut
1922 3886 2155 3947 scripto-

565 3973 644 4026 ris
695 3971 1124 4024 hallucinatione
1161 3971 1300 4024 male
1327 3970 1542 4024 habitus
1573 3979 1676 4025 est.
1716 3969 1904 4024 Annus
1945 3969 2154 4023 Confu-

566 4063 738 4119 sionis
767 4074 960 4132 praeter
985 4063 1286 4118 ordinarios
1305 4078 1488 4124 cccw,
1514 4064 1608 4132 qui
1647 4062 1747 4116 fuit
1775 4063 1897 4116 anui
1923 4061 2154 4115 Romani

569 4159 786 4224 modus,
816 4157 933 4212 dies
957 4158 1148 4212 habuit
1183 4157 1444 4212 insititios
1476 4173 1641 4220 van,
1677 4166 1735 4210 ut
1767 4155 1864 4209 Dio
1900 4164 2150 4210 testatur.

568 4248 666 4305 llis
716 4250 760 4304 si
808 4250 1211 4304 intercalariuin
1261 4249 1670 4304 Merkedouium
1713 4264 2026 4313 accenseas,
2060 4249 2154 4318 qui

569 4344 916 4397 commodum
948 4343 1000 4396 in
1035 4358 1159 4397 eum
1189 4359 1391 4396 annum
1444 4343 1748 4406 inciderat,
1780 4355 1995 4397 summa
2035 4343 2153 4397 die-

570 4447 692 4488 rum
726 4435 1034 4488 additurum
1087 4444 1169 4488 est
1201 4450 1286 4498 xc,
1334 4435 1379 4489 si
1427 4433 1808 4489 Merkedonins
1853 4451 1990 4488 χχιιι
2024 4452 2036 4486 :
2071 4435 2155 4488 vel

2254 3347 2526 3396 numeres,
2558 3331 2708 3401 paria
2744 3341 2872 3385 sunt
2901 3331 3128 3386 omnino
3157 3331 3447 3386 consulum
3478 3346 3604 3397 XVI;
3650 3330 3845 3400 proin-

2252 3426 2426 3495 deqne
2475 3424 2538 3478 16
2595 3439 2798 3478 annum
2859 3423 3188 3478 anteriorem
3258 3432 3530 3492 occupant
3571 3421 3844 3478 Lentulus

2253 3526 2308 3571 et
2340 3515 2684 3570 Marcellinus
2711 3532 2854 3570 coss.
2885 3515 3116 3586 Insignis
3150 3531 3309 3584 porro
3345 3530 3522 3569 annus
3552 3515 3641 3568 ille
3674 3529 3843 3568 mor-

2257 3614 2324 3668 tis
2349 3611 2577 3681 Augusti
2616 3611 2718 3664 fuit
2744 3611 2887 3665 luna:
2925 3609 3185 3679 deliquio,
3212 3609 3357 3679 quod
3381 3609 3450 3663 40
3481 3608 3569 3662 die
3615 3607 3684 3662 ab
3718 3609 3843 3676 ejus

2253 3705 2403 3760 obitu
2448 3705 2745 3773 contigisse
2789 3704 2929 3756 inter
2975 3703 3339 3770 chronologos
3392 3708 3628 3763 constat,
3675 3701 3843 3767 idque

2255 3797 2600 3868 Dionysiana’.
2650 3812 2771 3850 terte
2818 3811 2962 3849 anno
3009 3794 3100 3858 H,
3147 3794 3299 3864 cyelo
3365 3793 3496 3848 solis
3540 3791 3633 3856 25,
3697 3792 3844 3844 luna:

2259 3891 2346 3956 15,
2389 3889 2536 3958 Sept.
2590 3887 2678 3949 27,
2717 3888 2846 3941 feria
2876 3887 2928 3951 5,
2961 3886 3137 3940 littera
3184 3884 3338 3939 Dom.
3385 3883 3451 3946 G,
3485 3881 3717 3936 Julianaa
3752 3898 3845 3952 pe-

2257 3981 2393 4036 riodi
2438 3980 2597 4033 4727.
2649 3978 2853 4046 Quodsi
2900 3995 3074 4033 annos
3125 3978 3250 4032 inde
3320 3976 3660 4032 subtraxeris
3724 3993 3841 4039 va,

2257 4076 2502 4146 reliquus
2560 4076 2664 4128 erit
2714 4073 2872 4138 4711,
2922 4088 3032 4142 quo
3077 4086 3220 4126 coss.
3278 4069 3430 4124 fuere
3474 4069 3742 4123 Lentulus
3790 4078 3845 4122 et

2258 4167 2624 4224 Marcellinus.
2661 4165 2764 4232 Qui
2801 4168 2846 4221 si
2899 4165 3168 4220 bisextilis
3212 4163 3427 4227 fuisset,
3470 4177 3648 4216 annus
3677 4165 3750 4214 ab
3777 4175 3844 4216 eo

2259 4261 2326 4315 16
2379 4259 2600 4330 perinde
2646 4259 2918 4314 bisextum
2976 4258 3275 4313 habuisset.
3343 4257 3441 4311 Est
3492 4264 3674 4310 autem
3719 4268 3844 4308 aera:

2257 4366 2460 4411 nostra:
2506 4353 2594 4416 14,
2647 4367 2711 4406 ac
2745 4360 2866 4421 post
2900 4351 3204 4405 bisextilem
3236 4350 3546 4414 secundus;
3582 4348 3760 4418 igitur
3790 4355 3847 4402 et

2258 4461 2436 4500 annus
2479 4444 2590 4507 ille,
2624 4460 2733 4514 quo
2762 4442 3050 4498 Marcellus
3078 4453 3128 4496 et
3165 4441 3427 4496 Lentulus
3467 4455 3616 4495 coss.
3658 4450 3844 4501 erant,

571 4542 797 4589 ωικχιιι,
828 4527 872 4581 si
923 4541 1036 4580 χιιι
1067 4525 1332 4580 duntaxat
1359 4527 1613 4580 obtinuit.
1646 4526 1826 4592 Quare
1860 4537 1916 4582 et
1945 4526 2144 4582 Confu-

2260 4537 2522 4591 bisextilis
2555 4552 2662 4590 nou
2695 4534 2815 4590 fuit.
2861 4534 3001 4587 Idem
3045 4550 3109 4589 ex
3153 4531 3531 4605 Olympiadum
3561 4542 3620 4586 et
3665 4530 3849 4585 Julia-

571 4620 745 4674 siOnis
801 4635 978 4673 anuus
1020 4619 1135 4672 dies
1169 4619 1406 4688 postulat
1445 4635 1722 4682 ccccxuv,
1774 4620 1854 4673 vel
1889 4635 2148 4685 cccchv,

571 4722 631 4766 ut
662 4711 1001 4765 Censorinus
1054 4711 1245 4765 scribit
1295 4727 1417 4780 pag.
1469 4710 1558 4763 46.
1588 4714 1766 4780 Atque
1810 4711 1882 4764 illi
1930 4711 2148 4780 quidem

570 4803 687 4855 dies
743 4802 813 4854 ita
858 4801 1162 4870 dispensati
1196 4809 1344 4864 sunt,
1382 4811 1440 4855 ut
1477 4818 1602 4856 cum
1640 4803 2002 4864 intercalaris,
2037 4803 2151 4856 sive

570 4893 950 4948 Mercedonius
980 4908 1142 4946 suum
1199 4893 1252 4946 in
1305 4892 1602 4948 Februario
1655 4895 1835 4949 locum
1888 4911 1953 4948 ex
2002 4909 2152 4949 more

571 4984 798 5039 sortitus
826 4993 988 5050 esset,
1022 4985 1134 5038 duo
1163 4984 1254 5037 alii
1285 5000 1496 5039 menses
1530 4987 1671 5039 inter
1695 4985 2057 5040 Novembrem
2087 5000 2151 5040 ac

569 5078 924 5134 Decembrem
956 5078 1144 5131 inserti
1184 5077 1313 5139 sint,
1345 5078 1555 5132 dierum
1592 5081 1751 5133 ambo
1777 5079 1938 5133 simul
1977 5095 2148 5144 vatt,

570 5171 645 5224 ita
695 5179 754 5224 ut
793 5175 1123 5239 permquatio
1173 5169 1289 5238 ipsa
1346 5170 1398 5222 in
1446 5170 1574 5224 anni
1610 5170 1771 5224 linem
1820 5171 2146 5226 incubuerit.

571 5260 710 5315 Hine
737 5262 824 5314 illa
847 5261 1132 5316 verissima
1159 5261 1420 5330 suspicio,
1443 5261 1692 5318 Solinum
1727 5279 2002 5327 ccccxuv,
2041 5280 2148 5318 non

569 5368 786 5408 cccxuv
821 5353 1132 5421 scripsisse.
1159 5351 1295 5408 Nam
1342 5355 1487 5423 quod
1519 5355 1636 5411 dies
1675 5372 1842 5410 unum
1874 5366 1929 5411 et
1955 5357 2149 5428 viginti

568 5461 696 5499 cum
726 5443 1030 5514 quadrante
1077 5447 1372 5500 accessisse
1419 5447 1572 5510 dicit,
1627 5449 1694 5502 ad
1743 5448 2146 5504 Mercedonium

571 5537 842 5604 respicere
871 5538 1064 5601 potuit,
1110 5536 1201 5604 qni
1235 5552 1370 5600 xxu,
1397 5547 1490 5590 aut
1533 5553 1669 5591 xxm
1702 5538 1894 5592 diebus
1929 5519 2150 5592 consm-

570 5627 680 5680 bat.
734 5626 1054 5693 Quanquam
1105 5627 1173 5680 de
1225 5629 1543 5681 intercalalo
1597 5631 1895 5698 quadrante
1957 5647 2149 5701 parum

571 5719 854 5773 commode
900 5720 1188 5788 scripsisse
1224 5721 1455 5774 videtur.
1491 5720 1607 5774 Non
1644 5724 1786 5776 enim
1820 5726 2147 5795 appendices

571 5816 718 5864 bone
754 5811 808 5864 in
852 5811 996 5865 civili
1047 5826 1192 5866 anno
1237 5813 1546 5869 intercalari
1593 5817 1871 5874 dicuntur.
1909 5817 2057 5884 Quas
2092 5826 2151 5874 ut

2255 4643 2450 4694 llOl‘ll.
2481 4643 2749 4682 annorum
2779 4627 2917 4682 serie
2939 4627 3246 4682 deducitur.
3298 4625 3434 4681 Nam
3463 4641 3590 4681 cum
3624 4623 3850 4679 Lentuli

2252 4730 2306 4775 et
2339 4720 2630 4774 Marcellini
2674 4720 2989 4773 consulatus
3027 4717 3280 4772 Julianus
3309 4718 3379 4773 sit
3403 4718 3505 4782 43;
3543 4715 3848 4770 Sextorum

2253 4828 2384 4866 vero
2421 4813 2654 4866 duorum
2689 4814 2759 4866 sit
2793 4810 3044 4864 Julianus
3073 4811 3162 4876 59,
3199 4811 3452 4878 idemque
3488 4825 3612 4863 aera:
3642 4821 3851 4862 nostra:

2256 4903 2577 4958 llznecesse
2623 4916 2727 4968 est,
2765 4913 2823 4957 ut
2847 4919 3022 4956 annus
3044 4902 3294 4958 Julianus
3322 4902 3429 4956 285
3463 4903 3534 4957 sit
3554 4917 3677 4955 mra:
3715 4899 3851 4955 Dio-

2254 4994 2493 5064 nysianae
2539 4995 2683 5060 258,
2737 5010 2847 5064 quo
2900 4997 3062 5048 etiam
3125 4994 3459 5066 Olympiadis
3517 4993 3627 5047 254
3694 5008 3851 5046 anno

2253 5089 2430 5154 primo
2459 5086 2741 5140 desinente
2771 5089 3066 5148 secundus,
3102 5087 3204 5140 hoc
3237 5094 3322 5141 est
3367 5085 3523 5155 Iphiti
3572 5084 3739 5136 IOH.
3795 5086 3852 5138 Si

2253 5177 2501 5246 quidem,
2535 5187 2592 5231 ut
2620 5187 2674 5230 et
2711 5178 2944 5231 Annales
2976 5178 3350 5242 consentiunt,
3379 5175 3597 5230 Juliano
3636 5176 3708 5228 45
3739 5192 3854 5231 cte-

2255 5269 2332 5336 pit
2363 5282 2542 5320 annus
2575 5267 2610 5318 2
2655 5266 2867 5336 Olymp.
2903 5268 3026 5330 194,
3067 5268 3179 5322 sive
3208 5267 3366 5336 Iphiti
3400 5266 3524 5318 774.
3555 5266 3728 5334 Atqui
3759 5267 3854 5321 hic

2255 5361 2369 5427 ipse
2400 5357 2649 5412 Julianus
2673 5375 2848 5413 annus
2891 5358 3018 5421 285,
3073 5357 3233 5427 Iphiti
3264 5357 3424 5420 10M,
3470 5358 3856 5412 memorabilis

2253 5461 2337 5504 est
2378 5451 2464 5504 ille
2499 5451 2782 5504 Censorini
2834 5466 3032 5515 annus,
3062 5467 3224 5520 quem
3274 5449 3437 5520 Ulpio
3464 5460 3520 5504 et
3569 5448 3855 5503 Pontiano

2255 5559 2397 5596 coss.
2435 5552 2605 5606 notat,
2655 5541 2818 5597 Urbis
2850 5545 3078 5596 condita:
3105 5543 3200 5597 991
3243 5561 3256 5596 :
3293 5543 3383 5612 qui
3415 5557 3537 5596 cum
3569 5557 3692 5595 aera:
3721 5540 3858 5596 Dio-

2255 5637 2497 5703 njsiante
2543 5636 2610 5690 sit
2655 5635 2781 5699 258,
2816 5636 3079 5690 hisextilis
3115 5652 3221 5688 non
3269 5646 3374 5700 est,
3419 5636 3512 5689 sed
3552 5650 3582 5688 a
3628 5635 3859 5688 bisextn

2255 5729 2548 5780 Secundus.
2597 5725 2762 5796 Igitur
2788 5738 2841 5782 et
2879 5728 3288 5782 ducentesimus
3335 5728 3708 5798 octogesimus
3747 5737 3857 5779 ter-

2255 5819 2364 5876 tius
2393 5829 2519 5874 ante
2554 5819 2730 5886 illum,
2774 5822 2879 5876 hoc
2909 5831 2990 5876 est
3035 5820 3245 5885 primus
3273 5818 3524 5876 Julianus
3575 5819 3858 5877 bisextilis
