4118 6402
306 359 408 419 901

1470 357 1563 414 DE
1599 358 1789 416 ANNO
1824 360 2080 416 NATALI
2119 359 2401 417 CHRISTI

3473 365 3581 424 902

307 476 432 542 fuit,
460 482 515 530 et
541 473 670 539 241,
721 474 836 530 sive
879 473 1134 530 Julianus
1160 474 1252 538 45,
1300 473 1461 544 lphiti
1501 475 1627 540 774,
1659 476 1890 531 Lentulo
1918 487 1966 545 Α
1993 493 2098 549 que
2144 478 2562 536 nietliodus.vel
2598 479 2783 549 pueris
2833 481 3249 551 eOguita,hujus
3287 482 3364 536 rei
3414 483 3577 539 lidem

306 578 363 625 et
398 567 707 624 Marcellino
733 582 1020 631 coss.,uon
1050 566 1342 633 bisextilis,
1379 568 1474 624 sed
1504 568 1575 623 ab
1603 583 1671 624 eo
1697 584 1897 624 secun-

305 659 412 715 dus
439 668 545 714 est.
575 659 708 725 Qua:
741 658 924 712 omnia
965 658 1020 713 id
1065 658 1211 729 quod
1243 659 1406 714 modo
1439 660 1780 729 propositum
1811 668 1896 715 est

307 753 611 809 certissime
645 751 1057 807 demonstrant:
1103 767 1309 807 annum
1339 751 1619 807 lulianum
1656 752 1894 822 primum

306 861 404 916 per
434 859 743 914 regressum
777 842 831 898 in
877 844 1173 907 anteriora,
1201 860 1416 915 usuque
1453 855 1643 900 nostro
1669 843 1894 899 bisexti-

308 940 412 991 Iern
441 950 584 1000 esse,
620 944 680 989 ut
715 946 769 990 et
811 933 1017 990 Paulus
1069 934 1641 1006 Forosemproniensis
1684 937 1891 993 docuit.

310 1027 406 1085 Est
423 1037 605 1083 autem
640 1030 693 1083 in
719 1028 1113 1085 constituendis
1134 1028 1474 1085 bisextilibus
1495 1030 1758 1085 habendae
1784 1046 1893 1085 non

306 1121 566 1177 editionis
612 1120 866 1183 Julianus.
908 1120 1002 1177 sed
1032 1120 1338 1190 Augustaeaa
1365 1136 1433 1177 ac
1470 1130 1672 1177 nostra
1716 1121 1891 1177 ratio:

308 1212 361 1266 id
391 1213 535 1282 quod
568 1212 870 1267 Annalibus
925 1213 1261 1282 imposuisse
1300 1212 1536 1268 videtur.
1584 1210 1644 1267 In
1695 1214 1897 1284 quibus

308 1316 434 1356 cum
484 1316 553 1356 ex
600 1300 730 1356 Julii
778 1300 1012 1356 Caesaris
1044 1301 1390 1357 institutione
1423 1300 1726 1357 bisextilem
1768 1318 1893 1357 eum

306 1406 431 1447 esse
470 1399 834 1448 monstrasset
879 1407 1111 1456 annum,
1143 1407 1254 1463 quo
1283 1392 1549 1449 Lentulus
1582 1403 1637 1449 et
1669 1393 1897 1451 Marcel-

308 1482 455 1538 llnus
499 1498 646 1540 coss.
691 1482 935 1549 fuerunt,
978 1466 1286 1540 confectam
1339 1485 1444 1541 sibi
1480 1501 1597 1541 rem
1638 1485 1892 1557 putavit:

302 1577 466 1647 quasi
514 1577 786 1644 eamdem,
836 1593 1001 1647 quam
1035 1591 1066 1631 a
1111 1575 1258 1633 Julio
1291 1577 1509 1634 Caesare
1556 1578 1893 1649 propositam

304 1668 559 1750 aliirmat,
600 1669 932 1724 bisextilium
983 1669 1179 1725 seriem
1230 1669 1513 1741 Augustus
1557 1670 1891 1726 retinuisset.

305 1759 388 1816 Ex
424 1776 534 1832 quo
571 1772 626 1816 et
652 1761 785 1817 illud
834 1761 1078 1817 manavit
1129 1770 1187 1816 ut
1231 1764 1297 1834 τῇ
1327 1762 1582 1817 ὑποθέσει
1629 1761 1894 1817 δουλεύων

1996 568 2068 623 ab
2119 568 2309 624 invitis
2357 578 2663 639 extorquet.
2714 568 2848 625 Nam
2881 571 2928 626 si
2958 572 3064 626 hoc
3102 587 3271 636 anno,
3316 588 3426 643 quo
3467 574 3584 630 haec

1995 660 2308 726 scribimus,
2360 661 2453 731 qui
2503 671 2589 717 est
2639 678 2762 717 aera:
2819 662 3166 735 Dionysianae
3214 663 3346 720 1621
3396 666 3584 738 cyclus

1994 752 2158 822 vulgo
2192 761 2538 820 numeratur,
2612 754 2745 809 solis
2772 754 2826 820 6,
2874 754 3015 810 lunae
3043 757 3097 820 7,
3158 756 3348 812 indict.
3377 756 3433 821 4,
3489 774 3585 814 ne-

1994 858 2151 899 cesse
2193 853 2279 899 est
2329 852 2390 900 ut
2431 860 2610 900 annus
2658 860 2781 901 aera:
2815 846 3024 915 primus
3077 846 3263 918 cyclos
3310 847 3582 913 habuerit.

1995 936 2128 991 solis
2162 935 2252 1001 10,
2288 936 2434 991 inme
2458 937 2514 1001 2,
2548 937 2735 992 indict.
2768 937 2837 1004 4;
2869 936 3073 993 Natalis
3100 953 3230 994 vero
3258 937 3461 994 Christt
3491 956 3585 995 so-

1995 1026 2062 1082 lis
2089 1027 2143 1093 9,
2176 1027 2319 1082 lunaa
2349 1028 2375 1081 1
2401 1067 2418 1093 ,
2470 1029 2660 1083 indict.
2695 1044 2727 1084 a
2762 1027 2884 1083 Kal.
2919 1028 3042 1085 Jan.
3087 1030 3141 1084 5.
3217 1028 3335 1087 Non
3407 1039 3588 1102 potest

1994 1126 2176 1172 autem
2212 1119 2405 1189 triplex
2440 1120 2530 1173 hic
2556 1129 2868 1190 postremus
2897 1121 3183 1176 character
3210 1121 3388 1187 alteri,
3418 1138 3584 1193 quam

1994 1210 2064 1265 45
2108 1208 2328 1266 Juliano
2378 1212 2570 1274 tribui,
2632 1210 2850 1285 Olymp.
2894 1213 2998 1270 194
3069 1228 3216 1269 anno
3249 1214 3285 1269 4
3328 1214 3582 1270 labente:

1997 1302 2151 1358 urbis
2176 1303 2371 1369 .Romze
2402 1319 2433 1359 a
2468 1303 2735 1361 Palilibus
2762 1304 3121 1361 Varronianis
3151 1306 3256 1361 755
3284 1325 3297 1361 :
3331 1306 3384 1361 id
3416 1308 3583 1378 quod,

1996 1393 2039 1447 si
2074 1402 2219 1449 recte
2262 1395 2545 1466 superiora
2583 1397 2758 1467 posita
2792 1406 2942 1461 sunt,
2975 1399 3284 1453 necessario
3315 1400 3584 1469 sequitur.

1993 1481 2362 1542 Pra-termitto
2409 1487 2604 1542 sideris
2649 1488 2941 1558 utriusque
2970 1487 3311 1546 defectiones
3346 1506 3410 1546 ac
3460 1491 3587 1547 reli-

1993 1591 2135 1646 quos
2167 1594 2437 1633 annorum
2471 1580 2816 1636 characteres
2847 1596 2912 1636 ac
2964 1591 3122 1637 notas
3154 1600 3166 1636 :
3200 1584 3403 1652 quibus
3430 1584 3580 1639 velut

1994 1667 2327 1727 ﬁrmissimis
2376 1672 2651 1742 pnesidiis
2684 1682 2991 1743 temporum
3039 1674 3156 1729 haec
3185 1674 3432 1730 doctrina
3464 1692 3588 1731 mu-

1996 1762 2281 1818 nitur:de
2325 1764 2529 1833 quibus
2574 1764 2822 1835 plerique
2900 1766 3006 1822 hac
3054 1775 3378 1838 tempestate
3427 1770 3587 1825 docte

304 1868 513 1909 annum
545 1852 825 1908 lulianum
870 1852 934 1908 51
987 1852 1294 1925 legitimum
1343 1869 1411 1908 ex
1441 1852 1675 1925 Augusti
1710 1869 1896 1909 corre-
1925 1842 1968 1897 Β
1996 1863 2261 1925 acuteque
2291 1855 2654 1925 scripserunt.

304 1950 489 2006 ctione
536 1949 811 2005 bisextum
840 1948 1103 2005 habuisse
1135 1950 1360 2006 diceret.
1398 1949 1536 2005 Nam
1570 1951 1687 2006 sive
1730 1951 1800 2005 ab
1828 1964 1896 2005 eo

303 2039 377 2094 ad
406 2039 478 2093 45
523 2053 800 2105 recurras,
851 2038 967 2094 sive
1011 2054 1043 2094 a
1088 2039 1268 2109 primo
1297 2038 1517 2096 Iuliano
1549 2040 1615 2096 ad
1643 2042 1894 2096 eumdem

306 2127 377 2182 18
415 2127 739 2192 descendas,
793 2127 847 2181 in
900 2127 1209 2183 bisextilem
1259 2129 1490 2184 incides.
1544 2128 1649 2184 Sed
1694 2129 1893 2185 falsum

303 2229 412 2280 est,
455 2234 660 2275 annum
706 2218 985 2275 lulianum
1017 2236 1081 2276 ex
1116 2222 1345 2292 Augusti
1396 2220 1784 2277 reformatione
1813 2222 1896 2277 bi-

307 2311 559 2367 sextilem
612 2311 825 2367 fuisse:
859 2313 1161 2381 praesertim
1215 2314 1264 2369 si
1311 2313 1567 2369 vitiosum
1619 2314 1895 2369 biscxtum

310 2406 692 2462 duodecimum
739 2421 884 2461 anno
942 2404 1162 2461 Juliano
1215 2405 1306 2473 56,
1339 2406 1487 2477 quod
1541 2407 1773 2461 Annales
1810 2406 1895 2462 fa-

311 2499 484 2562 ciunt,
518 2497 896 2563 tribuerimus,
923 2498 1060 2554 adeo
1089 2508 1151 2554 ut
1192 2499 1474 2571 Augustus
1515 2514 1660 2555 anno
1686 2499 1755 2555 53
1784 2509 1896 2555 sta-

309 2591 473 2646 tuerit
504 2591 790 2647 duodecim
816 2591 940 2646 illos
961 2591 1080 2648 sine
1108 2591 1321 2647 bisexto
1351 2592 1732 2662 transigendos
1751 2607 1890 2647 esse.

305 2682 380 2738 Ut
407 2685 567 2741 enim
584 2684 818 2741 alb-armo
835 2682 1052 2740 Juliano
1076 2684 1145 2740 57
1161 2685 1370 2754 primus
1398 2699 1462 2738 ex
1493 2684 1758 2740 duodenis
1787 2685 1894 2741 illis

302 2760 630 2850 ἀζνεμὸόλοις
673 2777 922 2847 cmperit,
970 2776 1331 2832 duodecimus
1369 2775 1474 2831 erit
1499 2774 1750 2832 Julianus
1776 2775 1848 2831 48
1876 2795 1890 2832 :

311 2886 421 2940 quo
471 2878 685 2934 exacto,
736 2872 1141 2941 peremptisque
1187 2868 1418 2924 bisextis
1464 2868 1753 2938 superﬂuis
1800 2871 1896 2924 tri-

307 2962 434 3029 bus,
478 2977 657 3017 annus
705 2961 761 3015 in
811 2962 956 3015 viam
1004 2959 1266 3015 reductus
1296 2969 1397 3015 est.
1442 2958 1596 3016 Hanc
1640 2976 1792 3028 vero,
1835 2968 1896 3016 ut

309 3053 500 3108 ordine
533 3067 598 3107 ac
644 3051 854 3107 ratione
901 3050 1162 3121 deinceps
1208 3050 1505 3117 insisteret,
1537 3060 1731 3120 quarto
1773 3059 1897 3121 post

310 3145 381 3201 48
404 3160 550 3200 anno
570 3144 860 3236 Abisextilis
875 3141 1454 3236 annusncellocandus
1495 3142 1630 3211 fuit;
1676 3141 1893 3200 Juliano
1918 3176 1961 3236 ο

310 3237 521 3291 scilicet
548 3234 637 3298 52,
656 3245 715 3290 ut
738 3251 806 3289 ex
830 3233 999 3289 Paulo
1031 3232 1390 3303 Middelburg.
1424 3236 1677 3304 superius
1708 3241 1892 3287 osten-

308 3330 513 3385 dimus.
550 3329 621 3383 At
659 3343 793 3383 vero
834 3327 880 3382 si
911 3327 973 3382 51
1021 3341 1226 3381 annum
1272 3326 1580 3381 bisextilem
1612 3326 1893 3395 Augustus

309 3437 433 3477 esse
459 3420 657 3484 voluit,
686 3419 742 3475 in
788 3418 932 3474 idem
966 3417 1161 3472 vitium
1198 3418 1450 3486 incurrit,
1484 3419 1630 3489 quod
1665 3416 1893 3472 Julianm

308 3513 566 3569 editionis
598 3512 756 3567 initio
789 3509 1145 3566 commissum
1176 3508 1397 3576 fuerat;
1434 3524 1628 3579 nempe
1653 3521 1712 3563 ut
1733 3514 1892 3563 tertio

309 3611 433 3675 post
480 3602 783 3658 bisextilem
842 3616 989 3656 anno
1038 3601 1311 3656 bisexlilis
1364 3600 1520 3655 aliter
1577 3611 1888 3670 poneretur.

310 3696 554 3767 Denique
581 3709 744 3750 nemo
776 3695 1040 3750 hactenus
1072 3693 1326 3749 inventus
1358 3702 1461 3757 est,
1490 3693 1584 3764 qui
1613 3691 1890 3747 Julianum

311 3788 373 3842 51
416 3797 541 3859 post
569 3787 802 3859 Augusti
847 3785 1286 3842 emendationem
1318 3786 1623 3841 bisextilem
1666 3785 1887 3841 faceret.

385 3881 456 3935 At
481 3881 627 3936 enim
649 3878 1072 3936 trecentesimus
1114 3877 1487 3949 sexagesimus
1515 3887 1743 3948 quartus
1771 3886 1894 3949 post

308 3972 462 4026 illum
494 3971 764 4027 bisextilis
808 3982 913 4033 est,
948 3979 1045 4025 aut
1078 3971 1385 4025 docendum
1438 3969 1493 4023 in
1542 3970 1893 4026 recensendis

310 4078 457 4119 coss.
488 4063 681 4117 vitium
712 4062 1023 4133 irrepsisse.
1069 4062 1195 4118 Haec
1228 4063 1373 4118 enim
1410 4064 1699 4117 Annalium
1727 4064 1892 4119 verba

311 4164 459 4211 sunt.
504 4154 611 4211 Sed
647 4164 701 4211 et
728 4156 861 4210 illud
902 4171 1010 4210 non
1050 4157 1234 4210 minus
1277 4155 1496 4225 falsum,
1528 4172 1730 4210 artuum
1772 4172 1894 4213 aera:

310 4247 643 4304 Christianae
705 4246 839 4310 364,
895 4256 1019 4319 post
1070 4247 1357 4304 Lentulum
1411 4260 1466 4304 et
1519 4248 1892 4305 Marcellinum

311 4352 459 4394 coss.
507 4352 633 4394 esse
672 4339 1116 4394 trecentesimum
1164 4340 1566 4411 sexagesimum
1610 4348 1891 4411 quartum,

312 4442 439 4483 cum
477 4442 602 4483 vere
642 4426 715 4483 sit
740 4428 809 4483 ab
842 4427 1060 4482 illorum
1107 4430 1393 4484 consulatu
1430 4429 1534 4484 566
1564 4446 1579 4496 ;
1609 4431 1891 4486 sciendum

2071 1945 2150 2000 Ac
2193 1946 2261 2001 de
2295 1945 2463 2017 cyclis
2513 1958 2569 2002 et
2618 1946 2672 2001 id
2721 1961 2892 2020 genus
2927 1948 3050 2005 aliis
3096 1929 3433 2006 mentionem
3481 1952 3586 2009 hoc

1986 2035 2121 2092 ,loco
2151 2054 2219 2093 ne
2251 2039 2432 2095 littera
2462 2039 2684 2110 quidem
2717 2041 3039 2111 attigissem,
3086 2043 3191 2098 nisi
3233 2058 3265 2097 a
3307 2053 3587 2102 nonnuttis

2000 2137 2172 2183 totum
2206 2129 2311 2185 hoc
2353 2131 2630 2199 negorium
2682 2130 2984 2201 improbari
3015 2147 3319 2198 cernerem,
3353 2148 3419 2189 ac
3468 2144 3586 2190 tan-

1996 2236 2163 2291 quam
2202 2222 2363 2275 inane
2423 2230 2589 2291 atque
2627 2223 2868 2277 otiosum
2897 2221 3087 2276 rideri.
3120 2220 3241 2277 Vidi
3272 2240 3373 2296 ego
3410 2240 3586 2293 nuper

1996 2316 2088 2386 qui
2124 2316 2255 2371 huic
2304 2315 2561 2370 methodo
2593 2315 2807 2385 pondus
2857 2329 2923 2370 ac
2970 2314 3131 2370 ﬁdem
3171 2317 3239 2372 iis
3281 2318 3584 2373 rationibus

1996 2407 2331 2464 detraheret.
2375 2407 2623 2463 Primum
2654 2408 2931 2479 cyclorum
2959 2408 3221 2463 incertam
3251 2410 3434 2465 aiebat
3463 2425 3585 2466 esse

1995 2500 2435 2571 dispositionem,
2482 2515 2660 2569 neque
2698 2514 3029 2570 quemquam
3059 2515 3227 2555 unum
3256 2517 3380 2556 cum
3412 2503 3599 2557 altero.

1996 2594 2332 2650 convenire:
2369 2594 2516 2664 quod
2564 2593 2659 2647 alii
2703 2593 2810 2648 alio
2866 2593 3001 2649 solis
3032 2608 3096 2649 ac
3139 2595 3283 2650 lunae.
3310 2597 3463 2668 cyclo
3499 2595 3585 2650 fa-

1996 2686 2262 2741 bricatum
2295 2686 2465 2741 velint
2504 2685 2846 2741 universum.
2881 2683 2988 2740 Sed
3016 2686 3141 2741 huic
3167 2685 3326 2743 facile
3357 2703 3389 2742 a
3416 2690 3576 2745 nobis

1998 2777 2333 2831 occurritur.
2364 2774 2537 2831 Nemo
2568 2784 2654 2832 est
2680 2775 2827 2831 enim
2869 2776 2964 2845 qui
2994 2776 3215 2847 quidem
3246 2778 3356 2833 duo
3385 2794 3448 2834 ac
3480 2781 3584 2835 tria

1996 2882 2283 2921 numerare
2330 2868 2537 2937 possit,
2588 2867 2684 2938 qui
2759 2868 2813 2921 in
2869 2866 3205 2939 Dionysiana
3257 2871 3583 2942 vulgarique

1996 2957 2171 3013 forma
2202 2958 2385 3030 cyclos
2413 2959 2570 3012 aliter
2611 2967 2891 3028 computet
2914 2975 3078 3029 quam
3126 2960 3309 3030 quivis
3340 2978 3371 3016 e
3396 2962 3578 3033 vulgo.

1995 3050 2181 3107 Potest
2209 3052 2429 3121 quidem
2479 3052 2532 3104 in
2585 3064 2880 3115 annorum,
2933 3051 3026 3121 qui
3076 3052 3146 3106 ab
3193 3052 3327 3108 orbe
3359 3056 3582 3111 condito

1994 3144 2224 3203 ﬂuxere,
2260 3158 2493 3197 numero
2520 3143 2658 3199 alter
2692 3142 2760 3197 ab
2788 3143 2961 3198 altero
2988 3143 3301 3200 dissentire.
3351 3143 3454 3201 Sed
3486 3148 3581 3217 qui

1993 3239 2062 3291 de
2091 3236 2251 3289 anuis
2280 3235 2422 3289 inter
2448 3250 2506 3289 se
2545 3235 2921 3295 convenerint,
2964 3234 3020 3288 in
3049 3235 3242 3306 cyclis,
3272 3236 3376 3291 uisi
3412 3252 3582 3307 pecu-

1993 3325 2091 3380 des
2151 3326 2297 3389 sint,
2365 3324 2697 3379 conveniant
2762 3338 2988 3380 necesse
3042 3333 3148 3380 est.
3219 3323 3394 3381 Habet
3450 3343 3583 3382 vero

1994 3433 2251 3488 magnum
2294 3433 2355 3471 ea
2389 3431 2478 3471 res
2507 3415 2575 3470 ad
2607 3430 2780 3475 annos
2807 3414 3137 3470 evolvendos
3169 3431 3329 3471 usum
3370 3426 3425 3472 et
3479 3432 3581 3488 0p-

1994 3509 2379 3579 portunitalem
2412 3527 2425 3562 :
2462 3518 2521 3563 ut
2566 3524 2597 3562 a
2630 3507 2804 3577 teipse
2841 3522 2952 3562 non
2997 3507 3290 3573 dissidens,
3323 3517 3378 3563 ut
3408 3524 3581 3564 anno-

1994 3617 2116 3656 rum
2152 3602 2471 3665 varietates,
2518 3615 2643 3671 quse
2677 3607 2808 3655 sunt
2833 3614 2933 3670 pro
2958 3600 3238 3656 nationum
3268 3601 3582 3657 diversitate

1994 3693 2344 3761 multiplices,
2393 3701 2597 3747 certam
2654 3690 2724 3746 ad
2774 3692 3014 3760 regulam
3056 3695 3414 3764 normamque
3455 3695 3581 3748 diri-

1995 3800 2112 3856 gas,
2166 3796 2225 3839 ut
2262 3785 2332 3839 ab
2379 3785 2762 3839 astronomicis
2793 3786 3268 3842 observationibus
3296 3789 3350 3842 in
3397 3803 3581 3858 perse-

1995 3873 2214 3943 quenda
2274 3883 2580 3945 temporum
2644 3875 3013 3945 descriptione
3081 3892 3189 3930 non
3259 3878 3577 3935 abhorreas.

1998 3963 2207 4019 Etenim
2260 3965 2305 4019 si
2367 3965 2495 4019 anni
2546 3963 2749 4019 Juliani
2791 3963 2988 4028 forma,
3038 3982 3161 4036 qua:
3205 3975 3326 4037 post
3354 3960 3581 4038 'aliquot

1997 4068 2267 4109 annorum
2322 4055 2491 4109 millia
2533 4065 2748 4124 recepta
2796 4055 2921 4119 fuit,
2954 4066 3174 4127 propter
3218 4061 3580 4117 commodita-

1994 4156 2106 4202 tem
2162 4149 2231 4201 ab
2287 4148 2542 4203 erunibus
2589 4148 2747 4203 hodie
2801 4150 3149 4220 chronologis
3199 4151 3266 4205 ad
3303 4154 3578 4211 anteriora

1995 4240 2159 4294 etiam
2201 4248 2446 4308 tempora
2487 4249 2796 4303 revocatur,
2853 4241 2920 4293 ad
2982 4256 3215 4310 eamque
3266 4242 3581 4299 referuntur

1991 4329 2117 4399 jure
2148 4340 2376 4393 ceterae,
2405 4345 2504 4385 cur
2537 4346 2646 4385 non
2689 4332 2742 4384 in
2782 4332 2951 4403 cyclis
2986 4347 3250 4400 usurpare
3273 4334 3414 4390 idem
3446 4337 3579 4392 lice-

1995 4422 2119 4476 bit?
2159 4421 2435 4489 Qmeritur
2464 4439 2573 4493 quo
2615 4439 2761 4479 anno
2795 4425 2972 4494 Cyrus
3005 4424 3316 4500 in.Perside
3350 4442 3579 4498 regnare

310 4520 458 4575 enim
488 4528 572 4575 est
596 4519 708 4575 duo
727 4520 780 4574 in
807 4519 1102 4574 Annalibus
1126 4521 1280 4590 paria
1302 4521 1595 4576 consulum
1619 4531 1891 4594 exempta,
1923 4536 1969 4591 ι)
1998 4514 2244 4583 coeperit.
2273 4514 2475 4570 Audies
2491 4531 2519 4569 a
2539 4516 2887 4586 chronologis
2909 4531 3054 4571 anno
3071 4518 3247 4588 primo
3273 4515 3486 4591 Olymp.
3507 4521 3581 4576 55

310 4612 514 4683 quibus
562 4627 631 4668 ex
680 4612 875 4669 ordine
915 4612 1168 4676 sublatis,
1228 4611 1541 4667 Christiana
1594 4629 1723 4682 aera,
1769 4630 1892 4685 qua:

310 4703 534 4759 biennio
577 4703 843 4757 hactenus
892 4703 1191 4772 anticipata
1244 4701 1442 4769 fuerat,
1500 4718 1625 4757 cum
1682 4704 1893 4775 vulgari

312 4796 532 4851 demum
571 4795 627 4849 in
656 4795 1004 4850 concordiam
1042 4793 1201 4849 rediit
1232 4815 1245 4848 :
1278 4794 1423 4863 quod
1468 4794 1611 4848 idem
1652 4795 1707 4849 in
1741 4794 1894 4850 Onu-

311 4887 504 4944 frianis
546 4886 745 4952 Fastis,
791 4886 907 4957 pari
960 4901 1103 4941 coss.
1148 4900 1261 4940 uno
1296 4901 1612 4955 suppresso,
1643 4887 1889 4960 contigit,

310 4986 378 5039 de
406 4998 514 5052 qua
542 4997 599 5036 re
630 4980 990 5052 Opportunius
1023 4978 1151 5034 alibi
1196 4978 1429 5035 dicetur.

380 5073 499 5129 Jam
550 5089 702 5137 vero,
751 5075 897 5144 quod
949 5086 1057 5126 mra
1110 5072 1202 5126 illa
1257 5073 1590 5136 communis,
1639 5087 1802 5143 quam
1859 5087 1892 5128 a

310 5166 513 5221 Christi
542 5165 714 5220 Natali
746 5165 1066 5235 repetimus,
1093 5166 1345 5221 eumdem
1377 5164 1622 5220 Natalem
1648 5166 1701 5219 in
1729 5167 1889 5220 linem

309 5256 511 5312 Juliani
546 5257 617 5312 45
644 5258 922 5329 conjiciat,
951 5273 1018 5312 ex
1048 5257 1338 5327 disputatis
1384 5257 1648 5312 hactenus
1678 5257 1752 5311 ita
1780 5257 1893 5311 col-

310 5347 827 5418 ligitur:Augustus
875 5349 1171 5418 imperator
1199 5348 1437 5402 excessit
1479 5362 1622 5401 anno
1673 5345 1891 5401 Juliano

293 5440 404 5493 -59,
441 5438 536 5494 Est
581 5449 760 5495 autem
813 5456 859 5495 IS
890 5456 1013 5495 :erae
1065 5438 1409 5510 Dionysianaz
1438 5438 1523 5504 l4,
1561 5448 1620 5492 ut
1645 5448 1771 5493 ante
1798 5439 1891 5493 de-

308 5540 671 5586 monstratum
708 5542 807 5589 est.
853 5532 1022 5603 Igitur
1055 5548 1176 5587 aerze
1208 5531 1371 5600 hujus
1406 5532 1619 5585 initium
1645 5546 1708 5585 ex
1744 5546 1792 5584 a.
1830 5531 1886 5585 d.

308 5620 428 5678 Kal.
459 5622 583 5678 Jan.
617 5625 811 5694 incipit
860 5624 988 5679 anni
1032 5623 1232 5677 Juliani
1274 5623 1364 5688 46,
1394 5625 1635 5691 adeoque
1683 5621 1889 5679 Natalis

306 5712 508 5769 Christi
563 5714 922 5773 Dionvsianus
964 5731 1086 5769 cum
1127 5728 1271 5768 anno
1317 5712 1534 5769 Juliauo
1563 5714 1633 5767 45
1656 5723 1888 5770 exeunte

304 5810 578 5871 auteruit.
624 5809 933 5877 Quinetiam
963 5808 1233 5878 cyclorum
1289 5807 1603 5879 pervulgata
1639 5815 1885 5877 recepta-

1998 4605 2285 4676 imperium
2320 4609 2547 4678 cepisse.
2591 4607 2696 4663 Sed
2731 4625 2856 4664 cum
2886 4608 3228 4682 Olympiades
3278 4614 3346 4666 ab
3388 4613 3580 4669 aestivo

1995 4698 2230 4753 solstitio
2270 4698 2475 4766 ineant,
2508 4711 2691 4754 unum
2737 4702 2804 4755 de
2844 4703 3118 4771 prioribus
3151 4719 3202 4758 vr
3250 4706 3378 4759 anni
3432 4706 3577 4761 illius

1993 4789 2298 4856 mensibus,
2334 4805 2403 4843 an
2443 4790 2511 4844 de
2549 4792 2947 4860 posterioribus
2999 4794 3312 4865 loquantur,
3362 4797 3464 4853 hoc
3494 4808 3576 4853 est

1992 4882 2060 4937 de
2091 4897 2234 4939 anno
2262 4884 2470 4953 periodi
2509 4882 2740 4939 Iuliana:
2765 4886 2925 4951 4154,
2957 4903 3026 4942 an
3070 4889 3231 4953 4155,
3266 4891 3437 4946 nihilo
3463 4905 3575 4945 ma-

1992 4975 2074 5047 gis
2131 4992 2413 5049 agnosces.
2487 4977 2693 5044 Quodsi
2730 4980 3103 5050 chronologus
3149 4981 3259 5045 ille,
3325 4983 3577 5053 quisquis

1991 5077 2096 5132 est,
2116 5070 2300 5140 cyclos
2330 5070 2624 5134 addiderit,
2654 5072 2838 5126 statim
2864 5081 2989 5127 utro
3017 5089 3163 5128 anno
3194 5073 3398 5131 factum
3428 5076 3576 5131 dixe-

1991 5160 2063 5214 rit
2093 5161 2402 5216 uecessario
2439 5162 2779 5218 docebimur.

2061 5250 2133 5306 At
2156 5252 2302 5306 enim
2334 5252 2390 5306 in
2422 5268 2569 5310 anno
2598 5253 2782 5323 aliquo
2815 5254 3051 5323 primum
3083 5255 3218 5326 cyrli
3245 5255 3406 5309 deﬁxi
3450 5270 3573 5311 esse

1991 5344 2211 5409 debent,
2262 5360 2373 5415 quo
2394 5361 2461 5401 ex
2492 5361 2640 5401 anno
2675 5347 3010 5417 reliquorum
3035 5349 3169 5419 cycli
3200 5349 3487 5418 pendeant.
3518 5346 3570 5404 Is

1991 5446 2173 5492 autem
2232 5430 2520 5507 neque'ex
2560 5439 2863 5508 Scriptura,
2914 5455 3091 5509 neque
3126 5440 3343 5494 aliunde
3393 5448 3569 5510 potest

1991 5528 2191 5598 colligi.
2224 5526 2375 5583 Itane
2414 5528 2585 5583 vero?
2615 5528 2690 5583 De
2720 5530 2888 5601 cyclis
2914 5530 3054 5585 inter
3091 5530 3435 5585 Christianos
3467 5531 3567 5583 lio-

1989 5622 2077 5676 die
2112 5637 2221 5675 non
2249 5622 2525 5686 convenit,
2554 5621 2648 5691 qui
2679 5623 2898 5691 quidem
2933 5640 3279 5679 communem
3322 5625 3568 5677 matricis

1988 5714 2282 5779 Ecclesiae,
2317 5714 2422 5769 hoc
2453 5725 2537 5770 est
2588 5715 2870 5783 Romanae,
2920 5733 3080 5773 usuin
3126 5716 3400 5770 retinent?
3445 5714 3565 5770 Non

1987 5820 2179 5865 omnes
2208 5821 2410 5861 aurium
2442 5805 2647 5862 Christi
2680 5806 2926 5865 Natalem
2985 5809 3039 5864 in
3079 5810 3290 5873 cvclum
3336 5809 3468 5866 solis
3507 5809 3565 5872 9.

2343 6008 2356 6039 |
