4118 6402
532 375 640 434 905

1667 369 2012 428 APPENDIX
2056 367 2686 425 DISSERTATIONUM.

3693 370 3816 427 904

530 493 677 550 lunae
712 493 736 547 1
770 490 1104 549 conferunt?
1153 491 1286 558 Quis
1316 501 1433 558 est,
1485 493 1579 563 qui
1631 494 1676 548 si
1725 495 1864 548 alios
1917 493 1969 546 in
2017 493 2119 546 ista
2149 496 2192 548 Α
2223 505 2386 554 anno,
2415 491 2684 560 quibusve
2706 500 3024 551 coss.natus
3042 487 3398 554 sitChristus,
3421 487 3807 558 exposuimus.

529 584 784 638 methodo
817 585 1000 655 cyclos
1035 584 1308 646 statuerit,
1358 599 1466 638 non
1503 585 1587 638 vel
1633 584 1700 637 ah
1748 584 1994 654 lugistica
2029 599 2113 637 re-

532 673 786 728 fellatur?
817 673 1094 728 Habemus
1125 675 1290 742 igitur
1321 673 1374 726 in
1412 689 1521 728 aera
1563 672 1903 744 Dionysiana
1939 682 2114 728 statos

529 773 586 820 et
616 765 757 820 ﬁxos
803 779 1071 819 annorum
1113 769 1335 836 cyclos.
1381 781 1414 820 a
1462 766 1664 835 quibus
1699 774 1807 818 tam
1842 765 1908 818 ad
1955 779 2116 833 supe-

530 858 699 924 riora,
733 873 896 926 quam
928 858 995 912 ad
1025 858 1284 914 inferiora
1322 871 1566 927 tempora
1596 858 1847 928 progredi
1897 858 1949 911 in
1989 857 2115 910 inli-

531 952 706 1006 nitum
753 952 914 1017 licet;
964 967 1142 1022 neque
1179 969 1404 1009 necesse
1445 963 1530 1008 est
1571 955 1625 1008 id
1658 969 1726 1009 ex
1766 954 1932 1009 ullius
1962 953 2118 1007 testi-

530 1043 718 1097 monio
762 1043 1088 1112 scriptoris,
1136 1046 1218 1098 vel
1261 1046 1449 1114 eclipsi
1499 1061 1566 1100 ex
1611 1047 1793 1114 aliqua
1841 1055 2114 1110 constare,

531 1148 656 1186 eum
685 1148 964 1189 consensu
1005 1135 1248 1188 omnium
1278 1135 1522 1190 stabilita
1553 1136 1625 1189 sit
1662 1136 1766 1190 ista
1801 1135 2113 1199 niethodus,

530 1232 584 1277 et
607 1223 661 1276 in
689 1239 848 1278 usum
876 1225 1129 1279 deducta.
1156 1224 1443 1280 Postremo
1473 1225 1602 1279 illud
1629 1226 1943 1295 opponitur,
1968 1225 2116 1294 quod

532 1315 601 1369 ad
652 1316 925 1385 eyelorum
950 1332 1014 1369 ac
1042 1317 1344 1372 caelestium
1368 1320 1611 1372 omnium
1639 1319 1980 1388 φαινομένων
2009 1319 2120 1372 ele-

532 1406 762 1459 vandam
779 1406 934 1460 ﬁdem
955 1411 1207 1475 pertinet.
1231 1408 1362 1462 Nam
1383 1425 1507 1464 cum
1527 1410 1752 1479 eclipsin
1771 1410 2120 1479 aliquamTa-

532 1496 673 1550 citus
700 1505 830 1564 puta
884 1499 965 1550 vel
991 1497 1089 1551 Dio
1113 1507 1262 1554 certo
1282 1515 1427 1553 anno
1451 1501 1745 1570 contigisse
1762 1511 2006 1566 narrant,
2024 1501 2121 1555 ho-

533 1602 656 1642 rum
697 1588 1024 1656 scriptorum
1075 1591 1446 1645 testimonium
1486 1591 1646 1645 ﬁdem
1687 1606 1795 1645 non
1845 1591 1975 1645 facit
2015 1592 2120 1645 hu-

533 1693 694 1732 mana
724 1678 1004 1747 majorem.
1022 1678 1202 1744 Quare
1219 1681 1365 1749 quod
1390 1681 1627 1735 indidem
1650 1681 1885 1746 elicitur,
1915 1693 2120 1736 tantam

534 1767 698 1822 habet
715 1768 1325 1840 certitudinem,quanta
1351 1771 1599 1826 historici
1625 1773 1771 1827 illius
1786 1789 1906 1829 esse
1923 1783 2118 1843 potest,

2219 579 2331 635 line
2351 581 2514 651 igitur
2528 583 2845 652 quicunque
2866 593 3014 637 certa
3039 583 3254 636 ratione
3281 581 3604 648 investigare
3620 583 3814 636 conati

2220 682 2384 734 sunt,
2440 674 2565 728 licet
2608 688 2717 727 non
2773 676 2962 727 eadem
3013 673 3152 726 inter
3204 686 3263 726 se
3317 673 3628 734 senserint,
3689 687 3813 725 uno

2220 773 2404 818 tamen
2457 765 2756 834 eodemque
2784 763 2943 818 Lucae
2985 761 3298 817 testimonio
3342 759 3498 826 l‘reti,
3554 761 3814 814 diversas

2222 854 2276 908 in
2308 864 2491 924 partes
2522 855 2796 909 abierunt.
2827 852 3134 924 Scripserat
3163 853 3520 923 evangelista,
3555 851 3810 920 baptiza-

2223 956 2337 1001 tum
2388 962 2511 1002 esse
2555 945 2846 1002 Dominum
2900 961 3047 999 anno
3085 946 3152 1000 i5
3208 943 3449 1007 Tiberii,
3505 961 3624 998 cum
3670 953 3810 998 esset

2221 1038 2376 1107 quasi
2423 1053 2684 1090 annorum
2741 1041 2981 1107 triginta.
3036 1036 3148 1089 Kal.
3187 1035 3351 1098 αὐτὸς
3397 1030 3467 1106 ἦν
3511 1037 3540 1087 ὁ
3595 1033 3813 1103 Ἰησοῦς

2221 1129 2353 1181 ὡσεὶ
2370 1129 2506 1180 ὲτῶν
2520 1130 2813 1199 τριάκοντα
2830 1129 3150 1200 ἀρχόμενος,
3171 1125 3268 1192 ὢν,
3285 1126 3360 1190 ὼς
3377 1125 3676 1196 ἐνομίζετο,
3694 1134 3806 1180 etc.

2223 1220 2360 1286 Quae
2389 1220 2552 1274 verba
2581 1236 2749 1274 unum
2785 1222 2931 1274 istud
2971 1220 3304 1290 signiﬁcant,
3341 1233 3450 1272 non
3498 1219 3729 1271 multum
3769 1231 3808 1269 α

2224 1312 2508 1365 tricesimo
2553 1326 2697 1366 anno
2731 1312 2907 1366 aetatis
2958 1309 3228 1376 abfuisse;
3277 1309 3373 1364 sed
3422 1318 3604 1362 utrum
3642 1309 3810 1362 trice-

2225 1403 2364 1456 simo
2426 1403 2677 1457 absoluto
2719 1414 2772 1457 et
2815 1404 2987 1457 altero
3031 1419 3096 1458 ac
3123 1402 3400 1457 tricesimo
3437 1402 3692 1463 ineunte,
3733 1414 3807 1452 an

2225 1502 2349 1560 post
2371 1494 2462 1557 29,
2490 1494 2710 1550 ineunte
2738 1495 2808 1549 50
2837 1495 2890 1549 id
2938 1496 3220 1561 acciderit,
3267 1495 3470 1549 diserte
3492 1508 3599 1548 non
3633 1491 3810 1560 expli-

2226 1591 2372 1637 cant.
2405 1584 2521 1638 lmo
2548 1601 2676 1641 vero
2715 1588 2841 1642 licet
2869 1587 3068 1656 aliquis
3101 1588 3380 1642 Christum
3409 1601 3556 1640 anno
3584 1584 3674 1643 28.
3717 1582 3810 1636 vel

2228 1676 2318 1741 35,
2371 1677 2705 1746 baptizatum
2733 1696 2854 1736 esse
2893 1681 3074 1745 dicat,
3120 1696 3226 1736 non
3257 1690 3436 1735 tamen
3482 1679 3810 1748 evangelicae

2229 1769 2533 1822 auctoritati
2561 1786 2680 1824 meo
2696 1771 2903 1840 judicio
2926 1781 3207 1842 repugnet,
3229 1771 3297 1826 de
3321 1787 3427 1840 quo
3457 1769 3805 1840 postmodum

534 1861 628 1930 qui
663 1861 713 1914 id
745 1859 998 1938 allirmat,
1024 1865 1340 1930 auctoritas.
1370 1863 1441 1917 Ex
1469 1865 1669 1933 quibus
1688 1881 1794 1919 non
1822 1864 2106 1920 mediocri.
2136 1853 2178 1908 Β
2207 1857 2492 1912 videbitur.
2531 1858 2634 1915 Sed
2663 1863 2756 1931 qui
2784 1861 2942 1918 Luem
2962 1865 3153 1917 verba‘
3183 1862 3584 1932 angustioribus
3613 1861 3807 1929 Spatiis

534 1962 618 2006 ter
653 1953 907 2007 aberrare
953 1953 1234 2007 contendit
1285 1969 1382 2008 eos
1429 1969 1644 2019 omnes,
1694 1955 1788 2024 qui
1817 1970 1884 2008 ex
1920 1953 2111 2010 istius-

535 2041 682 2095 modi
717 2042 880 2097 rebus
907 2043 1405 2098 demonstrationes
1436 2044 1786 2114 pollicentur,
1817 2054 1872 2099 et
1900 2045 1967 2100 de
1995 2046 2114 2099 die-

535 2130 640 2186 bus
666 2142 830 2201 atque
861 2133 1012 2188 horis
1040 2150 1170 2188 sane
1201 2136 1428 2189 lidenter
1450 2136 1829 2204 pronuntiant,
1856 2145 2114 2207 tanquam

466 2223 473 2235 '
536 2239 712 2295 nuper
739 2241 805 2280 ex
835 2228 1059 2281 deorum
1111 2228 1370 2289 concilio,
1426 2239 1521 2282 aut
1555 2229 1940 2284 intermundiis
1988 2229 2117 2298 Epi-

535 2317 652 2369 curi
683 2317 1082 2371 descenderint.
1117 2319 1192 2372 lta
1224 2319 1371 2373 enim
1401 2317 1578 2387 joeari
1614 2321 1808 2386 voluit,
1837 2320 1980 2390 quod
2016 2335 2114 2373 ne-

536 2419 690 2460 cesse
728 2422 836 2461 non
867 2407 990 2462 fuit.
1027 2409 1228 2464 Verum
1257 2411 1388 2480 quid
1419 2410 1552 2466 illud
1583 2419 1686 2476 est,
1724 2427 1935 2480 qumso,
1970 2411 2116 2480 quod

541 2496 670 2554 istic
698 2498 900 2553 audio?
930 2499 1052 2554 Non
1088 2502 1290 2556 habent
1317 2505 1827 2559 mathematicorum
1859 2505 2120 2559 observa-

539 2589 716 2644 tiones
770 2590 1035 2660 majorem
1103 2593 1342 2647 humana
1415 2593 1610 2649 ﬁdem?
1677 2594 1948 2649 Aceiderit
2005 2596 2121 2650 haec

536 2679 757 2748 eclipsis
789 2679 892 2735 hoc
921 2681 1006 2735 vel
1035 2681 1126 2736 illo
1157 2680 1500 2752 imperatoris
1528 2700 1694 2747 anno,
1731 2683 1976 2740 historiae
2016 2683 2119 2741 ﬁde

537 2770 752 2833 nititur,
785 2786 908 2840 qua:
939 2771 1156 2826 tametsi
1206 2773 1446 2827 humana
1495 2776 1588 2840 sit,
1637 2776 1706 2829 ab
1731 2790 1795 2829 ca
1823 2785 2002 2830 tamen
2036 2791 2121 2830 re-

539 2861 734 2917 cedere
780 2863 871 2916 vix
922 2864 1195 2919 interdum
1249 2880 1371 2920 esse
1413 2866 1662 2920 videatur
1709 2867 1969 2924 hominis.
2013 2868 2118 2924 Sed

540 2968 665 3006 cum
690 2953 757 3007 ad
789 2951 1038 3008 Julianos
1067 2956 1372 3021 praesertim
1407 2972 1604 3018 annos,
1629 2973 1771 3028 quos
1799 2975 1991 3013 omnes
2013 2959 2118 3013 sibi

540 3043 864 3114 chronologi
912 3046 1218 3115 praeﬁgunt,
1278 3045 1511 3100 deducta
1566 3062 1655 3102 res
1716 3046 1902 3111 fuerit,
1953 3057 2120 3118 quoto

541 3151 688 3190 anno
715 3136 936 3206 eclipsis
973 3137 1062 3190 illa
1090 3138 1404 3206 contigerit,
1429 3153 1536 3191 non
1570 3138 1810 3194 humana
1840 3139 1955 3209 jam
1988 3139 2111 3205 ﬁde,

540 3227 647 3282 hoe
674 3236 758 3281 est
787 3229 902 3282 sola
947 3228 1239 3298 scriptoris
1274 3228 1634 3295 auctoritate,
1678 3230 1771 3284 sed
1807 3231 2115 3285 certissima

537 3317 1009 3375 demonstratione
1042 3329 1277 3384 constat,
1313 3322 1381 3375 de
1410 3337 1519 3390 qua
1549 3322 1652 3376 nisi
1695 3322 1848 3391 prius
1890 3322 2118 3392 imperi-

541 3409 618 3463 tia
654 3409 1000 3471 numerandi,
1037 3409 1118 3464 vel
1151 3409 1460 3464 tabularum
1493 3410 1625 3463 vitio
1667 3411 1856 3480 lapsus
1890 3411 1992 3474 sit,
2018 3411 2120 3464 du-

540 3501 717 3556 bitare
746 3517 907 3555 nemo
943 3502 1168 3570 poterit.
1203 3499 1342 3554 Ecce
1375 3501 1470 3555 tibi
1500 3502 1552 3554 in
1589 3502 1712 3565 hoc,
1742 3501 1886 3571 quod
1924 3510 2121 3555 tracta-

539 3607 687 3657 mus,
717 3601 1062 3662 argumento,
1096 3604 1300 3662 quanta
1351 3593 1424 3648 sit
1468 3594 1698 3647 istorum
1737 3593 2117 3646 eharacterum

541 3683 750 3737 utilitas
791 3693 944 3751 potes
974 3683 1426 3738 animadvertere.
1470 3682 1624 3749 Quod
1660 3684 1824 3752 paulo
1855 3693 1977 3753 post
2004 3683 2118 3737 Au-

542 3776 687 3844 gusti
718 3785 948 3829 mortem
999 3776 1126 3830 luna
1170 3775 1452 3837 defecerit,
1485 3775 1588 3831 etsi
1616 3791 1683 3830 ex
1733 3775 2118 3832 historicorum

541 3866 927 3921 testiﬁcatione
953 3867 1252 3932 credimus,
1283 3878 1366 3922 est
1393 3883 1454 3921 ea
1487 3878 1666 3921 tamen
1709 3877 1968 3922 constans
1997 3868 2118 3937 opi-

543 3957 658 4024 nio,
694 3957 762 4011 de
799 3957 959 4026 cujus
988 3957 1220 4012 veritate
1253 3974 1320 4012 ne
1365 3958 1640 4012 levissime
1663 3958 1882 4024 quidem
1912 3959 2122 4011 dubita-

544 4056 652 4103 tur.
702 4047 820 4104 Jam
870 4059 1072 4120 quotus
1120 4049 1210 4104 hic
1271 4065 1450 4105 annus
1507 4050 1577 4104 sit
1622 4065 1744 4103 ante
1794 4048 2122 4105 Christiana:

542 4141 827 4210 queritur.
877 4139 981 4208 Qui
1032 4141 1311 4212 eyelorum
1358 4151 1410 4196 et
1466 4141 1740 4210 eclipseou
1798 4143 2116 4196 methodum

539 4233 823 4296 damnant,
843 4247 988 4286 anno
1031 4231 1364 4302 Dionysiano
1412 4229 1480 4285 16
1520 4232 1755 4286 tribuere
1789 4233 1982 4286 solent.
2019 4233 2117 4286 At-

539 4324 633 4394 qui
668 4323 714 4377 is
746 4331 829 4378 est
854 4339 970 4387 xiv,
1013 4338 1112 4377 nec
1145 4323 1255 4377 ulla
1286 4339 1527 4393 unquam
1557 4326 1896 4379 astronomia
1945 4326 2114 4380 alium

540 4415 670 4470 huic
691 4415 901 4485 eclipsi,
931 4431 1053 4484 qua:
1083 4415 1271 4486 paucis
1321 4424 1443 4484 post
1470 4413 1700 4484 Augusti
1743 4426 1971 4470 mortem
2003 4418 2117 4473 die-

2217 1952 2784 2022 circumscripserunt,
2841 1954 2935 2008 alii
2994 1970 3100 2008 xxx
3142 1961 3274 2008 tunc
3331 1969 3505 2008 annos
3561 1951 3807 2022 expletos

2216 2037 2407 2104 fuisse,
2427 2041 2515 2094 alii
2543 2057 2670 2095 xxix
2698 2042 2962 2096 duntaxat
2990 2043 3195 2112 opinati
3221 2051 3370 2097 sunt.
3413 2040 3646 2112 Utrique
3673 2055 3804 2096 vero

2217 2128 2550 2198 baptizatum
2570 2131 2759 2184 volunt
2783 2131 3062 2185 Christum
3097 2130 3342 2185 Geminis
3375 2131 3590 2187 duobus
3622 2146 3792 2194 coss.,

2218 2235 2364 2275 anno
2397 2220 2617 2276 Juliano
2643 2223 2732 2286 7i,
2765 2225 2910 2293 quod
2948 2225 3002 2278 in
3045 2240 3172 2280 eum
3209 2226 3417 2281 incidat
3459 2223 3665 2279 Tiberii
3699 2241 3797 2279 an—

2231 2327 2338 2366 nus
2371 2313 2438 2365 15
2468 2313 2749 2382 superiore
2792 2330 2936 2369 anno
2970 2333 3036 2370 ex
3079 2331 3130 2369 a.
3179 2316 3234 2371 d.
3272 2333 3362 2371 xiv
3409 2316 3524 2371 Kal.
3557 2317 3682 2386 Sep.
3724 2317 3804 2371 inv

2229 2405 2478 2457 ehoatus.
2519 2403 2669 2459 Unde
2697 2421 2822 2460 cum
2855 2406 2908 2460 in
2954 2409 3208 2476 baptismi
3255 2423 3399 2463 anno
3448 2408 3797 2471 conveniant,

2226 2492 2282 2546 in
2313 2491 2491 2548 Natali
2539 2494 2656 2564 ipso
2685 2512 2798 2550 uno
2830 2512 2978 2552 anno
3005 2500 3290 2555 dissident.
3325 2500 3566 2555 Priorem
3598 2501 3665 2556 de
3701 2516 3796 2557 ex-

2229 2586 2377 2654 pleto
2411 2585 2690 2642 tricesimo
2725 2603 2871 2643 anno
2910 2601 3197 2655 sectamet
3226 2593 3538 2662 opinionem
3568 2594 3800 2648 Annales

2219 2678 2568 2735 ecclesiastici
2615 2689 2948 2750 sequuntur,
2995 2684 3351 2752 eamdemque
3393 2693 3574 2739 tuetur
3633 2699 3790 2740 acer-

2220 2771 2359 2825 rime
2390 2770 2634 2853 Scaliger
2661 2786 2713 2824 v1
2746 2770 2823 2825 De
2865 2774 3066 2827 emend.
3120 2784 3276 2843 temp.
3320 2772 3424 2830 Sed
3473 2791 3692 2846 magno,
3734 2786 3793 2829 ut

2219 2861 2376 2923 solet,
2403 2873 2603 2916 conatu
2637 2860 2910 2918 levissime
2940 2866 3156 2934 probat.
3197 2865 3288 2920 Sic
3341 2867 3487 2920 enim
3527 2868 3750 2922 disserit
3781 2909 3795 2922 .

2217 2950 2472 3009 Christus
2499 2953 2770 3010 Dominus
2800 2971 2904 3008 xxx
2932 2971 3108 3010 annos
3137 2957 3444 3013 absolverat
3477 2977 3490 3012 :
3530 2974 3654 3013 nam
3693 2975 3798 3014 xxx

2222 3056 2495 3097 annorum
2532 3044 2579 3100 is
2607 3061 2731 3102 esse
2761 3045 2986 3107 dicitur.
3037 3045 3130 3113 qui
3181 3046 3519 3101 tricesimum
3589 3062 3794 3102 annum

2220 3133 2486 3197 absolvit,
2523 3143 2583 3188 ut
2629 3135 2920 3190 anniculus
2953 3145 3036 3190 est
3068 3135 3113 3188 is
3192 3139 3282 3198 qui
3351 3135 3457 3190 5ϋὸ
3511 3135 3654 3190 diem
3720 3146 3778 3190 at

2220 3220 2363 3291 tigit.
2397 3219 2528 3292 Leg.
2558 3224 2757 3279 Annic.
2799 3225 2875 3279 De
2907 3225 3048 3280 verb.
3079 3242 3217 3296 sign.
3251 3224 3408 3292 Quod
3438 3237 3618 3280 autem
3653 3228 3798 3280 seri-

2221 3315 2332 3383 psit
2363 3313 2562 3383 Lucas,
2598 3317 2733 3372 ὼσεὶ
2761 3319 3058 3390 τριάκοντα
3082 3359 3096 3382 ,
3134 3321 3400 3390 particula
3428 3321 3527 3374 ista
3559 3321 3692 3388 caph
3720 3330 3802 3376 est

2221 3420 2327 3458 non
2355 3407 2710 3478 ἀπορητικόν,
2740 3411 2835 3464 sed
2866 3411 3156 3482 ἀληθινόνς
3194 3420 3251 3464 ιιι
3290 3411 3422 3463 illud
3454 3409 3612 3465 Joan.
3640 3428 3679 3477 I,
3708 3411 3796 3473 l5,

2219 3498 2372 3564 quasi
2420 3497 2691 3570 Unigeniti
2735 3519 2767 3554 a
2806 3502 2990 3559 Patre.
3023 3501 3126 3557 Sed
3172 3511 3316 3566 esto,
3352 3503 3548 3568 inquit,
3588 3504 3796 3574 ἀπορη-

2219 3588 2410 3642 τικόντ
2462 3593 2619 3659 pauci
2667 3594 2829 3661 igitur
2880 3594 2992 3648 dies
3032 3595 3336 3663 complenda
3378 3597 3445 3650 50
3514 3613 3650 3650 anno
3709 3597 3800 3652 de-

2219 3689 2404 3742 erant;
2458 3693 2587 3748 puta
2631 3699 2736 3747 xx,
2767 3683 2844 3736 vel
2875 3688 3064 3739 mensis
3104 3701 3123 3740 :
3164 3703 3465 3756 quanquam
3495 3705 3558 3741 ne
3603 3691 3795 3742 mensis

2220 3767 2432 3836 quidem
2461 3769 2739 3838 defuturus
2779 3773 3055 3838 videatur,
3085 3775 3132 3827 si
3153 3774 3295 3829 ὡσεὶ
3319 3777 3673 3847 ἀπορητικιῖκ
3702 3766 3819 3830 ac?

2222 3859 2503 3925 cipiamus.
2551 3857 2655 3914 Sed
2695 3863 2888 3915 mensis
2936 3864 3292 3927 desideretur,
3328 3875 3421 3917 aut
3463 3866 3568 3919 duo
3600 3883 3795 3921 menses

2224 3966 2365 4002 anno
2421 3951 2684 4005 tricesinto
2741 3953 3088 4015 absolvenda;
3141 3963 3191 4008 et
3236 3955 3347 4008 dies
3397 3956 3646 4025 baptismi
3687 3968 3795 4010 esto

2221 4043 2254 4094 6
2297 4039 2425 4096 Jan.
2484 4041 2626 4112 Ergo
2672 4045 2850 4097 eodem
2896 4062 3034 4098 anno
3079 4046 3240 4114 paulo
3285 4056 3401 4112 post
3455 4047 3792 4118 baptismum,

2219 4142 2350 4200 puta
2391 4130 2703 4198 Februario,
2734 4136 2944 4203 coeperit
2985 4153 3156 4190 annus
3196 4137 3286 4193 51.
3317 4139 3435 4192 Jam
3458 4155 3590 4194 vero
3635 4140 3796 4193 Lucae

2219 4227 2382 4279 verba
2427 4227 2647 4295 perinde
2695 4229 2889 4297 accipit
2943 4246 3006 4285 ac
3048 4231 3095 4284 si
3118 4243 3260 4287 esset
3308 4235 3568 4304 scriptum
3602 4231 3789 4287 :’K:.‘t

2221 4318 2383 4380 αὐτὸς
2428 4317 2636 4388 Ἰησοῦς
2674 4320 2874 4390 ἤρχετο
2914 4320 2990 4374 ὢν
3022 4323 3159 4377 ὲτῶν
3192 4324 3508 4396 τριάκοντα,
3542 4325 3686 4388 υἱὸς,
3715 4325 3792 4388 ὡς

2219 4409 2521 4480 ἐνομίζετο.
2557 4409 2660 4466 Sed
2693 4413 2809 4467 haec
2850 4411 3216 4483 Scaligeriana
3255 4417 3360 4472 loci
3401 4417 3545 4471 illius
3575 4420 3789 4486 exposi~

538 4506 666 4572 bus,
718 4506 1025 4576 Septembri
1077 4521 1266 4560 mense
1311 4505 1574 4576 contigit,
1623 4522 1826 4560 annum
1874 4508 2112 4564 deliniet.
2148 4513 2192 4568 D
2221 4503 2398 4572 ιῖο,υι
2449 4504 2574 4558 hinc
2619 4505 2960 4573 potissimum
3009 4509 3289 4576 exordiar,
3309 4509 3546 4564 absurda
3599 4520 3683 4564 est
3736 4520 3792 4564 et

540 4597 676 4664 Quis
725 4612 835 4652 non
887 4597 1052 4667 igitur
1085 4612 1152 4651 ex
1184 4611 1249 4650 eo
1282 4597 1474 4650 conﬁci
1536 4597 1846 4652 necessario
1881 4599 2112 4666 putabit,

539 4688 848 4756 Augustum
895 4700 1017 4740 atrae
1047 4684 1370 4739 Christianae
1396 4697 1542 4738 anno
1573 4684 1640 4737 η
1671 4694 1943 4738 mortuum
1973 4699 2116 4747 esse,

541 4794 652 4833 non
700 4777 800 4832 l6?
829 4775 993 4831 Vides
1036 4776 1302 4845 majorem
1349 4777 1587 4829 humana
1621 4775 1802 4839 ﬁdem,
1841 4792 1966 4831 eum
2018 4777 2118 4830 hu-

542 4886 705 4926 mana
752 4880 931 4923 tamen
975 4869 1343 4937 implicatam,
1389 4878 1442 4921 et
1489 4881 1832 4922 connexam:
1871 4882 1993 4936 quae
2036 4878 2118 4922 ta-

544 4964 704 5018 metsi
751 4962 1023 5025 humanae,
1067 4961 1172 5015 hoc
1215 4969 1297 5014 est
1334 4959 1582 5022 alterius,
1613 4975 1717 5028 qua
1755 4961 1869 5014 sola
1904 4960 1992 5014 isti
2033 4963 2118 5014 ni-

544 5062 769 5114 tuntur,
790 5059 934 5105 esset
979 5049 1198 5112 similis,
1250 5064 1357 5104 non
1391 5048 1511 5101 ideo
1546 5055 1723 5101 tamen
1773 5050 2116 5117 aspernanda

544 5141 708 5205 foret,
738 5141 885 5210 quod
933 5142 1204 5204 humana;
1238 5140 1332 5194 sed
1363 5138 1446 5194 vel
1475 5154 1542 5193 eo
1577 5141 1799 5194 nomine
1837 5155 2117 5195 commen-

543 5233 743 5296 danda,
776 5235 920 5301 quod
946 5232 1014 5286 ad
1052 5232 1349 5286 humanam
1401 5233 1638 5285 humana
1671 5231 1805 5286 ﬁdes
1833 5231 2112 5300 adjuncta,

543 5333 604 5378 ut
644 5339 750 5377 non
780 5323 1017 5376 humana
1049 5323 1338 5392 majorem,
1381 5322 1458 5376 ita
1495 5321 1752 5390 simplici,
1783 5336 1976 5390 eaque,
2006 5337 2117 5392 qua

544 5413 792 5468 contenti
829 5413 908 5467 illi
938 5421 1102 5477 sunt,
1137 5413 1426 5470 certiorem
1469 5411 1846 5467 credulitatem
1874 5425 2110 5482 pareret.

541 5524 621 5580 De
650 5523 855 5594 vulgari
883 5525 1146 5586 methodo,
1172 5539 1291 5594 qua
1337 5522 1540 5576 Christi
1560 5524 1790 5594 gnatalis
1829 5540 1999 5578 annus
2025 5527 2112 5579 in-

755 5596 1045 5664 vestigatur
1071 5609 1090 5647 :
1124 5592 1214 5646 ubi
1247 5605 1295 5647 et
1322 5595 1385 5646 de
1411 5609 1522 5647 amt
1548 5592 1897 5663 Dionysiana.

612 5685 785 5740 Nimis
819 5687 985 5741 multa
1028 5686 1224 5742 fecisse
1285 5685 1448 5740 verba
1492 5685 1700 5752 videor,
1750 5687 1982 5742 necdum
2024 5698 2102 5743 ta-

542 5791 671 5833 men
703 5779 778 5832 rei
823 5778 994 5847 ipsius
1033 5785 1196 5851 caput
1226 5777 1488 5850 attigisse.
1533 5774 1785 5835 Nondum
1814 5779 1960 5836 enim
2000 5796 2110 5854 quo

617 5876 637 5909 ⁸
660 5874 791 5931 Luc.
827 5893 910 5944 in,
932 5877 1018 5932 νδ.

2219 4593 2470 4648 barbara.
2525 4594 2660 4660 Quis
2698 4598 2843 4651 enim
2885 4597 2959 4651 ita
3002 4597 3189 4654 Graece
3235 4600 3548 4669 loquentem
3593 4599 3731 4654 ferat
3772 4617 3788 4654 :

2231 4686 2438 4756 Ἰησοῦς
2477 4683 2544 4756 ἦν
2589 4687 2664 4739 ὢν
2708 4689 3031 4760 ἀρχόμενος,
3078 4705 3178 4760 pro
3207 4706 3272 4746 eo
3303 4691 3451 4759 quod
3481 4700 3566 4745 est
3592 4691 3793 4762 ἦρχετο

2219 4775 2314 4831 ὢν.
2363 4776 2534 4832 Satin’
2552 4779 2841 4833 ridiculum
2878 4796 2943 4834 ac
2973 4782 3219 4850 putidum
3257 4791 3376 4849 est,
3425 4781 3537 4851 ἐγώ
3569 4783 3684 4851 ειμι
3713 4779 3789 4832 ὣν

2219 4868 2538 4939 ἀρχόμενος,
2570 4885 2670 4938 pro
2701 4869 2812 4937 ἐγὼ
2841 4871 3096 4941 ἄρχομαι.
3132 4871 3296 4941 Atqui
3329 4871 3470 4926 hanc
3500 4872 3670 4940 ipsam
3706 4869 3759 4922 in

2220 4959 2661 5028 terpretationem
2711 4962 2990 5030 anteponit
3029 4962 3219 5026 alteri,
3255 4977 3377 5030 qui?
3409 4964 3591 5016 minus
3626 4960 3790 5015 habet

2218 5051 2591 5115 absurditatis,
2648 5052 2860 5107 tametsi
2911 5068 2978 5107 ne
3017 5068 3078 5108 ea
3126 5054 3345 5123 quidem
3387 5057 3598 5123 placet;
3631 5054 3784 5122 quasi

2219 5138 2394 5194 Lucas
2419 5139 2471 5194 id
2495 5141 2743 5206 voluerit,
2772 5141 2966 5212 ἤρχετο
2994 5140 3070 5198 ὢν
3091 5143 3385 5214 τριάκοντα
3405 5144 3561 5208 ὲτῶν,
3585 5142 3678 5208 ὣν,
3709 5141 3787 5206 ὡς

2218 5231 2518 5302 ἐνομίζετο.
2546 5231 2726 5298 Quare
2754 5234 2924 5287 multo
2953 5245 3035 5290 est
3067 5235 3156 5290 ille
3186 5251 3382 5292 sensus
3411 5237 3608 5305 aptior,
3632 5243 3690 5289 ut
3710 5234 3786 5287 ὧν

2216 5324 2284 5377 ad
2329 5324 2631 5393 posteriora
2673 5322 2970 5393 referatur;
3025 5327 3324 5396 ἀρχόμενος
3370 5327 3438 5382 ad
3481 5326 3782 5395 superiora.

2214 5411 2322 5467 Ἦν
2353 5416 2382 5467 ὁ
2417 5413 2627 5484 Ἰησοῦς
2656 5415 2954 5486 ἀρχόμενος
2980 5417 3112 5470 ὡσεὶ
3144 5417 3278 5470 ὲτῶν
3305 5419 3369 5482 λ’,
3401 5417 3494 5482 ὢν,
3521 5417 3778 5488 ὼςὲνομίο

2216 5504 2359 5569 ζετο,
2381 5505 2513 5567 υἱός,
2531 5517 2637 5560 etc.
2655 5506 2989 5576 Epiphanius
3003 5519 3148 5564 certe
3163 5509 3354 5564 lueresi
3382 5525 3604 5574 Lxxvnt,
3628 5524 3684 5562 n.
3716 5508 3747 5561 7
3768 5549 3786 5572 ,

2213 5595 2290 5650 ῶν
2322 5598 2387 5652 ad
2413 5597 2547 5661 υἱός,
2575 5612 2683 5652 non
2713 5598 2779 5653 ad
2803 5598 3103 5669 ἀρχόμενος
3135 5599 3403 5668 pertinere
3429 5599 3636 5665 docuit,
3658 5612 3785 5654 cum

2212 5689 2290 5743 ita
2324 5689 2500 5744 locum
2535 5689 2686 5743 illum
2717 5691 2958 5760 protulit,
2998 5691 3080 5744 ὅτι
3105 5689 3179 5743 ὢν
3209 5691 3354 5756 υἱὸς,
3382 5693 3464 5754 ὡς
3488 5689 3784 5762 ἐνομίζετο,

2205 5760 2444 5853 ξἸωσήφ.
2479 5780 2784 5848 Quinetiam
2818 5782 3006 5840 bteresi
3041 5799 3169 5851 xxx,
3197 5783 3457 5852 num.30,
3489 5779 3557 5858 ἦν
3586 5760 3645 5839 se
3682 5783 3786 5853 ἰη-
