4118 6402
361 279 467 338 905

1545 286 1636 342 DE
1676 287 1864 344 ANNO
1905 289 2156 347 NATALl
2195 293 2488 355 CHRISTI.

3519 326 3628 382 906

360 415 487 462 σονς
509 397 809 469 ἀρχόμενος
831 393 990 454 εἶναι.
1015 399 1124 454 Sed
1157 403 1566 468 controversize,
1595 406 1918 474 quaestionis

2048 412 2174 466 anni
2206 414 2500 473 discrimen
2534 420 2680 478 facit.
2713 425 2818 481 Sed
2842 431 2934 498 qui
2963 432 3154 501 paucis
3179 435 3338 492 annis
3363 435 3506 493 infra
3535 455 3628 496 aut

356 503 462 558 que
493 496 658 557 caput
701 487 754 542 in
787 486 919 541 ὡσεί
965 489 1235 558 particula
1266 491 1505 560 positum
1537 501 1642 556 est,
1679 491 1826 562 quod
1858 501 1942 546 ut-

342 583 649 648 :plurimum
702 581 1037 652 ἀπορητικόν
1083 597 1208 636 esse
1253 582 1429 648 solet,
1483 590 1539 636 et
1584 582 1654 638 de
1699 583 1943 653 perfecto

339 657 716 742 labsolutoque
746 671 822 728 rei
859 682 1007 729 Statu
1058 672 1310 728 nonnihil
1357 674 1619 731 detrahit.
1665 673 1778 730 iloc
1811 691 1942 730 vero

341 768 474 821 loco
502 781 612 821 non
657 765 1020 836 ἀπορητικόν,
1068 764 1163 820 sed
1193 763 1470 837 ἀληθινόν,
1509 781 1575 822 ac
1607 782 1834 837 prorsus
1868 765 1944 821 af-

337 857 683 914 'lirmativum
711 875 833 915 esse
869 858 1146 930 Scaliger,
1182 870 1236 914 et
1270 875 1398 914 cum
1429 875 1494 916 eo
1526 860 1770 930 plerique
1809 876 1940 916 sen-

352 949 513 1004 tiunt.
555 948 660 1016 Qui
687 949 819 1004 mihi
849 949 957 1004 vim
990 965 1262 1020 usumque
1294 951 1506 1006 voculae
1533 951 1692 1006 istius
1717 967 1824 1006 non
1855 966 1939 1007 sa-

352 1045 422 1098 tis
476 1041 938 1098 animadvertisse
977 1043 1254 1098 videntur.
1299 1041 1412 1100 Nos
1466 1043 1734 1114 triplicem
1791 1043 1939 1099 illius

352 1141 675 1202 potestatem
705 1134 848 1204 apud
878 1133 1098 1190 Graecos
1130 1134 1570 1190 observavimus.
1615 1133 1799 1189 Prima
1830 1145 1935 1197 est,

349 1243 474 1281 cum
527 1225 939 1293 ὲνδοιαστικῶς,
1008 1225 1092 1281 vel
1141 1225 1497 1298 ἀπορητικῶς
1553 1226 1822 1291 sumitur;
1879 1235 1940 1280 ut

348 1321 491 1392 apud
521 1319 722 1375 Lucam
763 1335 883 1391 cap.
921 1337 1038 1376 χχιι
1061 1361 1075 1386 ,
1107 1321 1168 1375 All
1203 1336 1218 1372 :
1248 1319 1360 1374 Καὶ
1409 1317 1572 1382 αὐτὸς
1605 1318 1936 1390 ἀπεσπάσθη

349 1415 446 1468 ἀπ’
478 1414 658 1468 αὐτῶν
682 1414 816 1467 ὡσεὶ
846 1413 994 1467 λίθου
1029 1413 1210 1485 βολήν·
1257 1421 1312 1468 et
1340 1428 1458 1483 cap.
1493 1429 1530 1476 ι,
1565 1410 1633 1467 56
1660 1424 1673 1463 :
1713 1412 1953 1482 Ἔμεινε·

348 1508 411 1562 δὲ
441 1507 678 1580 Μαριὰμ
708 1509 804 1561 σὺν
830 1507 966 1578 αὐτῇ
993 1505 1128 1560 ὡσεὶ
1167 1507 1341 1577 μῆνας
1364 1508 1530 1576 τρεῖς.
1561 1503 1813 1559 Secunda
1853 1505 1934 1560 vis

347 1612 432 1658 est
465 1602 816 1674 συγκριτική,
860 1601 976 1656 sive
1007 1600 1396 1670 comparativa.
1427 1600 1506 1654 Ita
1533 1597 1668 1654 Luc.
1703 1614 1786 1664 ιιι,
1819 1597 1890 1651 22
1917 1616 1931 1652 :

347 1697 456 1750 Kal.
483 1695 792 1766 καταϐῆναι
823 1695 885 1748 τὸ
914 1693 1141 1765 Πνεῦμα
1168 1694 1230 1745 τὸ
1257 1695 1411 1762 ἅγιον
1447 1690 1748 1763 σωματικῷ
1774 1690 1929 1753 εἴδει,

343 1783 479 1836 ὡσεὶ
521 1784 874 1856 περιστεράν.
920 1781 1248 1852 Quanquam
1298 1783 1415 1838 haec
1463 1782 1734 1852 posterior
1779 1781 1932 1837 notio

342 1872 413 1927 ad
445 1875 681 1942 priorem
708 1879 888 1943 potest
915 1871 1106 1927 referri
1145 1889 1158 1925 :
1197 1870 1344 1941 quod
1377 1871 1523 1926 enim
1557 1871 1714 1925 alteri
1752 1869 1930 1926 simile

345 1963 568 2030 dicitur,
591 1981 701 2021 non
738 1965 881 2020 idem
911 1971 997 2020 est
1026 1964 1273 2020 omnino.
1313 1961 1499 2018 Tertio
1526 1962 1746 2018 demum
1770 1962 1932 2015 αἰτιο-

342 2057 560 2127 λογικόν
586 2067 671 2114 εει
699 2058 855 2124 ὡσεί,
897 2058 1011 2114 sive
1041 2056 1408 2112 causativum.
1435 2053 1572 2110 Nam
1607 2055 1655 2110 si
1695 2055 1820 2126 quis
1847 2056 1932 2110 di—

345 2149 576 2220 ligenter
633 2150 950 2215 attenderit,
1023 2149 1262 2204 inveniet
1327 2147 1650 2218 particulam
1714 2148 1790 2212 ὡς
1845 2148 1928 2202 vel

343 2240 514 2306 ὡσεί,
552 2240 656 2298 nisi
691 2239 956 2296 ambobus
986 2239 1094 2295 illis
1125 2239 1304 2295 modis
1339 2245 1670 2309 usurpetur,
1699 2252 1926 2292 causam

341 2333 644 2400 continere,
691 2341 912 2404 propter
938 2349 1104 2404 quam
1137 2332 1191 2388 id
1231 2332 1378 2404 quod
1424 2342 1683 2388 narratur
1714 2331 1928 2388 accide—

341 2427 433 2482 rit.
464 2424 559 2483 Sic
583 2425 728 2496 apud
758 2423 1054 2481 Homerum
1095 2423 1302 2482 ’06o0’.
1331 2424 1373 2478 Ξ
1402 2443 1417 2480 :

529 2540 854 2610 Ἐπλέομεν
885 2540 1076 2610 Βορέῃ
1106 2539 1303 2610 ἀνέμῳ
1335 2539 1551 2608 ἀκραέϊ
1585 2537 1752 2605 καλῷ

527 2608 812 2679 Ἱήἵδίώς,
837 2608 982 2666 ὡσεί
1005 2629 1068 2665 τε
1088 2608 1238 2665 κατὰ
1261 2611 1428 2678 ῥόον.

338 2703 451 2760 Cur
500 2703 657 2759 facile
706 2704 1006 2776 navigaret,
1065 2718 1291 2758 causam
1343 2701 1586 2756 continet
1617 2715 1718 2755 vox
1770 2691 1922 2764 ὡσεί,

338 2797 614 2862 videlicet,
645 2797 791 2866 quod
827 2796 1068 2852 secundo
1097 2794 1232 2849 mari
1269 2792 1526 2859 ferretur,
1575 2793 1650 2856 ὼς
1681 2793 1738 2845 ὲν
1771 2791 1923 2845 ὕδατι

339 2891 490 2944 κάτω
521 2889 720 2960 ῥέοντι,
750 2887 848 2940 καὶ¹
873 2887 934 2940 οὑ
976 2885 1158 2958 στατῷ
1181 2886 1304 2940 κατ’
1335 2885 1555 2957 ἰσότητα
1575 2884 1922 2953 ἐπιφανείας,

338 2983 416 3036 ait
460 2981 801 3037 Eustathius.
845 2979 1105 3035 Similiter
1129 2980 1182 3034 in
1213 2979 1307 3034 illo
1334 2976 1564 3032 Joannis
1594 2976 1733 3042 loco,
1763 2975 1921 3041 δόξαν

335 3072 412 3134 ὡς
440 3070 780 3141 Μονογενοῦς
800 3113 816 3139 ,
843 3071 1071 3142 gloriam
1107 3071 1220 3141 ejus
1245 3111 1258 3134 ,
1289 3070 1445 3142 quasi
1487 3067 1791 3140 Unigeniti,
1823 3069 1923 3140 ὲμ-

337 3162 568 3232 φατικόν
603 3171 656 3219 ει
699 3163 1057 3232 αἰτιολογικόν
1088 3171 1171 3218 est
1199 3162 1295 3226 ὡς.
1327 3161 1437 3218 Cur
1475 3161 1622 3217 enim
1663 3169 1812 3216 tanta
1851 3160 1922 3215 sit

337 3253 533 3323 gloria,
559 3253 862 3312 conditioni
896 3255 1050 3324 ejus,
1086 3269 1151 3308 ac
1184 3252 1437 3324 dignitati
1478 3252 1640 3308 debet
1693 3251 1916 3307 ascribi.

335 3341 516 3409 Quare
547 3344 690 3399 idem
718 3354 801 3400 est
829 3345 976 3414 quod
1007 3355 1206 3416 utpote.
1232 3343 1339 3400 Sed
1357 3359 1422 3399 ea
1447 3344 1777 3416 signiﬁcatio
1795 3359 1922 3414 par-

336 3437 516 3492 ticulae
531 3437 607 3502 ὡς
621 3439 820 3508 potius,
833 3454 996 3509 quam
1011 3438 1142 3492 ὡσεί
1159 3439 1416 3494 convenit
1436 3456 1449 3493 :
1469 3439 1599 3505 imo,
1628 3448 1688 3493 ut
1705 3439 1759 3492 in
1785 3437 1921 3493 Tite-

333 3546 496 3584 sauro
531 3528 843 3600 Stephanus
865 3538 1069 3594 monet,
1105 3531 1236 3583 ὡσεί
1260 3530 1599 3602 frequentius
1626 3541 1920 3602 usurpatur

331 3637 430 3692 pro
453 3623 681 3688 circiter,
737 3623 876 3692 fere,
905 3639 969 3680 ac
1002 3623 1236 3680 fortasse
1264 3640 1544 3694 nunquam
1580 3625 1756 3688 aliter,
1776 3640 1914 3695 pra}-

332 3714 519 3770 sertim
545 3716 598 3769 in
619 3732 775 3786 prosa
797 3716 1063 3784 oratione,
1082 3717 1337 3772 sumitur.
1363 3715 1515 3772 Unde
1529 3718 1773 3788 colligas,
1790 3733 1916 3788 per-

331 3822 518 3878 peram
536 3808 762 3865 Joannis
782 3809 935 3865 illum
958 3811 1137 3866 locum
1161 3813 1228 3865 ad
1244 3811 1295 3865 id
1314 3809 1516 3875 ail‘errt,
1536 3810 1918 3866 uttricesimus

331 3914 510 3956 annus
536 3902 738 3958 solidus
766 3918 831 3958 ac
853 3904 1157 3973 completus
1187 3903 1441 3972 baptismi
1473 3911 1716 3974 tempore
1744 3901 1922 3958 fuisse

333 3992 600 4049 videatur.
615 3992 856 4074 Primum
883 3996 957 4051 ibi
986 4006 1070 4051 est
1085 3997 1308 4060 ὠς,ιιοιι
1335 3994 1497 4049 ὡσεί·
1525 3996 1916 4066 etapudinter-

331 4095 535 4157 pretem
554 4097 800 4143 nostrum
829 4091 983 4158 quasi
1018 4089 1158 4143 idem
1184 4098 1268 4144 est
1290 4104 1355 4144 ac
1395 4098 1670 4158 tanquam.
1708 4087 1915 4144 Deinde

329 4178 708 4249 αἰτιολογικῶς
747 4189 800 4236 ει
836 4181 1155 4252 ὲμφατικῶς
1193 4190 1506 4251 usurpatur.
1535 4183 1605 4235 At
1641 4181 1696 4235 in
1740 4181 1913 4235 altero

335 4271 428 4326 illo
457 4270 617 4327 Lucae
646 4272 765 4328 loco
785 4273 919 4325 ὡσεὶ
939 4272 1266 4342 αἰτιολογίαν
1291 4273 1494 4328 nullam
1556 4282 1654 4328 aut
1674 4272 1914 4344 ἔμφασιν

330 4365 513 4430 habet,
536 4375 632 4421 aut
662 4381 788 4422 vero
814 4365 1245 4422 similitudinem.
1272 4365 1389 4422 Non
1423 4377 1568 4422 recte
1599 4365 1765 4438 igitur
1784 4381 1909 4421 eum

328 4458 612 4528 superiore
636 4458 942 4513 confertur.

398 4552 473 4608 De
494 4555 732 4608 anniculi
757 4557 978 4609 notione
1003 4553 1150 4624 quod
1196 4555 1452 4625 proponit
1479 4553 1745 4625 Scaliger,
1771 4554 1909 4610 nihil

329 4645 398 4700 ad
438 4662 550 4700 rem
578 4646 725 4709 facit.
755 4647 913 4702 Aliud
944 4658 1026 4703 est
1055 4649 1202 4703 enim
1235 4647 1540 4711 anniculus,
1573 4647 1718 4703 aliud
1750 4649 1907 4719 quasi

329 4739 609 4793 anniculus
630 4779 645 4803 ,
688 4739 756 4795 de
781 4754 892 4810 quo
922 4756 1106 4797 sermo
1142 4742 1302 4797 nobis
1331 4751 1435 4796 est.
1477 4739 1706 4811 Reliqua
1730 4739 1906 4797 Scali-

326 4831 438 4899 geri
468 4831 714 4888 collectio
747 4833 1022 4904 implicata
1053 4844 1109 4890 et
1137 4835 1315 4890 inanis
1349 4845 1449 4891 est.
1491 4833 1628 4889 Nam
1657 4837 1780 4904 quis
1794 4836 1910 4891 haec

325 4922 629 4992 intelligat?
659 4923 718 4979 Si
747 4924 893 4978 ὡσεὶ
925 4925 1259 4996 ἀπορητικόν
1288 4927 1379 4991 sit,
1417 4925 1536 4983 dies
1566 4937 1777 4982 tantum
1808 4945 1902 4995 xx,

323 5025 418 5071 aut
437 5016 502 5070 ad
539 5032 816 5072 summum
842 5033 1081 5073 mensem
1113 5019 1180 5072 ad
1205 5019 1498 5074 rotundum
1530 5018 1772 5075 defuisse
1800 5035 1904 5073 nu-

329 5125 555 5164 merum.
607 5107 786 5175 Quare
841 5121 900 5164 ιιι
952 5109 1202 5167 Januarii
1253 5129 1304 5166 γι
1340 5113 1648 5182 baptizatus
1697 5112 1900 5182 fuerit,

320 5199 616 5258 Februario
651 5219 840 5259 mense
884 5205 1224 5260 tricesimum
1269 5206 1545 5275 implesse.
1574 5207 1742 5273 Quasi
1771 5199 1901 5265 vero

319 5295 417 5364 qui
445 5293 579 5347 ὡσεί
603 5295 742 5372 apud
779 5293 982 5350 Lucam
1029 5297 1382 5369 ἀτωρητικῶς
1407 5313 1549 5354 suun
1586 5301 1897 5367 voluerunt,

319 5385 602 5442 Christum
639 5384 938 5442 Februario
956 5403 1144 5444 mense
1177 5399 1365 5444 natum
1392 5405 1516 5447 esse
1534 5393 1898 5462 crediderint,

321 5487 381 5534 ut
401 5478 686 5544 Onufrius,
715 5482 810 5551 qui
846 5480 1171 5538 duodecimo
1203 5497 1372 5553 prope
1417 5499 1609 5540 mense
1650 5496 1776 5557 post
1803 5489 1904 5542 ba-

316 5573 574 5642 ptismum
610 5583 854 5628 vertente
899 5575 1120 5644 triginta
1172 5575 1392 5630 demum
1439 5591 1616 5633 annos
1651 5581 1900 5636 evolutos

316 5664 614 5720 existimat.
657 5664 843 5736 Neque
892 5682 1020 5722 vero
1066 5667 1200 5720 ὡσεὶ
1232 5669 1586 5741 ἀπορητικῶς
1615 5685 1898 5742 sumptum

317 5767 617 5826 paucorum
677 5765 888 5813 tantum
927 5759 1162 5822 dierum,
1197 5769 1293 5814 aut
1331 5762 1495 5822 unius
1529 5764 1756 5832 mensis,
1784 5767 1895 5824 in'o

606 5857 879 5919 ΡΑτιιοι..
940 5857 1060 5921 Gn.
1114 5855 1311 5920 XLll.

2045 513 2208 570 supra
2236 520 2523 562 numerum
2561 513 2831 579 consistit,
2861 516 2994 572 ὡσεὶ
3020 521 3317 590 τριάκοντα
3352 525 3489 580 ἐτῶν
3518 527 3627 584 dici

2045 604 2241 662 potest,
2271 605 2333 652 ut
2354 598 2687 670 Epiphanius
2718 607 2918 666 alicubi
2941 611 3205 683 disputat.

2110 683 2265 785 Quod
2290 688 2464 785 ipsum
2495 692 2759 765 Keplcrus
2788 715 2839 756 c.
2883 701 2952 757 15
2981 704 3209 763 alterius
3257 710 3363 766 loci
3400 726 3624 785 compa-

2042 777 2253 834 ratione
2282 783 2492 840 erudite
2516 787 2781 847 declarat.
2828 791 2962 849 Nam
3009 813 3134 853 cum
3176 799 3371 858 Matth.
3404 777 3622 874 “11,1,

2041 869 2305 939 scripturn
2332 876 2438 937 sit,
2469 888 2590 946 post
2623 881 2933 950 institutum
2967 903 2996 942 a
3022 888 3257 949 Domino
3287 869 3621 964 sermonem,

2042 962 2162 1032 μεθ’
2185 966 2398 1036 ἡμέρας
2419 969 2478 1035 ’ἐξ
2507 974 2953 1046 transﬁguratum
2984 995 3140 1050 esse;
3174 983 3352 1042 Lucas
3373 962 3621 1045 eamdem

2041 1054 2322 1148 historiam
2356 1076 2654 1132 exponens,
2683 1082 2803 1132 cap.
2843 1086 2916 1136 ιχ,
2947 1071 3040 1138 28,
3083 1075 3140 1130 id
3182 1088 3308 1148 post
3346 1080 3464 1138 dies
3485 1082 3622 1137 ὡσεὶ

2035 1146 2183 1200 όκτὼ
2212 1151 2282 1206 ab
2307 1152 2401 1208 illo
2425 1155 2542 1225 ipso
2565 1173 2817 1216 sermone
2839 1161 3044 1220 factum
3083 1146 3215 1224 esse
3244 1182 3429 1228 narrat
3466 1191 3481 1229 :
3527 1176 3618 1231 ubi

2037 1239 2225 1296 eadem
2261 1243 2394 1298 ὡσεί
2426 1249 2616 1305 vocula
2652 1267 2784 1310 usus
2809 1265 2913 1321 est,
2946 1273 3070 1314 cum
3104 1261 3170 1316 ad
3207 1278 3393 1319 verum
3426 1282 3621 1324 nume-

2037 1348 2156 1422 rum
2189 1335 2437 1403 biduum,
2471 1340 2575 1398 hoc
2608 1354 2690 1400 est
2724 1350 2940 1406 tertiam
2964 1363 3173 1422 partem
3209 1356 3530 1416 addidisset.
3548 1361 3622 1415 At

2036 1421 2202 1480 instat
2247 1427 2507 1501 Scaliger,
2539 1443 2614 1500 et,
2677 1435 2896 1507 Nullus,
2923 1421 3130 1515 inquit,
3167 1443 3487 1503 ercismus
3516 1467 3614 1520 pa-

2036 1517 2214 1613 titur:
2266 1522 2376 1591 ἐγὼ
2423 1523 2662 1598 ἄρχομαι
2710 1532 3002 1603 τριάκοντα
3036 1536 3196 1602 ἐτῶν,
3246 1553 3341 1608 pro
3374 1517 3617 1613 ἄρχομαι

2035 1609 2126 1663 τοῦ
2159 1616 2484 1683 τριακοστοῦ
2511 1618 2686 1685 ἔτους.
2710 1621 2866 1679 Jesus
2897 1621 2966 1698 ἦν
2993 1629 3287 1700 τριάκοντα
3330 1609 3481 1689 snitu-
3509 1609 3617 1690 toto

2037 1717 2175 1756 anno
2207 1719 2335 1760 χχιιι
2361 1725 2375 1772 ;
2403 1709 2492 1762 sed
2515 1710 2758 1768 absoluto
2797 1718 3063 1774 tricesimo
3114 1723 3298 1778 statim
3343 1726 3618 1783 dicebatur

1967 1765 2006 1818 Β
2036 1791 2298 1865 ἄρχεσθαι
2326 1797 2402 1852 ὢν
2432 1801 2728 1872 τριάκοντα
2759 1807 2914 1864 ἐτῶν.
2960 1809 3084 1866 Νοη
3137 1816 3278 1869 enim
3307 1819 3616 1890 intelligunt

2033 1888 2381 1985 participium
2425 1891 2500 1947 ὢν
2540 1899 2782 1966 tacitum,
2813 1903 2950 1972 quod
2982 1907 3239 1963 omissum
3266 1922 3344 1966 est
3375 1929 3440 1967 ne
3470 1888 3616 1985 repe-

2034 1987 2200 2048 tatur,
2227 1976 2296 2053 ἦν
2322 1984 2644 2058 ἀρχόμενος,
2681 1991 2735 2044 id
2755 2003 2833 2046 est
2855 1995 3077 2068 ἤρχετο.
3115 1998 3240 2056 Haec
3268 2003 3374 2059 ille.
3410 2003 3505 2060 Vis
3525 1976 3617 2063 est

2033 2071 2199 2142 igitur
2241 2077 2422 2133 omnis
2473 2080 2529 2135 in
2578 2084 2848 2141 vocabulo
2901 2088 3012 2144 isto
3061 2092 3362 2164 ἀρχόμενος
3389 2097 3609 2166 posita:

2031 2166 2175 2233 quod
2209 2167 2278 2222 ad
2323 2169 2535 2227 initium
2584 2176 2766 2232 artatis
2797 2178 3101 2239 tricenariae
3124 2185 3368 2243 referunt
3395 2205 3609 2246 omnes.

2034 2258 2138 2314 Sed
2165 2259 2432 2320 Onufrius
2460 2281 2589 2322 xxix
2619 2284 2792 2325 annos
2832 2272 3113 2348 evolutos,
3146 2292 3210 2334 ac
3253 2294 3459 2348 paucos
3494 2282 3612 2338 dies

2033 2351 2312 2448 tricesimo
2333 2355 2531 2412 libatos
2582 2361 2882 2431 existimat,
2906 2344 3065 2436 quasi
3091 2369 3236 2424 istud
3253 2344 3329 2427 sit
3345 2373 3610 2448 ἄρχεσθαι

2029 2439 2170 2499 εἶναι
2204 2447 2340 2501 ὡσεὶ
2364 2450 2502 2504 ἐτῶν
2522 2450 2588 2506 λ’.
2634 2453 2876 2528 Scaliger
2906 2468 3069 2532 negat
3108 2463 3334 2532 probam
3369 2439 3493 2523 esse
3525 2468 3610 2524 lo-

2028 2540 2327 2604 cutionem,
2359 2541 2464 2598 nisi
2490 2544 2714 2617 triginta
2733 2548 2848 2618 jam
2872 2552 3000 2606 anni
3031 2555 3284 2625 completi
3313 2556 3443 2613 sint.
3477 2557 3610 2613 Mihi

2028 2647 2179 2698 vero,
2222 2642 2278 2688 ut
2329 2635 2566 2708 ingenue
2593 2638 2770 2694 dicant
2806 2642 2954 2712 quod
3003 2645 3203 2712 sentio,
3246 2647 3351 2703 alia
3386 2649 3467 2705 vis
3489 2667 3612 2708 esse

2028 2723 2243 2780 videtur
2267 2727 2540 2799 participii
2571 2730 2753 2800 illius,
2807 2749 2972 2805 quam
3028 2747 3088 2793 ut
3123 2738 3463 2808 inchoatum,
3512 2754 3612 2800 aut

2026 2816 2302 2879 expletum
2332 2819 2687 2878 tricenarium
2724 2824 3078 2884 demonstret.
3114 2827 3251 2886 Nam
3279 2849 3404 2888 cum
3433 2837 3609 2906 parti-

2023 2906 2146 2961 cula
2174 2907 2328 2974 ὡσεί,
2354 2921 2412 2965 ιιι
2448 2927 2612 2982 supra
2641 2913 2974 2972 declaratum
3025 2929 3130 2988 est,
3161 2921 3500 2982 diminucndi
3523 2930 3608 2984 vel

2025 2997 2304 3086 dubitandi
2335 3001 2613 3058 notionem
2645 3004 2862 3075 habeat,
2883 3011 3008 3080 quis
3041 3021 3159 3079 est,
3197 3015 3290 3083 qui
3321 3017 3609 3086 scripsisse

1949 3110 1992 3167 ς
2026 3085 2231 3146 Lucam
2261 3102 2412 3160 putet
2439 3112 2452 3148 :
2492 3092 2786 3167 Incipiebat
2817 3117 2930 3156 esse
2958 3101 3118 3158 Iesus
3148 3105 3268 3173 plus
3308 3085 3485 3165 minus
3507 3128 3606 3165 an-

2023 3196 2215 3237 norum
2242 3185 2504 3255 triginta?
2533 3186 2649 3244 Hoc
2673 3192 2819 3248 enim
2857 3203 3006 3250 esset
3031 3197 3098 3251 ad
3130 3197 3397 3256 inﬁnitam
3428 3203 3604 3273 parti-

2021 3271 2204 3328 culam
2239 3273 2510 3332 inﬁnitum
2542 3280 2769 3336 verbum
2807 3283 3072 3355 adjicere,
3123 3303 3250 3342 cum
3285 3297 3393 3345 tam
3429 3271 3601 3362 -ὡσεί,

2021 3381 2186 3436 quam
2217 3369 2521 3442 ἀρχόμενος
2574 3373 2862 3444 inﬁnitam,
2905 3379 3237 3452 minimeque
3269 3383 3601 3443 determina—

2022 3466 2130 3512 tam
2155 3458 2606 3530 significationem
2659 3467 2914 3524 habeant.
2960 3469 3146 3529 Placet
3175 3473 3341 3546 igitur
3373 3479 3599 3537 verbum

2019 3547 2286 3619 ἄρχεσθαι
2319 3553 2386 3607 ad
2417 3553 2632 3611 initium
2661 3560 3064 3627 praedicationis
3087 3604 3101 3630 ,
3134 3566 3482 3639 οἰκονομίας,
3514 3573 3600 3628 vel

2017 3641 2117 3713 τῆς
2166 3643 2489 3713 ἐπιφανείας
2537 3647 2744 3706 referre
2763 3693 2777 3718 ,
2807 3653 2935 3724 quia
2966 3668 3089 3726 post
3121 3658 3474 3731 baptismum,
3505 3666 3598 3736 qui

2020 3733 2284 3792 hactenus
2324 3737 2648 3807 delituerat,
2685 3744 2740 3798 in
2775 3755 3024 3816 apertum
3074 3749 3360 3824 lucemque
3379 3733 3602 3825 prodire

2017 3827 2214 3919 ccepit.
2258 3830 2433 3896 Quam
2487 3832 2591 3890 loci
2646 3835 2813 3906 hujus
2865 3839 3361 3912 interpretationem
3410 3857 3599 3919 postea

2014 3918 2161 3988 apud
2186 3917 2507 3978 Jansenium
2559 3926 2882 3998 scriptorem
2913 3933 3350 3992 eruditissimum
3387 3917 3596 4009 reperi;

2016 4012 2110 4080 qui
2139 4015 2389 4071 eamdem
2414 4019 2630 4074 caeteris
2661 4023 2942 4092 anteponit
2969 4026 3244 4082 omnibus.
3287 4027 3596 4087 Praesertim

2017 4116 2140 4155 cum
2188 4103 2312 4158 Act.
2346 4122 2386 4170 ι,
2439 4122 2579 4163 com.
2611 4108 2700 4174 22,
2736 4112 2926 4166 eodem
2973 4128 3136 4169 sensu
3190 4117 3415 4172 verbum
3464 4120 3597 4174 illud

2018 4201 2338 4260 usurpatum
2393 4193 2594 4251 fuerit:
2633 4200 2722 4252 Ἐν
2757 4191 2802 4268 ᾧ
2835 4201 3075 4273 εἰσῆλθε,
3126 4205 3220 4258 καὶ
3255 4206 3478 4279 ἐξῆλθεν
3509 4211 3597 4280 ἐφ’

2015 4281 2162 4352 ἡμᾶς
2182 4285 2210 4336 ό
2239 4284 2442 4358 Κύριος
2475 4290 2682 4361 Ἰησοῦς
2699 4293 3006 4365 ἀρξάμενος
3034 4296 3142 4349 ἀπὸ
3168 4298 3261 4352 τοῦ
3284 4299 3598 4374 βαπτίσμα-

2013 4391 2106 4468 ⁸ξος
2145 4377 2427 4468 Ἰωάννου,
2475 4393 2530 4438 ει
2562 4378 2682 4456 cap.
2722 4402 2778 4446 χ.
2829 4387 2935 4442 57ε
2985 4389 3314 4462 Ἀρξάμενον
3354 4395 3462 4449 ἀπὸ
3493 4396 3597 4468 τῆς

1939 4483 1985 4537 ι)
2017 4465 2468 4542 Γαλιλαίας.μετά
2490 4474 2550 4526 τὸ
2579 4474 2888 4548 βάπτισμα.
2917 4477 3051 4546 Quae
3079 4483 3122 4536 si
3151 4499 3276 4538 vera
3303 4495 3466 4553 sunt,
3506 4465 3595 4559 ap-

2014 4567 2170 4627 paret
2205 4576 2273 4616 ex
2308 4562 2414 4618 illis
2465 4565 2626 4622 Lucae
2678 4571 2857 4624 verbis
2893 4581 3100 4628 certum
3153 4577 3328 4632 anatis
3387 4577 3593 4635 Christi

2014 4661 2229 4720 tempus
2253 4652 2464 4735 deﬁniri
2497 4673 2607 4712 non
2654 4675 2837 4729 posse.
2872 4659 2983 4717 Nec
3034 4675 3119 4720 est
3148 4667 3291 4734 quod
3317 4677 3592 4722 certorum

2012 4739 2234 4798 Patrum
2263 4757 2570 4816 opponatur
2623 4754 2947 4820 auctoritas,
3000 4757 3094 4826 qui
3125 4773 3231 4812 non
3267 4760 3416 4815 aliud
3450 4761 3596 4816 amr-

2009 4851 2161 4892 mare
2199 4850 2450 4908 possunt,
2476 4858 2640 4913 quam
2673 4847 2817 4915 quod
2856 4863 2922 4902 ex
2953 4847 3098 4904 Luca
3125 4852 3464 4922 didicerunt;
3497 4871 3592 4910 ne-

2007 4943 2116 4997 que
2137 4939 2220 4984 est
2252 4932 2361 4987 ulla
2398 4936 2560 5000 ratio,
2591 4951 2692 4991 cur
2718 4954 2785 4991 ex
2816 4939 3034 4995 illorum
3058 4943 3238 4999 verbis
3271 4943 3470 4999 Lucam
3510 4947 3594 5001 in-

2007 5027 2373 5088 terpretemur
2400 5026 2602 5094 potius,
2631 5043 2795 5097 quam
2829 5045 2894 5084 ex
2931 5030 3074 5086 Luca
3109 5023 3236 5104 quae
3266 5035 3334 5088 ab
3373 5037 3480 5092 illis
3503 5054 3594 5093 as-

2007 5116 2246 5168 severari
2287 5117 2559 5173 videntur.
2608 5118 2934 5192 Quanquam
2995 5127 3214 5182 tametsi
3261 5143 3368 5184 non
3426 5130 3592 5185 modo

2005 5203 2195 5262 Patres
2215 5249 2230 5272 ,
2265 5209 2360 5274 sed
2383 5217 2437 5265 et
2467 5210 2645 5268 Lucas
2668 5213 2786 5283 ipse
2813 5215 3107 5286 perfectos,
3148 5229 3591 5275 consummatos-

2004 5311 2114 5364 que
2150 5297 2388 5356 tricenos
2427 5317 2603 5358 annos
2648 5303 2877 5370 diceret.
2924 5308 3061 5364 nihil
3106 5320 3288 5366 tamen
3322 5312 3586 5376 obstaret,

2004 5389 2158 5456 quin,
2194 5391 2238 5446 si
2273 5392 2458 5450 minus
2485 5410 2609 5451 cum
2665 5397 2894 5454 historia
2925 5411 3268 5472 congrueret,
3310 5403 3500 5459 eodem
3533 5405 3588 5461 id

2003 5482 2374 5554 acciperemus
2397 5503 2577 5557 sensu,
2597 5506 2708 5561 quo
2730 5508 2852 5564 cap.
2869 5509 2931 5558 ιι,
2946 5492 3036 5560 21,
3058 5494 3233 5550 Lucas
3250 5495 3392 5551 idem
3415 5496 3585 5554 dixit:
3639 5555 3648 5563 ,

2003 5573 2133 5630 Post
2165 5591 2558 5637 consummatos
2595 5596 2713 5639 octo
2759 5586 2895 5653 dies,
2927 5601 3052 5642 cum
3094 5597 3289 5645 octavo
3331 5591 3448 5660 ipso
3474 5591 3584 5644 cir-
3630 5591 3640 5610 ‘

2001 5673 2279 5729 cumcisus
2331 5676 2402 5730 sit
2449 5692 2604 5746 puer,
2638 5688 2698 5734 ut
2729 5679 3024 5736 Jansenius
3053 5679 3330 5740 observat.
3359 5683 3586 5739 Frustra

2001 5767 2169 5840 igitur
2198 5767 2392 5839 lgnatii
2415 5771 2564 5829 locus
2596 5771 2686 5830 ille
2714 5787 2784 5830 ex
2815 5771 2988 5844 Epist.
3017 5773 3087 5829 ad
3109 5771 3278 5828 Trall.
3294 5774 3442 5831 velut
3464 5791 3588 5847 per-

3183 5868 3264 5929 29
