4118 6402
557 329 660 387 907

1661 330 2000 387 APPENDIX
2041 329 2673 395 DlSSEllTATlONUM.

3691 345 3802 405 908

554 449 842 522 emptoriua
893 446 1147 517 obiicitur
1176 463 1188 499 :
1224 447 1331 501 Kal.
1355 449 1496 518 τρεῖς
1538 446 1769 511 δεκάδας
1799 448 1936 501 ἐτῶν
1967 445 2100 498 πολι·

2220 444 2436 504 Juliano
2467 449 2558 515 £5,
2605 451 2832 508 Lentulo
2889 463 2943 510 et
2971 452 3166 512 Pisone
3216 471 3383 521 coss.,
3416 458 3796 516 collocandum

553 543 888 614 τευσὰμενος
909 539 1210 611 ἐϐαπτίσθη
1245 540 1349 592 ὑπὸ
1377 539 1622 593 Ἰωάννου
1649 583 1662 605 ,
1701 541 1948 595 adversus
1971 557 2121 611 quem

555 653 703 692 nemo
738 634 816 689 vel
847 634 1057 696 mutire,
1089 633 1279 686 nedum
1310 632 1574 702 refragari
1624 633 1746 702 jure
1793 633 1996 686 debeat.
2039 631 2120 686 An

551 731 695 785 enim
724 731 847 799 plus
881 733 964 781 est
1008 725 1217 789 dicere,
1259 725 1641 796 ἐπολιτεύσατο
1691 729 1839 798 τρεῖς
1871 726 2118 791 δεκάδας,

551 835 738 889 quam,
771 815 1116 887 ἐπλήσθησαν
1143 815 1346 888 ἡμέραι
1375 813 1550 878 ὀκτώ,
1595 826 1688 870 aut
1713 817 1858 885 quod
1901 816 2028 870 alibi
2054 816 2121 872 de

539 908 1025 978 ‘transfiguratione
1049 905 1262 974 tegitur,
1285 905 1402 976 μεθ’
1422 906 1633 976 ἡμέρας
1653 905 1785 959 ὡσεὶ
1808 905 1970 970 ὀκτώ,
1995 922 2117 963 cum

550 1015 644 1054 sex
694 1005 900 1051 tantum
953 1010 992 1049 τι
1023 993 1272 1048 Matthaeo
1322 995 1478 1050 solidi
1533 997 2119 1052 numerentur?Miror

531 1087 851 1142 'tantum’in
902 1085 1008 1139 itlis
1039 1085 1226 1154 lgnatii
1265 1085 1460 1140 'verbis
1489 1084 1691 1154 aliquid
1748 1087 2005 1140 momenti
2049 1087 2116 1142 ad

549 1180 694 1234 illam
725 1178 1058 1233 sen‘tentiam'
1080 1175 1278 1238 inesse,
1309 1176 1599 1230 nonnullos
1634 1177 1910 1232 arbitrari.
1944 1179 2018 1234 Ac
2068 1180 2114 1234 si

531 1272 872 1327 'auctoritate
901 1285 984 1323 res
1008 1269 1206 1339 agitur,
1236 1269 1500 1323 habemus
1531 1268 1961 1338 antiquissimos,
1991 1287 2116 1342 gra-

548 1365 910 1432 vissimosque
937 1360 1126 1415 Patres
1147 1403 1161 1425 ,
1189 1361 1280 1430 qui
1329 1374 1434 1414 non
1473 1368 1532 1414 ut
1555 1359 1822 1431 Ignatius,‘
1839 1363 2072 1418 obscure
2095 1405 2111 1430 ,

547 1456 641 1512 sed
693 1463 875 1524 aperte
903 1450 1358 1523 quemadmodum
1386 1450 1547 1506 Lucae
1569 1452 1729 1508 verba
1756 1468 1783 1506 a
1843 1453 2000 1540 nobis
2030 1453 2112 1508 ln-

509 1590 516 1598 .
547 1544 889 1616 terpretanda
927 1541 1122 1605 forent,
1153 1540 1410 1610 Opinione
1446 1555 1543 1595 sua
1579 1541 1902 1596 docuerunt.
1937 1540 2109 1597 Justi-

535 1649 649 1693 ‘nus
671 1637 870 1706 Martyr
903 1633 1048 1687 Dial.
1082 1649 1197 1686 cum
1234 1631 1650 1702 Tryphone,pag.
1689 1633 1757 1688 92
1783 1633 1913 1688 edit.
1969 1634 2107 1692 Rob.

545 1729 760 1799 Steplt.,
791 1727 884 1780 καὶ
903 1725 1196 1796 τριάκοντα
1223 1722 1339 1793 ἔτη,
1375 1722 1408 1792 ἢ
1449 1722 1668 1776 πλείονα
1693 1765 1706 1787 ,
1747 1723 1780 1794 ἢ
1815 1725 1909 1778 καὶ
1942 1726 2105 1779 ὲλάσ-

2226 541 2595 610 scripserunt;
2646 545 2717 599 ita
2746 554 2806 599 ut
2832 547 3046 615 primus
3089 563 3301 612 eorum,
3335 565 3472 619 quos
3527 567 3557 605 a
3608 551 3792 607 Natali

2223 626 2426 686 Christi
2480 643 2752 703 putamus,
2802 635 3054 692 Julianus
3114 639 3185 693 sit
3232 639 3320 704 46,
3356 640 3420 694 C.
3483 641 3696 698 Caesare
3731 653 3796 698 et

2223 719 2391 777 Paulo
2425 740 2567 781 coss.
2613 725 2769 792 Quod
2808 731 3024 799 quidem
3059 733 3331 803 eclipseon
3378 749 3443 789 ac
3484 735 3790 789 caelestium

2223 822 2467 869 motuum
2495 815 2810 887 descriptio,
2839 830 2893 875 et
2915 823 3048 892 cycli
3077 823 3181 894 ipsi
3213 840 3280 878 ex
3309 825 3515 894 vulgari
3533 827 3793 882 methodo

2221 905 2352 960 satis
2391 907 2684 974 evincunt,
2741 919 2798 964 ut
2851 912 3064 968 abunde
3111 912 3378 970 hactenus
3423 915 3786 970 ostendimus.

2219 993 2374 1062 Quod
2415 999 2460 1053 si
2487 1001 2612 1070 quis
2656 1017 2820 1057 aeram
2856 1004 3157 1076 vulgarem,
3207 1022 3367 1076 quam
3399 1007 3789 1080 Dionysianam

2218 1099 2460 1156 vocant,
2517 1107 2640 1147 cum
2679 1093 2748 1150 iis
2779 1096 3033 1152 omnibus
3062 1099 3352 1154 conciliare
3386 1100 3635 1166 voluerit,
3673 1102 3789 1156 imo

2217 1183 2529 1236 consentire
2557 1183 2676 1253 ipse
2706 1200 2890 1241 secum
2919 1205 2933 1252 ;
2970 1189 3206 1258 primum
3236 1185 3454 1246 Juliano
3505 1208 3668 1258 anno,
3720 1209 3788 1248 ac

2215 1283 2358 1324 coss.
2393 1285 2534 1339 quos
2562 1272 2672 1327 dixi
2700 1313 2715 1338 ,
2771 1269 3016 1331 Natalem
3049 1277 3252 1334 Christi
3287 1281 3526 1337 tribuere
3571 1282 3728 1338 debet
3768 1301 3782 1332 :

2215 1367 2328 1412 tum
2356 1360 2605 1415 eumdem
2631 1361 2907 1418 Christum
2937 1364 3160 1420 Juliano
3183 1365 3250 1422 75
3281 1369 3606 1440 baptizatum
3630 1387 3792 1427 asse-

2212 1463 2350 1512 rere,
2375 1464 2519 1503 anno
2538 1453 2710 1508 aetatis
2723 1469 2851 1508 xxix
2872 1454 2983 1523 jam
3015 1458 3302 1528 completo,
3330 1470 3384 1515 et
3409 1461 3627 1517 ineunte
3648 1480 3782 1518 xxx.

2211 1537 2426 1609 Alioqui
2446 1555 2568 1595 cum
2585 1541 2937 1600 Geminorum
2958 1549 3274 1605 consulatus
3308 1565 3452 1606 anno
3485 1552 3553 1607 29
3585 1552 3787 1628 Diony-

2211 1630 2376 1685 sianaa
2402 1646 2523 1687 aera:
2562 1646 2844 1705 congruat,
2882 1640 3035 1709 cyclo
3066 1642 3198 1696 solis
3227 1659 3282 1706 x,
3323 1644 3466 1699 lunze
3513 1663 3588 1709 xt,
3616 1646 3786 1704 Chri-

2212 1724 2590 1792 stus,expletis
2607 1725 2867 1782 duntaxat
2884 1745 3050 1786 xxvtu
3071 1733 3249 1798 annis,
3270 1734 3570 1804 baptizatus
3594 1738 3783 1796 fuerit.

544 1791 675 1875 σονα
707 1820 914 1890 μείνας,
942 1791 1137 1887 μέχρις
1158 1807 1218 1866 οὗ
1239 1791 1609 1884 ’προελήλυθεν
1655 1791 1905 1886 Ἰωάννης
1933 1816 2100 1887 κῆρυξ

2213 1809 2326 1864 lmo
2359 1826 2492 1867 vero
2515 1813 2561 1867 si
2591 1813 2830 1887 Dionysii
2855 1819 3001 1876 illius
3025 1837 3146 1877 aera:
3181 1826 3500 1893 conditoris,
3532 1845 3594 1884 ac
3619 1829 3783 1887 Beda

544 1913 726 1971 αὐτοῦ,
761 1911 977 1965 Dubitat
1004 1918 1184 1962 utrum
1211 1921 1385 1961 annos
1412 1905 1630 1976 triginta
1655 1907 1902 1961 Christus
1922 1924 2110 1964 exces-

543 2009 694 2071 serit,
729 2021 797 2058 an
830 2000 968 2056 infra
1002 2001 1124 2056 illos
1169 1997 1497 2062 constiterit,
1547 2013 1669 2052 cum
1727 1999 1793 2053 ad
1841 1997 2107 2057 Joannem

538 2098 790 2156 accessit.
841 2095 951 2150 Cur
991 2093 1100 2148 ita?
1152 2090 1339 2145 Nonne
1383 2091 1527 2160 quod
1556 2090 1732 2146 Lucas
1759 2093 2108 2165 ἀπορητικῶς

538 2193 686 2262 loqui
714 2191 865 2245 visus
901 2197 1004 2251 est,
1032 2200 1152 2240 cum
1181 2183 1312 2236 ὡσεὶ
1347 2182 1482 2236 ἐτῶν
1518 2183 1810 2254 τριάκοντα
1857 2188 2109 2256 scripsit?

535 2282 867 2337 'At'lrenzeus
897 2287 1103 2332 tantum
1136 2276 1204 2330 ab
1233 2272 1559 2345 rigidisillis
1582 2273 1991 2345 przefractisque
2014 2293 2106 2332 vo-

540 2377 783 2432 cularum
813 2369 1197 2441 interpretibus
1223 2367 1508 2432 abhorret;
1539 2374 1598 2420 ut
1625 2367 1660 2419 Ι.
1688 2382 1751 2430 ιι,
1782 2382 1832 2421 c.
1861 2368 2106 2424 59Chri-

540 2482 680 2526 stum
705 2464 956 2537 baptismi
989 2472 1228 2531 tempore
1249 2459 1488 2514 nondum
1510 2459 1684 2513 aetatis
1701 2475 1904 2514 annum
1941 2462 2107 2518 trice-

538 2563 738 2620 simum
773 2557 1074 2625 explevisse
1113 2561 1352 2609 censeat.
1381 2549 1740 2606 Praetermitto
1776 2556 2105 2612 recentiores

539 2651 850 2724 apostolicis
893 2648 1002 2702 illis
1033 2644 1366 2714 temporibus
1396 2641 1600 2706 Patres,
1621 2652 1952 2715 caeterosquc
1983 2662 2104 2717 gra-

538 2764 654 2813 ves,
684 2755 739 2800 et
771 2743 1012 2798 eruditos
1056 2738 1337 2800 homines;
1389 2735 1482 2806 qui
1517 2735 1692 2790 Lucae
1732 2739 2101 2796 testimonium

537 2839 855 2910 ἀδιορίστως
881 2840 1094 2888 aetatem
1121 2827 1347 2894 Christi,
1377 2842 1440 2882 ac
1471 2826 1762 2892 πλατυκῶς
1798 2830 2105 2902 signiﬁcare

538 2947 646 2985 non
682 2927 948 2984 dubitant.
1001 2921 1112 2976 Nec
1155 2917 1461 2983 defuerunt,
1512 2917 1606 2987 qui
1650 2933 1747 2987 pro
1778 2921 2100 2990 ἀρχόμενος,

536 3021 826 3094 ἐρχόμενος
884 3013 1127 3085 legerint,
1172 3018 1231 3064 ut
1277 3008 1611 3078 Epiphanius
1640 3018 1694 3064 et
1741 3009 2098 3082 Euthymius;

535 3115 670 3167 adeo
714 3108 1055 3180 participium
1090 3102 1390 3192 ἀρχόμενος
1431 3103 1497 3156 ad
1539 3100 1700 3156 ofﬁcii
1751 3111 1806 3157 et
1835 3103 2100 3172 praedica-
2127 3133 2170 3192 α

533 3202 698 3258 tionis
728 3197 1032 3260 exordium,
1070 3210 1179 3250 non
1229 3191 1295 3248 ad
1338 3191 1610 3247 ineuntem
1639 3199 1852 3247 aetatem
1885 3193 2098 3250 illorum

534 3293 800 3349 sententia
831 3295 1133 3343 revocatur.

605 3382 711 3438 Sed
750 3390 835 3436 est
859 3379 1004 3434 aliud
1033 3376 1314 3447 quiddam,
1341 3375 1484 3445 quod
1512 3385 1720 3430 veteres
1744 3375 1993 3444 perinde,
2036 3394 2100 3435 ac

531 3475 863 3531 recentiores
890 3483 1100 3529 omnes,
1125 3466 1216 3534 qui
1247 3465 1314 3519 de
1335 3464 1498 3518 natali
1515 3479 1661 3518 anno
1680 3463 1882 3520 Christi
1909 3466 2100 3536 dispu-

534 3574 736 3629 tarunt,
767 3572 1027 3630 tanquam
1067 3556 1433 3613 certissimum
1483 3556 1645 3624 vulgo
1700 3567 2094 3626 sumpserunt:

531 3658 789 3713 nimirum
841 3652 1117 3708 Christum
1167 3664 1312 3704 anno
1359 3664 1428 3702 xv
1480 3646 1682 3702 Tiberii
1757 3649 2094 3719 baptizatum

531 3748 723 3802 fuisse.
755 3743 910 3798 Unde
940 3756 1064 3798 cum
1089 3739 1294 3794 Tiberii
1336 3753 1403 3792 xv
1429 3738 1656 3808 coeperit
1686 3753 1832 3793 anno
1876 3738 2096 3797 Juliano

529 3842 620 3903 73,
657 3837 841 3892 Silano
865 3845 918 3890 et
939 3833 1112 3888 Nerva
1157 3845 1395 3895 coss.,ex
1423 3830 1488 3883 A.
1526 3827 1588 3882 Ι).
1624 3845 1714 3883 xiv
1747 3831 1875 3888 Kal.
1916 3831 2093 3903 Sept.,

527 3944 584 3988 et
608 3929 910 4000 baptismus
945 3925 1146 3980 Clu-isti
1181 3924 1233 3978 in
1264 3921 1510 3976 Januarii
1537 3937 1588 3976 vt
1624 3922 1935 3989 incurrerit,
1963 3940 2096 3981 con-

525 4024 674 4080 venit
703 4035 846 4076 anno
882 4018 1095 4074 Juliano
1125 4014 1221 4080 74,
1257 4012 1500 4068 Geminis
1529 4012 1744 4069 duobus
1775 4030 1943 4080 coss.,
1972 4033 2096 4087 quae

525 4125 610 4172 est
636 4114 879 4170 omnium
927 4109 1040 4164 fere
1068 4105 1375 4162 communis
1423 4105 1628 4174 opinio.
1671 4105 1827 4173 Quod
1876 4109 2092 4165 illorum

526 4207 926 4260 firmamentum
959 4199 1006 4254 si
1035 4197 1159 4268 quis
1186 4193 1496 4259 extorserit,
1547 4197 1728 4252 omnis
1758 4197 1848 4252 illa
1885 4198 2092 4255 Christi

526 4299 723 4353 natalis
747 4291 1106 4364 investigandi
1127 4290 1267 4344 ratio
1291 4288 1615 4344 labefactata
1648 4291 1908 4346 concidit.
1925 4291 2090 4362 Atqui

525 4401 672 4443 anno
719 4388 847 4456 ipso
896 4383 1100 4438 Tiberii
1136 4399 1202 4437 xv
1243 4383 1578 4452 baptizatum
1637 4399 1759 4441 esse
1813 4385 2089 4441 Christum

2210 1899 2447 1956 decretis
2495 1903 2820 1970 insistimus,
2845 1912 3062 1966 nonnisi
3091 1930 3239 1970 xxvu
3268 1931 3442 1973 annos
3471 1919 3780 1976 absolverat

2209 1985 2482 2056 Christus,
2523 2006 2647 2048 cum
2690 1995 2757 2050 ad
2788 1994 3052 2056 Joannem
3081 2005 3248 2059 venit.

2210 2098 2485 2166 Quomodo
2516 2105 2748 2191 vulgaria
2784 2127 2895 2194 tera
2924 2111 3127 2194 Christi
3150 2118 3235 2194 _ab
3271 2121 3503 2175 auctoris
3535 2121 3779 2194 Dionysii

2706 2180 2965 2236 instituto
2993 2186 3269 2242 dissideat.

2279 2262 2570 2322 Sciendum
2598 2270 2742 2324 enim
2765 2281 2868 2338 est,
2886 2289 3090 2331 annum
3119 2279 3292 2344 illum,
3321 2298 3483 2352 quem
3509 2301 3630 2342 aera:
3656 2289 3778 2343 vul-

2206 2357 2352 2425 garis
2398 2360 2634 2427 primum
2690 2361 2942 2430 facimus,
2976 2377 3030 2423 et
3059 2373 3309 2438 proxime
3363 2391 3393 2428 a
3439 2375 3614 2433 Natali
3650 2381 3773 2452 ipso

2207 2445 2502 2506 Salvatoris
2528 2454 2940 2523 auspicamur,a
2966 2462 3141 2530 primo
3164 2465 3307 2522 illius
3334 2481 3553 2527 auctore
3583 2474 3773 2530 lncar-

2206 2539 2443 2596 nationis
2495 2557 2560 2596 ac
2618 2543 2824 2601 Natalis
2863 2564 3065 2605 annum
3110 2569 3232 2610 esse
3271 2561 3627 2616 constitutum
3666 2581 3678 2615 :
3717 2567 3775 2620 id

2206 2630 2349 2698 quod
2387 2646 2451 2686 ex
2482 2631 2724 2705 Dionysii
2755 2637 2926 2706 ipsius
2947 2678 2962 2703 ,
3010 2655 3075 2695 ac
3127 2642 3283 2699 Bedze
3317 2648 3630 2705 testimonio
3647 2652 3774 2721 ipla-

2205 2735 2336 2774 num
2359 2721 2558 2778 faciam
2600 2745 2613 2781 :
2648 2743 2772 2782 nam
2800 2729 3110 2802 Dionysius,
3137 2744 3195 2789 ut
3227 2747 3420 2793 auctor
3451 2750 3536 2797 est
3568 2741 3769 2798 Bedat.

2209 2812 2280 2866 De
2311 2825 2466 2886 temp.
2501 2821 2861 2891 ratione.cap.
2902 2824 2999 2890 45,
3050 2835 3105 2880 et
3150 2828 3276 2883 alibi
3334 2847 3510 2900 saepe,
3559 2835 3768 2906 cyclum

2203 2921 2361 2962 suum
2395 2923 2660 2967 annorum
2689 2913 2794 2968 5'52
2820 2915 2889 2970 ab
2927 2931 2992 2972 eo
3042 2919 3319 2978 inchoavit
3349 2939 3514 2990 anno,
3551 2928 3642 2996 qui
3682 2928 3772 2982 ln-

2204 3001 2575 3057 carnationem
2611 3013 2665 3060 et
2717 3005 3061 3065 Nativitatem
3101 3017 3412 3072 antecessit.
3451 3017 3638 3090 itaque
3663 3023 3774 3091 pri~

2205 3108 2354 3146 mum
2384 3109 2592 3150 annum
2623 3099 2760 3168 cycli
2787 3101 2878 3154 sui
2903 3103 3073 3158 voluit
3101 3119 3227 3160 eum
3261 3123 3404 3174 esse,
3432 3113 3623 3180 quiest
3646 3130 3773 3170 εει-ιθ

2203 3186 2510 3240 communis
2539 3187 2669 3253 552;
2716 3192 3015 3247 secundum
3045 3210 3176 3249 vero
3213 3213 3358 3264 eum,
3405 3203 3497 3270 qui
3531 3213 3615 3259 est
3640 3206 3768 3261 533.

2201 3275 2320 3342 Quo
2352 3278 2428 3340 ﬁt,
2460 3287 2518 3332 ut
2544 3280 2590 3335 si
2610 3289 2754 3336 retro
2780 3287 3028 3355 progredi
3062 3290 3321 3358 volueris,
3356 3297 3532 3350 annu!
3555 3299 3769 3365 primus

2201 3371 2336 3440 cycli
2365 3369 2678 3442 Dionysiani
2721 3377 2964 3444 proxime
3009 3380 3404 3440 lncarnationis
3454 3401 3520 3442 ac
3563 3386 3773 3444 Nativi-

2202 3459 2326 3514 tatis
2353 3475 2558 3515 annum
2587 3465 2874 3532 praecedat.
2926 3467 3071 3523 idem
3106 3471 3159 3526 in
3209 3473 3498 3545 Computo,
3541 3481 3766 3550 cap.l7,

2199 3553 2392 3621 repetit
2420 3551 2562 3608 Beda
2589 3564 2674 3609 :et
2707 3572 2773 3610 ne
2793 3573 2896 3627 qua
2921 3561 3189 3618 dubitatio
3215 3568 3386 3634 possit
3416 3583 3558 3632 esse,
3589 3581 3770 3626 certos

2199 3639 2541 3698 characteres
2574 3642 2744 3709 addit,
2773 3647 2974 3716 quibus
3001 3654 3279 3708 secundus
3301 3655 3393 3710 ille
3420 3671 3598 3713 annus
3626 3662 3765 3731 cycli

2199 3731 2267 3785 ab
2294 3733 2416 3787 aliis
2448 3733 2774 3790 discernitur
2804 3757 2818 3794 :
2865 3741 3053 3808 veluti,
3084 3745 3228 3812 quod
3261 3760 3479 3816 epaelas
3518 3749 3770 3807 habuerit

2198 3839 2288 3888 xi;
2316 3836 2707 3884 concurrentes
2747 3846 2810 3896 v;
2840 3832 2965 3886 luna
2989 3833 3114 3888 item
3140 3852 3230 3891 xtv
3255 3838 3314 3892 in
3339 3855 3434 3894 vtn
3459 3841 3585 3895 Kal.
3631 3843 3764 3914 Apr.

2198 3917 2475 3975 Dominica
2500 3937 2628 3976 vero
2646 3920 2936 3980 Paschalis
2971 3942 3023 3980 Vl
3049 3927 3172 3982 Kal.
3207 3931 3337 4000 Apr.
3373 3933 3501 3989 luna
3530 3951 3638 3989 xvi.
3670 3935 3770 3992 Est

2195 4011 2339 4066 enim
2364 4011 2452 4067 hic
2488 4028 2665 4069 annus
2691 4030 2810 4070 aera:
2841 4019 3150 4075 communis
3183 4022 3414 4090 primus,
3455 4025 3608 4094 cyclo
3633 4026 3766 4079 solis

2194 4118 2248 4166 x,
2279 4102 2418 4158 luna:
2457 4119 2518 4166 ιι,
2546 4114 2750 4173 epactae
2779 4123 2854 4170 x1,
2903 4121 3297 4168 concurrentes
3327 4130 3380 4169 v.
3410 4113 3762 4172 Novilunium

2195 4195 2430 4250 medium
2457 4211 2520 4250 ex
2550 4195 2774 4252 Frisicis
2798 4197 3005 4254 Mulleri
3037 4201 3255 4262 tabulis.
3269 4203 3447 4260 Martii
3472 4223 3591 4274 xm,
3627 4209 3763 4263 hora

2191 4285 2246 4349 7,
2269 4284 2358 4347 59,
2384 4285 2473 4349 39,
2497 4296 2619 4355 post
2638 4289 2779 4343 med.
2811 4297 3049 4356 noctem,
3079 4292 3205 4348 luna
3228 4311 3341 4361 xtv,
3375 4296 3554 4352 Martii
3580 4315 3710 4354 xxv:
3743 4316 3761 4355 :

2192 4376 2287 4431 sed
2303 4377 2373 4430 ob
2407 4378 2712 4448 προήγησιν
2744 4377 2975 4436 Nicrenis
2996 4385 3354 4454 temporibus,
3388 4389 3454 4443 ad
3481 4406 3604 4460 quae
3633 4390 3762 4447 Dio-

524 4478 669 4534 unde
707 4477 921 4533 tandem
955 4474 1297 4529 habuerunt?
1330 4473 1506 4530 Lucas
1530 4475 1675 4530 enim
1705 4491 1824 4546 cap.
1855 4493 1928 4541 ιιι,
1958 4477 2012 4543 l,
2033 4477 2088 4538 2,

2200 4465 2383 4536 nysius
2413 4466 2621 4537 cyclum
2659 4483 2817 4522 suum
2857 4470 3060 4541 dirigit,
3091 4475 3430 4532 novilunium
3459 4478 3633 4536 Martii
3665 4497 3759 4547 xu,

523 4583 669 4622 anno
691 4583 760 4622 xv
812 4566 1013 4620 Tiberii
1041 4563 1303 4619 Joannem
1335 4566 1508 4620 sancti
1549 4565 1782 4636 Spiritus
1811 4567 1992 4622 aﬂlatu
2022 4568 2089 4622 ad

522 4658 929 4731 praedicandam
976 4657 1349 4727 paenitentiam
1390 4657 1660 4725 prodiisse
1695 4667 1880 4712 narrat
1913 4697 1928 4720 ,
1979 4672 2088 4711 non

520 4765 651 4807 vero
683 4749 959 4805 Christum
987 4747 1176 4802 eodem
1196 4748 1288 4802 illo
1319 4745 1522 4802 Tiberii
1553 4765 1620 4802 xv
1650 4764 1793 4804 anno
1821 4765 1851 4803 a
1880 4747 2090 4804 Joanne

521 4840 874 4912 baptizatum.
903 4835 1116 4893 Etenim
1151 4839 1266 4892 fieri
1298 4847 1491 4907 potest,
1527 4848 1588 4894 ut
1629 4837 1848 4894 Juliano
1877 4840 1964 4901 74,
1997 4837 2088 4893 Ti-

516 4933 652 4988 berii
692 4947 760 4986 xv
787 4939 1036 4996 exeunte,
1078 4937 1267 5000 utputa
1301 4930 1545 5001 Augusto
1577 4931 1814 4995 ineunte,
1846 4935 2087 4987 Joannes

516 5021 704 5076 relicta
733 5012 1026 5076 solittidine
1049 5018 1108 5073 in
1140 5019 1413 5088 publicum
1442 5021 1740 5085 emerserit,
1760 5029 1813 5076 et
1846 5036 1990 5076 anno
2015 5021 2085 5074 75

513 5111 732 5168 Juliano
786 5111 1096 5181 baptizatus
1117 5111 1197 5165 .ab
1245 5111 1434 5166 eodem
1471 5113 1541 5167 sit
1571 5113 1842 5178 Christus,
1879 5113 2083 5170 Tiberii

501 5215 624 5259 ‘xvn.
659 5201 815 5268 Quod
847 5218 878 5256 a
901 5201 1138 5267 nemine,
1165 5209 1429 5271 quantum
1462 5200 1654 5268 sciam,
1685 5203 1948 5260 hactenus
1985 5205 2083 5260 ob-

514 5309 812 5361 servatum,
843 5293 1134 5364 plurimum
1173 5294 1241 5348 ad
1279 5295 1595 5350 communis
1636 5309 1700 5349 ac
1739 5295 2082 5366 Dionysiana:

510 5403 632 5443 terte
661 5385 1024 5457 patrocinium
1065 5386 1297 5442 confert.
1333 5383 1502 5440 Nemo
1529 5395 1614 5442 est
1656 5387 1803 5443 enim
1843 5399 1952 5443 tam
1982 5405 2078 5460 pa-

509 5493 654 5544 rum,
677 5493 785 5532 non
812 5477 990 5533 dicam
1023 5476 1424 5532 mathematicis
1452 5477 1688 5545 artibus,
1735 5479 1829 5534 sed
1868 5480 2076 5551 vulgari

508 5569 599 5623 illa
624 5569 816 5638 peritia
860 5567 1340 5624 subducendorum
1385 5577 1691 5637 temporum
1747 5572 2072 5636 instructus,

506 5657 599 5726 qui
627 5672 736 5720 non
769 5672 1220 5728 pugnare-secum
1253 5653 1375 5714 illos
1402 5673 1593 5715 omnes
1650 5660 2069 5727 animadvertat,

505 5749 600 5817 qui
629 5747 873 5808 Natalem
901 5749 1114 5807 Domini
1134 5767 1198 5806 ex
1221 5765 1326 5806 aera
1343 5750 1549 5820 vulgari
1579 5751 1686 5806 alio
1713 5767 1875 5821 anno,
1902 5769 2066 5826 quam

2192 4557 2319 4612 luna
2335 4573 2448 4624 xiv,
2467 4557 2642 4612 Martii
2664 4575 2784 4625 xxv,
2812 4561 2925 4616 sive
2956 4578 3050 4618 vm
3069 4563 3190 4620 Kal.
3211 4566 3366 4638 Apr.,
3386 4571 3466 4624 lit.
3488 4571 3758 4630 Dom'inic.

2189 4647 2250 4701 Β.
2289 4647 2523 4703 Proinde
2553 4648 2732 4704 Martii
2754 4668 2916 4716 xxvn,
2951 4654 3249 4713 Dominica.
3283 4658 3421 4717 Hinc
3451 4673 3536 4720 est
3588 4669 3757 4736 quod,

2189 4747 2250 4794 ut
2279 4741 2467 4796 scribit
2497 4741 2660 4807 Beda,
2695 4743 2981 4816 Dionysius
3019 4748 3083 4802 ad
3111 4752 3424 4808 methodum
3464 4755 3758 4814 decemno.

2189 4834 2438 4888 vennalis
2470 4836 2629 4890 annis
2682 4835 2892 4891 Domini
2938 4853 3104 4892 unum
3137 4841 3297 4911 adjici
3335 4845 3524 4913 jubet;
3559 4849 3761 4918 signi/i-

2186 4939 2315 4978 cam
2362 4925 2458 4978 illo
2497 4926 2779 4980 incantato
2818 4945 2980 4982 unum
3023 4930 3225 4985 Οἰταιιὶ
3270 4934 3760 4994 decennouenali:

2185 5029 2382 5069 annum
2410 5020 2526 5087 jam
2549 5019 2712 5086 fuisse
2738 5020 3071 5089 completum.
3109 5022 3317 5089 Quibus
3338 5041 3406 5082 ex
3437 5027 3593 5084 Beda:
3632 5031 3764 5087 Dio-

2185 5108 2434 5179 nysiique
2480 5112 2661 5167 verbis
2689 5112 2936 5167 vitiosam
2989 5113 3446 5186 Dionysianorum
3477 5123 3758 5192 cyclorum

2181 5197 2596 5270 descriptionem
2627 5218 2749 5260 ease
2775 5213 2938 5274 patet,
2957 5221 3078 5274 quae
3101 5209 3241 5276 apud
3268 5211 3516 5266 eumdem
3553 5213 3758 5271 Bedam

2185 5298 2332 5346 tomo
2360 5289 2380 5344 l
2405 5293 2689 5361 reperitur.
2714 5290 2790 5347 lbi
2819 5293 2966 5348 enim
2999 5309 3144 5350 anno
3173 5298 3350 5365 primo
3371 5299 3551 5356 littera
3575 5302 3618 5356 E
3651 5321 3758 5373 po-
3803 5339 3808 5346 ι

2180 5383 2329 5438 nitur
2359 5400 2372 5437 :
2407 5398 2552 5438 anno
2575 5386 2835 5449 secundo,
2858 5384 2962 5440 DC.
2988 5387 3150 5456 Atqui
3174 5389 3384 5458 primus
3410 5407 3588 5449 annus
3616 5397 3757 5466 cycli
3799 5423 3808 5438 ι

2179 5475 2495 5548 Dionysiani
2530 5477 2798 5532 bisextilis
2829 5485 2933 5542 est,
2964 5492 3071 5530 non
3127 5481 3428 5545 secundus,
3459 5484 3553 5552 qui
3586 5484 3758 5540 habet

2178 5567 2410 5622 litteram
2442 5566 2503 5633 Β,
2533 5567 2610 5621 uti
2632 5568 2780 5636 prior
2812 5566 2917 5622 DC.
2947 5568 3072 5624 Ideo
3093 5569 3288 5624 merito
3316 5571 3456 5627 Beda
3487 5575 3757 5640 cornexit,

2174 5668 2229 5715 et
2278 5660 2584 5716 bisextilem
2639 5661 2775 5733 cycli
2817 5662 3054 5731 primum
3112 5678 3320 5718 annum
3373 5681 3495 5721 esse
3552 5667 3756 5724 voluit.

2174 5753 2498 5822 Quanquam
2523 5751 2790 5822 suspicari
2830 5753 2953 5809 licet
2978 5751 3294 5825 Dionysium
3330 5755 3508 5826 primo
3536 5771 3752 5814 annum
