4118 6402
291 376 394 433 909

1447 361 1534 416 ns
1571 332 1756 416 ANNO
1789 356 2040 413 NATALI
2080 353 2372 412 CHRISTI.

3422 345 3528 400 sto
3621 309 3626 314 ’

292 491 540 550 Natalem
582 491 636 544 in
665 489 884 544 tertium
913 487 1121 558 olymp.‘
1155 484 1255 538 194
1286 482 1683 552 conjicientem,
1716 489 1861 534 recte
1891 485 1934 540 Α
1965 478 2139 532 littera
2177 476 2332 529 Dom.
2379 474 2438 526 Β.
2463 471 2644 539 Quare
2672 470 2879 526 decima
2917 474 3110 538 quarta
3131 463 3410 519 Paschalis
3444 463 3530 516 in-

293 586 591 641 adnotasse
623 580 936 652 proximum
962 579 1116 632 illum
1147 584 1272 630 ante
1320 573 1622 629 bisextilem
1669 571 1860 635 fuisse,

290 678 458 746 eique
482 679 766 744 propterea
803 671 1037 724 litteram
1063 666 1107 720 E
1138 665 1396 722 tribuisse
1428 679 1442 714 :
1481 671 1664 733 postea
1684 671 1861 716 tamen

293 769 718 831 hallucinatum,
762 762 1006 818 Natalem
1051 759 1395 817 submovisse
1450 756 1504 809 in
1560 769 1763 808 annum
1811 769 1862 807 Iv

293 860 504 929 olymp.
527 857 793 927 ejusdem,
817 855 898 909 vel
922 861 1068 908 certe
1093 851 1316 906 alteram
1345 847 1654 918 quempiam
1695 841 1866 898 ascri-

293 953 478 1023 psisse
517 951 755 1004 litteram
787 945 850 1012 E,
881 959 1044 1014 quam
1088 940 1380 997 convenire
1416 945 1600 992 nosset
1629 947 1774 990 anno
1808 948 1866 986 ιιι

292 1043 502 1113 olymp.
550 1038 676 1095 194»
724 1036 814 1091 ειιί
868 1033 1159 1103 Dionysius
1197 1029 1443 1083 Natalem
1476 1025 1868 1095 assignaverat,

295 1148 402 1186 nec
429 1128 746 1190 advertisse,
771 1125 951 1181 minus
977 1123 1083 1176 hoc
1112 1123 1178 1174 ad
1208 1134 1370 1175 suum
1404 1117 1710 1171 institutum
1733 1129 1871 1184 qua~

295 1224 479 1277 drare.
511 1219 800 1288 Utcunque
832 1229 962 1270 vero
1000 1212 1279 1278 ceciderit,
1328 1224 1430 1264 nos
1470 1221 1634 1262 atram
1663 1205 1867 1276 Diony-

297 1314 511 1369 sianam
536 1325 646 1365 uno
680 1307 1040 1376 anticipamus
1093 1317 1273 1357 anno:
1302 1309 1357 1356 et
1380 1314 1540 1368 quem
1571 1298 1658 1352 ille
1689 1297 1871 1350 lncar-

299 1405 542 1461 nationis
578 1415 632 1458 et
675 1379 987 1455 Nativifatis
1034 1412 1236 1451 annum
1275 1408 1399 1450 esse
1431 1392 1625 1455 voluit,
1683 1389 1872 1460 proxi-

299 1510 450 1550 mum
480 1509 511 1548 a
543 1491 835 1546 Nativitate
859 1480 1870 1556 constituimus,quodimprudentibus

301 1586 461 1640 nobis
486 1583 748 1652 obrepsit.
777 1581 913 1636 Cum
935 1579 1083 1634 enim
1120 1591 1360 1646 majores
1389 1575 1563 1629 nostri
1599 1587 1772 1627 annos
1802 1569 1871 1624 ab

301 1671 681 1730 lncarnatione
707 1676 1075 1732 numerarent,
1112 1673 1302 1737 postea
1325 1663 1530 1719 factum
1553 1673 1656 1725 est,
1679 1669 1740 1716 ut
1771 1661 1868 1732 qui

299 1779 333 1819 a
365 1761 654 1818 Nativitate
677 1758 859 1829 potius
883 1757 1097 1811 initium
1145 1764 1389 1824 repetere
1411 1754 1629 1818 vellent,
1660 1767 1784 1807 cum
1813 1767 1866 1806 ιχ

1965 570 2134 624 currit
2165 570 2215 621 in
2250 581 2300 622 ιχ
2329 570 2456 637 Apr.
2493 565 2592 620 fer.
2620 580 2710 618 vn.
2736 562 3004 618 Postridie
3033 561 3212 627 itaque
3245 556 3526 612 Dominica

1965 661 2262 716 Paschalis.
2295 660 2455 729 Atqui
2491 655 2816 712 utChristus
2852 663 3014 708 natus
3047 653 3117 707 sit
3132 659 3364 708 exeunte
3385 662 3532 704 anno

1968 752 2295 822 Dionysiano
2320 749 2578 814 secundo,
2609 763 2752 802 anno
2775 746 2843 801 54
2867 754 3120 810 exeunte,
3157 757 3266 798 non
3296 741 3530 812 amplius

1968 858 2115 896 χχχιι
2145 857 2316 896 annos
2343 840 2547 895 solidos
2595 839 2916 906 expleverit;
2950 837 3171 891 ineunte
3203 849 3332 889 vero
3366 848 3529 892 xxxv,

1975 935 2307 988 tricesimum
2336 933 2550 987 tertium
2579 932 2884 986 inchoabat.
2916 929 3058 999 Ergo
3088 928 3325 999 primum
3357 927 3533 981 mtatis

1968 1039 2170 1076 annum
2223 1021 2530 1093 Campanus
2562 1037 2684 1077 eum
2725 1029 2994 1084 numerat,
3029 1035 3138 1090 quo
3181 1019 3238 1074 in
3277 1027 3526 1072 materno

1972 1127 2128 1172 utero
2151 1125 2390 1187 gestatus
2423 1123 2525 1171 est.

1969 1231 2047 1286 De
2087 1230 2361 1300 Sigeberti,
2413 1227 3043 1300 Mariani,_aliorumque
3099 1223 3533 1300 chronologorum

2038 1295 2482 1382 hallucinatione,
2552 1297 2691 1368 quod
2774 1298 2843 1350 ad
2915 1295 3036 1351 certe
3099 1295 3535 1362 anticipationem

2041 1380 2285 1440 pertinet.

2041 1483 2196 1549 Quod
2236 1491 2320 1538 est
2354 1499 2383 1537 a
2424 1482 2579 1538 nobis
2632 1481 2882 1552 proxime
2933 1480 3288 1550 disputatum,
3329 1475 3535 1546 Diony-

1979 1575 2185 1631 sianam
2252 1590 2436 1641 aerum,
2507 1591 2630 1630 cum
2669 1576 2738 1630 ab
2793 1587 2934 1628 anno
2999 1569 3394 1626 lncarnationis
3450 1566 3539 1623 in—

1971 1667 2214 1721 choanda
2256 1667 2327 1722 sit
2367 1667 2436 1720 ab
2463 1681 2548 1731 eo,
2603 1666 2696 1735 qui
2745 1664 3087 1718 Nativitatem
3123 1661 3390 1732 sequitur,
3433 1659 3536 1714 ho-

1971 1757 2163 1810 dierno
2189 1771 2289 1810 usu
2322 1757 2511 1825 repeti,
2544 1757 2717 1826 prima
2748 1753 2923 1809 fronte
2953 1752 3266 1823 Sigebertus
3290 1750 3537 1806 animad-

302 1869 522 1909 menses
551 1852 834 1908 detrahere
867 1850 1146 1914 deberent,
1178 1821 1352 1901 tribus
1385 1853 1721 1900 antevertere
1751 1857 1866 1896 ma-
1898 1821 1944 1882 Β
1975 1846 2200 1900 vertisse
2251 1821 2419 1899 videri
2472 1821 2666 1915 potest.
2721 1842 2856 1897 Nam
2896 1842 2959 1896 ad
3000 1821 3202 1896 annum
3258 1840 3364 1894 552
3424 1839 3539 1894 haec

305 1945 529 2008 luerint,
562 1952 614 1999 et
642 1943 712 1998 ab
739 1956 807 1997 eo
835 1939 1032 2002 Natali,
1063 1938 1156 2008 qui
1185 1935 1582 1992 lncarnationis
1607 1934 1868 2002 epocham

305 2034 596 2098 antecedit,
619 2047 725 2087 non
748 2031 818 2086 ab
850 2045 916 2085 eo
941 2029 1035 2100 qui
1064 2025 1327 2098 sequitur,
1371 2024 1693 2080 numerandi
1719 2024 1870 2092 prin-

304 2126 510 2198 cipium
543 2123 820 2178 duxerint.
860 2119 1099 2174 Tametsi
1130 2117 1539 2171 vetustissimus
1588 2114 1676 2167 hic
1718 2126 1872 2168 error

303 2231 390 2277 est
442 2218 688 2286 adeoque
734 2211 977 2283 Dionysii
1017 2211 1212 2280 ipsius,
1271 2222 1333 2264 sc
1384 2205 1558 2261 Bedac.
1613 2203 1752 2257 Hinc
1781 2201 1872 2255 illa

306 2311 454 2365 velut
479 2324 546 2364 εχ
573 2306 780 2376 tripode
802 2303 1144 2373 pronuntiata
1176 2299 1439 2354 sententia
1470 2312 1480 2345 :
1521 2293 1691 2348 Habet
1711 2294 1870 2354 enim,

304 2401 410 2455 nisi
443 2397 626 2468 fallor,
675 2393 921 2449 Ecclesia:
950 2393 1102 2462 ﬁdes,
1140 2389 1418 2442 Dominum
1445 2387 1501 2440 in
1529 2401 1687 2439 carne
1715 2383 1874 2453 paulo

305 2492 424 2562 plus
448 2505 610 2560 quam
640 2503 803 2541 χχχιιι
823 2486 975 2538 annis
997 2499 1158 2553 usque
1189 2482 1258 2534 ad
1291 2496 1387 2533 sua
1414 2487 1646 2547 tempora
1669 2476 1876 2545 passio-

305 2587 389 2638 nis
413 2581 605 2635 vixisse
633 2594 654 2632 :
686 2579 811 2648 quia
836 2575 1070 2630 videlicet
1095 2589 1201 2627 xxx
1230 2586 1488 2625 annorum
1519 2569 1677 2638 fuerit
1702 2565 1874 2635 bapti-

310 2684 463 2729 zatus
487 2691 505 2739 ;
529 2675 664 2726 sicut
702 2669 1020 2739 evangelista
1050 2665 1221 2719 Lucas
1252 2671 1495 2726 testatur,
1521 2670 1569 2714 et
1599 2671 1700 2713 tres
1722 2658 1878 2713 semis

304 2782 473 2819 annos
504 2771 619 2833 post
655 2762 916 2829 baptisma
938 2756 1323 2828 praedicauerit.
1345 2747 1470 2808 Haec
1482 2751 1623 2806 Beda
1642 2766 1761 2820 cap.
1786 2749 1878 2802 illo

307 2859 398 2911 47.
422 2856 554 2922 Quae
581 2854 628 2908 si
647 2868 715 2907 ex
746 2849 1018 2912 Ecclesiae,
1055 2857 1112 2902 ut
1135 2846 1349 2908 asserit,
1381 2845 1482 2898 {ide
1501 2842 1714 2897 decreta
1742 2841 1877 2904 sint,

309 2947 446 3002 nihil
471 2958 650 3000 causae
681 2950 783 3009 est,
823 2941 955 3010 quin
1001 2939 1117 3008 ipsa
1143 2944 1332 2991 contra
1387 2947 1733 2989 communem
1782 2931 1881 2985 Ec-

311 3038 492 3093 clesia:
515 3035 674 3089 ﬁdem
707 3031 928 3089 sentiat.
969 3027 1178 3083 Etenim
1202 3026 1481 3082 Christum
1515 3037 1734 3092 passum
1763 3035 1883 3076 esse

313 3129 478 3182 tradit
513 3141 658 3180 anno
693 3139 814 3179 terte
842 3131 1044 3177 nostra:
1085 3120 1174 3174 54.
1213 3116 1368 3172 Unde
1413 3114 1876 3186 quemadmodum

309 3233 516 3273 annum
551 3231 672 3270 atrae
706 3221 902 3268 nostra:
921 3212 1044 3277 555,
1062 3210 1156 3280 qui
1184 3217 1269 3264 est
1303 3205 1526 3263 secundi
1565 3201 1882 3275 Dionysiani

314 3309 453 3381 cycli
489 3305 785 3368 secundus,
823 3302 1154 3372 respondere
1204 3306 1390 3354 censet
1441 3310 1584 3350 anno
1631 3296 1727 3360 illi,
1773 3309 1883 3364 quo

311 3399 566 3456 Christus
593 3398 916 3450 incarnatus
944 3401 1027 3447 est
1058 3406 1073 3443 :
1106 3392 1179 3445 ita
1211 3391 1280 3444 ad
1317 3387 1426 3443 552
1448 3387 1571 3442 addi
1610 3386 1766 3455 jubet
1789 3385 1880 3454 54,

316 3498 377 3544 ιιι
404 3490 538 3544 ﬁant
566 3485 690 3552 566,
722 3485 815 3554 qui
845 3497 1023 3538 annus
1058 3481 1384 3551 respondeat
1437 3478 1592 3533 alteri
1641 3477 1739 3542 illi,
1775 3492 1886 3544 quo

315 3595 511 3651 passus
541 3589 628 3633 est
655 3577 936 3642 Dominus,
969 3575 1062 3646 qui
1087 3583 1170 3630 est
1193 3589 1315 3629 serae
1343 3573 1432 3627 54.
1461 3573 1696 3641 Apparet
1722 3570 1886 3640 igitur

312 3669 461 3740 apud
496 3668 719 3731 Bedam,
749 3675 804 3720 et
832 3665 1151 3736 Dionysium
1207 3678 1272 3717 eo
1297 3677 1466 3725 anno,
1496 3662 1587 3731 qui
1635 3670 1720 3716 est
1765 3673 1886 3714 mra:

315 3760 628 3818 communis
654 3759 745 3824 54,
776 3757 914 3828 cycli
971 3754 1285 3826 Dionysiani
1323 3753 1417 3818 55,
1447 3751 1723 3807 Christum
1764 3766 1885 3807 esse

316 3869 564 3926 passum.
597 3851 778 3916 Quare
819 3865 969 3914 cum,
1016 3857 1077 3902 ut
1109 3847 1186 3902 illi
1230 3854 1496 3909 statuunt,
1549 3860 1694 3899 anno
1749 3845 1885 3916 cycli

316 3944 576 4005 secundo,
617 3958 738 3998 atrae
789 3951 968 3996 autem
1014 3941 1213 4012 primo,
1248 3940 1567 3994 incarnatus
1618 3946 1886 4008 natusque

317 4036 390 4090 sit
421 4033 687 4088 Dominus
734 4047 907 4087 :cum
959 4045 1154 4100 passus
1198 4038 1302 4094 est,
1357 4043 1533 4083 annos
1581 4029 1888 4084 absolverat

314 4130 586 4185 duntaxat
630 4142 779 4181 χχχιι
827 4141 946 4179 cum
987 4125 1196 4194 aliquot
1243 4123 1544 4177 mensibus.
1589 4120 1704 4175 Nisi
1748 4121 1888 4176 forte

317 4237 522 4280 annum
570 4221 746 4276 aetatis
791 4219 1028 4288 primum
1079 4231 1428 4270 numeremus
1487 4215 1660 4282 illum,
1693 4214 1884 4285 quoin

317 4325 474 4371 utero
505 4312 694 4368 matris
722 4318 964 4380 gestatus
989 4317 1102 4373 est;
1132 4306 1277 4376 quod
1305 4305 1759 4361 absurdissimum
1781 4312 1885 4359 est.

391 4406 458 4460 Et
488 4415 669 4459 tamen
700 4402 1010 4470 Campanus
1039 4397 1272 4465 insignis
1285 4404 1662 4464 computorum
1694 4395 1887 4448 artifex

1971 1936 2221 1990 adnotat:
2246 1935 2322 1988 Ab
2348 1936 2442 1988 hoc
2472 1935 2632 1988 etiam
2663 1950 2802 1987 anno
2825 1932 3112 2001 Dionysius
3141 1931 3302 1984 abbas
3332 1929 3541 1983 orditur

1973 2024 2174 2094 cyclum
2205 2041 2387 2088 suum,
2440 2023 2703 2094 cgclorum
2766 2040 2796 2076 ν
2849 2020 3412 2076 decemnovennalium.
3471 2018 3541 2072 Et

1972 2120 2096 2188 quia
2123 2121 2380 2172 secundus
2419 2134 2588 2171 annus
2617 2118 2772 2186 hujus
2812 2117 2982 2186 operis
3024 2116 3343 2170 concordare
3388 2115 3539 2169 debet

1974 2210 2030 2261 in
2057 2210 2262 2262 ratione
2315 2211 2546 2278 computi
2577 2211 2746 2277 primo
2778 2223 2916 2260 anno
2962 2206 3278 2260 Nativitatis
3320 2205 3540 2268 Christi,

1975 2299 2121 2353 debet
2155 2315 2297 2353 xxxv
2320 2316 2488 2353 annus
2511 2299 2645 2369 cycli
2675 2298 2992 2367 Dionysiani
3021 2297 3340 2352 concordare
3362 2297 3413 2350 in
3450 2313 3540 2349 ra-

1979 2393 2118 2446 tione
2173 2393 2402 2461 computi
2471 2393 2731 2446 tricesimo
2801 2393 2956 2445 tertio
3029 2407 3166 2444 anno
3226 2387 3543 2444 Nativitatis

1979 2481 2218 2538 Christi:
2256 2484 2453 2538 scilicet
2476 2493 2533 2538 ut
2557 2500 2646 2537 xw
2670 2483 2799 2536 luna
2826 2483 3023 2553 Aprilis
3060 2491 3304 2536 occurrat
3330 2498 3382 2536 Ix
3417 2479 3541 2535 Kal.

1980 2575 2111 2642 Apr.
2142 2577 2192 2627 in
2215 2591 2248 2628 ν
2275 2575 2410 2645 feria
2433 2591 2452 2627 :
2486 2573 2674 2628 Passio
2703 2572 2903 2629 Christi
2934 2591 3030 2628 vm
3071 2573 3202 2629 Kal.
3234 2575 3364 2645 Apr.
3388 2575 3442 2627 in
3477 2589 3545 2627 ιχί

1983 2665 2157 2733 feria:
2188 2663 2519 2718 Resurrectio
2575 2679 2626 2717 Vl
2662 2662 2791 2717 Kal.
2845 2663 2975 2734 Apr.
3018 2665 3073 2718 in
3113 2664 3392 2718 Dominica
3440 2665 3545 2719 die.

1983 2753 2086 2807 Sed
2117 2753 2240 2822 quia
2262 2769 2369 2805 non
2407 2754 2482 2806 ita
2516 2755 2766 2812 occurrit,
2803 2754 2892 2806 sed
2936 2753 3061 2806 luna
3089 2768 3181 2808 xw
3208 2753 3408 2822 Aprilis
3459 2770 3551 2808 oc-

1983 2847 2150 2899 currit
2179 2861 2238 2899 eo
2272 2861 2410 2898 anno
2438 2861 2513 2898 xu
2546 2844 2675 2898 Kal.
2706 2846 2834 2914 Apr.
2864 2846 2920 2899 in
2961 2846 3134 2915 prima
3161 2845 3330 2916 feria:
3366 2846 3548 2901 Domi-

1984 2939 2103 2992 nica
2126 2953 2243 2991 vero
2275 2938 2386 2991 dies
2427 2937 2642 2991 Pascha:
2677 2938 2729 2990 in
2764 2953 2792 2990 v
2851 2936 2977 2990 Kal.
3011 2937 3164 3004 Apr..
3206 2939 3322 2992 ideo
3349 2940 3550 3008 impro-

1987 3032 2162 3096 batur,
2193 3032 2318 3099 quia
2354 3039 2610 3099 repugnat
2652 3029 3209 3100 evangelicazreritati.
3245 3029 3366 3085 [hcc
3399 3033 3550 3101 Sige-

1990 3117 2194 3172 bertus.
2231 3115 2363 3182 Quae
2407 3132 2529 3171 cum
2582 3117 2974 3173 obscurissima
3029 3128 3194 3174 sunt:
3256 3129 3368 3173 tum
3422 3137 3552 3175 vero

1988 3225 2110 3264 cum
2147 3210 2222 3263 ait
2251 3225 2454 3263 annum
2489 3209 2624 3280 cycli
2655 3208 2971 3281 Dionysiani
2997 3211 3068 3267 55
3107 3212 3438 3281 respondere
3482 3213 3553 3267 55

1985 3303 2319 3365 Nativitatis,
2355 3301 2496 3356 istud
2528 3302 2727 3370 ipsum,
2764 3301 2910 3371 quod
2942 3317 2971 3356 a
3009 3302 3166 3357 nobis
3200 3303 3550 3358 observatum

1984 3403 2088 3458 est,
2132 3393 2398 3448 allirmare
2427 3395 2658 3448 videtur.
2708 3391 2843 3448 Nam
2879 3394 2925 3449 si
2973 3394 3333 3466 Dionysianus
3365 3396 3552 3466 cyclus

1985 3503 2095 3542 uno
2127 3503 2271 3541 anno
2297 3484 2732 3540 lncarnationem
2771 3486 3060 3550 antecedit,
3100 3502 3321 3542 necesse
3350 3495 3456 3551 est,
3492 3497 3553 3541 ut

1983 3577 2228 3646 ejusdem
2262 3575 2395 3646 cycli
2429 3576 2620 3631 tertius
2653 3576 2863 3646 primus
2893 3576 2966 3630 sit
2995 3583 3118 3646 post
3162 3576 3506 3634 Nativitatem
3535 3619 3551 3644 ,

1985 3669 2229 3738 adeoque
2277 3667 2411 3738 cycli
2445 3660 2516 3721 55
2567 3667 2707 3722 sita
2759 3666 3048 3722 Nativitate
3105 3669 3193 3723 55.
3244 3669 3324 3725 lta
3378 3685 3553 3727 annos

1983 3757 2292 3814 Nstivitatis
2343 3767 2468 3828 post
2519 3757 2870 3815 Nativitatem
2931 3761 3106 3830 ipsam
3166 3761 3402 3831 cuipiam
3465 3763 3552 3817 in-

1987 3853 2186 3907 choare
2210 3852 2498 3907 videbitur.
2531 3851 2731 3906 Verum
2767 3853 3052 3909 character
3082 3853 3190 3919 ille,
3217 3870 3379 3924 quem
3409 3856 3543 3912 sub-

1981 3944 2127 4013 jicit,
2157 3943 2302 3997 aliud
2331 3959 2433 3997 nos
2460 3943 2772 3998 existimare
2799 3945 2962 4016 cogit.
3010 3945 3224 4000 Etenim
3272 3947 3555 4020 Dionysia-

1985 4049 2109 4088 nam
2140 4050 2304 4089 teram
2339 4035 2582 4099 damnat,
2618 4035 2762 4104 quod
2789 4049 2914 4090 cum
2946 4051 3123 4091 annus
3150 4038 3286 4108 cycli
3326 4038 3394 4092 55
3427 4055 3552 4097 cum

1987 4139 2133 4180 anno
2162 4124 2472 4181 Nativitatis
2506 4126 2576 4180 55
2604 4127 2898 4180 convenire
2940 4125 3153 4192 debeat,
3192 4129 3321 4198 quia
3357 4143 3555 4184 secun-

1988 4217 2090 4271 dus
2119 4217 2253 4288 cycli
2284 4219 2492 4287 primus
2525 4225 2607 4273 est
2633 4215 2961 4283 Nativitatis,
2998 4233 3339 4290 nequaquam
3368 4228 3551 4277 tamen

1989 4311 2333 4365 consentiat:
2367 4321 2648 4382 propterea
2681 4315 2824 4382 quod
2872 4314 2941 4368 55
2987 4314 3121 4384 cycli
3158 4313 3341 4369 lunam
3396 4317 3557 4372 habet

1990 4417 2082 4455 xrv
2141 4401 2196 4455 in
2247 4419 2325 4456 χιι
2376 4402 2492 4457 Kal.
2529 4407 2660 4474 Apr.
2697 4405 2830 4460 feria
2862 4421 2900 4468 ι,
2939 4405 3043 4460 hoc
3070 4415 3153 4462 est
3195 4406 3370 4461 Martii
3427 4425 3552 4473 χχι,

317 4500 374 4553 ἰιι
415 4496 547 4552 illud
578 4493 866 4564 prolapsus
896 4498 996 4544 est.
1026 4486 1164 4542 Nam
1203 4488 1256 4542 in
1281 4487 1572 4558 Computo,
1598 4501 1717 4556 cap.
1740 4485 1812 4539 24
1832 4494 1887 4539 ει
1920 4507 1961 4561 ι)
1993 4488 2200 4544 Pascha
2227 4507 2359 4546 vero
2390 4509 2422 4546 ν
2453 4491 2572 4546 Kal.
2620 4493 2774 4563 Apr.,
2810 4509 2988 4548 annus
3027 4502 3205 4548 autem
3249 4492 3557 4550 Nativitatis

317 4591 407 4655 59.,
434 4588 712 4643 Christum
763 4582 1051 4636 Dominum
1079 4587 1264 4632 natum
1285 4585 1561 4632 asseverat
1582 4592 1726 4630 anno
1750 4576 1885 4647 cycli

316 4677 829 4741 decemnovennalis
887 4673 1149 4737 secundo,
1203 4671 1337 4742 cycli
1393 4686 1522 4725 vero
1572 4679 1884 4740 epactarum

320 4773 502 4836 tertio,
535 4777 656 4824 ante
685 4783 721 4821 ιι
753 4761 1259 4828 mensesinchoato,
1293 4760 1381 4815 die
1411 4760 1664 4816 vicesima
1693 4771 1886 4829 quarta

318 4860 618 4921 lunationis
671 4857 1065 4919 embolimaraa,
1114 4867 1236 4923 quae
1281 4853 1521 4908 secundo
1569 4851 1886 4907 Decembris
1936 4891 1938 4894 μ

318 4957 473 5022 iniit;
512 4953 665 5024 cyelo
695 4951 826 5006 solis
861 4965 918 5014 χ,
972 4948 1148 5001 littera
1183 4946 1339 5002 Dom.
1374 4946 1435 5000 Β.
1483 4944 1599 5001 Νοιι
1628 4947 1769 5000 alius
1797 4945 1888 4999 hic

318 5061 496 5103 annus
521 5053 624 5107 est.
665 5055 828 5112 quam
877 5054 1000 5094 uerae
1043 5037 1386 5109 Dionysianaa
1436 5037 1646 5107 primus
1674 5075 1688 5100 ,
1747 5037 1886 5107 cycli

321 5131 638 5205 Dionysiani
689 5128 984 5191 secundus,
1023 5142 1186 5196 quem
1208 5143 1321 5182 .nos
1352 5127 1587 5197 primum
1629 5143 1658 5181 a
1709 5125 1887 5181 Natali

318 5233 633 5294 computare
670 5222 945 5286 solemus;
976 5234 1088 5290 quo
1118 5219 1302 5290 cyclus
1328 5230 1640 5289 epactarum
1673 5224 1886 5286 tertius,

318 5317 412 5386 qui
437 5316 578 5371 idem
606 5324 691 5370 est
721 5329 844 5370 cum
869 5313 1255 5378 Alexandrino,
1272 5313 1340 5367 ab
1365 5311 1669 5382 Septembri
1699 5329 1889 5370 mense
1933 5341 1938 5346 ε

320 5407 502 5478 coepit,
543 5415 792 5462 currente
821 5420 990 5461 aureo
1019 5420 1245 5460 numero
1284 5403 1348 5457 ll.
1403 5402 1614 5460 Rursus
1663 5421 1886 5475 passum

319 5516 442 5556 esse
468 5500 748 5554 Christum
782 5499 937 5553 docet
959 5513 1102 5552 anno
1130 5497 1306 5552 aetatis
1336 5497 1426 5560 54,
1467 5513 1577 5567 quo
1597 5497 1800 5553 Pascha
1833 5499 1886 5552 in

322 5606 375 5645 tv
407 5588 525 5645 Eid.
556 5590 686 5660 Apr.
720 5589 931 5644 incidit.
966 5587 1062 5642 Est
1089 5587 1135 5642 is
1159 5603 1337 5643 annus
1382 5603 1505 5642 aere
1547 5586 1889 5659 Dionysianat

321 5680 412 5746 55,
440 5696 551 5752 quo
589 5680 741 5752 cyclo
787 5679 999 5734 labente
1025 5678 1168 5734 lunae
1197 5693 1326 5742 χχιι,
1370 5675 1664 5733 Neomenia
1718 5677 1888 5736 Nisan

321 5772 525 5832 Nicaeui
548 5774 689 5830 cadit
713 5774 764 5830 in
799 5772 977 5830 Martii
1004 5788 1175 5842 χχιιι,
1208 5770 1338 5828 feria
1361 5786 1400 5838 ι,
1438 5770 1591 5841 cyclo
1618 5771 1750 5830 solis
1774 5789 1884 5844 χγι,

1993 4581 2062 4634 55
2095 4581 2275 4636 lunam
2306 4599 2399 4637 xw
2437 4584 2689 4639 habuerit
2745 4602 2798 4639 Ix
2834 4584 2952 4640 Kal.
3006 4585 3137 4656 Apr.
3187 4585 3323 4640 feria
3370 4603 3424 4652 ν,
3458 4587 3557 4642 Pa-

1994 4674 2124 4727 scha
2151 4690 2204 4727 v1
2258 4673 2378 4730 Kal.
2414 4675 2543 4745 Apr.
2577 4675 2745 4747 Igitur
2777 4695 2922 4732 xxxv
2954 4695 3078 4733 cum
3118 4695 3293 4734 χχχιιι
3319 4696 3448 4746 ιιοιι,
3499 4695 3558 4738 ιιι

1993 4763 2243 4829 debebat,
2272 4765 2544 4835 congruit.
2590 4765 2667 4822 lta
2699 4766 3035 4838 Sigebertus.
3073 4768 3213 4822 Idem
3245 4770 3310 4823 ad
3354 4786 3554 4825 annum

1996 4855 2133 4910 l076
2162 4857 2261 4910 ista
2293 4858 2479 4912 scribit
2505 4877 2518 4913 :
2547 4862 2662 4912 Hoc
2692 4876 2830 4912 anno
2853 4861 2944 4930 qui
2975 4869 3050 4914 est
3080 4878 3176 4915 xm
3209 4879 3377 4915 annus
3399 4865 3561 4931 primi

1994 4949 2478 5004 decentnovennalis
2503 4952 2636 5022 cycli
2659 4954 2714 5006 in
2741 4953 2958 5021 repetito
2981 4969 3167 5022 magno
3195 4971 3331 5006 anno
3361 4954 3560 5026 Diony'

1995 5043 2082 5107 sii,
2110 5042 2313 5096 duobus
2347 5046 2548 5114 magnis
2582 5045 2735 5098 annis
2759 5061 2789 5096 a
2821 5043 3078 5096 Passione
3105 5043 3321 5098 Domini
3359 5047 3558 5101 revolu-

1997 5135 2088 5200 tis,
2118 5137 2316 5201 omnia,
2340 5152 2458 5204 qute
2492 5137 2562 5189 ad
2587 5152 2799 5190 rursum
2855 5137 2982 5190 solis
3014 5147 3064 5190 et
3108 5137 3250 5191 luna:
3297 5149 3553 5208 spectant,

1994 5241 2133 5280 anno
2157 5225 2446 5280 Dominicaz
2475 5225 2752 5281 Passionis
2786 5227 3124 5281 concordant.
3158 5226 3305 5282 Unde
3340 5243 3556 5300 apparet

1993 5319 2132 5387 quod
2157 5316 2440 5388 Dionysius
2483 5334 2584 5372 non
2627 5327 2764 5372 recte
2809 5334 2975 5372 annos
3011 5317 3220 5371 Domini
3271 5318 3417 5388 cyclo
3467 5337 3563 5373 suo

1994 5411 2275 5474 annexuit;
2305 5410 2430 5482 quia
2455 5411 2593 5464 enim
2649 5409 2714 5464 ab
2757 5426 2894 5464 anno
2923 5409 3140 5463 Domini
3191 5409 3296 5464 553
3350 5409 3562 5480 ,cyclum

1994 5518 2149 5556 suum
2179 5519 2330 5556 orsus
2358 5511 2476 5567 est,
2519 5503 2769 5556 nimirum
2818 5500 3043 5556 intendit
3087 5499 3356 5555 Christum
3399 5500 3564 5569 fuisse

1936 5639 1942 5644 .
1995 5602 2179 5646 natum
2215 5610 2353 5648 anno
2397 5594 2623 5648 secundo
2680 5593 2875 5664 prioris
2906 5593 3086 5664 magni
3120 5593 3291 5656 anni;
3341 5606 3404 5646 ac
3467 5609 3560 5662 per

1995 5686 2088 5740 hoc
2118 5686 2202 5740 hic
2229 5701 2398 5740 annus
2433 5701 2572 5739 anno
2606 5683 2892 5738 Dominicis
2922 5681 3198 5746 Passionis
3232 5680 3559 5736 concordani

1994 5777 2250 5834 debuisset
2285 5793 2396 5834 esse
2439 5777 2615 5847 magni
2666 5775 2799 5849 cycli
2830 5791 2998 5832 annus
3029 5789 3132 5832 non
3183 5773 3252 5830 15
3272 5813 3288 5842 ,
3327 5774 3416 5828 sed
3448 5769 3556 5836 53;
