4118 6402
522 313 618 370 911

1651 308 1994 366 APPENDIX
2033 311 2667 369 DlSSERTATIONUM.

3676 311 3784 368 913

525 427 650 497 quia
674 425 720 478 is
753 424 853 494 fuit
884 440 1055 477 annus
1098 422 1372 477 Passionis
1428 422 1637 477 Domini
1666 441 1683 478 :
1726 435 1774 478 et
1824 441 1916 494 per
1964 425 2098 479 hanc
2133 432 2170 484 Α
2200 428 2408 482 rexisse
2436 443 2562 480 vero
2595 426 2770 481 Martii
2801 443 2973 491 xxv",
3013 425 3145 480 feria
3190 439 3229 478 1.
3263 423 3382 490 Quo
3409 424 3555 478 velut
3584 432 3779 492 postu-

525 515 950 574 conseaueutiam
977 513 1167 567 solaris
1215 522 1264 566 et
1305 513 1509 566 lunaris
1561 531 1746 568 cursus
1781 515 2102 568 concordant

527 605 842 676 evangelica:
886 604 1118 658 veritati.
1176 603 1464 673 Dionysius
1515 607 1690 673 posuit
1749 603 2102 659 Nativitatem

529 699 733 754 Christi
762 715 851 752 χχι
876 698 1028 751 annis
1090 696 1296 750 tardius
1351 714 1515 767 quam
1577 699 1776 751 debuit.
1822 697 1946 754 Haec
1991 699 2099 752 ille.

527 789 663 844 Cum
692 788 743 842 in
772 788 1053 858 superiore
1094 787 1215 842 loco
1247 788 1569 852 deliuiisset,
1614 804 1817 842 annum
1863 789 1932 843 55
1966 789 2101 861 cycli

526 881 724 935 debere
745 894 869 933 esse
897 877 1206 932 Nativitatis
1230 877 1320 943 23,
1337 893 1447 948 quo
1470 894 1666 948 passus
1691 888 1775 933 est
1803 877 2099 934 Dominus:

528 987 677 1028 nunc
711 979 771 1024 ut
806 969 947 1024 idem
984 967 1268 1024 Passionis
1299 986 1478 1026 annus
1508 985 1634 1025 cum
1666 987 1753 1035 eo,
1785 972 1877 1040 qui
1912 972 2101 1026 15ιιιι-

527 1073 792 1129 mcratur,
823 1062 972 1117 omni
1014 1077 1080 1117 ex
1115 1071 1270 1132 parte
1305 1064 1634 1128 consentiat,
1673 1065 1749 1117 ait
1791 1063 1969 1134 ipsum
2004 1065 2102 1119 de-

526 1158 656 1212 bere
676 1171 800 1212 esse
828 1155 963 1224 cycli
991 1155 1327 1209 tricesimum
1360 1157 1602 1209 tertium.
1653 1157 1817 1227 Atqui
1848 1157 1918 1211 55
1964 1155 2100 1227 cycli

524 1246 862 1310 Nativitatis,
899 1245 1013 1301 sive
1038 1244 1223 1316 potius
1267 1243 1664 1300 lncarnationis
1716 1254 1801 1301 est
1846 1246 1936 1300 52.
1969 1245 2102 1312 Quis

529 1339 1004 1396 hallucinationem
1035 1351 1141 1391 non
1166 1335 1348 1390 videt?
1386 1335 1460 1390 Ex
1497 1337 1564 1392 iis
1598 1345 1822 1406 apparet
1856 1337 1993 1391 nihil
2035 1337 2102 1391 de

526 1433 769 1499 biennio,
808 1431 952 1501 quod
979 1440 1102 1484 ante
1132 1445 1336 1484 annum
1384 1427 1593 1485 Natalis
1624 1428 1944 1500 Dionysiani
1995 1445 2099 1484 nu-

526 1526 850 1582 merandum
893 1538 1016 1578 esse
1047 1522 1358 1585 docuimus,
1413 1521 1466 1575 in
1525 1527 1762 1575 mentem
1820 1520 2102 1592 Sigeberto

528 1621 784 1685 venisse;
808 1625 862 1672 et
902 1611 1211 1670 Nativitatis
1253 1629 1453 1668 annum
1485 1613 1554 1668 ab
1587 1628 1652 1667 eo
1687 1629 1810 1668 cum
1845 1613 2100 1668 lucarna-

528 1711 696 1766 tionis
725 1723 869 1762 anno
905 1704 1162 1762 confundi
1192 1725 1204 1759 :
1246 1705 1504 1775 quoniam
1536 1705 1754 1774 quidem
1796 1705 2099 1759 secundum

2204 520 2332 582 lato,
2364 531 2417 575 et
2444 521 2716 575 axiomate
2779 519 2925 584 freti,
2984 518 3307 583 historiam,
3355 531 3420 572 ac
3471 525 3780 588 temporum

2201 626 2587 680 annorumque
2616 611 2814 667 seriem
2856 613 2924 665 ad
2980 625 3136 666 suam
3196 610 3342 664 illam
3392 609 3660 680 πρόληψιν
3688 625 3783 665 ac-

2202 699 2552 757 commodare
2592 700 2926 764 maluerunt,
2971 715 3136 770 quam
3187 698 3316 754 illud
3369 698 3548 769 ipsum
3596 698 3782 768 cujus-

2201 793 2348 846 modi
2379 800 2546 855 esset,
2599 791 2888 861 diligenter
2919 790 3215 862 inquirere.
3253 788 3440 860 Itaque
3485 805 3611 844 cum
3651 791 3783 844 anni

2203 887 2258 940 in
2299 894 2411 940 toto
2432 883 2770 956 Dionysiano
2807 883 2960 954 cyclo
2995 892 3106 939 tres
3148 882 3373 938 omnino
3408 883 3782 938 characterem

2203 977 2348 1032 hunc
2380 977 2580 1031 habere
2614 976 2846 1046 possint,
2887 975 3148 1030 nimirum
3188 989 3310 1038 xm,
3369 975 3465 1045 qui
3521 983 3607 1030 est
3657 989 3784 1028 mra:

2201 1086 2299 1132 xu,
2333 1070 2420 1123 cui
2457 1069 2646 1138 cyclus
2682 1068 2826 1122 luna
2852 1067 3107 1139 congruit
3138 1083 3261 1133 xm,
3294 1067 3426 1122 solis
3452 1082 3568 1132 xxi,
3603 1067 3784 1120 littera

2203 1161 2416 1216 Domin.
2459 1159 2548 1216 CB
2580 1179 2594 1214 :
2621 1159 2749 1216 item
2783 1175 2961 1214 annus
2988 1158 3114 1221 260,
3167 1175 3291 1214 azrae
3325 1158 3612 1229 259.cyclo
3643 1160 3784 1213 solis

2203 1269 2313 1317 xvi,
2351 1253 2528 1307 littera
2561 1251 2628 1314 Β,
2675 1252 2818 1306 luna:
2867 1267 3011 1306 xm:
3057 1266 3122 1306 ac
3170 1258 3447 1320 postremo
3485 1250 3612 1317 150,
3660 1267 3787 1306 aera:

2200 1345 2328 1409 449,
2362 1344 2515 1415 cyclo
2535 1343 2666 1398 solis
2698 1359 2752 1407 x,
2777 1343 2956 1398 littera
2976 1342 3041 1404 Β,
3087 1343 3228 1396 lunze
3253 1358 3350 1396 xm
3380 1358 3396 1407 ;
3426 1357 3522 1411 pro
3545 1357 3610 1398 eo
3635 1346 3784 1413 quod

2201 1434 2379 1488 ca:teri
2396 1433 2711 1487 remotiores
2725 1441 2931 1495 essent,
2939 1433 3172 1502 primum
3190 1432 3541 1502 arripuerunt
3555 1449 3785 1499 annum,

2201 1527 2295 1596 qui
2317 1535 2402 1582 est
2427 1527 2562 1598 cycli
2600 1525 2913 1596 Dionysiani
2944 1525 3032 1592 15,
3065 1541 3187 1580 terte
3224 1525 3329 1592 l2;
3375 1534 3429 1580 et
3467 1541 3496 1579 a
3523 1524 3786 1597 Dionysio

2206 1618 2619 1690 μεταχρονισμῷ
2649 1629 2928 1690 peccatum
2961 1633 3080 1673 esse
3107 1618 3360 1672 dixerunt
3387 1617 3742 1672 κηποι-ιιιηῆ
3770 1639 3784 1672 :

2206 1711 2341 1765 adeo
2359 1719 2417 1764 ut
2433 1710 2524 1778 qui
2548 1718 2863 1764 numeratur
2877 1708 3358 1764 lncarnationisl‘z
3374 1747 3388 1772 ,
3415 1708 3551 1778 cycli
3576 1708 3664 1772 15,
3683 1708 3787 1762 de-

525 1819 733 1858 annum
781 1799 937 1872 cycli,
973 1799 1068 1869 qui
1121 1799 1264 1852 haud
1296 1796 1460 1852 dubie
1513 1796 1908 1854 lucarnationis
1959 1797 2102 1866 apud
2136 1783 2177 1842 Β
2206 1801 2383 1855 buerit
2410 1799 2801 1858 [neat-nationis
2827 1815 2946 1856 esse
2973 1800 3042 1854 54
3071 1843 3084 1866 ,
3135 1799 3270 1871 cycli
3309 1800 3398 1855 55.
3433 1798 3684 1855 Testatur
3728 1801 3786 1855 id

529 1897 654 1951 illos
694 1893 903 1963 primus
933 1899 1039 1955 est,
1075 1891 1311 1960 primum
1340 1905 1494 1959 atque
1519 1889 1831 1945 Nativitalis
1855 1903 1977 1945 esse
2005 1889 2102 1943 de-

529 1988 668 2044 ﬁnit.
697 1985 802 2040 Sed
836 1985 887 2038 in
924 1982 1031 2036 illis
1065 1983 1281 2038 duobus
1317 1981 1581 2052 Sigeberti
1613 1982 1747 2037 locis
1776 1981 1944 2036 multa
1977 1990 2106 2036 sunt

530 2082 730 2152 partim
772 2079 1057 2150 scriptoris
1084 2078 1265 2148 culpa,
1291 2077 1490 2148 partim
1518 2074 1729 2130 librarii
1766 2073 1978 2128 incuria
2012 2073 2105 2127 de-

531 2183 776 2244 pravata.
803 2171 880 2226 Ac
908 2172 1092 2241 priore
1125 2170 1344 2241 quidem
1398 2168 1453 2224 in
1493 2168 1615 2222 loco
1659 2167 1868 2221 nullum
1904 2166 1958 2220 in
1997 2180 2104 2219 nu-

532 2265 832 2321 meralibus
866 2264 1011 2319 notis
1041 2263 1298 2318 mendum
1318 2276 1460 2324 esse,
1489 2275 1613 2316 cum
1645 2259 1714 2314 55
1737 2259 1871 2330 cycli
1900 2272 2104 2312 annum

533 2358 800 2424 nominat,
841 2357 1126 2412 character
1159 2355 1274 2425 ipse
1331 2353 1466 2409 satis
1522 2351 1779 2408 ostendit.
1811 2350 1900 2405 Ait
1959 2350 2105 2404 enim

533 2451 638 2505 hoc
671 2437 817 2504 ann'o
853 2449 1115 2504 decimam
1155 2454 1405 2518 quartam
1445 2446 1572 2499 luna
1619 2442 1818 2514 Aprilis
1869 2441 2108 2513 (Aprilis

532 2542 718 2596 lunam
756 2539 1045 2594 identidem
1080 2539 1337 2608 appellat,
1375 2553 1481 2591 non
1529 2551 1658 2606 qua:
1702 2534 1877 2604 Aprili
1917 2547 2108 2592 mense

533 2630 752 2684 initium
793 2629 1010 2692 habeat,
1045 2627 1138 2684 sed
1171 2643 1291 2696 qua:
1323 2628 1374 2681 in
1400 2626 1642 2696 Aprilem
1665 2625 1876 2681 desinat
1906 2643 1919 2678 :
1961 2622 2107 2693 quod

535 2719 872 2776 Scholiastes
901 2721 1122 2791 quidam
1161 2721 1343 2774 minus
1372 2716 1809 2772 animadvertetis
1852 2715 2108 2770 vitiosum

535 2828 660 2868 esse
685 2812 956 2880 credidit)
985 2827 1061 2866 xu
1092 2809 1210 2864 Kal.
1243 2813 1374 2879 Apr.
1419 2808 1554 2864 l‘eria
1587 2824 1603 2862 ι
1636 2807 1928 2864 convenire
1956 2825 1972 2874 ;
2009 2805 2112 2860 Pa-

533 2901 668 2958 scha
700 2916 829 2956 vero
862 2917 892 2953 v
919 2899 1037 2954 Kal.
1071 2899 1267 2970 April.,
1293 2897 1440 2968 quod
1482 2898 1710 2953 omnino
1748 2897 1932 2969 magni
1971 2895 2110 2967 cycli

535 3011 680 3050 anno
707 2994 776 3049 55
805 2993 1059 3064 congruit
1087 3034 1102 3059 ,
1133 3007 1256 3046 tera:
1298 2989 1642 3062 Dionysianaz
1669 2989 1761 3057 54,
1798 2989 1950 3060 cyclo
1981 2987 2114 3043 solis

533 3104 625 3152 xv,
664 3087 842 3142 littera
880 3071 1034 3140 Dom.
1066 3084 1130 3151 C,
1192 3083 1346 3155 cyclo
1393 3082 1535 3137 lunae
1590 3097 1704 3136 xvr.
1765 3080 2110 3136 Novilunium

535 3176 793 3248 paschale
823 3173 1100 3231 Nicamum
1146 3171 1312 3245 (nam
1348 3174 1655 3245 προήτησιν
1683 3171 1884 3225 nullam
1937 3185 2109 3226 sacu-

536 3269 648 3324 lum
685 3267 818 3323 illud
853 3265 1114 3338 agnovit)
1162 3265 1339 3320 Martii
1373 3281 1468 3320 vm
1497 3283 1512 3320 :
1573 3263 1796 3334 proinde
1829 3263 1958 3317 luna
2017 3277 2110 3316 xiv

534 3359 716 3415 Martii
748 3375 858 3414 ιιι.
909 3356 1068 3414 Hunc
1121 3372 1327 3412 annum
1380 3371 1504 3420 cum
1569 3371 1742 3410 xxqu
1803 3352 2112 3410 Nativitatis

534 3466 684 3508 anno
709 3450 1020 3507 consentire
1061 3448 1256 3504 debere
1289 3447 1608 3516 Sigebertus
1639 3446 1866 3510 asserit,
1903 3445 1982 3499 uti
2031 3445 2115 3499 Iu-

536 3558 663 3598 nam
699 3557 787 3596 xiv
824 3539 1018 3594 habeat
1050 3555 1103 3593 ix
1127 3537 1246 3596 Kal.
1272 3540 1403 3609 Apr.
1429 3537 1565 3594 l'eria
1593 3554 1646 3603 v,
1673 3536 1882 3592 Pascha
1907 3551 1961 3591 vr
1991 3535 2108 3591 Kal.

538 3631 1142 3704 Apr.;quandoquidem
1194 3646 1372 3685 annus
1421 3630 1510 3684 ille
1542 3628 1854 3685 Nativitatis
1890 3628 2113 3684 eosdem

506 3727 666 3792 illos
697 3725 1045 3780 characteres
1097 3723 1326 3777 obtinet.
1379 3721 1628 3793 Fungum
1669 3737 1778 3776 non
1838 3721 2113 3776 hominem

540 3824 754 3886 oportet
777 3829 920 3879 esse,
951 3813 1041 3868 cui
1070 3813 1210 3868 istud
1241 3813 1585 3883 persuadeat.
1628 3814 1820 3868 Annus
1850 3811 2116 3867 Nativita-

541 3909 633 3971 tis,
663 3909 777 3964 sive
803 3923 924 3962 aera.
945 3905 1291 3978 Dionysiana:
1320 3906 1388 3960 55
1426 3905 1715 3974 respondet
1747 3905 1883 3976 cycli
1915 3903 2117 3976 Diony-

541 4001 680 4055 siani
708 4014 818 4055 non
846 3999 936 4064 55,
969 3999 1062 4054 sed
1105 3998 1197 4062 54,
1228 3998 1494 4069 siquidem
1539 4013 1717 4053 annus
1756 3997 1966 4067 primus
2003 3997 2116 4051 Na-

541 4093 769 4148 tivitatis
804 4101 890 4148 est
948 4091 1084 4164 cycli
1122 4091 1415 4147 secundus.
1471 4089 1644 4145 liabet
1695 4105 1861 4160 porro
1906 4089 2115 4161 eyclum

542 4186 686 4239 luna:
714 4201 803 4250 xv,
833 4187 1017 4240 lunam
1049 4199 1178 4240 vero
1212 4199 1302 4239 ιιι·
1337 4184 1389 4238 in
1426 4181 1545 4236 Kal.
1577 4183 1710 4252 ipsis
1748 4182 1878 4253 Apr.
1919 4180 2118 4252 Cyclus

541 4276 675 4332 solis
701 4284 785 4330 est
811 4291 900 4330 xiv
929 4293 942 4342 ;
973 4275 1185 4330 Pascha
1218 4281 1349 4343 Apr.
1391 4291 1445 4342 v,
1504 4275 1682 4329 littera
1737 4273 1798 4328 D.
1850 4274 2116 4340 Quocirca

544 4369 686 4440 apud
716 4363 1054 4442 Sigebertum
1087 4367 1140 4420 in
1172 4367 1349 4435 priore
1379 4367 1500 4421 loco
1519 4365 1822 4436 legendum,
1852 4366 2116 4419 tricesimo

2204 1902 2394 1962 praeter
2407 1891 2746 1964 Sigebertum
2762 1891 3036 1947 Marianus
3050 1889 3364 1962 Scotus,qui
3382 1891 3787 1948 adannun1552

2203 1993 2375 2048 notat,
2408 1984 2553 2038 hunc
2581 1984 2755 2054 ipsum
2791 1998 2994 2038 annum
3020 1983 3255 2054 primum
3282 1997 3402 2037 esse
3435 1983 3615 2053 magni
3648 1984 3787 2054 cycli

2205 2074 2549 2148 Dionysiani,
2579 2076 2738 2146 cujus
2770 2091 2912 2131 anno
2943 2090 3040 2132 xm
3075 2075 3370 2130 resurrexit
3401 2073 3784 2140 Dominusmu

2206 2165 2325 2221 Kal.
2370 2166 2709 2237 April.,luua
2737 2181 2847 2221 xvu
2873 2165 3004 2237 (sed
3041 2181 3139 2236 pro
3183 2178 3283 2220 vm
3313 2162 3444 2218 Kal.
3469 2168 3778 2236 emendan-

2205 2259 2337 2314 dum
2367 2269 2450 2317 est
2476 2273 2528 2314 vr
2567 2257 2719 2314 Κρὴς
2761 2259 2963 2329 alioqui
2993 2259 3178 2330 cyclus
3207 2267 3352 2314 esset
3398 2257 3542 2312 luna:
3577 2274 3630 2322 ν,
3665 2273 3782 2312 non

2209 2367 2306 2406 xut
2331 2350 2494 2424 ),hoc
2519 2359 2607 2406 est
2633 2365 2779 2406 anno
2814 2365 2891 2404 xu
2927 2349 3342 2416 lncarnationis,
3389 2350 3548 2418 juxta
3583 2349 3794 2420 Diony-

2207 2443 2372 2500 sium.
2402 2443 2540 2498 Cum
2565 2453 2749 2499 autem
2783 2445 2849 2499 ad
2874 2459 3078 2498 annum
3107 2444 3212 2499 554
3238 2442 3398 2498 Beda.-
3418 2442 3599 2497 locum
3631 2443 3789 2505 citat,

2207 2537 2364 2606 quasi
2399 2537 2470 2590 sit
2507 2552 2685 2592 annus
2718 2535 3036 2591 Diocletiani
3067 2534 3197 2599 248,
3247 2537 3386 2590 scito
3438 2534 3791 2589 librariorum

2208 2644 2391 2684 errore
2418 2627 2738 2693 factum,ut
2786 2629 2901 2684 haec
2954 2639 3103 2696 nota,
3133 2643 3256 2698 quae
3314 2629 3380 2683 ad
3416 2643 3621 2682 annum
3679 2627 3796 2683 532

2211 2721 2408 2776 ascribi
2467 2721 2678 2785 debuit,
2717 2721 2772 2775 in
2806 2721 2911 2776 554
2947 2721 3334 2792 conjiceretur,
3373 2736 3441 2776 ne
3489 2721 3615 2792 quis
3649 2719 3794 2775 forte

2211 2812 2518 2868 Marianum
2552 2813 2849 2869 discrimen
2877 2812 3010 2868 illud
3040 2814 3268 2879 biennii,
3293 2812 3440 2884 quod
3466 2822 3590 2868 ante
3611 2827 3794 2868 annos

2211 2905 2423 2977 aliquot
2475 2905 2659 2976 urgeri
2722 2905 2917 2976 ctepit,
2972 2906 3263 2976 agnovisse
3321 2919 3448 2961 cum
3513 2903 3796 2975 Scaligero

2213 3007 2454 3054 censeat.
2484 2995 2583 3052 Hic
2617 2997 2763 3051 enim
2799 2997 2897 3052 lib.
2931 3013 3012 3060 vi,
3045 3013 3100 3068 p.
3135 2999 3262 3063 515,
3292 2997 3377 3054 ed.
3401 2997 3455 3064 2,
3487 2997 3562 3051 De
3586 2996 3793 3051 emend.

2215 3099 2396 3161 temp.,
2415 3089 2798 3162 Dionysianam
2826 3104 2992 3144 atram
3019 3090 3242 3145 biennio
3270 3105 3434 3162 quam
3453 3105 3550 3161 par
3575 3092 3644 3146 sit
3669 3091 3798 3145 bre-

2215 3183 2420 3237 viorem
2471 3195 2502 3234 a
2535 3180 2782 3236 Mariano
2841 3181 2951 3237 dici
3006 3182 3315 3247 conﬁrmat,
3363 3190 3418 3236 et
3462 3182 3578 3238 hac
3609 3181 3788 3252 ipsius

2213 3274 2378 3328 verba
2425 3284 2862 3329 commemorat:
2904 3273 3054 3327 Anno
3100 3273 3169 3328 ad
3205 3275 3478 3328 veritatem
3516 3274 3793 3344 Evangelii

2215 3365 2354 3419 1076
2383 3383 2397 3431 ;
2437 3366 2725 3420 secundum
2758 3381 2876 3420 vero
2911 3365 3157 3437 Dionysii
3189 3367 3394 3437 cyclum
3425 3366 3585 3432 1074,
3620 3366 3794 3420 Hilli-

2216 3458 2469 3523 brandus,
2506 3457 2597 3527 qui
2624 3467 2672 3510 et
2707 3456 3011 3528 Gregorius,
3045 3467 3149 3513 etc.
3183 3457 3315 3524 Quae
3355 3457 3574 3528 quidem
3626 3457 3792 3512 verba

2216 3548 2271 3602 in
2297 3549 2539 3604 editione
2571 3548 2926 3604 Francol‘ord.
2959 3548 3287 3616 Pistoriana,
3328 3565 3450 3619 quae
3500 3549 3633 3603 mihi
3665 3565 3792 3604 cum

2217 3641 2334 3696 hmc
2361 3641 2653 3696 scriberem
2687 3641 2754 3694 ad
2789 3656 3010 3695 manum
3059 3651 3215 3704 erat,
3279 3656 3550 3711 nusquam
3592 3644 3791 3712 reperi.

2219 3731 2326 3788 Sed
2359 3742 2419 3787 ut
2448 3733 2648 3788 alicubi
2678 3733 2955 3803 legantur,
2985 3733 3109 3801 quis
3140 3747 3246 3786 non
3275 3733 3643 3788 emendandas
3671 3749 3796 3787 esse

2218 3825 2529 3880 numerales
2571 3833 2728 3880 notas
2777 3825 2998 3879 videat?
3029 3824 3239 3880 Etenim
3289 3825 3537 3897 Dionysii
3601 3809 3794 3896 cyclus

2218 3917 2496 3988 vulgarem
2524 3933 2690 3972 teram
2724 3933 2834 3973 uno
2873 3919 3129 3988 pracedit
3175 3933 3362 3986 anno;
3418 3929 3612 3988 estque
3656 3919 3792 3990 cycli

2220 4011 2644 4067 secundus.a:rm
2674 4011 2903 4078 primus.
2940 4009 3090 4066 Unde
3119 4011 3164 4065 si
3203 4011 3330 4082 quis
3357 4026 3521 4065 azram
3576 4011 3796 4065 biennio

2222 4111 2564 4172 promoveat,
2593 4103 2794 4158 incidet
2821 4103 2874 4157 in
2899 4103 3410 4158 decemnovennalis
3431 4103 3566 4175 cycli
3590 4119 3794 4158 annum

2223 4194 2314 4257 19,
2353 4195 2535 4265 magni
2577 4194 2712 4265 cycli
2745 4193 3062 4267 Dionysiani
3097 4195 3240 4259 532;
3288 4195 3391 4250 hoc
3441 4205 3526 4250 est
3571 4197 3798 4250 alterius

2221 4286 2357 4356 cycli
2385 4287 2727 4356 postulatitii,
2757 4302 2820 4342 ac
2838 4287 3117 4357 proleptici
3147 4288 3421 4341 ultimum.
3451 4287 3799 4355 ldeoqnean-

2222 4391 2326 4431 nus
2345 4376 2576 4431 verioris
2591 4392 2714 4431 atra:
2733 4376 2870 4432 1076
2891 4387 2994 4431 erit
3013 4376 3328 4448 Dionysiani
3347 4377 3480 4448 cycli
3509 4377 3666 4441 l075,
3689 4394 3799 4432 non

542 4473 733 4535 quarto
759 4479 896 4517 anno
923 4460 1242 4514 Nativitatis
1274 4460 1475 4514 Christi
1505 4473 1604 4528 pl‘O
1631 4459 1894 4513 tricesimo
1937 4460 2112 4513 tertio.
2151 4490 2198 4547 υ
2235 4465 2396 4521 1074,
2467 4465 2754 4522 Debuisse;
2799 4466 3077 4522 Marianus
3128 4483 3236 4521 non
3274 4467 3488 4538 cyclum
3530 4465 3799 4537 Dionysii,

543 4558 616 4610 At
651 4557 705 4610 in
739 4554 1039 4625 posteriore
1067 4553 1140 4607 ita
1166 4551 1547 4622 corrigendum
1581 4551 1850 4618 videatur,
1883 4567 1986 4605 non
2018 4560 2120 4605 ter-

547 4651 652 4704 tius
686 4651 938 4714 decimus,
962 4649 1051 4702 sed
1083 4649 1380 4702 tricesimus
1419 4657 1646 4718 quartus
1685 4664 1785 4719 pro
1826 4649 2120 4702 tricesimus

549 4745 754 4797 tertius.
785 4741 940 4808 Quod
963 4749 1017 4796 et
1051 4740 1336 4810 sequentia
1374 4739 1604 4807 docent,
1635 4755 1760 4795 cum
1811 4740 1888 4794 ait
1926 4739 2122 4809 Diony-

547 4837 686 4890 sium
717 4834 1038 4890 Nativitatis
1073 4833 1273 4888 Christi
1303 4833 1542 4902 posuisse
1583 4849 1676 4886 xxi
1713 4833 1868 4887 annis
1890 4833 2120 4898 tarditas,

546 4943 707 4998 quam
740 4925 1011 4980 debuerat.
1042 4925 1195 4980 Adde
1242 4925 1302 4978 21
1339 4926 1407 4979 ad
1458 4926 1546 4984 15.
1580 4926 1714 4980 ﬁent
1743 4925 1814 4979 54
1843 4925 1972 4978 anui
2004 4941 2124 4979 ma-

547 5017 638 5088 gni
665 5017 800 5089 cycli
834 5016 1150 5087 Dionysiani
1183 5035 1195 5070 :
1225 5016 1320 5086 ᾳιὶ
1348 5017 1566 5087 quidem
1631 5033 1808 5072 annus
1866 5016 2124 5070 lncarna-

551 5107 715 5164 tionis
748 5108 849 5163 erit
879 5109 970 5164 55.
1013 5106 1213 5163 Verum
1262 5124 1386 5163 cum
1438 5109 1812 5178 superioribus
1860 5108 2126 5179 pugnabit

547 5201 715 5266 istud,
748 5200 842 5254 ubi
877 5215 1023 5254 xxxv
1054 5201 1189 5271 cycli
1228 5198 1518 5271 Passionis
1536 5215 1740 5254 annum
1781 5216 1904 5256 esse
1931 5200 2120 5255 voluit.

548 5293 720 5366 Igitur
759 5295 907 5350 hunc
934 5295 988 5348 in
1042 5293 1265 5348 modum
1299 5293 1480 5362 potius
1527 5294 1832 5363 posteriore
1878 5294 2003 5350 loco
2044 5294 2125 5348 le-

549 5387 808 5457 gendum,
850 5385 1110 5439 debuisset
1135 5401 1244 5439 esse
1273 5385 1450 5454 magni
1471 5385 1607 5454 cycli
1640 5402 1835 5449 nntius,
1879 5402 1982 5440 non
2015 5387 2082 5440 15
2108 5426 2123 5449 ,

545 5480 638 5534 sed
671 5479 740 5534 55
762 5497 776 5547 ;
801 5488 854 5534 et
870 5495 1022 5541 mox,
1039 5477 1326 5548 Dionysius
1348 5478 1521 5546 posuit
1547 5476 1896 5533 Nativitatem
1926 5479 2126 5533 Christi

543 5587 675 5640 1(in~
690 5572 844 5626 annis
874 5571 1102 5637 tardius,
1135 5587 1290 5641 quam
1323 5571 1499 5624 debuit
1526 5585 1543 5632 ;
1579 5585 1684 5624 non
1721 5581 1904 5627 autem
1937 5587 2053 5626 xxI.

621 5665 832 5720 Etenim
893 5664 1054 5736 vulgo
1116 5678 1438 5733 persuasum
1494 5663 1604 5716 illis
1656 5664 1912 5720 omnibus
1967 5676 2122 5719 erat:

545 5757 826 5814 Christum
863 5773 1085 5826 passum
1111 5772 1231 5814 esse
1261 5772 1366 5812 xxv
1406 5755 1607 5823 Martii,
1638 5756 1770 5813 feria
1801 5774 1853 5812 vr
1883 5774 1897 5824 ;
1943 5774 2126 5813 resur-

2224 4557 2317 4612 sed
2359 4573 2524 4612 atram
2554 4558 2776 4614 dicere:
2811 4560 3019 4631 cyclum
3055 4559 3199 4614 enim
3253 4558 3646 4629 Dionysianum
3700 4573 3803 4611 ne-

2222 4663 2329 4718 que
2359 4648 2655 4715 Marianos,
2704 4666 2883 4721 neque
2934 4649 3250 4721 Sigebertus
3301 4650 3655 4720 improbant:
3705 4649 3802 4704 sed

2223 4740 2621 4799 lncarnationis
2680 4745 2838 4799 annis
2893 4760 3146 4814 perverse
3201 4745 3470 4798 duntaxat
3532 4743 3802 4814 illigatum

2224 4835 2574 4903 existimant;
2617 4836 2670 4890 in
2704 4851 2816 4906 quo
2859 4851 2966 4890 non
3007 4836 3250 4898 biennio,
3285 4837 3378 4889 sed
3411 4836 3570 4890 annis
3608 4835 3807 4890 solidis

2225 4927 2463 4993 duobus,
2495 4937 2549 4982 et
2580 4928 2767 4997 viginti
2792 4930 3104 4982 abcrratum
3141 4944 3262 4983 esse
3287 4935 3555 4983 statuunt.
3585 4927 3649 4981 Et
3675 4943 3805 4983 cum

2225 5033 2466 5073 errorem
2499 5019 2663 5074 istum
2703 5019 2912 5091 vulgari
2949 5033 3217 5073 annorum
3253 5021 3450 5075 rationi
3510 5029 3619 5073 tam
3672 5033 3809 5073 con-
3839 5051 3844 5068 .

2227 5117 2435 5166 stanter
2469 5111 2748 5167 ascrihant
2773 5153 2787 5176 ,
2819 5112 3021 5167 mirum
3061 5121 3143 5167 est
3173 5113 3297 5168 illos
3345 5114 3399 5166 in
3425 5112 3810 5183 Cbronologiis

2229 5203 2348 5257 suis
2379 5202 2444 5256 ad
2468 5217 2588 5256 eam
2623 5203 2797 5271 ipsam
2830 5219 2994 5257 teram
3029 5204 3346 5269 adhaesisse,
3379 5219 3543 5273 quam
3577 5204 3813 5258 damna-

2228 5305 2439 5362 verant,
2467 5311 2641 5366 neque
2669 5297 2828 5351 aliter
2859 5313 3022 5367 quam
3070 5313 3136 5352 ex
3170 5297 3505 5370 Dionysiano
3549 5301 3811 5369 praescri-

2230 5396 2322 5457 pto
2351 5397 2592 5457 tempora
2616 5387 2930 5459 digessisse.
2963 5388 3242 5444 Marianus
3277 5392 3421 5445 enim
3455 5391 3522 5446 ad
3551 5405 3677 5445 eum
3710 5406 3815 5444 an-

2231 5496 2384 5544 num,
2411 5481 2504 5551 qui
2535 5479 2969 5536 lncarnationem
3033 5493 3085 5538 et
3132 5480 3379 5536 Natalem
3418 5481 3635 5536 Domini
3668 5481 3814 5552 ἀμέ-

2233 5588 2340 5636 σως
2367 5571 2656 5633 antecedit,
2705 5572 2818 5627 haec
2857 5574 3149 5628 observat:
3189 5572 3380 5642 Cyclas
3422 5588 3646 5643 magnus
3697 5570 3816 5626 Pa-

2231 5667 2428 5720 schalis
2464 5666 2649 5730 incipit
2697 5665 2855 5720 hinc:
2889 5666 2946 5720 in
2987 5667 3139 5736 cujus
3197 5681 3334 5718 anno
3378 5665 3604 5719 secundo
3646 5663 3813 5732 juxta

2234 5756 2573 5827 Dionysium,
2607 5757 2894 5813 indictione
2944 5759 3098 5812 tertia
3127 5799 3141 5823 ,
3199 5766 3355 5813 natus
3381 5767 3456 5812 est
3522 5756 3815 5810 Dominus.
