4118 6402
311 420 416 479 915

1509 419 1598 474 DE
1637 419 1825 479 ANNO
1861 420 2129 479 NATALI’
2152 419 2444 479 CHRISTI.

3475 417 3581 475 914

308 533 458 590 ldem
489 532 652 588 etiam
685 549 831 590 anno
859 535 1129 605 sequenti,
1164 533 1327 594 Urbis
1387 536 1510 602 75-2,
1565 536 1796 593 Lentulo
1844 547 1897 594 et
1926 543 1973 600 Α
2001 539 2329 612 Dionysiana
2386 553 2497 596 non
2560 536 2888 602 recessisse,
2946 535 3306 606 eamdemque
3345 535 3579 606 primum

307 619 602 679 Messalino
661 638 828 691 coss.,
863 625 1064 697 olymp.
1127 627 1229 682 194
1299 643 1444 683 anno
1503 645 1586 691 ιιι,
1615 630 1892 699 indict.iv,

308 712 404 769 die
432 713 717 770 Dominieo
756 725 946 771 natum
984 732 1106 772 esse
1140 716 1420 774 Christum
1454 729 1750 777 asseverat.
1781 719 1892 775 Ita-

310 821 418 876 quo
431 805 796 862 Christianam
815 824 979 864 seram
1013 825 1042 863 a
1061 809 1211 882 cyclo
1237 809 1566 883 Dionysiano
1597 826 1633 864 ιι
1660 829 1892 870 exorsus

310 908 414 964 est,
445 900 597 971 cyclo
626 900 758 956 solis
789 917 842 965 x,
875 900 1054 954 littera
1082 899 1319 968 Dom.B,
1365 911 1474 957 tam
1525 904 1578 957 in
1607 907 1891 962 emendata

313 991 511 1048 bisexti
543 991 794 1056 ratione,
851 1007 1016 1062 quam
1065 992 1119 1046 in
1161 993 1354 1050 vitiosa
1414 996 1526 1060 illa,
1558 998 1774 1067 qualem
1827 1015 1895 1054 ex

312 1080 485 1138 Paulo
516 1081 971 1153 Middelburgensi
1004 1099 1167 1154 supra
1203 1087 1610 1155 preposuimus.
1643 1087 1747 1144 Sed
1769 1105 1892 1145 cum

312 1173 456 1228 idem
492 1170 772 1228 Marianus
811 1173 1088 1228 Christum
1119 1174 1197 1229 ait
1241 1177 1542 1232 secundum
1579 1178 1894 1251 Dionysium

313 1274 498 1318 natum
527 1264 713 1320 indict.
753 1281 836 1331 ιιι,
867 1266 1075 1320 librarii
1109 1267 1270 1337 culpa
1321 1285 1379 1323 ιιι
1415 1285 1515 1340 pro
1549 1288 1602 1325 IV
1655 1271 1892 1342 irrepsit.

313 1354 449 1410 Nam
483 1356 716 1412 subinde
753 1357 941 1412 indict.
980 1373 1031 1411 ιν
1073 1368 1234 1414 natus
1273 1359 1493 1415 dicitur.
1543 1359 1782 1417 Tametsi
1829 1377 1898 1417 ne

314 1449 420 1509 hoc
452 1450 671 1521 quidem
705 1466 892 1506 verum
927 1460 1030 1518 est,
1066 1451 1360 1507 indictione
1393 1468 1446 1507 tv
1492 1463 1681 1508 natum
1723 1469 1844 1510 esse
1875 1494 1890 1516 ,

313 1541 407 1596 sed
440 1559 512 1597 v:
563 1542 835 1614 siquidem
869 1543 1200 1599 indictiones
1234 1560 1266 1598 a
1300 1544 1631 1616 Septembri,
1667 1559 1724 1601 ut
1754 1545 1896 1601 Beda

313 1634 492 1700 docet,
520 1635 759 1690 exordiri
790 1637 1046 1697 velimus.
1097 1636 1230 1693 Cum
1271 1640 1415 1693 enim
1456 1640 1666 1710 primus
1719 1657 1896 1696 annus

317 1723 634 1798 Dionysiani
681 1728 820 1799 cycli
887 1727 1076 1784 indict.
1115 1745 1174 1784 ιιι
1235 1734 1482 1800 coeperit,
1518 1730 1674 1801 cujus
1722 1749 1752 1786 a
1803 1731 1896 1789 Se-

315 1820 546 1890 ptembri
572 1829 767 1891 quarta
801 1823 966 1899 erepit
999 1822 1247 1887 indictio,
1283 1838 1631 1894 consequens
1661 1833 1765 1890 est,
1793 1839 1894 1880 an-

1999 630 2225 695 Chrisli,
2262 631 2398 703 cycli
2435 631 2736 686 secundum
2766 629 3053 694 habuisse,
3103 644 3214 699 quo
3261 628 3581 682 incarnatus

1999 733 2055 778 et
2085 735 2242 779 ortus
2284 733 2367 778 est
2413 723 2687 779 Christus.
2721 724 2927 779 Verum
2973 723 3120 776 hunc
3164 736 3393 785 annum,
3424 728 3484 775 ut
3527 729 3582 776 et

2003 817 2394 888 Dionysianam
2441 833 2630 878 teram,
2682 815 2823 870 male
2879 829 3004 870 cum
3065 815 3227 869 annis
3288 811 3477 878 Urbis,
3529 821 3584 866 et

2003 909 2375 982 olympiadum
2420 909 2730 979 componit,
2767 917 2829 964 ut
2891 910 3167 963 hactenus
3197 905 3407 976 liquido
3450 919 3583 961 con-

1955 1068 1966 1078 _
2003 1004 2159 1060 stitit.
2178 1002 2321 1069 Quin
2346 1003 2508 1057 etiam
2532 1004 2863 1073 baptizatum
2885 1017 3007 1057 esse
3023 999 3304 1055 Christum
3326 998 3465 1052 idem
3497 1011 3584 1052 as-

2004 1097 2140 1151 serit
2162 1109 2307 1149 anno
2331 1109 2454 1148 serae
2481 1092 2573 1158 51,
2598 1093 2774 1148 sitatis
2805 1094 3029 1148 ineunte
3060 1107 3192 1154 xxx,
3225 1091 3332 1144 hoc
3371 1095 3456 1143 est
3489 1086 3586 1142 ab-

2005 1187 2200 1244 solutis
2237 1202 2368 1240 xxrx
2403 1205 2417 1240 :
2461 1200 2527 1240 ex
2571 1199 2684 1255 quo
2729 1183 2954 1255 colligas
2999 1197 3145 1236 anno
3189 1196 3311 1234 aerae
3360 1179 3588 1251 Dionys.

2005 1279 2182 1346 ιιι-ιιηο
2215 1277 2495 1332 Christum
2525 1291 2590 1330 ex
2627 1277 2861 1331 istorum
2893 1273 3160 1329 sententia
3201 1288 3323 1327 esse
3370 1282 3585 1329 natum.

2004 1368 2317 1439 Eodemque
2343 1368 2508 1422 modo
2537 1381 2660 1421 cum
2693 1381 2840 1420 anno
2868 1377 2992 1419 aere
3021 1363 3090 1418 54
3116 1377 3312 1433 passus
3345 1362 3586 1432 ponitur,

2005 1463 2246 1532 idipsum
2269 1461 2447 1516 aetatis
2479 1459 2627 1515 illius
2666 1473 2840 1513 xxxiii
2873 1457 3096 1512 ineunte
3118 1499 3131 1521 ,
3169 1455 3422 1509 absoluto
3457 1467 3587 1507 vero

2005 1568 2155 1609 xxxii
2191 1551 2482 1622 contigerit
2510 1560 2725 1620 oportet
2757 1567 2770 1603 :
2803 1559 2862 1604 ut
2887 1562 3078 1603 verum
3113 1545 3344 1615 sitquod
3371 1546 3438 1600 de
3466 1558 3589 1598 terte

2003 1643 2391 1713 anticipatione
2424 1641 2588 1711 paqu
2614 1649 2739 1694 ante
2759 1639 3064 1694 docuimus.

2077 1737 2347 1806 Quocirca
2402 1736 2599 1790 falsum
2665 1741 2779 1798 est,
2833 1731 3141 1786 Marianum
3201 1729 3589 1800 Dionysianam

2004 1845 2169 1885 teram
2205 1827 2422 1884 biennio
2450 1825 2893 1881 antevertendam
2929 1833 3176 1892 putasse.
3208 1820 3364 1888 Quod
3405 1830 3588 1875 autem

317 1929 448 1968 num
485 1913 731 1984 ejusdem
781 1915 919 1986 cycli
948 1931 1007 1979 ιι,
1057 1916 1151 1985 qui
1203 1915 1393 1971 indict.
1457 1932 1510 1970 IV
1593 1919 1778 1986 cmpil,
1846 1919 1899 1972 in
1933 1913 1975 1967 Β
2005 1923 2071 1976 ad
2095 1921 2185 1988 22,
2215 1922 2299 1976 vel
2326 1920 2389 1975 2-1
2425 1933 2600 1974 annos
2623 1920 2837 1978 attinet,
2865 1931 3000 1986 quos
3031 1931 3062 1971 a
3088 1914 3347 1986 Dionysio
3366 1920 3590 1984 praeter—

317 2007 444 2070 ﬁne,
485 2007 585 2061 hoc
637 2015 722 2062 est
768 2022 798 2061 a
855 2007 1190 2078 Septembri,
1241 2008 1597 2065 indictionem
1652 2012 1900 2081 quintam

318 2099 614 2155 habuisse:
645 2110 699 2154 et
724 2101 983 2170 quoniam
1020 2100 1294 2166 Christus,
1332 2111 1392 2156 ut
1423 2103 1584 2158 toties
1625 2103 1903 2160 Marianos

315 2193 539 2258 occinit,
571 2208 718 2248 anno
775 2193 912 2264 cycli
945 2193 1186 2248 secundo
1239 2209 1398 2252 natus
1430 2206 1546 2263 est,
1590 2196 1890 2254 indictione

318 2284 463 2340 haud
490 2285 654 2340 dubie
683 2285 872 2356 quinta
907 2294 1096 2340 natum
1125 2300 1265 2342 esse.

394 2376 463 2431 Ut
501 2387 683 2433 autem
725 2378 872 2432 nulla
924 2377 1312 2449 Scaligerianae
1354 2378 1656 2448 suspicioni
1697 2377 1904 2434 latebra

319 2471 584 2540 supersit,
635 2485 744 2541 qua
792 2470 1000 2525 biennii
1048 2471 1450 2543 προχρονεσμόν
1497 2471 1675 2536 illum,
1743 2487 1902 2542 quem

322 2560 666 2634 Dionysianze
706 2579 830 2618 seras
860 2563 1071 2629 tribuit,
1101 2564 1344 2619 Mariano
1380 2565 1692 2620 suboluisse
1727 2563 1904 2634 conji-

320 2654 432 2721 cit,
482 2654 863 2712 admonendus
909 2655 1078 2712 lector
1109 2664 1190 2711 est
1230 2656 1374 2726 apud
1411 2656 1741 2720 Marianum,
1785 2670 1907 2726 quae

319 2745 389 2801 ad
424 2760 600 2802 annos
633 2747 869 2816 ascripta
903 2756 1030 2803 sunt
1069 2748 1276 2803 scholia
1303 2763 1679 2817 saepenumero
1720 2748 1904 2804 luxata

321 2852 425 2893 suo
445 2838 592 2903 loco,
617 2850 672 2893 et
697 2839 878 2894 alieno
909 2840 1085 2910 posita
1115 2840 1318 2906 videri;
1350 2855 1450 2895 nec
1489 2855 1614 2895 raro
1648 2856 1908 2896 numero-

323 2943 447 2983 rum
495 2937 656 2984 notas
691 2944 814 2986 esse
859 2931 1172 2986 mendosas.
1207 2929 1452 3001 Exempli
1491 2946 1658 2988 causa
1701 2947 1905 2986 annum

321 3017 563 3086 primum
589 3017 726 3088 cycli
760 3017 1076 3090 Dionysiani
1107 3020 1388 3090 componit
1417 3035 1540 3076 cum
1576 3035 1722 3075 anno
1749 3020 1908 3077 Urbis

336 3109 460 3175 749,
489 3109 692 3166 Sabino
721 3119 777 3166 et
808 3109 1068 3167 Passieno
1098 3126 1245 3167 coss.
1276 3111 1414 3167 Tum
1455 3129 1600 3167 anno
1631 3115 1906 3184 sequenti,

325 3197 555 3255 Lentulo
580 3211 634 3255 et
665 3200 957 3257 Messalino
991 3218 1161 3268 coss.,
1190 3219 1335 3259 anno
1365 3206 1544 3275 primo
1567 3205 1908 3268 Christi.nu.-

327 3298 503 3345 merat
530 3290 692 3347 Urbis
724 3292 850 3357 752,
904 3292 1230 3364 Olympiadis
1270 3310 1400 3349 vero
1448 3295 1548 3350 194
1588 3312 1791 3351 annum
1823 3312 1906 3352 ιιι.

327 3380 492 3449 Atqui
524 3397 702 3436 annus
736 3397 860 3437 esse
896 3383 1085 3438 debuit
1110 3382 1275 3439 Urbis
1308 3383 1432 3448 750,
1462 3395 1519 3440 ut
1544 3395 1628 3440 est
1651 3386 1704 3438 in
1731 3384 1913 3441 Fastis

324 3471 640 3528 Cassiodori
674 3483 728 3528 et
772 3474 1115 3545 Cuspiniani.
1150 3476 1404 3532 Erratum
1453 3477 1616 3548 igitur
1673 3494 1703 3532 a
1742 3479 1912 3533 libra-

326 3566 411 3619 rio
441 3574 544 3633 est,
573 3565 665 3636 qui
708 3565 811 3620 752
844 3582 943 3636 pro
974 3567 1078 3622 750
1099 3570 1409 3638 exscripsit.
1431 3569 1777 3641 Proindeque
1803 3589 1912 3626 non

328 3666 440 3714 tres
472 3659 603 3712 anni
635 3659 854 3721 desunt,
881 3668 940 3712 ut
969 3660 1034 3725 is,
1070 3660 1163 3730 qui
1201 3661 1426 3716 editioni
1469 3662 1707 3732 praefuit,
1739 3663 1913 3718 adno-

329 3755 495 3818 tavit;
533 3767 727 3822 neque,
764 3761 822 3807 ut
853 3753 1108 3808 deessent
1134 3755 1323 3825 aliqui,
1367 3755 1555 3825 plures
1584 3757 1802 3812 duobus
1833 3757 1916 3810 in-

329 3843 546 3899 serendi
589 3843 789 3900 forent.
822 3843 940 3899 Non
967 3846 1115 3900 enim
1149 3847 1532 3902 animadvertit
1562 3863 1726 3903 seram
1753 3848 1917 3903 Chri-

332 3935 568 3992 SIianam
605 3952 715 3992 non
753 3949 878 4007 post
910 3938 1283 4006 Nativitatem,
1317 3949 1372 3996 ut
1409 3941 1573 3997 hodie
1614 3941 1694 4005 ﬁt,
1735 3959 1764 3997 a
1797 3943 1907 3998 Ma-

331 4027 510 4094 riano,
540 4037 594 4083 et
621 4030 813 4085 media:
835 4033 1126 4087 vetustatis
1153 4033 1538 4104 chronologis,
1568 4035 1662 4090 sed
1707 4036 1776 4090 ab
1799 4036 1918 4104 ipso

332 4121 731 4178 lncarnationis
760 4140 905 4179 anno
934 4127 1124 4195 repeti.
1160 4125 1268 4182 Nec
1290 4126 1471 4183 minus
1493 4128 1547 4182 in
1578 4129 1916 4198 reliquorum

336 4215 480 4270 netis
528 4231 798 4270 annorum
848 4216 964 4272 sive
1006 4217 1285 4274 Marianus
1324 4220 1462 4290 ipe,
1505 4221 1620 4276 sive
1663 4222 1919 4277 librarius

335 4319 527 4377 peccat
570 4327 583 4363 :
633 4309 737 4364 etsi
787 4311 989 4380 saepius
1033 4320 1236 4364 rectam
1286 4313 1427 4365 viam
1481 4313 1702 4368 insistit.
1755 4312 1916 4368 Verbi

339 4413 674 4460 eausa,anno
691 4400 892 4456 Christi
923 4402 1012 4466 57,
1039 4401 1176 4472 cycli
1201 4403 1384 4471 quarti
1405 4403 1919 4460 decemnovennalis

340 4487 556 4542 initium
593 4491 821 4546 collocat
854 4491 1039 4546 indict.
1079 4508 1166 4546 xv.
1206 4489 1403 4561 Recte;
1452 4494 1789 4563 coepitenim
1829 4512 1920 4567 cy-

2007 2014 2210 2068 missos
2239 2021 2350 2066 tam
2383 2011 2518 2081 ipse,
2553 2024 2719 2080 quam
2766 2007 3084 2077 Sigebertus
3127 2005 3424 2067 existimat,
3464 2017 3590 2073 age-

2007 2121 2128 2161 mus
2161 2105 2229 2160 de
2256 2105 2326 2160 iis
2352 2105 2406 2158 in
2441 2102 2691 2173 sequenti
2716 2100 2957 2156 Diatriba
2983 2100 3052 2154 de
3073 2099 3329 2170 passione
3348 2095 3586 2152 Domini.

2007 2198 2162 2253 Hanc
2197 2198 2443 2254 eamdem
2476 2197 2548 2250 22
2576 2209 2846 2249 annorum
2884 2207 3155 2249 summam
3203 2191 3414 2254 deesse,
3441 2187 3590 2242 Pau-

2007 2292 2092 2348 lus
2122 2287 2702 2360 Forosemproniensis
2731 2302 2798 2341 ex
2823 2286 3056 2357 quadam
3083 2282 3415 2339 revelatione
3445 2281 3590 2335 didi-

2006 2393 2174 2442 cerat.
2235 2382 2485 2437 Ridicule
2526 2395 2681 2436 sane.
2729 2377 2866 2432 Nam
2923 2391 2978 2433 et
3032 2378 3150 2448 ipse
3204 2375 3590 2430 revelationem

2008 2491 2163 2532 suam
2195 2474 2454 2544 negligit;
2496 2482 2546 2527 et
2586 2472 2640 2526 in
2669 2485 2735 2524 eo
2768 2471 2984 2525 tandem
3017 2467 3339 2538 acquiescit,
3371 2476 3431 2520 ut
3463 2463 3594 2518 Dio-

2007 2569 2251 2641 nysianae
2270 2582 2392 2622 aera:
2421 2564 2626 2621 biennii
2669 2563 2846 2618 labem
2876 2563 3104 2632 imputet
3135 2581 3147 2615 :
3185 2559 3278 2616 sed
3308 2567 3498 2614 contra
3528 2571 3594 2612 ac

1992 2659 2342 2716 recentiores
2393 2656 2620 2712 faciunt.
2657 2653 2778 2710 Non
2824 2655 2971 2709 enim
3016 2649 3458 2725 μεταχρονισμῷ,
3497 2649 3592 2705 sed

2008 2748 2399 2825 προχρονισμῷ
2461 2755 2744 2818 peceatum
2799 2744 2988 2800 statuit
3031 2763 3044 2798 :
3084 2743 3316 2811 ideoque
3370 2739 3594 2796 biennio

2008 2856 2175 2914 quam
2220 2853 2409 2896 revera
2451 2839 2545 2903 sit,
2585 2835 2882 2892 tardiorem
2923 2849 3046 2890 esse
3082 2841 3336 2904 Oportere
3370 2839 3598 2886 conten-

2010 2933 2110 2989 dit.
2128 2929 2568 2992 Noruntomues,
2592 2928 2687 2998 qui
2711 2938 2994 2983 auctorem
3023 2925 3186 2980 istum
3212 2924 3479 2995 legerunt,
3503 2921 3598 2993 qui

2013 3023 2235 3095 quidem
2265 3023 2429 3077 hodie
2452 3021 2678 3075 inventu
2711 3034 2972 3091 perrarus
2999 3026 3101 3084 est,
3117 3032 3280 3088 quam
3300 3017 3594 3071 immanem

2012 3133 2076 3172 ea
2103 3116 2170 3171 de
2211 3130 2271 3169 re
2300 3112 2767 3168 Commentarium
2804 3105 3086 3182 scripserit
3122 3109 3428 3164 eruditione
3451 3107 3596 3161 haud

2014 3209 2228 3279 vulgari
2277 3207 2368 3261 illa
2411 3205 2630 3276 quidem
2673 3202 2960 3266 refertum,
2991 3209 3045 3257 et
3080 3202 3147 3257 ad
3188 3201 3464 3274 cyclorum
3499 3216 3598 3254 an-

2014 3315 2321 3370 norumque
2347 3296 2662 3353 methodum
2704 3311 2829 3351 cum
2869 3295 3062 3366 primis
3103 3295 3312 3350 utilem.
3347 3294 3406 3349 In
3433 3293 3599 3364 hujus

2013 3395 2179 3466 igitur
2225 3391 2420 3462 Operis
2463 3390 2602 3444 libro
2655 3403 2734 3443 xu
2775 3397 2830 3444 et
2878 3403 3003 3454 xm,
3035 3395 3322 3457 postquam
3365 3387 3419 3440 in
3457 3386 3598 3441 libro

2013 3501 2048 3540 x
2084 3485 2319 3555 priorem
2345 3482 2493 3536 illam
2517 3480 2584 3535 de
2618 3480 2690 3534 22
2719 3480 2879 3534 annis
2929 3478 3314 3534 revelationem
3353 3492 3485 3532 sane
3513 3478 3600 3531 in.-

2015 3577 2220 3633 sulsam
2258 3574 2621 3644 exposuisset,
2668 3573 2818 3626 velut
2862 3579 3074 3625 mutata
3133 3570 3402 3626 sententia
3440 3569 3598 3624 bien-

2016 3670 2106 3723 nio
2141 3667 2412 3722 maturius
2451 3665 2765 3720 inchoatam
2804 3679 2834 3718 a
2876 3662 3134 3734 Dionysio
3171 3661 3361 3716 deﬁnit
3407 3677 3596 3724 ueram,

2015 3776 2163 3816 anno
2191 3759 2409 3815 Juliano
2435 3759 2526 3825 46,
2560 3773 2685 3813 cum
2716 3773 2744 3811 a
2794 3757 2858 3810 18
2889 3755 3234 3826 auspicanda.
3265 3755 3450 3810 fuerit.
3487 3753 3600 3808 Hoc

2018 3869 2146 3910 vero
2190 3855 2257 3908 ad
2305 3855 2453 3909 hunc
2492 3851 2722 3906 modum
2771 3850 3116 3906 demonstrat
3160 3869 3174 3904 :
3219 3848 3504 3906 Eusebius-
3545 3848 3600 3903 in

2017 3946 2294 4001 Chrom’cis
2334 3960 2480 3999 anno
2518 3943 2724 3998 Christi
2758 3943 2847 4007 15,
2883 3942 3117 4014 Augusti
3158 3957 3269 4008 LVI,
3297 3951 3352 3997 et
3383 3943 3598 4008 ultimo,

2017 4037 2246 4108 eclipsin
2276 4037 2409 4092 solis
2429 4035 2696 4091 accidisse
2739 4041 2912 4098 notat,
2945 4035 3245 4104 eodemque
3271 4049 3416 4088 anno
3456 4049 3602 4087 mor-

2019 4138 2174 4184 tuum
2230 4129 2560 4196 Augustum.
2617 4127 2687 4180 At
2755 4139 2890 4180 vero
2946 4124 3167 4194 eclipsis
3256 4124 3406 4178 nulla
3458 4139 3614 4178 annu-

2019 4216 2224 4272 Christi
2256 4217 2345 4282 15,
2376 4225 2471 4270 aut
2499 4215 2608 4274 alio
2641 4215 2889 4286 contigit,
2919 4229 3083 4283 quam
3125 4213 3221 4279 l7;
3256 4213 3309 4267 in
3355 4229 3463 4282 qua
3497 4212 3604 4266 Ro-

2021 4325 2123 4365 mae
2157 4317 2304 4365 totus
2351 4309 2433 4364 sol
2482 4309 2810 4363 obscuratus
2855 4318 2957 4372 est,
3004 4304 3287 4361 Februarii
3330 4322 3419 4372 xv,
3468 4305 3610 4360 hora-

2020 4418 2151 4459 vere
2179 4402 2502 4468 meridiana,
2529 4402 2643 4456 sole
2670 4401 2721 4454 in
2755 4417 2883 4454 xxvi
2915 4399 3139 4468 Aquarii
3181 4400 3350 4472 gradu
3381 4402 3560 4471 posito
3587 4419 3602 4454 :

2021 4508 2134 4563 quo
2182 4492 2372 4548 eodem
2423 4507 2568 4546 anno
2619 4507 2710 4546 xiv
2752 4490 2874 4545 Kal.
2915 4491 3066 4560 Sept.
3116 4491 3394 4560 Augustus
3447 4490 3601 4545 obiit.

338 4583 455 4638 clus
491 4599 505 4636 ι
539 4583 644 4638 hoc
676 4598 856 4649 anno;
887 4584 1002 4638 sive
1041 4599 1072 4637 a
1122 4583 1240 4638 Kal.
1285 4582 1568 4648 Jan.,sive
1609 4602 1639 4640 a
1676 4587 1917 4657 paschali
1956 4608 1996 4663 ο
2023 4581 2206 4652 Quare
2240 4582 2461 4638 biennio
2503 4591 2617 4637 toto
2652 4597 2759 4636 mra
2808 4580 3139 4653 Dionysiana
3171 4597 3357 4636 verum
3398 4581 3604 4637 Christi

339 4689 546 4739 mense,
584 4674 774 4730 indict.
799 4690 869 4729 xv
899 4694 912 4730 :
946 4684 1001 4729 at
1026 4676 1080 4729 in
1114 4674 1420 4745 Septembri
1451 4678 1674 4733 indictio
1703 4694 1814 4733 xvi.
1845 4681 1919 4734 Ex

337 4781 449 4836 quo
487 4768 734 4837 sequitur
758 4768 992 4836 primum
1014 4784 1217 4824 annum
1250 4769 1483 4838 coepisse
1511 4769 1695 4825 indict.
1721 4787 1792 4825 iv.
1826 4770 1923 4826 Est

339 4868 521 4914 autem
555 4859 643 4914 hic
685 4860 822 4932 cycli
864 4859 1178 4932 Dionysiani
1225 4876 1288 4924 ιι,
1335 4876 1447 4932 quo
1485 4873 1718 4918 exeunte
1759 4871 1920 4919 natus

339 4963 422 5005 est
469 4951 737 5007 Christus.
787 4951 929 5023 Ergo
975 4952 1161 5008 indict.
1205 4969 1235 5007 v
1281 4962 1444 5008 natus
1487 4963 1572 5009 est
1621 4956 1920 5010 secundum

342 5041 678 5115 Dionysium.
739 5044 815 5098 Ita
875 5060 1020 5099 anno
1083 5044 1188 5099 5M
1244 5053 1396 5100 notat
1448 5047 1586 5117 cycli
1634 5047 1943 5103 decimisen

341 5136 494 5207 ptimi
529 5152 733 5190 annum
769 5137 1036 5206 primum,
1085 5136 1274 5191 indict.
1317 5153 1408 5190 vn.
1437 5136 1602 5193 Recte
1627 5139 1754 5193 item
1777 5155 1922 5196 anno

339 5231 436 5287 3M
473 5240 623 5284 notat
649 5231 858 5300 cyclum
890 5247 928 5292 ι,
958 5230 1150 5285 indict.
1179 5247 1289 5284 xw.
1325 5231 1393 5286 At
1418 5245 1563 5286 anno
1593 5232 1919 5304 561eyclum

341 5337 380 5388 ι,
419 5319 606 5374 indict.
659 5336 714 5373 ιιι
778 5319 869 5372 ubi
917 5319 1109 5374 indict.
1161 5335 1214 5372 tv
1266 5320 1574 5390 legendum.
1627 5319 1919 5394 Perperain

326 5419 559 5483 ‘quoque
599 5427 746 5467 anno
781 5412 887 5467 598
915 5413 1126 5483 cyclum
1162 5413 1344 5482 posuit
1379 5431 1416 5476 ι,
1449 5413 1638 5470 indict.
1669 5431 1743 5482 xi,
1775 5418 1922 5486 quod

340 5522 485 5561 anno
514 5506 617 5561 399
649 5505 920 5559 convenit.
951 5507 1110 5558 Anno
1141 5521 1268 5560 vero
1285 5506 1390 5559 418
1423 5515 1568 5561 recte
1595 5509 1780 5576 cyclus
1810 5511 1922 5579 pri-

343 5617 494 5667 inus;
537 5599 629 5653 sed
662 5599 802 5652 male
839 5598 1065 5652 indictio
1119 5613 1184 5652 xv
1236 5599 1551 5662 ascribitur,
1590 5614 1689 5668 pro
1721 5617 1762 5662 1,
1795 5617 1920 5655 cuni

343 5707 490 5747 anno
517 5689 622 5745 598
653 5689 876 5744 indictio
907 5689 1071 5743 fuerit
1116 5706 1192 5743 xi.
1226 5688 1431 5743 Caetera
1466 5689 1630 5759 hujus
1657 5694 1920 5754 auctoris,

345 5792 439 5840 aut
469 5783 702 5837 aliorum
730 5781 982 5850 persequi
1008 5781 1248 5836 otiosum
1275 5797 1339 5835 ac
1385 5797 1784 5850 supervacuum
1817 5793 1920 5840 est.

347 5875 484 5935 Illud
511 5875 730 5948 quidem
774 5875 1052 5932 evidenter
1088 5885 1342 5947 apparet,
1379 5874 1686 5932 Marianum
1719 5877 1786 5933 ab
1813 5895 1922 5934 arra

2025 4677 2261 4731 natalem
2296 4675 2599 4730 antecedit..
2630 4673 2805 4745 Hujus
2831 4675 3052 4744 eclipsis
3099 4675 3232 4730 solis
3261 4684 3458 4745 prmter
3496 4675 3607 4730 Eu-

2025 4768 2237 4823 sebium
2270 4767 2519 4822 meminit
2552 4776 2606 4821 et
2635 4765 2732 4819 Dio
2755 4765 2851 4821 lib.
2887 4777 3062 4830 Lvi,et
3091 4768 3234 4822 inter
3262 4783 3332 4823 ea
3355 4769 3608 4840 prodigia

2024 4869 2276 4916 recenset
2320 4874 2443 4929 quae
2470 4858 2698 4928 Augusti
2729 4867 2959 4912 mortem
2985 4857 3321 4912 nuntiarunt.
3348 4856 3480 4912 Eam
3505 4874 3607 4914 nos

2025 4966 2149 5006 cum
2174 4949 2385 5004 Mulieri
2422 4950 2643 5013 tabul‘s,
2679 4966 2804 5020 quae
2839 4959 2966 5004 sunt
2996 4949 3440 5019 expeditissime,
3469 4965 3605 5006 eon-

2029 5040 2564 5099 ferentes.aeeidisse
2595 5041 2932 5110 reperiebam
2977 5041 3044 5095 ad
3074 5041 3439 5096 meridianum
3487 5041 3608 5095 Fri-

1972 5194 1974 5198 ,
2025 5136 2200 5193 sicum
2228 5149 2374 5190 anno
2394 5135 2598 5190 Christi
2629 5135 2716 5199 17,
2742 5133 3030 5189 Februarii
3057 5133 3272 5193 15,hor.
3298 5134 3442 5199 9,5'7
3481 5144 3608 5190 ante

2025 5229 2346 5294 meridiem;
2383 5227 2683 5282 secundum
2725 5241 2884 5280 veros
2919 5225 3063 5279 lunae
3115 5233 3322 5281 motus.
3368 5224 3606 5279 Medium

2024 5322 2365 5377 novilunium
2419 5319 2702 5375 Februarii
2757 5333 2870 5385 xlv,
2945 5319 3066 5372 hor.
3131 5317 3202 5371 20
3281 5319 3382 5371 1’1.
3440 5319 3606 5388 Atqui

2025 5415 2251 5485 eclipsis
2283 5414 2386 5469 iSIa
2423 5427 2768 5483 nequaquam
2799 5411 2867 5465 ad
2913 5425 3142 5474 annum,
3171 5425 3282 5480 quo
3322 5410 3607 5480 Augustus

2025 5507 2183 5570 obiit,
2217 5506 2509 5562 convenire
2551 5513 2732 5573 potest
2761 5519 2774 5556 ;
2804 5501 2898 5558 sed
2933 5501 3001 5556 ad
3035 5501 3240 5555 Tiberii
3284 5515 3368 5567 ιιι,
3404 5507 3464 5554 ιιι
3493 5498 3607 5553 Lu-

2026 5601 2202 5664 cidus,
2247 5599 2448 5668 aliique
2482 5598 2899 5652 demonstrant:
2928 5594 3036 5664 qui”
3057 5593 3161 5648 hoc
3193 5601 3451 5662 praeterea
3474 5607 3611 5647 con-

2028 5693 2282 5758 ﬁrmant;
2320 5705 2498 5760 neque
2526 5705 2592 5744 eo
2617 5703 2729 5758 quo
2756 5695 3011 5742 mortuus
3025 5694 3108 5741 cst
3129 5685 3412 5754 Augustus
3438 5699 3608 5745 anno.

2027 5799 2205 5856 neque
2244 5783 2492 5852 sequenti
2527 5780 2692 5835 ullam
2727 5779 2862 5834 solis
2894 5777 3122 5847 eclipsin
3153 5776 3440 5831 accidisse.
3479 5779 3613 5829 Cre-

2028 5876 2259 5934 diderim
2286 5875 2538 5946 equidem
2571 5871 2797 5929 Dionem
2825 5870 2957 5927 solis
2991 5868 3261 5925 defectum
3295 5882 3394 5939 pro
3427 5867 3611 5923 lunari
