4118 6402
576 407 681 467 915

1708 402 2055 463 APPENDIX
2089 401 2718 465 DlSSERTATlONUM.

3751 404 3881 462 916

533 557 550 576 .
585 538 684 594 per
715 521 1133 592 imprudentiam
1181 521 1457 577 habuisse.
1488 521 1623 575 Nam
1674 524 1837 592 paulo
1875 531 2002 594 post
2035 522 2148 575 Au-
2181 525 2229 583 Α
2256 521 2437 578 ticnlte
2461 523 2594 578 ὡσεί
2650 521 2920 578 rationem
2970 519 3260 579 admodum
3303 522 3604 580 haberem:
3637 522 3884 580 Eccle-

584 613 732 687 gusti
761 626 990 670 mortem
1019 616 1146 670 luna
1181 614 1396 679 defecit,
1427 614 1668 686 Septem.
1686 616 1777 678 27,
1799 617 1958 684 cujus
1985 630 2147 684 supra

583 708 953 763 meminimus.
993 707 1166 774 Quam
1221 722 1348 762 vero
1387 706 1522 761 falsa
1569 708 1640 762 sit
1667 706 2150 778 Middelburgensis

584 799 676 853 illa
708 799 851 853 ratio
877 807 1026 868 patet
1059 814 1124 852 ex
1154 814 1243 862 eo,
1278 797 1423 868 quod
1460 813 1621 868 supra
1658 799 2014 854 constitutum
2043 807 2149 862 est,

584 894 890 962 Augustum
923 907 1068 946 anno
1093 892 1335 962 vulgaris
1365 906 1488 946 εει-ιιι
1523 891 1611 956 14,
1641 906 1748 945 non
1773 891 1842 945 15
1872 900 2147 946 mortuum

582 998 726 1037 esse.
755 981 825 1035 At
848 982 1068 1045 eclipsis
1106 982 1198 1036 illa
1238 983 1371 1036 solis
1417 981 1576 1036 tertio
1619 992 1742 1051 post
1781 981 1900 1051 ejus
1942 981 2148 1035 obitum

583 1085 729 1124 anno
773 1070 1021 1140 contigit.
1053 1071 1283 1140 Augusti
1325 1085 1454 1126 vero
1491 1082 1720 1125 mortem
1768 1071 1822 1124 in
1857 1071 2148 1126 triennium

583 1162 1040 1222 submoveri,nec
1074 1162 1304 1218 Herodis
1341 1177 1631 1226 annorum,
1689 1177 1788 1216 nec
1830 1162 2005 1231 ipsius
2036 1164 2152 1216 An-

584 1253 730 1322 gusti
778 1263 1033 1308 accurata
1068 1255 1424 1324 computatio,
1457 1270 1558 1309 nec
1597 1254 1983 1309 historicorum
2015 1265 2151 1309 con-

583 1343 770 1397 sensio
798 1345 1085 1414 permittit.
1112 1345 1190 1401 Ac
1231 1346 1277 1401 si
1312 1361 1501 1400 verum
1545 1355 1714 1409 esset,
1761 1347 1906 1416 quod
1951 1345 2151 1400 Paulus

583 1436 885 1499 contendit,
917 1451 1023 1488 non
1051 1436 1291 1502 biennio,
1321 1437 1412 1491 sed
1450 1437 1682 1490 triennio
1711 1437 2002 1509 Dionysius
2028 1438 2149 1491 han

581 1526 853 1580 lucinatus
898 1526 1053 1581 foret.
1091 1528 1302 1598 Quippe
1351 1529 1491 1584 idem
1536 1545 1732 1590 annus.
1762 1534 1854 1600 qui
1899 1531 2153 1602 Dionysio

584 1617 652 1670 H
677 1626 782 1682 est,
810 1618 876 1671 15
911 1618 980 1673 ab
1012 1617 1250 1673 Eusebio
1283 1630 1620 1685 numeratur,
1649 1623 1791 1690 quod
1825 1623 1870 1675 is
1910 1620 2150 1676 Natalem

580 1706 784 1764 Christi
837 1711 1093 1780 conjiciat
1136 1713 1189 1766 in
1235 1728 1438 1768 annum
1486 1715 1705 1768 tertium
1747 1715 1947 1786 olymp.
2009 1715 2150 1780 194;

586 1815 699 1870 quo
729 1802 916 1855 eodem
942 1817 1088 1856 anno
1114 1803 1332 1858 ineunte
1359 1819 1466 1857 tera
1488 1803 1692 1858 Christi
1714 1803 2016 1858 Eusebiana
2045 1804 2151 1858 ini-

585 1895 718 1946 tium
752 1893 934 1958 habet,
977 1892 1196 1949 Juliano
1233 1896 1323 1950 45.
1367 1894 1692 1966 Dionysiana
1739 1911 1868 1951 vero
1904 1897 2150 1965 sequenti

583 1986 674 2040 46.
700 1986 900 2040 Verum
932 1987 997 2040 de
1025 1989 1253 2058 Augusti
1278 1997 1331 2041 et
1365 1986 1594 2043 Herodis
1617 1987 1773 2042 annis
1805 2004 1929 2042 mox
1961 1990 2151 2044 dicen-

581 2076 708 2129 dum
740 2075 864 2131 erit.

2185 1862 2227 1917 Β

583 2185 958 2257 Επιιιὶιιηιιινί
992 2203 1052 2240 ea
1113 2203 1230 2257 quia
1271 2187 1517 2241 adversus
1565 2186 1948 2256 Dionysianam
1990 2203 2152 2242 (erant

819 2272 884 2311 ea:
923 2256 1150 2326 Iosepho
1178 2275 1340 2327 nuper
1371 2258 1530 2326 objici
1571 2269 1736 2326 coepta
1766 2269 1907 2312 sunt.

655 2347 940 2414 Omnium,
980 2366 1102 2420 qua:
1153 2351 1422 2420 superiori
1455 2352 1630 2420 capite
1651 2350 2033 2413 disseruimus,
2088 2366 2154 2405 eo

585 2456 800 2496 summa
825 2441 984 2504 redit,
1006 2451 1067 2495 ut
1097 2442 1139 2496 si
1163 2443 1287 2511 quis
1310 2441 1693 2508 Dionysianam
1720 2455 1884 2494 teram
1917 2454 1981 2493 ac
2007 2454 2155 2494 com-

582 2547 806 2588 munem
838 2533 976 2588 tueri
1003 2534 1150 2595 velit,
1167 2533 1478 2587 necessario
1503 2532 1619 2587 haec
1635 2532 1901 2587 allirmare
1926 2533 2151 2588 debeat:

586 2628 822 2694 primum
853 2626 974 2695 ejus
1019 2627 1233 2680 initium
1267 2641 1412 2681 anno
1436 2624 1656 2679 Juliano
1700 2625 1768 2679 46
1800 2626 2052 2695 ccepisse,
2088 2626 2151 2681 C.

585 2716 801 2772 Caesare
830 2726 882 2770 ct
915 2715 1084 2770 Paulo
1131 2730 1304 2777 coss.,
1357 2729 1419 2768 ac
1459 2717 1502 2770 si
1534 2715 1781 2783 proxime
1807 2727 1931 2770 ante
1953 2718 2154 2786 princi-

586 2810 734 2877 pium
771 2823 890 2862 tera:
919 2817 1103 2861 natum
1129 2823 1252 2862 esse
1281 2807 1555 2862 Christum
1583 2806 1880 2870 existimet,
1930 2808 1979 2861 id
2012 2821 2155 2860 anno

583 2900 803 2955 Juliano
832 2901 904 2954 45
929 2900 1298 2962 tribuendum,
1347 2915 1492 2958 coss.
1535 2900 1790 2956 Cornelio
1816 2901 2048 2958 Lentulo
2102 2913 2156 2958 et

584 2992 882 3061 Calpurnio
923 2991 1140 3046 Pisone.
1189 2991 1391 3046 Deinde
1439 2991 1718 3047 Christum
1758 3009 1933 3049 annos
1968 3005 2153 3049 natum

587 3101 780 3139 novem
811 3093 863 3138 et
910 3084 1100 3154 viginti
1152 3085 1220 3139 ad
1275 3085 1601 3154 baptismum
1654 3088 1977 3152 accessisse,
2012 3102 2156 3141 anno

585 3173 786 3230 Tiberii
819 3191 930 3242 va,
984 3175 1195 3230 Vinicio
1229 3187 1283 3230 et
1327 3176 1574 3248 Longino
1603 3193 1771 3241 coss.,
1796 3179 2018 3233 ineunte
2055 3179 2154 3232 tri-

586 3270 814 3323 cesimo.
876 3265 990 3324 Hac
1042 3285 1149 3323 una
1203 3271 1414 3324 ratione
1466 3270 1668 3324 biennii
1730 3272 2158 3342 μεταχρονιπμὸς

588 3360 679 3414 ille
708 3361 939 3414 devitari
985 3370 1183 3428 potest,
1219 3377 1380 3430 quem
1411 3359 1672 3432 Scaliger,
1705 3362 1932 3432 ejusque
1982 3371 2160 3416 secta-

587 3463 735 3507 tores
785 3452 1098 3521 objiciunt:
1138 3453 1229 3521 qui
1259 3452 1478 3521 quidem
1536 3453 1846 3506 necessario
1892 3451 2157 3521 sequitur,

586 3545 634 3600 si
672 3543 900 3598 Lentulo
955 3558 1020 3596 ac
1075 3542 1386 3598 Marcellino
1428 3541 1824 3606 coss.,Juliano
1868 3543 1938 3596 45
1971 3554 2158 3598 natum

587 3650 710 3689 esse
743 3635 1019 3688 Christum
1054 3649 1303 3698 asseras;
1343 3643 1396 3688 et
1435 3633 1638 3688 Tiberii
1687 3649 1776 3700 xv,
1819 3633 2035 3689 Juliano
2065 3635 2153 3701 74,

589 3726 766 3779 aetatis
798 3739 910 3780 sua:
957 3725 1239 3778 tricesimo
1280 3723 1393 3793 jam
1447 3724 1718 3789 absoluto,
1754 3725 1976 3780 ineunte
2028 3741 2158 3783 vero

588 3814 860 3870 tricesimo
892 3813 1085 3884 primo,
1121 3813 1447 3882 baptizatum
1481 3811 1668 3869 fuisse.

661 3905 728 3961 Et
755 3908 1021 3961 hactenus
1071 3906 1289 3976 quidem
1323 3915 1466 3960 recte
1497 3908 1802 3964 communis
1829 3923 1934 3962 tera
1965 3924 2158 3978 proce-

589 3999 717 4054 dere
741 3999 933 4068 potttit.
973 4000 1077 4053 Sed
1105 4014 1241 4053 nova
1266 3999 1510 4068 quaedam
1561 4010 1684 4054 ante
1705 3999 1806 4054 hos
1833 4001 2024 4063 viginti
2055 4018 2155 4056 an-

590 4108 690 4146 nos
736 4092 910 4148 eidem
963 4092 1167 4145 moveri
1195 4092 1564 4146 controversia
1605 4093 1785 4162 cmpit.
1814 4091 1948 4147 Nam
1980 4096 2072 4164 qui
2105 4095 2157 4148 in

588 4183 810 4252 Josephi
849 4183 1155 4253 gravissimi
1183 4183 1468 4253 scriptoris
1517 4183 1797 4239 historiam
1845 4187 2158 4257 diligentius

590 4273 975 4337 iocubuerunt,
1009 4288 1240 4344 eamque
1286 4290 1410 4330 cum
1461 4272 1722 4330 Romanis
1762 4277 2037 4333 historicis
2064 4295 2156 4334 ac-

588 4363 934 4419 curatissime
965 4365 1332 4428 contulerunt,
1357 4367 1553 4421 eruditi
1580 4369 1914 4438 solertesque
1931 4369 2159 4425 chrono-

589 4457 720 4528 logi,
773 4457 932 4512 facile
980 4458 1474 4526 deprehenderunt,
1524 4475 1633 4514 non
1693 4461 1912 4518 biennio
1956 4464 2155 4530 solum,

2188 3226 2228 3280 C

2255 614 2351 670 sia:
2379 629 2509 668 vero
2540 615 2758 670 decreto
2785 615 2905 680 ulli,
2931 615 3017 670 vel
3051 615 3366 670 auctoritati
3416 630 3777 688 repugnare,
3811 615 3878 669 id

2251 715 2566 762 constanter
2588 721 2743 778 nego.
2772 706 2887 762 Non
2910 706 3053 762 enim
3089 717 3415 776 temporum,
3449 721 3881 776 annorumque

2255 800 2422 855 tricas
2448 799 2606 865 istas,
2639 815 2703 855 ac
2735 799 3017 867 minutias,
3047 809 3141 854 aut
3171 799 3599 864 intervallorum,
3664 809 3879 869 atque

2255 893 2586 963 epocharum
2643 893 2928 964 ἀκρίϐειαν
2976 901 3132 948 curat
3157 891 3417 959 Ecclesia,
3458 893 3552 948 sed
3607 902 3877 962 recepta

2255 1000 2319 1038 ac
2379 984 2625 1054 populari
2703 983 3193 1054 computandorum
3253 991 3558 1052 temporum
3612 984 3878 1037 ratione

2252 1081 2505 1127 contenta
2535 1079 2637 1127 est.
2672 1071 2806 1138 Quis
2836 1073 2980 1126 enim
3020 1080 3172 1142 putet
3203 1081 3438 1126 veterem
3472 1070 3618 1125 illam
3652 1085 3877 1124 anno-

2255 1179 2373 1217 rum
2393 1163 2461 1218 ab
2487 1163 2620 1218 orbe
2651 1162 2870 1218 condito
2893 1177 3161 1218 summam
3188 1178 3218 1216 e
3243 1160 3555 1216 Graecorum
3581 1162 3874 1217 fontibus

2256 1252 2532 1318 haustam,
2579 1269 2746 1323 quam
2795 1263 2852 1309 et
2907 1253 3291 1324 antiquissima
3339 1253 3570 1308 concilia
3623 1255 3870 1324 saepius

2259 1348 2646 1412 adhibuerunt,
2679 1356 2736 1403 et
2790 1347 3061 1418 hodieque
3110 1347 3165 1401 in
3220 1345 3539 1418 Menologiis
3583 1347 3868 1402 Ecclesia

2255 1441 2466 1507 retinet,
2516 1449 2610 1495 aut
2651 1441 2897 1505 illorum,
2940 1450 3035 1494 aut
3085 1439 3250 1509 hujus
3295 1441 3614 1495 auctoritate
3656 1440 3870 1496 fuisse

2255 1533 2807 1588 constitutamiadeo
2854 1543 2914 1588 ut
2966 1533 3058 1603 qui
3090 1532 3404 1588 Latinorum
3438 1530 3860 1588 Hebraeorum—

2253 1639 2359 1694 que
2393 1632 2501 1679 tam
2531 1625 2801 1680 diversam
2835 1640 2900 1680 ac
2931 1625 3284 1680 dissidentem
3318 1634 3518 1689 teneat,
3554 1625 3703 1681 illius
3741 1626 3861 1682 de-

2254 1727 2405 1772 creto
2449 1726 2729 1787 repugnet.
2785 1715 2919 1783 Quis
2967 1726 3050 1772 est
3107 1716 3427 1782 autem,qui
3477 1717 3580 1771 hoc
3621 1717 3857 1771 saeculo

2257 1807 2669 1876 chronologiam
2723 1807 2976 1877 attingat,
3025 1807 3119 1876 qui
3171 1822 3276 1861 non
3335 1805 3604 1868 Latinam,
3635 1817 3690 1862 et
3727 1805 3846 1862 He-

2259 1899 2495 1953 braicam
2531 1898 2694 1952 istam
2744 1899 2923 1964 alteri,
2951 1913 3114 1967 quam
3163 1898 3354 1953 ascivit
3379 1897 3642 1964 Ecclesia,
3665 1907 3854 1952 ante-

2257 1989 2562 2060 ponendam
2587 1991 2880 2045 existimet.
2915 1988 3020 2044 Par
3043 1999 3128 2044 est
3155 1990 3209 2043 in
3244 2005 3352 2044 aera
3380 1989 3581 2044 Christi
3612 1991 3851 2060 vulgari

2257 2082 2563 2137 institutum
2594 2081 2943 2149 Ecclesizemt
2970 2097 3112 2145 eam,
3139 2082 3284 2152 quod
3314 2083 3452 2153 apud
3484 2082 3852 2137 Christianos

2259 2191 2448 2232 omnes
2479 2177 2797 2241 obtinuerit,
2821 2177 2886 2228 ad
2913 2192 3071 2231 usum
3113 2169 3407 2231 transfet’at
3434 2194 3446 2226 :
3481 2186 3661 2230 utrum
3695 2193 3849 2229 vero

2261 2267 2329 2320 ab
2361 2267 2477 2334 ipso
2507 2265 2681 2320 Natali
2717 2266 2916 2320 Christi
2961 2275 3211 2320 accurate
3261 2266 3486 2336 repetita
3535 2266 3626 2333 sit,
3684 2266 3846 2319 nihil

2259 2359 2396 2414 adeo
2422 2359 2733 2428 perquirat;
2761 2374 2936 2428 neque
2985 2358 3051 2412 ad
3081 2358 3194 2412 haec
3241 2359 3446 2412 leviora
3484 2358 3845 2428 gravitatem,

2265 2451 2756 2520 auctoritatemque
2788 2466 2968 2513 suam,
2993 2467 3112 2522 qua:
3136 2459 3484 2506 sacrosancta
3513 2450 3668 2504 debet
3681 2465 3845 2515 esse,

2257 2541 2529 2608 interponi
2568 2541 2824 2609 patiatur.
2857 2539 3029 2606 Quam
3064 2540 3118 2593 in
3163 2554 3275 2593 rem
3312 2539 3455 2592 valet
3501 2539 3555 2591 in
3610 2539 3837 2607 pritnis,

2258 2632 2405 2700 quod
2437 2631 2635 2686 Paulus
2668 2631 3158 2701 Middelburgensis
3183 2631 3276 2685 lib.
3320 2647 3441 2694 xm,
3473 2646 3593 2700 cap.
3623 2629 3840 2688 6,scri-

2261 2734 2413 2793 ptum
2449 2724 2686 2792 reliquit.
2718 2721 2852 2777 Nam
2914 2739 3036 2777 cum
3094 2723 3372 2776 biennium
3424 2721 3576 2781 illud,
3609 2719 3676 2775 de
3718 2735 3838 2790 quo

2260 2830 2424 2886 supra
2480 2815 2740 2878 diximus,
2797 2814 3089 2884 Dionysius
3137 2829 3259 2867 mra:
3285 2813 3474 2868 deesse
3528 2813 3834 2871 docuisset.

2260 2907 2488 2963 subinde
2525 2909 2629 2963 sibi
2666 2908 2809 2962 istud
2847 2906 3078 2977 objicit:
3115 2907 3267 2976 sequi
3295 2921 3360 2960 ex
3393 2921 3458 2960 eo
3481 2905 3650 2959 videri
3679 2946 3693 2967 ,
3727 2905 3835 2959 Ec-

2259 3001 2480 3056 clesiam
2523 3001 2574 3054 in
2624 3001 2805 3064 bullis,
2841 3017 2904 3054 ac
2939 3001 3216 3069 rescriptis
3252 2999 3366 3053 suis
3415 2998 3689 3053 aberrare.
3726 2997 3834 3050 Cui

2261 3095 2340 3149 sic
2361 3095 2601 3150 occurrit
2627 3110 2640 3147 :
2669 3091 2968 3147 Ecclesiam
3013 3092 3116 3146 hac
3144 3101 3448 3160 temporum
3476 3088 3834 3143 subductione

2265 3186 2341 3239 uti
2382 3186 2616 3254 quidem,
2649 3185 2740 3239 sed
2773 3184 2997 3238 minime
3031 3184 3280 3252 probare,
3309 3197 3494 3236 verum
3523 3197 3552 3234 a
3583 3179 3829 3234 chrono-

2263 3277 2400 3345 logia
2428 3286 2727 3329 mutnatam
2755 3290 2913 3330 suum
2934 3275 2999 3328 ad
3018 3290 3177 3327 usum
3202 3273 3631 3328 accommodare.
3661 3269 3832 3335 Quid-

2261 3365 2389 3434 quid
2417 3374 2596 3418 autem
2630 3364 2760 3418 insit
2786 3363 3012 3424 erroris,
3045 3363 3098 3416 id
3141 3363 3247 3417 illis
3271 3376 3410 3424 esse,
3437 3375 3545 3414 non
3578 3357 3831 3414 Ecclesia:

2263 3457 2630 3510 tribuendum.
2655 3456 2735 3510 Ad
2771 3457 2885 3511 haec
2916 3471 3022 3510 non
3053 3464 3314 3524 perpetuo
3345 3454 3486 3508 hanc
3509 3454 3562 3505 in
3589 3451 3826 3506 Ecclesia

2263 3547 2583 3602 numerandi
2640 3548 2905 3602 rationem
2959 3547 3267 3612 exstitisse;
3311 3546 3405 3600 sed
3453 3555 3579 3598 ante
3623 3558 3827 3613 paucos

2261 3655 2453 3702 annos,
2480 3641 2582 3694 sub
2603 3637 2844 3710 Eugenio
2870 3637 3156 3698 lV,Blondi
3181 3636 3568 3692 Foroliviensis
3585 3635 3826 3698 hortatu,

2259 3733 2353 3802 qui
2383 3732 2646 3801 pontiﬁcii
2681 3731 2888 3801 collegii
2937 3746 2965 3782 τι
3015 3729 3241 3785 secretis
3269 3729 3517 3784 notarius
3544 3736 3680 3792 erat,
3726 3727 3826 3781 ad-

2260 3825 2506 3879 missam.
2544 3822 2709 3876 Addit
2755 3831 2809 3875 et
2839 3820 3156 3891 Dionysium
3187 3819 3460 3891 Exiguum
3491 3820 3652 3875 istius
3706 3833 3828 3872 astte

2259 3916 2597 3972 conditorem
2621 3928 2858 3967 errorem
2885 3913 3171 3980 agnovisse
3211 3927 3394 3974 suum,
3425 3921 3479 3968 et
3519 3910 3827 3965 verecundia

2260 4009 2557 4078 confusum,
2590 4007 2852 4062 utscribit
2875 4002 3205 4074 Sigebertus,
3237 4005 3462 4074 frontem
3487 4004 3591 4058 sibi
3612 4002 3826 4070 pudoris

2259 4101 2492 4154 cauterio
2514 4099 2791 4152 exussisse.
2809 4097 2928 4153 Haec
2957 4096 3159 4153 Paulus
3185 4097 3253 4152 de
3270 4112 3374 4152 aera
3401 4096 3754 4167 Dionysiana,
3771 4095 3825 4147 in

2259 4207 2367 4260 qua
2400 4189 2836 4260 reprehendenda
2856 4189 3028 4243 multo
3052 4188 3142 4242 ille
3159 4187 3635 4256 reprehendendus
3653 4185 3827 4254 magis

2258 4285 2362 4339 est,
2391 4285 2450 4330 ut
2484 4277 2535 4329 in
2567 4276 2944 4345 superioribus
2972 4276 3191 4345 planum
3222 4275 3398 4330 cuivis
3450 4290 3571 4330 esse
3615 4274 3824 4328 factum

2259 4369 2604 4423 confidimus.
2633 4367 2743 4424 Nec
2770 4380 2853 4424 est
2889 4369 3114 4424 omnino
3141 4370 3433 4438 quidquam
3469 4384 3498 4422 a
3527 4368 3826 4437 Scaligero.

2260 4460 2517 4523 Calvisio,
2549 4461 2866 4531 casterisque
2894 4471 3080 4516 contra
3112 4461 3252 4516 hanc
3278 4461 3522 4524 allatum,
3547 4462 3690 4530 quod
3713 4475 3832 4513 mo-

590 4549 686 4605 sed
716 4559 768 4604 et
799 4551 1180 4619 quadriennio,
1208 4553 1290 4605 vel
1325 4552 1699 4622 quinquennio
1732 4569 1918 4608 verum
1947 4556 2151 4611 Christi
2190 4572 2233 4626 ι)
2262 4551 2428 4606 menti
2484 4553 2687 4622 aliquid
2733 4553 2951 4619 habeat,
2994 4562 3188 4622 praeter
3228 4568 3292 4607 ea
3333 4568 3454 4623 qua:
3480 4569 3542 4607 ex
3593 4551 3832 4622 Josepho

589 4643 831 4698 Natalem
868 4646 1270 4717 anticipandum
1315 4661 1456 4708 esse,
1486 4647 1532 4700 si
1562 4662 1687 4701 vera
1722 4659 1869 4713 sunt,
1923 4666 2045 4720 quae
2090 4653 2159 4706 ab

588 4737 696 4794 illis
727 4738 1002 4793 historicis
1034 4738 1356 4807 produntur.
1412 4737 1715 4807 Disputavit
1741 4755 1804 4795 ea
1838 4741 1904 4798 de
1947 4759 2005 4798 re
2046 4745 2157 4814 pri-

589 4845 712 4885 mus
743 4829 987 4882 omnium
1039 4827 1300 4882 Dekerius
1356 4838 1572 4896 noster;
1625 4831 1783 4900 cujus
1833 4835 2156 4888 sententiam

590 4919 876 4987 amplexus
898 4926 1006 4981 est,
1041 4928 1095 4972 et
1123 4918 1411 4972 illustravit
1449 4919 1740 4988 plurimum
1779 4922 2042 4991 Keplerus
2073 4925 2158 4978 in-

588 5009 761 5078 signis
813 5009 1254 5073 mathematicus,
1288 5011 1425 5066 libro
1481 5010 1556 5065 De
1590 5029 1730 5066 anno
1777 5012 1986 5080 Natali,
2019 5025 2073 5070 et
2105 5016 2156 5069 in

589 5099 807 5170 Eclogis
835 5098 1206 5170 chronologis.
1253 5098 1426 5166 Quam
1472 5101 1686 5156 illorum
1719 5104 2031 5172 opinionem
2075 5105 2158 5159 di-

585 5209 746 5261 gnam
773 5193 1028 5257 arbitror,
1055 5209 1175 5262 quze
1196 5195 1356 5247 etiam
1381 5203 1544 5264 atque
1565 5196 1726 5251 etiam
1748 5199 2152 5255 consideretur:

590 5281 867 5350 indignam
928 5291 1094 5343 certe,
1125 5296 1286 5349 quam
1333 5297 1456 5336 cum
1505 5283 1622 5352 ejus
1656 5294 1877 5338 auctore
1933 5285 2159 5341 Dekerio

587 5374 671 5426 vir
701 5373 822 5441 pius
848 5381 902 5426 et
929 5372 1178 5428 eruditus
1213 5388 1350 5442 pene
1401 5373 1652 5428 hostilem
1684 5376 1735 5428 in
1771 5377 1993 5431 modum
2028 5395 2152 5448 pro-

590 5465 890 5529 scriberet,
917 5474 1175 5534 tanquam
1212 5481 1431 5529 novam,
1468 5476 1521 5521 et
1549 5467 1618 5522 ab
1648 5484 1747 5522 usu
1783 5469 1950 5524 totius
1974 5469 2160 5525 Eccle-

590 5558 686 5612 siae
715 5565 1004 5612 remotam.
1038 5558 1148 5627 Ego
1181 5572 1310 5612 vero
1346 5573 1540 5612 novam
1586 5573 1707 5615 esse
1739 5562 1952 5629 quidem
1989 5563 2157 5628 illam,

592 5664 691 5702 nec
719 5648 787 5702 ab
815 5649 1052 5718 antiquis
1085 5657 1401 5718 usurpatam
1431 5649 1588 5705 video
1624 5666 1637 5702 :
1673 5651 1838 5720 quod,
1869 5661 1928 5706 ut
1955 5653 2158 5708 dictum

593 5750 696 5801 est,
722 5754 1042 5808 persuasum
1101 5741 1364 5796 hactenus
1387 5751 1532 5796 esset
1561 5743 1836 5810 omnibus,
1881 5743 2159 5800 Christum

600 5831 774 5886 aetatis
814 5845 956 5888 anno
987 5832 1263 5890 tricesimo
1293 5833 1622 5903 baptizatum
1653 5851 1792 5898 esse,
1827 5851 2002 5906 neque
2033 5855 2158 5907 par-

2263 4653 2696 4714 pctuntur;qua3
2725 4661 2792 4700 ne
2832 4646 2944 4716 ipsa
2979 4647 3197 4716 quidem
3220 4648 3436 4700 illorum
3471 4646 3692 4700 biennio
3721 4645 3832 4700 suf-

2265 4739 2577 4808 fragantur;
2609 4740 2870 4808 quoniam
2900 4755 3008 4793 non
3049 4740 3264 4795 duobus
3297 4740 3497 4804 solum,
3523 4739 3617 4794 sed
3643 4753 3717 4802 tv,
3747 4742 3830 4793 vel

2263 4850 2292 4887 v
2325 4834 2513 4890 solidis
2543 4834 2701 4888 anuis
2745 4833 2947 4889 Christi
2974 4832 3216 4888 Natalem
3260 4833 3706 4889 antevertendum
3735 4833 3833 4888 de-

2261 4936 2585 4982 monstrant.
2617 4926 2747 4992 Quae
2762 4941 2847 4981 res
2875 4926 3137 4981 adversus
3159 4926 3558 4981 nobilissimum
3592 4925 3834 4980 historias

2262 5021 2580 5089 scriptorem
2614 5020 2761 5074 viros
2786 5020 3051 5088 quosdam
3085 5019 3206 5088 pios
3257 5033 3320 5072 ac
3343 5020 3531 5074 doctos
3564 5019 3830 5088 majorem

2263 5112 2314 5165 in
2345 5113 2562 5166 modum
2595 5112 2911 5175 commovit,
2947 5119 3007 5164 ut
3029 5126 3191 5180 quem
3222 5111 3490 5166 mendacii
3521 5112 3830 5165 convictum

2263 5210 2536 5270 putarent,
2593 5201 2728 5254 nihil
2761 5201 2812 5254 ei
2866 5200 3032 5253 tribui
3065 5199 3409 5255 auctoritatis
3439 5215 3503 5254 ac
3533 5199 3650 5254 lidei
3681 5208 3833 5267 pate-

2263 5305 2454 5348 rentur
2479 5310 2494 5357 ;
2522 5291 2821 5363 praesertim
2855 5291 2908 5345 in
2932 5291 2999 5345 iis
3031 5306 3152 5360 qua:
3180 5292 3246 5346 ad
3292 5290 3522 5347 Herodis
3551 5307 3726 5345 annos
3747 5299 3834 5343 at-

2263 5387 2434 5439 tinent
2467 5404 2478 5438 :
2531 5386 2584 5438 in
2620 5384 2816 5453 quibus
2855 5383 3084 5437 absurda
3119 5392 3167 5434 et
3205 5393 3508 5451 portentosa
3555 5384 3832 5436 mendacia

2265 5479 2462 5539 inesse,
2491 5491 2614 5530 cum
2657 5490 2870 5529 summa
2929 5477 3312 5542 inconstantia,
3351 5485 3407 5530 et
3457 5475 3828 5530 Romanorum

2263 5569 2543 5622 annalium
2585 5567 2802 5621 inscitia
2846 5564 3207 5620 Ecclesiastici
3264 5566 3483 5620 annales
3537 5565 3826 5620 alﬁrmant.

2263 5659 2381 5714 Non
2429 5661 2465 5714 ii
2496 5675 2708 5723 sumus,
2733 5659 2826 5727 qui
2879 5673 3218 5713 summorum
3257 5659 3498 5713 virorum
3533 5659 3827 5720 memoriae,

2263 5759 2315 5803 et
2338 5749 2724 5802 existimationi
2761 5747 3050 5803 obtrectari
3077 5749 3326 5813 velimus,
3345 5750 3613 5818 praecipue
3638 5751 3830 5803 catho-

2266 5843 2528 5904 licorum;
2557 5849 2614 5895 ut
2635 5840 2679 5893 si
2707 5841 2834 5910 quid
2870 5841 2937 5896 ab
2965 5841 3070 5897 illis
3099 5842 3412 5910 titubatum,
3443 5841 3831 5897 commissum—
