4118 6402
359 421 458 477 917

1516 427 1606 482 DE
1643 427 1830 484 ANNO
1869 427 2125 485 NATALI
2163 431 2459 490 CHRISTI.

356 551 463 605 que
484 536 575 602 sit,
609 537 853 596 severius
881 553 1276 608 persequamur
1296 555 1513 610 ;.neque
1540 557 1641 597 nos
1694 541 1920 596 omnino
1951 546 1992 602 Α
2024 554 2132 597 tum
2164 557 2409 606 recenset.
2444 546 2632 618 Itaque
2655 549 2701 602 si
2728 547 2954 617 .Iosepho
2982 547 3164 602 demus
3203 563 3380 614 aures,
3403 564 3520 616 qua
3557 567 3592 604 α

355 626 552 682 canina
594 626 686 682 illa
715 627 984 683 facundia»
1001 629 1251 696 delectat,
1276 645 1398 699 quae
1427 629 1728 685 multorum
1753 646 1920 687 occu-

332 717 504 787 pavit
538 717 774 788 ingenia.
820 718 939 774 Sed
970 719 1102 773 illud
1129 727 1308 774 tamen
1349 719 1492 788 quod
1522 719 1696 776 cuivis
1730 721 1835 776 hoc
1865 720 1922 774 in

357 809 662 864 litterarum
715 823 909 878 genere
958 825 1279 865 concessum
1323 821 1424 876 est,
1461 819 1716 881 negatum
1763 811 1923 865 nobis

360 913 482 954 esse
509 897 798 962 nolumus;
830 908 890 953 ut
921 899 968 953 si
997 900 1128 969 quid
1160 901 1318 955 aliter
1349 912 1512 969 atque
1535 901 1612 955 illi
1631 901 1921 968 senserint,

362 989 536 1045 visum
577 989 735 1043 nobis
783 988 966 1052 fuerit,
1009 991 1064 1044 id
1109 991 1340 1062 ingenue
1375 993 1748 1063 proﬁteamur,
1776 1007 1838 1047 ac
1861 992 1925 1046 li-

361 1082 619 1148 bere;,ne
647 1081 778 1150 quid
808 1081 1023 1136 veritati
1081 1083 1196 1137 hac
1248 1084 1384 1154 ipsa,
1421 1099 1542 1154 quae
1592 1084 1798 1138 servire
1846 1083 1925 1139 illi

361 1171 541 1237 debet,
571 1173 717 1228 obsit
748 1174 1034 1228 hominum
1070 1175 1384 1240 auctoritas,
1411 1183 1466 1230 et
1502 1174 1922 1230 commendatio.

361 1262 516 1330 Quod
554 1280 622 1319 ne
671 1266 922 1335 praesenti
948 1264 1002 1319 in
1047 1267 1265 1335 negotio
1292 1267 1570 1333 contingat
1601 1282 1928 1338 magnopere

360 1362 444 1409 est
465 1355 780 1410 verendum.
808 1354 994 1426 Neque
1026 1372 1155 1411 vero
1177 1355 1401 1427 Josepbi
1436 1359 1798 1428 patrocinium
1825 1358 1928 1412 hoc

332 1441 336 1444 ’
362 1445 484 1500 loco
518 1447 884 1515 suscipimus;
917 1462 1017 1502 nec
1039 1463 1253 1502 errasse
1277 1449 1429 1502 illum
1461 1449 1771 1506 inliciamur
1795 1468 1808 1513 ;
1834 1459 1929 1504 aut

361 1546 636 1604 postremo
671 1538 753 1592 vel
787 1537 1070 1592 minimum
1100 1548 1283 1594 contra
1317 1555 1596 1595 sacrarum
1626 1541 1782 1595 fidem
1813 1539 1928 1595 Lit-

361 1637 600 1682 terarum
653 1630 903 1700 scriptori
933 1630 1026 1684 ulli
1067 1631 1379 1685 tribuimus.
1414 1628 1614 1686 Verum
1667 1647 1768 1687 nec
1809 1647 1932 1701 qum

363 1718 431 1772 ad
487 1718 633 1774 illius
692 1719 1043 1774 minuendam
1102 1719 1564 1775 existimationem
1610 1719 1928 1786 alferuntur,

364 1825 491 1864 vera
531 1819 786 1880 putamus
813 1811 1028 1877 omnia;
1088 1821 1141 1866 et
1189 1813 1332 1882 quod
1389 1813 1458 1868 ad
1507 1815 1810 1870 recentiora
1841 1813 1931 1869 Ju-

365 1900 607 1955 dzeorum
640 1909 878 1970 tempora
922 1911 1147 1972 spectat,
1191 1903 1476 1958 certiorem
1508 1919 1571 1959 ac
1597 1905 1929 1961 constantio—

367 2006 481 2044 rem
530 1990 793 2046 habemus
845 2001 1066 2047 auctore
1116 1994 1222 2047 isto
1255 1993 1546 2049 neminem.
1599 1994 1676 2048 Ac
1715 2003 1926 2048 tantum

333 2088 338 2095 '
369 2080 543 2146 abest,
572 2081 687 2136 haec
709 2088 768 2134 ut
787 2090 891 2136 tam
917 2083 1156 2150 assidua,
1181 2095 1287 2138 tam
1317 2086 1511 2140 acerba
1539 2100 1660 2139 cum
1690 2083 1928 2156 Josepho

367 2170 658 2225 Annalium
691 2173 1053 2242 expostulatio
1099 2174 1165 2229 de
1210 2175 1353 2230 illius
1387 2177 1528 2245 apud
1561 2191 1647 2230 me
1682 2177 1785 2231 ﬁde
1845 2177 1930 2232 vel

368 2263 652 2316 tantillum
689 2263 1001 2328 detraxerit,
1037 2274 1096 2320 ut
1145 2266 1247 2320 hoc
1275 2267 1392 2336 ipso
1438 2267 1678 2336 primum
1713 2268 1933 2323 nomine

369 2362 617 2422 suspecta
643 2368 760 2408 esse
784 2355 918 2409 mihi
972 2357 1248 2413 accusatio
1280 2357 1369 2412 illa
1410 2359 1662 2427 coeperit,
1698 2360 1845 2428 quod
1875 2359 1931 2412 in

370 2457 492 2495 eam
525 2451 674 2497 tanto
697 2444 995 2510 stomacho,
1021 2461 1084 2500 ac
1112 2446 1270 2501 toties
1294 2446 1651 2501 incurrerent.
1685 2447 1819 2502 Tum
1841 2447 1933 2502 ubi

373 2531 487 2586 hare
525 2534 782 2590 attentius
831 2537 1219 2606 excussi,'quaa
1265 2538 1330 2591 ad
1361 2535 1656 2607 Josephum
1691 2549 1938 2594 everten-

373 2625 500 2678 dqu
539 2626 867 2682 validissima
899 2628 1278 2693 credebantur,
1306 2630 1442 2683 nihil
1468 2631 1635 2685 atroci
1665 2631 1751 2684 illa
1782 2633 1941 2687 casti-

375 2717 586 2785 gatione
608 2718 847 2788 iniquius
879 2730 961 2775 est
997 2721 1191 2774 visum.
1225 2721 1354 2786 Quae
1380 2723 1594 2777 tametsi
1629 2723 1757 2777 olim
1785 2739 1812 2776 a
1852 2739 1939 2778 me

374 2808 766 2873 animadversa,
791 2811 1062 2880 disputata
1091 2813 1433 2880 postmodum
1481 2813 1550 2866 ab
1575 2813 1719 2878 aliis,
1777 2822 1940 2883 atque

374 2899 639 2967 explicata
708 2902 978 2970 comperi,
1022 2901 1186 2956 licere
1244 2903 1378 2956 mihi
1432 2903 1651 2973 quidem
1703 2904 1940 2958 arbitror

378 3005 498 3060 quae
521 2991 739 3059 perinde
768 3001 828 3045 ut
879 2992 954 3045 illi
977 2992 1299 3062 inquirendo
1331 3003 1661 3050 consecutus
1705 2993 1938 3058 fueram,

377 3097 484 3136 non
506 3091 570 3136 ut
597 3083 664 3136 ab
694 3081 801 3137 illis
831 3093 1074 3154 accepta,
1111 3084 1205 3138 sed
1242 3093 1354 3139 uta
1395 3101 1481 3141 me
1507 3087 1669 3141 etiam
1718 3087 1939 3156 excogi-

375 3181 486 3228 tata
514 3187 834 3243 proponere.
1415 3216 1417 3218 -

445 3260 586 3330 Ergo
613 3263 681 3317 ad
713 3250 1023 3319 elevandam
1067 3264 1286 3336 Joscphi
1335 3265 1492 3320 ﬁdem
1523 3280 1553 3320 e
1588 3266 1771 3320 multis
1819 3266 1938 3334 ejus

375 3355 650 3410 erroribus
682 3357 736 3410 hi
767 3358 912 3412 velut
949 3358 1188 3428 insignes
1242 3376 1304 3413 ac
1353 3359 1600 3428 palmarii
1646 3374 1938 3413 numeran-

377 3451 486 3497 tur.
526 3442 770 3500 Primum
822 3447 965 3517 quod
1005 3457 1196 3503 exacto
1237 3448 1520 3514 Archelao,
1566 3448 1829 3514 Quirinus
1882 3448 1937 3502 in

379 3530 589 3604 Syriam
627 3533 977 3606 Judaaamque
994 3537 1197 3592 missus
1213 3551 1336 3592 esse
1356 3536 1571 3603 dicitur,
1588 3553 1730 3592 anno
1752 3553 1934 3592 xxxvu

378 3636 495 3690 post
534 3625 808 3680 Actiacam
855 3641 1108 3696 pugnam.
1157 3625 1364 3688 Verum.
1397 3629 1590 3697 inquit,
1621 3629 1667 3680 si
1713 3630 1823 3682 lucc
1870 3627 1938 3680 ad

375 3724 612 3770 exactam
641 3727 930 3786 temporum
970 3719 1224 3771 rationem
1258 3719 1475 3788 referas,
1504 3719 1646 3788 falsa
1681 3736 1790 3773 esse
1818 3737 1940 3789 pro-

375 3809 462 3862 cul
485 3807 642 3860 dubio
673 3809 918 3866 invenies.
955 3809 1099 3864 Nam
1130 3814 1177 3865 si
1209 3827 1445 3865 numeres
1495 3828 1682 3877 annos,
1714 3813 1804 3882 qui
1851 3812 1938 3865 in-

378 3910 668 3952 tercurrunt
725 3900 788 3952 ab
825 3899 1044 3954 Actiaca
1096 3917 1293 3971 pugna,
1325 3917 1442 3970 qua:
1498 3903 1716 3972 contigit
1758 3902 1940 3972 Augu-

376 4001 455 4045 sto
485 3989 583 4043 III
616 4000 664 4045 et
694 3990 926 4046 Messala
955 4009 1115 4057 coss.,
1150 4010 1311 4046 annos
1339 4011 1450 4048 esse
1478 4010 1539 4047 χι,
1569 3993 1803 4064 colliges.
1833 3995 1938 4049 Sed

377 4081 491 4136 hinc
518 4081 868 4136 hallucinatio
904 4092 1004 4137 est.
1040 4081 1173 4137 Nam
1205 4083 1424 4137 Actiaca
1456 4083 1939 4152 pugnainciditin

375 4187 576 4225 annum
611 4170 772 4228 Urbis
803 4173 926 4236 723,
958 4172 1158 4227 Julian.
1191 4175 1278 4228 15.
1314 4173 1611 4229 Archelaus
1637 4187 1765 4227 vero
1811 4187 1940 4242 pro-

375 4263 608 4331 scriptus
632 4269 722 4315 est
745 4276 889 4316 anno
923 4261 1084 4318 Urbis
1115 4262 1236 4326 759,
1261 4260 1476 4316 Iuliano
1503 4262 1592 4319 51.
1612 4261 1821 4334 Quippe
1841 4259 1940 4315 Dio

375 4351 442 4406 ad
474 4353 621 4406 hunc
652 4367 856 4406 annum
889 4361 1076 4407 auctor
1098 4362 1199 4417 est,
1230 4352 1493 4408 Herodem
1523 4352 1872 4408 Palaastinum
1908 4367 1939 4406 a

374 4444 630 4500 fratribus
655 4454 965 4500 accusatum
999 4453 1151 4500 trans
1177 4445 1333 4515 Alpes
1361 4446 1681 4515 relegatum,
1711 4444 1940 4515 ejusque

2024 631 2172 688 Luca
2201 645 2251 690 et
2279 635 2533 692 Mattharo
2571 637 2644 710 de
2682 636 2886 693 Herode
2931 637 3128 706 scripta
3173 650 3316 704 sunt,
3350 639 3454 713 ﬁde
3500 656 3593 694 ea-

2025 737 2192 779 reant.
2205 742 2411 782 necesse
2435 737 2532 783 est.
2571 724 2688 783 Non
2718 729 2849 783 satis
2879 727 3034 783 dixit.
3060 725 3244 798 Neque
3272 729 3416 783 enim
3442 728 3594 784 bien-

2024 817 2137 882 nio,
2158 817 2256 878 sed
2285 819 2665 888 quadriennio,
2708 817 2876 874 ferme
2905 817 3149 873 Natalem
3181 817 3380 873 Christi
3407 817 3597 889 vulga-

2024 906 2580 980 rem,,Dionysianum
2602 925 2733 966 vero
2755 911 2920 966 etiam
2944 909 3318 980 quinquennio
3343 917 3594 965 antever-

2028 997 2110 1052 tit.
2149 996 2254 1054 Sed
2303 998 2448 1054 hune
2500 1001 2679 1070 ipsum
2725 1016 2913 1057 verum
2939 1016 3060 1058 esse
3087 998 3330 1055 Natalem
3361 1000 3598 1056 exMatr

2026 1087 2186 1150 thaeo,
2218 1087 2302 1142 vel
2329 1085 2474 1143 Luca
2507 1089 2709 1159 colligi,
2740 1089 2794 1144 id
2823 1098 3131 1145 constanter
3145 1105 3431 1160 negamus.

2095 1176 2359 1242 Quartum
2409 1179 2782 1234 inconstantia
2821 1180 3096 1250 specimen
3115 1178 3423 1249 .est,,quod
3451 1193 3595 1234 anno

2027 1281 2115 1319 xvr
2162 1264 2388 1322 Herodis
2432 1269 2577 1338 regis
2620 1266 2824 1323 Varum
2872 1269 3155 1338 praesidem
3214 1268 3385 1338 Syriae
3428 1266 3598 1323 fuisse

2026 1367 2212 1411 narrat
2238 1357 2334 1412 lib.
2361 1375 2448 1424 xv,
2481 1374 2530 1413 c.
2567 1361 2653 1416 15.
2680 1358 2810 1416 Post
2848 1369 3051 1426 autem,
3081 1360 3157 1415 ait
3189 1359 3439 1415 eumdem
3473 1375 3598 1414 suc-

2028 1451 2258 1503 cessisse
2302 1449 2489 1504 Sentio
2537 1449 2856 1518 Saturnino,
2894 1465 3039 1506 anno
3080 1449 3454 1506 antellerodis
3481 1450 3600 1504 obi:

2031 1546 2143 1591 tum
2179 1555 2192 1590 :
2225 1553 2348 1592 cum
2371 1538 2509 1594 inter
2530 1548 2819 1605 utrumque
2841 1541 3184 1610 viginti‘anni
3207 1541 3395 1597 saltem
3430 1541 3599 1596 inter-

2031 1629 2313 1683 cesserint.
2342 1629 2505 1700 Atqui
2539 1645 2647 1684 non
2697 1629 2870 1686 Varus
2916 1646 2945 1684 a
2988 1630 3223 1700 Jusepbo
3267 1647 3467 1701 praeses
3505 1629 3599 1685 illo

2031 1719 2151 1773 loco
2175 1719 2393 1787 dicitur,
2425 1720 2519 1776 sed
2543 1719 2738 1775 Varro.
2766 1721 2945 1788 Quare
2981 1720 3120 1792 αὕτη
3152 1724 3184 1793 ἡ
3221 1721 3480 1794 μήρινθος
3511 1723 3597 1778 οὑξ

2031 1808 2119 1863 δὲν
2147 1809 2373 1865 ἔσπασε.
2423 1810 2666 1881 Denique
2696 1826 2911 1875 novem,
2944 1810 3138 1882 inquit,
3171 1810 3402 1866 Herodis
3428 1827 3600 1868 annos

2030 1901 2392 1968 prietermisit.
2444 1900 2655 1956 Etenim
2712 1916 2837 1956 cum
2886 1917 3068 1955 xxxvii
3111 1903 3350 1970 regnarit
3403 1917 3598 1967 annos,

2031 1989 2224 2044 horum
2255 1991 2468 2045 initium
2502 1992 2571 2046 ab
2598 2005 2664 2046 eo
2705 1983 2839 2062 ipso
2862 2008 3027 2057 anno,
3061 2008 3169 2061 quo
3204 1992 3381 2046 navali
3412 1992 3600 2062 praslio

2030 2080 2205 2136 victus
2253 2092 2336 2136 est
2379 2083 2668 2149 Antonius,
2720 2092 2963 2153 repetere
3007 2083 3214 2149 debuit,
3247 2081 3466 2137 Iuliano
3509 2083 3599 2147 15,

2029 2184 2138 2224 non
2173 2185 2203 2224 a
2235 2186 2309 2234 vr,
2339 2187 2447 2242 quo
2470 2187 2536 2226 ex
2564 2171 3064 2228 senatus-consulto
3104 2187 3329 2243 regnum
3377 2173 3602 2242 adeptus

2030 2271 2134 2316 est.
2163 2259 2289 2315 Ideo
2336 2269 2566 2317 mortem
2616 2261 2847 2318 Herodis
2877 2263 3105 2317 Annales
3136 2263 3189 2317 in
3214 2279 3417 2317 annum
3449 2275 3600 2318 octa-

2032 2366 2160 2404 vum
2207 2352 2409 2407 Christi
2459 2353 2773 2423 conjiciunt,
2805 2353 3008 2424 Lepido
3055 2365 3106 2409 et
3151 2355 3412 2411 Arruntio
3453 2372 3630 2412 coss...

2035 2439 2165 2495 Erat
2189 2456 2366 2497 annus
2397 2442 2563 2498 Urbis
2599 2443 2720 2509 759,
2745 2443 2990 2501 Julianus
3020 2445 3106 2511 51,
3140 2447 3232 2516 qui
3267 2457 3450 2502 sextus
3480 2463 3602 2504 terte

2034 2533 2342 2587 communis
2391 2548 2514 2589 esse
2569 2533 2848 2603 debuerat,
2894 2536 3000 2592 nisi
3053 2537 3271 2594 biennio
3319 2548 3601 2609 peccatum

2037 2622 2197 2678 foret.

2107 2715 2176 2770 At
2231 2726 2564 2787 quantopere
2608 2719 2762 2774 illum
2808 2721 2946 2777 ratio
2984 2721 3222 2792 fugerit,
3273 2721 3435 2792 paulo
3484 2731 3606 2792 post

2038 2809 2340 2875 constabit;
2386 2809 2478 2863 ubi
2523 2826 2644 2879 qua:
2677 2811 2744 2865 de
2791 2809 3019 2868 Herodis
3068 2813 3248 2879 annis,
3278 2821 3332 2866 et
3382 2813 3604 2869 historia

2039 2904 2273 2972 sparsim
2305 2901 2575 2974 Josephus
2623 2905 2833 2970 inserit,
2864 2907 3055 2976 paucis
3104 2907 3605 2976 perstrinxerimus.

2037 2993 2221 3049 Prima
2251 2993 2478 3050 Herodis
2501 2995 2641 3064 apud
2662 2996 2920 3051 eximium
2953 2997 3097 3054 hunc
3113 2998 3432 3068 scriptorem
3455 3014 3604 3053 men-

2041 3084 2115 3138 tio
2161 3084 2221 3140 fit
2266 3085 2362 3139 lib.
2400 3100 2494 3139 xtv
2527 3083 2757 3155 0rig.,c.
2789 3085 2872 3140 12.
2924 3087 2998 3140 lbi
3026 3086 3368 3157 Antipatrum
3397 3086 3606 3155 Antipat-

1965 3212 2006 3266 ο
2041 3172 2102 3230 F.
2137 3171 2364 3228 Herodis
2389 3181 2669 3243 parentem
2703 3173 2948 3228 scribite
2976 3173 3153 3245 Gypro
3183 3174 3434 3266 Arabissa
3456 3173 3606 3242 prin-

2042 3264 2162 3334 cipe
2210 3264 2408 3318 femina
2471 3263 2710 3334 quinque
2767 3266 3068 3335 suscepisse
3109 3265 3328 3327 liberos,
3375 3263 3612 3319 Phasae-

2040 3357 2175 3423 lum,
2211 3354 2500 3419 Herodem,
2533 3354 2850 3426 Iosephum,
2882 3355 3199 3422 Pheroram,
3236 3366 3290 3411 et
3325 3355 3602 3410 Salomen.

2039 3447 2321 3512 Eumdem,
2357 3462 2480 3502 cum
2509 3447 2768 3502 adversus
2792 3447 3164 3502 Aristobulum
3213 3445 3409 3501 bellum
3457 3461 3609 3515 gere-

2038 3547 2140 3605 ret,
2190 3537 2391 3593 liberos
2445 3552 2572 3592 suos
2625 3535 2767 3606 apud
2815 3537 3054 3590 Arabum
3099 3533 3394 3605 principem
3445 3532 3611 3603 depo-

2039 3631 2236 3686 suisse.
2269 3629 2505 3684 F-iuitum
2533 3637 2616 3684 est
2636 3619 2836 3683 bellum
2871 3627 3013 3683 istud
3036 3627 3438 3682 Aristobuleum
3463 3640 3608 3680 anno

2039 3722 2152 3788 illo,
2182 3735 2292 3792 quo
2334 3721 2706 3792 Hierosolyma
2739 3719 3030 3789 Pompeius
3073 3718 3233 3787 cepit,
3280 3733 3421 3772 coss.
3454 3717 3610 3771 Cice-

2039 3826 2172 3866 rone
2216 3820 2270 3866 et
2310 3811 2565 3874 Antonio,
2598 3818 2658 3863 ut
2697 3818 2886 3863 auctor
2925 3816 3009 3863 est
3050 3806 3318 3877 Josephus
3363 3806 3457 3860 lib.
3493 3822 3605 3869 xiv,

2039 3917 2089 3957 c.
2121 3902 2176 3966 5,
2206 3916 2415 3956 necnon
2459 3910 2512 3955 et
2538 3900 2636 3954 Dio
2667 3919 2679 3954 :
2711 3898 2872 3954 Urbis
2900 3915 2964 3953 ex
3008 3899 3249 3953 Varrone
3280 3898 3405 3953 691.
3434 3898 3607 3968 Opor-

2041 4003 2115 4049 tet
2140 3995 2304 4064 igitur
2329 3992 2595 4048 Herodem
2629 4001 2755 4047 ante
2790 3992 2934 4045 hunc
2963 4007 3167 4045 annum
3198 3989 3368 4046 fuisse
3395 3998 3605 4055 natum,

2039 4103 2198 4158 quem
2228 4087 2368 4156 apud
2391 4085 2622 4140 Arabem
2653 4094 2804 4154 pater
2832 4083 3156 4154 deposuerit.

2110 4177 2304 4233 Postea
2337 4179 2430 4232 lib.
2467 4192 2576 4240 xw,
2627 4192 2746 4246 cap.
2779 4176 3021 4242 15,,cum
3067 4174 3346 4243 Antipater
3391 4171 3606 4227 Iuliano

2040 4267 2543 4324 Caesaristrenuam
2571 4268 2626 4321 in
2669 4267 2905 4338 [Egypto
2938 4275 3190 4322 navasset
3213 4280 3456 4334 operam,
3483 4264 3607 4317 ἐπί-

2039 4379 2236 4435 τροπος
2281 4363 2350 4416 ab
2391 4375 2458 4416 eo
2505 4359 2694 4417 iudaaae
2720 4359 2892 4414 factus
2918 4368 3020 4422 est,
3045 4367 3097 4413 et
3122 4357 3369 4429 Hyrcano
3391 4355 3608 4426 pontiﬁ-

2041 4462 2193 4507 catus
2241 4452 2511 4507 decretus.
2537 4449 2636 4506 llic
2676 4459 2759 4505 est
2785 4447 2946 4505 Urbis
2976 4465 3155 4505 annus
3185 4448 3311 4512 707,
3343 4463 3452 4517 quo
3477 4447 3604 4501 Ale-

373 4537 632 4592 ditionem
659 4539 714 4592 in
747 4538 1079 4608 provinciam
1111 4539 1406 4593 redactam.
1432 4538 1624 4594 Annus
1653 4553 1817 4608 porro
1836 4539 1935 4594 Ju-
1973 4547 2016 4602 ι)
2041 4541 2366 4597 xandrinum
2393 4541 2588 4597 bellum
2613 4549 2883 4611 patratum
2916 4548 3018 4606 est,
3057 4551 3116 4594 ut
3142 4554 3209 4594 ex
3233 4535 3468 4608 Josepho
3494 4538 3606 4592 col-

375 4627 550 4684 lianus
590 4629 652 4684 51
699 4631 1007 4686 tricesimus
1051 4632 1313 4699 septimus
1341 4638 1426 4685 est
1454 4645 1484 4684 a
1517 4645 1607 4685 xv.
1644 4629 1810 4685 Recte
1839 4632 1942 4684 ita-

375 4738 480 4794 que
498 4721 764 4792 Iosephus
788 4723 1120 4777 tricesimum
1145 4722 1434 4792 septimum
1467 4721 1763 4776 adnotavit.

446 4815 699 4869 Secundo
735 4813 921 4868 iisdem
973 4815 1028 4867 in
1069 4813 1198 4867 locis
1243 4811 1502 4883 Iosephus
1553 4815 1617 4868 de
1662 4813 1938 4868 consulatu

377 4903 588 4970 Quirini
621 4904 877 4967 meminit,
902 4903 1053 4973 quasi
1085 4903 1148 4956 de
1194 4919 1248 4956 re
1298 4903 1581 4956 admodum
1611 4905 1802 4957 recenti
1829 4919 1848 4957 :
1875 4919 1941 4957 ea:

373 5012 475 5065 quo
517 4993 710 5048 Fastos
757 4994 910 5048 illum
951 4995 1252 5048 consulares
1301 4995 1569 5063 ignorasse
1613 5003 1811 5047 certum
1838 5004 1935 5049 est.

379 5085 522 5140 Nam
555 5085 836 5151 Quirinum
865 5102 970 5140 una
996 5103 1114 5139 cum
1144 5085 1442 5142 Afmiliano
1465 5079 1661 5155 collega
1692 5095 1812 5139 ante
1843 5103 1940 5139 an-

378 5195 470 5233 nos
501 5194 610 5232 xxu
663 5177 995 5233 consulatum
1041 5180 1262 5248 gessisse
1311 5187 1388 5231 est
1433 5177 1933 5246 exploratissimum.

375 5269 519 5324 Nihil
567 5269 835 5338 ejusmodi
876 5267 1144 5337 Iosephus
1183 5269 1266 5322 vel
1303 5267 1574 5323 levissime
1595 5268 1936 5338 significavit.

375 5361 726 5416 Consularem
773 5361 1034 5415 duntaxat
1073 5359 1245 5424 illum,
1277 5360 1379 5414 hoc
1424 5369 1506 5415 est
1552 5361 1810 5413 ὑπατικόν
1841 5376 1938 5415 ex-

376 5463 550 5508 tremo
598 5454 691 5507 lib.
720 5469 831 5508 xvu
877 5454 1144 5508 nominat.
1180 5451 1405 5507 Constat
1452 5461 1631 5506 autem
1684 5467 1800 5515 eos,
1847 5453 1939 5522 qui

373 5544 716 5599 consulatum
771 5543 935 5598 semel
987 5545 1042 5599 in
1087 5544 1196 5598 vita
1247 5543 1572 5613 gessissent,
1623 5543 1940 5598 consulares

373 5635 629 5703 deinceps
663 5634 982 5704 appellatos,
1014 5635 1093 5689 uti
1121 5635 1492 5704 triumphales,
1523 5635 1618 5706 qui
1643 5635 1936 5706 aliquando

374 5725 817 5795 triumphassent.

446 5814 628 5871 Tertio
664 5815 888 5872 Herodis
924 5816 1118 5871 obitum
1147 5816 1353 5872 biennio
1385 5827 1505 5872 ante
1537 5818 1802 5874 Christum
1838 5836 1936 5874 na-

2043 4634 2242 4702 ligitur.

2114 4725 2310 4779 Eodem
2358 4739 2523 4791 anno,
2557 4733 2615 4780 ut
2645 4721 2913 4795 Iosephus
2943 4721 3044 4775 117
3079 4721 3286 4788 scribit,
3326 4719 3606 4789 Antipater

2042 4814 2362 4870 Phasaelum
2405 4815 2806 4887 Hierosolymis:
2832 4814 3072 4884 praeficit,
3108 4813 3306 4868 Herodi
3329 4813 3606 4868 Galilaeam

2041 4910 2347 4976 committit,
2366 4909 2470 4980 νέῳ
2497 4910 2672 4963 πάντα
2699 4909 2863 4961 πᾶσιν
2890 4906 3022 4960 ὄντι·
3061 4912 3120 4959 ιε’
3158 4904 3266 4976 γὰρ
3293 4903 3442 4975 αὐτῷ
3486 4904 3606 4970 ἐγε-

2039 4998 2186 5066 γόνει
2235 4998 2368 5067 μόνα
2413 4998 2529 5069 ἐτη.
2583 4996 2924 5052 Manifestum
2974 4996 3030 5048 in
3086 5009 3314 5048 numero
3347 4991 3603 5045 mendum

2040 5099 2155 5155 est;
2183 5090 2327 5159 quod
2349 5090 2576 5145 eruditis
2602 5089 2733 5144 viris
2755 5088 3026 5154 suboluit;
3055 5096 3110 5142 et
3132 5091 3208 5139 κε’
3238 5101 3335 5155 pro
3372 5084 3431 5137 ιε’
3461 5083 3601 5139 scri-

2039 5180 2296 5235 bendum.
2324 5179 2481 5233 Certe
2514 5195 2636 5235 cum
2668 5188 2793 5233 ante
2837 5192 3038 5232 annum
3085 5174 3248 5230 Urbis
3285 5172 3382 5227 691
3417 5180 3602 5226 natum

2040 5279 2250 5326 constet
2277 5269 2563 5332 Herodem,
2589 5284 2734 5324 anno
2774 5269 2869 5324 illo
2904 5269 3006 5323 707
3035 5268 3303 5323 decimum
3352 5275 3601 5319 octavum

2042 5362 2231 5417 saltem
2257 5362 2526 5432 attigerat.
2559 5361 2628 5413 At
2653 5375 2782 5414 vero
2824 5374 2946 5429 quae
2998 5366 3110 5413 toto
3157 5357 3250 5410 illo
3289 5369 3398 5407 xvu
3432 5352 3606 5422 capite

2042 5454 2110 5508 ab
2142 5453 2350 5508 Herode
2391 5462 2538 5522 gesta
2579 5460 2967 5513 memorantur,
3013 5464 3120 5503 non
3163 5462 3390 5518 puerum
3436 5443 3607 5499 Hero-

2041 5544 2185 5608 dem,
2211 5543 2303 5599 sed
2327 5542 2580 5612 juvenem
2601 5543 2876 5597 exhibent.
2907 5539 3092 5609 Neque
3117 5538 3339 5593 dubium
3370 5545 3454 5590 est
3474 5535 3602 5604 quin

2043 5651 2142 5690 vox
2164 5633 2283 5690 νέου
2301 5633 2506 5688 virilem
2531 5633 2690 5688 etiam
2713 5641 2947 5698 aetatem,
2967 5630 3137 5686 multo
3160 5629 3331 5698 magis
3347 5628 3602 5697 juventu-

2041 5736 2150 5782 tem
2179 5727 2463 5796 signiﬁcet.
2499 5725 2613 5791 Qua
2643 5725 2851 5779 ratione
2882 5722 3076 5777 Saulus
3101 5720 3224 5776 Act.
3256 5734 3350 5783 vn,
3379 5717 3606 5785 57,vsa.-

2043 5818 2159 5882 vict;
2186 5828 2430 5884 vocatur,
2455 5833 2560 5872 non
2593 5815 2737 5885 quod
2763 5815 3082 5874 vocabulum
3110 5811 3252 5872 istud
3283 5811 3515 5868 ferocem
3541 5821 3607 5862 eo
