4118 6402
544 422 661 486 919

1686 421 2030 479 Αιιιιεδιυιχ
2070 422 2692 483 DISSEHTATIONUM.

544 532 692 602 loco,
725 543 780 592 et
818 537 1076 593 audacem
1121 537 1378 593 declaret.
1412 538 1594 610 Friget
1639 541 1784 594 enim
1818 540 1934 595 haec
1960 538 2130 594 inter-
2160 546 2211 602 Α
2240 539 2497 594 nimirum
2521 553 2667 593 anno
2690 537 2808 608 ipso
2837 548 2970 590 xvn.
3023 533 3227 590 Eodem
3251 547 3397 590 anno
3423 545 3554 592 xvru
3579 532 3709 604 (ait
3737 517 3900 586 που*

549 630 799 702 prolatio.
837 629 1046 702 Quippe
1079 631 1204 686 licet
1234 632 1449 698 νεανίας
1489 632 1756 688 interdum
1801 647 1862 688 ea
1909 631 2130 689 notione

547 729 830 788 sumatur,
863 736 1138 790 nunquam
1172 729 1352 777 tamen
1378 723 1498 778 sine
1532 722 1876 778 substantive
1904 721 2125 793 aliquo;

545 821 673 883 puta
720 812 913 884 ἀνδρός
958 813 1042 868 vel
1092 812 1276 882 λόγου,
1323 823 1428 871 etc.
1465 816 1622 886 Apud
1671 815 1876 871 Lucam
1909 831 2006 881 vn,
2039 816 2126 880 M,

545 913 750 970 autem,
779 904 868 958 ubi
891 904 1140 960 absolute
1189 907 1432 976 ponitur.
1469 907 1700 978 idipsum
1727 918 1834 971 est,
1866 908 2012 978 quod
2045 909 2130 962 in-

545 1003 758 1066 terpres
788 1006 967 1052 noster
1011 998 1300 1068 expressit,
1330 997 1653 1054 adolescens.
1687 997 1842 1069 Apud
1874 999 2130 1055 Censori-

544 1101 677 1140 num
705 1085 878 1142 Varro
898 1089 1290 1158 quadrifariam
1334 1091 1571 1147 hominis
1605 1099 1816 1146 atatem
1860 1092 2126 1161 partitur;

542 1188 599 1233 et
626 1181 914 1250 pueritiam
949 1182 1017 1236 ad
1046 1197 1250 1238 annum
1279 1200 1379 1249 xv;
1416 1183 1542 1240 inde
1571 1183 1638 1240 ad
1676 1200 1782 1239 xu
1815 1184 2130 1240 adolescen-

544 1271 677 1327 tiam
710 1272 916 1329 definit.

615 1363 746 1421 Post
792 1366 907 1422 haec
952 1382 984 1422 a
1027 1365 1192 1424 Sexto
1220 1367 1438 1425 Caesare
1478 1369 1792 1444 C(elesyrire
1839 1370 2130 1442 praeficitur

545 1453 808 1523 Herodes,
836 1458 1028 1515 eodem
1078 1476 1242 1515 anno.
1273 1459 1448 1516 Credo
1499 1463 1812 1532 quindecim
1858 1477 2126 1517 annorum

546 1563 774 1618 puerum
836 1549 1120 1606 Romanus
1170 1551 1464 1621 imperator
1517 1554 1825 1625 στρατηγόν
1883 1552 2126 1610 faceret:

547 1651 670 1696 esto
703 1641 756 1697 id
786 1643 839 1696 in
875 1643 1056 1714 priore
1082 1643 1330 1714 exemplo
1359 1652 1586 1715 paterno
1621 1645 1794 1715 possit
1840 1644 2012 1699 amori
2046 1644 2132 1700 in-

545 1732 946 1804 dulgentiaeque
1002 1734 1195 1791 tribui.
1227 1735 1448 1800 Iterum,
1487 1746 1545 1791 ut
1593 1735 1756 1792 refert
1799 1752 1920 1806 cap.
1954 1737 2040 1801 19,
2099 1752 2130 1791 a

545 1823 714 1880 Bruto
743 1834 798 1881 et
826 1824 1022 1883 Cassio
1045 1826 1288 1898 eiusdem
1307 1827 1619 1901 leesyriaa
1651 1830 1957 1900 στρατηγός
1979 1845 2127 1884 crea-

546 1926 637 1971 tus
668 1926 774 1982 est,
811 1932 937 1972 cum
968 1918 1261 1982 mandatis,
1297 1927 1355 1974 ut
1383 1920 1684 1974 exercitum
1717 1919 1980 1974 adversus
2014 1920 2129 1973 An-

545 2017 764 2075 gustum
798 2015 852 2062 et
909 2005 1206 2063 Antonium
1247 2009 1643 2077 conscriberet;
1700 2007 1841 2064 facta
1884 2010 2130 2080 potiundi

546 2097 696 2167 regni
729 2113 847 2168 spe,
885 2109 1008 2168 post
1037 2099 1379 2169 impetratam
1413 2100 1719 2156 victoriam.
1741 2099 1863 2168 Quo
1890 2111 2132 2171 tempore

547 2187 794 2244 Malelrus
841 2189 1017 2247 Arabs
1064 2190 1409 2256 Antipatrum
1457 2207 1666 2248 veneno
1702 2193 1951 2259 necavit;
1981 2190 2133 2246 ideo-

545 2295 651 2350 que
673 2281 898 2351 jubente
938 2281 1134 2340 Cassio
1179 2283 1424 2340 Malehus
1451 2284 1521 2340 ab
1548 2284 1759 2341 Herode
1794 2293 1878 2341 est
1907 2283 2132 2341 interfe-

546 2381 688 2428 ctus.
711 2372 1034 2443 Congruunt
1056 2375 1172 2429 haec
1197 2390 1342 2431 anno
1378 2373 1539 2430 Urbis
1567 2375 1690 2443 7l2,
1720 2374 1940 2430 Juliano
1963 2389 2131 2444 quar-

547 2475 623 2520 to.
670 2463 980 2524 Secundum
1025 2467 1429 2540 Philippensem
1475 2484 1711 2540 pugnam
1757 2468 2032 2524 Antonius
2077 2469 2130 2522 in

547 2558 762 2631 Syriam
813 2551 1114 2631 proiectus,
1161 2561 1488 2618 Phasaelum
1520 2572 1575 2617 et
1618 2560 1886 2618 Herodem
1939 2571 2133 2618 tetrar~

545 2654 679 2710 chas
701 2656 1007 2719 constituit.
1043 2657 1138 2710 καὶ
1167 2655 1276 2710 τῶν
1329 2656 1600 2711 Ἰουδαίων
1633 2656 1816 2720 αὐτοῖς
1845 2656 2131 2729 ἐπιτρέπει

548 2745 876 2818 πράγματα,
910 2746 1182 2819 Josephus
1213 2749 1309 2804 lib.
1343 2765 1454 2816 stv,
1495 2764 1620 2820 cap.
1657 2748 1748 2803 23.
1783 2748 1998 2804 Accidit
2030 2749 2132 2803 hoc

545 2855 693 2894 anno
723 2836 887 2895 Urbis
916 2838 1041 2906 715,
1072 2838 1290 2896 Juliano
1316 2840 1371 2894 5.

620 2931 750 2988 Post
775 2947 902 2988 cum
933 2930 1118 2988 Parthi
1154 2933 1488 3005 Antigonum
1513 2933 1805 2989 Aristobuli
1848 2932 1912 2988 Γ.
1953 2934 2010 2990 in
2047 2949 2133 2990 re-

546 3041 714 3098 gnum
751 3027 1140 3092 restituisseut,
1177 3027 1420 3084 Herodes
1449 3029 1518 3083 ab
1563 3029 1631 3084 iis
1663 3028 1856 3099 pulsus
1900 3026 2129 3084 Romam

547 3117 616 3172 ad
665 3116 963 3172 Antonium
997 3127 1051 3172 et
1083 3117 1352 3173 Casarem
1384 3115 1629 3187 confugit
1658 3135 1671 3171 :
1699 3132 1730 3171 a
1765 3116 1966 3186 quibus
2009 3131 2132 3186 per-

2232 632 2437 704 sephus
2471 647 2592 703 cap.
2628 630 2716 701 ii)
2753 629 3011 700 templum
3043 627 3348 683 instaurare
3367 640 3661 698 aggressus
3700 630 3862 687 est;

2231 739 2394 796 quem
2432 739 2634 780 annum
2655 722 2924 778 decimum
2959 721 3210 792 quintum
3231 719 3371 774 libro
3401 732 3419 771 ι
3461 715 3690 772 Ἀλώσ.
3740 727 3866 784 ap-

2232 817 2416 888 pellat,
2448 831 2634 872 errore
2665 813 3049 879 librariorum,
3088 820 3148 866 ut
3174 810 3444 881 Keplerus
3483 807 3797 864 existimat
3837 819 3855 854 :

2230 924 2392 980 quem
2426 917 2483 963 tu
2515 905 2758 962 consule.
2791 903 3054 959 Prmtcrea
3092 902 3187 960 lib.
3220 916 3310 955 xv:
3332 942 3348 969 ,
3387 915 3507 970 cap.
3540 899 3597 962 9.
3627 899 3860 953 (farsa-

2232 1017 2338 1058 νοω
2365 999 2778 1056 aediﬁcationem
2831 996 3135 1051 absolutam
3171 993 3362 1050 scribit
3393 991 3619 1046 Herodis
3666 1004 3861 1044 anno

2231 1111 2431 1159 xxvm;
2461 1093 2665 1164 olymp.
2703 1089 2826 1146 192.
2861 1087 2919 1144 Si
2960 1103 2990 1142 a
3015 1084 3288 1142 Juliano9
3309 1125 3326 1148 ,
3362 1081 3525 1139 Urbis
3551 1083 3682 1148 717,
3719 1081 3859 1136 ini—

2234 1188 2366 1241 tium
2399 1184 2626 1240 Herodis
2661 1181 2976 1242 deduxeris.
3011 1194 3188 1234 annus
3211 1177 3304 1242 28,
3328 1175 3579 1232 Julianus
3601 1177 3715 1230 erit
3737 1175 3854 1241 56,

2233 1278 2398 1334 Urbis
2431 1277 2569 1345 7M;
2620 1290 2732 1346 quo
2778 1273 2944 1342 cmpit
2972 1270 3134 1343 lphiti
3154 1269 3291 1335 767,
3324 1267 3440 1323 sive
3467 1265 3670 1337 olymp.
3721 1264 3856 1318 192

2233 1388 2411 1430 annus
2429 1371 2638 1427 tertius.
2655 1368 2881 1423 Dcmutn
2911 1365 3006 1419 lib.
3029 1377 3224 1427 xvu,c.
3242 1359 3330 1426 i2,
3345 1367 3593 1414 mortuus
3607 1366 3696 1411 est
3713 1355 3853 1410 He-

2233 1442 2414 1530 rodes,
2444 1460 2770 1535 βασιλεύσας
2789 1457 2909 1531 μεθ’
2933 1458 2962 1510 ὃ
2994 1457 3091 1527 μὲν
3122 1453 3333 1508 ἀνεῖλεν
3367 1449 3695 1518 Ἀντίγονον,
3729 1447 3850 1516 ἐτη

2231 1561 2473 1630 τέσσαρα
2519 1556 2612 1609 καὶ
2675 1553 3000 1626 τριάκοντα’
3062 1545 3180 1618 μεθ’
3221 1545 3250 1598 ὃ
3288 1544 3344 1598 δὲ
3378 1541 3484 1596 ὑπὸ
3527 1540 3850 1611 Ῥωμαίων

2233 1650 2599 1711 ἀποδέδεικτο,
2633 1645 2773 1699 ἑπτὰ
2804 1643 2899 1696 καὶ
2920 1640 3216 1712 τριάκοντα
3235 1656 3249 1668 ο
3283 1636 3417 1691 Cum
3447 1643 3722 1705 regnasset
3765 1631 3848 1685 ab

2235 1743 2488 1814 Antigoni
2507 1754 2627 1793 nece
2645 1753 2811 1791 annos
2841 1749 3029 1790 xxxiv.
3058 1730 3141 1785 Ex
3164 1745 3264 1801 quo
3301 1744 3420 1782 vero
3450 1743 3544 1781 rex
3566 1743 3597 1780 a
3621 1725 3850 1779 Roma-

2237 1841 2319 1894 nis
2349 1845 2558 1892 creatus
2579 1843 2654 1889 est
2681 1845 2868 1886 xxxvii
2897 1844 2910 1880 :
2943 1826 3108 1898 paulo
3136 1834 3264 1880 ante
3299 1821 3528 1886 Pascha,
3555 1829 3616 1876 ut
3646 1835 3717 1875 ex
3759 1819 3835 1873 11

2236 1930 2410 2000 capite
2430 1929 2600 1998 liquet
2631 1942 2645 1978 :
2675 1938 2802 1980 eum
2829 1928 2987 1976 antea
3010 1919 3143 1974 luna
3170 1915 3464 1972 defecisset
3495 1930 3508 1967 :
3534 1913 3663 1984 περὶ
3697 1912 3841 1975 ἔτος

2233 2020 2632 2096 ἑϐδομηκοστόν
2663 2018 2786 2073 vita:
2816 2030 2927 2072 sua:
2961 2030 2974 2064 :
3009 2028 3132 2083 cap.
3170 2009 3224 2065 8.
3256 2009 3442 2079 itaque
3467 2009 3513 2064 si
3543 2023 3687 2062 anno
3720 2007 3840 2059 Ju-

2233 2118 2382 2173 liano
2413 2116 2446 2171 6
2477 2127 2701 2186 regnum
2726 2127 2794 2167 ex
2825 2104 3309 2164 senatusconsulto
3340 2099 3585 2156 Herodes
3635 2099 3835 2167 impe-

2233 2208 2428 2264 travit:
2453 2219 2598 2261 anno
2642 2201 2860 2258 Juliano
2883 2199 2972 2266 A2,
3007 2196 3171 2268 erepit
3215 2195 3302 2250 57.
3329 2193 3425 2249 Sin
3459 2192 3526 2247 ab
3547 2205 3692 2246 anno
3715 2189 3834 2244 Ju-

2234 2300 2380 2356 liano
2403 2299 2436 2354 9
2459 2297 2718 2354 inchoare
2751 2292 2944 2354 mavis.
2977 2290 3169 2347 eodem
3200 2286 3420 2342 Juliano
3438 2284 3529 2349 42,
3565 2283 3719 2355 regni
3743 2282 3830 2337 54

2235 2391 2449 2448 initium
2481 2387 2716 2458 sumpsit
2740 2402 2754 2438 ε
2787 2385 2934 2456 quod
2963 2383 3124 2454 paulo
3151 2389 3341 2452 postea
3368 2375 3826 2447 diseeptahimus.

2302 2480 2420 2536 Jam
2451 2495 2576 2535 cum
2601 2476 2842 2534 Herodes
2889 2488 3096 2528 annum
3143 2469 3385 2541 attigerit
3426 2466 3714 2536 septimum
3752 2477 3830 2516 ac

2236 2573 2596 2635 tricesimum,
2614 2583 2867 2641 magnam
2885 2565 3012 2621 inde
3032 2563 3270 2634 Josepho
3296 2559 3525 2616 Annales
3548 2556 3823 2612 invidiam

2234 2666 2472 2732 faciunt;
2501 2663 2648 2735 quod
2667 2662 2899 2719 istorum
2932 2671 3204 2715 annorum
3227 2653 3506 2710 exordium
3522 2663 3822 2721 perperam

2234 2762 2288 2816 in
2319 2759 2597 2815 lulianum
2621 2764 2834 2812 sextum
2856 2752 3150 2810 contulerit
3173 2769 3186 2804 :
3206 2763 3381 2818 eoque
3398 2744 3652 2807 maxime,
3667 2741 3820 2812 quod

2234 2868 2379 2909 anno
2414 2849 2576 2907 Urbis
2603 2847 2728 2914 702,
2760 2846 2965 2903 Caleno
2994 2853 3050 2900 et
3073 2843 3288 2901 Vatinio
3321 2855 3484 2904 eoss.,
3507 2834 3820 2906 quindecim

2231 2961 2406 3002 annos
2423 2951 2587 2999 natus
2602 2942 2818 2998 dicatur
2834 2937 3098 3002 Herodes,
3115 2943 3468 3015 mortuusque
3483 2943 3627 2984 anno
3638 2926 3821 2982 aetatis

2232 3053 2400 3111 prope
2414 3053 2541 3092 us.
2561 3033 2696 3090 Nam
2711 3034 2757 3090 si
2773 3033 2838 3088 ad
2858 3030 2964 3086 707
2975 3029 3142 3085 addas
3158 3027 3248 3093 51,
3271 3039 3449 3081 annus
3468 3019 3693 3076 Herodis
3708 3032 3822 3111 us

2233 3110 2356 3189 iniit
2386 3147 2533 3188 anno
2573 3129 2739 3186 Urbis
2767 3126 2893 3193 76l,
2927 3123 3142 3180 Juliano
3169 3122 3258 3188 55,
3287 3114 3738 3175 armChr-istianre
3761 3110 3816 3164 8.

548 3210 860 3268 humaniter
886 3221 1166 3280 exceptus,
1198 3220 1252 3266 et
1266 3211 1477 3266 senatui
1521 3210 1868 3275 conciliatus,
1903 3225 2127 3278 regnum

2234 3227 2604 3296 Aliundeergo
2620 3239 2804 3279 xxxv“
2829 3220 2902 3274 illi
2922 3218 3047 3274 anni
3065 3212 3366 3272 deducendi
3384 3218 3510 3266 sunt
3529 3227 3542 3263 :
3563 3204 3816 3308 nimirum

547 3301 783 3356 obtinuit
809 3315 874 3356 ex
902 3301 1380 3358 senatusconsulto
1399 3341 1415 3362 .
1443 3299 1748 3373 olympiade
1796 3299 1922 3364 lSi,
1952 3299 2132 3353 Domi-

548 3393 628 3446 tio
693 3392 922 3448 Calvino
968 3391 1007 3446 ll
1038 3403 1092 3448 et
1113 3393 1301 3448 Asinio
1331 3391 1577 3450 Pollione
1599 3377 1768 3458 coss.,
1795 3407 1942 3447 anno
1968 3389 2131 3447 Urbis

550 3483 676 3547 7N,
710 3483 928 3540 Juliano
949 3485 983 3540 6
1006 3502 1020 3544 :
1049 3501 1158 3554 quo
1185 3485 1346 3541 desiit
1371 3485 1696 3556 Olympiadis
1729 3484 1832 3539 184
1856 3499 2033 3540 annus
2058 3498 2132 3548 tv,

548 3585 606 3632 et
659 3577 928 3648 olympias
972 3577 1076 3633 185
1127 3578 1312 3648 erepit.
1342 3577 1513 3633 Homa
1559 3579 1612 3632 in
1659 3577 2002 3633 Palaestinam
2043 3592 2132 3631 re-

549 3685 744 3726 versus
763 3669 1004 3726 lierodes
1025 3686 1149 3726 cum
1174 3672 1445 3740 Antigono
1474 3669 1677 3725 bellum
1701 3670 1901 3740 gessit:
1931 3670 2130 3734 donec,

551 3763 845 3834 adiuvante
885 3764 1066 3830 Sosio,
1101 3772 1256 3834 capta
1290 3764 1423 3818 urbs
1445 3773 1547 3829 est,
1569 3773 1624 3818 et
1653 3765 1960 3834 Antigonus
1987 3765 2134 3819 occi-

553 3875 830 3922 sus.anno
847 3858 1162 3923 sabbatieo;
1199 3857 1436 3929 Agrippa
1475 3866 1527 3910 et
1549 3855 1781 3911 Canidio
1804 3856 2134 3918 Gallocoss.,

551 3952 849 4026 olympiad.
896 3951 1020 4018 185,
1071 3966 1259 4006 mense
1315 3950 1496 4014 lr.l‘ll0,
1550 3951 1616 4021 τῇ
1667 3949 1830 4020 ἑορτῇ
1883 3948 1982 4019 τῆς
2035 3964 2134 4017 νη-

555 4047 759 4110 στείας.
783 4045 879 4100 llic
901 4055 984 4100 cst
1013 4059 1191 4098 annus
1213 4041 1376 4098 Urbis
1400 4041 1524 4104 7l7,
1549 4040 1802 4098 Julianus
1834 4041 1898 4108 9;
1927 4041 2132 4111 olymp.

553 4137 659 4192 185
691 4141 868 4193 annus
903 4153 961 4191 lli
997 4135 1277 4199 desinens,
1309 4144 1364 4190 et
1411 4134 1589 4189 iniens
1619 4151 1690 4198 tv,
1720 4132 1928 4204 periodi
1963 4130 2136 4187 Julia-

557 4246 640 4286 ηεξ
665 4230 828 4297 4677,
855 4245 966 4300 quo
1019 4229 1276 4284 currebat
1323 4227 1658 4292 sabbatieus,
1691 4227 1843 4296 cyclo
1894 4226 2036 4281 lunas
2078 4225 2134 4279 5.

554 4320 656 4377 Dio
687 4336 818 4376 vero
853 4321 992 4375 libro
1024 4335 1149 4374 xu:
1180 4317 1556 4388 Hierosolyma
1590 4324 1746 4386 capta
1780 4332 1901 4372 esse
1946 4316 2137 4371 scribit

557 4430 702 4470 anno
745 4413 1118 4477 antecedente,
1144 4411 1374 4466 Claudio
1420 4421 1475 4465 et
1517 4408 1775 4465 Norbano
1820 4424 1992 4472 coss.,
2034 4407 2134 4463 Ju-

557 4509 704 4562 liano
732 4507 786 4562 8.
815 4505 920 4562 Sed
965 4505 1229 4563 sabbatici
1260 4505 1390 4558 anni
1435 4504 1720 4560 character
1749 4501 1988 4574 Josepho
2016 4501 2134 4558 suf-

555 4601 822 4671 fragatur.

629 4693 894 4762 Deinceps
933 4689 1139 4761 aliquot
1170 4689 1403 4746 Herodis
1451 4689 1579 4744 anni
1629 4688 1952 4745 nominatim
1985 4703 2014 4741 a
2043 4685 2137 4742 Jo-

554 4785 727 4856 sepbo
757 4783 1160 4852 concipiuntur.
1187 4780 1366 4838 Veluti
1386 4782 1526 4838 libro
1567 4797 1655 4844 xv,
1697 4796 1817 4852 cap.
1861 4781 1914 4847 7,
1956 4795 2136 4835 annus

553 4877 762 4933 Actiaci
811 4876 1005 4946 praelii,
1033 4875 1126 4946 qui
1176 4883 1261 4930 est
1293 4873 1545 4930 Julianus
1577 4873 1666 4937 15,
1708 4871 1940 4929 Herodis
1981 4873 2136 4944 regni

552 4970 818 5040 septimus
875 4978 1128 5023 vocatur.
1170 4965 1303 5024 item
1339 4967 1480 5022 libro
1533 4983 1622 5032 xv,
1663 4982 1781 5036 cap.
1826 4965 1913 5024 l2.
1932 4965 2137 5021 mentio

554 5065 614 5118 lit
644 5061 771 5117 anni
806 5077 903 5115 xm
929 5059 1157 5116 Herodis
1193 5077 1207 5113 :
1247 5074 1421 5129 quem.
1443 5057 1708 5129 Keplerus
1729 5072 1931 5112 annum
1965 5055 2137 5111 fuisse

554 5154 748 5226 probat
769 5152 1044 5208 lulianum
1075 5151 1167 5218 2i,
1194 5151 1360 5208 Urbis
1410 5149 1533 5204 729.
1566 5149 1636 5202 At
1667 5164 1788 5218 cap.
1832 5147 2135 5213 15,deeimi

554 5245 795 5315 septimi,
824 5243 907 5298 vel
941 5242 1138 5297 decimi
1179 5241 1357 5297 octavi
1387 5240 1666 5305 meminit,
1702 5239 1799 5310 τῆς
1831 5238 1998 5292 αὐτοῦ
2042 5238 2138 5309 βα-

555 5333 762 5398 σιλείας
791 5333 855 5397 ιζ’
887 5331 1250 5403 παρελθόντος
1289 5329 1465 5394 ἔτους,
1489 5330 1542 5384 id
1577 5338 1660 5384 est
1692 5328 1949 5383 inchoato
1978 5344 2133 5384 xvrn.

552 5427 675 5494 Quo
707 5426 927 5497 quidem
960 5423 1227 5480 Zenodori
1259 5422 1612 5477 tetrarchiam
1635 5431 1828 5476 nactus
1855 5429 1959 5476 est.
1980 5420 2136 5489 Apud

555 5519 780 5574 Dionem
822 5519 874 5574 id
931 5517 1129 5573 accidit
1177 5532 1323 5572 coss.
1371 5515 1602 5585 Apuleio
1655 5523 1708 5569 et
1762 5513 1939 5581 Silio;
1974 5511 2138 5569 Urbis

555 5611 680 5677 754,
711 5609 931 5666 Juliano
983 5609 1074 5666 26.
1117 5610 1389 5678 Keplerus
1419 5609 1474 5664 in
1527 5605 1760 5663 Herodis
1791 5622 1994 5661 annum
2025 5622 2136 5661 xvu

555 5703 801 5769 confert;
851 5705 1082 5772 ideoque
1131 5711 1258 5759 ante
1285 5701 1484 5769 Nisan;
1516 5701 1658 5756 unde
1706 5699 1935 5756 Herodis
1963 5715 2137 5755 annos

559 5795 852 5866 losepbum
882 5795 1158 5864 auspicari
1184 5803 1359 5866 putat.
1389 5795 1545 5862 Quod
1578 5793 1716 5848 nihil
1761 5801 1846 5850 est
1889 5807 2132 5859 necesse.

561 5885 695 5942 Nam
733 5886 1091 5957 παρελοάντος
1146 5887 1239 5941 τοῦ
1277 5888 1428 5951 ἔτους
1485 5884 1548 5950 ιζ’
1580 5883 1798 5957 scripsit
1842 5882 2132 5954 Iosephus,

2234 3321 2383 3377 abeo
2407 3333 2583 3383 anno,
2605 3331 2716 3387 quo
2746 3314 2966 3369 Actiaca
2996 3324 3176 3381 pugna
3209 3304 3525 3378 profligatus
3553 3308 3637 3356 est
3656 3298 3817 3351 Anto-

2233 3412 2360 3469 nius
2379 3430 2394 3478 ;
2413 3412 2660 3475 Augusto
2687 3405 2777 3473 111,
2799 3416 2852 3462 et
2868 3403 3097 3460 Messala
3123 3415 3292 3464 coss.,
3309 3397 3510 3468 olymp.
3534 3391 3816 3455 i87,anno

2236 3522 2274 3561 ll
2307 3520 2322 3556 :
2367 3502 2483 3569 Quo
2499 3516 2563 3557 ea:
2592 3510 2822 3568 tempore
2837 3494 3065 3550 Herodis
3087 3493 3214 3546 anni
3237 3487 3505 3544 numerari
3529 3494 3784 3554 creperum.
3799 3499 3817 3543 ;

2233 3604 2509 3665 propterea
2581 3589 2720 3664 quod
2760 3605 2881 3644 eum
2927 3588 3196 3656 Augustus
3244 3597 3311 3636 ea:
3365 3574 3816 3634 senatusconsulto

2238 3689 2556 3752 rescidisset,
2588 3686 2846 3754 irritaque
2873 3679 3196 3736 reddidisset
3217 3691 3336 3746 quae
3370 3674 3434 3728 ab
3470 3671 3695 3725 Antonio
3727 3685 3814 3739 ge-

2235 3793 2322 3839 sta
2342 3792 2517 3847 erant,
2546 3797 2651 3835 non
2681 3779 2833 3832 licuit
2869 3773 3073 3829 Herodi
3101 3787 3226 3826 suos
3257 3784 3422 3824 annos
3451 3781 3723 3820 numerare
3751 3765 3814 3815 ab

2237 3893 2296 3932 eo
2319 3887 2572 3944 tempore,
2609 3889 2712 3944 quo
2741 3871 2806 3926 ab
2838 3869 3072 3925 Antonio
3105 3879 3325 3936 regnum
3355 3861 3556 3930 accepit
3585 3875 3603 3912 :
3632 3857 3719 3912 sed
3751 3856 3816 3908 ab

2237 3981 2296 4020 eo
2317 3965 2517 4035 potius,
2547 3978 2649 4033 quo
2671 3962 2736 4015 ab
2762 3960 3021 4030 Augusto,
3047 3964 3097 4010 et
3125 3970 3191 4008 es
3215 3948 3672 4008 senatusconsulto
3699 3963 3820 4000 rur-

2237 4074 2328 4112 sus
2376 4056 2514 4111 idem
2561 4054 2697 4108 illud
2751 4067 2965 4124 regnum
2997 4049 3218 4119 adeptus
3249 4056 3346 4101 est.
3388 4043 3515 4099 Haec
3567 4039 3817 4096 Annales.

2237 4147 2372 4216 Qua:
2401 4162 2508 4202 non
2535 4146 2718 4200 minus
2740 4159 2950 4208 secum,
2981 4155 3146 4212 quam
3177 4153 3304 4194 eum
3331 4133 3570 4192 historiae
3595 4132 3822 4187 veritate

2239 4245 2502 4310 pugnant.
2532 4234 2650 4293 Non
2676 4237 2824 4291 enim
2863 4241 3230 4291 consentanea
3261 4230 3365 4284 ista
3391 4235 3558 4283 sunt:
3594 4222 3825 4280 Herodis

2237 4330 2544 4387 initiumab
2567 4344 2633 4386 eo
2669 4339 2912 4400 tempore
2942 4327 3229 4388 deducere,
3257 4336 3368 4391 quo
3399 4321 3452 4374 in
3494 4317 3720 4390 gratiam
3753 4314 3825 4369 ab

2239 4423 2487 4492 Augusto
2516 4427 2770 4489 receptus
2800 4427 2906 4482 est,
2934 4431 3060 4472 cum
3093 4415 3146 4469 in
3168 4412 3422 4467 Rhodum
3466 4410 3532 4464 ad
3562 4423 3687 4464 eum
3721 4421 3823 4461 na-

2239 4515 2476 4585 vigasset
2505 4529 2518 4565 :
2547 4521 2602 4568 et
2641 4513 2788 4568 hunc
2809 4525 3009 4566 annum
3049 4523 3170 4565 esse
3208 4507 3389 4576 ipsum
3415 4517 3679 4566 asserere,
3711 4515 3824 4569 quo

2170 4613 2214 4668 D
2243 4609 2421 4662 victus
2443 4613 2528 4661 est
2561 4604 2628 4659 ad
2663 4605 2878 4660 Actium
2906 4601 3200 4664 Antonius,
3233 4597 3478 4668 Augusto
3508 4592 3574 4646 111
3603 4602 3657 4648 et
3683 4590 3825 4645 Mes-

2241 4696 2354 4751 sala
2387 4710 2534 4751 coss.
2576 4692 2719 4761 Non,
2745 4695 2991 4763 inquam,
3017 4689 3209 4746 eodem
3251 4701 3417 4751 anno,
3465 4699 3575 4754 quo
3601 4683 3822 4737 Actiaca

2239 4787 2470 4842 victoria
2497 4785 2746 4857 contigit,
2776 4783 2942 4839 Urbis
2973 4783 3096 4849 723,
3127 4781 3220 4835 sed
3254 4776 3505 4849 sequenti
3527 4775 3632 4830 724
3654 4772 3824 4830 Hero-

2239 4879 2337 4934 des
2370 4879 2617 4949 Augusto
2651 4876 3039 4933 reconciliatus
3092 4883 3192 4928 est.
3219 4869 3357 4926 Nam
3394 4878 3518 4942 post
3542 4869 3823 4923 Actiacam

2239 4970 2448 5027 cladem
2505 4969 2802 5024 Antonium
2839 4967 3064 5022 minime
3096 4967 3377 5032 destituit;
3443 4964 3537 5020 sed
3594 4963 3648 5016 in
3701 4961 3824 5031 ejus

2241 5064 2346 5118 lide
2375 5061 2712 5131 permansit:
2774 5059 2937 5130 idque
2985 5059 3150 5113 etiam
3183 5057 3325 5128 apud
3357 5057 3660 5127 Augustum
3703 5054 3823 5123 glo-

2242 5155 2414 5208 riatus
2442 5161 2553 5218 est,
2581 5151 2643 5204 τδ
2696 5150 2818 5222 μηδ’
2845 5149 3147 5221 ἡττηθέντα
3179 5148 3275 5220 τὴν
3308 5150 3366 5202 ὲν
3406 5149 3606 5220 Ἀκτίῳ
3641 5146 3823 5217 μάχην

2241 5245 2579 5309 καταλιπεῖν,
2608 5243 2744 5314 μηδὲ
2771 5242 3188 5314 συμμεταϐῆναι
3215 5243 3333 5304 ταῖς
3358 5239 3823 5311 ἐλπίσι,φανερῶς

2239 5339 2343 5410 ἤδη
2372 5334 2801 5408 μεταϐαινούσης
2832 5335 2932 5405 τῆς
2965 5334 3134 5406 τύχης
3165 5375 3179 5398 ,
3205 5335 3280 5388 ait
3311 5332 3583 5404 Joscphus
3609 5332 3703 5386 lib.
3729 5347 3820 5392 xv,

2241 5443 2360 5497 cap.
2401 5426 2485 5482 l0.
2519 5425 2700 5492 Quare
2727 5440 2873 5480 anno
2893 5425 3113 5481 demum
3149 5424 3309 5479 Urbis
3339 5424 3463 5490 724,
3484 5421 3701 5478 Juliano
3731 5422 3821 5487 16,

2241 5519 2309 5574 ab
2337 5519 2588 5588 Augusto
2616 5528 2811 5589 prteter
2849 5533 3001 5589 spem
3041 5533 3266 5588 regnum
3307 5516 3383 5570 illi
3415 5515 3819 5576 confirmatum,

2239 5619 2295 5664 et
2323 5619 2548 5666 senatus
2598 5610 2818 5666 decreto
2866 5609 3283 5664 eorroboratum
3335 5617 3420 5663 est
3455 5625 3470 5662 :
3503 5622 3611 5662 non
3638 5607 3710 5660 ita
3741 5615 3823 5660 ta-

2241 5715 2388 5768 men,
2421 5709 2482 5755 ut
2519 5714 2720 5754 novum
2753 5699 2877 5753 inde
2907 5699 3060 5770 regni
3096 5697 3323 5753 Herodis
3357 5695 3574 5751 initium
3621 5695 3821 5766 repeti-

2240 5804 2355 5848 tum
2412 5789 2610 5862 fuerit;
2643 5794 2789 5864 quod
2838 5793 2888 5849 ei
2947 5809 3226 5863 nunquam
3281 5791 3558 5861 Augustus
3598 5789 3817 5860 eripuit.

2242 5885 2400 5951 Quod
2428 5885 2473 5942 si
2500 5886 2626 5942 anni
2657 5887 2732 5941 illi
2759 5901 2939 5942 sxxvu
2975 5886 3044 5942 ab
3072 5886 3303 5942 Actiacae
3333 5884 3504 5942 eladis
3543 5898 3684 5940 anno
3713 5898 3820 5938 nu-
