4118 6402
372 443 467 504 321

1534 444 1623 500 DE
1662 445 1850 503 ANNO
1885 445 2147 504 NATALI
2187 445 2482 503 CHRISTI.

3545 430 3654 489 9:73

373 555 618 614 merandi
657 556 865 626 forent;
891 566 1222 630 postremus,
1256 561 1362 618 hoe
1391 570 1476 618 est
1514 565 1826 622 tricesimus
1865 582 1956 622 se-
1986 570 2034 629 Α
2063 565 2171 636 ljar
2200 565 2401 622 Juliani
2430 539 2712 637 sequentis
2756 557 3128 626 ordiri.Quod
3161 556 3210 612 si
3240 569 3432 610 verum
3457 561 3605 608 esset
3634 594 3650 617 ,

373 650 598 721 ptimus,
621 665 728 704 non
761 650 829 704 ab
855 667 1002 707 anno
1029 653 1267 724 vulgaris
1299 671 1420 710 terte
1444 666 1659 721 octavo,
1693 659 1787 714 sed
1818 675 1966 714 nono

373 740 622 796 inchoari
669 740 896 806 debuit;
953 741 1170 800 Juliano
1217 746 1305 801 52.
1342 746 1580 804 Tametsi
1612 749 1745 804 illud
1779 751 1966 805 animo

373 832 724 902 repetendum
754 848 766 882 :
805 851 1007 890 annum
1043 836 1217 903 illum,
1251 840 1344 909 qui
1376 839 1429 894 in
1481 840 1782 898 Annalibus
1811 853 1964 898 octa-

373 936 474 975 vus
503 936 533 974 a
573 919 748 975 Natali
783 921 988 979 Christi
1010 926 1232 992 dicitur,
1252 944 1374 984 aerae
1391 929 1721 987 Christianae
1745 942 1962 988 sextum

372 1025 516 1077 esse,
551 1021 606 1066 et
631 1028 838 1067 nonum
867 1005 1054 1081 istum,
1089 1019 1419 1088 septimum;
1457 1021 1510 1075 id
1540 1023 1689 1092 quod
1723 1039 1787 1078 ex
1813 1024 1968 1078 bien-

374 1105 452 1158 nii
479 1105 599 1160 labe
630 1107 911 1174 manavit,
943 1108 1010 1165 de
1031 1125 1139 1181 qua
1173 1127 1339 1181 supra
1371 1113 1967 1184 disputavimus.Unde

375 1212 443 1252 ex
472 1197 764 1254 Annalium
808 1204 1096 1288 sententia,
1140 1203 1373 1262 Herodis
1427 1209 1610 1264 obitus
1662 1209 1718 1263 in
1760 1225 1964 1264 annum

376 1291 740 1350 conferendus
771 1305 853 1351 est
882 1295 1158 1351 Julianum
1185 1298 1276 1361 59.,
1313 1299 1396 1354 vel
1426 1299 1515 1364 55,
1549 1302 1595 1356 si
1625 1303 1964 1371 septuagesi-

378 1400 526 1439 mum
554 1385 872 1456 expleverit.
913 1388 1080 1459 Atqui
1107 1390 1266 1459 longe
1304 1401 1430 1447 ante
1459 1394 1562 1448 hoc
1608 1402 1819 1463 tempus
1860 1393 1967 1448 He-

377 1478 538 1534 rodes
567 1480 720 1536 obiit.
773 1479 988 1536 Etenim
1028 1481 1362 1548 Archelaus,
1417 1484 1512 1555 qui
1559 1495 1682 1556 post
1712 1485 1969 1555 {parentis

379 1578 611 1624 mortem
645 1571 942 1629 ethnarcha
967 1575 1036 1629 ab
1067 1575 1314 1647 Augusto
1345 1576 1524 1633 factus
1551 1586 1654 1643 est,
1709 1592 1854 1632 anno
1879 1593 1966 1632 re-

378 1660 469 1728 gni
530 1660 616 1716 sui
665 1664 1134 1728 nonoinchoato,
1199 1677 1258 1722 ut
1313 1683 1378 1724 ex
1429 1667 1672 1739 Josepho
1723 1670 1819 1724 lib.
1852 1686 1962 1724 xvn

380 1746 685 1820 Orig.,cap.
715 1749 804 1816 15,
834 1761 888 1807 et
909 1767 947 1806 ιι
989 1754 1355 1828 Ἀλώσηοειρ.
1384 1758 1468 1821 li,
1498 1768 1667 1830 patet,
1698 1759 1962 1816 Viennam

377 1841 652 1911 relegatus
685 1852 804 1909 est;
841 1844 1004 1915 idque
1026 1845 1128 1903 Dio
1157 1849 1407 1904 evenisse
1435 1851 1628 1905 scribit
1649 1851 1720 1905 Μ.
1763 1851 1966 1923 Lepido

379 1939 436 1986 et
463 1931 524 1986 L.
561 1933 824 1992 Arruntio
870 1951 1040 2005 coss.,
1087 1937 1304 1996 Juliano
1332 1941 1422 2005 Si,
1465 1942 1560 2011 qui
1595 1957 1772 1998 annus
1804 1945 1966 1999 morti

381 2022 610 2080 Herodis
637 2025 692 2081 in
723 2025 1019 2083 Annalibus
1048 2031 1358 2102 assignatur
1385 2050 1398 2085 :
1425 2047 1549 2087 cum
1582 2042 1751 2087 ante:
1777 2047 1972 2101 annos,

381 2119 640 2173 nimirum
670 2116 887 2174 Juliano
908 2119 1000 2184 42,
1037 2131 1312 2177 mortuum
1353 2137 1474 2178 esse
1506 2122 1771 2179 Herodem
1801 2141 1970 2196 opor—

382 2212 567 2276 tuerit,
616 2212 661 2268 si
702 2210 1007 2269 Archelaus
1039 2229 1094 2268 ix
1143 2214 1213 2268 ab
1265 2215 1357 2268 illo
1405 2229 1582 2270 annos
1639 2215 1966 2285 impleverit.

382 2300 528 2356 idem
555 2310 609 2358 et
650 2317 716 2357 ex
747 2301 979 2372 Philippi
1012 2303 1320 2371 tetrarchae,
1352 2303 1581 2360 Herodis
1615 2305 1970 2378 lilii,imperio

383 2393 561 2465 colligi
585 2404 782 2464 potest.
817 2393 916 2450 Hic
949 2395 1094 2450 enim
1132 2407 1356 2452 auctore
1379 2395 1643 2467 Josepho,
1675 2398 1769 2452 lib.
1808 2415 1967 2465 xvm,

383 2501 504 2556 cap.
538 2485 592 2548 6,
621 2486 853 2541 moritur
882 2503 1028 2542 anno
1063 2486 1264 2542 Tiberii
1292 2505 1396 2554 xx;
1450 2489 1738 2558 imperavit
1787 2500 1969 2545 autem

384 2591 562 2632 annos
598 2593 806 2633 xxxvii.
839 2577 1042 2634 Tiberii
1085 2594 1251 2649 porro
1276 2580 1490 2650 primus
1537 2581 1660 2636 iniit
1700 2597 1846 2636 anno
1873 2581 1970 2637 Ju-

385 2667 531 2725 liano
558 2669 665 2737 59;
695 2671 992 2727 vicesimus
1039 2680 1243 2732 autem,
1295 2670 1516 2728 Juliano
1545 2672 1614 2727 78
1645 2691 1658 2728 :
1703 2689 1815 2743 quo
1850 2675 1973 2742 qui-

386 2759 531 2824 dem,
560 2761 642 2815 vel
673 2763 945 2832 sequenti,
974 2761 1259 2834 Philippus
1281 2763 1438 2820 obiit.
1467 2763 1646 2834 Coepit
1672 2765 1842 2835 igitur
1874 2764 1972 2821 Ju—

387 2850 536 2908 liano
560 2853 671 2909 42:
735 2869 845 2924 quo
883 2854 1048 2909 etiam
1105 2871 1252 2911 anno
1300 2855 1522 2926 eclipsis
1576 2856 1666 2912 illa
1721 2858 1970 2929 contigit,

389 2946 554 3017 paulo
577 2955 703 3002 ante
724 2947 968 3015 Pascha;
998 2962 1144 3018 quae,
1169 2947 1436 3003 utscribit
1464 2945 1760 3020 Iosephus,
1799 2948 1973 3005 Hero-

390 3037 476 3092 dis
503 3046 741 3094 mortem
766 3041 1078 3096 antecessit.
1109 3039 1242 3107 Quae
1264 3041 1472 3106 omnia,
1501 3050 1560 3096 ut
1581 3051 1635 3096 et
1671 3042 1776 3097 alia
1801 3043 1975 3113 plera-

391 3147 499 3203 que
523 3133 734 3190 erudite
761 3150 794 3190 a
819 3133 1052 3192 Dekerio
1096 3146 1310 3201 nostro,
1368 3144 1420 3190 et
1472 3133 1704 3204 Keplero
1744 3136 1972 3191 demon—

2068 672 2255 728 posset
2293 659 2436 714 idem
2465 668 2518 714 et
2543 659 2608 712 ad
2634 655 2838 711 Tiberii
2859 668 2922 707 ac
2950 650 3186 720 Philippi
3229 660 3406 702 annos
3436 656 3654 699 accom—

2069 751 2279 806 modari
2317 768 2332 804 :
2371 750 2710 820 proindeque
2739 744 2944 801 Tiberii
2992 744 3204 812 primus
3235 754 3302 794 ex
3346 743 3527 791 mente
3557 732 3656 788 Jo-

2067 843 2222 912 sephi
2249 842 2318 898 ab
2346 843 2453 913 ljar
2491 842 2618 895 anni
2640 838 2842 894 Juliani
2865 837 2935 892 60
2966 834 3238 891 ineundas
3267 836 3447 894 esset,
3487 834 3542 880 et
3570 825 3653 878 vi-

2067 937 2309 992 cesimus
2342 936 2411 989 ab
2463 932 2572 1004 ljar
2601 931 2806 987 Juliani
2839 931 2935 996 79;
2980 943 3044 982 ae
3091 924 3324 992 denique
3363 919 3572 989 primus
3603 926 3656 972 et

2068 1028 2363 1083 vicesimus
2394 1027 2462 1080 ab
2487 1025 2590 1096 Ijar
2609 1023 2810 1079 Juliani
2839 1021 2910 1076 80
2939 1041 2950 1076 :
2985 1026 3109 1073 ante
3139 1031 3298 1086 quem
3322 1012 3508 1066 obitus
3537 1009 3657 1062 Phi-

2069 1121 2199 1190 lippi
2237 1119 2617 1189 conjiciendus
2651 1123 2821 1181 esset,
2859 1127 3002 1167 anno
3045 1107 3290 1180 ejusdem
3332 1118 3513 1158 xxxv"
3541 1102 3652 1170 jam

2060 1215 2283 1284 expleto
2315 1211 2512 1282 :cujus
2539 1210 2750 1280 primus
2791 1221 2968 1262 annus
2990 1204 3058 1258 ab
3104 1201 3210 1270 ljar
3234 1197 3436 1253 Juliani
3465 1194 3536 1295 61")
3575 1193 3658 1247 iu-

2067 1308 2355 1362 choandus
2415 1304 2620 1357 fuerit:
2657 1299 2876 1356 tametsi
2918 1295 3160 1350 llerodes
3182 1305 3324 1346 anno
3350 1301 3656 1356 superiore,

2069 1400 2173 1454 hoc
2207 1407 2290 1454 est
2317 1397 2388 1451 42
2413 1394 2746 1458 decesserit;
2780 1397 3069 1460 propterea
3098 1381 3245 1452 quod
3279 1379 3518 1434 maxima
3545 1377 3656 1446 jam

2069 1490 2263 1545 aﬂ'ecta
2293 1490 2422 1544 anni
2454 1489 2522 1542 42
2546 1496 2720 1557 parte,
2749 1491 2803 1537 et
2826 1490 2947 1551 post
2990 1477 3096 1546 ljar
3135 1473 3423 1543 Philippus
3465 1477 3661 1523 tetrar-

2068 1585 2248 1640 chiam
2280 1583 2417 1638 adiit
2445 1598 2459 1634 :
2494 1583 2729 1649 ideoque
2753 1576 2824 1630 ab
2859 1573 2967 1644 ljar
3010 1577 3271 1639 sequente
3311 1565 3520 1636 primus
3553 1576 3661 1616 nu-

2071 1675 2269 1731 merari
2304 1675 2488 1754 coepit.
3149 1751 3172 1756 _
3312 1750 3325 1756 _
3418 1745 3448 1756 κ
3526 1745 3557 1756 ..

2148 1769 2256 1824 Sed
2287 1784 2350 1823 ea
2377 1745 2728 1836 computandi
2759 1759 2922 1824 ratio,
2952 1771 3117 1826 quam
3145 1750 3385 1821 Josepho
3416 1745 3662 1814 Scaliger

2071 1862 2311 1933 aliingit,
2359 1860 2686 1915 auctoritate
2733 1862 2884 1910 caret
2930 1870 2943 1906 :
2990 1849 3272 1914 multoque
3313 1837 3665 1933 verisimilius

2075 1964 2160 2010 est
2202 1927 2547 2008 vnumerandi
2623 1949 2839 2004 initium
2892 1945 2961 1998 ab
3025 1954 3091 1995 eo
3141 1937 3312 1991 Nisan
3368 1931 3510 2000 apud
3561 1927 3659 2028 Jo-

2073 2048 2303 2117 sephum
2335 2043 2554 2106 deduci,
2587 2041 2682 2111 qui
2723 2036 2956 2094 Herodis
2998 2029 3289 2117 exordium
3338 2027 3662 2082 antecessit,

2071 2115 2234 2208 quam
2268 2137 2337 2190 ab
2359 2150 2426 2191 eo
2468 2147 2679 2197 mense,
2713 2130 2802 2200 qui
2841 2135 3068 2183 secutus
3110 2129 3210 2174 est.
3347 2122 3658 2208 quanquam

2073 2198 2355 2300 Scaligero
2385 2224 2756 2281 concedamus
2781 2218 2999 2281 omnia,
3034 2211 3268 2284 pessime
3301 2206 3350 2261 is
3384 2198 3663 2300 tamen-de

2071 2291 2304 2376 Herodis
2328 2319 2490 2373 annis
2521 2318 2627 2371 hoc
2661 2313 2826 2368 modo
2861 2307 3224 2364 ratiocinatus
3246 2297 3524 2355 estzbicet
3551 2291 3660 2345 He-

2073 2415 2224 2472 rodes
2267 2429 2297 2466 a
2323 2422 2510 2465 senatu
2556 2424 2648 2461 rea;
2684 2407 2860 2474 factus
2893 2403 2959 2456 sit
3005 2397 3149 2470 cyclo
3195 2394 3280 2460 I9,
3325 2390 3422 2443 hoc
3454 2394 3531 2440 est
3562 2381 3664 2436 Ju-

2071 2505 2217 2559 liano
2247 2503 2303 2569 6,
2338 2501 2545 2572 periodi
2575 2497 2692 2553 Jul.
2720 2494 2887 2560 4674,
2921 2501 3094 2545 tamen
3125 2482 3411 2577 Josepltum
3443 2491 3544 2530 non
3577 2489 3664 2577 or-

2072 2599 2179 2653 diri
2202 2613 2371 2651 annos
2406 2592 2659 2656 Herodis,
2687 2589 2794 2644 nisi
2828 2603 2861 2640 a
2901 2584 3104 2643 Nisan,
3135 2578 3212 2633 vel
3246 2575 3274 2629 1
3273 2575 3367 2644 jar
3401 2575 3665 2641 sequentis

2074 2689 2225 2752 anni,
2258 2685 2406 2758 cgclo
2438 2701 2477 2740 ι.
2509 2682 2644 2737 Cum
2683 2687 2885 2741 autem,
2917 2666 3145 2742 Joscplw
3191 2677 3343 2758 teste,
3379 2677 3544 2716 annos
3576 2672 3664 2711 so-

2073 2777 2215 2833 lidos
2281 2755 2469 2831 sum
2525 2768 2845 2842 regnaverit,
2901 2780 2967 2819 ea;
3023 2777 3127 2834 quo
3181 2755 3482 2811 declaratus
3532 2763 3665 2811 rex;

2075 2887 2236 2926 nxrv
2267 2885 2410 2931 vero,
2454 2881 2648 2936 eosque
2691 2860 2916 2926 solidos,
2955 2874 2988 2910 a
3022 2854 3189 2924 captis
3223 2868 3257 2906 a
3285 2847 3438 2944 Sosio
3481 2842 3670 2944 Hiero-

2074 2961 2323 3033 solymis;
2361 2931 2644 3012 decesserit
2676 2968 2795 3008 vero
2851 2957 2975 3004 ante
3008 2944 3240 3006 Pascha,
3277 2937 3512 3036 nondum
3547 2931 3668 3036 [iur

2075 3023 2329 3114 inslante',
2360 3049 2452 3120 qui
2487 3047 2592 3116 fuit
2615 3045 2857 3114 princeps
2881 3038 3140 3094 mensium
3166 3043 3393 3102 tempore
3411 3023 3667 3124 losepliic
3729 3029 3739 3052 ‘-

2080 3114 2382 3211 manifesto'
2411 3114 2706 3207 colligitur,
2749 3132 2995 3203 proximo
3042 3126 3160 3196 ljar
3197 3137 3395 3178 annum
3438 3114 3665 3211 Herodis

393 3231 638 3280 strantur
710 3240 813 3282 nos
841 3227 1096 3298 privatim
1127 3243 1192 3283 ac
1223 3227 1514 3298 diligenter
1565 3242 1798 3283 excussa
1834 3229 1966 3285 deli-
2001 3264 2045 3323 ρ
2082 3249 2287 3291 xxxviii
2320 3233 2580 3286 initurum
2616 3227 2799 3297 fuisse.
2828 3223 2918 3294 qui
2949 3235 3128 3323 νςυενα
3159 3224 3273 3323 "af
3305 3225 3536 3323 “‘“ﬁa

396 3315 526 3372 bare
576 3315 669 3376 hic
737 3334 963 3376 necesse
995 3321 1309 3378 habuimus.

461 3400 665 3461 Verum
694 3409 842 3478 quod
873 3411 940 3465 ad
970 3427 1146 3468 annos
1176 3413 1410 3487 Philippi
1437 3425 1666 3486 spectat,
1692 3431 1815 3472 cum
1849 3432 1970 3472 eum

393 3495 664 3570 Josepbus
691 3498 996 3560 decessisse
1045 3506 1238 3562 scribit
1264 3523 1409 3564 anno
1443 3509 1647 3566 Tiberii
1684 3525 1750 3563 η
1771 3551 1787 3576 ,
1823 3523 1978 3562 men-

393 3590 523 3644 dum
553 3606 674 3647 esse
703 3593 936 3648 videtur.
962 3593 1096 3651 Nam
1146 3608 1397 3656 mortuus
1432 3613 1516 3657 est
1545 3602 1828 3672 Philippus
1856 3611 1977 3672 post

394 3684 738 3739 consulatum
768 3683 992 3752 Vitellii,
1045 3690 1142 3759 qui
1201 3693 1504 3749 secundum
1553 3696 1700 3750 hunc
1761 3694 1974 3765 Syriam

395 3774 836 3842 administravit,
885 3788 943 3834 ut
984 3792 1177 3836 auctor
1225 3793 1308 3840 est
1337 3783 1629 3856 Josephus.
1677 3789 1748 3841 At
1779 3785 1974 3841 Vitellii

395 3864 735 3932 consulatus,
765 3882 925 3936 quem
955 3884 1078 3924 cum
1110 3868 1278 3926 Fabio
1300 3871 1522 3928 Persico
1545 3872 1744 3944 gessit,
1774 3888 1976 3927 conve-

396 3955 478 4008 nit
505 3971 648 4013 anno
673 3957 834 4016 Urbis
861 3962 986 4028 787,
1014 3962 1230 4021 Juliano
1267 3965 1364 4032 79,
1419 3981 1530 4037 quo
1580 3965 1746 4020 desiit
1775 3964 1976 4021 Tiberii

398 4063 492 4112 xx,
514 4057 569 4103 et
596 4067 688 4106 xxi
713 4055 896 4123 carpit.
932 4055 1057 4113 Ideo
1074 4073 1180 4112 non
1207 4068 1333 4113 ante
1359 4069 1677 4128 sequentem
1697 4059 1979 4130 Philippus

397 4139 553 4194 obiit.
583 4141 827 4214 Scaliger
859 4145 954 4200 lib.
981 4163 1032 4213 v,
1061 4165 1185 4219 pag.
1221 4149 1431 4206 455.0e
1458 4153 1723 4205 emendat.
1744 4193 1760 4217 ,
1793 4153 1977 4224 legeu~

399 4236 528 4289 dum
557 4235 677 4290 sine
707 4237 817 4292 ullo
839 4237 1006 4295 dubio
1030 4251 1215 4320 censet
1245 4243 1480 4314 εἰκοστῷ
1510 4245 1604 4298 καὶ
1631 4245 1893 4316 δευτέρῳ,
1922 4254 1978 4300 ιιι

397 4333 485 4381 est
514 4327 656 4396 apud
699 4325 980 4384 Ruﬁnum.
1024 4329 1297 4388 Vitellium
1331 4335 1475 4389 enim
1501 4337 1782 4391 consulem
1811 4336 1981 4393 fuisse

398 4432 545 4472 anno
574 4418 777 4475 Tiberii
815 4438 905 4488 xx,
936 4421 1156 4481 Juliano
1184 4425 1286 4493 80;
1327 4428 1560 4482 missum
1606 4443 1737 4483 vero
1788 4428 1842 4482 in
1879 4427 1981 4483 Pa-

399 4509 664 4566 laestinam
687 4522 812 4582 post
850 4515 1231 4582 consulatum;
1265 4533 1375 4587 quo
1415 4528 1658 4589 tempore
1695 4517 1980 4589 Philippus

2077 3327 2172 3381 bus
2200 3324 2416 3381 aestivis.
2444 3321 2634 3390 Itaque
2654 3318 2750 3371 hoc
2776 3317 2930 3368 modo
2960 3310 3198 3364 Herodes
3220 3301 3500 3360 decesserit
3523 3312 3666 3390 anno

2077 3419 2212 3490 cgcli
2257 3433 2349 3472 xix
2386 3389 2598 3474 exacto,
2646 3410 2818 3480 primo
2856 3407 3091 3460 ineunte.
3135 3397 3374 3490 Subjicit
3415 3389 3663 3490 deinde:

2081 3481 2310 3567 ὁηιιιὶηο
2356 3508 2523 3579 igitur
2585 3502 2820 3558 Herodes
2865 3497 3090 3553 decessit
3145 3508 3284 3547 anno
3329 3486 3554 3579 Juliano
3594 3481 3669 3536 i5

2077 3611 2199 3658 ante
2247 3578 2446 3663 Nisan,
2483 3596 2629 3668 cyclo
2671 3594 2813 3648 luna:
2848 3591 3020 3659 primo
3062 3588 3297 3648 ineunte,
3333 3578 3460 3633 solis
3504 3589 3667 3668 nono,

2075 3694 2279 3765 periodi
2299 3666 2536 3747 Iulianis
2566 3687 2732 3742 4715.
2771 3685 2888 3747 Quo
2917 3682 3082 3736 etiam
3113 3693 3252 3730 anno
3286 3669 3495 3766 eclipsis
3527 3666 3667 3766 luam

2079 3761 2296 3853 contigit
2325 3779 2580 3836 Januarii
2609 3793 2704 3830 vm
2739 3776 2794 3828 in
2822 3771 2969 3842 cyclo
2997 3769 3297 3829 emendato,
3330 3761 3580 3816 Januarii
3610 3768 3664 3805 vt

2079 3880 2137 3932 iu
2164 3875 2310 3946 cyclo
2341 3874 2548 3928 vitioso.
2584 3868 2691 3924 Sed
2719 3868 2941 3937 eclipsis
2984 3864 3089 3918 ista
3120 3855 3367 3915 Januarii
3403 3868 3436 3950 ξ
3467 3862 3668 3950 (Horme-'-

2084 3969 2165 4024 nit
2195 3941 2269 4022 vin
2305 3967 2462 4037 cyclo
2495 3963 2808 4019 emendato.
2843 3959 3043 4013 Verum
3087 3961 3202 4007 tota
3239 3941 3668 4046 haeeScaligeri

2082 4059 2332 4116 collectio
2362 4057 2638 4126 implicata
2670 4068 2736 4108 ac
2766 4049 3060 4106 falsissima
3083 4052 3190 4099 est.
3239 4040 3448 4094 Etenim
3475 4045 3666 4101 quara-

2084 4153 2166 4208 vis
2196 4152 2389 4207 demus
2410 4148 2565 4215 illud,
2594 4146 2738 4216 quod
2767 4151 3109 4211 nequaquam
3141 4126 3524 4187 concedimus,
3572 4132 3670 4172 an-

2081 4261 2213 4301 num
2249 4242 2482 4298 Herodis
2508 4240 2746 4310 primum
2783 4235 2852 4289 ab
2875 4232 2998 4302 ‘ljar
3032 4226 3161 4284 anni
3195 4218 3398 4277 Juliani
3444 4225 3667 4314 vunn‘o-

2081 4335 2403 4392 morandum
2429 4348 2580 4399 esse;
2621 4330 2986 4395 eumdemque
3011 4332 3210 4391 regem
3244 4325 3428 4368 xxxvu
3463 4300 3670 4410 solidos

2083 4444 2258 4484 annos
2306 4427 2577 4496 explesse,
2625 4425 2770 4495 quod
2819 4434 2996 4490 neque
3035 4411 3308 4482 Iosephus
3344 4403 3670 4496 asserit,.ct

2083 4519 2252 4591 gratis
2287 4538 2316 4573 a
2357 4488 2658 4587 Scaligero-
2679 4488 2941 4586 ponitur;
2974 4508 3067 4564 sed
3103 4514 3162 4558 ut
3206 4502 3280 4554 ita
3324 4510 3446 4550 esse
3480 4488 3670 4591 creda-

399 4601 552 4667 obiit,
583 4599 801 4657 Juliano
837 4605 928 4662 8i.
960 4604 1218 4662 Deductis
1254 4623 1437 4662 xxxvn
1474 4610 1635 4664 annis
1674 4609 1983 4664 tetrarchia:
2017 4613 2060 4668 D
2087 4625 2235 4677 mus,
2271 4624 2554 4679 nunquam
2585 4615 2772 4662 tamen
2805 4601 3037 4658 Herodis
3061 4592 3373 4651 tricesimus
3399 4592 3670 4679 septimus

396 4691 653 4764 Philippi,
680 4695 1065 4768 relinquuntur
1097 4700 1225 4754 anni
1258 4715 1384 4754 κων
1413 4700 1650 4756 absoluti
1695 4719 1710 4754 :
1747 4700 1884 4755 adeo
1922 4707 1982 4753 ut

397 4801 499 4840 nv
527 4783 812 4858 Philippus
848 4788 1051 4845 inierit.
1079 4789 1194 4856 Qua
1227 4791 1282 4845 in
1316 4792 1731 4848 ratiocinatione
1778 4791 1977 4847 frustra

396 4887 482 4934 est
510 4877 772 4950 Scaliger.
821 4879 1098 4952 Siquidem
1121 4884 1444 4941 consulatus
1474 4883 1674 4940 Vitellii
1698 4901 1804 4943 non
1837 4899 1980 4938 armo

397 4967 616 5051 Juliano
669 4971 760 5040 80,
814 4973 911 5029 sed
946 4974 1014 5029 79
1043 4978 1325 5047 congruit;
1385 4976 1549 5033 Urbis
1601 4977 1726 5032 787.
1763 4976 1980 5031 Primus

397 5072 577 5119 autem
617 5062 869 5122 Julianus
905 5069 1071 5137 erepit
1130 5068 1292 5126 Urbis
1320 5071 1445 5126 709.
1478 5069 1636 5138 Quod
1694 5069 1742 5124 si
1777 5067 1977 5124 Tiberii

396 5172 544 5212 anno
597 5173 714 5212 χχιι
762 5169 1013 5215 mortuus
1047 5172 1130 5218 cst
1175 5161 1481 5234 Philippus,
1520 5163 1567 5218 is
1600 5163 1704 5216 erit
1727 5160 1978 5216 Julianus

395 5248 486 5315 80,
517 5250 604 5305 vel
632 5250 694 5305 8i
721 5267 736 5317 ;
777 5251 1190 5321 itaqueJuliauo
1226 5254 1317 5322 45,
1347 5255 1432 5310 vel
1462 5255 1531 5309 44
1563 5269 1790 5326 regnum
1825 5253 1979 5310 adie-

396 5343 488 5398 rit.
532 5341 638 5399 Sed
665 5351 727 5399 ut
755 5359 1038 5416 perperam
1068 5347 1210 5418 apud
1240 5346 1539 5417 Josephum
1569 5361 1748 5402 annus
1787 5364 1854 5402 xx
1880 5362 1978 5418 pro

395 5449 512 5489 xm
569 5435 826 5506 irrepsit:
883 5437 956 5492 ita
987 5437 1042 5492 in
1083 5439 1243 5498 annis
1291 5437 1527 5509 Philippi
1559 5439 1748 5494 vitium
1796 5439 1980 5496 inesse

395 5540 597 5601 potest,
654 5540 717 5587 ut
751 5531 1061 5604 Philippum
1107 5535 1387 5606 scripserit
1441 5550 1649 5590 xxxvm
1699 5535 1864 5592 annis
1893 5550 1981 5590 re-

396 5636 614 5691 gnasse.
641 5621 778 5678 Nam
821 5625 963 5695 apud
987 5625 1244 5682 Ruﬁnum
1274 5627 1555 5697 depravati
1587 5630 1801 5684 numeri
1825 5637 1975 5694 sunt,

395 5722 450 5768 et
478 5713 716 5787 Philippi
751 5733 929 5774 annus
958 5734 1070 5775 χιιι
1097 5736 1196 5791 pro
1229 5737 1379 5776 xxvii
1415 5723 1630 5794 legitur.
1666 5722 1808 5778 Idem
1847 5723 1979 5778 Sca-

395 5805 533 5876 liger
556 5805 789 5866 Herodis
830 5826 1006 5867 annos
1035 5811 1334 5884 Josephum
1362 5815 1642 5871 existimat
1667 5831 1776 5871 non
1805 5832 1834 5869 a
1877 5814 1979 5868 Ju-

397 5893 543 5953 liano
572 5897 689 5967 illo,
717 5899 774 5954 in
804 5915 966 5972 quem
989 5901 1108 5973 ejus
1136 5905 1496 5974 primordium
1537 5905 1752 5977 incidit,
1787 5906 1882 5963 sed
1909 5907 1978 5963 ab

2087 4675 2370 4766 desinens,
2409 4675 2465 4756 et
2499 4700 2677 4754 iniens
2707 4695 3021 4752 tricesimus
3051 4696 3278 4744 octavus
3307 4681 3360 4733 in
3391 4675 3667 4776 lulianum

2087 4795 2159 4848 45
2188 4793 2422 4859 incidet;
2456 4792 2551 4848 sed
2577 4793 2630 4846 in
2659 4791 2770 4846 με
2809 4789 2854 4846 si
2890 4784 3151 4841 nimirum
3200 4775 3265 4830 ad
3299 4788 3350 4824 Vl
3403 4768 3670 4866 alii“???

2089 4904 2323 4942 xxxvut.
2368 4885 2504 4941 Nam
2536 4886 2854 4942 tricesimus
2907 4888 3133 4936 octavus
3186 4867 3404 4925 Juliano
3448 4859 3671 4924 incipiet

2088 4981 2179 5037 44.
2212 4979 2395 5047 Quare
2416 4991 2498 5036 est
2524 4981 2639 5035 haec
2668 4976 2901 5047 insignis
2927 4965 3232 5039 ἀλογιστία.
3267 4959 3379 5060 Nec
3404 4955 3494 5060 illa
3521 4955 3669 5060 cert:

2089 5076 2271 5130 minor
2292 5119 2306 5141 ,
2340 5090 2450 5145 qua
2478 5072 2812 5128 Archelaum
2840 5065 3071 5122 Herodis
3095 5059 3155 5114 F.
3185 5069 3329 5112 anno
3354 5048 3570 5104 Juliano
3599 5048 3670 5093 ῦὸ

2086 5165 2374 5221 exsulasse
2413 5164 2628 5228 scribit,
2659 5177 2786 5218 cum
2823 5176 2876 5214 ix
2908 5156 3116 5212 solidos
3152 5149 3435 5219 regnasset
3469 5145 3664 5231 annos.

2085 5257 2390 5313 Archelaus
2406 5257 2552 5312 enim
2574 5270 2741 5326 regno
2759 5261 2956 5307 exutus
2972 5254 3077 5308 est,
3114 5237 3318 5309 Lepido
3339 5239 3395 5330 et
3409 5233 3669 5330 Armini—ro

2087 5363 2258 5414 coss.,
2290 5357 2352 5403 ut
2383 5356 2579 5403 auctor
2616 5318 2701 5400 evst
2749 5342 2871 5408 Dio,
2916 5350 3064 5394 anno
3103 5330 3330 5386 Juliano
3365 5318 3672 5414 Stipant-it

2087 5410 2254 5511 igitur
2279 5420 2503 5496 iuliano
2548 5437 2639 5492 42.
2691 5433 2850 5503 Quod
2895 5430 2942 5487 si
2985 5440 3130 5483 anno
3169 5419 3390 5476 Juliano
3435 5410 3525 5473 45,
3557 5417 3670 5506 quo

2087 5531 2360 5587 Herodem
2391 5529 2636 5600 Scaliger
2667 5523 2977 5582 excessisse
3003 5523 3181 5588 putat.
3223 5518 3453 5600 ιἐῧιηνη
3485 5512 3672 5566 ³³⁵9⁸⁸

2087 5635 2248 5682 catus
2281 5633 2428 5681 esset
2471 5621 2795 5684 Archelaus,
2835 5624 2892 5672 et
2923 5630 2978 5669 Ix
3028 5608 3235 5666 solidos
3271 5599 3546 5699 explesset
3574 5605 3680 5699 an-_

2089 5735 2214 5785 nos,
2247 5733 2358 5774 non
2398 5717 2445 5774 is
2487 5715 2708 5770 Juliano
2753 5711 2845 5777 53,
2879 5707 2973 5762 sed
3021 5703 3090 5760 54
3137 5699 3411 5769 relegatus
3447 5688 3664 5744 fuisset.

2085 5810 2193 5865 Par
2231 5820 2315 5867 est
2349 5809 2644 5867 oscitantis
2667 5848 2683 5873 ,
2719 5820 2844 5861 cum
2889 5799 3039 5856 addit
3077 5807 3282 5850 annum
3335 5785 3510 5847 illum,
3553 5791 3666 5873 illi“

2089 5905 2281 5976 pulsus
2337 5912 2421 5961 cst
2479 5869 2805 5965 Archelaus,
2857 5909 2981 5953 esse
3037 5890 3105 5946 ab
3161 5883 3385 5942 Actiaca
3439 5869 3668 5948 victoria
