4118 6402
473 432 582 488 925

1623 427 1966 486 APPENDIX
1986 424 2514 490 ,DlSSER'J-‘ATION
2525 433 2567 489 IS
2579 432 2649 490 Μ.

471 565 682 607 χχχιιι.
713 547 848 606 Nam
875 548 1149 622 Iosephus
1186 549 1284 606 lib.
1312 565 1469 614 χνιιι,
1495 564 1616 620 cap.
1651 551 1707 615 ὅ,
1737 549 2049 616 Quirinium

2161 563 2285 604 num
2343 550 2437 614 12,
2469 552 2554 606 vel
2602 552 2694 618 15,
2730 568 2916 623 a-quo-
2946 554 3012 610 ad
3057 555 3152 620 16,
3195 554 3294 626 qui-
3325 553 3601 612 Actiacam
3657 557 3747 612 vi-

471 642 725 699 Archelai
752 642 1020 698 bonorum
1057 657 1285 699 censum
1325 641 1638 698 instituisse
1670 651 1878 706 narrat,
1909 655 2055 696 anno

477 750 662 790 χχχνιι
687 745 810 806 post
831 734 1052 789 Antonii
1081 735 1290 790 cladem
1322 734 1391 789 ad
1421 733 1659 789 Actium.
1680 731 1758 786 Εχ
1783 747 1850 788 eo
1873 731 2058 800 itaque

471 841 820 898 consequens
848 835 934 883 est
965 842 1072 882 non
1109 827 1179 882 53
1198 825 1443 891 Juliano,
1471 827 1566 882 sed
1599 826 1692 889 51,
1725 825 2055 880 Archelaum

469 919 671 973 exsilio
697 917 1040 972 damnatum.
1075 916 1210 972 Nam
1241 917 1465 973 Actiaca
1493 932 1673 988 pugna
1693 917 1759 971 ad
1779 915 2055 972 lulianum

475 1008 544 1063 15
575 1008 844 1080 pertinet;
875 1008 998 1065 ideo
1027 1007 1250 1064 Juliano
1281 1009 1344 1064 51
1379 1009 1549 1080 capit
1580 1023 1790 1064 χχχνιι.

543 1124 723 1195 Atque
751 1125 867 1180 haec
895 1139 1152 1195 perversa
1181 1123 1418 1180 Herodis
1452 1139 1725 1180 annorum
1761 1123 2056 1180 subductio

472 1219 646 1274 multo
670 1220 723 1274 in
757 1208 996 1274 Eusebio
1035 1218 1354 1289 castiganda
1383 1217 1560 1289 magis
1592 1227 1698 1281 est,
1726 1233 1755 1272 a
1789 1233 1899 1288 quo
1924 1233 2053 1288 pro-

474 1311 615 1366 fecta
643 1313 880 1365 manavit
903 1311 956 1365 in
983 1320 1230 1365 caeteros.
1259 1309 1359 1365 llic
1384 1311 1531 1365 enim
1560 1309 1616 1363 in
1643 1309 1921 1365 Chronicia
1945 1310 2057 1380 pri-

473 1419 624 1458 mum
671 1419 878 1458 annum
928 1404 1161 1474 Augusti
1214 1404 1368 1474 ponit
1415 1419 1564 1468 eum,
1611 1404 1704 1473 qui
1753 1411 1877 1473 post
1925 1402 2055 1458 Julii

471 1497 710 1552 Caesaris
742 1511 931 1550 necem
964 1496 1213 1566 proxime
1244 1495 1516 1565 sequitur,
1545 1495 1751 1564 quique
1776 1493 1938 1549 Urbis
1972 1503 2057 1550 est

475 1587 602 1652 711,
648 1586 903 1642 Julianus
946 1587 1000 1651 5,
1049 1587 1376 1657 olympiadis
1425 1586 1526 1641 184
1575 1587 1868 1642 secundus.
1914 1585 2054 1642 Tum

472 1682 807 1752 Antigonum
837 1689 1176 1751 postremum
1211 1695 1276 1735 ex
1313 1681 1866 1762 AsainonaaiSIegem
1903 1696 2056 1736 mor-

475 1785 630 1830 tuum
662 1790 784 1829 esse
831 1774 966 1828 dicit
1013 1789 1158 1827 anno
1207 1788 1236 1826 ν
1282 1774 1548 1844 Augusti,
1594 1774 1798 1845 olymp.
1833 1774 1938 1829 185
1966 1789 2056 1829 se-

476 1866 698 1930 cundo;
734 1877 789 1920 ut
821 1867 874 1920 in
898 1865 1224 1936 quibusdam
1255 1866 1660 1936 exemplaribus
1692 1866 1918 1936 reperiri
1969 1875 2052 1920 te-

2159 642 2387 696 ctoriam
2415 643 2646 714 excepit,
2678 645 2805 699 anni
2829 656 2959 701 sunt
2992 655 3248 717 quatuor.

2231 731 2608 788 Concludatur
2634 749 2704 790 ex
2733 733 2957 806 Josephi
2987 747 3041 792 et
3067 736 3254 794 Dionis
3283 738 3550 794 sententia
3591 753 3742 796 mor.

2157 831 2318 878 tuum
2377 825 2650 882 Herodem
2703 826 2878 882 videri
2926 843 3073 882 anno
3099 826 3318 883 Juliano
3363 829 3452 885 42.
3503 829 3660 896 Quod
3691 829 3739 885 si

2159 929 2350 970 verum
2408 926 2532 983 est,
2595 916 2802 974 Natalis
2857 918 3059 975 Christi
3126 919 3182 974 in
3237 935 3441 976 annum
3492 922 3556 976 41
3610 939 3756 978 cum:

2159 1011 2410 1081 Dekerio,
2435 1015 2518 1069 vel
2543 1014 2615 1069 40
2642 1032 2766 1071 cum
2803 1015 3032 1086 Keplero
3062 1016 3426 1074 conferendus
3453 1019 3575 1084 erit,
3604 1035 3751 1085 non,

2162 1117 2220 1163 ut
2245 1109 2424 1180 vulgo,
2451 1109 2504 1163 in
2523 1109 2612 1164 45.
2632 1108 2708 1166 De
2728 1125 2838 1181 quo
2857 1111 3116 1166 attentius
3143 1111 3491 1182 cogitandum
3515 1127 3734 1176 censeo,

2161 1217 2262 1255 nec
2289 1201 2436 1256 illius
2465 1202 2744 1272 Opinionis
2793 1201 3038 1258 fautores
3069 1204 3428 1272 accusandos,
3466 1204 3734 1259 damnan-

2157 1291 2366 1360 dosque
2379 1302 2559 1358 antea,
2579 1307 2742 1362 quam
2759 1308 2948 1348 eorum
2963 1294 3301 1364 disceptatis,
3321 1310 3384 1350 ac
3401 1294 3737 1351 labefactatis

2157 1385 2466 1441 rationibus
2485 1386 2792 1440 communis
2811 1385 3054 1457 Dionysii
3081 1402 3189 1441 aera
3209 1388 3408 1442 certius
3435 1397 3729 1442 astruatur:

2157 1477 2304 1545 quod
2348 1491 2379 1531 a
2426 1478 2643 1533 nemine
2690 1479 2759 1533 ad
2811 1479 2954 1535 hanc
2999 1494 3173 1550 usque
3223 1481 3364 1535 diem
3404 1480 3558 1535 video
3610 1497 3734 1536 esse

2158 1569 2385 1636 factum,
2423 1587 2524 1627 nec
2555 1588 2584 1626 a
2618 1588 2704 1628 me
2737 1574 2982 1642 praestari
3011 1591 3195 1646 posse,
3226 1575 3456 1645 ingenue
3476 1591 3539 1630 ac
3561 1575 3734 1630 liben-

2159 1673 2240 1719 ter
2277 1666 2552 1734 proliteor.

2479 1755 2796 1825 Explicatur
2827 1759 3113 1829 Epiphanii
3134 1759 3414 1814 sententia.

2233 1845 2388 1902 Nunc
2445 1846 2734 1919 Epiphanii
2782 1850 3090 1918 sententia,
3157 1851 3317 1919 cujus
3376 1849 3734 1920 intelligenda:

473 1971 650 2018 statur
677 1961 971 2024 Pontacns,
1009 1961 1172 2030 idque
1207 1961 1384 2032 ipsum
1424 1963 1474 2015 in
1511 1961 1750 2016 editione
1797 1977 1893 2016 sua
1925 1959 2055 2016 Sca-

2161 1939 2333 2008 gratia
2366 1939 2481 1994 hac
2513 1941 2740 2030 anobis
2787 1951 2872 1997 est
2921 1942 3171 1998 instituta
3215 1942 3531 2011 disputatio,
3573 1955 3735 2010 expo-

474 2056 612 2126 liger
639 2055 922 2124 amplexus
951 2065 1054 2110 est.
1085 2053 1180 2109 Est
1213 2055 1303 2109 hic
1340 2053 1501 2110 Urbis
1546 2054 1670 2116 715,
1709 2053 1962 2108 Julianus
1999 2055 2050 2109 7.

472 2150 543 2203 At
566 2149 620 2202 in
657 2148 779 2202 aliis
806 2147 1090 2202 codicibus
1115 2147 1398 2202 confertur
1436 2148 1487 2202 id
1513 2149 1565 2200 in
1590 2163 1795 2201 annum
1820 2148 2052 2218 Auguin

474 2253 562 2306 Iv;
597 2239 650 2293 in
695 2240 816 2294 aliis
865 2254 1015 2306 vero,
1068 2240 1136 2292 10
1169 2256 1182 2292 :
1219 2239 1362 2308 quod
1409 2247 1746 2308 postremum
1793 2250 2052 2308 tanquam

474 2331 710 2388 Eusebio
731 2333 904 2402 magis
935 2343 1390 2393 consentaneum,
1415 2341 1638 2388 secutus
1655 2343 1735 2386 est
1754 2331 2050 2387 Pontacus.

472 2427 939 2496 Quippe,mortuo
966 2426 1256 2496 Antigono,
1284 2424 1523 2479 Herodes
1543 2425 1766 2494 pacitice
1789 2424 2053 2493 regnavit,

471 2532 527 2574 et
557 2520 747 2573 eodem
780 2534 924 2572 anno
954 2533 1154 2572 novum
1179 2518 1328 2586 regni
1362 2519 1667 2586 auspicium
1694 2517 1901 2572 habuit.
1927 2516 2058 2572 Erat

475 2607 639 2663 Urbis
671 2625 849 2662 annus
895 2607 1020 2671 720,
1064 2605 1318 2661 Julianus
1349 2608 1446 2673 1'2;
1495 2609 1748 2678 quamvis
1791 2609 1957 2662 etiam
2000 2608 2054 2662 in

473 2700 716 2755 editione
756 2699 984 2755 Pontaci
1027 2716 1148 2755 eum
1199 2701 1427 2769 Augusti
1476 2716 1529 2753 χι
1565 2701 1775 2769 primus
1822 2699 2054 2755 Herodis

473 2793 655 2856 ineat;
685 2791 778 2860 qui
809 2800 893 2845 est
931 2790 1093 2846 Urbis
1124 2788 1248 2856 721,
1275 2788 1529 2844 Julianus
1562 2787 1748 2843 15.153:
1781 2789 1885 2845 hoc
1919 2798 2055 2844 tem-

473 2899 605 2954 pore
639 2899 825 2938 χχχνιι
876 2882 1219 2954 regniannos
1248 2883 1461 2936 orditur
1489 2881 2052 2950 Eusebius;ejusdem

472 2993 604 3030 vero
641 2964 870 3030 mortem
906 2975 1152 3047 assignat
1198 2991 1344 3030 anno
1392 2975 1622 3044 Augusti
1671 2973 2052 3045 xun,olymp.

473 3070 576 3124 194
601 3085 747 3123 anno
763 3077 981 3139 quarto,
1003 3069 1071 3122 ab
1092 3068 1406 3124 Abrahamo
1427 3068 1590 3134 2021,
1613 3068 1815 3124 Christi
1839 3070 2050 3139 quinto.

470 3159 839 3226 Quamobrem
887 3159 1258 3214 hallucinatur
1295 3159 1562 3230 Scaliger,
1599 3159 1693 3229 qui
1735 3175 1880 3212 anno
1909 3158 2053 3213 2019

2164 2032 2344 2086 nenda
2394 2020 2630 2086 videtur.
2677 2031 2826 2088 Hanc
2855 2036 2999 2089 enim
3052 2036 3384 2106 perobscure
3431 2035 3519 2088 ille
3576 2049 3750 2099 sane,

2157 2134 2323 2192 atque
2370 2124 2626 2191 impedite
2677 2125 2938 2180 declarat.
2973 2125 3184 2197 Quippe
3216 2142 3366 2181 num.
3412 2125 3485 2179 22
3510 2125 3735 2180 haeresis

2159 2214 2344 2284 hujus,
2389 2214 2668 2269 Christum
2701 2227 2900 2270 asserit
2930 2233 3076 2272 anno
3105 2217 3336 2287 Augusti
3382 2232 3490 2270 χιιι
3543 2225 3730 2270 natum

2156 2321 2302 2370 esse,
2334 2304 2566 2361 Herodis
2597 2323 2755 2362 χχιιι.
2791 2307 2958 2378 igitur
2998 2321 3192 2363 novem
3241 2309 3401 2363 annis
3453 2309 3736 2378 Augustus

2159 2397 2426 2454 Herodem
2453 2402 2764 2455 antecessit.
2792 2401 2896 2456 Sed
2924 2402 3122 2456 mirum
3151 2418 3313 2472 quam
3340 2403 3455 2456 haec
3483 2401 3736 2472 perplexe

2161 2492 2522 2547 demonstret.
2558 2491 2861 2562 lmperasse
2909 2503 3064 2563 putat
3101 2493 3410 2565 Augustum
3442 2493 3600 2547 annis
3633 2508 3736 2545 χιιι

2157 2595 2449 2655 antequam
2482 2583 2666 2639 Judma
2700 2587 2914 2647 penitus
2943 2585 3010 2638 ad
3051 2584 3329 2641 Romanos
3373 2585 3682 2639 transiisset
3716 2600 3751 2651 ε⁴

2159 2696 2225 2736 ac
2266 2686 2388 2746 post
2419 2677 2636 2730 initium
2672 2677 2902 2747 Augusti
2931 2686 3168 2747 quatuor
3204 2677 3324 2746 plus
3355 2675 3536 2730 minus
3575 2675 3738 2728 annis

2157 2769 2377 2838 elapsis,
2437 2771 2578 2824 inter
2627 2767 2844 2824 Judatos
2897 2784 2962 2824 ac
3014 2767 3292 2823 Romanos
3349 2767 3643 2822 amicitiam
3681 2776 3750 2819 et'

2158 2861 2472 2915 societatem
2515 2861 2888 2916 intercessisse
2922 2879 2935 2913 :
2983 2869 3097 2914 tum
3159 2875 3287 2913 vero
3322 2870 3736 2930 procuratorem

2159 2953 2493 3023 impositum,
2519 2969 2580 3007 ae
2603 2954 2933 3008 tributorum
2969 2954 3220 3007 nonnihil
3253 2953 3538 3016 indictum,
3562 2951 3740 3006 donec

2158 3045 2210 3099 in
2236 3044 2536 3100 Romanam
2565 3046 2824 3101 ditionem
2853 3045 3039 3101 Judaea
3062 3041 3280 3116 penitu's
3311 3046 3528 3101 redacta
3561 3060 3625 3099 ac
3653 3060 3740 3097 ve-

2159 3138 2370 3208 rtigalis
2423 3147 2506 3192 est
2554 3137 2695 3192 facta
2731 3156 2742 3190 :
2776 3153 2900 3192 eum
2933 3136 3046 3206 jam
3075 3140 3347 3208 principes
3379 3137 3456 3192 illi
3486 3137 3554 3192 de
3590 3137 3742 3190 tribu

473 3253 525 3305 id
568 3253 636 3304 ab
686 3249 922 3304 Eusebio
965 3250 1131 3304 tribui
1182 3259 1389 3316 censet,
1425 3229 1480 3305 et
1525 3249 2048 3305 metachronismum

2161 3229 2292 3287 Juda
2323 3232 2632 3299 desiissent,
2666 3240 2830 3302 atque
2863 3230 3104 3287 Herodes
3133 3231 3477 3302 peregrinus,
3528 3239 3582 3285 et
3606 3231 3736 3284 alie-

469 3360 594 3400 esse
614 3345 745 3400 dicit
776 3360 1045 3400 annorum
1067 3345 1252 3400 trium.
1273 3343 1477 3400 Verum
1501 3347 1548 3401 si
1578 3345 1666 3400 hic
1691 3360 1867 3400 annus
1886 3361 2050 3414 quar-

475 3447 564 3490 tus
604 3447 687 3490 est
731 3437 935 3507 olymp.
985 3436 1111 3500 195,
1147 3435 1377 3505 Augusti
1437 3451 1603 3502 XLVII,
1643 3452 1768 3490 cum
1809 3434 2051 3490 Herodes

474 3532 641 3600 paulo
677 3539 803 3584 ante
837 3528 1047 3584 Pascha
1083 3540 1336 3586 mortuus
1388 3529 1482 3594 sit,
1522 3539 1576 3585 et
1617 3530 1846 3604 Augusti
1903 3542 2044 3582 χιινιι

474 3636 621 3678 anno
654 3621 854 3676 Juliani
901 3621 970 3676 49
999 3621 1113 3691 jam
1159 3621 1373 3675 labente
1421 3618 1566 3690 apud
1597 3619 1893 3674 Eusebium
1940 3634 2053 3674 ca:-

475 3717 633 3786 perit,
664 3731 885 3770 necesse
915 3722 1018 3782 est,
1057 3723 1118 3770 ut
1150 3729 1295 3768 anno
1324 3712 1521 3768 Juliani
1563 3713 1633 3768 50
1656 3712 1878 3766 ineunte
1927 3727 2052 3780 per-

475 3808 600 3863 ierit
635 3809 899 3872 Ilerodes;
937 3824 1062 3863 cum
1105 3823 1283 3862 annus
1322 3816 1554 3876 quartus
1591 3805 1695 3859 195
1729 3803 2054 3874 Olympiadis

473 3900 656 3955 adhuc
700 3899 1150 3968 decurreret,qui
1203 3907 1256 3953 et
1293 3896 1531 3951 Eusebio
1579 3895 1873 3950 Abrahami
1912 3894 2048 3948 2021

476 4001 754 4048 censetur.
798 3991 957 4045 Certe
997 3989 1216 4060 quidem
1275 3989 1419 4043 2020
1465 3990 1658 4042 saltem
1704 4003 1828 4042 esse
1873 3987 2050 4040 debet.

477 4084 635 4141 Unde
671 4083 1170 4138 metachronismus
1199 4083 1304 4136 erit
1333 4098 1397 4136 ex
1428 4081 1800 4151 Scaligeriana
1843 4079 2056 4133 ratione

477 4192 748 4232 annorum
804 4177 1106 4233 solidorum
1161 4177 1426 4247 quinque,
1485 4190 1595 4230 non
1640 4185 1820 4230 autem
1865 4174 2051 4228 trium.

476 4268 612 4324 Nam
639 4268 856 4324 Juliano
886 4270 955 4324 45
983 4279 1252 4324 mortuum
1281 4269 1452 4324 credit
1481 4267 1770 4324 Herodem.

549 4379 667 4435 Jam
693 4395 816 4434 cum
851 4378 990 4432 idem
1017 4377 1259 4448 Scaliger
1285 4377 1324 4434 l.
1355 4393 1389 4432 γ
1423 4377 1497 4432 De
1529 4377 1732 4432 emend.
1759 4377 2056 4448 Joscphum

477 4489 692 4529 errasse
728 4471 1078 4543 pronuntiat;
1126 4472 1272 4542 quod
1324 4488 1499 4526 annos
1535 4469 1765 4528 Herodis
1810 4486 1996 4524 χχχγιι
2027 4485 2058 4524 a

483 4565 703 4622 Domitii
759 4575 814 4620 et
847 4563 1024 4619 Asinii
1054 4564 1344 4618 consulatu
1375 4564 1615 4627 deducit,
1641 4563 1847 4618 erroris
1875 4563 2059 4634 potius

481 4658 599 4727 ipse
618 4657 981 4712 convincitur.
1020 4655 1154 4711 Nam
1191 4655 1482 4728 Jusephus,
1519 4667 1660 4712 utex
1687 4656 2062 4726 superioribus

483 4751 674 4820 liquet,
712 4765 898 4804 secum
944 4748 1173 4803 mirifice
1215 4749 1489 4803 consentit
1529 4768 1543 4804 :
1587 4759 1642 4804 et
1688 4747 2061 4803 Eusebianum

484 4843 636 4897 ilium
675 4842 1200 4898 metacbronismum
1228 4842 1530 4910 redarguit,
1556 4858 1680 4896 cum
1709 4843 2064 4912 perspicuum

484 4935 554 4989 sit
579 4934 846 4989 Herodem
896 4935 1056 5003 longe
1098 4942 1224 4988 ante
1267 4932 1542 4988 Julianum
1580 4934 1649 4988 50
1685 4935 1971 4990 occidisse.
2010 4937 2065 4990 In

486 5027 779 5081 Annalibus
808 5043 918 5082 non
945 5026 1036 5090 50,
1061 5036 1119 5080 ut
1147 5027 1289 5096 apud
1334 5026 1657 5093 Eusebium,
1691 5027 1786 5082 sed
1811 5027 1872 5083 51
1922 5045 2069 5084 anno

483 5119 704 5174 Juliano
732 5119 963 5175 Herodis
985 5121 1169 5174 obitus
1200 5122 1443 5189 ponitur,
1475 5136 1597 5175 aera:
1625 5122 1937 5178 communis
1968 5139 2063 5178 oc-

488 5222 635 5278 tavo,
662 5214 752 5284 qui
783 5223 971 5268 sextus
1000 5213 1277 5268 numerari
1309 5213 1517 5268 debuit.

558 5328 638 5383 Εχ
679 5328 746 5384 iis
770 5337 1030 5399 praeterea
1053 5328 1252 5399 conjici
1274 5338 1474 5398 potest,
1497 5329 1629 5400 quid
1661 5330 1734 5386 sit
1765 5332 1909 5402 quod
1943 5331 2069 5401 Epi-

487 5419 725 5490 phanius
756 5419 811 5474 in
844 5419 1080 5475 obscura
1119 5419 1212 5478 illa
1258 5417 1490 5476 Herodis
1518 5436 1789 5476 annorum
1822 5422 2068 5478 declara-

489 5516 656 5576 tione,
683 5520 806 5582 post
828 5527 879 5565 iv
912 5511 1060 5581 regni
1088 5511 1208 5580 ejus
1257 5527 1454 5577 annos,
1499 5511 1741 5568 Judmam
1772 5514 1826 5568 in
1868 5512 2069 5568 Roma-

491 5617 687 5658 norum
719 5601 982 5656 ditionem
1017 5602 1236 5671 penitus
1291 5603 1525 5657 cessisse
1549 5603 1715 5668 dicat,
1742 5616 2069 5675 secutosque

494 5709 620 5748 χχιχ
657 5707 858 5756 annos,
890 5693 1026 5748 adeo
1071 5700 1131 5746 ut
1178 5709 1345 5747 χχχιιι
1397 5693 1617 5749 demum
1654 5694 1886 5750 Herodis
1920 5711 2068 5750 anno

493 5784 745 5840 Christus
774 5796 934 5841 natus
963 5785 1052 5840 sit.
1085 5783 1260 5840 Causa
1299 5786 1445 5840 enim
1477 5787 1592 5843 lucc
1621 5798 1726 5854 est,
1757 5790 1902 5859 quod
1939 5806 2066 5846 cum

497 5877 733 5934 Eusebio
793 5878 1024 5937 llcrodis
1074 5879 1288 5935 initium
1321 5881 1543 5954 conjicit
1587 5884 1856 5942 inannum
1895 5886 2066 5945 Julia~

2159 3324 2353 3395 nigcna
2386 3339 2613 3396 regnum
2649 3335 2993 3393 occupasset.
3025 3323 3158 3390 Quae
3186 3325 3371 3379 omnia
3404 3323 3590 3394 (paulo
3616 3332 3741 3392 post

2159 3417 2355 3487 inquit)
2407 3418 2644 3488 perfecta
2675 3428 2824 3485 sunt,
2857 3435 2980 3474 cum
3019 3421 3087 3474 ab
3113 3429 3238 3473 ortu
3287 3419 3493 3474 Christi
3541 3417 3735 3486 cuspis-

2159 3517 2302 3574 sent,
2332 3525 2476 3563 anno
2499 3509 2729 3579 Augusti
2772 3527 2902 3573 xui,
2931 3511 3024 3580 qui
3052 3520 3105 3565 et
3135 3525 3312 3564 nonus
3335 3517 3452 3563 erat
3482 3524 3511 3561 a
3539 3523 3740 3576 procu-

2159 3600 2372 3653 ratione
2393 3597 2686 3669 Antipatri,
2704 3616 2827 3654 cum
2852 3600 3069 3657 Judzeos
3097 3601 3238 3655 inter
3257 3609 3309 3653 et
3333 3598 3608 3652 Romanos
3634 3614 3740 3667 pax

2159 3699 2211 3745 et
2238 3691 2472 3746 societas
2505 3700 2668 3754 esset,
2704 3707 2767 3745 ac
2791 3693 2904 3761 jam
2950 3701 3205 3761 quartum
3234 3703 3440 3742 annum
3485 3695 3750 3757 regnaret

2161 3780 2421 3836 Herodes.
2458 3781 2742 3836 Postremo
2766 3794 2883 3852 post
2920 3789 3160 3852 quatuor
3185 3780 3416 3835 Herodis
3447 3795 3642 3842 annos,
3684 3791 3744 3834 et

2161 3875 2403 3944 quinque
2452 3875 2869 3943 procurationes
2916 3874 3211 3944 Antipatri,
3269 3871 3490 3926 demum
3551 3869 3740 3924 Iudaea

2161 3966 2378 4034 penitus
2409 3963 2669 4020 Romanis
2700 3972 2785 4018 est
2811 3964 3072 4033 subjecta,
3117 3979 3294 4034 usque
3320 3963 3388 4018 ad
3415 3978 3586 4017 χχχιιι
3635 3960 3746 4017 lle-

2163 4056 2314 4111 rodis
2349 4073 2574 4121 annum,
2614 4058 2706 4127 qui
2730 4067 2814 4112 est
2843 4057 3073 4128 Augusti
3101 4071 3229 4123 xui,
3263 4071 3387 4111 cum
3424 4071 3554 4108 χχιχ
3580 4055 3742 4110 annis

2162 4149 2438 4219 vectigalis
2466 4149 2689 4202 omnino
2723 4147 2931 4203 fuisset.

2236 4237 2348 4294 Hac
2374 4237 2661 4309 Epiphanii
2691 4239 2935 4293 oratione
2965 4239 3173 4293 nullum
3206 4235 3466 4309 Sphingis
3511 4237 3744 4307 aenigma

2163 4334 2477 4404 perplexius
2507 4348 2628 4388 esse
2659 4341 2812 4402 puto.
2848 4330 2952 4386 Sed
2979 4332 3083 4386 hoc
3124 4341 3305 4386 tamen
3336 4330 3570 4386 voluisse
3595 4329 3744 4383 vide—

2165 4434 2255 4480 tur
2288 4445 2300 4478 :
2333 4425 2639 4495 Augustum
2669 4424 2846 4494 primo
2877 4439 2972 4477 χιιι
3004 4423 3161 4477 annis
3189 4423 3506 4491 imperasse,
3541 4419 3744 4491 quibus

2168 4517 2411 4570 nondum
2434 4514 2619 4571 Judtea
2647 4529 2873 4585 prorsus
2898 4513 3287 4570 Romanorum.
3303 4513 3532 4584 imperio
3555 4526 3743 4567 cesse-

2095 4629 2139 4684 ι)
2167 4619 2254 4664 rat
2288 4629 2300 4663 :
2333 4623 2398 4663 ac
2421 4617 2543 4678 post
2573 4617 2811 4678 quatuor
2841 4608 3053 4680 priores
3084 4621 3257 4663 annos
3283 4606 3535 4677 Augusti,
3587 4604 3748 4658 Anti-

2166 4712 2379 4772 patrum
2410 4699 2788 4771 quinquennio
2814 4707 3222 4769 procuratorem
3245 4697 3448 4765 fuisse;
3473 4695 3754 4751 Herodem-

2168 4796 2383 4860 deinde,
2435 4803 2721 4862 postquam
2775 4794 2846 4848 ab
2897 4793 3144 4864 Augusto
3199 4807 3429 4863 regnum
3483 4791 3740 4854 obtinuit,

2169 4898 2404 4958 quatuor
2427 4899 2602 4940 annos
2632 4884 2892 4940 tenuisse.
2920 4884 3001 4938 lta
3028 4884 3166 4938 fiunt
3201 4885 3268 4938 ab
3320 4882 3560 4952 Augusti
3587 4881 3748 4935 initio

2171 4979 2298 5033 anni
2351 4993 2448 5032 χιιι
2483 4993 2496 5029 :
2531 4975 2724 5046 reliqui
2773 4984 2904 5030 sunt
2932 4991 3082 5039 χχιχ,
3129 4974 3332 5046 quibus
3387 4973 3620 5027 Romani
3647 4969 3749 5025 Ju-

2170 5074 2340 5128 datam
2389 5073 2608 5143 penitus
2645 5081 3004 5141 occuparunt,
3032 5085 3204 5140 usque
3233 5070 3299 5124 ad
3329 5069 3566 5140 Augusti
3608 5083 3746 5128 χιιι,

2171 5162 2401 5218 Herodis
2439 5180 2632 5228 χχχιιι,
2688 5179 2797 5233 quo
2836 5171 2994 5217 natus
3033 5171 3118 5216 est
3160 5160 3447 5216 Dominus.
3502 5159 3638 5215 Nam
3672 5160 3743 5214 ad

2174 5272 2270 5311 χιιι
2318 5257 2486 5311 additi
2541 5272 2670 5311 xxix
2705 5255 3004 5311 coniiciunt
3033 5268 3186 5307 xui:
3225 5253 3524 5322 itidemque
3571 5252 3617 5306 si
3675 5250 3746 5304 ad

2177 5358 2413 5420 quatuor
2457 5347 2626 5404 addas
2661 5346 2948 5404 xmeient
2990 5360 3185 5400 χχχιιι.
3234 5342 3346 5398 Hos
3387 5352 3568 5397 autem
3611 5357 3748 5395 χχιχ

2174 5457 2349 5496 annos
2376 5440 2444 5495 ab
2461 5455 2528 5495 eo
2549 5437 2789 5501 deducit,
2806 5436 2898 5504 qui
2919 5436 3196 5491 Actiacam
3217 5436 3502 5490 victoriam
3525 5443 3750 5488 secutus

2171 5545 2274 5600 est,
2303 5533 2521 5589 Juliano
2552 5534 2757 5588 scilicet
2784 5531 2869 5597 16,
2902 5547 2933 5585 a
2963 5547 3072 5601 quo
3099 5528 3392 5584 vicesimus
3423 5543 3624 5591 nonus,
3661 5541 3751 5586 est

2171 5626 2422 5682 Julianus
2449 5626 2540 5692 M,
2574 5641 2682 5696 quo
2736 5636 2894 5679 natus
2925 5623 2994 5676 ab
3025 5621 3330 5691 Epiphanio
3360 5619 3617 5678 Christus
3651 5639 3752 5693 po-

2173 5722 2341 5784 nitur,
2375 5721 2615 5790 Augusto
2644 5733 2744 5770 χιιι
2779 5724 2834 5770 et
2891 5714 3078 5770 Silano
3106 5729 3249 5769 coss.
3271 5712 3345 5767 Ita
3380 5712 3596 5783 quidem
3625 5713 3754 5782 Epi-

2174 5812 2407 5882 phanius
2439 5810 2676 5864 miscens
2707 5806 2912 5868 omnia,
2960 5821 3060 5860 nec
3089 5806 3329 5861 historia:
3360 5807 3496 5882 satis
3522 5812 3749 5860 consul-

2175 5871 2280 5962 ius.
2313 5905 2403 5961 Est
2447 5903 2588 5958 enim
2622 5900 2819 5956 falsum
2852 5900 2904 5954 in
2938 5871 3513 5969 primis,Amipatrum
3545 5915 3752 5970 procu-
