4118 6402
384 417 492 478 925

1549 431 1639 489 DE
1679 427 1869 492 ANNO
1903 434 2160 493 NATALI
2190 438 2490 498 CHRISTI.

3544 434 3652 495 99.6

381 548 622 596 ratorem
655 537 724 594 ab
753 539 998 612 Augusto
1050 557 1172 600 esse
1221 542 1427 600 factum
1446 586 1464 613 ,
1514 548 1761 619 adeoque
1783 587 1801 614 ,
1845 557 1969 620 post
1995 553 2043 611 Α
2069 551 2309 619 decreta,
2340 570 2464 624 quin
2495 569 2562 611 eo
2589 554 2712 611 loco
2734 563 3252 612 commemorantur.
3284 550 3650 624 Posteaquam

385 635 625 698 quatuor
655 627 869 700 imperii
899 631 1074 702 ipsius
1104 648 1300 696 annos.
1330 644 1391 690 ut
1430 651 1496 692 ex
1549 638 1618 694 iis
1641 647 1808 709 patet,
1839 655 1962 710 quae

381 732 549 787 supra
585 735 618 774 e
675 718 916 792 Josepho
972 725 1417 792 perstrinximus.
1480 726 1618 784 Nam
1676 730 1963 800 Antipater

380 808 609 866 Herodis
652 827 854 881 parens
902 812 1144 871 Judream
1179 818 1564 875 administrare
1604 823 1769 893 cmpit
1815 837 1962 878 anno

378 899 494 964 illo,
522 914 632 969 quo
659 900 836 958 Julius
861 905 1045 960 Caesar
1068 907 1264 961 bellum
1295 909 1723 966 Alexandrinum
1760 913 1958 982 gessit,

377 993 472 1064 qui
496 1003 579 1049 est
607 993 766 1051 Urbis
799 995 928 1050 707:
947 1013 1058 1068 quo
1085 1001 1273 1054 eodem
1301 1017 1445 1057 anno
1463 1003 1703 1060 Herodes
1727 1003 1961 1061 Galilaeae

378 1099 409 1137 a
437 1093 590 1155 patre
623 1087 946 1156 praepositus
975 1098 1080 1144 est.
1117 1088 1366 1148 Mortuus
1393 1104 1478 1150 est
1518 1106 1698 1150 autem
1728 1095 1958 1167 Antipa-

377 1184 462 1230 ter
492 1192 635 1231 anno
671 1175 829 1234 Urbis
881 1178 1005 1246 712,
1064 1179 1279 1237 Juliano
1333 1192 1551 1253 quarto.
1593 1187 1671 1239 Ita
1712 1187 1956 1257 quinque

377 1268 501 1338 plus
531 1269 711 1326 minus
742 1271 902 1326 annis
918 1272 1014 1344 τὴν
1042 1275 1345 1347 ἐπιτροπήν
1362 1277 1764 1334 administravit
1783 1282 1958 1348 ;quod

378 1361 556 1416 innuit
589 1361 944 1432 Epiphanius.
982 1364 1087 1420 Sed
1128 1368 1269 1422 idem
1324 1369 1709 1438 hallucinatus,
1740 1373 1956 1441 Opinor,

376 1470 478 1524 pro
525 1453 671 1509 Julio
714 1455 948 1524 Caesare,
994 1459 1298 1530 Augustum
1338 1462 1576 1531 scripsit,
1631 1466 1776 1533 quod
1815 1465 1957 1519 hunc

377 1546 557 1615 ipsum
591 1549 933 1603 meminisset
981 1551 1147 1605 ctiam
1177 1552 1231 1605 in
1259 1551 1512 1624 .Egypto,
1541 1565 1594 1609 et
1614 1556 1958 1613 Alexandria

377 1639 577 1694 bellum
625 1640 879 1711 gessisse.
932 1640 1138 1696 Deinde
1188 1659 1363 1714 neque
1417 1645 1547 1700 illud
1584 1662 1773 1702 verum
1821 1654 1954 1704 est:

375 1727 615 1784 Judaeum
639 1739 760 1800 post
781 1731 1059 1786 Actiacam
1091 1735 1306 1788 demum
1334 1735 1614 1791 victoriam
1650 1737 1720 1792 ad
1754 1737 1957 1794 Roma-

376 1836 478 1875 nos
531 1821 876 1890 pervenisse,
909 1834 962 1878 et
991 1824 1265 1897 ὑπόφορον
1297 1826 1490 1894 fuisse,
1529 1844 1652 1884 cum
1692 1830 1958 1886 hactenus

2063 659 2194 699 vero
2212 641 2524 700 Judaaorum
2549 661 2778 716 regnum
2801 646 2870 702 ad
2901 643 3169 701 Herodem
3197 644 3517 699 translatum
3540 649 3648 706 est,

2063 750 2172 790 non
2205 742 2348 805 puto
2374 734 2654 791 Romanos
2683 735 2947 791 tributum
2977 735 3046 790 ab
3073 735 3181 790 illis
3210 732 3476 803 exegisse,
3501 729 3648 801 quod

2063 826 2207 882 idem
2251 837 2305 882 et
2347 826 2579 896 Keplero
2601 826 2838 890 videtur,
2862 841 2988 881 cum
3019 824 3205 880 Judaea
3232 824 3478 878 nondum
3504 828 3651 877 esset

2063 915 2118 970 in
2155 916 2389 972 formam
2449 917 2746 987 provincia:
2777 918 3017 973 redacta.
3067 915 3248 982 Quare
3297 929 3397 970 nec
3444 913 3500 967 in
3555 911 3646 966 illa

2062 1008 2245 1078 priore
2272 1007 2484 1075 Quirini
2511 1009 2878 1078 descriptione
2910 1008 3177 1064 tributum
3211 1005 3382 1060 ullum
3421 1016 3648 1058 necesse

2061 1113 2146 1158 est
2174 1103 2512 1172 persolutum
2568 1103 2810 1158 credere.
2843 1101 2964 1167 Quo
3008 1099 3192 1154 minus
3217 1097 3490 1152 assentior
3519 1093 3648 1164 Epi-

2061 1192 2285 1263 phanio,
2317 1194 2409 1262 qui
2439 1202 2550 1248 tum
2575 1192 2662 1248 vel
2691 1191 2928 1248 maxime
2956 1191 3158 1246 tributa
3187 1206 3216 1244 a
3253 1186 3517 1243 Romanis
3543 1185 3650 1240 im-

2060 1293 2246 1352 perata
2278 1284 2488 1347 scribit,
2515 1293 2568 1338 et
2592 1300 2720 1338 xxxx
2748 1283 2928 1346 annis,
2952 1281 3046 1352 qui
3075 1283 3143 1336 ab
3161 1280 3382 1335 Actiaca
3410 1277 3563 1332 clade
3579 1275 3648 1332 ad

2059 1377 2304 1434 Natalem
2329 1379 2542 1434 Domini
2574 1381 2869 1448 lluxerunt,
2893 1377 3190 1450 ὑπόφορον,
3217 1375 3438 1439 τελεῖως
3475 1390 3651 1444 παρα-

2061 1468 2307 1523 δοθεῖσαν
2340 1470 2633 1542 Ῥωμαίοις
2655 1469 2897 1525 Judaeum
2935 1470 3124 1524 fuisse.
3142 1467 3306 1539 Atqui
3340 1473 3464 1537 post
3484 1462 3650 1523 Poni—-

2059 1563 2310 1632 peianam
2347 1562 2654 1626 victoriam,
2697 1577 2762 1616 ac
2799 1561 3035 1631 priorem
3079 1557 3304 1623 ἅλωσιν,
3365 1569 3646 1623 nunquam

2059 1651 2245 1708 Judaaa
2272 1653 2448 1707 minus
2478 1653 2582 1707 sub
2612 1652 2983 1706 Romanorum
3017 1650 3323 1722 principum
3348 1655 3649 1718 potestate,

2059 1746 2144 1800 vel
2197 1744 2675 1800 administratione
2730 1743 2858 1809 fuit,
2916 1759 3082 1813 quam
3121 1740 3348 1796 Herodis
3383 1739 3474 1792 illo
3506 1747 3649 1792 tem-

2061 1850 2216 1905 pore,
2269 1835 2571 1906 praesertim
2601 1844 2726 1905 post
2746 1835 3029 1888 Actiacam
3060 1848 3317 1904 pugnum,
3354 1846 3476 1885 cum
3505 1825 3650 1900 apud

377 1913 613 1968 societas
644 1915 1065 1983 intercessisset,
1125 1934 1190 1975 ac
1239 1921 1441 1976 tributa
1473 1921 1589 1978 sive
1627 1923 1806 1992 potius
1841 1939 1958 1976 mu-
1993 1912 2035 1971 Β
2063 1929 2368 1998 Augustum
2420 1926 2476 1980 in
2506 1927 2700 1997 primis
2755 1926 2843 1981 ille
2873 1927 3049 1996 gratia
3091 1934 3146 1980 et
3196 1923 3523 1979 auctoritate
3551 1919 3649 1975 (lo-

376 2023 508 2061 nera
531 2008 914 2078 penderentur.
935 2012 1147 2067 Etenim
1176 2012 1336 2084 longe
1366 2023 1492 2069 ante
1513 2031 1750 2086 pugnam
1778 2016 1960 2071 Actia-

377 2117 494 2154 cam
519 2100 700 2158 Judaea
732 2102 1104 2160 Romanorum
1137 2105 1191 2159 in
1218 2115 1537 2176 potestatem
1579 2107 1749 2173 venit,
1777 2117 1831 2161 et
1857 2107 1959 2160 tri-

377 2192 505 2245 buta
535 2193 808 2262 persolvit.
834 2194 1074 2264 Primus,
1097 2197 1204 2253 nisi
1246 2197 1424 2262 fallor,
1453 2198 1766 2270 Pompeius,
1797 2199 1957 2254 Cice-

379 2299 508 2339 r0ne
534 2297 587 2340 et
611 2285 848 2341 Antonio
876 2289 1218 2354 coss.,Urbis
1264 2290 1390 2355 79l,
1427 2289 1817 2363 Hierosolymis
1860 2309 1958 2348 ex--

377 2379 629 2448 pugnatis
677 2379 819 2433 hanc
871 2379 1044 2447 ipsam
1098 2381 1286 2435 urbem
1323 2382 1642 2453 vectigalem
1703 2385 1956 2439 reddidit.

375 2473 694 2544 Josephusl.
715 2492 826 2539 xw,
852 2491 970 2547 cap.
997 2476 1096 2530 15:
1124 2478 1234 2530 Καὶ
1250 2478 1316 2531 τὰ
1342 2479 1440 2549 μὲν
1473 2479 1821 2550 Ἰεροσόλυμα
1838 2481 1961 2533 ὑπο-

375 2569 506 2640 τελῆ
539 2569 705 2641 φόρον
752 2570 1046 2640 Ῥωμαίοις
1100 2571 1378 2642 ἐποίησεν.
1422 2569 1586 2625 Mox:
1620 2570 1824 2625 Τούτου
1864 2572 1959 2626 τοῦ

377 2658 583 2723 πάθους
605 2663 715 2722 τοῖς
754 2660 1147 2731 Ἱεροσολύμοις
1188 2661 1350 2714 αἴτιοι
1382 2661 1722 2731 κατέστησαν
1762 2663 1961 2733 ’Υρκα-

378 2752 488 2815 νὸς,
517 2752 612 2805 καὶ
649 2752 1056 2824 Ἀριστόϐουλος
1085 2753 1222 2824 πρὸς
1250 2754 1515 2828 ἀλλήλους
1548 2755 1956 2818 στασιάσαντες.

378 2847 489 2916 Τήν
534 2863 593 2898 τε
639 2846 746 2916 γὰρ
787 2844 1099 2916 ἐλευθερίαν
1145 2845 1528 2914 ἀπεϐάλομεν,
1581 2846 1675 2899 καὶ
1732 2845 1960 2916 ὑπήκοοι

387 2937 674 3007 Ῥωμαίων
698 2937 1058 3008 κατέστημεν.
1089 2936 1252 3006 Igitur
1280 2936 1348 2990 ab
1377 2937 1467 2991 illo
1491 2947 1731 3005 tempore
1752 2936 1959 2990 Roma-

379 3031 464 3086 nis
493 3029 676 3084 Judaea
725 3031 925 3100 paruit,
978 3045 1077 3085 nec
1107 3046 1238 3085 suos
1283 3046 1441 3100 reges
1475 3031 1700 3094 habuit;
1731 3029 1832 3084 etsi
1863 3029 1961 3084 ali-

377 3123 616 3194 quandiu
637 3123 929 3178 conﬂictati
963 3132 1111 3177 sunt.
1146 3120 1399 3196 Hyrcano
1425 3123 1645 3194 quidem
1673 3123 1960 3192 pontiﬁca-

378 3223 467 3266 tus
493 3211 712 3267 relictus
733 3223 837 3277 est,
855 3228 884 3266 a
911 3211 1146 3268 Gabinio
1162 3214 1464 3285 praesertim
1487 3232 1498 3266 :
1525 3213 1640 3282 qui,
1671 3221 1731 3267 ut
1750 3228 1871 3282 cap.
1896 3213 1960 3266 10

379 3303 499 3356 libri
538 3319 628 3357 xlv
663 3304 875 3371 scribit,
907 3307 1150 3376 quinque
1184 3305 1467 3378 Synedriis
1491 3307 1544 3358 in
1576 3303 1763 3360 Judzea
1789 3305 1959 3359 collo-

378 3395 538 3461 catis,
574 3396 975 3454 aristocratiam
1019 3398 1328 3454 constituit.
1377 3398 1506 3454 Post
1556 3398 1672 3452 haec
1698 3397 1961 3453 adversus

379 3489 691 3555 ".Yrcanum
749 3494 1058 3548 Alexander
1108 3501 1162 3548 et
1193 3493 1503 3562 Antigonus
1537 3492 1834 3548 Aristobuli
1865 3491 1960 3546 lilii

378 3595 590 3658 anquot
639 3587 798 3642 annis
841 3594 1119 3642 certarunt
1163 3605 1176 3640 :
1226 3586 1531 3656 iisdemque
1569 3601 1667 3656 pro
1712 3583 1962 3656 Hyrcano

381 3691 602 3736 strenue
633 3680 916 3751 Antipater
932 3681 1156 3747 restitit,
1179 3679 1276 3750 qui
1305 3695 1336 3734 a
1365 3679 1512 3733 Julio
1535 3678 1750 3733 Caesare
1773 3685 1961 3746 postea

381 3773 482 3844 τὴν
509 3773 817 3844 ἐπιτροπήν
848 3782 1036 3828 nactus
1069 3781 1187 3839 est;
1235 3787 1299 3826 ac
1325 3787 1421 3842 per
1448 3772 1588 3825 idem
1614 3781 1828 3840 tempus
1857 3783 1961 3838 po-

385 3865 500 3936 puli
526 3863 688 3920 Rom.
724 3866 1044 3921 societatem
1082 3873 1138 3921 et
1192 3864 1488 3919 amicitiam
1529 3863 1860 3932 impetravit.
1886 3859 1963 3916 De

381 3971 491 4024 quo
519 3956 799 4026 complura
833 3954 1065 4012 Caesaris
1115 3955 1331 4011 decreta
1365 3953 1508 4025 apud
1541 3951 1838 4022 Josephum
1870 3968 1962 4007 ex-

381 4054 528 4102 stant
547 4046 584 4099 l.
607 4061 717 4111 xiv,
741 4060 790 4099 c.
822 4043 907 4100 l7.
943 4045 1048 4100 Sed
1079 4045 1419 4100 antecedenti
1443 4044 1622 4115 capite
1647 4041 1869 4113 Josephi
1892 4059 1962 4098 an

382 4137 596 4194 librarii
616 4137 1042 4192 hallucinatione
1059 4137 1280 4203 accidit,
1298 4145 1357 4192 ut
1382 4152 1508 4192 cum
1533 4143 1754 4192 senatus
1775 4134 1963 4190 decre-

383 4241 497 4285 tum
537 4229 604 4284 de
631 4228 802 4284 muris
839 4225 1343 4299 Hierosolymorum
1377 4225 1684 4283 reficiendis
1728 4224 1798 4279 ab
1821 4223 1963 4297 Hyr-

381 4336 522 4377 cano
567 4319 792 4376 Juniore
847 4319 1199 4389 impetratum
1247 4319 1410 4375 vellet
1461 4317 1761 4382 ascribere,
1816 4315 1966 4372 aliud

383 4411 754 4484 sulijunxerit,
802 4413 949 4482 quod
993 4412 1046 4466 in
1081 4411 1312 4483 gratiam
1342 4408 1577 4482 Hyrcani
1618 4409 1838 4480 majoris
1889 4409 1966 4463 fa-

383 4513 532 4560 ctum
572 4503 1133 4559 fuerat:cuialterum
1169 4502 1578 4558 Atheniensium
1615 4505 1963 4574 psephisma,

2063 2029 2224 2073 reret.
2261 2016 2404 2072 Nulli
2439 2018 2622 2088 itaque
2664 2017 2902 2074 Romani
2947 2017 3337 2087 magistratus,
3393 2012 3650 2085 praesides

2063 2110 2196 2164 nulli
2245 2109 2486 2165 Judaeum
2523 2111 2904 2175 obtinuerunt,
2946 2124 3047 2164 nec
3081 2108 3196 2176 alii,
3246 2121 3412 2180 quam
3462 2115 3650 2160 extra-

2063 2201 2326 2255 ordinarii
2358 2200 2650 2272 ἡγεμόνες,
2686 2201 2791 2256 hoc
2817 2209 2902 2255 est
2925 2199 3213 2270 praesides,
3243 2198 3328 2251 vel
3383 2209 3650 2267 procura-

2063 2302 2230 2362 tores,
2279 2294 2364 2348 vel
2409 2295 2665 2350 universe
2702 2309 2827 2348 cum
2883 2301 3155 2362 potestate
3209 2291 3394 2360 aliqua
3456 2289 3647 2351 missi,

2064 2385 2232 2440 ullam
2259 2383 2492 2440 Herodis
2517 2385 2569 2438 in
2608 2400 2776 2456 regno
2800 2385 3158 2448 iunctionem,
3195 2392 3289 2437 aut
3314 2380 3652 2452 jurisdictio-

2063 2493 2188 2532 nem
2227 2486 2609 2532 exercuerunt.

2133 2571 2204 2625 At
2231 2571 2284 2624 in
2319 2568 2615 2624 Annalibus
2647 2584 2933 2641 perperam
2980 2566 3270 2639 Epiphanii
3316 2580 3470 2620 mens
3505 2561 3652 2618 acci-

2068 2668 2236 2736 pitur,
2271 2682 2394 2721 cum
2427 2666 2476 2719 id
2510 2680 2633 2719 eum
2677 2663 2968 2733 scripsisse
2993 2669 3222 2714 narrant
3261 2678 3274 2713 :
3322 2657 3522 2726 Viginti
3554 2672 3651 2709 no-

2062 2777 2175 2814 vem
2205 2761 2361 2812 annis
2389 2755 2609 2811 Judteos
2640 2755 2889 2809 Romanis
2935 2753 3140 2807 tributa
3191 2750 3523 2821 dependisse,
3561 2765 3653 2802 an-

2065 2862 2273 2922 tequam
2305 2851 2585 2919 Antipater
2613 2847 2839 2902 Herodis
2871 2863 3063 2917 parens
3102 2843 3310 2899 Judaza:
3337 2852 3653 2914 procurator

2064 2963 2095 2999 a
2143 2943 2395 2997 Romanis
2442 2942 2852 3004 institueretur;
2895 2956 2988 2992 nec
3035 2947 3218 3007 postea
3264 2953 3498 3007 unquam
3548 2950 3654 2987 ces-

2068 3051 2234 3090 sasse.
2269 3032 2391 3099 Quo
2439 3031 2579 3086 nihil
2610 3047 2732 3085 cum
2765 3030 2834 3084 ab
2877 3027 3168 3100 Epiphanii
3218 3044 3406 3092 sensu,
3456 3035 3570 3080 tum
3619 3041 3650 3079 a

2063 3130 2295 3185 veritate
2327 3128 2442 3198 ipsa
2467 3127 2572 3182 dici
2607 3127 2840 3181 alienius
2881 3133 3083 3196 potest.
3121 3125 3280 3178 Anno
3325 3121 3491 3177 Urbis
3519 3121 3649 3183 691,

2063 3221 2330 3276 Cicerone
2361 3229 2414 3274 et
2441 3219 2678 3272 Antonio
2715 3232 2887 3283 coss.,
2918 3215 3160 3287 primum
3197 3231 3225 3268 a
3257 3213 3513 3283 Pompeio
3548 3213 3649 3266 tri-

2067 3315 2257 3368 butum
2305 3311 2511 3366 Judmis
2558 3308 2878 3379 impositum
2923 3315 3085 3364 est:a
3138 3322 3248 3376 quo
3287 3315 3533 3374 tempore
3583 3303 3650 3357 ad

2062 3405 2337 3475 Antipatri
2390 3403 2871 3474 procurationem,
2928 3416 3053 3471 quae
3102 3414 3249 3454 anno
3307 3397 3409 3451 707
3463 3396 3650 3466 erepit,

2063 3499 2192 3554 anni
2229 3507 2357 3553 sunt
2389 3512 2497 3551 non
2525 3497 2709 3566 plures
2731 3511 2864 3562 xvn,
2897 3493 3096 3548 nedum
3131 3508 3324 3547 novem
3356 3501 3407 3544 ct
3439 3489 3647 3558 viginti.

2063 3591 2274 3647 Herode
2307 3591 2524 3661 quidem
2558 3606 2741 3645 rerum
2769 3589 3009 3658 potiente
3055 3587 3321 3640 tributum
3345 3584 3516 3638 ullum
3543 3581 3651 3637 sal-

2067 3695 2174 3742 tem
2211 3684 2553 3741 ordinarium
2587 3693 2841 3740 exactum
2875 3681 3068 3747 fuisse,
3104 3695 3279 3748 neque
3317 3693 3504 3732 verum
3557 3663 3665 3728 ar-'

2064 3779 2259 3844 bitror,
2293 3793 2394 3832 nec
2435 3778 2555 3847 ejus
2590 3776 2926 3831 mentionem
2973 3773 3056 3828 vel
3106 3773 3290 3828 littera
3328 3787 3433 3825 una
3474 3768 3650 3824 Lucas

2065 3863 2265 3936 attigit.
2301 3861 2420 3917 Non
2445 3862 2590 3918 enim
2627 3859 3045 3932 ἀπογράφεσθαι
3081 3859 3225 3914 idem
3258 3859 3400 3912 valet
3429 3873 3494 3912 ac
3523 3871 3652 3911 cen-

2067 3971 2213 4019 sum,
2246 3954 2330 4009 vel
2365 3955 2632 4009 tributum
2665 3953 2914 4019 solvere;
2951 3959 3067 4016 aut,
3103 3951 3148 4004 si
3175 3948 3320 4003 istud
3353 3949 3531 4017 ipsum
3575 3946 3652 4002 si-

2068 4046 2376 4118 gniﬁcaret,
2411 4046 2598 4100 statim
2632 4044 2698 4099 de
2745 4042 3025 4098 ordinaria
3063 4040 3432 4112 pensitatione
3466 4038 3652 4108 potius

2065 4136 2477 4209 intelligendum
2511 4135 2809 4199 videretur,
2840 4149 3003 4204 quam
3045 4133 3112 4188 ad
3157 4129 3651 4186 extraordinariam

2065 4231 2435 4288 referendum.
2469 4230 2574 4285 Sed
2603 4243 2706 4284 nec
2734 4228 2866 4283 illud
2897 4227 3090 4297 probo,
3114 4225 3260 4296 quod
3302 4223 3502 4278 ibidem
3533 4220 3649 4276 dis-

2065 4333 2338 4397 putatur:
2387 4324 2676 4394 propterea
2723 4320 2958 4392 primam
3002 4319 3151 4372 illam
3187 4333 3218 4372 a
3246 4315 3478 4383 Quirino
3522 4329 3653 4369 cen-

2071 4417 2286 4474 sionem
2320 4415 2634 4470 institutam
2663 4413 2796 4477 dici,
2822 4409 2969 4480 quod
3001 4409 3250 4465 Romano
3277 4424 3428 4464 more
3457 4406 3652 4477 quinto

2069 4524 2292 4580 quoque
2340 4521 2487 4562 anno
2535 4521 2736 4561 census
2793 4505 3112 4559 haberetur.
3170 4500 3306 4556 Nam
3366 4516 3467 4556 nec
3519 4499 3651 4553 illud

385 4595 531 4659 quod
587 4594 778 4650 eodem
829 4595 1158 4666 pertinebat,
1221 4595 1495 4666 ascripsit.
1532 4594 1689 4662 Quod
1738 4596 1958 4666 quidem
1994 4609 2038 4663 ο
2067 4607 2329 4668 perpetuo
2358 4595 2611 4651 tenuitut
2635 4595 2880 4665 quinque
2905 4591 3428 4648 annis’vertentibus
3452 4603 3652 4644 census

383 4687 620 4744 Eusebio
653 4687 834 4744 fraudi
885 4687 1002 4742 fuit.
1055 4687 1158 4754 Qui
1195 4688 1263 4743 ad
1312 4703 1518 4744 annum
1561 4687 1784 4744 tertium
1835 4685 1960 4742 Julii

381 4779 637 4847 Caesaris,
671 4780 874 4851 olymp.
929 4778 1033 4834 188
1085 4780 1326 4846 tertium,
1373 4779 1633 4844 adnotat,
1681 4780 1960 4834 decretum

381 4882 606 4928 senatus
645 4880 701 4926 et
735 4870 1152 4926 Atheniensium
1197 4870 1262 4925 ad
1296 4868 1516 4926 Judaeos
1544 4886 1668 4927 esse
1708 4869 1960 4936 missum,

381 4966 476 5037 qui
500 4981 595 5036 per
612 4965 822 5035 legatos
844 4963 1145 5018 amicitiam
1165 4962 1532 5036 postularant.
1569 4959 1684 5017 Hoc
1713 4976 1844 5016 vero
1868 4961 1959 5016 diu

381 5067 509 5113 ante
535 5064 748 5128 gestum
777 5065 914 5123 erat,
948 5055 1050 5111 sub
1102 5053 1354 5126 Hyrcano
1390 5052 1640 5122 Seniore,
1692 5062 1752 5108 ut
1789 5053 1961 5108 cuivis

381 5158 626 5221 apparet.

454 5239 578 5295 Hagc
612 5241 793 5309 itaque
844 5238 1082 5294 societas
1112 5245 1197 5292 est
1241 5237 1356 5303 illa,
1397 5245 1452 5291 et
1485 5235 1744 5300 amicitia,
1796 5251 1957 5306 quam

378 5331 481 5386 sub
509 5329 739 5402 Augusti
799 5329 1014 5384 initium
1052 5328 1191 5382 inter
1213 5326 1430 5382 Judaaos
1462 5336 1516 5380 et
1547 5325 1827 5381 R‘omanos
1878 5326 1961 5379 in'-

379 5432 686 5479 stauratum
719 5423 878 5478 docet
907 5420 1269 5492 Epiphanius,
1304 5437 1425 5492 quae
1469 5419 1536 5474 ad
1567 5417 1694 5472 Julii
1726 5417 1958 5474 Caesaris

377 5525 623 5586 tempora
679 5515 839 5570 debet
885 5513 1117 5581 referri;
1151 5527 1275 5567 cum
1335 5510 1619 5583 Hyrcanus
1645 5509 1958 5566 Judaeorum

378 5605 647 5678 pontifex,
673 5615 728 5660 et
766 5606 1066 5662 ethnarcha
1095 5605 1289 5661 abillo
1337 5605 1673 5661 constitutus
1727 5613 1828 5660 est.
1881 5603 1960 5660 Ac

380 5711 493 5755 tum
516 5699 735 5771 quidem
768 5698 1018 5754 nonnihil
1053 5697 1240 5753 tributi
1294 5698 1516 5754 nomine
1563 5696 1958 5769 Hierosolymi-

379 5803 560 5857 tznos,
592 5790 915 5862 Judtcosque
946 5803 1174 5848 caeteros
1200 5789 1792 5863 pensitasseJosephus
1820 5792 1958 5846 indi.

377 5894 464 5944 cat
490 5887 664 5956 capite
711 5886 802 5942 illo
837 5884 921 5953 l7,
965 5885 1065 5943 etsi
1097 5883 1427 5955 perobscura
1457 5893 1585 5941 sunt
1612 5883 1824 5942 Juliana
1869 5884 1955 5940 illa

2066 4697 2340 4761 ageretur,
2374 4697 2429 4743 et
2477 4688 2642 4742 aliam
2691 4702 2919 4741 causam
2967 4700 3090 4742 esse
3141 4683 3493 4740 manifestum
3543 4689 3648 4744 est,

2065 4783 2135 4836 ob
2160 4797 2324 4852 quam
2356 4781 2532 4850 prima
2564 4780 2681 4835 haec
2710 4779 2780 4836 sit
2808 4779 3080 4849 appellata
3109 4777 3423 4846 descriptio,
3457 4773 3651 4829 videli-

2065 4885 2171 4941 cet,
2205 4875 2351 4943 quod
2401 4875 2571 4929 altera
2607 4882 2730 4943 post
2758 4873 3008 4928 Archelai
3045 4872 3437 4942 relegationem
3474 4868 3652 4923 eidem

2064 4967 2294 5035 Quirino
2325 4966 2580 5022 mandata
2606 4965 2795 5021 fuerit.
2829 4965 2905 5020 De
2944 4981 3054 5035 qua
3088 4979 3148 5019 re
3177 4963 3300 5018 vide
3329 4977 3452 5032 quae
3482 4959 3648 5014 υυιίθς

2064 5059 2182 5113 rius
2214 5065 2406 5113 noster
2450 5067 2506 5113 et
2550 5055 2819 5127 Keplerus
2855 5056 3073 5111 erudite
3109 5054 3466 5111 commentati
3502 5060 3650 5108 sunt.

2061 5148 2250 5221 Neque
2281 5149 2427 5204 enim
2478 5148 2755 5204 censionis
2800 5147 2971 5218 hujus
3016 5145 3355 5217 Epiphanius
3385 5143 3652 5208 meminit,

2065 5253 2125 5298 ut
2153 5257 2276 5298 eam
2303 5241 2464 5297 nobis
2498 5241 2860 5312 quaestionem
2894 5240 3172 5311 explicare
3202 5253 3428 5293 necesse
3463 5237 3554 5291 sit.

2134 5337 2314 5408 Atque
2355 5345 2415 5390 ut
2445 5335 2590 5392 hanc
2619 5335 2686 5389 de
2727 5333 2963 5389 Herodis
3007 5333 3168 5388 annis
3221 5331 3650 5402 disputationem

2063 5425 2358 5496 aliquando
2406 5426 2758 5490 concludam,
2807 5425 2877 5488 si,
2908 5425 3054 5495 quod
3090 5423 3400 5495 Epiphanio
3447 5424 3650 5494 placet,

2061 5532 2160 5572 vnt
2203 5517 2283 5572 Id.
2325 5516 2599 5588 Jan.,quo
2628 5517 2716 5572 die
2752 5525 2916 5571 natus
2947 5526 3028 5572 est
3062 5515 3340 5582 Christus,
3367 5530 3514 5570 anno
3555 5515 3653 5571 Ju-

2063 5605 2210 5662 liano
2235 5607 2338 5673 44,
2387 5605 2630 5664 Herodes
2677 5623 2883 5662 annum
2931 5607 3128 5679 agebat
3174 5606 3390 5676 imperii
3447 5623 3647 5674 xxxnt,

2062 5700 2182 5772 ejus
2218 5700 2434 5755 initium
2466 5699 2518 5754 in
2554 5698 2838 5754 Julianum
2875 5699 2934 5754 il
2970 5699 3245 5763 convenit,
3279 5699 3506 5755 biennio
3539 5711 3648 5753 tar-

2061 5792 2206 5860 dius,
2235 5808 2398 5864 quam
2429 5793 2659 5847 historia
2689 5792 2965 5862 postulat,
2995 5807 3119 5861 quae
3141 5791 3372 5845 alterum
3410 5789 3642 5846 Herodis

2063 5885 2283 5942 initium
2317 5881 2534 5942 Juliano
2563 5887 2596 5939 9
2624 5883 2895 5940 accidisse
2926 5881 3218 5939 conﬁrmat
3250 5899 3263 5936 :
3293 5895 3326 5937 a
3353 5893 3466 5950 quo
3506 5895 3637 5936 cum
