4118 6402
485 375 590 436 9-27

1628 377 1974 433 APPENDIX
2015 375 2652 434 DiSSEllTATlONUM.

3667 373 3786 432 9‘28

485 499 758 568 Jusrpbus
813 513 980 550 sntv
1027 496 1296 564 duntaxat
1331 512 1506 552 annos
1555 495 1824 550 llcrodcm
1881 497 2086 550 vixisse
2117 503 2158 558 Α
2191 495 2481 550 inchoatus
2525 495 2722 548 fuerat.
2773 493 2849 548 lta
2895 503 3008 558 est;
3047 493 3140 549 sed
3190 493 3330 548 κατά
3365 493 3631 564 πρόληψιν
3681 510 3782 549 se-

492 603 701 658 uarret,
755 589 1095 662 Epiphanius
1137 590 1277 644 libro
1327 605 1364 654 I,
1423 607 1478 644 n.
1535 591 1830 659 2.scptcm
1887 599 1940 643 ct
1980 591 2080 643 tri-

484 685 636 754 ginta
667 683 910 745 deducit,
941 683 1141 752 quibus
1189 683 1317 738 totis
1353 698 1615 752 regnasse
1659 691 1782 752 post
1835 681 2076 754 primum

481 775 760 828 decretum
799 773 1043 840 dicitur,
1079 791 1204 828 eum
1261 775 1458 828 horum
1521 776 1851 846 principium
1902 791 1931 827 a
1977 772 2078 828 Ju-

483 867 629 920 liano
661 873 818 920 sexto
855 867 1026 936 repeti
1067 866 1284 920 debeat.
1319 867 1593 931 Quocirca
1625 877 1857 921 mortem
1907 865 2074 921 Hero-

479 956 564 1010 dis
609 955 825 1010 coufert
859 957 912 1010 in
946 973 1150 1010 anmnn
1194 955 1480 1012 Julianum
1519 958 1623 1024 47;
1655 975 1780 1012 cum
1813 957 2077 1014 Dominus

479 1063 743 1120 quartum
788 1049 903 1117 jam
941 1064 1147 1102 annum
1181 1051 1359 1104 aetatis
1393 1051 1682 1119 attigisset.
1733 1048 1837 1104 Sed
1876 1051 1918 1104 si
1950 1067 2074 1104 vera

479 1148 628 1199 sunt,
660 1154 782 1208 qme
813 1136 1090 1207 JoseplIus
1116 1137 1183 1190 de
1217 1137 1428 1192 Herode
1465 1137 1805 1208 perscripsit,
1849 1152 2075 1190 necesse

478 1241 583 1294 est.
617 1241 674 1286 ut
716 1231 935 1286 Juliano
965 1231 1036 1284 4‘2
1071 1232 1372 1285 decesserit
1403 1249 1415 1284 :
1465 1231 1608 1284 unde
1658 1241 1709 1284 et
1753 1227 1984 1292 Natalis,
2017 1237 2075 1282 ut

478 1323 740 1386 diximus,
783 1321 998 1376 Domini
1031 1331 1287 1392 quatuor,
1329 1323 1410 1375 vel
1447 1322 1690 1392 quinque
1717 1325 1877 1378 annis
1918 1335 2073 1376 ante-

479 1415 773 1467 vertendus
803 1414 926 1468 erit.
965 1413 1097 1480 Qua:
1131 1415 1351 1483 quidem
1393 1431 1494 1469 nos
1543 1416 1785 1468 nondum
1825 1431 1886 1468 ex
1939 1417 2072 1484 opi—

481 1499 648 1558 nion'e
679 1515 866 1558 nostra
915 1506 1244 1570 constituta;
1275 1505 1366 1560 scd
1400 1523 1464 1560 ex
1490 1505 1714 1576 Joscphi
1751 1517 1950 1570 mente,
1985 1517 2070 1562 at-

481 1611 586 1665 que
615 1597 844 1652 historia
893 1599 1120 1652 collecta
1159 1599 1342 1652 haberi
1376 1599 1418 1653 ε’
1453 1599 1774 1664 lectoribus,
1810 1600 2072 1670 expendi-

483 1702 590 1756 que
617 1691 894 1744 volumus.
933 1689 1194 1760 Superest
1225 1701 1282 1745 ut
1304 1693 1370 1746 de
1403 1693 1636 1762 Augusti
1669 1707 1836 1758 anno,
1870 1692 1963 1762 qui
1987 1701 2071 1746 est

485 1779 626 1834 alius
673 1777 882 1836 Natalis
919 1782 1187 1837 Dominicr
1233 1783 1521 1838 character
1555 1785 1623 1840 ab
1653 1783 1959 1856 Epiphanio
1988 1785 2068 1840 al-

481 1873 645 1941 latus,
685 1875 1071 1945 perstringam.

691 2011 866 2078 Quoto
891 2011 1120 2082 Augusti
1149 2029 1286 2066 anno
1313 2023 1472 2067 natus
1504 2013 1573 2068 sit
1605 2013 1873 2070 Christus.

559 2145 722 2200 Anno
749 2145 1100 2214 imperatoris
1128 2144 1356 2216 Augusti
1398 2159 1516 2200 XLII
1556 2155 1746 2200 natum
1773 2161 1892 2200 esse
1921 2145 2072 2200 Chri-

485 2247 653 2302 stum,
697 2247 885 2294 censet
939 2237 1309 2308 Epiphanius,
1353 2253 1516 2308 quem
1573 2253 1786 2294 annum
1840 2255 1905 2293 ex
1959 2255 2068 2310 quo

481 2327 654 2384 ιιιιάεεὶ
687 2329 934 2384 Romano
965 2331 1194 2400 imperio
1226 2329 1501 2399 subjuncti
1539 2339 1690 2394 sunt,
1729 2345 1861 2384 xxIx
1897 2327 2070 2384 fuisse

485 2419 640 2474 dicit.
673 2418 796 2474 Tria
827 2421 1174 2490 potissimum
1197 2419 1424 2488 Augusti
1450 2421 1864 2474 constituuntur
1889 2420 2066 2476 initia.

485 2510 730 2566 Primum
764 2513 836 2566 ab
879 2511 998 2586 ipso
1030 2527 1197 2572 anno.
1253 2527 1364 2582 quo
1397 2508 1579 2566 Julius
1610 2511 1794 2567 Caesar
1842 2511 2069 2567 interfe-

485 2613 609 2656 ctus
635 2611 739 2666 εει,
769 2603 862 2671 qui
899 2611 981 2656 est
1015 2601 1178 2657 Urbis
1209 2603 1328 2667 7l0,
1361 2601 1615 2656 Julianus
1637 2603 1692 2666 2;
1732 2603 1969 2658 alterum
2000 2605 2069 2658 ab

489 2705 636 2747 anno
665 2693 936 2762 siquenii,
983 2691 1146 2748 Urbis
1181 2693 1280 2747 7ll
1311 2711 1324 2750 :
1357 2695 1576 2748 tertium
1615 2695 1685 2748 ab
1728 2695 1952 2750 Actiaca
1989 2696 2069 2750 vi-

484 2785 678 2850 ctoria,
707 2785 821 2841 sive
850 2801 880 2840 a
907 2785 942 2839 2
966 2785 1116 2857 Sept.
1153 2786 1282 2840 anni
1325 2785 1491 2842 Urbis
1523 2785 1649 2853 723,
1681 2797 1738 2841 ut
1771 2785 1871 2842 Dio
1900 2793 2071 2843 testa-

485 2888 579 2932 tur
630 2876 684 2930 in
715 2876 942 2932 exordio
993 2878 1088 2933 lib.
1129 2893 1201 2933 LI.
1259 2875 1396 2932 Hinc
1451 2879 1706 2934 diversus
1757 2879 1824 2934 ad
1861 2879 2066 2934 Christi

483 2965 730 3024 Natalem
767 2983 1035 3026 annorum
1067 2969 1296 3042 Augusti
1327 2985 1591 3027 numerus
1639 2971 1918 3027 statuitur.
1961 2969 2069 3027 Sed

487 3063 646 3134 vulgo
682 3079 790 3119 ιιιι
835 3063 957 3133 ejus
1001 3077 1146 3118 anno
1173 3071 1361 3116 natum
1392 3077 1516 3118 esse
1549 3061 1741 3118 Patres
1773 3063 2064 3128 atiirmant,

485 3155 782 3214 Eusebium
825 3155 1021 3222 secuti,
1068 3155 1162 3226 qui
1197 3155 1436 3225 idipsutn
1487 3154 1686 3210 Eccles.
1725 3155 1852 3210 hist.
1895 3155 1988 3210 lib.
2027 3171 2064 3219 I,

481 3265 605 3318 cap.
639 3247 692 3314 6,
713 3258 766 3303 et
801 3247 854 3302 in
886 3247 1160 3302 Chronicis
1191 3247 1428 3318 scripsit.
1455 3247 1610 3314 Quod
1632 3247 2064 3302 autemAnnales

481 3340 832 3394 ecclesiastici
885 3339 1150 3402 tradunt,
1204 3354 1302 3392 eos
1339 3337 1432 3408 qui
1479 3340 1531 3392 in
1581 3349 1785 3393 aunum
1832 3337 2062 3410 Augusti

485 3447 598 3487 XLII
653 3430 898 3486 Natalem
935 3433 1140 3487 Christi
1170 3429 1486 3496 conferunt,
1512 3430 1579 3483 ab
1607 3431 1728 3499 ipso
1755 3445 1924 3496 anno,
1953 3446 2064 3500 quo

483 3523 666 3578 Julius
698 3523 880 3578 Caesar
908 3523 1230 3578 interfectus
1259 3529 1365 3587 est,
1390 3537 1565 3576 annos
1579 3523 1821 3576 exordiri
1847 3541 1860 3576 :
1899 3523 2064 3577 simul

483 3615 632 3685 quod
681 3615 1032 3670 librariorum
1091 3615 1252 3684 culpa
1303 3613 1507 3669 factum
1557 3625 1772 3685 putant,
1837 3625 1898 3670 ut
1937 3631 2063 3670 cum

487 3705 754 3761 Eusebius
797 3707 915 3774 ipso
967 3721 1112 3759 anno
1153 3704 1383 3760 Julianus
1417 3707 1586 3771 necis,
1633 3707 1728 3776 qui
1773 3717 1855 3760 cst
1896 3707 2060 3778 olym.

485 3795 590 3850 184
621 3799 854 3868 primus,
899 3797 1130 3869 Augusti
1175 3798 1450 3866 posuisset
1491 3797 1730 3862 initium,
1775 3797 1828 3852 id
1867 3799 1920 3852 in
1979 3813 2066 3854 sc-

483 3899 740 3958 quentem
776 3891 1104 3942 translatum
1139 3887 1304 3957 fuerit
1327 3887 1792 3956 quemadmodum
1817 3899 1868 3946 et
1897 3887 2062 3944 Nata-

483 3981 552 4036 lis
581 3981 786 4036 Christi
827 3982 880 4035 in
917 3999 1120 4036 annum
1167 3982 1385 4036 tertium
1417 3983 1621 4053 olymp.
1657 3981 1778 4048 194,
1811 3997 1936 4036 cum
1972 3997 2060 4038 se-

483 4077 666 4129 cundo
691 4087 756 4129 ex
787 4083 970 4129 mente
1009 4073 1224 4128 Eusebii
1273 4083 1564 4144 competat,
1615 4083 1872 4130 neutrum
1919 4075 2054 4130 mihi

483 4163 701 4234 quidem
741 4165 1020 4234 probatur.
1064 4163 1120 4218 ln
1159 4163 1350 4234 prunis
1406 4165 1554 4218 enim
1595 4166 1736 4235 apud
1765 4163 2060 4220 Eusebium

487 4257 543 4311 in
603 4257 848 4312 editione
893 4255 1138 4322 Pontaei,
1191 4256 1475 4312 Octaviani
1535 4257 1752 4312 initium
1808 4259 2062 4329 alligatur

483 4364 670 4402 annua
693 4350 926 4404 Caesaris
949 4365 1082 4402 nece
1107 4349 1378 4418 proximo,
1411 4349 1736 4420 Olympiadis
1777 4351 2020 4405 secundo
2045 4369 2058 4404 :

481 4437 690 4495 Natalis
731 4456 859 4495 vero
921 4441 1126 4496 Christi
1171 4457 1314 4496 anno
1341 4441 1502 4496 tertio
1537 4442 1704 4512 olym.
1741 4441 1864 4506 194,
1913 4441 2058 4511 quod

2187 589 2430 640 cundum
2485 597 2540 642 et
2589 585 3074 656 quadragesimum
3135 601 3339 640 annum
3390 601 3421 640 a
3471 583 3588 638 Kal.
3643 584 3772 642 Jan.

2187 681 2426 749 incepit;
2457 679 2603 750 quod
2641 678 2921 748 plerisque
2967 678 3281 748 scriptorib.
3311 678 3434 732 aliis
3475 689 3558 732 est
3607 679 3776 732 faint-

2183 771 2340 825 liare.
2382 771 2515 824 Nam
2559 771 2704 840 quod
2757 771 2826 825 ab
2867 767 3029 824 Urbis
3071 785 3215 824 anno
3261 769 3396 834 711,
3426 767 3643 825 Juliano
3701 773 3766 836 3,

2181 863 2416 934 Auguin
2453 879 2626 918 annos
2669 871 2973 932 computet,
3005 871 3330 932 argumento
3359 872 3448 916 est
3487 866 3768 933 temporis.

2183 975 2298 1028 quo
2343 958 2654 1026 illlpel'a\it,
2723 957 2814 1010 illa
2857 957 3113 1026 partitio;
3156 970 3262 1025 qua
3315 955 3546 1024 primum
3591 971 3770 1008 annos

2181 1051 2444 1104 tredecim
2501 1050 2799 1118 imperasse
2845 1047 3072 1110 scribit,
3129 1045 3296 1116 πρινὴ
3344 1047 3444 1117 τὴν
3507 1045 3764 1100 Ἰουδαίαν

2182 1141 2522 1212 συναφοῆναι
2555 1140 2774 1202 τελείως
2823 1138 3114 1208 Ῥωμαίοις
3135 1179 3149 1202 ,
3183 1139 3326 1206 quod
3354 1152 3497 1192 anno
3525 1138 3634 1200 illi,
3669 1139 3764 1208 qui

2175 1235 2457 1289 Actiacam
2494 1233 3040 1288 victoriam'seculus
3082 1243 3186 1296 est,
3241 1233 3514 1301 congruit,
3543 1227 3762 1284 Juliano

2176 1327 2386 1382 scilicet
2419 1325 2499 1382 l6.
2529 1325 2892 1393 Quamobrem
2925 1339 2954 1378 a
2979 1322 3200 1377 Juliano
3223 1325 3383 1377 tertio
3405 1322 3470 1376 ad
3491 1322 3760 1376 decimum

2174 1421 2428 1488 quintum
2487 1419 2616 1472 anni
2661 1417 2923 1472 tredecim
2975 1417 3250 1470 exsistunt
3293 1435 3306 1469 :
3343 1415 3541 1486 quibus
3591 1415 3762 1469 additi

2181 1509 2274 1576 29,
2317 1525 2590 1564 summam
2641 1525 2752 1562 χιιι
2799 1507 3121 1572 coniiciunt,
3181 1522 3413 1576 quorum
3455 1515 3766 1576 postremus

2172 1603 2242 1658 44
2275 1601 2500 1657 Juliano
2537 1601 2746 1670 incipit,
2781 1599 3083 1669 etquidem
3123 1613 3188 1650 ex
3227 1597 3290 1649 A.
3344 1595 3407 1650 ι).
3455 1595 3574 1649 Kal.
3610 1594 3760 1655 Jan..

2173 1707 2232 1751 ut
2259 1697 2463 1750 dictum
2503 1701 2610 1750 est.
2651 1693 2825 1760 Quam
2861 1692 2932 1746 ob
2960 1705 3180 1744 causam
3221 1705 3364 1743 anno
3407 1690 3634 1758 Augusti
3671 1703 3762 1741 ιιι

2173 1791 2376 1862 potius,
2428 1805 2591 1860 quam
2631 1803 2740 1841 XLII
2768 1785 2974 1840 Natalis
3004 1781 3206 1840 Christi
3247 1782 3606 1852 assignandus
3635 1780 3772 1841 fuit,

2099 1853 2142 1909 Β
2167 1853 2292 1938 cum
2351 1879 2574 1945 lrenzeo,
2608 1877 2860 1942 'l‘ertull.,
2907 1875 3028 1930 aliis
3069 1875 3464 1945 compluribus.
3491 1873 3760 1928 Cancrum

2173 1971 2314 2024 idem
2339 1971 2426 2024 ille
2457 1983 2634 2024 annus
2659 1979 2782 2038 post
2811 1967 3090 2020 Actiacam
3119 1965 3404 2020 victoriam
3435 1973 3518 2019 est
3547 1979 3716 2018 xerII
3743 1979 3760 2028 ;

2173 2063 2426 2116 Actiacos
2446 2061 2590 2115 enim
2625 2075 2800 2113 annos
2832 2055 3072 2128 [Egyptii
3109 2071 3398 2110 numerare
3421 2063 3702 2124 coeperunt
3725 2070 3760 2110 a

2171 2153 2390 2208 Juliano
2439 2151 2526 2218 16,
2579 2149 2742 2206 Urbis
2785 2149 2909 2206 724.
2957 2149 3144 2218 itaque
3193 2148 3485 2202 vicesimus
3533 2155 3760 2204 octavus

2179 2249 2347 2318 cmpit
2373 2245 2592 2302 Juliano
2623 2245 2712 2307 43,
2746 2243 2999 2314 idemque
3021 2251 3074 2298 et
3101 2250 3362 2312 sequente
3381 2239 3618 2306 Juliano,
3645 2257 3762 2310 quo

2173 2347 2332 2390 natus
2355 2344 2439 2390 est
2473 2351 2538 2388 ex
2583 2333 2872 2403 Epipbanii
2909 2333 3178 2388 sententia
3205 2331 3480 2394 Christus,
3513 2330 3762 2385 Januarii

2171 2445 2249 2494 vI,
2287 2429 2470 2482 adhuc
2501 2429 2554 2481 in
2587 2443 2753 2481 cursu
2785 2437 2925 2492 erat,
2961 2442 3122 2496 quem
3151 2427 3242 2480 ille
3281 2435 3458 2480 tamen
3495 2442 3620 2479 an:
3659 2443 3764 2495 ap-

2171 2521 2334 2592 pellat
2373 2540 2384 2574 :
2423 2521 2568 2590 quod
2613 2519 2714 2574 nisi
2761 2518 2942 2584 fallor,
2983 2527 3176 2574 contra
3209 2529 3374 2590 atque
3403 2519 3758 2574 Alexandrini

2171 2621 2590 2670 consueverant.
2630 2629 2659 2666 a
2711 2611 2828 2666 Kal.
2880 2609 3002 2665 Jan.
3037 2613 3372 2678 auspicetur.
3421 2609 3600 2682 Neque
3627 2629 3772 2669 vero

2171 2715 2352 2755 causa!
2383 2699 2683 2770 quidquam
2723 2699 2842 2763 fuit,
2877 2717 2977 2756 cur
3029 2701 3082 2754 iu
3129 2700 3430 2754 Annalibus
3475 2701 3602 2758 eccl.
3653 2705 3764 2757 mi-

2172 2799 2294 2846 rum
2329 2793 2624 2854 videretur,
2654 2793 2796 2862 quod
2822 2791 3076 2846 Clemens
3095 2803 3148 2846 et
3168 2791 3438 2848 Eusebius
3451 2795 3520 2849 ab
3535 2795 3766 2852 Actiaca

2175 2897 2358 2955 pugna
2423 2895 2602 2937 annos
2664 2881 2729 2936 ad
2779 2879 3026 2938 Natalem
3091 2881 3314 2938 Domini
3375 2897 3762 2955 computarent

2175 2989 2366 3036 xvaII,
2400 2983 2496 3030 aut
2529 2974 2676 3046 quod
2717 2971 2990 3030 Eusebius
3016 2975 3070 3028 in
3110 2973 3392 3031 Chronicis
3457 2973 3760 3028 Antonium

2171 3074 2226 3120 et
2273 3064 2626 3134 Cleopatram
2681 3065 2988 3120 debellatos
3039 3067 3328 3137 scripserit
3389 3083 3536 3124 anno
3597 3071 3762 3124 tertio

2171 3155 2376 3225 olymp.
2431 3154 2555 3218 187,
2600 3171 2724 3209 cum
2757 3171 2818 3210 ca
2851 3155 3078 3209 victoria
3113 3171 3258 3212 anno
3283 3155 3447 3213 Urbis
3491 3161 3762 3214 accideret

2170 3247 2295 3312 725,
2325 3247 2570 3318 Augusto
2617 3263 2675 3302 III
2721 3257 2774 3301 et
2803 3245 3032 3304 Messala
3077 3251 3577 3322 coss.,nlympiadis
3611 3267 3764 3305 anno

2172 3339 2334 3392 tertio
2374 3355 2386 3392 :
2421 3353 2546 3392 nam
2575 3337 2784 3392 Actiaci
2835 3339 2988 3406 anni,
3039 3339 3241 3410 quibus
3295 3339 3548 3396 Clemens
3593 3353 3762 3411 atque

2171 3430 2438 3486 Eusebius
2485 3429 2569 3484 usi
2625 3439 2775 3494 sunt,
2817 3445 2926 3484 non
2983 3429 3053 3484 ab
3099 3431 3220 3499 ipso
3275 3445 3442 3492 anno,
3481 3431 3536 3484 in
3590 3447 3757 3500 quem

2169 3537 2346 3593 pugna
2401 3537 2465 3576 ac
2499 3521 2730 3575 victoria
2773 3521 2988 3584 cecidit,
3019 3521 3116 3576 sed
3161 3538 3189 3576 a
3240 3524 3489 3592 sequenti
3542 3523 3756 3586 ineunt,

2166 3614 2488 3686 Olympiadis
2535 3613 2636 3667 187
2698 3613 2879 3678 tertio,
2925 3621 3048 3684 post
3086 3613 3309 3668 Antonii
3356 3621 3410 3667 et
3453 3612 3758 3684 Cleopatras

2167 3721 2377 3760 necem.
2411 3703 2566 3758 Unde
2600 3721 2776 3760 annos
2811 3705 3043 3775 Augusti
3089 3705 3335 3774 plerique
3368 3715 3499 3760 sunt
3544 3707 3754 3767 exorsi,

2165 3795 2260 3865 qui
2307 3803 2596 3865 propterea
2645 3811 2788 3850 anno
2817 3795 3050 3866 Augusti
3103 3809 3276 3848 xxvm
3325 3803 3514 3848 natum
3564 3795 3755 3852 dixere

2165 3887 2474 3942 Christum.
2522 3885 2848 3956 Quanquam
2895 3886 2950 3940 in
2981 3901 3048 3941 eo
3093 3885 3310 3957 negotio
3341 3886 3626 3957 diligenter
3657 3889 3757 3943 ha~

2167 3977 2347 4032 benda
2381 3978 2522 4032 ratio
2546 3985 2652 4044 cst,
2699 3977 2830 4046 quid
2871 3977 3173 4048 scriptores
3215 3977 3269 4032 in
3311 3977 3545 4032 Actiacic
3579 3979 3759 4034 victo-

2167 4071 2262 4126 ria:
2312 4071 2520 4142 epocha
2571 4069 3054 4126 commemoranda
3111 4069 3216 4124 sibi
3269 4071 3559 4126 voluerint.
3613 4071 3754 4127 Nam

2165 4181 2291 4220 cum
2322 4165 2568 4219 Actiacos
2597 4179 2761 4217 annos
2804 4163 3140 4232 exprimunt,
3197 4178 3226 4216 a
3259 4161 3478 4217 Juliano
3523 4164 3610 4230 16,
3655 4167 3756 4235 qui

2167 4259 2388 4311 Actiaca
2431 4257 2660 4310 victoria
2709 4255 2982 4325 posterior
3031 4263 3135 4322 est,
3185 4255 3470 4324 incipiunt.
3533 4257 3632 4310 Sin
3681 4259 3756 4312 ab

2166 4349 2392 4404 Actiaca
2441 4349 2672 4403 victoria
2707 4345 2788 4402 tot
2824 4363 3002 4402 annos
3043 4348 3260 4418 elapsos
3290 4363 3412 4403 esse
3445 4345 3649 4412 dicant,
3681 4351 3756 4404 ab

2167 4441 2403 4511 ipsomet
2437 4457 2632 4513 pugna-2.
2661 4441 2869 4494 navalis
2901 4455 3048 4494 anno
3079 4441 3289 4494 ducunt
3333 4440 3569 4495 initium.
3601 4441 3754 4507 Quo-

481 4539 536 4586 et
558 4529 832 4584 Pontacus
871 4529 988 4599 ipse
1017 4532 1098 4584 vir
1124 4532 1376 4588 eruditus
1405 4533 1745 4602 argumentis
1773 4534 2057 4603 approbat.
2099 4551 2144 4608 ι)
2170 4534 2315 4588 circa
2339 4573 2354 4595 ,
2405 4533 2681 4587 immerito
2741 4529 3022 4602 Scaligero
3073 4541 3292 4586 notatur
3346 4533 3753 4587 eruditissimus

482 4619 636 4674 Adde
680 4620 830 4690 quod
865 4619 1139 4678 Eusebius
1163 4624 1408 4692 Augusto
1439 4637 1614 4678 annos
1666 4624 1899 4692 imputat
1951 4639 2061 4690 LVI,

482 4727 701 4768 menses
729 4729 800 4778 vr,
833 4713 934 4768 hoc
963 4723 1044 4768 est
1075 4715 1391 4770 inchoatum
1421 4731 1556 4770 LvII.
1584 4717 1765 4783 Quare
1791 4731 1917 4772 cum
1947 4719 2064 4772 Au-

482 4814 675 4874 gustus
711 4819 856 4858 anno
891 4802 1053 4860 Urbis
1085 4805 1182 4858 767
1221 4789 1438 4862 duobus
1478 4805 1662 4861 Sextis
1711 4821 1858 4862 coss.
1911 4823 2062 4862 mor-

482 4904 610 4951 tuus
629 4897 720 4962 sit,
747 4911 835 4950 xlv
863 4895 980 4950 Kal.
1015 4897 1164 4966 Sept.
1197 4913 1375 4954 annus
1407 4899 1550 4968 apud
1577 4897 1873 4954 Eusebium
1901 4899 2064 4969 quin-

481 4987 836 5058 quagesimus
899 4988 1167 5056 septimus
1229 5003 1259 5042 a
1310 4989 1502 5044 Martio
1555 4989 1741 5044 debuit
1784 4989 2062 5058 incipere,

483 5080 716 5151 ideoque
745 5083 954 5151 primus
983 5082 1174 5136 incidit
1205 5082 1258 5136 in
1303 5080 1468 5136 Urbis
1494 5084 1618 5136 71-1.
1661 5083 1852 5152 Itaque
1885 5099 2064 5138 annus

481 5173 710 5242 Augusti
756 5189 866 5226 IILII
917 5175 1082 5243 crrpit
1117 5171 1282 5229 Urbis
1333 5191 1478 5229 anno
1529 5175 1654 5240 752,
1701 5173 1920 5229 Juliano
1961 5175 2061 5242 44;

479 5266 753 5336 Josephus
781 5281 908 5320 vero
933 5266 1026 5320 lib.
1063 5283 1100 5320 II
1131 5265 1202 5320 De
1225 5269 1454 5334 excidio,
1479 5283 1602 5339 cap.
1627 5267 1681 5332 8,
1706 5285 1830 5324 cum
1851 5270 2062 5340 imperii

479 5373 658 5412 annos
697 5367 953 5412 numerat
1006 5373 1139 5423 LvII,
1176 5373 1390 5414 menses
1440 5375 1515 5424 vI,
1556 5359 1674 5414 dies
1720 5377 1778 5426 II,
1824 5361 1894 5416 ab
1945 5363 2064 5432 ipso

479 5465 626 5504 anno
656 5447 887 5504 Iuliana:
919 5449 1085 5505 caedis
1116 5451 1366 5510 orditur:
1399 5461 1453 5506 et
1475 5452 1696 5521 quidem
1725 5461 1945 5522 postero
1975 5453 2064 5508 die

481 5541 550 5595 ab
579 5541 759 5596 Idibus
787 5539 1021 5595 Martiis.
1059 5539 1400 5610 Epiphanius
1438 5549 1644 5607 autem,
1670 5543 1766 5612 qui
1803 5559 1946 5598 anno
1973 5541 2064 5598 Ju-

481 5633 630 5690 liano
670 5633 762 5698 44,
795 5643 984 5688 natum
1033 5631 1372 5688 Salvatorem
1409 5633 1661 5700 credidit,
1693 5651 1786 5688 vnI
1814 5634 1891 5689 ιιι.
1936 5635 2058 5692 Jan.

483 5741 630 5780 anno
655 5725 886 5796 Augusti
915 5743 1048 5792 IILII,
1082 5726 1296 5780 initium
1332 5727 1454 5796 ejus
1485 5727 1674 5782 statuit
1699 5726 1917 5784 Juliano
1947 5739 2057 5784 ter-

485 5819 586 5887 tio,
618 5817 782 5877 Urbis
810 5820 932 5887 7H,
979 5819 1122 5889 atqui
1154 5820 1395 5874 nondum
1427 5836 1558 5885 χιιι,
1591 5819 1854 5877 Januario
1873 5837 2061 5878 mense

2167 4624 2432 4680 Onul'rius
2465 4642 2480 4677 :
2516 4626 2661 4694 quod
2708 4640 2832 4679 cum
2882 4635 3069 4677 natum
3111 4640 3234 4678 esse
3267 4623 3550 4678 Christum
3595 4639 3754 4679 asse-

2170 4715 2394 4780 ruisset,
2421 4717 2669 4786 Augusto
2701 4730 2797 4770 Iun
2831 4723 2886 4770 et
2914 4713 3138 4768 Silvano
3173 4731 3318 4770 coss.
3369 4713 3498 4786 (Est
3531 4715 3618 4769 hic
3647 4731 3753 4768 an-

2167 4825 2270 4864 nus
2297 4807 2548 4863 Julianus
2573 4808 2664 4874 44,
2696 4807 2898 4879 olymp.
2949 4807 3050 4861 194
3078 4807 3323 4879 tertius),
3364 4809 3611 4862 eumdem
3647 4807 3756 4862 Ur-

2166 4901 2252 4955 bis
2301 4914 2424 4956 esse
2474 4899 2729 4954 statuerit
2779 4897 2916 4961 752,
2971 4898 3252 4952 Actiacum
3308 4915 3436 4952 xxx.
3485 4899 3750 4969 Scaligcri

2165 4991 2328 5045 verba
2359 4997 2486 5044 sunt
2519 4991 2612 5043 lib.
2645 5006 2695 5042 vI
2731 4989 2808 5042 De
2839 4989 3042 5042 emend.
3071 5005 3088 5042 :
3125 4987 3265 5041 Nam
3289 4989 3618 5042 verissimum
3649 5003 3752 5050 est,

2165 5082 2503 5138 consulatum
2547 5081 2776 5152 Augusti
2807 5095 2903 5136 xm
2941 5081 3272 5134 concurrisse
3287 5097 3404 5133 cum
3427 5097 3566 5132 anno
3591 5084 3753 5134 tertio

2165 5175 2361 5246 olymp.
2401 5173 2518 5228 194.
2556 5171 2658 5228 Sed
2688 5189 2808 5228 eum
2849 5189 3048 5226 annum
3088 5171 3348 5226 Petilium
3392 5171 3754 5226 Varroniano-

2167 5279 2284 5317 rum
2331 5263 2494 5330 fuisse
2527 5263 2666 5330 752,.
2707 5273 2758 5316 et
2803 5263 3084 5316 Actiacum
3125 5261 3350 5316 50:hoc
3395 5279 3512 5316 vero
3547 5264 3754 5332 falsum

2164 5367 2261 5410 est.
2301 5352 2416 5408 Uno
2439 5355 2578 5408 enim
2613 5371 2752 5407 anno
2782 5353 2901 5424 plus
2927 5354 3079 5407 dicit.
3111 5353 3218 5406 Sed
3247 5355 3364 5408 haec
3389 5370 3516 5409 cum
3541 5355 3752 5410 scribe-

2165 5455 2247 5501 ret
2277 5447 2512 5518 vigilans
2547 5447 2857 5500 somniabat
2887 5445 3148 5516 Scaliger.
3177 5443 3326 5499 Nihil
3361 5448 3506 5500 enim
3537 5448 3751 5502 certius

2162 5549 2265 5605 est,
2297 5555 2462 5610 quam
2509 5554 2574 5592 ex
2617 5537 2909 5603 Varronis,
2968 5538 3253 5608 ipsiusque
3281 5537 3419 5592 adeo
3481 5535 3750 5609 Scaligeri

2164 5637 2399 5698 ratione,
2447 5633 2796 5688 consulatum
2834 5633 3064 5703 Augusti
3095 5647 3194 5686 xm
3221 5639 3276 5686 et
3303 5631 3507 5686 Silvani
3548 5631 3615 5686 ad
3647 5645 3748 5683 an-

2164 5744 2296 5784 num
2341 5726 2507 5782 Urbis
2555 5725 2658 5781 752
2691 5727 2988 5798 pertinere,
3033 5722 3312 5779 Julianum
3343 5723 3436 5792 4-4,
3477 5739 3590 5794 per.
3629 5720 3747 5778 Jul.

2165 5821 2325 5888 4712,
2355 5819 2506 5889 cyclo
2529 5819 2661 5875 solis
2691 5835 2804 5886 IIIx,
2835 5821 2976 5876 lunae
3007 5836 3122 5885 γιιι,
3155 5819 3344 5874 indict.
3375 5833 3434 5873 II.
3457 5815 3556 5873 Est
3577 5817 3748 5871 etiam
