4118 6402
357 299 462 355 9‘29
1539 293 1630 349 DE
1667 289 1858 348 ANNO
1898 290 2156 346 NATALI
2195 292 2498 351 CHRISTI.
3548 297 3655 353 $30

356 414 448 468 hic
477 427 656 466 annus
687 387 766 467 ‘ab
802 412 1024 468 Actiaca
1072 424 1250 483 pugna
1295 411 1636 476 tricesimus,
1666 411 1712 464 si
1743 423 1948 464 annum
1980 415 2026 467 A
2195 410 2464 483 Πᾴνεμος.
3033 412 3233 469 Julius.

357 505 536 574 ipsum
573 520 770 575 pugna
800 507 1347 575 primumnumeres.
1380 503 1570 575 Neque
1593 518 1726 558 vero
1757 503 1945 555 Actia-

1709 518 1726 557 )
1757 503 1945 555 Actia-
2193 480 2366 551 Αῷοςξ
3031 487 3335 555 Angustus.

1782 595 1792 603 .
1867 595 1878 603 .
2195 549 2505 603 Foomai‘oc.
3033 555 3335 603 Sentemhei

359 555 536 574 τμη-
573 555 767 575 ἵνα---
1380 555 1399 557 _
1434 555 1455 560 ,
1479 555 1564 575 Γ--
1704 555 1716 557 ἡ

356 613 476 650 cum
497 613 695 652 annuat
720 613 828 651 xxx
859 612 982 652 esse
1007 597 1146 651 dixit
1164 595 1429 652 Onul‘rius
1460 615 1472 650 :
1502 595 1595 650 sed
1619 604 1736 664 post
1761 595 1943 649 Actia--

1761 595 1943 649 Actia-a
2195 555 2505 640 FOPR‘GEO93
2583 625 2606 640 ,
3033 555 3373 624 September.

2216 622 2684 694 Υπερδερεταιοςο
3031 624 3286 682 Oetoher.

358 705 478 742 cam
510 691 811 754 victoriam,
841 690 944 744 hoc
971 701 1054 744 est
1085 691 1369 745 Actiacum
1399 707 1550 746 xxix.
2196 690 2358 755 Δῖος(
2449 690 2460 694 ⁷
3031 695 3358 750 November.

431 782 718 836 Postremo
755 783 808 836 in
841 799 948 837 :era
980 783 1314 855 Dionysiana
1361 794 1512 840 extra
1545 783 1944 838 dubitationem
2206 762 2538 828 Ἀπελλαῖοςο
3039 766 3354 824 Deceml“-

352 884 462 935 cst.
497 874 776 929 Christum
814 874 1047 946 Augusti
1083 892 1235 941 XLIII,
1275 877 1498 932 Actiaco
1535 892 1667 932 vero
1706 892 1812 930 xxx
1849 890 1948 929 na-
2124 871 2256 940 Quae
2299 877 2572 932 mensium
2634 878 2924 933 concordia
2981 893 3049 934 ex
3097 878 3355 944 Socrate,
3398 877 3653 948 Evagrio,

357 975 474 1019 tum
512 981 652 1021 esse.
713 964 870 1031 Quod
921 965 968 1022 si
1020 965 1090 1020 40
1121 967 1205 1021 vel
1239 968 1302 1021 41
1337 967 1561 1022 Juliano
1602 983 1667 1022 ex
1713 968 1948 1021 aliorum
2058 961 2247 1030 Snida,
2303 974 2546 1021 veterum
2588 969 2947 1023 com-iliorum
2986 969 3454 1040 inscriptionibus,
3490 977 3542 1022 et
3568 968 3654 1022 in-

359 1057 628 1113 sententia
666 1069 821 1114 ortus
865 1068 1039 1127 esset,
1077 1060 1130 1115 id
1166 1061 1219 1114 in
1268 1060 1375 1127 58,
1419 1061 1503 1115 vel
1536 1060 1606 1115 59
1644 1059 1947 1126 Julianum,
2061 1055 2228 1112 ﬁnitis
2267 1057 2388 1113 aliis
2440 1060 2769 1116 testimoniis
2835 1061 2990 1116 tidem
3045 1071 3304 1117 meretur.
3353 1060 3490 1114 Illud
3526 1073 3656 1113 vero

359 1152 642 1206 Actiacum
679 1167 805 1206 vero
834 1168 965 1214 xxv,
998 1153 1082 1208 vel
1117 1153 1189 1206 26
1221 1153 1560 1208 conveniret.
2059 1157 2296 1213 constat.
2332 1149 2694 1220 Epiphaniuni
2728 1167 2910 1208 meros
2951 1169 3170 1210 menses
3198 1152 3448 1209 Julianos
3492 1153 3658 1207 intel-

427 1242 545 1297 Col.
595 1242 700 1297 952
746 1243 804 1297 Β.
865 1244 1281 1312 Γεννηθέντος
1323 1245 1392 1298 δὲ
1451 1244 1640 1299 αὐτοῦ
1680 1243 1814 1313 περὶ
1846 1243 1954 1298 τὸν

2061 1242 2248 1310 ligere.
2281 1240 2419 1296 Nam
2459 1243 2723 1315 Audynari
2775 1245 2875 1316 τὴν
2923 1245 3093 1318 ἕκτην
3127 1246 3146 1316 (
3173 1261 3458 1316 perperam
3492 1245 3653 1298 ἕκτου

373 1333 800 1404 Ἰαννουὰριον.
827 1335 1321 1392 annlentissimus
1338 1338 1428 1392 hic
1449 1337 1603 1392 locus
1621 1345 1735 1392 est:
1764 1336 1817 1389 in
1844 1350 1954 1404 quo
2062 1334 2326 1404 scriptum
2346 1334 2448 1404 est)
2467 1351 2591 1391 cum
2619 1354 2669 1391 γι
2692 1334 2918 1392 Januar.
2943 1347 3242 1408 comparat.
3265 1336 3476 1393 Rursus
3503 1337 3648 1392 enim

360 1425 607 1482 Natalem
623 1428 827 1482 Christi
853 1429 994 1481 diem
1019 1430 1434 1485 accuratissime
1447 1429 1871 1485 circumscribit.
1888 1425 1957 1480 Et

2063 1425 2260 1478 vitiosa
2309 1425 2468 1480 lectio
2520 1435 2605 1480 est
2645 1427 2875 1498 πέμπτη
2929 1427 3297 1498 Ἰανουαρίου,
3353 1441 3452 1495 pro
3495 1424 3653 1494 ἕκτη.

365 1521 584 1590 quidem
615 1520 679 1574 A.
726 1519 788 1574 D.
819 1537 913 1574 Vill
955 1520 1034 1574 ld.
1065 1520 1324 1584 Jan.,hoc
1350 1530 1435 1576 est
1479 1520 1723 1576 Januarii
1765 1537 1841 1584 Vl,
1901 1521 1956 1573 in
2067 1517 2309 1571 Tametsi
2343 1518 2642 1573 Cornarius
2673 1521 2916 1589 quintam
2949 1518 3202 1573 Januarii
3233 1519 3475 1584 verterit,
3511 1517 3657 1588 quod

366 1629 529 1683 quem
558 1611 986 1682 Epiphaniorum
1022 1612 1219 1668 festum
1254 1613 1482 1680 incidit,
1517 1623 1700 1668 natum
1738 1628 1960 1669 asseve-
2068 1609 2347 1664 nonnullis
2398 1610 2658 1679 imposuit
2699 1627 2712 1662 :
2761 1612 2855 1682 qui
2908 1612 3023 1667 lucc
3076 1611 3272 1681 Epiph.
3327 1611 3494 1666 verba
3551 1609 3660 1680 πρὸ

365 1716 448 1760 rat
475 1745 490 1766 .
523 1720 588 1760 ex
619 1703 896 1759 communi
944 1702 1327 1775 {Egyptiorum
1376 1705 1645 1760 sententia
1668 1745 1683 1768 ,
1735 1704 1804 1760 de
1849 1718 1958 1774 qua
2068 1697 2212 1750 ὀκτὼ
2244 1699 2414 1753 Είδῶν
2440 1701 2520 1754 sic
2549 1702 2826 1771 accepisse
2846 1702 3121 1764 videntur,
3148 1702 3306 1772 quasi
3339 1709 3485 1756 esset
3513 1701 3656 1770 prid.

368 1797 605 1854 subinde
635 1796 884 1862 nonnihil
916 1797 1273 1852 disseremus.
1318 1795 1422 1852 Sed
1455 1796 1689 1867 primum
1727 1796 1957 1868 singula:
1993 1780 2033 1835 Β
2061 1807 2157 1844 vni
2195 1791 2340 1853 ldus,
2394 1793 2498 1846 hoc
2539 1801 2624 1846 est
2667 1791 2836 1848 Nonis
2891 1795 3025 1864 ipsis
3063 1792 3336 1848 Januarii.
3394 1792 3499 1848 Sed
3550 1791 3660 1862 πρὸ

370 1899 676 1960 temporum
710 1889 1022 1943 notationes
1055 1888 1230 1943 obiter
1268 1888 1654 1958 percurrendaa
1685 1897 1851 1958 atque
1892 1887 1959 1941 iI-
2064 1882 2209 1938 ὀκτὼ
2233 1883 2408 1936 Εῑδῶν
2429 1895 2483 1938 et
2505 1885 2713 1941 similes
2738 1887 2990 1957 loquendi
3020 1887 3268 1942 formula:
3293 1885 3504 1941 Latinis
3529 1885 3662 1942 iisce

369 1983 666 2039 lustranda.-
698 1991 845 2038 sunt.
887 1981 1044 2037 Hunc
1073 1981 1239 2052 igitur
1263 1982 1406 2037 diem
1431 1983 1484 2036 in
1513 1982 1705 2051 primis
1738 1998 1790 2035 xi
1821 1980 1957 2052 Tybi
2066 1977 2402 2046 respondent
2430 1993 2480 2031 a.
2515 1978 2570 2032 d.
2597 1995 2690 2032 VIII
2720 1979 2822 2044 ld.,
2849 1989 2979 2045 etc.,
3020 1981 3124 2035 hoc
3180 1988 3265 2034 est
3299 1979 3419 2050 ipso
3450 1977 3537 2034 die
3562 1993 3660 2031 vm

370 2091 494 2132 esse
525 2075 718 2130 scribit
743 2075 796 2130 in
824 2090 971 2129 anno
993 2073 1247 2128 videlicet
1275 2073 1523 2139 Actiaco,
1559 2075 1674 2130 sive
1703 2071 1961 2145 JEgyptio
2067 2068 2172 2135 ld.,
2204 2078 2262 2123 ut
2287 2080 2339 2124 et
2361 2070 2492 2125 alibi
2521 2072 2862 2142 scripsimus.
2883 2072 3064 2138 Quare
3089 2087 3154 2126 ex
3176 2072 3345 2142 priori
3373 2081 3504 2126 nota
3531 2071 3661 2135 diei,

371 2167 591 2224 Juliano
612 2210 626 2232 ,
657 2168 816 2238 cujus
847 2166 1028 2221 Thoth
1070 2165 1210 2221 lixus
1242 2174 1329 2222 est
1358 2183 1491 2222 χχιι
1532 2166 1786 2238 Augusti,
1818 2163 1962 2221 Neo-
2069 2160 2175 2215 hoc
2194 2168 2280 2216 est
2309 2177 2402 2215 VIII
2438 2163 2518 2217 ld.
2550 2161 2698 2228 Jan.,
2741 2163 3062 2234 corrigenda
3091 2178 3196 2218 vox
3243 2162 3493 2235 πέμπτη,
3522 2168 3578 2216 et
3606 2161 3662 2214 in

370 2262 557 2317 menia
590 2259 724 2332 Tybi
765 2275 912 2315 xxvn
943 2259 1071 2316 Dec.
2071 2253 2207 2323 ἕκτη
2242 2255 2524 2308 mutanda.
2558 2255 2714 2320 Quod
2755 2265 2809 2310 et
2843 2253 2978 2326 Tybi
3015 2255 3248 2317 Actiaci,
3295 2257 3408 2309 sive
3445 2253 3664 2308 Diocle-

443 2353 578 2410 lbid.
604 2357 766 2408 Κατά
792 2353 1043 2422 Σύρους,
1059 2353 1264 2409 εττουν
1291 2354 1615 2420 Ἕλληνας.
1640 2351 1965 2423 Syromace-

2072 2345 2262 2428 tianei,
2294 2347 2412 2402 dies
2449 2348 2566 2417 ipsa
2605 2349 2986 2413 demonstrat,
3029 2348 3189 2418 cujus
3231 2364 3282 2402 ιι
3329 2348 3384 2402 in
3427 2364 3481 2402 vt
3537 2345 3661 2401 Jan.

372 2446 546 2502 donas
569 2446 836 2517 intelligit,
869 2446 983 2501 sive
1003 2447 1394 2512 Antiochenos,
1412 2447 1505 2516 qui
1534 2443 1807 2499 Julianam
1836 2441 1965 2497 anni
2072 2443 2346 2494 convenit.
2381 2439 2460 2495 Ac
2489 2441 2706 2496 videtur
2732 2441 2786 2495 in
2827 2457 2914 2508 eo,
2945 2443 3090 2512 quod
3129 2443 3379 2512 quintam
3419 2439 3665 2495 Januarii

375 2536 607 2591 formam
632 2536 1569 2607 receperunt;quanquamillornm
1593 2550 1699 2590 tera
1730 2533 1968 2588 triennio
2075 2530 2222 2586 diem
2275 2547 2373 2602 pro
2425 2542 2580 2588 sexta
2639 2534 2909 2604 sumpsit,
2964 2537 3212 2606 mysterii
3265 2535 3470 2605 aliquid
3522 2551 3667 2590 esse.

372 2626 652 2682 Julianum
691 2643 894 2681 annum
928 2629 1201 2683 antecedit
1235 2645 1248 2680 :
1289 2627 1706 2697 appellatnrque
1745 2641 1970 2696 χρημα-
2079 2625 2360 2696 Siquidem
2411 2637 2465 2682 et
2500 2627 3101 2697 Constantinopolitani
3129 2637 3319 2697 postea
3353 2643 3380 2680 v
3420 2625 3669 2680 Januarii

379 2718 571 2789 τισμὸς
623 2720 722 2789 τῆς
779 2718 1287 2789 Ἀντιοχείας,‹ιιιο‹1
1333 2733 1400 2771 eo
1452 2731 1620 2778 anno,
1669 2718 1703 2787 ἡ
1745 2715 1971 2770 αὐτονο-

2079 2717 2166 2772 die
2193 2718 2526 2787 baptismum
2557 2720 2762 2775 Christi
2786 2720 3156 2784 celebrabant,
3182 2720 3328 2790 quod
3352 2719 3407 2774 in
3430 2735 3482 2774 vi
3505 2720 3671 2791 vulgo

381 2811 487 2880 μία
513 2809 872 2865 Antiochenis
899 2811 1196 2879 permissa,
1225 2819 1279 2864 ct
1311 2807 1492 2864 Julius
1522 2808 1709 2864 Ctesar
1739 2807 1975 2863 dictator
2080 2809 2400 2878 confertur,
2440 2819 2502 2866 ut
2534 2827 2603 2866 ex
2655 2811 2924 2868 Manuelis
2961 2811 3184 2868 Novella
3219 2814 3240 2868 Ι
3285 2813 3362 2868 De
3405 2811 3581 2882 feriis,
3618 2822 3674 2870 ct

386 2900 688 2955 Antiochiae
747 2901 1096 2956 renuntiatus
1147 2909 1253 2962 est.
1302 2898 1616 2962 Artemisii,
1676 2898 1792 2953 sive
1845 2896 1974 2950 Maii
2085 2897 2416 2970 Curopalate
2447 2901 2744 2972 colligitur.

389 3006 547 3046 χχιιι.
573 2990 764 3046 Clu-on.
792 2991 941 3045 Alex.
972 3008 1026 3063 p.
1055 2990 1180 3046 458.
1216 2989 1311 3046 Est
1339 2989 1428 3044 hic
1453 3003 1632 3044 annus
1657 2986 1821 3043 Urbis
1850 2985 1976 3054 706,

2155 2990 2458 3047 lbideazc‘t
2470 2995 2776 3062 Κυπρίους
2789 2995 2993 3050 εττουν
3007 2994 3556 3065 Σαλαμινίους.Νοη
3568 3004 3671 3064 est,

387 3097 499 3149 quo
527 3081 732 3148 Cresar,
767 3084 912 3140 victo
939 3083 1220 3155 Pompeio,
1245 3098 1430 3138 rerum
1465 3082 1672 3152 potitus
1713 3089 1817 3144 est,
1861 3095 1976 3150 per.
2013 3144 2050 3157 _
2091 3091 2150 3137 ut
2176 3083 2395 3153 quidam
2446 3068 2757 3150 existimat,
2791 3096 3084 3157 corruptus
3129 3087 3216 3143 hic
3262 3087 3458 3157 Epiph.
3493 3086 3672 3149 locus,

391 3171 502 3229 Jul.
551 3175 713 3243 4666,
758 3177 922 3231 annis
964 3144 1093 3231 ante
1137 3144 1531 3246 Dionysiana-m
1579 3190 1745 3229 seram
1794 3188 1979 3235 vanI,
2009 3144 2052 3202 θ
2089 3175 2145 3229 in
2167 3144 2369 3231 mensis
2394 3178 2776 3247 appellatione.
2796 3177 2929 3233 Nam
2959 3144 3187 3233 Januar.
3216 3178 3284 3233 ab
3309 3144 3422 3233 illis
3440 3177 3676 3244 Quintus

397 3275 527 3323 ante
555 3269 794 3338 primum
825 3268 1104 3324 Julianum
1136 3269 1345 3336 tribus;
1381 3275 1437 3322 ut
1469 3283 1533 3322 ex
1571 3264 1803 3334 Evagrio
1833 3264 1987 3320 colli-
2089 3268 2425 3334 nominatur,
2451 3280 2555 3324 uta
2587 3269 2822 3324 Roman.
2847 3269 3129 3336 Quintilis,
3156 3269 3399 3336 Sextilis,
3425 3269 3645 3341 Septem
3660 3299 3678 3311 --

394 3359 478 3431 git
505 3359 748 3432 Scaliger
791 3362 933 3432 lsag.
984 3377 1106 3416 can.
1148 3376 1242 3414 Llll
1274 3401 1288 3424 ,
1325 3375 1380 3429 p.
1413 3358 1555 3425 295;
1591 3357 1793 3413 rectius
1821 3370 1984 3426 quam
2087 3358 2205 3426 ber,
2231 3368 2335 3415 etc.
2371 3359 2477 3415 Sed
2514 3361 2772 3416 mendum
2809 3363 2861 3416 in
2893 3377 3025 3418 voce
3059 3364 3287 3435 πέμπτῃ
3319 3362 3548 3418 subesse
3572 3378 3677 3432 po-

401 3454 456 3505 in
485 3451 578 3506 lib.
609 3468 660 3506 IV
685 3451 757 3506 De
783 3453 987 3506 emend.
1007 3461 1163 3521 temp.
1191 3466 1245 3521 p.
1268 3450 1396 3516 226;
1417 3449 1507 3504 ubi
1533 3448 1984 3504 Antiochensium
2090 3452 2199 3507 tius
2215 3453 2481 3517 arbitror;
2504 3453 2608 3508 nisi
2641 3469 2670 3508 a
2700 3451 2923 3508 Januar.
2944 3456 3186 3509 secundo
3213 3454 3468 3524 Πέμπτον
3497 3453 3677 3522 auSpi-

399 3557 566 3597 aeram
605 3543 674 3597 ab
727 3544 968 3598 editione
1015 3542 1231 3597 Juliana
1275 3541 1520 3596 inchoari
1555 3549 1776 3605 censet,
1828 3541 1988 3594 annis
2090 3544 2197 3599 cati
2227 3545 2338 3600 sint
2372 3542 2681 3599 Salaminii.
2719 3545 2826 3600 Sed
2859 3544 3213 3600 verisimilius
3235 3554 3320 3600 est
3349 3543 3545 3614 Epiph.
3581 3553 3678 3598 aut

400 3645 528 3690 ante
558 3634 762 3690 Christi
795 3651 960 3690 teram
1009 3650 1132 3698 xcv,
1162 3649 1228 3688 ex
1263 3631 1480 3688 Eusebii
1516 3631 1859 3699 auctoritate,
1892 3631 1988 3702 qui
2089 3637 2211 3707 ejus
2238 3637 2548 3700 librarium,
2585 3652 2712 3691 cum
2752 3637 3073 3706 imprudens
3101 3637 3326 3709 πέμπτῃ
3349 3637 3442 3690 τοῦ
3487 3638 3678 3690 Ἰανου.

398 3727 1073 3782 annumAntiochensium
1106 3726 1214 3780 3‘25
1239 3724 1452 3782 confert
1474 3725 1527 3778 in
1554 3739 1757 3778 annum
1785 3722 1988 3778 Christi
2090 3729 2244 3802 αρίου
2272 3729 2605 3799 scripsisset,
2646 3744 2746 3799 pro
2786 3729 2942 3802 ἕκτῃ,
2981 3729 3122 3784 idem
3160 3729 3214 3782 in
3246 3728 3676 3784 Salaminiorum

398 3817 524 3871 280.
561 3818 666 3872 Sed
701 3834 897 3890 magna
934 3819 1046 3874 haec
1094 3817 1448 3872 hallucinatio
1493 3824 1616 3880 est;
1647 3831 1772 3868 nam
1814 3813 1990 3870 Euse-
2091 3838 2280 3878 mense
2309 3821 2526 3878 fecisse,
2561 3823 3008 3892 Appareiauiem
3041 3840 3108 3879 εχ
3145 3824 3248 3879 hoc
3276 3825 3396 3879 loco
3440 3823 3678 3879 sabuli-

399 3909 523 3967 bius
551 3911 603 3965 in
638 3910 833 3965 Chron.
869 3910 1111 3966 Secundo
1148 3928 1286 3965 anno
1323 3910 1528 3975 Probi,
1563 3909 1776 3980 inquit,
1826 3909 1990 3978 juxta
2090 3915 2212 3970 nios
2243 3930 2448 3970 annum
2493 3931 2524 3970 a
2559 3913 2838 3986 Septemb.
2869 3915 2977 3970 Jul.
3007 3915 3128 3970 Kal.
3154 3918 3468 3988 auspicatos
3508 3933 3629 3972 esse
3661 3934 3676 3969 :

400 4001 748 4057 Amice/lenas
780 4003 884 4056 525
917 4020 1087 4056 annus
1294 4002 1460 4070 Atqui
1493 3999 1658 4055 Pl'OlJi
1713 4000 1990 4055 secundus
2090 4009 2236 4078 quod
2278 4009 2594 4065 indictionis
2623 4010 2862 4079 annique
2897 4009 3261 4080 primordium
3288 4010 3681 4065 Constantino-

399 4095 660 4163 competit
700 4109 846 4148 anno
871 4110 994 4149 aera:
1027 4095 1354 4150 Christianae
1381 4093 1488 4148 278
1512 4136 1525 4159 ,
1559 4109 1670 4164 quo
1701 4108 1847 4147 anno
1877 4107 1991 4147 ccc--
2089 4101 2319 4171 politani
2355 4111 2544 4170 postea
2577 4101 2947 4171 praeﬁxerunt.

402 4188 480 4256 pit
506 4185 601 4240 τοῦ
633 4187 1019 4259 χρηματισμοῦ
1052 4188 1502 4242 Antiochensium
1531 4203 1707 4242 annus
1737 4186 1864 4242 525.
1897 4184 1990 4241 Sic

2160 4194 2295 4249 Ibid.
2311 4193 2473 4248 Κατὰ
2485 4194 2750 4263 Παφίους
2776 4196 3008 4250 Ἰούλου
3026 4193 3676 4264 Τεσσαρεσκαιδεκάτη.

399 4278 545 4333 enim
573 4279 957 4335 Antiochensis
989 4296 1112 4336 aera:
1142 4281 1353 4350 primus
1384 4295 1564 4336 annus
1599 4279 1988 4350 Dionysianam
2090 4283 2260 4356 Igitur
2294 4285 2400 4340 Jnli
2433 4289 2639 4342 mensis
2689 4288 2905 4342 initium
2940 4305 2971 4343 a
3004 4305 3131 4343 xxrv
3168 4290 3296 4344 Dec.
3358 4289 3462 4354 Qui
3492 4290 3537 4344 si
3583 4288 3680 4342 Ju-

399 4386 567 4427 aram
618 4388 784 4428 vam
836 4373 1027 4429 solidis
1068 4374 1228 4429 annis
1273 4375 1587 4429 antecessit.
1625 4371 1860 4428 Necesse
1906 4382 1990 4428 est
2092 4377 2274 4434 lianus
2300 4380 2424 4446 fuit,
2454 4382 2714 4436 credibile
2749 4390 2831 4437 est
2861 4383 2930 4436 ab
2962 4383 3294 4452 acquinoctio
3325 4399 3495 4437 verno
3519 4384 3683 4437 circi-

397 4466 564 4537 igitur
587 4481 711 4521 cum
756 4481 900 4520 anno
933 4465 1092 4520 Probi
1132 4480 1190 4531 ιι,
1224 4476 1278 4518 et
1326 4463 1656 4536 Dionysiano
1689 4463 1793 4517 Q77
1833 4479 1987 4520 com-
2029 4507 2071 4562 υ
2100 4480 2181 4524 ter
2211 4487 2416 4527 annum
2447 4473 2718 4542 incepisse
2745 4473 3004 4545 Paphios.
3042 4473 3177 4530 Nam
3206 4476 3252 4531 si
3283 4474 3440 4530 Jnlus
3476 4473 3682 4530 Janua-

399 4557 528 4627 poni
553 4556 1003 4612 Antiochensium
1030 4571 1152 4610 acrze
1175 4555 1281 4609 5'24
1302 4556 1597 4620 labentem,
1623 4564 1677 4609 et
1706 4555 1982 4610 ineuntem
2029 4555 2062 4562 ⁷
2100 4563 2217 4618 rius
2245 4574 2348 4628 est,
2378 4566 2580 4621 mensis
2601 4567 2671 4621 ab
2701 4567 2792 4622 i110
2823 4568 3018 4624 lenius
3053 4569 3107 4622 in
3139 4585 3264 4624 eum
3301 4567 3446 4623 diem
3475 4584 3681 4640 prope-

399 4649 526 4712 325,
551 4648 704 4721 cyclo
733 4649 864 4704 SOliS
894 4665 967 4712 Vl,
993 4649 1136 4702 lunae
1163 4663 1259 4702 XII.
1293 4647 1368 4701 De
1399 4649 1555 4702 ῘΙΙῘιῖΟ
1580 4646 1742 4726 Probi
1775 4649 1988 4704 dicetur
2091 4657 2317 4714 modum
2341 4659 2566 4727 desinit,
2601 4661 2696 4731 qui
2723 4662 3055 4733 mquinoctio
3077 4662 3358 4733 quondam
3383 4661 3684 4718 ειη-ἰδυίας

401 4741 469 4796 ad
504 4742 599 4796 lib.
631 4741 707 4795 De
735 4758 898 4799 mens.
921 4751 970 4795 et
997 4742 1340 4811 ponderibus.
1369 4741 1537 4804 Anni,
1569 4751 1627 4795 nt
1651 4741 1856 4795 dictum
1882 4753 1986 4807 est,
2091 4763 2194 4809 εει,

401 4834 578 4888 forma
607 4832 823 4888 Juliana
854 4831 994 4898 fuit;
1031 4834 1304 4890 mensium
1335 4835 1524 4888 eadem
1548 4849 1671 4904 qua:
1703 4832 1848 4903 apud
1883 4833 1990 4886 lio-

2165 4844 2303 4900 Ibid.
2338 4844 2501 4900 Κατὰ
2525 4845 2776 4914 Ἄραϐας
2811 4843 3054 4914 Ἀλέωμ.
3084 4843 3142 4899 1η
3172 4843 3417 4915 vulgaris
3440 4842 3681 4896 Arabum

404 4943 596 4982 mimos
635 4928 928 5005 tlescFil‘liO
961 4945 974 4980 ³
1012 4943 1174 4998 quam
1209 4927 1261 4982 ίη
1295 4929 1542 4998 εθαυοηιί
1572 4927 1834 4983 [amicum
1867 4943 1991 4998 Ρΐο·
2093 4939 2376 4994 mensibus
2419 4954 2595 5008 neque
2631 4940 2841 5002 Aleom,
2879 4953 3056 5007 neque
3087 4937 3178 5006 qui
3212 4945 3402 5005 postea
3439 4950 3683 4990 comme-

405 5020 708 5092 ponendam
743 5020 1075 5091 putavimus.
1443 5084 1447 5088 ν

2097 5031 2774 5101 moraturAngalthabaith
2799 5030 2980 5085 locum
3002 5031 3172 5086 ullum
3185 5030 3366 5086 habet.
3381 5029 3484 5086 Sed
3508 5043 3685 5097 neque

2097 5125 2320 5180 lunares
2337 5139 2554 5180 menses
2591 5123 2682 5178 isti
2706 5131 2854 5189 sunt;
2885 5121 3154 5192 siquidem
3180 5121 3232 5174 in
3255 5118 3378 5174 Jan.
3397 5136 3447 5173 vr
3470 5120 3682 5173 Aleom.

407 5196 747 5255 Laterculum
775 5199 1026 5254 mensium
1075 5198 1546 5286 Apfiochenorum,
1586 5201 1692 5256 sive
1733 5203 1994 5270 Συροελ-

2096 5233 2192 5271 xxi
2213 5217 2437 5283 incidat,
2467 5231 2588 5286 quae
2617 5225 2730 5268 tum
2757 5214 2876 5268 dies
2896 5222 3014 5267 erat
3032 5213 3173 5267 lunm
3196 5228 3293 5274 xtl,
3323 5211 3476 5282 cyclo
3495 5227 3534 5277 ι;
3557 5226 3681 5264 nam

1089 5269 1311 5336 λήνων·
2096 5308 2393 5365 Neomenia
2410 5269 2842 5364 ex'Ptolemaicis
2858 5305 3069 5360 Mulleri
3090 5304 3292 5359 tabulis
3309 5305 3541 5374 contigit
3554 5303 3683 5358 Dec.

561 5405 872 5470 Αὐδυναῐος.
1381 5405 1700 5460 Januarins.
1911 5460 1915 5465 _
2096 5401 2187 5470 26,
2217 5401 2272 5466 8,
2304 5401 2392 5457 52’
2423 5401 2577 5473 cyclo
2608 5400 2696 5466 l9,
2729 5414 2876 5454 anno
2911 5397 3132 5452 Juliano
3163 5396 3248 5450 Η.
3285 5396 3360 5450 De
3386 5396 3675 5466 Angaltha-

579 5477 850 5562 I‘Isptctog.
1380 5475 1735 5562 {februm-ius.
2100 5495 2205 5551 hait

2100 5495 2249 5551 baith
2299 5494 2445 5549 idem
2471 5502 2663 5562 postea
2697 5491 3189 5546 demonstrabitur.
3238 5489 3508 5555 Quocirca
3543 5503 3683 5541 non-

1375 5545 1632 5684 rgmigf'
2099 5588 2230 5643 dum
2279 5586 2524 5641 lunarem
2586 5600 2790 5640 annum
2850 5584 2918 5638 ad
2964 5583 3179 5638 civilem
3262 5599 3422 5638 usum
3477 5581 3689 5637 Arabes

594 5658 957 5756 magis...
1375 5658 1602 5741 ιιςξίίέῖ·
2101 5689 2220 5734 mn

2101 5680 2529 5745 transtulerant;
2577 5694 2700 5732 nam
2735 5692 2862 5732 cum
2908 5675 3120 5731 Arabes
3157 5675 3407 5729 nominat
3446 5672 3687 5744 Epipha-

575 5756 812 5822 Δαίσιος.
1383 5756 1600 5814 Junius.
2105 5775 2200 5830 niu

2105 5775 2252 5839 nius,
2284 5771 2550 5843 majorem
2577 5770 2726 5827 illius
2749 5770 2928 5842 gentis
2956 5769 3336 5842 potioremque
3365 5779 3572 5839 partem
3606 5766 3690 5820 in-
