4118 6402
449 324 546 380 951

1577 331 1924 388 APPENDIX
1962 326 2591 390 DISSERTATIONUM.

3592 328 3707 389 932

453 435 664 506 telligit.
704 437 780 493 Ac
829 438 974 494 Scal.
1025 439 1118 494 lib.
1151 457 1187 496 ιι
1229 440 1306 495 De
1352 441 1555 496 emend.
1604 455 1762 514 temp.
1813 454 1865 501 et
1891 442 2039 514 Isag.
2075 449 2120 507 Α
2148 443 2530 505 Confusionis,
2566 440 2660 512 qui
2694 439 2940 510 proxime
2976 438 3083 495 Jul.
3119 439 3353 510 primum
3391 447 3709 512 antecessit.

450 545 574 581 can.
599 527 694 582 lib.
719 544 757 583 ιι
782 544 844 584 ac
871 545 950 595 ιιι,
968 539 1176 586 veteres
1201 532 1406 588 Arabes
1428 534 1696 605 Calippica
1713 537 1840 592 anni
1859 537 2032 593 forma

454 635 586 676 usos
615 636 736 676 esse
761 621 1024 684 decernit,
1051 633 1110 677 ut
1153 631 1206 678 et
1229 623 1512 681 Chaldaeos
1537 642 1602 681 ac
1629 625 1866 694 Juda-os;
1895 629 2034 684 Ara-

453 711 584 766 bum
609 727 740 767 vero
767 713 1033 782 duplicem
1059 730 1267 770 annum
1292 716 1452 783 facit;
1476 718 1708 773 alterum
1742 718 2031 776 Damasce-

455 818 609 869 num,
632 805 745 858 sive
772 803 1140 876 l-lagarenum,
1167 808 1254 863 cui
1281 809 1638 867 desultorium
1667 813 2030 868 intercalandi

454 911 661 948 morem
689 896 936 950 attribuit
963 916 976 950 :
1007 897 1164 968 cujus
1191 899 1448 968 periodus
1473 901 1579 956 228
1612 903 1771 959 annis
1798 902 2031 960 Julianis

452 985 659 1053 deﬁnit,
697 988 747 1040 in
779 1003 886 1058 qua
914 1003 1130 1045 menses
1156 1005 1346 1046 omnes
1371 993 1690 1062 singillatim
1715 1011 1920 1050 annum
1956 995 2031 1049 in-

454 1081 687 1146 choant,
726 1081 1076 1152 vicissimque
1118 1084 1442 1151 terminant;
1477 1087 1704 1142 alteram
1741 1090 1870 1143 anni
1927 1105 2030 1143 ra-

451 1170 650 1226 tionem
685 1171 886 1227 omissa
926 1173 1342 1232 iutercalatione
1376 1179 1609 1234 solutam
1656 1195 1721 1236 ac
1763 1191 2026 1237 retextam

452 1278 517 1317 ex
559 1265 718 1318 annis
769 1265 1050 1321 lunaribus
1102 1268 1446 1338 simplicibus
1499 1271 1820 1336 constituit,
1863 1289 2028 1343 quam

451 1352 522 1407 ab
547 1352 692 1408 Indis
719 1355 846 1408 olim
871 1367 1212 1427 usurpatam,
1240 1369 1427 1428 postea
1446 1361 1610 1415 etiam
1638 1362 1708 1416 ab
1731 1362 2026 1427 Arabibus,

460 1447 872 1514 prmaertimque
895 1445 1308 1503 Mahumedanis
1332 1449 1507 1504 docet.
1541 1448 1675 1505 Nam
1706 1452 1798 1521 qui
1829 1453 1897 1506 ab
1924 1453 2031 1508 He-

453 1530 572 1601 gira
607 1542 970 1588 numerantur
1000 1536 1166 1601 anni,
1207 1537 1359 1591 nullo
1405 1539 1831 1596 intercalationis
1877 1540 2029 1598 freno

453 1625 678 1679 coerciti
735 1640 831 1695 per
883 1623 1157 1682 Julianam
1211 1630 1407 1683 seriem
1473 1630 1694 1701 impune
1741 1643 2022 1704 vagantur.

453 1713 611 1780 Quod
645 1715 689 1769 si
733 1716 859 1786 quis
897 1717 1176 1786 requirat,
1201 1719 1345 1774 unde
1378 1719 1654 1790 Scaliger-0
1683 1736 1896 1779 conStet
1936 1741 2028 1780 ve-

2133 535 2339 591 Arabes
2383 532 2670 588 inchoasse
2724 532 2910 595 tradit,
2947 547 3060 602 per.
3108 529 3218 584 Jul.
3252 529 3411 585 1668.
3461 530 3517 586 1ιι
3547 532 3697 600 Isag.

2133 642 2263 683 vero
2290 639 2482 678 canon.
2519 625 2614 678 lib.
2634 639 2714 690 ιιι,
2737 639 2786 680 c.
2816 640 2890 687 Ix,
2913 639 2964 694 p.
2993 624 3122 686 255,
3157 623 3362 693 periodi
3398 623 3558 690 hujus
3572 639 3710 694 epo-

2131 719 2290 772 cham
2322 716 2566 771 eamdem
2598 730 2720 770 esse
2751 715 2928 780 docet,
2971 730 3133 784 quam
3171 723 3224 768 et
3254 714 3705 770 Antiochensium

2132 824 2274 872 tera).
2305 809 2409 864 hoc
2457 817 2539 862 est
2576 809 2644 862 ab
2672 823 2818 863 anno
2846 808 3021 878 primo
3057 808 3390 862 monarehia:
3420 805 3548 862 Julii
3589 807 3711 862 Ca:-

2131 899 2292 963 saris,
2331 915 2446 970 per.
2478 897 2589 954 Jul.
2621 897 2764 954 4666
2813 917 2826 952 :
2871 915 2992 969 qua:
3039 913 3225 953 secum
3281 900 3565 968 perspicue
3597 913 3704 968 pu-

2131 997 2319 1061 gnant.

2203 1080 2310 1137 Sed
2342 1081 2428 1135 his
2462 1081 2620 1151 nugis
2657 1082 2908 1143 omissis,
2959 1079 3311 1134 vertsrmilius
3352 1086 3469 1142 est,
3506 1077 3702 1149 Epiph.

2130 1173 2320 1227 saltem
2357 1181 2630 1241 tempore,
2667 1170 2879 1226 civilem
2929 1170 3168 1224 Arabum
3213 1185 3416 1223 annum
3470 1170 3703 1225 solarem

2131 1261 2332 1328 fuisse,
2365 1271 2419 1316 et
2463 1262 2608 1325 aliis,
2657 1277 2822 1331 quam
2879 1262 2972 1330 qui
3021 1261 3184 1329 vulgo
3216 1259 3700 1327 circumferuntur,

2130 1353 2444 1408 nominibus
2485 1367 2701 1406 menses
2727 1351 3026 1421 appellatos
3063 1366 3206 1408 esse.
3253 1350 3583 1420 Simplicius,
3624 1353 3705 1406 uti

2131 1443 2275 1499 Scal.
2316 1445 2588 1505 observat,
2638 1459 2669 1500 a
2719 1459 2845 1498 vere
2896 1459 3099 1497 annum
3150 1460 3308 1500 suum
3358 1445 3562 1500 Arabes
3616 1445 3704 1498 in-

2128 1536 2360 1590 choasse
2443 1535 2651 1590 scribit.
2726 1535 3144 1590 Alexandrinum
3217 1551 3344 1590 vero
3425 1537 3707 1590 chronicau

2129 1643 2184 1697 p.
2218 1627 2321 1684 597
2356 1635 2510 1682 notat
2549 1626 2793 1683 Candido
2830 1638 2885 1682 et
2910 1627 3188 1694 Quadrato
3225 1643 3372 1683 coss.
3401 1627 3622 1684 Petreos
3647 1638 3705 1685 et

2137 1719 2468 1782 Bostrenos,
2518 1719 2611 1788 qui
2659 1720 2872 1775 Arabia:
2903 1720 3084 1790 populi
3118 1730 3268 1785 sunt,
3315 1720 3384 1776 ab
3432 1721 3534 1776 hoc
3584 1722 3704 1791 ipso

457 1815 634 1862 tustos
681 1785 890 1861 Arabes
933 1785 1286 1863 desultoriam
1325 1810 1476 1865 illam
1519 1785 1888 1868 intercalandi
1925 1814 2035 1870 for-
2063 1785 2106 1841 Β
2135 1824 2280 1864 anno
2309 1785 2552 1879 tempora
2589 1824 2686 1863 sua
2738 1785 3060 1870 numerare.
3089 1810 3182 1880 qui
3215 1819 3299 1866 est
3339 1826 3463 1866 tam
3505 1785 3706 1884 Diony-

456 1914 602 1952 mam
653 1898 799 1953 civili
839 1901 1140 1968 pra-sertim
1193 1916 1293 1955 usu
1340 1903 1612 1969 tenuisse,
1655 1914 1751 1959 aut
1787 1906 2033 1961 eamdem

455 1990 689 2045 subinde
726 1991 1064 2059 retexuisse,
1111 2007 1175 2047 ac
1219 2009 1367 2048 mere
1413 1995 1656 2051 lunarem
1709 1999 2031 2068 praetulisse,

455 2098 524 2138 ne
572 2099 740 2136 unum
776 2083 994 2152 quidem
1042 2085 1365 2154 scriptorem
1400 2087 1583 2154 affert,
1617 2089 1710 2158 qui
1760 2089 1810 2143 id
1844 2090 1927 2143 vel
1959 2090 2036 2144 le-

453 2173 680 2228 vissime
707 2173 954 2227 suadeat.
985 2172 1167 2239 Quare
1195 2173 1326 2229 dum
1361 2177 1623 2232 confictas
1652 2179 1771 2233 illas
1792 2179 2032 2234 Arabum

453 2262 708 2332 periodos
755 2262 1143 2332 operosissime
1197 2263 1499 2331 describit,
1557 2267 1659 2322 hoc
1692 2277 1776 2322 est.
1820 2271 2034 2324 somnia

454 2369 554 2409 sua
606 2353 958 2422 prosequitur
980 2394 995 2418 ,
1027 2361 1082 2407 et
1117 2369 1217 2408 suo
1237 2397 1251 2420 ,
1283 2366 1336 2410 et
1377 2357 1596 2412 lectoris
1626 2359 1739 2414 otio
1770 2360 2034 2430 intempe-

455 2453 638 2498 ranter
679 2444 940 2497 abutitur.
981 2443 1102 2510 Quo
1142 2445 1360 2514 quidem
1417 2447 1472 2501 in
1508 2449 1726 2518 negotio
1771 2460 1853 2504 est
1881 2451 2033 2504 'illud

455 2535 927 2604 sanejucundum,
942 2537 1085 2605 quod
1108 2537 1350 2590 eamdem
1373 2537 1516 2591 illam
1534 2539 1814 2608 periodum
1833 2558 1952 2610 qua'
1967 2557 2032 2596 ex

452 2628 561 2682 228
595 2626 831 2682 Julianis
876 2627 1070 2692 annis,
1099 2627 1348 2683 Arabicis
1380 2644 1530 2693 vero,
1571 2631 1650 2683 vel
1689 2631 1882 2686 solutis
1920 2632 2028 2686 255

459 2728 695 2785 constat,
723 2718 920 2774 alicubi
945 2719 1304 2789 excogitatam
1330 2735 1358 2774 a
1384 2735 1443 2776 se
1469 2721 1634 2786 dicat,
1658 2722 1786 2776 alibi
1813 2739 1940 2777 vero
1963 2725 2032 2777 ab

455 2811 762 2877 Arabibus,
793 2817 848 2864 et
885 2808 1182 2880 Hagarenis
1225 2811 1294 2865 ab
1339 2811 1494 2866 initio
1527 2811 1729 2866 Juliani
1775 2817 1904 2867 anni
1949 2830 2032 2869 re-

455 2914 700 2971 pertam,
731 2911 786 2956 et
830 2902 1137 2955 institutam
1183 2901 1500 2972 imprudens
1532 2915 1766 2958 asserat.
1819 2903 2030 2960 Etenim

456 2996 548 3049 lib.
580 3010 617 3048 ιι
647 2993 723 3047 De
752 2993 953 3048 entend.
990 3009 1042 3063 p.
1078 2993 1202 3060 154,
1234 2994 1325 3048 ubi
1347 2995 1414 3050 de
1438 3010 1583 3049 anno
1627 2995 1833 3066 llegira:
1862 2999 2034 3053 disse-

454 3087 525 3140 rit
559 3105 572 3141 :
604 3085 1136 3150 Contumacissimus,
1179 3086 1390 3155 inquit,
1426 3088 1510 3140 hic
1549 3104 1718 3141 annus
1756 3097 2030 3160 est,neque

453 3179 615 3248 facile
662 3177 794 3231 redit
842 3179 897 3230 in
939 3177 1169 3246 gratiam
1200 3193 1319 3230 cum
1349 3195 1486 3232 anno
1524 3177 1663 3245 Jul.,
1702 3191 1805 3235 etc.
1855 3181 2031 3247 Quare

455 3270 606 3324 nulla
651 3267 922 3322 methodus
969 3268 1088 3321 hinc
1135 3268 1324 3337 conﬁci
1368 3280 1558 3338 potest.
1617 3271 1806 3324 Tutior
1838 3289 2029 3342 magna

452 3362 721 3431 periodus,
751 3375 913 3429 quam
942 3359 1394 3428 eXCOgitavimus,
1421 3377 1679 3413 annorum
1695 3361 1822 3426 228,
1842 3378 2032 3414 ennea-

453 3453 843 3507 decaeteridum
888 3447 1185 3502 duodecim.
1217 3450 1286 3502 At
1313 3450 1348 3503 l.
1389 3466 1442 3513 v,
1481 3466 1531 3519 ς.
1567 3450 1690 3516 485,
1718 3451 1805 3504 ubi
1837 3453 1900 3506 de
1940 3467 2031 3505 eo-

454 3551 576 3600 dem
615 3560 758 3598 anno
793 3542 1074 3612 loquitur:
1115 3541 1331 3603 Arabes,
1376 3540 1575 3610 inquit,
1629 3539 1897 3610 Hagareni
1942 3557 2031 3610 pe-

455 3637 666 3691 riodum
724 3633 833 3687 228
891 3649 1150 3686 annorum
1204 3631 1559 3685 instituerunt
1611 3646 1675 3683 ea:
1747 3649 1799 3687 a.
1852 3633 1907 3689 d.
1969 3648 2027 3685 ιιι

457 3727 657 3782 Iduum
681 3725 867 3779 Martii
892 3726 1016 3777 anni
1037 3723 1401 3793 Coufusiouis,
1427 3723 1570 3792 cyclo
1591 3723 1730 3776 luna:
1759 3739 1876 3788 xm,
1897 3723 2023 3777 solis

457 3837 550 3874 xx.
585 3817 650 3871 Et
681 3816 844 3886 paulo
872 3824 1024 3884 post:
1059 3813 1338 3882 Triplicem
1373 3813 1510 3865 enim
1531 3812 1804 3878 periodum
1829 3811 2025 3865 habue-

458 3919 584 3964 runt
617 3925 634 3963 :
669 3910 923 3962 minorem
969 3921 1077 3960 xxx
1118 3919 1377 3958 annorum
1409 3904 1740 3966 solutorum;
1774 3905 2027 3971 majorem

456 4004 564 4058 210
610 4015 903 4063 annorum;
951 3999 1242 4052 maximam
1279 3995 1386 4049 228
1439 4011 1697 4049 annorum
1746 3994 2024 4056 solarium,

453 4096 564 4151 255
593 4105 768 4149 autem
812 4092 1189 4154 Arabicorum,
1223 4105 1328 4158 qua
1366 4086 1680 4140 Multarram
1726 4102 1816 4156 per
1859 4095 2027 4140 totum

454 4196 758 4244 contextum
810 4185 936 4238 anni
987 4182 1177 4237 solaris
1233 4191 1449 4251 vagatus
1494 4179 1629 4232 redit
1676 4179 1744 4231 ad
1789 4179 2025 4232 eamdem

455 4281 614 4335 diem.
651 4278 797 4332 Idem
826 4287 880 4331 et
913 4276 967 4330 in
989 4275 1026 4329 1.
1059 4290 1117 4328 ιιι
1144 4271 1291 4346 Isag.
1326 4273 1458 4329 Con.
1500 4270 1715 4339 repetit.
1749 4269 1888 4336 Quid
1923 4270 2026 4324 hoc

454 4371 678 4426 homine
710 4368 914 4433 facias,
957 4375 1051 4420 aut
1081 4378 1243 4434 quam
1266 4362 1316 4417 ei
1347 4364 1562 4417 demum
1603 4361 1806 4416 habeas
1842 4361 2020 4427 fidem,

2135 1903 2303 1958 siante
2328 1901 2450 1966 105,
2478 1901 2700 1970 Trajani
2732 1901 3074 1970 imperatoris
3104 1913 3348 1958 octavus.

2194 1993 2310 2048 Col.
2327 1993 2432 2048 952
2449 1993 2674 2047 Β.Κατὰ
2687 1992 3090 2059 Καππάδοκας
3115 1995 3274 2062 ‘Atap
3283 1993 3350 2048 τᾶ
3363 2001 3454 2063 ιγ’.
3470 1993 3703 2048 Lunaris

2136 2083 2298 2153 igitur
2325 2084 2706 2154 Cappadocum
2733 2083 2938 2138 mensis
2961 2083 3171 2138 'esstitit
3205 2102 3218 2137 :
3262 2084 3700 2153 quandoquidem

2133 2190 2258 2231 cum
2299 2173 2502 2230 Tebeth
2538 2174 2764 2230 Judaico
2793 2176 3063 2230 convenit.
3093 2177 3209 2230 lmo
3231 2192 3358 2231 vero
3400 2186 3588 2232 neuter
3610 2165 3704 2233 ac-

2133 2266 2536 2320 enratelunaris
2556 2265 2675 2332 fuit,
2691 2283 2812 2322 cum
2837 2268 3171 2322 novilunium
3188 2267 3422 2322 medium
3444 2267 3702 2323 Dec.xxvr

2133 2368 2424 2428 competat.
2456 2358 2636 2424 Quare
2664 2360 2710 2414 si
2737 2359 2930 2426 Judaei,
2962 2361 3068 2414 ἀπὸ
3105 2361 3203 2429 τῆς
3234 2361 3449 2413 συνόδου
3478 2376 3704 2416 neome-

2134 2449 2253 2504 nias
2279 2450 2507 2504 civiliter
2543 2451 2916 2516 deduxissent,
2949 2449 3070 2504 Jan.
3108 2467 3157 2506 vr
3183 2452 3396 2506 nonnisi
3425 2467 3498 2505 xu
3523 2467 3700 2506 mens.

2136 2539 2472 2594 habuissent.
2504 2538 2599 2593 Sin
2629 2541 2773 2610 quod
2808 2541 2929 2595 aliis
2957 2541 3180 2610 placuit,
3210 2542 3283 2596 uti
3317 2541 3495 2612 glossa
3525 2556 3575 2594 c.
3599 2555 3701 2602 vn,

2133 2645 2291 2700 par.t
2343 2629 2432 2685 lad
2462 2629 2527 2684 R.
2558 2630 2887 2685 Mazmonidae
2912 2640 3173 2696 testatur,
3201 2647 3378 2685 neom.
3422 2645 3704 2700 nunquam

2132 2735 2198 2775 eo
2224 2719 2310 2774 die
2330 2722 2652 2786 constituta,
2682 2721 2734 2774 in
2768 2737 2928 2791 quem
2960 2721 3138 2776 Molad
3168 2721 3450 2787 incideret,
3483 2735 3707 2775 neome-

2135 2812 2222 2866 nia
2249 2811 2455 2867 Tebeth
2491 2829 2640 2867 xxvn
2681 2813 2830 2879 Dcc.,
2862 2811 3104 2867 Januarii
3133 2823 3313 2868 autem
3353 2829 3406 2866 vr
3439 2813 3709 2866 duntaxat

2135 2902 2419 2956 undecima
2450 2901 2722 2957 convenit.
2762 2900 2904 2955 Scal.
2951 2902 2986 2954 l.
3015 2917 3067 2954 vt
3106 2901 3179 2953 De
3217 2901 3421 2954 emend.
3465 2915 3590 2954 cum
3632 2899 3700 2952 de

2134 3009 2277 3048 anno
2335 2993 2509 3047 Natali
2562 2992 2766 3048 Christi
2818 2993 3092 3063 disputat,
3150 2992 3344 3062 Epiph.
3401 2991 3701 3061 redarguit,

2133 3086 2275 3155 quod
2322 3084 2549 3148 Tebeth,
2602 3101 2699 3154 pro
2745 3085 2908 3139 Sebat
2943 3084 3205 3154 posuerit.
3247 3083 3352 3138 Sed
3412 3085 3705 3152 reprehen-

2134 3178 2344 3232 dendus
2385 3179 2499 3248 ipse
2537 3179 2748 3245 p0tius,
2785 3177 2876 3246 qui
2918 3177 2982 3231 ad
3029 3185 3396 3232 commentum
3439 3191 3598 3230 suum
3637 3177 3705 3232 de

2132 3266 2410 3337 Calippiea
2435 3267 2652 3337 periodo
2687 3282 2716 3320 a
2745 3265 2945 3320 Judmis
2973 3277 3101 3321 tunc
3131 3268 3387 3336 temporis
3417 3268 3702 3322 observata

2133 3359 2326 3428 Epiph.
2368 3359 2669 3428 astringere
2696 3357 2887 3422 voluit,
2923 3357 2990 3411 de
3012 3373 3117 3426 qua
3151 3373 3207 3411 re
3235 3359 3397 3427 paulo
3427 3369 3549 3428 post
3580 3373 3701 3427 age-

2138 3460 2249 3516 tur,
2277 3449 2331 3503 in
2373 3449 2748 3520 Disputatione
2777 3450 2843 3503 de
2884 3463 3029 3502 anno
3070 3450 3363 3503 Dominica:
3401 3447 3701 3505 Passionis.

2131 3540 2260 3595 Fuit
2299 3541 2386 3596 hic
2432 3541 2596 3610 igitur
2630 3540 2833 3594 mensis
2861 3540 3062 3594 Tebeth
3086 3581 3101 3606 ,
3135 3556 3241 3594 non
3282 3540 3514 3605 Sebalh;
3543 3552 3593 3595 et
3623 3553 3706 3596 est

2133 3635 2358 3688 omnino
2401 3632 2467 3688 ad
2504 3631 2787 3686 Judaicam
2817 3633 2961 3687 illam
2997 3632 3280 3701 periodum
3307 3649 3469 3703 quam
3516 3644 3704 3702 postea

2129 3740 2195 3778 ex
2226 3722 2511 3793 Epiphanii
2557 3729 2734 3776 mente
2764 3723 3138 3778 describemus
3161 3761 3175 3777 .
3205 3724 3704 3778 accommodatissi-

2131 3830 2254 3869 mus
2288 3816 2376 3868 hic
2410 3815 2583 3869 locus.
2615 3814 2726 3869 Etsi
2765 3814 2996 3868 duorum
3045 3815 3273 3867 alterum
3313 3815 3576 3870 accidisse
3617 3831 3704 3870 su-

2128 3904 2331 3974 apicor,
2364 3913 2423 3958 ut
2458 3904 2539 3958 vel
2573 3904 2632 3956 ιδ’
2668 3920 2764 3974 pro
2798 3911 2864 3972 ιγ’
2893 3903 3169 3973 scripserit
3203 3902 3536 3973 Epiphanius
3572 3926 3586 3959 :
3620 3905 3704 3961 vel

2128 3996 2386 4066 quoniam
2419 3994 2665 4050 Januarii
2691 4012 2719 4047 v
2747 4011 2844 4064 pro
2874 4011 2925 4048 vr
2961 3995 3275 4064 imprudens
3309 4006 3703 4065 usurpaverat,

2127 4087 2195 4142 ad
2218 4103 2338 4142 eam
2365 4087 2676 4156 respiciens,
2703 4101 2797 4138 xm
2821 4085 3025 4139 Tebeth
3051 4085 3382 4154 ascripserit.
3407 4084 3535 4140 Erat
3554 4088 3702 4140 enim

2125 4193 2190 4232 ex
2217 4178 2470 4233 methodo
2504 4187 2712 4240 nostra,
2763 4175 2962 4231 Tebeth
2991 4177 3057 4230 M
3110 4193 3124 4230 :
3158 4175 3357 4245 quippe
3393 4174 3705 4244 Ogdoecon.

2125 4269 2615 4325 tatessaraeteridis
2669 4285 2844 4323 annus
2878 4269 2977 4322 iste
3012 4267 3112 4322 fuit
3134 4285 3186 4334 L,
3237 4269 3392 4339 cyclo
3441 4270 3574 4324 solis
3623 4287 3699 4332 Ix,

2125 4361 2266 4415 luna:
2299 4378 2337 4424 ι,
2373 4377 2402 4415 a
2432 4359 2552 4415 Kal.
2579 4360 2702 4414 Jan.
2745 4361 2872 4413 anni
2915 4357 3114 4412 Juliani
3149 4361 3429 4429 sequentis
3469 4358 3704 4416 Neome—

455 4479 556 4519 sua
587 4478 647 4517 se
673 4461 787 4531 ipse
813 4457 1159 4515 confessione
1184 4464 1291 4508 tam
1324 4463 1507 4524 aperte
1533 4469 1598 4509 ac
1621 4454 1796 4523 palam
1826 4453 2019 4519 induit,
2055 4466 2098 4522 ι)
2128 4452 2215 4505 nia
2241 4449 2406 4506 Nisan
2439 4452 2568 4520 Apr.
2613 4467 2670 4516 ιι,
2697 4449 2794 4504 fer.
2826 4465 2896 4504 tv.
2930 4449 3059 4503 Erat
3088 4465 3263 4505 annus
3293 4452 3518 4520 simplex
3553 4453 3704 4516 ordi-

456 4563 518 4610 ut
541 4555 698 4624 cujus
730 4552 859 4606 anni
891 4549 1083 4603 formai
1108 4563 1172 4602 ac
1198 4545 1404 4616 periodi
1431 4545 1770 4600 inventorem
1795 4559 1854 4600 se
1874 4545 2024 4610 dicit,

453 4662 575 4703 eam
614 4645 785 4716 ipsam
809 4639 1195 4696 vetustissimis
1243 4637 1578 4706 temporibus
1611 4636 1665 4690 in
1705 4651 1808 4691 usu
1857 4635 2026 4691 fuisse

453 4736 769 4793 confirmet?
793 4733 897 4788 Sed
921 4748 984 4787 ea
1015 4731 1150 4786 mihi
1171 4730 1308 4785 levia
1331 4743 1394 4784 ac
1421 4729 1722 4783 tolerabilia
1751 4728 2024 4794 videntur,

453 4845 579 4886 cum
614 4828 680 4882 ad
713 4826 818 4881 alia
851 4823 1105 4895 reSpicio,
1135 4837 1255 4892 qua:
1285 4821 1340 4875 in
1369 4832 1601 4890 utroque
1632 4820 1726 4875 illo
1761 4835 1923 4889 opere
1954 4827 2027 4874 te-

453 4941 623 4990 mere,
656 4925 1069 4986 inconstanter,
1111 4934 1175 4974 ac
1228 4918 1347 4972 sine
1391 4926 1615 4971 auctore
1663 4915 1773 4968 ullo
1820 4913 2024 4984 passim

451 5017 648 5075 effutiit
678 5033 692 5070 :
718 5028 839 5082 qua:
868 5026 968 5066 nos
1002 5009 1173 5072 brevi,
1199 5008 1246 5062 si
1281 5007 1548 5063 Dominus
1583 5005 1816 5069 dederit,
1849 5005 1902 5058 in
1939 5005 2025 5058 Ιιι-

452 5123 570 5163 cem
613 5113 970 5175 apertumque
998 5097 1366 5168 proferemus,
1395 5106 1456 5152 ut
1495 5095 1590 5166 qui
1622 5093 2026 5164 ehronologicis

453 5200 510 5254 in
555 5197 720 5252 rebus
769 5194 939 5248 Deum
983 5191 1134 5247 illum
1169 5189 1562 5261 propemodum
1611 5187 1840 5252 faciunt,
1892 5185 2025 5239 nihil

452 5290 631 5359 ipsum
667 5285 734 5341 ad
767 5299 886 5340 eam
935 5297 1050 5338 rem
1093 5289 1288 5352 printer
1316 5278 1516 5334 fastum
1557 5286 1613 5333 et
1655 5277 2024 5347 arrogantiam

450 5376 700 5433 attulisse
748 5372 985 5429 discant.
1046 5368 1328 5425 Postremo
1376 5381 1542 5438 quam
1590 5366 1644 5420 in
1697 5363 2024 5419 Antiocheni

450 5467 580 5523 anni
613 5465 817 5536 epocha
853 5461 1087 5518 hominis
1111 5459 1535 5515 inconstantiam
1564 5457 1827 5523 vidimus,
1870 5471 2024 5512 eam-

450 5559 572 5614 dem
602 5557 658 5611 in
691 5553 986 5624 Hagarenis
1020 5561 1076 5606 et
1116 5549 1366 5605 Arabicis
1409 5548 1563 5604 hisce
1602 5546 1844 5617 periodis
1887 5545 2026 5602 scito

449 5661 572 5703 esse
603 5645 975 5701 commissam.
1004 5639 1141 5696 Nam
1178 5641 1272 5694 lih.
1310 5655 1347 5694 ιι
1380 5638 1456 5692 De
1477 5637 1704 5702 emend.,
1733 5652 1787 5708 p.
1821 5635 1942 5702 116,
1971 5645 2026 5691 et

455 5736 552 5793 lib.
582 5752 634 5805 ν,
665 5751 717 5806 p.
761 5735 888 5802 485,
924 5733 1202 5805 periodum
1227 5728 1565 5802 llagarenam
1611 5727 1681 5783 ab
1714 5741 1859 5782 anno
1905 5725 2024 5796 ipso

2129 4542 2335 4595 uarius.
2379 4539 2547 4609 Igitur
2569 4539 2796 4605 Tebeth,
2829 4539 2944 4593 sive
2974 4554 3006 4592 χ
3032 4539 3236 4593 mensis
3254 4539 3375 4593 iniit
3397 4540 3520 4594 Dec.
3551 4557 3698 4594 ulv.

2129 4633 2280 4690 Unde
2301 4633 2545 4686 Januarii
2571 4649 2601 4686 v
2650 4630 2854 4685 Tebeth
2887 4631 3001 4686 dies
3038 4640 3156 4685 erat
3197 4646 3293 4684 ιιιι
3329 4648 3342 4684 :
3378 4642 3529 4685 sexto
3573 4647 3704 4686 vero

2124 4725 2249 4779 Jan.
2277 4740 2387 4778 XIV.
2441 4723 2499 4777 ιιι
2535 4739 2645 4793 quo
2687 4723 2857 4788 vides,
2898 4723 2949 4776 id
2996 4721 3144 4792 quod
3184 4724 3470 4776 methodus
3512 4733 3701 4777 nostra

2125 4815 2471 4885 repromittit,
2516 4815 2741 4869 biduum
2791 4813 2904 4868 fere
2945 4812 3057 4881 jam
3100 4813 3431 4882 anticipasse
3479 4828 3702 4869 neome-

2128 4909 2269 4961 niam
2317 4907 2554 4972 civilem,
2590 4921 2716 4960 cum
2758 4905 2870 4974 jam
2903 4903 3130 4958 dimidia
3170 4905 3426 4972 periodus
3451 4904 3698 4961 efﬂuxis-

2128 5003 2230 5050 set.
2266 4994 2401 5049 Nam
2443 5010 2474 5048 a
2513 5010 2636 5048 xxvi
2671 4993 2800 5049 Dec.
2842 4993 2910 5047 ad
2956 5009 3086 5048 utv
3130 4993 3466 5049 retrocessit.
3514 4994 3700 5060 Quare

2127 5085 2213 5138 Vel
2240 5085 2329 5140 hic
2355 5099 2500 5138 unus
2525 5083 2680 5138 locus
2706 5082 2948 5138 ostendit
2975 5097 3074 5136 nos
3089 5096 3203 5151 per.
3235 5083 3382 5136 illam
3408 5081 3474 5136 ad
3499 5081 3697 5152 Epiph.

2128 5176 2370 5230 rationes
2400 5173 2777 5245 εὐστοχώτατα
2817 5173 3132 5245 digessisse.
3166 5173 3299 5228 Vide
3339 5172 3480 5227 infra
3509 5174 3562 5226 in
3607 5173 3699 5228 illa

2127 5267 2370 5323 Diatriba
2399 5267 2466 5322 de
2501 5265 2770 5322 Passione
2809 5266 3046 5321 Domini.

2198 5359 2332 5416 Ibid.
2353 5358 2513 5415 Κατὰ
2540 5359 2880 5428 Ἀθηναίους
2901 5355 3448 5427 Μαιμακτηριῶνος.
3466 5355 3696 5412 Januar.

2125 5451 2485 5507 Athenienses
2533 5449 3022 5505 Maemacterionem
3073 5458 3361 5504 vocarunt.
3421 5449 3577 5516 Quod
3629 5463 3702 5505 ne

2125 5544 2250 5611 quis
2275 5558 2461 5599 errore
2492 5542 2693 5597 librarii
2729 5541 2934 5597 factum
2983 5549 3155 5612 putet,
3205 5541 3505 5597 alﬁrmatur
3531 5555 3601 5596 ex
3629 5556 3700 5597 eo

2125 5635 2272 5706 quod
2305 5635 2468 5704 paulo
2499 5642 2621 5704 post
2668 5632 2931 5688 Novemb.
2968 5633 3409 5704 Metagitnionem
3440 5631 3696 5703 appellat.

2129 5724 2224 5781 Est
2250 5733 2431 5781 autem
2462 5725 2551 5781 hic
2574 5725 2732 5780 locus
2759 5725 2826 5780 ad
2868 5725 3028 5780 Attici
3062 5725 3192 5780 anni
3217 5764 3233 5793 ,
3259 5722 3567 5794 cuiusmodi
3601 5737 3700 5793 per
