4118 6402
367 299 472 360 955

1523 287 1617 345 DE
1651 287 1836 348 ANNO
1871 289 2127 346 NATALI
2165 288 2465 345 CHRISTI.

3513 291 3621 347 ειει

361 418 458 476 illa
487 425 729 488 tempora
763 415 899 479 fuit,
937 430 1001 470 ac
1031 414 1300 470 mensium
1329 413 1744 483 dispositionem
1777 411 1938 465 intel-
1973 421 2011 474 Α
2044 410 2155 473 det,
2189 407 2604 463 Heeatombaeon
2649 416 2831 461 autem
2872 406 3038 472 Julio,
3083 414 3138 460 ut
3178 407 3352 461 eidem
3415 406 3614 476 Scalig.

369 512 636 582 ligendam
667 508 1047 565 observatione
1085 506 1463 576 dignissimus.
1519 503 1762 558 Primum
1793 501 1939 557 enim

369 604 604 658 solarem
652 616 855 656 annum
901 599 1072 654 fuisse
1113 598 1270 652 docet
1303 610 1606 651 consensus
1638 589 1942 648 Maemacte-

363 695 541 748 rionis
585 708 711 748 cum
761 690 988 745 Januar.
1033 688 1139 744 Sed
1172 687 1465 743 videndum
1506 685 1781 756 quodnam
1813 683 1941 737 anni

370 795 532 857 caput
561 785 742 840 fuerit.
781 784 996 839 Primus
1027 781 1334 836 Atticorum
1360 779 1628 834 mensium
1656 775 1944 831 Hecatom-

363 879 522 932 baeon
564 875 707 932 fuit:
737 891 768 929 a
797 891 927 944 quo,
975 874 1021 929 si
1070 872 1229 928 Gazae
1271 872 1569 934 credimus,
1599 876 1828 939 quartus
1862 875 1946 922 est

373 968 766 1023 Maemacterion
791 983 804 1032 ;
833 964 1110 1036 Scaligero
1130 979 1260 1019 vero
1285 964 1530 1033 quintus.
1554 961 1741 1016 Utrius
1764 960 1945 1015 verior

369 1061 554 1131 opinio
592 1062 664 1115 sit
693 1061 797 1114 hoc
839 1059 962 1112 loco
990 1057 1425 1127 disquirenilum.
1485 1055 1601 1108 Duo
1633 1054 1687 1107 in
1733 1052 1946 1107 ordina-

371 1153 518 1206 tione
550 1151 817 1205 mensium
845 1149 1003 1204 Gazse
1034 1158 1211 1204 errata
1239 1147 1462 1217 corrigit
1492 1144 1735 1215 Scaliger
1767 1160 1780 1196 :
1813 1143 1946 1198 alte-

371 1259 492 1297 rum
522 1242 669 1313 quod
715 1240 984 1295 Mzemact.
1014 1255 1067 1294 tv
1094 1240 1218 1295 loco
1259 1238 1528 1309 posuerit,
1559 1237 1718 1304 eique
1743 1233 1946 1306 Pyane-

371 1333 614 1403 psionem
639 1329 965 1401 subiecerit;
1007 1330 1258 1388 alterum,
1291 1327 1435 1398 quod
1465 1324 1940 1380 Authesterioncm

370 1436 494 1496 post
516 1425 944 1497 Pyanepsionem
967 1421 1336 1486 collocaverit,
1357 1418 1716 1487 instantejam
1741 1414 1941 1470 hieme.

371 1520 571 1573 Contra
591 1531 713 1587 quae
739 1514 982 1585 Scaliger
1009 1512 1485 1568 Anthesterionem
1516 1524 1745 1565 vernum
1786 1521 1943 1560 men-

371 1625 485 1665 sem
515 1624 658 1673 esse,
705 1616 760 1664 et
794 1606 932 1679 μετὰ
965 1605 1214 1676 χειμῶνα
1249 1603 1471 1669 statuit;
1505 1601 1648 1656 unde
1683 1609 1807 1670 post
1835 1595 1944 1651 Γα-

363 1701 616 1773 ,μηλιῶνα
650 1699 969 1764 constituit;
998 1696 1495 1752 Mazmacterionem
1531 1709 1662 1748 vero
1695 1691 1944 1764 praecipi-

373 1767 504 1848 tanti
545 1794 656 1864 jam
698 1803 962 1864 autumno
997 1791 1206 1852 tribuit,
1269 1789 1522 1860 quintum
1556 1786 1765 1850 ordine,
1813 1794 1868 1840 et
1911 1799 1940 1837 a
1979 1767 2017 1821 Β

374 1883 744 1954 Pyanepsione
775 1882 1105 1951 proximum.
1147 1875 1447 1948 Utriusque
1481 1875 1787 1938 sententiae,
1821 1882 1881 1928 ut
1913 1888 1942 1927 a

361 1975 573 2029 lectore
604 1972 813 2028 facilius
842 1972 1192 2042 percipiatur,
1223 1969 1544 2025 laterculum
1580 1961 1940 2037 subiecimus.

863 2083 1136 2138 MENSES
1173 2082 1426 2137 ATTlCl.

440 2196 517 2250 Ex
547 2196 836 2252 Theodoro
862 2197 1025 2252 Gaza.
1303 2194 1382 2249 Ex
1414 2194 1712 2264 Scaligero.
1761 2239 1764 2243 .

619 2289 850 2356 Θερινοί
1371 2284 1618 2354 Θερινοί.

558 2379 990 2450 Ἐκατομϐαιῴν.
1298 2374 1743 2450 Ἑκατομϐαιῶνα,

545 2445 969 2518 Μεταγειτνιών.
1297 2445 1716 2518 Μεταγειτνιών.

547 2514 908 2592 Βοηδρομιὼν.
1302 2514 1668 2587 Βοηδρομιὼν.

560 2609 884 2677 Ὀπωρινοί.
1329 2603 1654 2672 Ὀπωρινοι.

542 2705 843 2773 Μαιμακτη
852 2701 998 2772 ριών.
1296 2694 1639 2773 Ηυανεψιὼν.

545 2763 883 2841 Πυανεψιῶν.
906 2840 914 2841 7
1296 2763 1755 2841 Μαιμαιιῖηριὼν.

555 2835 820 2912 Ἀνθεοίτη
831 2840 982 2912 ριών.
1304 2835 1442 2890 [locs
1451 2835 1625 2888 ιδεώνζ

567 2933 914 3003 Χειμερινοι.
1314 2929 1670 2998 Χειμερινοί.

545 3024 872 3082 Ποσειδεὼν.
1300 3020 1338 3072 Γ
1342 3018 1611 3089 αμηλιών.

547 3094 861 3168 Γαμηλιῴνθ
908 3163 917 3168 _
1317 3086 1726 3168 Ἀνθὲστῃριῶν.

565 3157 982 3237 Ἐἳιαξρηϐολιών.
1317 3157 1738 3229 Ἐλαφηϐολιών.

613 3256 883 3326 Ἐαρινοί.
1373 3251 1647 3320 Ἑαρινοί.

541 3346 892 3426 Μουνυχιῴν.
1303 3341 1645 3426 ὶίουνυχιῶν.

551 3420 631 3472 Θα
639 3411 889 3491 ργηῖιών.
904 3484 915 3491 ι
1301 3411 1645 3491 θαργηλιῶν.

544 3480 981 3562 Σκίρῥόφοριών.
1301 3480 1728 3552 Σκιρροφοριώνς

441 3605 502 3660 1η
551 3605 652 3660 hac
698 3603 996 3657 Atticorum
1035 3613 1304 3653 mensmm
1345 3597 1664 3652 recensione
1696 3595 1944 3666 quaedam

371 3709 521 3753 recte
561 3694 803 3763 Scaliger
829 3693 1092 3748 adversus
1121 3689 1326 3745 Gazam
1357 3688 1632 3756 defendit;
1680 3688 1785 3742 alia
1830 3703 1951 3757 per-

366 3805 560 3860 peram
590 3803 653 3842 ac
680 3786 840 3841 falso.
880 3784 1034 3851 Quod
1072 3783 1216 3838 enim
1278 3781 1752 3836 Anthesterionem
1779 3796 1948 3835 verno

377 3879 608 3940 tempori
639 3878 882 3942 ascribit,
931 3892 1037 3931 non
1099 3873 1470 3929 inclinativam
1499 3881 1783 3935 autumno,
1811 3887 1948 3942 pra:-

377 3972 524 4026 elare
561 3969 710 4023 iacit.
768 3967 872 4021 Sed
918 3967 986 4021 de
1029 3963 1496 4028 Marmaeterione,
1529 3976 1596 4017 ac
1640 3961 1947 4017 Posideone

367 4076 569 4132 parum
615 4058 898 4115 commode
938 4058 1177 4113 sensisse
1218 4056 1350 4110 mihi
1404 4056 1640 4110 videtur.
1699 4053 1945 4108 Primum

376 4151 757 4209 Boedromioni
790 4149 1214 4221 Pyanepsionem
1242 4191 1256 4214 ,
1304 4164 1410 4202 non
1453 4145 1943 4201 Mmmacterionem

379 4244 642 4314 adiungit,
673 4243 834 4312 idque
855 4241 1228 4310 compluribus
1252 4239 1589 4309 argumentis
1617 4237 1946 4307 persuadere

379 4337 569 4392 nititur
596 4352 609 4388 :
643 4350 765 4405 quae
795 4332 999 4396 omnia,
1035 4333 1080 4386 si
1112 4333 1275 4386 unius
1312 4329 1762 4399 Harpocrationis
1791 4327 1946 4383 testi-

2045 501 2241 571 placet,
2275 499 2625 570 Metagitnion
2665 499 2936 569 Augusto,
2972 498 3333 554 Boedromion
3375 497 3621 567 Septem-

2042 593 2163 656 bri,
2199 594 2324 663 quis
2357 591 2646 647 Octobrem
2700 594 2842 648 alius
2891 600 3083 663 praeter
3131 591 3620 648 Maemacterionem

2045 685 2148 741 sibi
2198 685 2532 739 vindicabit?
2564 685 2803 740 Pessime
2832 685 3014 755 itaque
3053 695 3303 755 quartam
3335 685 3409 738 illi
3438 688 3619 740 sedem

2045 777 2326 838 attribuit,
2357 792 2420 830 ac
2451 775 2560 829 τῶν
2589 777 2872 847 ὀπωρινῶν
2920 777 3155 846 primum
3206 776 3368 840 facit,
3415 777 3463 831 si
3511 775 3622 830 No-

2045 867 2222 920 vemb.
2262 867 2536 934 congruit.
2589 865 2730 919 Sane
2776 863 3206 936 Pyanepsionem
3243 865 3495 934 quintum
3527 879 3624 934 po-

2046 961 2155 1014 tius
2193 976 2356 1031 quatn
2401 977 2452 1013 tv
2496 974 2619 1014 esse
2663 959 3058 1012 numerandum
3104 974 3168 1012 ex
3215 974 3280 1011 eo
3325 957 3623 1028 colligitur,

2045 1051 2190 1122 quod
2224 1050 2389 1104 hiemi
2421 1065 2642 1122 quoque
2699 1049 2987 1102 tribuatur.
3021 1047 3155 1101 Nam
3189 1046 3624 1117 Tbesmopboria

2046 1141 2416 1214 Pyauepsione
2443 1158 2629 1197 mense
2653 1141 2870 1202 fiebant,
2903 1151 2960 1195 ut
3004 1139 3145 1194 Plut.
3173 1142 3228 1194 in
3273 1140 3503 1194 Demost.
3548 1140 3625 1195 si-

2046 1233 2286 1303 gnificat.
2317 1233 2753 1302 Thesmopboria
2781 1247 2946 1301 porro
2977 1231 3027 1284 in
3064 1231 3296 1284 hiemem
3345 1232 3626 1286 incurrere

2047 1335 2278 1382 testatur
2337 1326 2733 1395 Aristophanes
2804 1323 3397 1394 Θεσμοφοριαζούσαις.
3467 1323 3624 1394 Apud

2046 1433 2205 1487 quem
2234 1418 2532 1488 Agathonis
2581 1431 2770 1471 servus
2798 1414 2866 1470 de
2895 1414 3452 1484 Tbesmopboriorum
3487 1425 3625 1470 tem-

2046 1526 2178 1582 pore
2205 1511 2285 1566 sic
2312 1509 2558 1579 loquitur
2587 1523 2601 1558 :

2395 1643 2588 1710 Αὐτὸς
2613 1644 2722 1712 γὰρ
2747 1642 2939 1706 ἔξεισι
2964 1641 3138 1708 τάχα·

2116 1714 2227 1771 Καὶ
2256 1714 2367 1784 γὰρ
2387 1708 2732 1784 μελοποιεῖν
2763 1713 3022 1782 ἄρχεται,
3054 1710 3343 1784 χειμῶνος
3371 1708 3485 1784 ς)ῦῖ

2121 1777 2342 1864 ξοντρέ
2359 1777 2810 1864 internata-(tetar—
2832 1777 2938 1864 ἐξις
2964 1777 3232 1864 σζροξὲᾲς
3260 1782 3330 1833 οὺ
3346 1777 3592 1850 ῥᾴδιον,

2120 1858 2227 1912 Ἦν
2241 1854 2328 1924 μὴ
2354 1855 2529 1924 προΐῃ
2554 1851 2760 1921 θύραζε
2787 1853 2937 1921 πρὸς
2974 1851 3082 1904 τὸν
3105 1851 3304 1918 ἣλιον.

2115 1965 2394 2020 Accedunt
2436 1965 2676 2020 rationes
2705 1964 2844 2025 aliae,
2875 1979 3012 2034 quas
3041 1979 3070 2017 a
3103 1960 3394 2015 Theodoro
3427 1974 3624 2029 propo-

2047 2059 2179 2114 sitas
2209 2058 2451 2128 Scaliger
2479 2056 2806 2111 dissimulat.
2851 2055 2917 2111 Ut
2947 2056 3088 2110 inter
3117 2057 3243 2112 alia.
3280 2053 3426 2124 quod
3457 2053 3622 2106 Arist.

2046 2150 2141 2205 lib.
2179 2167 2231 2205 vr
2264 2150 2338 2203 De
2361 2150 2485 2204 ln'st.
2520 2151 2711 2212 anim.,
2743 2163 2863 2216 cap.
2892 2146 3372 2207 29,Boedromioni
3412 2145 3627 2198 Mmma~

2046 2241 2342 2297 cterionem
2379 2240 2694 2310 subjungit,
2741 2239 2832 2292 ubi
2867 2237 2934 2292 de
2962 2252 3248 2292 cervorum
3281 2237 3414 2290 initu
3448 2233 3623 2303 loqui-

2047 2341 2137 2384 tur
2171 2349 2184 2383 :
2239 2331 2302 2382 'H
2335 2329 2392 2381 δὲ
2421 2329 2574 2398 ὀχεία
2602 2328 2812 2397 γίνεται
2845 2328 2960 2398 μετ’
3001 2326 3328 2397 Ἀρκτοῦρον
3363 2327 3492 2397 περὶ
3534 2324 3626 2376 τὸν

2047 2419 2433 2493 Βοηδρομιῶνα
2479 2420 2572 2473 καὶ
2625 2419 3122 2491 Μαιμακτηριῶνα.
3167 2418 3270 2485 Qui
3311 2420 3462 2472 locus
3491 2417 3622 2473 Sca-

2051 2515 2216 2583 ligero
2233 2512 2506 2566 silentium
2541 2511 2754 2576 indicit,
2782 2519 2834 2564 et
2863 2511 3022 2565 Gaza:
3067 2511 3373 2579 Opinionem
3407 2511 3622 2564 astruit.

2049 2603 2167 2657 Duo
2205 2603 2352 2656 enim
2397 2617 2460 2656 ex
2509 2602 2575 2657 iis
2602 2603 2785 2656 verbis
2827 2611 2969 2656 recte
3007 2602 3282 2656 concludit
3315 2620 3328 2655 :
3368 2601 3625 2666 alterum,

2047 2693 2535 2749 Maemacterionem
2584 2693 2748 2762 paulo
2794 2702 2918 2762 post
2971 2693 3187 2748 Arcturi
3241 2700 3420 2745 ortum
3486 2691 3626 2745 inci-

2047 2800 2174 2855 pere
2203 2803 2218 2840 :
2251 2784 2456 2853 alioqui
2490 2783 2690 2838 frustra
2720 2783 3214 2837 Maemacterionem
3245 2781 3626 2837 Boedromioni

2049 2875 2361 2944 subjiceret.
2397 2876 2660 2929 Arcturus
2687 2882 2868 2928 autem
2899 2874 3044 2929 circa
3094 2875 3410 2928 autumnale
3452 2874 3626 2944 αλιιυί-

2047 2969 2289 3022 noctium
2335 2968 2549 3034 oritur;
2601 2983 2722 3021 nam
2761 2966 3173 3036 Theophrastus
3221 2966 3488 3038 κερωνίαν
3528 2967 3627 3021 ﬂo—

2050 3074 2173 3114 rere
2201 3059 2331 3114 dicit
2372 3059 2503 3130 περὶ
2543 3057 2871 3130 Ἀρκτοῦρον
2920 3075 2981 3111 τε
3030 3060 3126 3112 καὶ
3162 3059 3478 3130 ἰσημερίαν’
3516 3058 3626 3113 Ga-

2051 3151 2206 3204 lenus
2254 3150 2518 3222 insuper:
2555 3151 2708 3204 Ἔστι
2744 3150 2865 3220 μὲν,
2905 3150 3114 3220 inquit,
3156 3150 3488 3219 ὡραιότατον
3525 3151 3626 3220 τῆς

2049 3242 2247 3313 ὲλὰτης
2275 3243 2336 3295 τὸ
2369 3242 2591 3314 σπέρμα
2631 3244 2759 3313 περὶ
2797 3242 2894 3313 τὴν
2938 3242 3188 3314 ἐπιτολὴν
3230 3242 3324 3295 τοῦ
3364 3242 3625 3314 Ἀρκτού-

2054 3350 2175 3403 ρου·
2226 3333 2284 3397 ὃς
2330 3350 2415 3396 τις
2455 3335 2646 3403 καιρὸς
2703 3336 2760 3386 ὲν
2812 3334 2997 3405 Ῥώμῃ
3064 3335 3092 3387 ὁ
3138 3333 3470 3404 καλούμενος
3527 3334 3628 3404 μὲν

2049 3424 2422 3495 Σεπτέμὸριός
2471 3427 2608 3477 ἐστι.
2668 3424 2851 3492 Quare
2901 3426 3172 3480 modicum
3231 3441 3260 3480 a
3318 3423 3624 3495 Septembri

2049 3516 2253 3570 distare
2282 3515 2771 3590 Maemacterionem
2806 3533 3026 3572 necesse
3051 3525 3154 3573 est.
3184 3517 3448 3582 Alterum,
3477 3515 3623 3585 quod

2049 3605 2192 3661 Gaza
2228 3607 2470 3677 colligit,
2521 3615 2646 3661 est:
2693 3605 3180 3662 Mzemaczerioncm
3242 3607 3624 3661 Boedromioni

2048 3698 2354 3766 proximum
2387 3712 2542 3763 esse;
2573 3712 2699 3751 nam
2735 3699 2949 3767 quoties
2994 3698 3134 3754 duos
3173 3714 3390 3754 menses
3428 3699 3503 3752 ita
3535 3713 3625 3752 co-

2049 3789 2228 3858 pulat,
2263 3799 2322 3843 ttt
2363 3789 2568 3858 aliquid
2616 3791 2915 3859 praesertim
2959 3790 3104 3844 circa
3153 3800 3368 3858 tempus
3413 3799 3622 3845 certum

2049 3882 2296 3937 accidere
2327 3881 2433 3938 illis
2465 3883 2745 3938 mensibus
2775 3883 2941 3946 dicat,
2990 3883 3283 3938 continuos
3311 3897 3432 3937 esse
3465 3898 3615 3937 men-

2049 3989 2138 4028 ses
2166 3974 2424 4029 ostendit.
2457 3973 2534 4028 Ita
2572 3989 2698 4028 cum
2737 3974 2803 4028 de
2833 3973 3006 4028 bobus
3041 3975 3152 4044 agit
3185 3991 3198 4028 :
3229 3974 3489 4044 ἄρχονται
3523 3974 3622 4043 τῆς

2047 4065 2229 4136 ὀχείας
2265 4066 2320 4119 αἱ
2355 4065 2482 4135 βοῦς
2510 4066 2638 4136 περὶ
2669 4065 2760 4118 τὸν
2785 4063 3144 4135 Θαργηλιῶνα
3173 4064 3317 4134 μῆνα
3343 4065 3436 4118 καὶ
3457 4065 3622 4136 Σκιρ-

2051 4155 2379 4230 ροφοριῶνα.
2433 4155 2604 4210 Multo
2656 4157 2852 4226 magis,
2909 4171 3034 4210 cum
3094 4165 3350 4224 prmterea
3417 4166 3621 4210 eertum

2045 4256 2257 4316 tempus
2285 4257 2338 4301 et
2361 4248 2634 4302 cardinem
2669 4247 2948 4316 adjun__;it,
3002 4255 3060 4300 ttt
3108 4247 3236 4318 περὶ
3285 4247 3522 4317 τροπάς,
3568 4255 3625 4302 et

2048 4337 2178 4410 περὶ
2232 4337 2324 4391 τὸν
2387 4338 2733 4411 Ἀρκτοῦρον.
2787 4337 2926 4391 Tum
2984 4339 3128 4393 enim
3201 4327 3490 4411 προσεχεῖς
3542 4340 3620 4393 illi

374 4429 620 4483 monium
659 4425 921 4495 excipias,
954 4424 1103 4477 irrita
1145 4433 1274 4477 sunt
1316 4434 1369 4476 et
1397 4422 1602 4476 inania.
1640 4419 1732 4476 Sic
1759 4429 1942 4475 autem
1978 4432 2023 4487 ι)
2052 4444 2268 4485 menses
2312 4431 2544 4485 habendi
2595 4441 2744 4487 sum.
2801 4430 3068 4486 praeterea
3118 4431 3211 4485 ιίι),
3261 4446 3314 4485 ν,
3340 4471 3355 4496 ,
3397 4445 3516 4500 εει),
3556 4431 3626 4483 12

376 4519 733 4575 ratiocinator
783 4532 796 4567 :
857 4515 1230 4588 Pyanepsion,
1289 4525 1350 4568 ut
1406 4523 1599 4568 auctor
1653 4521 1738 4568 est
1797 4512 1941 4566 Plut.

374 4608 558 4662 Tract.
586 4607 650 4661 de
680 4605 846 4673 Iside,
878 4605 1131 4676 congruit
1159 4603 1350 4674 Athyr,
1386 4603 1490 4658 hoc
1516 4612 1600 4659 est
1624 4601 1942 4658 Novembri.

378 4701 642 4755 Posideon
675 4705 856 4753 autem
884 4707 968 4752 est
1014 4695 1327 4762 Januarius,
1363 4707 1422 4751 ut
1465 4695 1608 4750 Plut.
1644 4696 1698 4749 in
1737 4694 1946 4750 Cwsare

378 4792 601 4856 scribit;
633 4806 757 4846 cum
787 4804 1000 4860 semper
1031 4799 1157 4858 post
1188 4789 1438 4844 brumam
1469 4786 1716 4856 incipiat.
1769 4787 1948 4856 Atque

376 4884 519 4940 idem
551 4883 693 4937 Plut.
725 4877 782 4933 in
813 4882 1043 4935 Demost.
1074 4887 1185 4934 tres
1215 4881 1358 4937 istos
1392 4894 1612 4934 menses
1639 4877 1944 4941 continuat,

376 4973 815 5044 Metagituionem
840 5010 855 5036 ,
926 4969 1372 5026 Boedromionem
1399 5008 1416 5035 ,
1484 4967 1944 5039 Pyanepsionem.

375 5065 512 5120 Cum
555 5065 719 5135 igitur
751 5071 806 5119 et
853 5061 1193 5134 Pyanepsion
1230 5061 1302 5116 sit
1336 5058 1660 5135 November,
1707 5069 1762 5116 et
1791 5057 1950 5113 Posi-

377 5158 516 5212 deon
560 5155 891 5219 Januarius,
920 5155 1103 5209 nullus
1136 5153 1278 5209 alius
1323 5129 1609 5209 Decembri
1645 5165 1948 5223 congruere

380 5257 556 5316 potest
595 5257 789 5317 przeter
837 5245 1343 5300 Maemacterionem.
1392 5245 1474 5298 Ad
1518 5245 1632 5299 hmc
1680 5242 1949 5298 Diodorus

376 5338 472 5393 lib.
506 5353 566 5392 ιιι
621 5337 902 5394 continuat
929 5338 1029 5392 hos
1051 5337 1190 5392 duos
1215 5351 1430 5391 menses
1455 5334 1946 5391 Maemacterionem

375 5435 432 5482 et
457 5426 836 5482 Posideonem.

448 5519 554 5576 Sed
600 5520 867 5590 ejusmodi
897 5530 980 5576 est
1011 5520 1156 5575 ratio
1198 5517 1401 5589 Scalig.
1430 5528 1488 5574 ut
1515 5519 1580 5574 ad
1613 5528 1946 5575 contrariam

376 5611 536 5667 Gaza:
582 5613 909 5669 sententiam
956 5611 1363 5684 approbandam
1422 5612 1600 5681 aptior
1649 5612 1947 5682 excogitari

374 5700 523 5758 nulla
559 5705 753 5775 possit.
782 5704 914 5760 Nam
946 5705 990 5761 si
1021 5703 1363 5777 Pyanepsion
1386 5702 1680 5760 Novembri
1717 5720 1948 5776 respon-

2049 4521 2240 4576 scribit
2278 4521 2421 4577 idem
2475 4523 2800 4577 Aristoteles
2834 4521 3192 4578 imbecilliora
3236 4537 3467 4592 quaeque
3509 4531 3621 4576 tam

2050 4611 2105 4666 in
2140 4612 2395 4683 piscium,
2426 4628 2591 4682 quam
2637 4612 2691 4667 in
2737 4613 2919 4666 avium
2969 4628 3166 4684 genere
3200 4622 3486 4683 appetente
3526 4611 3622 4666 fri-

2049 4718 2180 4774 gore
2219 4703 2368 4772 prius
2396 4703 2448 4757 in
2482 4703 2854 4759 commodiora
2886 4705 3001 4759 loca
3043 4704 3299 4775 migrare,
3335 4712 3396 4758 ut
3432 4714 3620 4760 cotur-

2050 4794 2200 4849 nices
2253 4803 2543 4863 antequam
2573 4810 2734 4864 grues
2765 4810 2778 4846 :
2811 4793 2883 4846 τὰ
2914 4794 3012 4865 μὲν
3036 4794 3143 4866 γὰρ
3178 4794 3502 4864 μεταϐάλλει
3527 4793 3621 4850 τοῦ

2050 4883 2491 4956 Βοηδρομιῶνος,
2537 4884 2605 4936 τὰ
2635 4884 2692 4937 δὲ
2722 4883 2817 4938 τοῦ
2849 4883 3364 4956 Μαιμακτηριῶνος.
3391 4885 3459 4938 At
3494 4901 3623 4940 vero

2051 4989 2212 5044 grues
2244 4989 2430 5029 mense
2465 4975 2717 5043 proximo
2761 4975 2830 5028 ab
2876 4989 2962 5039 eo,
3007 4989 3118 5041 quo
3146 4975 3454 5030 coturnices
3487 4990 3620 5029 avo-

2050 5065 2182 5131 lant,
2229 5065 2465 5135 migrare
2509 5066 2806 5121 cernimus.
2864 5064 2958 5120 Est
3011 5067 3176 5137 igitur
3220 5065 3621 5122 Maemacterion

2050 5154 2434 5211 Boedromioni
2465 5155 2767 5226 proximus.
2803 5153 3087 5210 Postremo
3126 5155 3270 5210 idem
3301 5155 3624 5212 Arismteles

2051 5246 2145 5302 lib.
2171 5263 2244 5311 Vl,
2279 5262 2396 5317 cap.
2432 5247 2714 5309 li,scribit
2744 5249 2884 5302 inter
2905 5247 3158 5317 γαλεούς,
3193 5263 3334 5317 quos
3359 5249 3623 5303 mustclos

2050 5337 2195 5393 Gaza
2228 5347 2418 5404 vocat,
2454 5352 2579 5394 eum
2616 5339 2709 5410 qui
2760 5340 3020 5412 ἀστερίας
3069 5341 3305 5406 dieitur,
3354 5339 3621 5411 ἄρχεσθαι

2048 5430 2335 5502 ὀχεύεσθαι
2401 5432 2904 5504 Μαιμακτηριῶνος
2970 5432 3160 5506 μηνός.
3214 5431 3373 5499 Quod
3434 5432 3620 5486 statim

2051 5532 2176 5594 post
2209 5523 2597 5594 aequinoctium
2642 5524 2959 5594 contingere
2994 5524 3293 5593 piscatores
3325 5528 3618 5577 testantur.

2049 5614 2170 5670 Jam
2197 5615 2351 5686 quod
2385 5615 2452 5669 ad
2485 5613 2840 5671 Plutarchum
2866 5623 3097 5686 spectat,
3125 5615 3216 5686 qui
3243 5629 3366 5670 cum
3391 5611 3626 5667 Boedro-

2053 5707 2234 5763 mioue
2287 5705 2716 5777 Pyanepsionem
2781 5707 3105 5772 continuat,
3161 5713 3309 5761 errat
3379 5701 3625 5774 profecto
