4118 6402
517 287 626 343 93ἷὶ

1638 286 1976 342 ΛΡΡΕΝῡΙΧ
2017 280 2574 342 DISSERTATIONU
2586 283 2630 336 Il
2644 324 2655 335 .

3680 287 3786 343 936

520 396 784 460 Scaliger.
804 395 1131 452 Plutarchus
1151 396 1292 451 enim
1313 399 1501 468 paucis
1521 403 1800 457 mensibus
1820 402 2101 472 postredi-
2134 413 2174 464 Α
2210 415 2316 454 non
2351 401 2589 464 lunares,
2619 396 2712 452 scd
2750 393 3094 461 tricenarius,
3137 396 3220 451 vel
3258 404 3406 451 certe
3429 394 3697 456 Julianos.
3729 401 3790 456 Si

529 501 644 545 tum
692 490 746 544 in
799 491 1033 560 patriam
1075 491 1274 546 vixisse
1304 491 1543 548 Demost.
1577 494 1807 560 scribit;
1839 511 1964 550 nam
1995 494 2105 550 Me-

520 581 824 652 tagitnione
867 596 1053 636 mense
1105 583 1350 652 praelium
1382 583 1449 638 ad
1489 583 1801 640 Cranonem
1850 587 2102 658 contigit,

521 673 919 729 Boedromione
949 689 1078 728 vero
1105 674 1421 744 prasidiutn
1459 676 1513 730 in
1543 675 1592 730 Μ
1601 677 1880 731 unichiam
1923 678 2104 733 intro-

520 767 772 830 ductum,
821 765 1198 837 Pyanepsione
1246 768 1466 822 demum
1499 769 1636 823 obiit
1685 768 2102 826 Demosthenes.

519 857 640 912 Non
668 857 799 910 dicit
828 858 1072 926 sequenti
1105 866 1224 927 post
1249 857 1702 913 Boedromionem
1731 875 1918 915 mense
1953 875 2103 914 mor-

519 957 675 1002 tuum
704 964 845 1003 esse.
897 947 1082 1003 Potuit
1131 951 1298 1020 igitur
1356 952 1571 1006 medius
1605 953 1937 1008 intervenire
1975 951 2103 1007 Mae-

516 1041 843 1095 ntacterion.
882 1039 1027 1095 Idem
1056 1051 1108 1094 et
1140 1043 1207 1096 de
1255 1041 1477 1096 Diodori
1523 1043 1644 1097 loco
1671 1043 1941 1113 judicium
1981 1059 2105 1100 esse

518 1132 714 1196 debet,
769 1133 862 1202 qui
916 1134 988 1186 ita
1045 1135 1277 1188 scribit:
1330 1135 1464 1188 Ἀπὸ
1511 1137 1680 1206 μηνὸς
1727 1137 1786 1189 ὃν
1850 1138 2105 1192 καλοῦσιν

532 1225 807 1297 Ἀθηναῖοι
851 1227 1334 1298 Μαιμακτηριῶνα
1367 1228 1475 1280 τῶν
1518 1229 1656 1280 ἑπτὰ
1690 1229 1799 1280 τῶν
1835 1231 1976 1285 κατὰ
2007 1231 2105 1302 τὴν

517 1319 718 1388 ἄρκτον
766 1319 1017 1390 ἀστέρων
1065 1320 1256 1372 οὐδένα
1308 1321 1473 1388 φασὶν
1516 1321 1745 1391 ὁρᾶσθαι
1795 1322 1956 1394 μέχρι
2006 1325 2106 1394 τῆς

519 1406 748 1478 πρώτης
783 1407 1052 1478 φυλακῆς,
1078 1408 1154 1478 τῷ
1179 1409 1235 1462 δὲ
1265 1410 1608 1465 Πωσειδεῶνι
1639 1413 1800 1484 μέχρι
1823 1413 2100 1484 δευτέρας.

519 1496 640 1551 Non
681 1499 826 1551 enim
856 1501 1119 1553 continuo
1158 1511 1280 1569 post
1320 1501 1813 1558 Maemacterioncm
1849 1504 2105 1560 Posidt-o-

518 1605 642 1643 nem
690 1591 844 1659 sequi
887 1591 1161 1656 declarat,
1191 1607 1316 1646 cum
1349 1603 1402 1648 et
1435 1596 1596 1648 verba
1633 1596 1757 1661 ista,
1803 1597 1910 1650 ἀπὸ
1945 1599 2090 1651 Μαι-

2211 495 2453 557 lunares,
2491 501 2694 547 certam
2737 489 2938 543 nullam
2971 489 3024 542 in
3056 488 3274 544 Juliano
3313 499 3570 545 contextu
3606 494 3790 549 sedem

2207 584 2477 651 obtinent,
2502 585 2596 639 sed
2628 581 2770 636 u'ltro
2800 581 3046 652 citroque
3078 591 3341 652 vagantur
3371 600 3383 635 :
3413 597 3536 652 qua:
3560 586 3794 641 varietas

2206 675 2388 741 elﬁcit,
2429 685 2490 730 ut
2527 689 2634 729 nou
2670 674 2858 728 iisdem
2895 671 3127 728 Iulianis
3165 673 3444 730 mensibus
3491 689 3524 729 a
3560 675 3771 746 scripto-

2209 767 2362 821 ribus
2390 765 2748 834 imputcntur.
2777 761 3114 832 Epiphanius
3136 763 3220 816 hic
3243 763 3307 817 de
3338 763 3668 828 tricenariis,
3697 773 3797 818 aut

2209 859 2394 928 utique
2414 855 2666 910 Julianus
2689 855 2949 924 loquitur,
2978 857 3045 909 de
3073 869 3184 924 quo
3215 855 3372 922 paulo
3399 865 3522 924 post
3549 869 3789 926 agemus.

2205 947 2384 1019 Caput
2427 948 2580 1012 anni,
2616 947 2661 1002 si
2692 961 2817 1002 vera
2852 953 3001 1009 sunt,
3039 961 3160 1015 qua;
3195 961 3292 1016 pro
3331 945 3492 1001 Gaza:
3529 947 3796 1002 sententia

2209 1056 2375 1109 supra
2420 1039 2810 1104 disseruimus,
2847 1037 2917 1092 ab
2959 1036 3181 1091 Octobri
3223 1035 3440 1091 Juliano
3474 1037 3789 1100 deducitur;

2207 1146 2333 1184 nam
2367 1127 2718 1200 Metagitnion
2749 1129 2803 1183 in
2830 1126 3189 1184 Novembrem
3219 1130 3488 1184 convenit.
3527 1129 3666 1200 Ergo
3688 1129 3798 1186 He-

2208 1223 2543 1276 catombaeon
2575 1219 2862 1275 Octobrem
2909 1229 3161 1290 occupat,
3204 1235 3235 1274 a
3270 1235 3378 1290 quo
3417 1237 3601 1276 mense
3630 1221 3796 1293 Syro-

2207 1316 2616 1372 macedonicam
2661 1317 2941 1386 periodum
2977 1315 3192 1369 orditur
3229 1311 3494 1383 Scaliger.
3532 1312 3798 1370 Videntur

2208 1418 2332 1479 post
2375 1407 2861 1462 Constantiuianas
2913 1405 3243 1460 indictiones
3289 1420 3488 1459 novum
3527 1406 3653 1459 illud
3695 1405 3794 1460 Ju-

2207 1500 2337 1554 liani
2370 1499 2496 1553 anni
2522 1499 2878 1569 primordium
2899 1497 3188 1560 Statuisse,
3209 1504 3265 1551 et
3285 1494 3793 1552 Hecatombaeonem

2208 1590 2261 1644 in
2289 1588 2745 1644 Mazmacterionis
2778 1589 2956 1642 locum
2989 1588 3337 1659 subrogasse.
3371 1587 3627 1658 Alioquin
3656 1588 3795 1642 nihil

520 1682 936 1752 μακτηριῶνος,
989 1684 1057 1738 de
1107 1700 1300 1740 mense
1329 1703 1434 1740 non
1472 1687 1725 1743 absoluto
1760 1689 1970 1758 possint
2010 1705 2102 1743 :tc-

2208 1693 2291 1738 est
2325 1682 2549 1747 certius,
2588 1696 2752 1751 quam
2794 1679 3263 1734 Hecatombzeonis
3301 1679 3430 1750 περὶ
3457 1680 3557 1742 τὰς
3585 1678 3795 1750 τροπὰς

517 1773 623 1843 Cipi
652 1813 668 1837 ν
724 1773 811 1828 cui
867 1775 937 1829 είι
970 1776 1255 1844 proximus
1289 1778 1428 1831 alter
1451 1818 1465 1842 ,
1502 1779 1608 1834 hoc
1650 1791 1735 1834 ρει
1760 1753 2099 1851 Ῥςεηρρείο,
2137 1753 2178 1807 Β
2207 1769 2434 1840 θερινάς
2472 1769 2798 1822 collocatum
2836 1767 3023 1822 fuisse.
3059 1767 3293 1822 Lnnaris
3325 1769 3469 1822 enim
3508 1768 3792 1822 Hecaton-

518 1862 596 1918 Ita
621 1865 838 1920 demum
867 1882 953 1922 res
978 1881 1044 1922 eo
1072 1867 1362 1938 redigitur,
1395 1879 1452 1923 ut
1485 1880 1680 1940 pra-ter
1708 1870 2104 1941 lIarpocratio-

518 1971 644 2010 nem
697 1959 981 2012 sententiae
1044 1975 1158 2014 suae
1219 1960 1484 2016 vindicem
1546 1963 1744 2018 habeat
1806 1964 2100 2018 neminem.

520 2044 730 2101 Scribit
793 2049 940 2102 enim
1011 2049 1065 2104 in
1113 2051 1294 2106 lexico
1325 2050 1815 2108 Maamacterionem
1858 2055 2105 2126 πέμπτον

517 2135 657 2193 εἶναι
704 2139 870 2210 μῆνα.
909 2139 1013 2195 Sed
1052 2143 1137 2196 vel
1164 2142 1424 2214 τέταρτος
1473 2161 1574 2215 pro
1622 2146 1872 2216 πέμπτος
1907 2149 2105 2202 rescri-

518 2231 795 2299 bendum;
826 2232 909 2287 vel
940 2233 986 2287 si
1017 2234 1152 2288 nihil
1203 2235 1294 2290 hic
1345 2251 1374 2289 a
1421 2236 1645 2291 librario
1675 2252 1957 2308 peccatum
1998 2250 2101 2306 est,

518 2337 628 2378 non
663 2323 892 2378 dubium
940 2334 1026 2380 est
1056 2325 1190 2395 qttin
1240 2327 1414 2397 pluris
1459 2329 1604 2398 apud
1654 2346 1757 2385 nos
1795 2331 2108 2387 Aristotelis

517 2423 573 2469 et
613 2414 931 2482 Plutarchi,
975 2434 1142 2488 quam
1191 2421 1536 2490 grammatici
1579 2422 1746 2477 unius
1804 2425 2107 2480 auctoritas

519 2521 640 2562 esse
665 2507 884 2562 debeat.

591 2597 854 2667 Sequitur
887 2599 1142 2656 immanis
1168 2600 1429 2673 Scaligeri
1458 2613 1668 2674 stupor,
1691 2605 1820 2660 dum
1847 2604 2109 2665 Posideo-

518 2704 641 2743 nem
688 2691 759 2744 ita
798 2707 923 2746 cum
956 2691 1220 2748 Januario
1256 2705 1561 2766 comparat,
1602 2707 1661 2752 ut
1693 2709 1816 2768 post
1855 2700 2105 2774 brumam

518 2779 761 2851 incipiat,
778 2798 888 2852 quo
909 2783 1041 2838 ttiltil
1063 2785 1275 2840 falsius.
1299 2787 1617 2844 Aristoteles
1641 2789 1736 2844 lib.
1759 2805 1809 2855 v,
1829 2806 1950 2861 cap.
1971 2795 2024 2858 9,
2042 2793 2110 2848 de

517 2863 845 2936 Thynnide:
881 2869 1037 2922 Ἔστι
1083 2871 1139 2924 δὲ
1181 2874 1209 2926 ὁ
1252 2873 1352 2944 μὲν
1398 2875 1618 2947 πρῶτος
1657 2879 1819 2942 τόκος
1853 2881 1985 2952 περὶ
2017 2880 2110 2935 τὸν

515 2956 852 3011 Ποσειδεῶνα
867 2959 972 3030 πρδ
991 2962 1228 3033 τροπῶν.
1251 2963 1658 3036 Theophrastus
1678 2970 1770 3024 lib.
1790 2986 1884 3035 vn,
1903 2988 2023 3044 cap.
2056 2973 2108 3039 I,

2206 1862 2414 1916 btconis
2463 1861 2752 1915 neomenia
2816 1859 2918 1914 fuit
2964 1861 3077 1927 illa,
3129 1876 3250 1930 qua:
3291 1861 3525 1916 solstitio
3572 1862 3793 1931 propior

2205 1963 2372 2017 esset,
2401 1963 2511 2006 tam
2543 1963 2686 2018 ante,
2717 1967 2880 2023 quam
2912 1962 3034 2022 post
3062 1952 3355 2007 solstitium
3390 1970 3404 2006 :
3433 1953 3485 2007 id
3520 1953 3662 2021 quod
3695 1951 3792 2006 ad-

2206 2061 2400 2100 versus
2436 2045 2833 2116 Scaligerianos
2867 2046 2974 2100 alio
3003 2045 3123 2100 loco
3151 2046 3487 2116 probabitur.
3521 2045 3588 2099 At
3617 2045 3670 2100 in
3697 2042 3795 2099 Ju-

2207 2138 2372 2200 liana,
2406 2139 2520 2193 sive
2548 2138 2652 2192 fixa
2687 2139 2976 2208 stabilique
3000 2139 3128 2191 anni
3161 2136 3337 2191 forma
3376 2135 3791 2192 Heeatombazmt

2207 2228 2367 2283 haesit
2402 2229 2454 2282 in
2483 2226 2666 2293 Julio;
2711 2229 2906 2298 reliqui
2953 2237 3248 2297 sequentes
3291 2225 3538 2281 Julianus
3576 2241 3794 2281 menses

2208 2319 2587 2373 obtinuerunt.
2636 2318 2962 2374 Plutarchus
3009 2334 3132 2372 cum
3169 2317 3472 2374 Atticorum
3525 2319 3794 2373 mensium

2210 2411 2875 2481 meminit,nonnunquam
2911 2412 3050 2466 ﬁxos
3079 2412 3202 2466 illus
3223 2425 3287 2466 ac
3317 2410 3563 2467 Julianus
3594 2411 3795 2465 intelli-

2208 2503 2305 2574 git.
2331 2502 2485 2570 Quod
2516 2511 2698 2558 autem
2726 2519 2916 2558 eorum
2945 2504 3138 2559 seriem
3163 2504 3523 2560 Athenienses
3545 2513 3789 2558 retexue-

2211 2595 2339 2659 rint,
2373 2601 2427 2648 et
2463 2593 2775 2649 Hecatomb.
2825 2595 3057 2649 statione
3101 2594 3458 2660 dimoverint,
3495 2595 3638 2649 haud
3673 2599 3792 2650 scio

2209 2700 2278 2739 an
2324 2700 2391 2740 ex
2435 2686 2542 2739 alio
2573 2685 2862 2754 scriptore,
2908 2701 3072 2757 quam
3104 2702 3174 2741 ex
3215 2687 3319 2742 hoc
3348 2685 3631 2757 Epiphanii
3667 2686 3794 2743 loco

2211 2787 2461 2834 constare
2491 2779 2684 2848 possit.

2280 2869 2402 2926 Col.
2430 2871 2536 2927 932
2569 2870 2631 2926 C.
2663 2870 2782 2939 Πρὸ
2813 2870 2882 2935 ἐξ
2906 2869 3097 2924 Εὶὸῶν
3116 2869 3473 2938 Νοεμϐρίων.
3495 2868 3790 2926 Neomenia

2211 2963 2385 3036 Atltyr
2399 2964 2627 3030 Actiaci,
2660 2965 2743 3018 vel
2768 2963 3120 3019 Diocletianei
3140 2963 3395 3017 convenit
3427 2979 3457 3016 v
3490 2961 3605 3016 Kal.
3627 2963 3789 3027 Nov.,

516 3045 585 3102 de
608 3049 825 3105 diverso
872 3053 1138 3109 sementis
1172 3064 1436 3125 tempore,
1477 3060 1790 3131 χειμερινοῦ
1825 3063 1933 3133 γὰρ
1965 3065 2108 3138 ἀρχὴ
2137 3095 2179 3152 c
2215 3053 2991 3152 ltoceStOctob.‘xxmt._!-£rgo
3005 3050 3795 3152 duodecimusAthyrdtiovem-

519 3139 660 3209 μετὰ
709 3140 919 3209 τροπὰς
965 3140 1183 3215 θερινὰς
1233 3144 1329 3199 τοῦ
1373 3148 1861 3218 Μεταγειτνιῶνος·
1911 3152 2008 3208 τοῦ
2053 3154 2103 3209 δὲ

2213 3148 2327 3204 bris
2346 3157 2564 3214 octavo,
2598 3147 2714 3203 sive
2737 3163 2790 3202 vt
2820 3145 2898 3202 Id.
2933 3145 3250 3218 Nov.,quod
3267 3155 3323 3202 et
3359 3162 3512 3201 num.
3538 3145 3604 3200 16
3624 3163 3790 3218 supra

513 3227 768 3300 δευτέρου
809 3230 976 3286 πάλιν
1011 3233 1154 3303 μετὰ
1187 3235 1340 3306 ἡλίου
1387 3238 1597 3310 τροπὰς
1649 3243 1972 3314 χειμερινὰς
2013 3246 2107 3300 τοῦ

516 3319 870 3392 Γαμηλιῶνος
908 3327 1096 3395 μηνός.
1135 3325 1330 3385 Incidit
1364 3331 1530 3402 igitur
1565 3333 1831 3392 Posideon
1855 3349 1980 3394 ante
2001 3341 2111 3396 sol-

518 3413 730 3467 stitium
767 3415 1083 3484 hibernum,
1135 3419 1419 3477 Gamelion
1462 3435 1588 3495 post
1620 3428 1933 3484 solstitium.
1980 3431 2109 3486 Plu-

517 3504 744 3560 tarchus
795 3518 976 3562 autem
1030 3509 1084 3564 in
1133 3510 1254 3566 Vita
1300 3512 1534 3572 Cesaris
1578 3517 1936 3576 Posideonem
1980 3539 2106 3578 cum

520 3593 739 3648 ineunte
763 3597 1029 3654 duntaxat
1053 3599 1315 3658 Januario
1338 3605 1582 3663 confert:
1609 3609 1889 3680 Χειμῶνος
1912 3613 1970 3665 ὲν
1994 3631 2110 3683 τρο-

519 3688 647 3749 παῖς
676 3688 846 3752 ὄντος,
878 3691 1168 3762 ἱσταμένου
1210 3697 1536 3770 Ἰανουαρξου
1572 3700 1740 3772 μηνὸς
1774 3697 1949 3773 (οὗτος
1970 3704 2015 3757 δ’
2042 3706 2107 3759 ἂν

518 3777 603 3847 ιῖη
657 3778 960 3837 Ποσειδεὼν
1017 3784 1364 3857 Ἀθηναίοις).
1412 3789 1548 3844 Nam
1596 3793 1803 3848 lunaris
1840 3793 2107 3852 Posideon

517 3884 911 3941 nonnunquam
951 3873 1198 3932 Januarii
1241 3891 1451 3949 partem
1483 3882 1682 3938 aufert.
1718 3883 1864 3940 Idem
1895 3898 1949 3942 ct
1979 3886 2106 3942 Sui-

519 3961 619 4016 das
644 3965 933 4034 perspicue
955 3968 1133 4036 docet,
1162 3971 1248 4027 his
1274 3974 1480 4030 verbis:
1505 3975 1809 4032 Ποσειδεὼν
1843 3980 1950 4050 μὴν
1977 3981 2106 4051 παρ’

529 4057 833 4129 ’Λθηναίοις
865 4061 1009 4116 οὕτω
1044 4063 1376 4137 καλούμενος
1405 4069 1758 4141 Δεκέμϐριος.
1797 4071 1951 4138 Quod
1979 4088 2108 4128 vero

517 4146 811 4218 Γαμηλιών
830 4152 1140 4220 proximum
1171 4171 1200 4207 a
1225 4156 1460 4211 solstitio
1486 4158 1666 4212 locum
1693 4160 1907 4227 habeat,
1931 4162 2108 4216 decla—

519 4247 603 4291 rat
631 4239 857 4294 Aristot.
893 4258 911 4295 ι
964 4241 1266 4306 Meteor.,c.
1290 4245 1354 4300 6:
1390 4248 1589 4302 Ἐπὶδὲ
1617 4251 1910 4321 Ι’Δρχονστος
1950 4253 2107 4326 Ἀθή-

515 4344 672 4401 νῃσιν
703 4330 972 4396 Εὐκλέους
992 4334 1086 4386 τοῦ
1113 4336 1369 4402 Μόλωνος
1402 4339 1621 4408 ἐγένετο
1655 4345 1903 4414 κομήτης
1929 4345 2105 4417 ἀστὴρ

2211 3241 2446 3303 dixerat,
2491 3255 2560 3294 ut
2587 3239 2676 3295 die
2702 3249 2830 3295 ante
2872 3236 3266 3309 Epiphaniam;
3299 3254 3581 3308 perperam
3611 3239 3796 3310 itaque

2210 3341 2419 3402 postea,
2453 3347 2511 3386 ιι.
2537 3331 2630 3399 28,
2658 3332 2764 3403 πρὸ
2791 3330 2937 3386 ὀκτὼ
2962 3330 3133 3384 Εἰδῶν
3165 3330 3490 3401 Νοεμϐρίων
3508 3347 3540 3386 a
3568 3332 3795 3388 librario

2210 3423 2496 3492 scriptum.

2284 3512 2417 3568 Ibid.
2437 3513 2600 3568 Κατὰ
2616 3516 3039 3585 Σαλαμινίους.
3056 3514 3355 3572 Neomenia
3377 3517 3579 3574 Choiac
3607 3519 3797 3574 incidit

2212 3619 2270 3658 Ill
2292 3603 2519 3661 Novem.
2535 3621 2696 3676 quem
2716 3622 2959 3663 mensem
2979 3610 3195 3664 tertium
3217 3610 3451 3683 appellat
3474 3628 3487 3663 :
3518 3611 3632 3665 sive
3647 3612 3796 3677 quod

2209 3696 2394 3766 plures
2421 3697 2668 3766 ejusdem
2696 3699 2936 3755 nominis
2961 3710 3166 3766 essent,
3194 3713 3251 3756 ut
3285 3702 3429 3772 apud
3461 3704 3798 3758 recentiores

2209 3787 2420 3844 Arabes
2445 3790 2555 3844 duo
2578 3787 2756 3844 Rabiu
2782 3801 2933 3855 sunt,
2963 3793 3296 3866 totidemque
3330 3796 3654 3862 Giumediu;
3679 3796 3800 3851 sive

2209 3879 2354 3948 quod
2394 3879 2587 3934 ordine
2627 3883 2824 3938 tertius
2861 3893 3023 3938 esset.
3071 3881 3224 3940 Unde
3265 3897 3321 3940 et
3347 3887 3573 3956 quintus
3615 3886 3668 3938 in
3701 3883 3796 3940 Jac

2210 3971 2465 4026 nuarium
2496 3973 2749 4032 incurrit.
2787 3992 2818 4031 a
2883 3991 2940 4029 III
2976 3975 3114 4030 Nov.
3143 3978 3211 4032 ad
3240 3976 3358 4032 Kal.
3389 3976 3798 4048 Jan.,compre-

2211 4062 2397 4118 hensis
2430 4061 2549 4117 Kal.
2583 4064 2738 4134 ipsis,
2777 4066 2892 4120 dies
2939 4077 3069 4121 sunt
3117 4069 3279 4123 solidi
3317 4084 3409 4134 ιι,
3443 4071 3538 4140 qui
3578 4085 3798 4125 menses

2209 4152 2348 4208 duos
2379 4155 2703 4211 tricenarios
2742 4156 3000 4213 eﬂiciunt.
3035 4157 3170 4214 Nam
3201 4177 3238 4214 ll
3269 4160 3509 4216 Januarii
3540 4162 3798 4232 πέμπτος

2208 4246 2415 4300 mensis
2473 4247 2615 4302 iniit.
2671 4247 2933 4304 Videntur
2988 4251 3273 4308 Salaminii
3331 4255 3671 4324 mquabilem,
3743 4269 3800 4311 et

2208 4335 2583 4407 Egyptiacam
2615 4339 2885 4395 mensium
2908 4343 3320 4413 dispositionem
3353 4343 3633 4399 ascivisse.

517 4420 656 4489 πρὸς
687 4423 907 4494 ἄρκτον,
948 4427 1116 4497 μηνὸς
1153 4429 1504 4500 Γαμηλιῶνος
1549 4433 1680 4504 περὶ
1708 4434 1918 4505 τροπὰς
1952 4436 2103 4500 ὄντος

2277 4427 2412 4483 Ibid.
2442 4431 2605 4486 Κατὰ
2634 4433 2926 4501 Παφίους.
2961 4431 3260 4504 Αβοεοιιὶεἰ
3305 4438 3587 4490 neomenia
3623 4437 3796 4506 cmpit

514 4511 611 4564 τοῦ
636 4511 790 4584 ἡλίου
816 4517 1154 4586 χειμερινάς.
1211 4517 1337 4574 Ilaec
1386 4523 1541 4577 nobis
1590 4524 1756 4594 paulo
1792 4525 2104 4580 accuratius

515 4603 944 4662 demonstranda
978 4608 1204 4675 fuerint,
1251 4613 1396 4680 quod
1441 4623 1496 4668 et
1524 4615 1814 4686 Epiphanii
1846 4616 2000 4672 locus
2029 4617 2102 4670 ita

517 4703 838 4770 postularet.
867 4712 923 4758 et
945 4704 1090 4774 quod
1126 4705 1344 4776 indigne
1373 4705 1570 4762 ferrem
1602 4709 1846 4764 eruditos
1865 4711 2102 4765 nonnul-

517 4791 600 4845 los
617 4807 646 4844 a
671 4790 950 4864 Scaligero
981 4795 1033 4847 in
1069 4798 1320 4850 eumdem
1345 4812 1587 4854 errorem
1615 4799 1886 4855 inductos.
1916 4799 1960 4853 E
1981 4803 2103 4870 qui-

518 4881 621 4938 bus
654 4900 798 4939 unus
824 4887 1042 4953 asserit,
1094 4887 1345 4957 imperite
1392 4903 1582 4944 omnes
1625 4898 1750 4944 ante
1795 4891 1945 4945 illum
1974 4891 2102 4947 Ma:-

517 4974 904 5028 macterionem
936 4984 1192 5044 quartum
1221 4993 1464 5034 mensem
1489 4996 1828 5037 numerasse.
1850 4982 1954 5050 Qui
1980 4984 2102 5052 qui-

513 5064 638 5119 dem
669 5074 747 5119 tot
780 5067 1068 5122 convictus
1101 5069 1407 5127 rationibus
1452 5073 1614 5127 cedat
1654 5088 1878 5131 necesse
1915 5085 2019 5143 est,
2047 5086 2102 5132 et

515 5159 661 5223 quod
705 5171 734 5209 a
780 5153 1058 5228 Scaligero
1094 5158 1381 5227 didicerat,
1421 5163 1641 5218 tandem
1676 5165 1971 5235 aliquando
2000 5168 2100 5222 de-

515 5245 708 5302 discat.
730 5247 938 5303 Caatera
959 5266 1080 5319 qua:
1109 5253 1178 5306 ad
1206 5251 1515 5308 Atticorum
1547 5257 1819 5311 mensium
1850 5257 2100 5329 disputa-

515 5337 720 5393 tionem
761 5348 816 5393 et
858 5341 1050 5407 multa,
1088 5351 1142 5396 et
1181 5344 1460 5414 exquisita
1500 5345 1605 5400 dici
1651 5359 1894 5417 possent,
1935 5365 2098 5404 suum

514 5429 695 5487 locum
729 5433 1003 5487 habebunt
1033 5435 1086 5488 in
1110 5449 1176 5489 eo
1204 5450 1388 5505 opere,
1420 5453 1531 5508 quo
1564 5449 1869 5510 temporum
1898 5442 2100 5497 doctri-

515 5538 640 5576 nam
657 5540 685 5577 a
701 5524 960 5595 Scaligeri
974 5527 1223 5592 somniis,
1241 5529 1350 5583 Deo
1365 5530 1660 5599 aspirante,
1676 5534 2094 5590 vindicabimus.

587 5613 720 5669 Illud
752 5633 918 5671 unutn
947 5618 1202 5673 lectorem
1230 5636 1455 5677 necesse
1506 5633 1591 5679 est
1626 5625 1934 5689 admoneri,
1974 5642 2098 5683 eos-

514 5702 639 5759 dem
683 5705 804 5763 illos
844 5706 1055 5764 Atticos
1099 5724 1315 5767 menses
1353 5712 1488 5771 alias
1529 5715 1748 5773 lunares
1782 5733 1925 5781 esse.
1957 5719 2094 5776 alias

2211 4517 2402 4573 Octob.
2444 4536 2588 4574 xxiv.
2632 4519 2789 4577 Julus
2821 4523 2940 4577 iniit
2964 4523 3092 4579 Dec.
3134 4541 3279 4578 niv.
3313 4526 3360 4578 A
3391 4526 3479 4581 die
3512 4541 3638 4580 utv
3667 4530 3791 4581 Oct.

2210 4611 2278 4664 ad
2301 4627 2433 4666 nul
2469 4610 2597 4667 Dec.
2625 4615 2744 4668 dies
2773 4625 2901 4670 sunt
2921 4632 3034 4683 ut,
3053 4619 3146 4686 qtti
3178 4625 3308 4672 sunt
3328 4618 3438 4672 duo
3456 4617 3796 4686 Paphiorum

2210 4717 2450 4757 menses.
2468 4700 2650 4768 Quare
2679 4703 3025 4776 Apogonicus
3050 4705 3382 4778 Paphiorutn
3419 4709 3522 4764 fuit
3542 4707 3792 4766 Novem-

2209 4794 2306 4849 ber
2325 4811 2340 4859 ;
2379 4791 2557 4860 Julus,
2589 4794 2904 4852 December.

2279 4885 2413 4940 Ibid.
2469 4884 2628 4940 Κατὰ
2681 4889 2949 4956 Ἄραϐας.
3005 4887 3299 4945 Neomenia
3352 4891 3794 4960 Angalthabaith

2209 4975 2456 5033 Octobris
2480 4995 2612 5034 xvm
2636 4985 2932 5051 competit:
2963 4997 2994 5036 a
3017 4997 3127 5052 quo
3158 4982 3246 5038 die
3278 4982 3346 5037 ad
3377 4998 3466 5037 xvr
3499 4981 3630 5038 Dec.
3659 4984 3787 5039 dies

2208 5079 2335 5123 sunt
2362 5085 2454 5134 ιι,
2499 5071 2614 5126 sive
2653 5073 2763 5128 duo
2805 5089 3020 5130 menses
3067 5073 3414 5144 Egyptiaci:
3458 5077 3662 5146 quibus
3707 5093 3799 5133 ust

2208 5163 2561 5218 suntArabes
2591 5164 2695 5220 illis
2719 5167 3076 5235 temporibus.
3118 5165 3256 5221 Nam
3289 5165 3587 5224 Neomenia
3616 5169 3800 5225 Alcon

2205 5253 2369 5322 paulo
2407 5265 2532 5309 ante
2559 5257 2724 5326 coepit
2748 5256 3061 5314 Decembris
3092 5273 3224 5312 xvtt.

2275 5344 2410 5400 lbid.
2461 5350 2626 5404 Κατὰ
2648 5349 2999 5418 Μακεδόνας
3039 5353 3414 5408 Ἀπελλαίου.
3451 5351 3800 5411 Macedonici

2206 5440 2435 5504 mensis,
2453 5455 2576 5496 cum
2616 5443 2685 5497 de
2709 5452 2953 5512 tempore
2976 5443 3188 5500 Natalis
3223 5455 3428 5516 ageret,
3450 5447 3803 5501 mentionem

2204 5531 2411 5586 omisit.
2428 5532 2692 5588 Convenit
2707 5550 2870 5605 porro
2881 5536 3097 5607 Apellwi
3114 5537 3409 5594 Neomenia
3423 5555 3547 5594 cum
3564 5539 3808 5610 Paphio-

2204 5640 2328 5679 rum
2357 5625 2693 5697 Apogonico.
2724 5627 2858 5684 Nam
2901 5639 3134 5703 utraque
3176 5633 3300 5687 iniit
3339 5632 3594 5687 Octobris
3637 5648 3803 5690 xxtv.

2204 5715 2311 5774 Sed
2338 5730 2534 5778 neutra
2579 5721 2786 5780 lunaris
2821 5725 3050 5781 exstitit.
3084 5725 3240 5794 Apud
3279 5727 3473 5782 media:
3497 5727 3802 5783 vetustatis
