4118 6402
317 362 423 419 337

1483 369 1570 423 DE
1607 369 1793 425 ANNO
1826 367 2081 423 NATALI
2115 367 2410 425 CHRISTI.

3451 375 3554 434 93!

321 484 633 553 scriptores,
652 485 950 553 praesertim
982 484 1344 549 Christianos,
1372 501 1759 556 nonnunquam
1784 485 1888 540 Ma-

1998 488 2303 543 iutumnale
2332 487 2474 542 κατὰ
2500 486 2595 558 τὴν
2613 486 2787 559 ἀρχὴν
2807 485 2902 541 τοῦ
2929 486 3053 539 Δίου
3082 484 3251 558 μηνός
3279 487 3391 542 ﬁeri
3417 491 3554 545 scri-

321 573 564 626 cedonici
587 588 800 628 menses
816 589 936 627 cum
965 573 1492 644 Syromacedonicis,
1518 591 1654 644 quos
1674 586 1726 630 et
1747 575 1896 630 Grae-

320 681 508 718 corum
543 680 757 720 mcnses
787 666 1077 734 appellant,
1112 667 1370 720 confundi
1401 667 1614 732 videas;
1648 676 1708 721 ut
1737 668 1790 720 in
1813 667 1895 720 in-

321 757 460 826 signi
496 757 588 810 illo
619 757 855 811 Anatolii
899 759 1039 824 loco,
1086 775 1246 828 quem
1282 760 1334 813 in
1371 759 1615 830 sequenti
1653 759 1894 813 Diatriba

319 847 746 910 declarabimus,
788 849 923 904 alias
958 866 1086 905 vero
1115 852 1367 917 discerni,
1399 863 1455 907 ut
1490 855 1590 906 hoc
1620 855 1740 908 loco
1770 853 1896 907 fecit

323 938 678 1008 Epiphanius.
717 943 780 994 Et
804 950 952 995 certe
983 940 1596 1011 Syromacedonicorum
1623 944 1892 998 mensium

319 1033 458 1087 alius
498 1033 552 1086 in
585 1048 729 1086 anno
766 1031 983 1087 Iuliano
1017 1035 1175 1097 situs,
1221 1051 1383 1104 quam
1423 1035 1893 1092 Macedonicorum

318 1122 442 1186 fuit,
482 1138 590 1178 non
623 1123 786 1176 modo
816 1133 1081 1183 veterum.
1106 1141 1240 1194 quos
1267 1127 1482 1182 lunares
1512 1127 1682 1183 fuisse
1710 1129 1894 1199 suspi-

319 1228 531 1279 camur,
561 1215 654 1270 sed
695 1217 856 1269 etiam
901 1217 1261 1271 recentiorum
1307 1234 1371 1273 ac
1407 1219 1662 1274 ﬁxorum.
1690 1220 1767 1276 Ac
1798 1238 1895 1291 po-

321 1305 613 1358 steriorum
655 1307 896 1374 quidem,
935 1308 1039 1362 hoc
1081 1317 1165 1362 est
1207 1307 1700 1370 Macedonicorum.
1750 1312 1893 1381 apud

320 1395 574 1464 antiquos
598 1397 766 1451 series
788 1398 1019 1451 obscura
1051 1408 1136 1452 est
1179 1414 1243 1453 ac
1283 1398 1537 1464 diliicilis,
1570 1402 1713 1470 quod
1737 1401 1807 1456 de
1829 1385 1918 1456 ea.

319 1485 471 1538 varie
502 1487 934 1553 praestantissimi
970 1488 1263 1557 scriptores
1295 1489 1638 1544 existimasse
1705 1491 1892 1546 viden-

320 1584 428 1630 tur.
461 1577 564 1630 Sed
597 1578 800 1632 omissa
833 1579 995 1633 modo
1017 1580 1337 1648 quaestione,
1360 1581 1443 1634 vel
1467 1581 1520 1634 in
1543 1581 1688 1636 aliud
1712 1582 1893 1651 potius

319 1669 512 1730 dilata,
554 1678 767 1739 tempus
809 1673 892 1724 sic
932 1672 1156 1726 omnino
1184 1680 1389 1736 statuo,
1411 1674 1708 1742 principem
1742 1690 1896 1731 men-

320 1761 464 1814 sium
498 1760 670 1815 Loum
715 1763 1008 1830 exstitisse,
1048 1765 1143 1834 qui
1177 1763 1615 1820 Hecatombaeoni
1666 1782 1895 1837 respon—

1993 579 2146 647 psit:
2183 579 2401 632 ineunte
2438 593 2567 632 vero
2607 575 2830 642 Peritio,
2882 575 3176 632 solstitium
3232 576 3558 646 hibernum;

1992 667 2373 738 aequinoctium
2405 683 2654 731 vernum,
2703 667 3030 732 Artemisio;
3082 666 3328 722 aestivum
3379 668 3560 724 solsti-

1992 759 2151 826 tium,
2177 757 2308 813 Loo.
2342 758 2494 824 Quod
2529 757 2613 812 vel
2653 757 2720 812 de
2751 753 3004 824 Iulianis,
3040 772 3105 812 ac
3130 756 3251 812 ﬁxis
3279 759 3561 814 mensibus

1992 851 2162 920 accipi
2196 859 2391 919 potest,
2435 849 2519 904 vel
2543 850 2611 904 de
2642 849 2954 916 lunaribus,
2993 863 3060 904 eo
3097 849 3344 904 videlicet
3370 867 3557 913 sensu,

1993 953 2050 997 ut
2081 943 2181 997 sub
2219 950 2453 1013 quatuor
2484 942 2606 996 illos
2642 943 2770 995 anni
2792 942 3041 996 cardines
3069 943 3289 998 totidem
3314 944 3390 998 illi
3416 959 3564 999 men-

1992 1049 2079 1088 ses
2126 1025 2328 1088 ineant.
2370 1033 2535 1087 Favet
2584 1034 2711 1087 huic
2753 1033 3081 1102 conjecturae
3118 1032 3426 1102 Iosephus,
3465 1035 3558 1106 qui

1991 1140 2231 1195 persaepe
2262 1123 2593 1179 Xanthicum
2625 1123 2793 1178 Nisan
2818 1139 2940 1180 esse
2964 1123 3112 1188 dicit,
3137 1134 3196 1179 ut
3225 1124 3375 1196 Orig.
3399 1127 3495 1182 lib.
3522 1145 3561 1191 I,

1992 1232 2112 1284 cap.
2136 1217 2189 1284 '5,
2223 1226 2276 1271 et
2304 1218 2394 1270 lib.
2424 1233 2506 1281 ιιι,
2539 1232 2656 1287 cap.
2683 1217 2716 1271 9
2739 1227 2792 1272 et
2819 1215 2907 1271 10.
2941 1214 3105 1273 Libro
3135 1233 3264 1273 vero
3293 1235 3477 1284 vm,c.
3503 1220 3558 1285 2,

1994 1306 2098 1377 ljar
2148 1323 2271 1362 cum
2319 1307 2612 1362 Artemisio
2657 1308 2964 1377 componit;
3008 1309 3149 1364 libro
3193 1325 3310 1378 vm,
3355 1327 3474 1380 cap.
3505 1313 3562 1377 5,

1994 1399 2465 1470 Hyperboretaeum
2496 1414 2618 1454 cum
2640 1397 2819 1466 Tisri;
2844 1398 3002 1453 Dium
3028 1415 3152 1454 cum
3170 1399 3562 1457 Marcbesuvan

1971 1493 2088 1546 .lib.
2116 1508 2153 1557 ι,
2183 1506 2301 1560 cap.
2324 1491 2388 1556 3;
2417 1491 2660 1547 Cbasseu
2697 1507 2820 1546 cum
2852 1491 3087 1561 Apellaao
3111 1492 3206 1548 lib.
3237 1509 3337 1560 xu,
3363 1509 3481 1562 cap.
3505 1493 3560 1548 7.

1993 1581 2144 1635 Adde
2178 1581 2245 1636 iis
2273 1583 2635 1636 astronomica
2669 1581 2914 1651 quaedam
2951 1583 3198 1654 exempla
3228 1583 3284 1639 in
3309 1584 3566 1640 Chaldai-

1993 1687 2054 1728 ca
2083 1672 2305 1742 periodo
2329 1672 2472 1741 apud
2501 1671 2872 1728 Ptolemaeum.
2910 1671 3042 1740 Quae
3072 1675 3253 1729 omnia
3281 1675 3409 1730 alibi
3437 1675 3563 1730 dili-

1995 1765 2211 1835 gentius
2243 1764 2602 1835 explicantur.
2633 1763 2778 1820 Inter
2796 1764 3266 1821 Macedonicorum
3293 1769 3562 1822 mensium

320 1851 460 1905 derit
489 1870 504 1904 :
533 1854 676 1920 quod
716 1852 768 1906 in
814 1854 1104 1907 Alexandri
1141 1854 1260 1908 Vita
1290 1865 1522 1912 testatur
1547 1857 1889 1914 Plutamhus.
1924 1847 1968 1901 Β
1995 1873 2063 1913 ex
2094 1858 2162 1913 iis
2191 1856 2448 1912 omnibus
2473 1857 2608 1912 ordo
2635 1857 2737 1912 iste
2771 1857 3187 1913 constituendus
3215 1869 3317 1913 est.

320 1943 560 2000 Galenus
612 1961 828 2016 quoque
877 1947 931 2000 in
993 1948 1087 2003 lib.
1143 1965 1159 2002 1
1209 1948 1450 2017 Epidem.
1504 1952 1891 2022 aequinoctium

463 2106 675 2161 Menses
701 2103 914 2162 Iudaici
1228 2107 1440 2165 Menses
1466 2108 1801 2167 Macedonici

533 2273 596 2328 Ni
605 2291 660 2329 sa
670 2293 701 2330 ιι
1354 2277 1492 2330 Ξανθ
1502 2276 1615 2340 ικός

539 2345 640 2418 ljar
1351 2348 1692 2418 Ἀρτεμίσιος

525 2417 738 2487 ,Sinvan
1351 2417 1565 2481 Δάίσιος

532 2487 776 2541 Thalnuz
1352 2490 1601 2558 Πάνεμος

531 2559 613 2610 Ab
944 2584 947 2588 -
1351 2557 1502 2627 Λῷος

532 2627 649 2698 Elul
1355 2629 1648 2698 Γορπιαῖος

533 2697 676 2771 Ϊίειὶ
1361 2697 1814 2771 ’Υπερὸερεταῖος

535 2767 929 2824 Marcbcsuvan
1352 2771 1472 2831 Δῖος

535 2840 776 2894 (litassent
1367 2839 1677 2903 Ἀπελλαῖος

533 2907 778 2964 Thebetb
1352 2909 1646 2979 Αὺδηνοιῖος

537 2979 812 3035 Schebath
1355 2979 1603 3049 Περίτιος

534 3051 680 3104 Adar
1355 3049 1590 3121 Δύστρος

2166 2107 2380 2164 Menses
2411 2107 2575 2164 Attici
2819 2106 3031 2180 Menses
3075 2106 3278 2165 Iuliani
3301 2151 3315 2177 ,
3364 2111 3566 2180 quibus

2847 2177 2964 2234 fere
2984 2180 3169 2235 caeteri
3188 2177 3541 2251 respondent.

2210 2272 2613 2344 Ἐλαφηϐολιών
3032 2273 3260 2330 Martius

2197 2342 2515 2412 Μουνυχιὼν
3030 2345 3236 2413 Aprilis

2197 2413 2519 2486 θαργηλιών
2550 2483 2560 2486 _
3036 2414 3214 2486 Maius

2113 2487 2116 2489 λ
2197 2483 2604 2555 Σκίρῤοφοριῴν
3028 2483 3228 2555 {unius

2209 2553 2617 2625 Ἐκαλιομϐαιῲν
3027 2553 3210 2610 Julius

2195 2623 2597 2693 Μεταγειτνιών
3030 2626 3308 2695 Augustus

2199 2695 2547 2766 Βοηδρομιὼν
2581 2764 2589 2766 _
3033 2695 3352 2765 September

2199 2764 2634 2837 Μαιμαιὲτηριὼν
3031 2764 3264 2837 Qctober

2200 2834 2520 2905 Πυανεψιῶή
3032 2834 3332 2892 November

2199 2905 2499 2959 Ποσειδεὼν
3036 2905 3332 2962 December

2199 2977 2274 3028 Γα.
2283 2975 2488 3046 μηλιών
2550 3045 2554 3046 ν
3026 2975 3128 3046 {an
3137 2992 3202 3030 ua
3211 2978 3324 3033 rius

2211 3045 2601 3118 Ἀνθεστηριών
3031 3045 3383 3102 Februarius.

323 3170 393 3224 At
425 3171 478 3224 in
506 3170 738 3240 epistola
789 3168 1020 3240 Philippi
1051 3169 1401 3226 Macedonum
1453 3151 1616 3243 regis,
1653 3185 1774 3242 quae
1811 3181 1896 3226 est
1922 3181 1964 3240 (ζ
1996 3168 2379 3224 adhibuerunt.
2398 3166 2512 3222 lmo
2539 3181 2668 3223 vero
2693 3164 2934 3232 idipsum
2968 3165 3114 3235 apud
3148 3166 3272 3221 illos
3301 3167 3570 3236 antiquis-

325 3259 466 3326 apud
502 3257 776 3312 Demosth.
813 3259 950 3328 Περὶ
981 3259 1306 3329 στεφάνου,
1362 3260 1507 3343 Lous
1557 3277 1680 3316 cum
1717 3261 1898 3316 Attico

325 3351 613 3407 Boedrom.
671 3354 1040 3422 componitur,
1091 3362 1152 3408 ut
1209 3354 1351 3408 alius
1383 3370 1480 3423 per
1513 3353 1604 3407 illa
1655 3362 1898 3424 tempora

326 3445 596 3499 mensium
625 3445 766 3513 apud
787 3444 1110 3501 Macedonas
1133 3455 1420 3500 contextus
1445 3445 1615 3501 fuisse
1629 3446 1892 3502 videatur.

326 3533 403 3589 De
423 3551 532 3603 quo
560 3535 715 3590 alias.
741 3533 896 3590 Nunc
920 3535 1075 3600 illud,
1099 3536 1244 3605 quod
1260 3534 1394 3600 dixi,
1415 3549 1480 3588 ex
1507 3535 1908 3605 diagrammate

325 3636 574 3691 constat,
625 3626 1010 3682 Macedonicos
1046 3641 1264 3682 menses
1301 3641 1408 3680 uno
1438 3627 1548 3682 fere
1581 3641 1769 3682 mense
1797 3626 1896 3698 Sy-

327 3720 760 3776 rontacedonicis
829 3721 1134 3776 anteriores
1190 3736 1334 3776 esse.
1400 3719 1535 3776 Nam
1597 3718 1897 3775 Xanthicus

327 3814 559 3884 exempli
578 3830 744 3869 causa
772 3812 1266 3884 Syromacedonum
1285 3820 1367 3866 est
1389 3811 1585 3881 Aprilis
1611 3809 1893 3866 Julianus:

329 3903 708 3960 Macedonicus
760 3920 892 3960 vero
953 3904 1166 3958 tametsi
1201 3918 1326 3958 cum
1375 3902 1584 3956 lunaris
1617 3911 1700 3956 est
1729 3901 1896 3972 Aprili

330 4012 724 4066 nonnunquam
751 3996 1090 4065 respondeat,
1120 3995 1320 4064 saepius
1337 4004 1519 4052 tamen
1551 3993 1604 4046 in
1646 3993 1897 4047 Martium

332 4089 582 4152 incurrit,
618 4091 988 4159 maioremque
1018 4089 1166 4142 illius
1192 4095 1399 4157 partem
1433 4095 1683 4156 occupat.
1723 4083 1900 4140 Caete-

331 4196 455 4236 rum
501 4180 642 4250 apud
675 4178 1036 4250 Epiphanium
1075 4180 1180 4234 hoc
1209 4181 1262 4232 in
1293 4179 1414 4234 loco
1445 4193 1542 4248 pro
1583 4175 1900 4230 Ἀπελλαίου

334 4279 433 4337 ις’,
468 4272 708 4341 Scaliger
730 4271 822 4325 lib.
855 4286 889 4324 v
921 4269 1000 4324 De
1024 4268 1287 4324 emendat.
1324 4284 1447 4338 pag.
1486 4267 1623 4333 482,
1679 4266 1903 4336 corrigit

332 4364 653 4418 Ἀπελλαίου
686 4370 760 4429 ς’.
796 4362 913 4429 Qua
951 4363 1164 4416 ratione
1201 4361 1470 4431 Apellaeus
1521 4359 1902 4415 Macedonicus

331 4456 654 4512 Novembris
694 4472 754 4510 ιιι
778 4454 1022 4524 coeperit.
1060 4453 1216 4519 Quod
1251 4467 1511 4507 verumne
1538 4453 1610 4506 sit
1633 4451 1838 4506 nescio.

1997 3261 2199 3317 simum
2261 3259 2433 3315 fuisse
2478 3274 2589 3314 non
2626 3259 2838 3329 primus
2866 3257 3126 3329 Scaliger,
3177 3267 3237 3314 ut
3268 3258 3566 3330 gloriatur,

1995 3353 2087 3408 sed
2117 3351 2262 3408 Gaza
2285 3361 2412 3407 ante
2436 3351 2589 3406 illum
2618 3351 2806 3407 docuit
2838 3351 2932 3405 lib.
2960 3349 3040 3405 De
3064 3351 3349 3413 mensibus,
3379 3351 3467 3406 ubi
3499 3350 3567 3404 de

1995 3457 2139 3497 anno
2183 3443 2444 3511 disputat.
2502 3441 2716 3497 Etenim
2773 3457 2991 3509 annus,
3026 3441 3236 3512 inquit,
3272 3441 3416 3512 apud
3445 3442 3566 3496 illos

1994 3543 2112 3589 erat
2147 3533 2385 3608 duplex;
2409 3534 2546 3589 alter
2572 3533 2784 3588 dierum
2812 3549 3001 3599 cccu,
3050 3533 3211 3604 cujus
3249 3533 3304 3586 in
3335 3532 3442 3588 line
3471 3549 3567 3602 ap-

1994 3627 2249 3697 pendices
2273 3641 2305 3680 v
2338 3626 2456 3682 dies
2485 3625 2886 3689 inserebantur,
2911 3626 2977 3682 ad
3012 3641 3152 3697 quos
3178 3633 3374 3696 quarto
3423 3639 3566 3694 quo-

1996 3733 2103 3787 que
2131 3734 2275 3774 anno
2325 3719 2442 3775 dies
2471 3733 2615 3774 unus
2659 3719 2973 3784 accedebat,
3004 3719 3141 3774 alter
3178 3717 3388 3773 lunaris
3441 3715 3563 3772 fuit.

1995 3810 2054 3865 In
2088 3812 2265 3881 priore
2298 3811 2475 3867 forma
2505 3811 2782 3867 tricenarii
2803 3827 3020 3868 menses
3036 3820 3211 3876 erant,
3240 3811 3306 3866 ad
3340 3811 3566 3866 modum

1995 3903 2303 3975 Egyptiaci
2356 3903 2521 3970 anni;
2577 3903 2804 3959 ultimus
2861 3905 3067 3960 mensis
3095 3919 3128 3958 v
3174 3904 3340 3958 vele
3374 3904 3567 3958 diebus

1997 3996 2209 4050 auctior
2241 4004 2376 4050 erat.
2437 3993 2563 4051 Haec
2599 3993 2765 4050 Gaza.
2803 3993 2963 4062 Quod
3008 4003 3191 4049 utrum
3231 3994 3430 4064 priscis
3459 3994 3567 4048 illis

1997 4088 2337 4158 temporibus
2370 4104 2474 4144 usu
2507 4089 2755 4160 populari
2781 4097 3054 4160 receptum
3085 4087 3269 4154 fuerit,
3301 4089 3429 4144 alibi
3455 4089 3568 4143 dis-

1999 4180 2220 4236 seritur.
2259 4179 2390 4235 Post
2442 4178 2720 4236 JuIianam
2763 4180 2984 4251 quidem
3032 4179 3348 4248 editionem,
3403 4188 3568 4249 atque

1999 4272 2286 4342 Epiphanii
2337 4272 2578 4338 saeculo,
2629 4271 2899 4342 ejusmodi
2959 4286 3166 4326 annum
3217 4270 3568 4326 observatum

1999 4362 2229 4417 Athenis
2264 4360 2456 4426 fuisse,
2491 4377 2559 4416 ex
2592 4362 2700 4418 hoc
2728 4359 3018 4432 Epiphanii
3041 4360 3165 4415 loco
3221 4359 3420 4429 conjici
3468 4375 3570 4429 po--

2003 4463 2127 4510 test.
2164 4452 2237 4508 Ut
2261 4455 2409 4508 enim
2433 4451 2789 4525 AEgyptiacus
2831 4467 3008 4508 annus
3030 4451 3311 4507 mensibus
3336 4450 3570 4506 tricena-

402 4547 521 4603 Col.
569 4547 678 4603 932
723 4547 788 4601 C.
823 4534 1361 4612 Κατὰᾎθηναίους
1407 4541 1900 4612 Μεταγειτνιῶνος

2005 4548 2102 4602 riis
2121 4554 2404 4611 constans,
2428 4561 2555 4601 cum
2579 4546 2842 4602 hactenus
2874 4544 2982 4600 diei
3018 4543 3360 4600 intercalaris
3399 4543 3572 4598 omis-

333 4638 567 4707 ἑϐδόμη.
602 4639 826 4692 Constat
838 4653 904 4692 ex
929 4637 996 4690 iis
1012 4652 1133 4705 quae
1149 4635 1311 4705 paulo
1325 4643 1450 4689 ante
1464 4634 1735 4704 disputata
1754 4644 1900 4700 sunt,

334 4729 827 4784 Maemacterionem
862 4729 930 4782 ab
955 4725 1406 4782 Hecatombaeone
1439 4739 1562 4780 esse
1597 4732 1852 4794 quartum
1885 4740 1900 4776 :

333 4823 477 4893 quod
496 4823 653 4878 ethic
685 4823 838 4877 locus
863 4821 1138 4876 evidenter
1164 4819 1503 4875 demonstrat
1537 4835 1552 4872 :
1578 4831 1703 4872 nam
1737 4815 1907 4871 Meta-

333 4919 542 4988 gitnion
576 4917 859 4988 proximus
879 4925 961 4972 est
987 4917 1055 4972 ab
1085 4914 1552 4972 Hecatombaeone.
1577 4912 1745 4984 Igitur
1774 4911 1905 4983 Epi-

336 5012 521 5082 phanii
551 5013 750 5068 saeculo
801 5009 1216 5065 Hecatombaaon
1247 5007 1482 5064 October
1511 5015 1658 5070 erat,
1687 5003 1908 5060 Maema-

335 5108 542 5161 cterion
571 5104 888 5161 Ianuarius.
925 5102 1222 5158 Neomenia
1265 5097 1720 5155 Maemacterionis
1771 5113 1905 5153 con-

336 5200 482 5270 gruit
507 5196 627 5252 Kal.
663 5198 796 5266 ipsis
843 5195 1124 5262 Januarii;
1157 5210 1283 5250 nam
1307 5210 1359 5248 vt
1407 5192 1670 5248 Maemact.
1717 5193 1906 5247 eadem

335 5302 419 5346 est
449 5289 694 5344 Januarii
735 5305 809 5342 v1.
845 5288 1010 5359 Atqui
1046 5286 1345 5342 Neomenia
1368 5284 1774 5355 Metagitnionis
1799 5298 1910 5337 non

337 5383 589 5436 convenit
622 5381 742 5437 Kal.
791 5380 927 5436 Nov.
969 5381 1180 5450 Quippe
1220 5395 1316 5434 vm
1361 5377 1496 5432 Nov.
1537 5392 1612 5430 vu
1647 5375 1912 5429 duntaxat

336 5484 422 5530 est
456 5473 858 5545 Metagitnionis
881 5513 896 5539 ,
955 5473 1062 5528 nisi
1113 5471 1371 5526 mendum
1406 5468 1478 5524 sit
1531 5469 1590 5523 in
1622 5465 1910 5537 Epiphanii

339 5568 548 5624 codice.
574 5568 620 5621 Α
645 5567 882 5623 secunda
909 5564 1045 5620 Nov.
1083 5564 1150 5619 ad
1176 5563 1425 5618 ultimam
1457 5561 1586 5619 Dec.
1640 5561 1757 5616 dies
1785 5571 1913 5615 sunt

339 5675 431 5724 1.x,
469 5675 685 5716 menses
715 5658 1128 5714 Atheniensium
1155 5657 1286 5712 duo.
1319 5654 1556 5710 Proinde
1589 5669 1697 5710 non
1742 5652 1912 5707 Julia-

342 5749 452 5812 nis,
502 5749 596 5806 sed
627 5749 1009 5820 aequabilibus,
1061 5756 1116 5804 et
1143 5745 1480 5817 [Egyptiacis
1511 5745 1792 5800 mensibus
1826 5742 1912 5798 usi

340 5848 468 5895 sunt
492 5840 689 5895 Athen.
719 5854 844 5894 cum
876 5839 1111 5907 primum
1136 5836 1305 5891 ﬁxum
1331 5845 1385 5891 et
1411 5835 1659 5892 stabilem
1704 5847 1909 5890 annum

655 5930 926 5990 ΡΑτιιοι..
968 5928 1084 5988 Gn.
1123 5927 1316 5988 XLII.

2004 4639 2160 4695 sione
2195 4654 2294 4709 per
2347 4637 2626 4694 Iulianum
2681 4653 2887 4692 annum
2941 4644 3304 4706 evagaretur,
3355 4641 3572 4704 recepto

2005 4746 2149 4785 anno
2171 4729 2374 4785 Juliani
2404 4740 2532 4801 typo
2556 4769 2571 4795 ,
2602 4728 2927 4784 tricenarios
2961 4741 3178 4782 menses
3215 4724 3574 4779 nihilominus

2004 4822 2259 4887 retinuit,
2295 4837 2419 4876 cum
2468 4818 2838 4891 ὲπαγομέναις
2859 4835 2915 4886 v,
2971 4826 3027 4873 et
3068 4817 3339 4871 interdum
3366 4830 3461 4869 vr:
3497 4813 3572 4869 ita

2006 4911 2265 4966 credibile
2297 4922 2381 4965 est
2426 4908 2789 4964 Athenienses
2836 4907 2890 4961 in
2923 4919 3067 4960 anno
3121 4919 3222 4960 suo
3247 4902 3480 4969 fecisse;
3511 4912 3573 4956 ut

2006 5002 2231 5058 tricenis
2262 5000 2527 5055 duntaxat
2569 4999 2762 5054 diebus
2811 4995 3012 5066 singuli
3056 5008 3272 5050 menses
3317 4992 3574 5048 decurre-

2009 5102 2148 5158 rent,
2185 5108 2286 5148 nec
2339 5092 2406 5147 ad
2457 5090 2798 5146 Julianorum
2846 5086 3118 5142 mensium
3153 5084 3576 5154 descriptionem

2008 5187 2361 5256 quadrarent.
2415 5182 2657 5255 Scaliger
2698 5181 2918 5252 quidem
2951 5196 3004 5236 Iv
3032 5179 3113 5234 De
3139 5175 3573 5246 emendat.,pag.

2007 5277 2134 5344 ‘227,
2163 5277 2258 5332 ubi
2294 5277 2361 5332 de
2407 5291 2552 5331 anno
2585 5273 2804 5329 Juliano
2829 5271 3028 5326 Athen.
3091 5269 3221 5340 agit,
3276 5268 3378 5322 bos
3429 5267 3585 5336 ipsos-

2009 5379 2166 5440 putat
2185 5384 2294 5443 non
2323 5368 2484 5424 modo
2499 5365 2776 5422 Iulianum
2795 5379 3020 5428 annum,
3038 5363 3141 5416 hoc
3155 5368 3240 5416 est
3267 5359 3500 5416 solerem
3519 5364 3582 5413 et

2010 5465 2178 5516 ﬁxum
2197 5502 2214 5528 ,
2245 5470 2428 5516 verum
2449 5461 2611 5514 etiam
2647 5457 2893 5514 Julianos
2922 5468 3139 5510 menses
3186 5451 3497 5516 admisisse,
3521 5459 3578 5503 et

2011 5553 2327 5609 Hecatomb.
2354 5548 2545 5606 Neom.
2576 5549 2695 5604 Kal.
2715 5550 2848 5620 ipsis
2867 5541 3015 5603 Julii’
3039 5543 3351 5604 convenire.
3383 5539 3488 5596 Sed
3517 5539 3577 5595 in

2011 5661 2078 5701 eo
2103 5643 2385 5715 probando
2412 5643 2611 5698 mirum
2643 5657 2809 5713 quam
2841 5639 3034 5696 inscite
3063 5635 3419 5706 imperiteque
3453 5646 3577 5686 ver-

2015 5747 2185 5794 setur.
2235 5735 2328 5792 Sic
2361 5732 2506 5792 enim
2537 5735 2815 5805 disputat:
2846 5731 3121 5787 Lucianus
3172 5729 3229 5783 in
3270 5725 3394 5782 Vita
3417 5721 3580 5777 Perc-

2015 5832 2153 5902 grini
2192 5829 2374 5885 statim
2408 5836 2532 5898 post
2579 5825 2954 5898 Olympiacum
2992 5821 3368 5972 luduméocum
3401 5814 3582 5870 adhuc
