4118 6402
524 410 632 470 939

1662 406 2013 465 APPENDIX
2043 404 2685 473 DlSSERTATlONUM.

3686 419 3816 478 9‘0

478 516 492 533 ’
529 541 788 608 frequens
817 545 1093 592 mercatus
1120 543 1286 600 esset,
1311 535 1454 592 αἰτοῖ
1485 533 1724 590 mediam
1764 542 1980 590 noctem
2005 531 2104 588 Pe-
2138 540 2186 595 Δ
2215 534 2302 589 rili
2356 551 2585 606 prorsus
2641 555 2828 594 errore
2863 539 2916 592 in
2959 539 3053 594 illa
3101 537 3380 610 Peregrini
3414 539 3644 594 historia
3677 557 3819 596 sese

530 631 808 700 regrinum
839 645 897 684 se
930 629 984 683 in
1015 643 1209 699 rogum
1243 627 1498 698 iniecisse
1524 638 1731 691 narrat,
1764 625 2112 681 commodum

527 725 809 778 exoriente
862 722 1012 776 luna.
1069 721 1308 791 Contigit
1357 719 1636 790 Peregrini
1685 735 1834 774 mors
1873 717 2110 774 Eusebio

531 823 668 870 teste
693 813 907 886 Olymp.
953 812 1082 876 236,
1132 813 1285 884 cyclo
1313 829 1426 868 xiv.
1464 813 1634 882 Igitur
1669 810 1798 867 Julii
1838 827 1952 865 xvn
1980 811 2110 866 luna

533 917 651 961 erat
676 923 765 973 xx,
794 915 886 961 aut
913 922 1026 972 XXI,
1055 914 1107 960 et
1139 905 1263 960 ideo
1298 907 1443 960 circa
1471 906 1704 959 mediam
1724 913 1936 959 noctem
1971 903 2115 957 orie-

526 997 715 1054 batur.
741 998 903 1068 Atqui
929 996 1278 1068 Olympiacus
1308 1012 1446 1068 agon
1481 996 1742 1051 celebrari
1790 995 1998 1050 solebat
2047 1009 2116 1048 xv

533 1093 622 1147 die
650 1091 856 1146 mensis
887 1091 1084 1160 primo.
1118 1089 1306 1160 Itaque
1331 1105 1454 1144 cum
1485 1104 1548 1143 eo
1595 1088 1794 1142 saeculo
1817 1085 2112 1142 Hecatom-

532 1185 689 1240 baaon
719 1183 862 1238 idem
889 1191 1053 1247 esset,
1081 1182 1172 1252 qui
1193 1179 1392 1245 Julius,
1423 1196 1491 1234 xv
1521 1177 1650 1233 Julii
1689 1177 1998 1233 celebratus
2031 1184 2116 1232 est

533 1290 696 1347 agon,
726 1282 779 1328 et
807 1273 1080 1328 tertiodie
1114 1288 1145 1326 a
1177 1271 1478 1327 certamine
1501 1270 1655 1324 linito
1694 1269 1823 1323 luna
1873 1276 1988 1322 erat
2020 1283 2087 1320 xx

531 1368 614 1423 En
683 1367 932 1424 criticum
997 1365 1238 1421 hominis
1307 1365 1571 1420 acumen!
1624 1361 2115 1418 Demonstrandum

533 1471 696 1517 erat:
761 1459 1264 1516 Hecatombaeonem
1313 1457 1552 1512 Atticum
1608 1454 1775 1510 fixum
1827 1453 1998 1510 fuisse
2058 1453 2113 1506 in

537 1553 658 1610 Kal.
735 1553 914 1609 Juliis.
983 1553 1063 1607 Ad
1130 1554 1183 1609 id
1248 1552 1470 1607 Luciani
1543 1549 1914 1606 testimonium
1976 1562 2119 1618 pro-

540 1647 687 1713 fert,
745 1645 892 1716 quod
939 1645 1006 1700 ad
1067 1660 1181 1699 rem
1247 1644 1383 1698 nihil
1439 1643 1663 1698 omnino
1724 1641 1978 1712 pertinet.
2057 1637 2114 1694 Si

537 1737 670 1806 quid
725 1737 868 1790 enim
929 1750 996 1789 ex
1057 1750 1122 1790 eo
1154 1734 1221 1788 de
1257 1733 1550 1788 Neomenia
1613 1731 1818 1788 mensis
1860 1729 2114 1792 edicitur,

539 1828 607 1882 ad
630 1826 987 1890 Elidensium,
1009 1838 1117 1880 non
1131 1826 1196 1880 ad
1215 1825 1632 1880 Atheniensium
1656 1838 1857 1877 annum
1877 1837 1943 1878 ac
1970 1837 2118 1876 men-

2219 629 2482 695 traduxit,
2516 631 2646 685 dum
2680 632 2872 687 scribit
2899 630 3256 702 Peregrinum
3281 631 3820 688 Christianumesse

2218 718 2424 775 factum
2458 737 2604 776 anno
2656 723 2864 779 Christi
2898 725 2966 779 75
3022 721 3233 795 Olynip.
3273 723 3401 778 215.
3439 723 3494 777 ln
3528 740 3637 794 quo
3669 739 3820 779 cen-

2218 823 2335 869 tum
2395 816 2785 886 propemodum
2837 818 2997 873 annis
3047 818 3308 873 aberrat:
3357 816 3823 888 namPeregrini

2219 919 2370 958 mors
2429 905 2621 960 incidit
2676 909 2730 960 in
2761 905 2978 978 Olymp.
3012 906 3142 971 236,
3187 921 3392 959 annum
3428 906 3631 960 Christi
3667 905 3812 968 165,

2220 997 2361 1052 vixit
2389 1007 2571 1053 autem
2603 996 2833 1055 Herodis
2856 1001 3020 1054 Attici
3056 1010 3299 1068 tempore
3337 999 3440 1053 sub
3477 998 3545 1052 Μ.
3577 998 3816 1052 Aurelio

2218 1088 2518 1157 Antonino,
2575 1100 2636 1146 ut
2662 1107 2729 1146 ex
2763 1089 3095 1147 Philostrato
3134 1091 3228 1146 lib.
3270 1107 3308 1145 ιι
3341 1090 3416 1144 De
3443 1092 3535 1144 vit.
3564 1090 3714 1159 δορὴ.
3745 1089 3816 1144 in

2221 1181 2438 1239 Herode
2471 1183 2784 1256 colligitur;
2823 1198 3038 1240 necnon
3077 1193 3221 1241 etex
3271 1183 3514 1238 Luciano
3558 1182 3612 1236 in
3652 1184 3816 1237 illius

2222 1273 2363 1330 Vita.

2291 1366 2529 1422 Co|.952
2545 1366 2605 1420 C.
2627 1366 2790 1421 Κατὰ
2814 1366 3115 1435 Ἐϐραίους
3148 1365 3527 1435 Μαρεσουὰν.
3559 1365 3816 1436 Epipha-

2223 1457 2350 1511 nius
2389 1456 2593 1512 Christi
2620 1457 2946 1526 baptismum
2983 1457 3225 1526 assignat
3251 1456 3299 1510 ei
3329 1472 3495 1521 anno,
3525 1459 3616 1526 qui
3654 1471 3817 1512 coss.

2219 1549 2408 1604 habuit
2449 1550 2730 1604 Silvanum
2753 1557 2806 1604 et
2826 1548 3080 1614 Nervam,
3096 1549 3189 1620 qui
3211 1559 3296 1604 est
3315 1547 3565 1604 Julianus
3584 1549 3672 1616 73,
3696 1548 3822 1607 No-

2221 1642 2430 1696 vembri
2455 1657 2663 1706 mense,
2696 1657 2818 1696 cum
2837 1656 2963 1695 xxix
2992 1655 3187 1703 annos,
3213 1654 3430 1694 menses
3457 1655 3489 1693 x
3513 1640 3812 1708 implesset.

2216 1733 2568 1788 Novilunium
2585 1733 2820 1788 medium
2841 1733 2942 1787 hoc
2959 1732 3367 1786 annoinciditin
3392 1729 3528 1787 Nov.
3553 1747 3630 1795 vl,
3653 1731 3818 1786 horis

2222 1827 2431 1896 aliquot
2487 1835 2609 1896 post
2662 1827 2879 1880 initium
2911 1827 3106 1888 noctis,
3141 1825 3295 1896 cyclo
3340 1841 3393 1880 x.
3423 1823 3602 1891 Quare
3627 1826 3673 1879 si
3699 1824 3811 1879 No-

541 1935 658 1976 sem
692 1918 946 1975 refertur.
980 1916 1114 1972 Nam
1146 1918 1201 1972 in
1229 1916 1382 1972 Elide
1406 1932 1511 1971 non
1539 1916 1766 1972 Athenis
1791 1922 1942 1985 gesta
1965 1923 2113 1979 sunt.
2146 1887 2194 1947 Β
2230 1887 2466 1976 vemhris
2487 1887 2617 1975 .dies
2645 1937 2742 1974 vm
2795 1887 3192 1974 Marchesuvan
3219 1887 3574 1973 Judaici'dies
3598 1926 3683 1973 est
3707 1933 3812 1984 vn,

542 2030 666 2088 qua
686 2030 718 2070 a
750 2011 994 2069 Luclano
1026 2018 1340 2066 narrantur.
1373 2008 1582 2064 Deinde
1610 2009 1763 2063 illum
1806 2007 1982 2077 ipsum
2014 2005 2124 2059 Lu-

545 2108 690 2166 ciani
747 2107 926 2162 locum
959 2120 1123 2174 quam
1179 2103 1515 2174 negligenter
1565 2099 1921 2171 attigittNon
1977 2098 2123 2153 enim

549 2199 761 2265 scribit,
785 2199 930 2254 circa
959 2196 1194 2252 mediam
1221 2203 1438 2250 noctem
1476 2203 1725 2248 exortam
1759 2205 1880 2246 esse
1910 2190 2119 2251 lunam,

555 2296 652 2352 sed
681 2293 915 2349 amicum
945 2291 1115 2356 illum,
1151 2290 1219 2345 ad
1263 2304 1425 2357 quem
1477 2278 1790 2350 diverterat,
1835 2285 1978 2339 circa
2007 2299 2124 2337 me-

555 2387 706 2442 diam
755 2393 966 2439 noctem
1002 2382 1068 2436 ad
1100 2381 1152 2436 id
1185 2380 1552 2452 spectaculum
1585 2379 1886 2448 profectum
1923 2395 1936 2431 :
1983 2375 2120 2447 Περὶ

554 2477 726 2552 μέσας
753 2475 952 2539 νύκτας
1005 2473 1305 2540 ἐξαναστὰς
1335 2471 1500 2544 ἀπῄει
1538 2470 1669 2524 εὐθὺ
1707 2470 1807 2541 τῆς
1841 2467 2122 2540 ⁹Δρπίνης·

551 2566 681 2620 ἔνθα.
711 2561 780 2637 ἦν
807 2567 841 2637 ὴ
881 2565 1051 2636 πυρά,
1087 2563 1290 2618 στάδιοι
1343 2561 1542 2624 πάντες
1568 2554 1714 2614 οὗτοι
1762 2559 1966 2613 εἴκοσιν
2017 2557 2127 2612 ἀπὸ

550 2659 649 2730 τῆς
688 2654 988 2727 Ὀλυμπίας
1011 2654 1152 2708 κατὰ
1182 2653 1280 2726 τὴν
1307 2653 1659 2724 ἱππόδρομον.
1689 2651 1812 2706 Mox
1841 2667 1972 2706 vero
2001 2651 2129 2706 sub-

545 2749 670 2821 jicit
699 2765 714 2802 :
747 2747 858 2801 Καὶ
885 2745 1074 2818 ἐπειδὴ
1096 2748 1130 2818 ἡ
1161 2746 1357 2816 σελήνη
1391 2743 1658 2798 ἀνέτειλεν
1679 2784 1694 2810 ,
1724 2751 1855 2811 etc.,
1884 2743 2128 2813 πρόεισιν

553 2839 778 2900 ἐκεῖνος.
811 2835 1072 2892 Accidere
1098 2835 1283 2906 itaque
1307 2833 1506 2905 potuit,
1533 2845 1592 2886 ut
1620 2832 1856 2898 duabus,
1904 2832 1986 2886 vel
2026 2831 2128 2885 tri-

555 2932 662 2988 bus
687 2931 839 2987 horis
860 2945 892 2984 a
923 2928 1100 2984 media
1129 2935 1288 2982 nocte
1314 2927 1426 2998 jam
1461 2925 1662 2996 elapsis
1701 2939 1964 2996 apparere
2002 2925 2128 2979 luna

557 3023 802 3094 ceperit.
837 3021 943 3077 Sed
975 3034 1151 3090 neque
1177 3019 1337 3076 tertio
1354 3019 1437 3074 vel
1461 3016 1701 3074 secundo
1730 3017 1934 3088 potius,
1965 3031 2130 3086 quam

556 3135 610 3174 tv
633 3118 717 3174 vel
740 3133 771 3171 v
798 3132 828 3172 a
855 3115 1168 3172 celebritate
1197 3114 1284 3170 die
1313 3113 1455 3168 istud
1476 3113 1725 3168 evenisse
1752 3112 1958 3167 debuit.
1987 3109 2135 3165 Scri-

2228 2011 2525 2068 Neomenia
2553 2011 2778 2067 Judaica
2807 2013 2930 2067 iniit
2967 2009 3230 2068 Novemb.
3269 2025 3323 2074 ll,
3338 2020 3389 2065 et
3422 2026 3454 2063 v
3483 2011 3671 2066 solidis
3695 2012 3816 2066 die-

2229 2105 2333 2160 bus
2374 2103 2712 2158 novilunium
2775 2103 3088 2158 antecessit.
3124 2099 3262 2154 Nam
3297 2098 3517 2156 Judaice
3557 2103 3808 2157 novilun.

2229 2195 2535 2266 quadrabat
2579 2196 2634 2251 in
2683 2193 3002 2251 Novembris
3029 2210 3123 2259 vit,
3155 2193 3357 2248 feriat.
3398 2192 3502 2249 Sed
3538 2211 3644 2250 non
3674 2205 3813 2265 puto

2229 2297 2440 2342 tantum
2477 2288 2546 2342 ab
2607 2287 2716 2342 illis
2747 2285 3148 2342 dissimulatam
3188 2281 3358 2338 fuisse
3389 2287 3633 2340 lunarem
3675 2303 3816 2358 προ-

2231 2381 2450 2451 ήγησιν.
2478 2379 2544 2433 Et
2569 2389 2812 2435 erratum
2848 2379 3100 2435 fortassis
3117 2390 3222 2446 est,
3245 2390 3305 2435 ut
3325 2396 3422 2450 pro
3451 2379 3672 2452 ἑϐδόμῃ,
3691 2377 3810 2450 τρία

2230 2490 2302 2548 τῃ
2328 2474 2413 2529 vel
2445 2474 2695 2546 δευτέρᾳ,
2753 2475 2837 2529 vel
2886 2485 3032 2530 certe
3082 2477 3317 2549 τετάρτῃ
3364 2473 3648 2546 legendum
3695 2473 3809 2527 sit:

2231 2579 2342 2635 quo
2367 2564 2664 2621 tolerabilis
2700 2563 3012 2619 Neomeniae
3050 2565 3200 2621 labes
3234 2563 3621 2618 intercesserit.
3664 2560 3811 2627 Quin

2231 2665 2286 2711 et
2336 2657 2475 2712 alius
2497 2670 2653 2710 error
2677 2663 2762 2711 est
2795 2654 2848 2707 in
2878 2653 3081 2709 mensis
3115 2653 3494 2724 appellatione.
3524 2650 3639 2705 Non
3663 2651 3814 2705 enim

2232 2747 2648 2812 Marchesuvan,
2669 2745 2762 2801 sed
2792 2743 3000 2801 Casseu
3029 2761 3151 2801 esse
3179 2745 3356 2811 debet,
3377 2744 3431 2800 si
3463 2745 3625 2799 modo
3656 2744 3815 2798 luna-

2234 2841 2311 2896 ris
2341 2840 2430 2894 ille
2457 2839 2660 2894 mensis
2698 2836 2820 2892 fuit.
2869 2837 3025 2904 Quod
3059 2837 3277 2908 quidem
3324 2836 3442 2892 ﬁeri
3473 2851 3578 2892 non
3614 2844 3814 2908 potest,

2235 2934 2283 2989 si
2315 2933 2520 3004 integer
2547 2931 2618 2986 sit
2646 2930 2736 2985 hic
2766 2929 3053 3000 Epiphanii
3097 2930 3251 2985 locus
3277 2939 3331 2987 et
3359 2929 3572 2986 Judaici
3609 2929 3816 2985 mensis

2238 3033 2388 3080 sexta
2439 3022 2777 3078 novilunium
2829 3021 3184 3078 commissum
3239 3022 3420 3076 fuerit.
3455 3021 3594 3088 Quid
3641 3022 3687 3076 si
3722 3029 3817 3075 aut

2237 3115 2405 3171 Judaai
2434 3123 2566 3168 tunc
2595 3114 2878 3182 temporis.
2922 3125 3016 3168 aut
3047 3113 3384 3184 Epiphanius
3422 3115 3537 3184 ipse
3558 3111 3817 3168 Judaico-

559 3210 641 3267 bit
663 3209 810 3266 enim
843 3206 1122 3300 Lucianus
1151 3205 1320 3300 ﬁnitis
1350 3205 1464 3275 jam
1493 3203 1820 3276 Olympiacis
1838 3203 2001 3266 ludis.
2034 3202 2131 3256 Pe-
2161 3242 2204 3300 ϐ
2242 3223 2360 3263 rum
2385 3207 2654 3262 mensium
2687 3207 2948 3262 vocabula
2967 3205 3199 3263 Julianis
3225 3208 3506 3263 mensibus
3533 3206 3818 3261 tribuerit!

561 3302 840 3373 regrinum
873 3299 1015 3356 diem
1058 3298 1126 3354 de
1181 3298 1268 3354 die
1301 3298 1626 3363 trahentem,
1661 3297 1880 3350 demum
1927 3304 2133 3350 certam

563 3397 620 3450 in
651 3402 865 3450 noctem
891 3391 1203 3449 condixisse
1236 3409 1249 3445 :
1280 3389 1342 3445 Ὀ
1366 3390 1424 3444 δὲ
1449 3390 1557 3442 atat
1577 3389 2007 3460 ἀναϐαλλόμενος
2045 3387 2136 3441 νύ-

564 3505 668 3542 κτα.
693 3487 754 3541 τὸ
778 3486 1085 3541 τελευταῖον
1127 3485 1448 3556 προειρήκει
1481 3481 1849 3549 ἐπιδείξασθαι
1870 3481 1967 3552 τὴν
1999 3479 2135 3533 καῦ-

567 3597 673 3635 σιν.
725 3579 808 3634 Ad
859 3579 975 3634 hac
1011 3576 1136 3647 quis
1197 3575 1534 3645 Scaligerum
1579 3574 1788 3636 docuit,
1843 3589 1909 3626 xv
1935 3570 2134 3626 Juliani

565 3671 795 3737 mensis,
831 3671 935 3725 hoc
971 3680 1059 3726 est
1095 3669 1248 3735 Julii,
1297 3685 1406 3722 non
1443 3676 1624 3722 autem
1666 3666 1896 3732 lunaris,
1949 3665 2134 3736 Olym-

565 3762 754 3834 piacos
781 3759 903 3814 illos
938 3774 1139 3830 agones
1167 3759 1234 3815 de
1265 3773 1417 3814 more
1446 3758 1746 3813 celebratos
1774 3757 1929 3812 esse?
1958 3755 2133 3823 Quam

566 3852 684 3906 hac
711 3864 849 3904 vana
871 3857 935 3930 let
962 3849 1279 3922 ἀνάρμοστα
1307 3850 1418 3906 sint
1457 3864 1617 3905 nemo
1649 3864 1759 3904 non
1790 3848 1955 3904 videt.
1979 3848 2137 3904 Certe

564 3941 835 3999 Calvisius
882 3940 1254 4014 Olympiadem
1303 3941 1450 3997 illam
1509 3941 1615 3996 256
1652 3941 1881 4013 Augusti
1923 3958 1998 3997 xu
2027 3957 2136 3997 non

563 4033 708 4090 Julio
734 4041 1006 4106 peractam
1039 4033 1336 4090 existimat.
1377 4033 1481 4099 Qui
1517 4039 1572 4088 et
1635 4033 1752 4104 ipse
1787 4042 1968 4088 tamen
2001 4047 2126 4103 pue-

2241 3302 2320 3356 Ac
2367 3308 2498 3354 tunc
2553 3297 2784 3354 October
2835 3297 2976 3353 Tisri
3004 3341 3019 3365 ,
3071 3296 3377 3354 November
3423 3297 3815 3352 Marchesuvan

2243 3392 2425 3447 fuerit.
2459 3389 2564 3446 Sed
2591 3389 2752 3460 hujus
2785 3390 2859 3444 rei
2893 3400 3088 3460 przeter
3131 3389 3500 3460 conjecturam
3546 3388 3682 3442 nihil
3723 3389 3814 3443 hac

2242 3485 2453 3540 bemus.

2313 3578 2452 3633 Ibid.
2481 3575 2664 3634 D.Tdr
2687 3574 2795 3646 γὰρ
2819 3573 3052 3644 πρῶτον
3072 3574 3368 3629 ἐνιαυτόν.
3394 3573 3580 3628 Priore
3603 3575 3699 3645 τῆς
3715 3589 3816 3644 κη-

2245 3669 2447 3742 ρύξεως
2463 3685 2607 3725 anno
2624 3669 2890 3722 neminem
2915 3667 3257 3722 adversatum
3274 3681 3395 3722 esse
3414 3666 3633 3722 Christo
3647 3681 3816 3737 neque

2242 3777 2428 3816 verum
2459 3771 2562 3825 est,
2589 3775 2763 3830 neque
2791 3775 2856 3813 ex
2885 3757 3195 3829 Epiphanii,
3219 3759 3300 3812 vel
3327 3773 3518 3814 eorum
3552 3759 3816 3818 omnium.

2241 3853 2335 3924 qui
2375 3852 2481 3907 tria
2513 3851 2779 3906 duntaxat
2802 3849 3066 3906 Paschata
3096 3858 3405 3916 numerant,
3435 3849 3691 3919 opinione
3724 3848 3818 3900 de-

2239 3941 2385 3997 fendi
2420 3951 2598 4012 potest
2625 3959 2637 3994 :
2667 3953 2726 3994 ut
2753 3943 2818 3995 ad
2845 3958 2901 3994 n.
2923 3940 2993 3994 28
3024 3939 3491 3994 demonstrabitur
3522 3957 3534 3990 :
3575 3939 3668 3993 ubi
3697 3952 3820 4008 quae

2241 4033 2345 4086 hoc
2386 4031 2504 4085 loco
2537 4031 2792 4086 dicuntur
2824 4031 3145 4100 diligentius
3167 4028 3494 4085 excutienda
3527 4037 3676 4083 sunt.

568 4231 3781 4258 Μ

944 4394 1092 4482 DE
1164 4387 1495 4484 ANNO
1568 4392 1718 4481 ET
1788 4391 1995 4480 DIE
2075 4388 2716 4484 DOMINICE
2796 4395 3414 4490 PASSIONIS

1799 4582 2181 4643 DIATRIBA
2225 4582 2566 4646 ALTERA.

646 4846 820 4902 Varia
849 4846 1144 4916 priscorum
1176 4844 1446 4899 sentcntiw
1473 4844 1536 4898 de
1575 4859 1714 4898 anno
1755 4843 2057 4897 Passionis.

633 4939 827 4996 Omnis
873 4953 995 5008 qua:
1043 4937 1112 4992 de
1165 4936 1347 5006 aliqua
1391 4951 1462 4990 re
1499 4934 1802 4991 instituitur
1843 4934 2139 5005 disputatio

563 5032 728 5088 certis
768 5044 836 5086 ex
867 5029 1031 5086 rebus
1083 5029 1417 5099 minimeque
1446 5027 1626 5083 dubiis
1659 5027 1816 5082 debet
1841 5027 2138 5098 proﬁcisci;

565 5137 688 5194 quae
719 5130 813 5178 aut
838 5135 933 5193 per
954 5135 1074 5177 sese
1109 5120 1240 5190 ipsa;
1264 5134 1405 5175 verae
1441 5120 1572 5185 sint,
1605 5128 1698 5173 aut
1729 5119 1869 5174 inter
1899 5133 2013 5185 eos,
2043 5118 2139 5188 qui

565 5215 865 5285 disputant,
900 5228 1000 5283 pro
1017 5212 1184 5278 veris,
1217 5227 1281 5266 ac
1309 5209 1578 5267 confessis
1598 5211 1916 5266 habeantur.
1937 5211 2140 5277 Quam-

563 5309 754 5365 obrem
779 5306 874 5378 qui
895 5321 1082 5362 verum
1104 5303 1380 5375 passionis
1393 5319 1596 5359 annum
1620 5303 1876 5373 indagare
1896 5303 2136 5362 student.

563 5401 622 5458 In
639 5400 831 5472 primis
850 5413 936 5462 ea,
966 5413 1202 5468 quorum
1221 5405 1366 5451 certa
1399 5397 1473 5451 sit
1493 5396 1648 5462 ﬁdes,
1683 5396 1881 5466 eligere
1912 5395 2132 5462 debent,

563 5507 630 5549 ac
679 5491 1069 5563 principiorum
1105 5489 1222 5545 sive
1271 5487 1597 5559 ἀξιωμάτων
1633 5487 1759 5543 loco
1800 5501 2020 5558 ponere.
2059 5487 2138 5541 Ac

563 5589 696 5638 sunt
723 5580 1007 5645 nonnulla,
1049 5574 1116 5634 de
1141 5576 1342 5648 quibus
1373 5577 1684 5632 Christiano
1712 5577 1960 5633 dubitare
1986 5574 2137 5631 nefas

562 5671 790 5728 omnino
820 5671 1068 5726 videatur
1114 5687 1128 5724 :
1155 5667 1457 5739 cujusmodi
1486 5669 1591 5724 ista
1621 5678 1749 5725 sunt
1777 5687 1790 5723 :
1829 5667 1942 5723 Sub
1971 5666 2134 5722 Tibe-

563 5763 647 5816 rio
687 5762 904 5818 Cacsare
942 5777 1007 5816 ac
1045 5769 1399 5832 procuratore
1458 5759 1649 5814 Pontio
1695 5759 1870 5816 Pilato
1910 5774 2134 5830 passum

554 5864 721 5916 esse;
754 5863 867 5910 tum
922 5870 1049 5911 vero
1085 5851 1388 5911 Parasceve
1436 5849 1662 5910 Sabbati
1711 5853 1825 5909 sive
1874 5851 2006 5909 feria
2045 5866 2132 5920 v1;

2164 4847 2210 4904 ι)
2239 4851 2332 4897 aut
2359 4839 2405 4896 si
2443 4840 2574 4912 quid
2602 4841 2748 4896 aliud
2776 4851 2882 4910 est,
2933 4845 3080 4914 quod
3108 4861 3391 4903 sacrorum
3422 4848 3686 4905 lihrorum
3720 4865 3823 4907 au.

2242 4934 2469 4990 ctoritas
2521 4934 2829 4989 confirmat.
2867 4934 3081 5003 Quibus
3127 4940 3174 4995 si
3205 4941 3448 4996 contenti
3491 4942 3689 4996 eruditi
3719 4942 3824 5000 ho-

2242 5021 2420 5077 mines
2451 5019 2707 5087 fuissent,
2735 5039 2914 5094 neque
2936 5026 3053 5083 suis
3080 5044 3180 5085 nos
3207 5030 3558 5100 Opinionibus
3600 5048 3666 5088 ac
3695 5048 3826 5088 con-

2237 5113 2492 5183 iecturis,
2515 5123 2774 5186 tanquam
2806 5118 3105 5190 Scriptum
3161 5132 3254 5176 aut
3275 5122 3533 5179 Ecclesia:
3565 5126 3825 5192 decretis,

2241 5207 2646 5275 astrinxissent,
2673 5209 2845 5266 multo
2865 5223 2920 5267 et
2947 5213 3160 5269 veritati
3191 5215 3386 5271 melius
3417 5228 3472 5272 et
3519 5218 3825 5288 posteritati

2241 5301 2667 5356 consuluissent.
2699 5299 2804 5358 Sed
2833 5313 2918 5359 est
2938 5321 3109 5376 genus
3143 5307 3449 5374 hominum,
3473 5312 3569 5381 qui
3604 5327 3670 5367 ea
3699 5328 3828 5383 qua

2240 5408 2512 5448 consensu
2545 5405 2758 5465 recepta
2798 5395 2968 5466 vulgi,
3017 5406 3072 5452 et
3104 5398 3310 5469 aliquot
3361 5400 3560 5457 abhinc
3603 5405 3830 5460 saeculis

2243 5485 2626 5540 auctoritatem
2658 5494 2837 5552 nacta,
2865 5504 2974 5543 non
3007 5490 3173 5546 nimis
3213 5504 3418 5559 vetera,
3444 5510 3509 5550 ac
3532 5495 3830 5567 diligenter

2239 5590 2468 5631 excussa
2514 5584 2665 5645 sunt,
2703 5579 2894 5635 timide
2941 5581 3110 5638 nimis
3159 5583 3570 5655 deosculantur,
3605 5602 3671 5642 ac
3700 5604 3822 5658 pro

2238 5669 2532 5738 pemodum
2567 5670 2875 5740 serviliter;
2912 5689 3213 5747 eorumque
3242 5677 3403 5732 ﬁdem
3453 5687 3507 5735 et
3540 5681 3829 5738 assensio-

2237 5775 2363 5815 nem
2394 5761 2463 5815 ab
2492 5761 2675 5818 invitis
2708 5766 3034 5834 exprimere,
3079 5785 3142 5824 ac
3180 5785 3278 5838 pro
3304 5771 3562 5828 Ecclesia:
3591 5772 3831 5843 dogma~

2236 5853 2383 5909 tibus
2411 5861 2678 5911 conantur
2705 5855 3016 5916 obtrudere.
3053 5857 3300 5926 Quorum
3345 5871 3430 5920 est
3463 5863 3685 5934 quidem
3721 5863 3831 5920 hac
