4118 6402
482 405 587 461 9‘5

1600 407 1942 496 APPENDIX
1976 405 2618 474 _DlSSEBTATlONUM.

3609 425 3713 482 9M

485 523 583 589 (ita
609 525 751 578 enim
782 525 835 579 in
867 527 1230 582 vetustissimo
1259 527 1351 583 illo
1383 529 1570 585 codice
1604 531 1938 595 nominatur,
1965 538 2047 584 at-
2073 532 2127 593 Α
2151 529 2429 590 Passionis
2460 536 2738 605 habeatur,
2768 539 2913 610 quod
2941 540 3174 599 fortasse
3198 544 3380 600 verius
3398 553 3501 600 est.
3530 543 3710 612 Quan-

483 629 591 685 que
617 616 779 670 etiam
816 616 1030 683 Victor,
1064 635 1170 674 non
1209 618 1555 693 Victorinus)
1587 625 1654 678 de
1696 637 1840 677 anno
1864 621 2049 678 Domi-
2147 637 2311 692 quam
2363 625 2430 680 de
2469 626 2564 682 illo
2605 627 2761 683 Bedaa
2806 630 2928 686 loco
2975 632 3320 704 cogitandum
3347 635 3576 704 amplius
3603 647 3707 692 est.

483 706 621 762 nica:
649 706 923 764 Passionis
953 725 1138 780 agens,
1186 710 1414 766 Passum
1447 726 1652 781 autem,
1693 715 1890 784 inquit,
1937 713 2046 768 Do-

485 797 684 852 minum
719 808 950 854 nostrum
984 800 1166 856 Iesum
1199 801 1470 858 Christum
1507 807 1733 876 peractis
1765 805 1903 860 5228
1948 823 2046 860 an-

485 888 568 941 nis
621 889 684 941 ab
740 899 858 944 ortu
896 894 1076 946 mundi
1128 895 1306 948 eadem
1358 894 1731 950 Chronicorum
1795 896 2046 952 relatione

484 989 805 1034 monstratur
859 982 879 1053 (
906 982 973 1038 de
1030 982 1270 1052 Eusebii,
1333 985 1642 1058 Hieronymi
1694 996 1748 1043 et
1795 987 2043 1057 Prosperi

481 1070 768 1126 Chronicis
810 1073 1107 1145 loquitur).
1142 1077 1294 1143 Quod
1321 1088 1521 1148 gestum
1557 1080 1832 1134 inchoante
1871 1095 2041 1135 xxvnt

482 1177 620 1216 anno
645 1181 747 1217 non
767 1173 934 1233 potest
955 1167 1208 1225 dubitari.
1241 1171 1509 1242 Siquidem
1530 1185 1625 1225 vnt
1651 1169 1882 1227 Kalend.
1907 1174 2036 1243 Apr.

479 1257 648 1324 primo
699 1272 871 1310 mense
909 1257 1035 1311 luna
1073 1275 1160 1314 xlv
1187 1277 1388 1331 vespere
1429 1261 1772 1332 praecedente,
1804 1262 1940 1315 sicut
1974 1262 2039 1316 ab

479 1349 632 1401 initio
665 1357 917 1402 creature
955 1359 1147 1418 quarta
1190 1352 1334 1421 facta
1376 1362 1472 1419 est,
1511 1354 1723 1422 caepisse
1750 1353 2038 1408 doceatur:

478 1441 843 1510 adjunctisque
890 1439 1127 1497 bissextis
1176 1445 1246 1497 ad
1288 1461 1544 1500 summam
1575 1445 1716 1501 5228
1758 1462 2036 1513 annorum,

476 1538 705 1605 sequenti
731 1536 783 1602 8,
813 1551 884 1590 xx
909 1550 1068 1600 anno,
1099 1555 1130 1590 v
1167 1539 1301 1608 feria
1331 1539 1478 1593 docet
1509 1555 1563 1594 se
1594 1539 1876 1594 traditione
1903 1556 2036 1608 prte-

473 1641 700 1686 ventum.
732 1631 914 1686 Primo
945 1648 1060 1686 vero
1097 1632 1413 1700 Azymorunt
1446 1633 1530 1686 die
1568 1631 1821 1687 Dominus
1865 1643 2040 1687 noster

472 1723 626 1778 Iesus
657 1724 897 1781 Christus
930 1741 1134 1780 orenam
1177 1741 1292 1777 cum
1321 1724 1597 1795 discipulis
1623 1727 1733 1780 suis
1761 1735 2037 1796 postquam

473 1819 556 1870 sui
599 1819 832 1887 corporis
887 1828 936 1873 et
975 1817 1246 1888 sanguinis
1293 1829 1623 1871 sacramenta
1664 1817 1932 1887 patefecit,
1966 1818 2035 1871 ad

2147 711 2302 780 Quod
2331 716 2475 772 enim
2513 719 2687 788 ipsum
2717 736 2747 775 a
2777 719 2951 777 Natali
2999 739 3201 780 annum
3247 725 3514 795 auspicari
3557 728 3711 782 volu-

2146 821 2302 873 mus;
2337 807 2389 862 id
2415 810 2580 878 quod,
2611 811 2716 866 nisi
2765 814 3024 870 mendosa
3067 815 3232 871 verba
3277 827 3426 883 sunt,
3452 833 3710 873 necessa—

2144 896 2286 951 rium
2316 898 2547 966 videtur,
2579 915 2705 954 cum
2737 900 3065 976 Dionysiana
3099 907 3303 974 epocha
3352 906 3532 963 minus
3574 923 3705 977 qua-

2143 983 2296 1047 drat,
2323 1002 2440 1056 quae
2480 1002 2510 1041 a
2554 987 2748 1044 Martio
2775 1005 2959 1046 mense
2982 991 3121 1048 inire
3143 1004 3517 1050 consueverat.
3542 993 3701 1065 Atqui

2145 1074 2238 1131 70i
2277 1092 2455 1133 annus
2483 1078 2536 1132 in
2562 1077 2735 1134 Natali
2764 1080 3114 1137 indictionem
3141 1083 3301 1138 habet
3324 1099 3413 1138 xv.
3439 1081 3700 1150 Quocirca

2141 1165 2225 1220 vel
2267 1165 2591 1224 indictiones
2636 1168 2891 1226 Romanae
2932 1171 3044 1242 jam
3087 1182 3204 1227 tum
3246 1187 3277 1227 a
3321 1171 3577 1228 Januario
3619 1175 3700 1228 in-

2141 1257 2349 1313 choatae
2372 1268 2520 1324 sunt,
2545 1269 2600 1315 et
2625 1261 2678 1315 in
2709 1262 2957 1317 ultimum
2977 1262 3289 1320 Decembris
3313 1265 3453 1320 diem
3482 1265 3696 1332 desitae;

2138 1351 2223 1408 vel
2255 1368 2354 1423 pro
2384 1353 2478 1408 70l
2514 1354 2655 1424 apud
2684 1352 2884 1409 Bedam
2928 1355 3031 1411 700
3078 1357 3402 1428 legendum,
3444 1359 3700 1428 quemad-

2139 1444 2356 1500 modum
2397 1445 2593 1516 legisse
2624 1446 2945 1502 scholiastes
2979 1448 3224 1518 videtur;
3255 1449 3338 1504 vel
3361 1449 3590 1519 denique
3620 1451 3700 1504 in-

2137 1536 2303 1593 dictio
2327 1552 2393 1591 xv
2420 1552 2518 1607 pro
2542 1553 2632 1592 xtv
2657 1537 3055 1594 substituenda.
3092 1538 3247 1606 Quod
3278 1540 3323 1594 si
3356 1537 3458 1594 700
3498 1555 3699 1593 annum

2137 1627 2278 1685 Beda
2313 1629 2551 1700 scripsit,
2583 1638 2698 1685 tum
2734 1631 2922 1700 utique
2943 1631 3013 1686 53
3053 1645 3198 1685 anno
3225 1631 3292 1686 ab
3320 1631 3695 1686 lncarnatione

2137 1737 2331 1792 passus
2374 1722 2478 1777 erit
2513 1720 2796 1788 Dominus,
2827 1723 3000 1779 aetatis
3037 1739 3189 1778 χχχιι
3231 1723 3468 1779 ineunte.
3502 1723 3697 1779 Paulus

2137 1813 2555 1882 Forosempron.
2603 1815 2706 1871 lib.
2731 1830 2785 1869 tv
2811 1819 3078 1886 Paulinae,
3103 1816 3200 1872 701
3250 1815 3464 1886 quidem
3496 1831 3696 1871 annum

472 1918 698 1964 montem
744 1909 934 1965 Oliveti
957 1951 970 1975 ,
1003 1887 1138 1964 sicut
1189 1907 1473 1980 Evangelia
1523 1919 1707 1963 sancta
1754 1919 2032 1972 testantur,
2067 1887 2110 1942 Β
2135 1906 2239 1960 hoc
2287 1907 2340 1960 in
2382 1906 2538 1962 Beda:
2563 1906 2685 1961 loco
2716 1908 2926 1976 posuit;
2962 1909 3054 1963 sed
3089 1924 3119 1962 a
3153 1907 3413 1963 Passione
3445 1907 3566 1974 669,
3590 1924 3698 1965 non

471 2017 792 2072 progressus,
824 2002 994 2073 ibique
1018 2003 1254 2056 detentus
1287 2010 1363 2054 est
1393 2017 1426 2053 a
1458 1999 1663 2056 Judteis
1686 2001 1919 2054 tradente
1951 2002 2035 2054 di-

471 2093 693 2163 scipulo.
721 2093 970 2164 Deinceps
999 2109 1054 2148 Vl
1081 2094 1214 2164 feria
1242 2093 1579 2164 subsequente
1597 2133 1611 2158 ,
1635 2093 1690 2145 id
1711 2103 1783 2146 est
1807 2107 1876 2146 vn
1904 2090 2031 2147 Kal.

472 2189 596 2256 Apr.
630 2188 914 2257 cruciﬁxus
950 2200 1026 2242 est
1076 2199 1122 2242 et
1155 2188 1405 2257 sepultus.
1444 2188 1615 2240 Tertia
1648 2185 1751 2250 die,
1779 2186 1874 2238 hoc
1902 2195 1976 2238 est
2003 2201 2034 2238 ν

471 2277 597 2332 Kal.
634 2278 761 2347 Apr.
797 2279 1067 2331 ﬂaminica
1115 2282 1346 2331 surrexit
1399 2295 1430 2330 a
1471 2279 1713 2330 mortuis.
1764 2274 2034 2330 Hactenus

475 2367 801 2424 Victorinus.
842 2370 942 2436 Qui
986 2384 1208 2439 passum
1264 2378 1538 2423 asseverat
1567 2366 1843 2422 Christum
1889 2365 2032 2420 Mar-

472 2461 526 2514 tii
562 2477 708 2526 xxvi,
745 2461 874 2516 feria
896 2479 969 2527 v1,
1000 2462 1365 2517 resurrexisse
1387 2476 1514 2517 vero
1537 2460 1710 2514 Martii
1738 2475 1928 2513 xxvm.
1954 2458 2033 2513 ita

470 2550 817 2607 Dominicalis
842 2553 1018 2607 littera
1045 2551 1208 2607 fuerit
1227 2551 1290 2618 C,
1319 2551 1410 2621 qui
1439 2550 1723 2606 character
1750 2563 1892 2603 anno
1913 2562 2034 2602 terte

469 2645 812 2716 Dionysianaa
838 2661 1002 2700 xxxiv
1024 2645 1293 2716 congruit,
1326 2644 1476 2716 cyclo
1502 2644 1632 2700 solis
1666 2659 1752 2698 xv.
1773 2641 1876 2698 Sed
1908 2657 2032 2696 cum

469 2737 615 2792 dicat
657 2737 838 2792 lunam
876 2736 1050 2792 Martii
1081 2755 1205 2805 xxv,
1241 2753 1351 2810 quo
1393 2738 1480 2792 die
1525 2736 1740 2807 epulum
1771 2734 2033 2789 Pascltale

470 2828 776 2894 celebravit,
809 2827 975 2885 fuisse
1002 2829 1186 2884 lunam
1217 2846 1345 2895 xiv;
1379 2829 1482 2884 hoc
1514 2826 1728 2882 nonnisi
1761 2826 1912 2897 cyclo
1934 2825 2033 2880 Ni-

469 2933 618 2974 (ιωηο
649 2921 884 2975 secundo
925 2921 1200 2986 convenit,
1227 2921 1311 2974 vel
1338 2937 1459 2985 xm,
1496 2920 1541 2974 si
1569 2918 1833 2974 decimam
1863 2934 2030 2988 quar-

470 3021 576 3066 tam
604 3013 889 3083 appellavit
914 3013 1177 3067 decimam
1223 3013 1487 3082 quintam.
1524 3010 1721 3081 Cyclus
1753 3026 1849 3064 χιιι
1878 3025 2030 3064 com-

468 3102 599 3171 petit
641 3117 784 3156 anno
829 3101 1157 3174 Dionysiano
1189 3103 1276 3157 5i.
1309 3102 1490 3170 Quare
1532 3103 1584 3156 in
1617 3117 1760 3156 anno
1788 3101 1922 3173 cycli
1954 3101 2033 3155 lu-

467 3193 614 3247 naris
638 3208 759 3246 cum
789 3191 1110 3263 Epiphanio,
1142 3207 1206 3247 ac
1233 3192 1504 3247 veteribus
1533 3190 1831 3254 consentit;
1857 3189 1910 3243 in
1942 3204 2030 3243 so-
2056 3225 2099 3284 α

466 3282 566 3336 lari
593 3284 742 3354 cyclo
773 3299 897 3340 cum
923 3283 1061 3338 Beda
1091 3298 1155 3338 ac
1186 3283 1426 3353 reliquis.
1477 3281 1534 3336 In
1559 3280 1814 3351 expansis
1837 3279 2030 3335 Fasto-

466 3391 582 3430 rum
613 3377 770 3432 annis
800 3377 1198 3446 perturbatiora
1230 3376 1413 3430 omnia
1459 3384 1607 3430 sunt.
1655 3375 1769 3429 Illic
1812 3373 2026 3430 cruciﬁ-

466 3483 594 3522 xum
628 3483 748 3524 esse
764 3468 1051 3523 Dominum
1083 3468 1158 3522 ait
1187 3482 1328 3522 coss.
1358 3466 1573 3521 duobus
1603 3465 1876 3532 Geminis;
1899 3465 2024 3535 qui-

466 3561 568 3615 bus
611 3569 988 3616 successerunt
1033 3559 1207 3614 Rufus
1256 3569 1310 3614 et
1359 3556 1675 3623 Rubellius,
1715 3572 1858 3612 anno
1905 3564 2026 3626 post

466 3651 706 3708 Natalem
752 3652 843 3720 '52,
870 3667 980 3722 quo
1023 3666 1166 3706 anno
1206 3651 1413 3706 Pascha
1466 3649 1654 3705 incidit
1679 3665 1737 3704 ιιι
1791 3645 1868 3703 Id.
1893 3648 2023 3718 Apr.

467 3745 593 3799 luna
620 3761 709 3798 xx.
733 3743 849 3810 Qua
873 3745 1078 3798 ratione
1106 3747 1290 3814 cyclus
1323 3743 1427 3799 erit
1449 3742 1592 3796 lunae
1614 3757 1652 3806 ι,
1681 3741 1784 3795 litt.
1809 3738 2023 3795 Domin.

465 3837 529 3901 C,
563 3852 684 3906 qua:
707 3837 893 3892 eadem
918 3845 970 3890 et
997 3852 1138 3891 anno
1160 3837 1227 3890 54
1263 3835 1590 3907 Dionysiano
1616 3834 1883 3905 congruit.
1921 3832 2026 3888 Sed

465 3927 601 3998 cycli
637 3927 1142 3984 decemnovennalis
1174 3927 1473 3984 foedissima
1509 3927 1822 3998 depravatio
1851 3936 1952 3981 est.

534 4019 652 4074 Jam
680 4021 823 4092 quod
862 4022 925 4076 ad
963 4021 1116 4076 Beda:
1153 4021 1331 4076 locum
1367 4030 1589 4092 spectat,
1620 4020 1672 4074 in
1702 4035 1810 4090 quo
1842 4018 2028 4074 scribit

466 4127 608 4166 anno
652 4112 981 4184 Dionysiano
1036 4111 1132 4166 701
1182 4113 1494 4167 adnotatum
1541 4109 1707 4166 fuisse
1757 4125 1957 4164 annum
1995 4122 2026 4162 a

466 4201 723 4258 Passione
754 4202 961 4258 Domini
991 4200 1115 4267 668,
1142 4203 1436 4257 indictione
1481 4219 1600 4268 xw;
1647 4202 1700 4256 in
1734 4200 2024 4256 Annalibus

465 4294 806 4348 librariorum
838 4295 991 4362 culpa
1021 4295 1115 4348 701
1162 4311 1259 4364 pro
1283 4293 1386 4348 702
1413 4295 1692 4364 irrepsisse
1742 4294 1979 4349 creditur
2008 4313 2021 4350 :

465 4385 605 4452 quod
651 4388 885 4440 maxime
933 4386 1118 4440 miror.
1162 4385 1296 4438 Nam
1329 4385 1430 4440 702
1458 4401 1600 4439 anno
1630 4401 1736 4438 non
1768 4401 1854 4438 χιν
1887 4383 2026 4439 indi~

464 4475 594 4537 ctio,
639 4477 728 4530 sed
781 4493 849 4530 xv
897 4478 1170 4546 competit,
1211 4492 1332 4546 quae
1376 4477 1444 4531 ab
1490 4479 1834 4532 antecedente
1875 4477 2021 4548 Sept.

2135 1996 2257 2053 668.
2290 1997 2368 2052 Ex
2418 2013 2527 2068 quo
2575 1998 2829 2068 idipsum,
2864 2000 3009 2069 quod
3053 2000 3215 2055 modo
3250 1998 3696 2071 signiﬁcavimus,

2135 2091 2358 2162 colligit,
2387 2091 2661 2145 Christum
2696 2106 2759 2146 ex
2792 2091 3003 2146 illorum
3033 2094 3296 2147 sententia
3330 2108 3549 2162 passum
3575 2109 3698 2149 esse

2134 2184 2306 2237 aetatis
2337 2198 2480 2238 anno
2506 2200 2653 2249 χχχι,
2678 2200 2799 2238 cum
2827 2183 3002 2240 tribus
3025 2186 3326 2241 mensibus.
3357 2185 3564 2240 Etenim
3596 2203 3694 2239 an-

2135 2273 2208 2332 ni.
2240 2273 2433 2342 inquit,
2482 2292 2514 2327 ιι
2563 2273 2836 2339 Passione,
2883 2286 2932 2329 et
2974 2274 3349 2332 Incarnatione
3395 2278 3569 2332 eodem
3613 2278 3699 2332 die

2135 2363 2479 2427 inchoantur;
2515 2365 2608 2417 hoc
2639 2375 2716 2418 est
2758 2367 2821 2418 ab
2853 2383 2944 2420 rm
2975 2365 3100 2420 Kal.
3137 2375 3270 2434 Apr.
3312 2367 3452 2438 Ergo
3497 2386 3700 2422 necesse

2133 2463 2208 2506 est
2229 2455 2508 2507 secundum
2527 2455 2725 2509 Bedam
2748 2467 2911 2511 totum
2938 2459 3088 2511 illum
3115 2476 3334 2525 annum,
3354 2462 3443 2531 qui
3468 2463 3693 2517 erat70l

2134 2544 2198 2598 ab
2237 2541 2630 2612 lncarnatione,
2666 2566 2774 2604 esse
2801 2568 2833 2602 a
2862 2549 3117 2604 Passione
3154 2551 3276 2607 669.
3320 2552 3543 2606 Detrahe
3581 2554 3698 2623 jam

2134 2653 2296 2691 annos
2325 2639 2428 2693 669
2459 2657 2491 2692 a
2535 2639 2657 2704 70l,
2700 2641 2967 2696 restabant
3000 2646 3126 2696 anni
3175 2659 3290 2698 χχιι
3343 2646 3407 2698 ab
3441 2644 3698 2699 Incurua-

2135 2731 2274 2785 tione
2302 2733 2370 2784 ad
2391 2731 2698 2787 Passiouem
2728 2735 2967 2790 deductis
2998 2738 3261 2793 mensibus
3285 2755 3482 2798 novem.
3509 2757 3699 2807 passus

2130 2834 2205 2877 est
2238 2823 2478 2878 Christus
2514 2842 2650 2880 anno
2675 2827 2733 2880 51
2767 2844 2884 2882 cum
2915 2829 3081 2883 tribus
3116 2830 3399 2884 mensibus.
3437 2829 3560 2886 Haec
3586 2832 3696 2887 ille.

2131 2914 2330 2972 Verum
2357 2929 2621 2989 repugnat
2649 2920 2891 2984 indictio,
2931 2923 3035 2976 nisi
3080 2923 3238 2977 aliter
3269 2923 3421 2978 locus
3445 2924 3699 2978 emende-

2132 3018 2238 3063 tur.
2273 3009 2349 3063 Ex
2396 3011 2462 3064 iis
2509 3011 2762 3067 omnibus
2812 3013 3144 3068 validissime
3184 3013 3337 3068 Beda:
3368 3015 3458 3068 illa
3491 3015 3702 3069 sanctio

2130 3100 2414 3167 refellitur,
2444 3117 2548 3172 qua
2579 3119 2646 3158 ex
2669 3102 2922 3159 Ecclesiae
2950 3104 3052 3159 fide
3075 3104 3351 3159 Christum
3376 3115 3527 3176 putat
3549 3121 3699 3160 mor-

2131 3201 2280 3247 tuum
2312 3208 2454 3247 anno
2484 3193 2571 3258 '54,
2609 3194 2918 3264 vixisseque
2941 3211 3114 3250 annos
3153 3211 3341 3262 xxxtn,
3375 3213 3588 3252 menses
3613 3214 3695 3252 ιιι.

2133 3282 2306 3350 Quam
2337 3286 2554 3356 quidem
2589 3287 2895 3356 opinionem
2929 3290 3184 3343 neminem
3229 3305 3302 3354 se,
3331 3291 3421 3359 qui
3465 3291 3701 3350 quadra-

2132 3385 2230 3443 ret,
2266 3378 2513 3446 reperisse
2551 3376 2756 3434 Paulus
2783 3377 3139 3450 Middelburg.
3167 3379 3438 3435 afﬁrmat:
3479 3382 3604 3452 quin
3642 3392 3703 3437 et

2132 3467 2329 3523 Bcdam
2362 3484 2392 3523 a
2417 3469 2598 3540 seipso
2625 3471 2934 3535 dissentire,
2961 3471 3052 3540 qui
3088 3472 3139 3524 in
3160 3469 3438 3537 Chronico,
3463 3473 3577 3528 sive
3598 3474 3696 3528 lib.

2131 3557 2210 3612 De
2251 3575 2342 3613 sex
2382 3560 2643 3626 tetatibus,
2663 3561 2906 3630 Augusto
2934 3577 3107 3616 annos
3137 3577 3244 3624 va,
3274 3571 3328 3616 et
3360 3578 3454 3617 sex
3481 3579 3700 3619 menses

2131 3649 2549 3720 assignatztum
2600 3651 2876 3706 Christum
2924 3667 3069 3706 anno
3112 3653 3256 3706 illius
3297 3669 3405 3707 χιιι
3451 3654 3504 3708 in
3556 3655 3702 3711 hunc

2131 3741 2391 3794 mundum
2419 3741 2700 3796 advenisse
2725 3743 2946 3808 scribit,
2971 3759 3114 3797 anno
3142 3743 3293 3800 urbis
3314 3743 3444 3809 752,
3484 3742 3698 3817 Olymp.

2132 3830 2233 3885 194
2275 3846 2418 3886 anno
2451 3832 2641 3899 tertio,
2671 3847 2892 3903 passum
2940 3849 3071 3889 vero
3122 3833 3322 3890 Tiberii
3364 3853 3513 3891 xvnt.
3547 3837 3705 3896 Unde

2131 3939 2468 3995 consequens
2491 3933 2574 3980 est
2592 3925 2793 3980 vixisse
2821 3926 2923 3980 sub
2947 3926 3192 3996 Augusto
3214 3942 3386 3982 annos
3414 3945 3520 3995 xiv,
3548 3945 3700 3983 men-

2133 4033 2222 4072 ses
2255 4033 2344 4083 tx;
2395 4017 2497 4071 sub
2548 4015 2766 4072 Tiberio
2801 4031 2974 4072 annos
3005 4033 3138 4084 xvn,
3185 4033 3401 4074 menses
3429 4035 3498 4073 Vl.
3532 4019 3692 4074 (301Ιί-

2132 4119 2333 4180 guntur
2375 4108 2501 4162 anni
2530 4109 2702 4174 χχχιι,
2733 4123 2946 4164 menses
2992 4125 3052 4164 ιιι
3100 4110 3168 4164 ab
3222 4109 3630 4177 incarnatione;
3665 4126 3699 4165 a

2131 4199 2416 4255 Nativitate
2459 4200 2585 4252 anni
2615 4214 2764 4262 χχχι,
2796 4214 3012 4253 menses
3051 4216 3130 4254 ιιι.
3165 4198 3431 4266 Quocirca
3488 4208 3700 4255 veteres

2131 4292 2610 4363 Middelburgensis
2634 4292 2907 4346 existimat
2927 4291 3144 4346 Christo
3171 4293 3221 4345 in
3248 4307 3411 4347 carne
3440 4293 3701 4347 tribuisse

2132 4401 2302 4441 annos
2333 4401 2502 4438 χχχιιι
2541 4384 2779 4437 nondum
2817 4383 3128 4448 absolutos;
3164 4384 3252 4437 sed
3285 4399 3388 4436 non
3425 4386 3492 4435 ad
3535 4382 3700 4438 Bede

2131 4493 2364 4532 sensum,
2384 4474 2580 4541 quihos
2613 4490 2778 4528 annos
2807 4485 2958 4529 extra
2986 4484 3192 4528 uterum
3223 4491 3254 4527 a
3279 4473 3468 4529 Natali
3490 4491 3702 4544 compu-

463 4570 646 4636 cmpit.
676 4566 830 4622 Unde
871 4569 1038 4623 multo
1071 4578 1148 4624 est
1182 4569 1528 4623 verisimilius
1567 4567 1806 4622 Natalem
1851 4568 2023 4627 illum.
2057 4582 2107 4642 ι)
2135 4577 2212 4621 tat
2243 4583 2259 4620 :
2297 4567 2390 4622 sed
2414 4566 2507 4628 ita,
2535 4575 2592 4618 ut
2622 4565 2690 4619 ab
2712 4564 3086 4620 incarnatione
3113 4565 3226 4634 ipsa
3260 4575 3636 4619 numerentur.

463 4673 573 4727 quo
607 4657 659 4711 in
691 4659 862 4712 cereis
888 4659 989 4712 ista
1025 4659 1268 4728 legerunt
1299 4658 1573 4720 monachi,
1607 4657 1776 4712 fuisse
1803 4672 1907 4710 xxv
1930 4655 2025 4709 De-

464 4747 695 4802 cembris
717 4749 842 4802 anni
878 4747 1185 4819 Dionysiani
1212 4748 1336 4809 700.
1366 4762 1396 4800 a
1421 4763 1530 4817 quo
1555 4749 1641 4802 die
1662 4748 1863 4802 Christi
1894 4747 2021 4800 anni

463 4840 740 4893 numerari
785 4840 1058 4909 quondam
1107 4841 1371 4894 solebant.
1411 4840 1514 4894 Sed
1563 4841 1664 4893 ltoc
1713 4849 1869 4909 pacto
1895 4839 2022 4892 anni

462 4929 739 4986 Passionis
769 4933 836 4986 ab
864 4934 1209 4988 antecedente
1241 4933 1436 4997 Natali,
1469 4934 1572 4988 hoc
1604 4943 1688 4987 est
1717 4934 1887 4986 tribus
1914 4931 2024 4985 fere

463 5033 587 5079 ante
635 5024 776 5079 diem
827 5027 1002 5096 ipsum
1051 5025 1327 5081 Passionis
1389 5027 1687 5089 mensibus,
1737 5023 2022 5080 inchoandi

463 5123 624 5184 sunt;
652 5132 776 5170 nam
811 5117 857 5171 si
882 5134 911 5170 e
939 5116 1038 5170 700
1084 5117 1346 5172 absolutis
1397 5119 1616 5187 triginta
1657 5127 1767 5171 tres
1821 5117 2022 5171 solidos

461 5207 718 5271 deducas,
746 5208 1024 5262 restabunt
1049 5208 1150 5262 667
1179 5210 1431 5262 absoluti.
1460 5209 1580 5262 Ideo
1608 5209 1702 5263 701
1739 5209 1913 5262 iniens
1941 5215 2025 5262 est

461 5297 566 5353 668
595 5300 818 5369 perinde
862 5300 1058 5370 iniens,
1100 5301 1190 5368 qui
1246 5317 1275 5354 a
1329 5299 1500 5353 Natali
1548 5299 2022 5367 septingentesimo

462 5391 791 5463 Dionysiano
847 5391 1033 5447 indict.
1071 5408 1162 5446 xlv
1207 5393 1412 5462 incipit.
1444 5391 1596 5456 Quod
1639 5391 1682 5445 si
1730 5391 1847 5460 ipso
1893 5390 2022 5444 anni

464 5483 561 5538 701
595 5483 770 5539 Natali
802 5483 984 5548 iniret,
1028 5492 1174 5538 esset
1206 5498 1314 5538 non
1340 5499 1426 5536 xw
1449 5482 1692 5546 indictio,
1717 5483 1810 5535 sed
1834 5495 1922 5534 xv.
1947 5480 2023 5534 Ac

463 5577 577 5631 lieri
594 5578 821 5648 quidem
850 5587 1044 5646 pctest,
1078 5584 1135 5629 ut
1163 5576 1405 5629 Romana
1435 5574 1673 5629 Ecclesia
1694 5572 2022 5640 temporibus

464 5669 570 5724 illis
588 5669 858 5726 Christum
891 5670 1063 5724 aetatis
1088 5685 1231 5723 anno
1257 5683 1426 5722 χχχιιι
1459 5680 1677 5736 passum
1721 5680 1843 5720 esse
1889 5680 2020 5719 cen-

464 5762 651 5815 suerit.
681 5762 759 5816 lta
791 5777 1026 5830 namque
1053 5759 1559 5830 septingentesimus
1598 5757 1782 5812 exiens
1823 5756 2024 5810 incidet

465 5854 522 5908 in
553 5869 753 5908 annum
783 5852 1055 5909 Passionis
1076 5852 1210 5919 668;
1234 5853 1277 5908 si
1302 5851 1558 5906 nimirum
1587 5863 1782 5915 χχχιιι,
1814 5847 2022 5918 primus

2191 4660 2326 4712 Nam
2376 4659 2517 4728 quod
2555 4657 2806 4712 Ecclesia:
2851 4657 3174 4712 auctoritate
3217 4659 3310 4727 qui
3363 4674 3486 4713 cum
3531 4657 3698 4715 Beda:

2123 4751 2445 4807 sententiam
2481 4749 2625 4804 illam
2660 4757 2911 4805 astruunt
2939 4750 3036 4804 niti
3073 4764 3131 4804 se
3161 4751 3499 4818 proﬁtentur,
3533 4751 3697 4805 velim

2123 4841 2337 4895 concilii
2379 4841 2608 4910 alicujus
2634 4841 2930 4904 decretum,
2965 4840 3070 4896 hoc
3107 4851 3191 4895 est
3219 4855 3562 4896 communem
3588 4840 3698 4897 Ec-

2125 4933 2298 4988 clesia:
2325 4948 2535 4996 vocem,
2582 4941 2675 4986 aut
2712 4933 3062 5001 antiquorum
3105 4941 3254 4987 certe
3289 4931 3509 4987 Patrum
3555 4947 3698 4986 con-

2124 5036 2354 5081 stantem
2407 5026 2461 5078 in
2516 5025 2604 5078 illa
2669 5024 2867 5078 tuenda
2921 5025 3338 5079 consensionem
3393 5023 3695 5094 proferant,

2123 5120 2266 5190 quod
2295 5135 2571 5188 nunquam
2603 5117 2826 5170 omnino
2866 5117 3163 5186 perﬁcient.
3217 5114 3327 5171 Nec
3353 5118 3496 5170 enim
3538 5117 3701 5185 igno-

2123 5227 2245 5266 rare
2279 5225 2592 5280 possumus,
2627 5219 2965 5278 quantopere
2997 5225 3028 5262 a
3066 5223 3126 5264 se
3166 5208 3398 5263 invicem
3430 5206 3532 5260 PP.
3569 5223 3698 5260 om-

2123 5311 2219 5350 nes
2246 5311 2368 5350 cum
2405 5297 2459 5349 in
2496 5312 2640 5349 anno
2672 5294 2968 5362 Passionis,
3012 5305 3125 5349 tum
3172 5299 3230 5349 in
3262 5297 3350 5350 die
3385 5297 3500 5366 ipso
3525 5295 3697 5348 dissi-

2121 5389 2302 5442 deant.
2337 5385 2568 5441 lremeus
2619 5387 2985 5455 apostolorum
3030 5390 3421 5456 propemodum
3467 5386 3698 5455 aequalis

2122 5479 2262 5532 inter
2306 5477 2784 5547 quadragesimum
2824 5485 2878 5532 et
2922 5475 3436 5546 quinquagesimum
3485 5490 3692 5530 annum

2122 5572 2293 5626 aetatis
2329 5587 2440 5626 suae
2468 5586 2688 5640 passum
2717 5584 2836 5624 esse
2872 5568 3210 5623 Salvatorem
3253 5569 3492 5624 asserit:
3529 5567 3697 5638 idque

2123 5680 2182 5719 se
2211 5673 2265 5719 et
2291 5679 2356 5717 ex
2397 5661 2706 5732 Evangelio,
2734 5671 2789 5715 et
2817 5659 3042 5715 Joannis
3075 5661 3419 5730 evangelista!
3452 5660 3698 5729 discipu-

2121 5753 2212 5816 lis,
2247 5751 2387 5823 quod
2429 5767 2459 5805 a
2492 5751 2748 5822 Magistro
2799 5759 3140 5820 acceperant,
3183 5751 3442 5806 didicisse
3489 5749 3692 5804 conﬁr-

2122 5852 2253 5900 mat.
2289 5841 2461 5909 Quem
2485 5841 2670 5898 lrenrei
2720 5842 2899 5899 locum
2953 5854 3062 5897 non
3112 5854 3262 5898 recte
3293 5843 3351 5895 in
3399 5841 3694 5898 Annalibus
