  <div class='ocr_page' id='page_1' title='image "/cluster/home/n/w/nwhite01/storage/ocr_20150623/42/nnc1.0046978682/508.png"; bbox 0 0 4118 6402; ppageno 0'>
   <div class='ocr_carea' id='block_1_1' title="bbox 462 404 566 454">
    <p class='ocr_par' dir='ltr' id='par_1_1' title="bbox 462 404 566 454">
     <span class='ocr_line' id='line_1_1' title="bbox 462 404 566 454; baseline 0.019 -2"><span class='ocrx_word' id='word_1_1' title='bbox 462 404 566 454; x_wconf 62' lang='grc'><strong>945</strong></span> 
     </span>
    </p>
   </div>
   <div class='ocr_carea' id='block_1_2' title="bbox 1372 411 2763 475">
    <p class='ocr_par' dir='ltr' id='par_1_2' title="bbox 1372 411 2763 475">
     <span class='ocr_line' id='line_1_2' title="bbox 1372 411 2763 475; baseline 0.006 -9"><span class='ocrx_word' id='word_1_2' title='bbox 1372 411 1456 466; x_wconf 87' lang='lat' dir='ltr'><strong>DE</strong></span> <span class='ocrx_word' id='word_1_3' title='bbox 1497 412 1682 469; x_wconf 81' lang='lat' dir='ltr'><strong>ANNO</strong></span> <span class='ocrx_word' id='word_1_4' title='bbox 1720 413 1808 468; x_wconf 82' lang='lat' dir='ltr'><strong>ET</strong></span> <span class='ocrx_word' id='word_1_5' title='bbox 1848 414 1958 468; x_wconf 87' lang='lat' dir='ltr'><strong>DIE</strong></span> <span class='ocrx_word' id='word_1_6' title='bbox 2001 415 2348 472; x_wconf 64' lang='lat' dir='ltr'><strong>DOMlNlCIE</strong></span> <span class='ocrx_word' id='word_1_7' title='bbox 2387 417 2763 475; x_wconf 80' lang='lat' dir='ltr'><strong>PASSIONIS.</strong></span> 
     </span>
    </p>
   </div>
   <div class='ocr_carea' id='block_1_3' title="bbox 3589 421 3692 479">
    <p class='ocr_par' dir='ltr' id='par_1_3' title="bbox 3589 421 3692 479">
     <span class='ocr_line' id='line_1_3' title="bbox 3589 421 3692 479; baseline 0.019 -2"><span class='ocrx_word' id='word_1_8' title='bbox 3589 421 3692 479; x_wconf 71' lang='lat' dir='ltr'><strong>9J6</strong></span> 
     </span>
    </p>
   </div>
   <div class='ocr_carea' id='block_1_4' title="bbox 466 520 3694 604">
    <p class='ocr_par' dir='ltr' id='par_1_4' title="bbox 466 520 3694 604">
     <span class='ocr_line' id='line_1_4' title="bbox 466 520 3694 604; baseline 0.008 -34"><span class='ocrx_word' id='word_1_9' title='bbox 466 520 798 578; x_wconf 86' lang='lat' dir='ltr'><strong>intellectum</strong></span> <span class='ocrx_word' id='word_1_10' title='bbox 854 527 1029 584; x_wconf 89' lang='lat' dir='ltr'><strong>video.</strong></span> <span class='ocrx_word' id='word_1_11' title='bbox 1086 528 1290 599; x_wconf 85' lang='lat' dir='ltr'><strong>Negant</strong></span> <span class='ocrx_word' id='word_1_12' title='bbox 1339 532 1481 586; x_wconf 92' lang='lat' dir='ltr'><strong>enim</strong></span> <span class='ocrx_word' id='word_1_13' title='bbox 1537 536 1754 602; x_wconf 78' lang='lat' dir='ltr'><strong>penitus</strong></span> <span class='ocrx_word' id='word_1_14' title='bbox 1809 539 1910 592; x_wconf 91' lang='lat' dir='ltr'><strong>hoc</strong></span> <span class='ocrx_word' id='word_1_15' title='bbox 1962 539 2100 598; x_wconf 76' lang='lat' dir='ltr'><strong>ahA</strong></span> <span class='ocrx_word' id='word_1_16' title='bbox 2135 547 2300 604; x_wconf 91' lang='lat' dir='ltr'><strong>trum,</strong></span> <span class='ocrx_word' id='word_1_17' title='bbox 2334 542 2444 594; x_wconf 92' lang='lat' dir='ltr'><strong>imo</strong></span> <span class='ocrx_word' id='word_1_18' title='bbox 2486 541 2652 595; x_wconf 88' lang='lat' dir='ltr'><strong>totius</strong></span> <span class='ocrx_word' id='word_1_19' title='bbox 2686 541 2935 596; x_wconf 75' lang='lat' dir='ltr'><strong>Ecclesia:</strong></span> <span class='ocrx_word' id='word_1_20' title='bbox 2978 541 3117 594; x_wconf 91' lang='lat' dir='ltr'><strong>hanc</strong></span> <span class='ocrx_word' id='word_1_21' title='bbox 3145 555 3264 596; x_wconf 87' lang='lat' dir='ltr'><strong>esse</strong></span> <span class='ocrx_word' id='word_1_22' title='bbox 3304 540 3503 596; x_wconf 85' lang='lat' dir='ltr'><strong>fidem:</strong></span> <span class='ocrx_word' id='word_1_23' title='bbox 3535 540 3694 596; x_wconf 80' lang='lat' dir='ltr'><strong>Chri-</strong></span> 
     </span>
    </p>
   </div>
   <div class='ocr_carea' id='block_1_5' title="bbox 465 609 2025 688">
    <p class='ocr_par' dir='ltr' id='par_1_5' title="bbox 465 609 2025 688">
     <span class='ocr_line' id='line_1_5' title="bbox 465 609 2025 688; baseline 0.013 -26"><span class='ocrx_word' id='word_1_24' title='bbox 465 609 666 666; x_wconf 70' lang='lat' dir='ltr'><strong>lren&#39;aeo</strong></span> <span class='ocrx_word' id='word_1_25' title='bbox 694 629 817 671; x_wconf 89' lang='lat' dir='ltr'><strong>esse</strong></span> <span class='ocrx_word' id='word_1_26' title='bbox 854 620 1139 688; x_wconf 90' lang='lat' dir='ltr'><strong>scriptum.</strong></span> <span class='ocrx_word' id='word_1_27' title='bbox 1175 624 1428 678; x_wconf 86' lang='lat' dir='ltr'><strong>nimirum</strong></span> <span class='ocrx_word' id='word_1_28' title='bbox 1457 625 1632 680; x_wconf 88' lang='lat' dir='ltr'><strong>aliena</strong></span> <span class='ocrx_word' id='word_1_29' title='bbox 1659 642 1819 682; x_wconf 85' lang='lat' dir='ltr'><strong>manu</strong></span> <span class='ocrx_word' id='word_1_30' title='bbox 1850 629 2025 683; x_wconf 87' lang='lat' dir='ltr'><strong>inser-</strong></span> 
     </span>
    </p>
   </div>
   <div class='ocr_carea' id='block_1_6' title="bbox 465 703 2021 789">
    <p class='ocr_par' dir='ltr' id='par_1_6' title="bbox 465 703 2021 789">
     <span class='ocr_line' id='line_1_6' title="bbox 465 703 2021 789; baseline 0.015 -37"><span class='ocrx_word' id='word_1_31' title='bbox 465 708 577 754; x_wconf 84' lang='lat' dir='ltr'><strong>tum</strong></span> <span class='ocrx_word' id='word_1_32' title='bbox 611 703 795 760; x_wconf 85' lang='lat' dir='ltr'><strong>videri.</strong></span> <span class='ocrx_word' id='word_1_33' title='bbox 825 707 991 778; x_wconf 89' lang='lat' dir='ltr'><strong>Cujus</strong></span> <span class='ocrx_word' id='word_1_34' title='bbox 1018 713 1339 783; x_wconf 76' lang='lat' dir='ltr'><strong>conjecturae</strong></span> <span class='ocrx_word' id='word_1_35' title='bbox 1372 730 1592 769; x_wconf 85' lang='lat' dir='ltr'><strong>causam</strong></span> <span class='ocrx_word' id='word_1_36' title='bbox 1637 718 1778 772; x_wconf 87' lang='lat' dir='ltr'><strong>hanc</strong></span> <span class='ocrx_word' id='word_1_37' title='bbox 1808 721 2021 789; x_wconf 87' lang='lat' dir='ltr'><strong>potissi-</strong></span> 
     </span>
    </p>
   </div>
   <div class='ocr_carea' id='block_1_7' title="bbox 466 795 2025 880">
    <p class='ocr_par' dir='ltr' id='par_1_7' title="bbox 466 795 2025 880">
     <span class='ocr_line' id='line_1_7' title="bbox 466 795 2025 880; baseline 0.015 -36"><span class='ocrx_word' id='word_1_38' title='bbox 466 807 613 848; x_wconf 90' lang='lat' dir='ltr'><strong>mum</strong></span> <span class='ocrx_word' id='word_1_39' title='bbox 655 795 903 864; x_wconf 77' lang='lat' dir='ltr'><strong>aﬂ’erunt,</strong></span> <span class='ocrx_word' id='word_1_40' title='bbox 936 804 1077 870; x_wconf 90' lang='lat' dir='ltr'><strong>quod</strong></span> <span class='ocrx_word' id='word_1_41' title='bbox 1106 807 1293 860; x_wconf 91' lang='lat' dir='ltr'><strong>eodem</strong></span> <span class='ocrx_word' id='word_1_42' title='bbox 1334 808 1507 877; x_wconf 79' lang='lat' dir='ltr'><strong>capite</strong></span> <span class='ocrx_word' id='word_1_43' title='bbox 1543 810 1706 880; x_wconf 87' lang='lat' dir='ltr'><strong>paulo</strong></span> <span class='ocrx_word' id='word_1_44' title='bbox 1749 821 1872 866; x_wconf 90' lang='lat' dir='ltr'><strong>ante</strong></span> <span class='ocrx_word' id='word_1_45' title='bbox 1891 827 2025 866; x_wconf 90' lang='lat' dir='ltr'><strong>con-</strong></span> 
     </span>
    </p>
   </div>
   <div class='ocr_carea' id='block_1_8' title="bbox 465 885 2024 970">
    <p class='ocr_par' dir='ltr' id='par_1_8' title="bbox 465 885 2024 970">
     <span class='ocr_line' id='line_1_8' title="bbox 465 885 2024 970; baseline 0.014 -33"><span class='ocrx_word' id='word_1_46' title='bbox 465 885 691 940; x_wconf 89' lang='lat' dir='ltr'><strong>trarium</strong></span> <span class='ocrx_word' id='word_1_47' title='bbox 729 891 1044 960; x_wconf 80' lang='lat' dir='ltr'><strong>proﬁtetur;</strong></span> <span class='ocrx_word' id='word_1_48' title='bbox 1071 895 1400 966; x_wconf 87' lang='lat' dir='ltr'><strong>baptizatum</strong></span> <span class='ocrx_word' id='word_1_49' title='bbox 1430 917 1551 959; x_wconf 87' lang='lat' dir='ltr'><strong>esse</strong></span> <span class='ocrx_word' id='word_1_50' title='bbox 1577 903 1878 970; x_wconf 85' lang='lat' dir='ltr'><strong>Christum,</strong></span> <span class='ocrx_word' id='word_1_51' title='bbox 1902 919 2024 959; x_wconf 89' lang='lat' dir='ltr'><strong>cum</strong></span> 
     </span>
    </p>
   </div>
   <div class='ocr_carea' id='block_1_9' title="bbox 465 980 2027 1060">
    <p class='ocr_par' dir='ltr' id='par_1_9' title="bbox 465 980 2027 1060">
     <span class='ocr_line' id='line_1_9' title="bbox 465 980 2027 1060; baseline 0.014 -33"><span class='ocrx_word' id='word_1_52' title='bbox 465 980 852 1046; x_wconf 82' lang='lat' dir='ltr'><strong>propemodum</strong></span> <span class='ocrx_word' id='word_1_53' title='bbox 885 1001 992 1039; x_wconf 76' lang='lat' dir='ltr'><strong>xxx</strong></span> <span class='ocrx_word' id='word_1_54' title='bbox 1031 997 1172 1043; x_wconf 86' lang='lat' dir='ltr'><strong>esset</strong></span> <span class='ocrx_word' id='word_1_55' title='bbox 1211 1006 1500 1060; x_wconf 89' lang='lat' dir='ltr'><strong>annorum,</strong></span> <span class='ocrx_word' id='word_1_56' title='bbox 1543 1012 1605 1051; x_wconf 89' lang='lat' dir='ltr'><strong>ac</strong></span> <span class='ocrx_word' id='word_1_57' title='bbox 1634 997 1861 1052; x_wconf 88' lang='lat' dir='ltr'><strong>subinde</strong></span> <span class='ocrx_word' id='word_1_58' title='bbox 1922 997 2027 1050; x_wconf 86' lang='lat' dir='ltr'><strong>tria</strong></span> 
     </span>
    </p>
   </div>
   <div class='ocr_carea' id='block_1_10' title="bbox 466 1062 2023 1156">
    <p class='ocr_par' dir='ltr' id='par_1_10' title="bbox 466 1062 2023 1156">
     <span class='ocr_line' id='line_1_10' title="bbox 466 1062 2023 1156; baseline 0.015 -40"><span class='ocrx_word' id='word_1_59' title='bbox 466 1062 730 1156; x_wconf 86' lang='lat' dir='ltr'><strong>Paschata</strong></span> <span class='ocrx_word' id='word_1_60' title='bbox 775 1074 1065 1142; x_wconf 81' lang='lat' dir='ltr'><strong>peregisse,</strong></span> <span class='ocrx_word' id='word_1_61' title='bbox 1115 1093 1345 1146; x_wconf 88' lang='lat' dir='ltr'><strong>quorum</strong></span> <span class='ocrx_word' id='word_1_62' title='bbox 1387 1083 1442 1137; x_wconf 90' lang='lat' dir='ltr'><strong>in</strong></span> <span class='ocrx_word' id='word_1_63' title='bbox 1490 1086 1650 1140; x_wconf 87' lang='lat' dir='ltr'><strong>tertio</strong></span> <span class='ocrx_word' id='word_1_64' title='bbox 1697 1087 1770 1142; x_wconf 87' lang='lat' dir='ltr'><strong>sit</strong></span> <span class='ocrx_word' id='word_1_65' title='bbox 1812 1101 2023 1156; x_wconf 86' lang='lat' dir='ltr'><strong>passus.</strong></span> 
     </span>
    </p>
   </div>
   <div class='ocr_carea' id='block_1_11' title="bbox 467 1155 2028 1247">
    <p class='ocr_par' dir='ltr' id='par_1_11' title="bbox 467 1155 2028 1247">
     <span class='ocr_line' id='line_1_11' title="bbox 467 1155 2028 1247; baseline 0.015 -37"><span class='ocrx_word' id='word_1_66' title='bbox 467 1155 592 1212; x_wconf 92' lang='lat' dir='ltr'><strong>ldeo</strong></span> <span class='ocrx_word' id='word_1_67' title='bbox 644 1163 791 1230; x_wconf 90' lang='lat' dir='ltr'><strong>quod</strong></span> <span class='ocrx_word' id='word_1_68' title='bbox 851 1165 1195 1239; x_wconf 76' lang='lat' dir='ltr'><strong>subiungitur</strong></span> <span class='ocrx_word' id='word_1_69' title='bbox 1245 1187 1449 1229; x_wconf 88' lang='lat' dir='ltr'><strong>meram</strong></span> <span class='ocrx_word' id='word_1_70' title='bbox 1506 1155 1863 1247; x_wconf 89' lang='lat' dir='ltr'><strong>imposturam</strong></span> <span class='ocrx_word' id='word_1_71' title='bbox 1908 1193 2028 1234; x_wconf 89' lang='lat' dir='ltr'><strong>esse</strong></span> 
     </span>
    </p>
   </div>
   <div class='ocr_carea' id='block_1_12' title="bbox 467 1260 638 1321">
    <p class='ocr_par' dir='ltr' id='par_1_12' title="bbox 467 1260 638 1321">
     <span class='ocr_line' id='line_1_12' title="bbox 467 1260 638 1321; baseline 0.018 -16"><span class='ocrx_word' id='word_1_72' title='bbox 467 1260 638 1321; x_wconf 80' lang='lat' dir='ltr'><strong>putat.</strong></span> 
     </span>
    </p>
   </div>
   <div class='ocr_carea' id='block_1_13' title="bbox 537 1344 2029 1420">
    <p class='ocr_par' dir='ltr' id='par_1_13' title="bbox 537 1344 2029 1420">
     <span class='ocr_line' id='line_1_13' title="bbox 537 1344 2029 1420; baseline 0.012 -21"><span class='ocrx_word' id='word_1_73' title='bbox 537 1344 641 1400; x_wconf 89' lang='lat' dir='ltr'><strong>Sed</strong></span> <span class='ocrx_word' id='word_1_74' title='bbox 672 1345 774 1402; x_wconf 89' lang='lat' dir='ltr'><strong>hac</strong></span> <span class='ocrx_word' id='word_1_75' title='bbox 808 1349 1118 1420; x_wconf 89' lang='lat' dir='ltr'><strong>conjectura</strong></span> <span class='ocrx_word' id='word_1_76' title='bbox 1143 1355 1277 1410; x_wconf 92' lang='lat' dir='ltr'><strong>nihil</strong></span> <span class='ocrx_word' id='word_1_77' title='bbox 1315 1357 1382 1412; x_wconf 91' lang='lat' dir='ltr'><strong>ab</strong></span> <span class='ocrx_word' id='word_1_78' title='bbox 1407 1357 1593 1414; x_wconf 81' lang='lat' dir='ltr'><strong>lrenaei</strong></span> <span class='ocrx_word' id='word_1_79' title='bbox 1621 1369 1798 1416; x_wconf 85' lang='lat' dir='ltr'><strong>mente</strong></span> <span class='ocrx_word' id='word_1_80' title='bbox 1822 1369 1875 1417; x_wconf 89' lang='lat' dir='ltr'><strong>et</strong></span> <span class='ocrx_word' id='word_1_81' title='bbox 1906 1377 2029 1416; x_wconf 87' lang='lat' dir='ltr'><strong>sen-</strong></span> 
     </span>
    </p>
   </div>
   <div class='ocr_carea' id='block_1_14' title="bbox 465 1437 2030 1520">
    <p class='ocr_par' dir='ltr' id='par_1_14' title="bbox 465 1437 2030 1520">
     <span class='ocr_line' id='line_1_14' title="bbox 465 1437 2030 1520; baseline 0.012 -30"><span class='ocrx_word' id='word_1_82' title='bbox 465 1437 630 1492; x_wconf 87' lang='lat' dir='ltr'><strong>tentia</strong></span> <span class='ocrx_word' id='word_1_83' title='bbox 657 1438 787 1511; x_wconf 85' lang='lat' dir='ltr'><strong>ﬁngi</strong></span> <span class='ocrx_word' id='word_1_84' title='bbox 828 1450 1006 1510; x_wconf 88' lang='lat' dir='ltr'><strong>potest</strong></span> <span class='ocrx_word' id='word_1_85' title='bbox 1035 1444 1286 1502; x_wconf 87' lang='lat' dir='ltr'><strong>alienius.</strong></span> <span class='ocrx_word' id='word_1_86' title='bbox 1331 1447 1564 1504; x_wconf 85' lang='lat' dir='ltr'><strong>Tantum</strong></span> <span class='ocrx_word' id='word_1_87' title='bbox 1592 1452 1736 1506; x_wconf 90' lang='lat' dir='ltr'><strong>enim</strong></span> <span class='ocrx_word' id='word_1_88' title='bbox 1769 1453 1941 1520; x_wconf 90' lang='lat' dir='ltr'><strong>abest,</strong></span> <span class='ocrx_word' id='word_1_89' title='bbox 1969 1461 2030 1508; x_wconf 92' lang='lat' dir='ltr'><strong>ut</strong></span> 
     </span>
    </p>
   </div>
   <div class='ocr_carea' id='block_1_15' title="bbox 466 1526 2027 1614">
    <p class='ocr_par' dir='ltr' id='par_1_15' title="bbox 466 1526 2027 1614">
     <span class='ocr_line' id='line_1_15' title="bbox 466 1526 2027 1614; baseline 0.013 -34"><span class='ocrx_word' id='word_1_90' title='bbox 466 1526 582 1582; x_wconf 68' lang='lat' dir='ltr'><strong>haec</strong></span> <span class='ocrx_word' id='word_1_91' title='bbox 610 1527 793 1585; x_wconf 75' lang='lat' dir='ltr'><strong>Irenaei</strong></span> <span class='ocrx_word' id='word_1_92' title='bbox 824 1535 1040 1604; x_wconf 89' lang='lat' dir='ltr'><strong>propria</strong></span> <span class='ocrx_word' id='word_1_93' title='bbox 1087 1553 1194 1591; x_wconf 93' lang='lat' dir='ltr'><strong>non</strong></span> <span class='ocrx_word' id='word_1_94' title='bbox 1226 1540 1357 1603; x_wconf 91' lang='lat' dir='ltr'><strong>sint,</strong></span> <span class='ocrx_word' id='word_1_95' title='bbox 1401 1551 1457 1596; x_wconf 89' lang='lat' dir='ltr'><strong>ut</strong></span> <span class='ocrx_word' id='word_1_96' title='bbox 1498 1543 1652 1598; x_wconf 89' lang='lat' dir='ltr'><strong>aliter</strong></span> <span class='ocrx_word' id='word_1_97' title='bbox 1678 1560 1839 1614; x_wconf 90' lang='lat' dir='ltr'><strong>quam</strong></span> <span class='ocrx_word' id='word_1_98' title='bbox 1875 1546 1920 1601; x_wconf 92' lang='lat' dir='ltr'><strong>si</strong></span> <span class='ocrx_word' id='word_1_99' title='bbox 1953 1546 2027 1600; x_wconf 88' lang='lat' dir='ltr'><strong>ita</strong></span> 
     </span>
    </p>
   </div>
   <div class='ocr_carea' id='block_1_16' title="bbox 465 1619 2027 1706">
    <p class='ocr_par' dir='ltr' id='par_1_16' title="bbox 465 1619 2027 1706">
     <span class='ocr_line' id='line_1_16' title="bbox 465 1619 2027 1706; baseline 0.013 -34"><span class='ocrx_word' id='word_1_100' title='bbox 465 1619 712 1685; x_wconf 87' lang='lat' dir='ltr'><strong>sentiret,</strong></span> <span class='ocrx_word' id='word_1_101' title='bbox 756 1638 820 1678; x_wconf 92' lang='lat' dir='ltr'><strong>ac</strong></span> <span class='ocrx_word' id='word_1_102' title='bbox 871 1626 1150 1691; x_wconf 83' lang='lat' dir='ltr'><strong>scriberet,</strong></span> <span class='ocrx_word' id='word_1_103' title='bbox 1197 1630 1342 1686; x_wconf 91' lang='lat' dir='ltr'><strong>illius</strong></span> <span class='ocrx_word' id='word_1_104' title='bbox 1394 1635 1686 1701; x_wconf 84' lang='lat' dir='ltr'><strong>procedere</strong></span> <span class='ocrx_word' id='word_1_105' title='bbox 1731 1636 2027 1706; x_wconf 89' lang='lat' dir='ltr'><strong>disputatio</strong></span> 
     </span>
    </p>
   </div>
   <div class='ocr_carea' id='block_1_17' title="bbox 465 1709 2030 1788">
    <p class='ocr_par' dir='ltr' id='par_1_17' title="bbox 465 1709 2030 1788">
     <span class='ocr_line' id='line_1_17' title="bbox 465 1709 2030 1788; baseline 0.013 -28"><span class='ocrx_word' id='word_1_106' title='bbox 465 1709 614 1764; x_wconf 93' lang='lat' dir='ltr'><strong>nullo</strong></span> <span class='ocrx_word' id='word_1_107' title='bbox 635 1711 795 1766; x_wconf 87' lang='lat' dir='ltr'><strong>modo</strong></span> <span class='ocrx_word' id='word_1_108' title='bbox 821 1715 1074 1782; x_wconf 89' lang='lat' dir='ltr'><strong>potuerit.</strong></span> <span class='ocrx_word' id='word_1_109' title='bbox 1103 1716 1226 1788; x_wconf 82' lang='lat' dir='ltr'><strong>Agit</strong></span> <span class='ocrx_word' id='word_1_110' title='bbox 1253 1720 1305 1772; x_wconf 93' lang='lat' dir='ltr'><strong>in</strong></span> <span class='ocrx_word' id='word_1_111' title='bbox 1342 1721 1433 1776; x_wconf 92' lang='lat' dir='ltr'><strong>illo</strong></span> <span class='ocrx_word' id='word_1_112' title='bbox 1463 1723 1581 1778; x_wconf 87' lang='lat' dir='ltr'><strong>loco</strong></span> <span class='ocrx_word' id='word_1_113' title='bbox 1601 1735 1786 1780; x_wconf 90' lang='lat' dir='ltr'><strong>contra</strong></span> <span class='ocrx_word' id='word_1_114' title='bbox 1813 1725 2030 1781; x_wconf 81' lang='lat' dir='ltr'><strong>Gnosii-</strong></span> 
     </span>
    </p>
   </div>
   <div class='ocr_carea' id='block_1_18' title="bbox 463 1801 2025 1886">
    <p class='ocr_par' dir='ltr' id='par_1_18' title="bbox 463 1801 2025 1886">
     <span class='ocr_line' id='line_1_18' title="bbox 463 1801 2025 1886; baseline 0.011 -33"><span class='ocrx_word' id='word_1_115' title='bbox 463 1815 560 1853; x_wconf 90' lang='lat' dir='ltr'><strong>cos</strong></span> <span class='ocrx_word' id='word_1_116' title='bbox 587 1801 859 1858; x_wconf 88' lang='lat' dir='ltr'><strong>tricenarii</strong></span> <span class='ocrx_word' id='word_1_117' title='bbox 903 1808 1136 1872; x_wconf 90' lang='lat' dir='ltr'><strong>numeri,</strong></span> <span class='ocrx_word' id='word_1_118' title='bbox 1179 1824 1242 1864; x_wconf 87' lang='lat' dir='ltr'><strong>ac</strong></span> <span class='ocrx_word' id='word_1_119' title='bbox 1273 1809 1595 1868; x_wconf 88' lang='lat' dir='ltr'><strong>Pleromatis</strong></span> <span class='ocrx_word' id='word_1_120' title='bbox 1635 1825 1910 1884; x_wconf 83' lang='lat' dir='ltr'><strong>patronos,</strong></span> <span class='ocrx_word' id='word_1_121' title='bbox 1933 1819 2025 1886; x_wconf 87' lang='lat' dir='ltr'><strong>qui</strong></span> 
     </span>
    </p>
   </div>
   <div class='ocr_carea' id='block_1_19' title="bbox 2127 634 3690 704">
    <p class='ocr_par' dir='ltr' id='par_1_19' title="bbox 2127 634 3690 704">
     <span class='ocr_line' id='line_1_19' title="bbox 2127 634 3690 704; baseline 0 -15"><span class='ocrx_word' id='word_1_122' title='bbox 2127 643 2268 689; x_wconf 92' lang='lat' dir='ltr'><strong>stum</strong></span> <span class='ocrx_word' id='word_1_123' title='bbox 2295 635 2468 689; x_wconf 67' lang='lat' dir='ltr'><strong>relatis</strong></span> <span class='ocrx_word' id='word_1_124' title='bbox 2490 649 2690 688; x_wconf 91' lang='lat' dir='ltr'><strong>annum</strong></span> <span class='ocrx_word' id='word_1_125' title='bbox 2717 641 2967 704; x_wconf 90' lang='lat' dir='ltr'><strong>quartum</strong></span> <span class='ocrx_word' id='word_1_126' title='bbox 2996 643 3051 687; x_wconf 90' lang='lat' dir='ltr'><strong>et</strong></span> <span class='ocrx_word' id='word_1_127' title='bbox 3073 634 3403 688; x_wconf 88' lang='lat' dir='ltr'><strong>tricesimum</strong></span> <span class='ocrx_word' id='word_1_128' title='bbox 3422 634 3690 704; x_wconf 79' lang='lat' dir='ltr'><strong>attigisse.</strong></span> 
     </span>
    </p>
   </div>
   <div class='ocr_carea' id='block_1_20' title="bbox 2127 721 3688 792">
    <p class='ocr_par' dir='ltr' id='par_1_20' title="bbox 2127 721 3688 792">
     <span class='ocr_line' id='line_1_20' title="bbox 2127 721 3688 792; baseline 0 -16"><span class='ocrx_word' id='word_1_129' title='bbox 2127 722 2273 777; x_wconf 85' lang='lat' dir='ltr'><strong>Cedo</strong></span> <span class='ocrx_word' id='word_1_130' title='bbox 2300 721 2381 777; x_wconf 88' lang='lat' dir='ltr'><strong>vel</strong></span> <span class='ocrx_word' id='word_1_131' title='bbox 2410 738 2577 777; x_wconf 91' lang='lat' dir='ltr'><strong>unum</strong></span> <span class='ocrx_word' id='word_1_132' title='bbox 2606 737 2670 776; x_wconf 87' lang='lat' dir='ltr'><strong>ex</strong></span> <span class='ocrx_word' id='word_1_133' title='bbox 2700 722 2846 776; x_wconf 90' lang='lat' dir='ltr'><strong>omni</strong></span> <span class='ocrx_word' id='word_1_134' title='bbox 2892 721 3228 792; x_wconf 87' lang='lat' dir='ltr'><strong>antiquitatis</strong></span> <span class='ocrx_word' id='word_1_135' title='bbox 3269 724 3549 788; x_wconf 87' lang='lat' dir='ltr'><strong>memoria,</strong></span> <span class='ocrx_word' id='word_1_136' title='bbox 3593 722 3688 792; x_wconf 89' lang='lat' dir='ltr'><strong>qui</strong></span> 
     </span>
    </p>
   </div>
   <div class='ocr_carea' id='block_1_21' title="bbox 2131 807 3688 879">
    <p class='ocr_par' dir='ltr' id='par_1_21' title="bbox 2131 807 3688 879">
     <span class='ocr_line' id='line_1_21' title="bbox 2131 807 3688 879; baseline -0.004 -13"><span class='ocrx_word' id='word_1_137' title='bbox 2131 824 2224 866; x_wconf 88' lang='lat' dir='ltr'><strong>aut</strong></span> <span class='ocrx_word' id='word_1_138' title='bbox 2251 813 2323 866; x_wconf 88' lang='lat' dir='ltr'><strong>ita</strong></span> <span class='ocrx_word' id='word_1_139' title='bbox 2353 811 2604 877; x_wconf 88' lang='lat' dir='ltr'><strong>senserit,</strong></span> <span class='ocrx_word' id='word_1_140' title='bbox 2639 817 2752 874; x_wconf 87' lang='lat' dir='ltr'><strong>aut,</strong></span> <span class='ocrx_word' id='word_1_141' title='bbox 2796 809 2843 863; x_wconf 89' lang='lat' dir='ltr'><strong>si</strong></span> <span class='ocrx_word' id='word_1_142' title='bbox 2871 809 2924 864; x_wconf 91' lang='lat' dir='ltr'><strong>id</strong></span> <span class='ocrx_word' id='word_1_143' title='bbox 2948 809 3112 864; x_wconf 90' lang='lat' dir='ltr'><strong>verbo</strong></span> <span class='ocrx_word' id='word_1_144' title='bbox 3139 818 3296 864; x_wconf 90' lang='lat' dir='ltr'><strong>tenus</strong></span> <span class='ocrx_word' id='word_1_145' title='bbox 3331 809 3580 879; x_wconf 71' lang='lat' dir='ltr'><strong>injecisse</strong></span> <span class='ocrx_word' id='word_1_146' title='bbox 3606 807 3688 860; x_wconf 89' lang='lat' dir='ltr'><strong>vi-</strong></span> 
     </span>
    </p>
   </div>
   <div class='ocr_carea' id='block_1_22' title="bbox 2129 901 3688 970">
    <p class='ocr_par' dir='ltr' id='par_1_22' title="bbox 2129 901 3688 970">
     <span class='ocr_line' id='line_1_22' title="bbox 2129 901 3688 970; baseline -0.004 -12"><span class='ocrx_word' id='word_1_147' title='bbox 2129 920 2224 960; x_wconf 91' lang='lat' dir='ltr'><strong>sus</strong></span> <span class='ocrx_word' id='word_1_148' title='bbox 2253 913 2357 968; x_wconf 89' lang='lat' dir='ltr'><strong>est,</strong></span> <span class='ocrx_word' id='word_1_149' title='bbox 2391 919 2498 957; x_wconf 91' lang='lat' dir='ltr'><strong>non</strong></span> <span class='ocrx_word' id='word_1_150' title='bbox 2545 917 2668 958; x_wconf 89' lang='lat' dir='ltr'><strong>eum</strong></span> <span class='ocrx_word' id='word_1_151' title='bbox 2699 916 2922 964; x_wconf 90' lang='lat' dir='ltr'><strong>annum,</strong></span> <span class='ocrx_word' id='word_1_152' title='bbox 2961 915 3067 970; x_wconf 93' lang='lat' dir='ltr'><strong>quo</strong></span> <span class='ocrx_word' id='word_1_153' title='bbox 3106 901 3159 954; x_wconf 91' lang='lat' dir='ltr'><strong>in</strong></span> <span class='ocrx_word' id='word_1_154' title='bbox 3193 901 3382 954; x_wconf 91' lang='lat' dir='ltr'><strong>matris</strong></span> <span class='ocrx_word' id='word_1_155' title='bbox 3413 909 3569 953; x_wconf 91' lang='lat' dir='ltr'><strong>utero</strong></span> <span class='ocrx_word' id='word_1_156' title='bbox 3595 912 3688 968; x_wconf 90' lang='lat' dir='ltr'><strong>ge-</strong></span> 
     </span>
    </p>
   </div>
   <div class='ocr_carea' id='block_1_23' title="bbox 2127 989 3684 1060">
    <p class='ocr_par' dir='ltr' id='par_1_23' title="bbox 2127 989 3684 1060">
     <span class='ocr_line' id='line_1_23' title="bbox 2127 989 3684 1060; baseline -0.004 -10"><span class='ocrx_word' id='word_1_157' title='bbox 2127 1003 2300 1050; x_wconf 87' lang='lat' dir='ltr'><strong>status</strong></span> <span class='ocrx_word' id='word_1_158' title='bbox 2352 1002 2453 1060; x_wconf 90' lang='lat' dir='ltr'><strong>est,</strong></span> <span class='ocrx_word' id='word_1_159' title='bbox 2501 993 2648 1048; x_wconf 86' lang='lat' dir='ltr'><strong>inter</strong></span> <span class='ocrx_word' id='word_1_160' title='bbox 2689 1006 2858 1048; x_wconf 92' lang='lat' dir='ltr'><strong>annos</strong></span> <span class='ocrx_word' id='word_1_161' title='bbox 2909 992 3031 1047; x_wconf 93' lang='lat' dir='ltr'><strong>illos</strong></span> <span class='ocrx_word' id='word_1_162' title='bbox 3080 991 3394 1047; x_wconf 87' lang='lat' dir='ltr'><strong>numerarit.</strong></span> <span class='ocrx_word' id='word_1_163' title='bbox 3453 989 3684 1044; x_wconf 91' lang='lat' dir='ltr'><strong>Tantum</strong></span> 
     </span>
    </p>
   </div>
   <div class='ocr_carea' id='block_1_24' title="bbox 2128 1072 3686 1156">
    <p class='ocr_par' dir='ltr' id='par_1_24' title="bbox 2128 1072 3686 1156">
     <span class='ocr_line' id='line_1_24' title="bbox 2128 1072 3686 1156; baseline -0.001 -16"><span class='ocrx_word' id='word_1_164' title='bbox 2128 1086 2292 1156; x_wconf 88' lang='lat' dir='ltr'><strong>igitur</strong></span> <span class='ocrx_word' id='word_1_165' title='bbox 2321 1085 2494 1150; x_wconf 84' lang='lat' dir='ltr'><strong>abest,</strong></span> <span class='ocrx_word' id='word_1_166' title='bbox 2528 1094 2586 1139; x_wconf 93' lang='lat' dir='ltr'><strong>ut</strong></span> <span class='ocrx_word' id='word_1_167' title='bbox 2618 1085 2733 1140; x_wconf 82' lang='lat' dir='ltr'><strong>haec</strong></span> <span class='ocrx_word' id='word_1_168' title='bbox 2774 1085 3080 1140; x_wconf 89' lang='lat' dir='ltr'><strong>communis</strong></span> <span class='ocrx_word' id='word_1_169' title='bbox 3123 1072 3298 1139; x_wconf 73' lang='lat' dir='ltr'><strong>sit&#39;de</strong></span> <span class='ocrx_word' id='word_1_170' title='bbox 3325 1098 3486 1138; x_wconf 85' lang='lat' dir='ltr'><strong>xxxiv</strong></span> <span class='ocrx_word' id='word_1_171' title='bbox 3511 1081 3686 1138; x_wconf 67' lang='lat' dir='ltr'><strong>aetatis</strong></span> 
     </span>
    </p>
   </div>
   <div class='ocr_carea' id='block_1_25' title="bbox 2126 1176 3682 1246">
    <p class='ocr_par' dir='ltr' id='par_1_25' title="bbox 2126 1176 3682 1246">
     <span class='ocr_line' id='line_1_25' title="bbox 2126 1176 3682 1246; baseline -0.001 -13"><span class='ocrx_word' id='word_1_172' title='bbox 2126 1193 2268 1233; x_wconf 89' lang='lat' dir='ltr'><strong>anno</strong></span> <span class='ocrx_word' id='word_1_173' title='bbox 2307 1176 2513 1246; x_wconf 91' lang='lat' dir='ltr'><strong>opinio,</strong></span> <span class='ocrx_word' id='word_1_174' title='bbox 2559 1185 2620 1231; x_wconf 91' lang='lat' dir='ltr'><strong>ut</strong></span> <span class='ocrx_word' id='word_1_175' title='bbox 2663 1176 2964 1246; x_wconf 89' lang='lat' dir='ltr'><strong>antiquitati</strong></span> <span class='ocrx_word' id='word_1_176' title='bbox 2996 1177 3144 1231; x_wconf 92' lang='lat' dir='ltr'><strong>omni</strong></span> <span class='ocrx_word' id='word_1_177' title='bbox 3177 1191 3400 1246; x_wconf 89' lang='lat' dir='ltr'><strong>prorsus</strong></span> <span class='ocrx_word' id='word_1_178' title='bbox 3445 1176 3682 1232; x_wconf 86' lang='lat' dir='ltr'><strong>inaudita</strong></span> 
     </span>
    </p>
   </div>
   <div class='ocr_carea' id='block_1_26' title="bbox 2125 1265 3687 1336">
    <p class='ocr_par' dir='ltr' id='par_1_26' title="bbox 2125 1265 3687 1336">
     <span class='ocr_line' id='line_1_26' title="bbox 2125 1265 3687 1336; baseline 0.001 -16"><span class='ocrx_word' id='word_1_179' title='bbox 2125 1267 2315 1331; x_wconf 89' lang='lat' dir='ltr'><strong>fuerit,</strong></span> <span class='ocrx_word' id='word_1_180' title='bbox 2339 1267 2537 1336; x_wconf 85' lang='lat' dir='ltr'><strong>vixque</strong></span> <span class='ocrx_word' id='word_1_181' title='bbox 2563 1265 2751 1336; x_wconf 87' lang='lat' dir='ltr'><strong>paucis</strong></span> <span class='ocrx_word' id='word_1_182' title='bbox 2777 1267 2974 1321; x_wconf 88' lang='lat' dir='ltr'><strong>abhinc</strong></span> <span class='ocrx_word' id='word_1_183' title='bbox 3006 1266 3238 1332; x_wconf 66' lang='lat' dir='ltr'><strong>saeculis,</strong></span> <span class='ocrx_word' id='word_1_184' title='bbox 3285 1280 3351 1320; x_wconf 91' lang='lat' dir='ltr'><strong>eo</strong></span> <span class='ocrx_word' id='word_1_185' title='bbox 3395 1266 3516 1336; x_wconf 93' lang='lat' dir='ltr'><strong>ipso</strong></span> <span class='ocrx_word' id='word_1_186' title='bbox 3559 1265 3687 1336; x_wconf 88' lang='lat' dir='ltr'><strong>qui-</strong></span> 
     </span>
    </p>
   </div>
   <div class='ocr_carea' id='block_1_27' title="bbox 2126 1357 3684 1429">
    <p class='ocr_par' dir='ltr' id='par_1_27' title="bbox 2126 1357 3684 1429">
     <span class='ocr_line' id='line_1_27' title="bbox 2126 1357 3684 1429; baseline -0.001 -14"><span class='ocrx_word' id='word_1_187' title='bbox 2126 1359 2271 1422; x_wconf 88' lang='lat' dir='ltr'><strong>dem,</strong></span> <span class='ocrx_word' id='word_1_188' title='bbox 2311 1375 2420 1429; x_wconf 93' lang='lat' dir='ltr'><strong>quo</strong></span> <span class='ocrx_word' id='word_1_189' title='bbox 2449 1359 2608 1428; x_wconf 85' lang='lat' dir='ltr'><strong>vulgo</strong></span> <span class='ocrx_word' id='word_1_190' title='bbox 2637 1359 2886 1426; x_wconf 89' lang='lat' dir='ltr'><strong>traditur,</strong></span> <span class='ocrx_word' id='word_1_191' title='bbox 2921 1373 3105 1424; x_wconf 90' lang='lat' dir='ltr'><strong>sensu,</strong></span> <span class='ocrx_word' id='word_1_192' title='bbox 3137 1365 3192 1412; x_wconf 91' lang='lat' dir='ltr'><strong>et</strong></span> <span class='ocrx_word' id='word_1_193' title='bbox 3222 1357 3684 1428; x_wconf 88' lang='lat' dir='ltr'><strong>interpretatione,</strong></span> 
     </span>
    </p>
   </div>
   <div class='ocr_carea' id='block_1_28' title="bbox 2127 1449 2646 1519">
    <p class='ocr_par' dir='ltr' id='par_1_28' title="bbox 2127 1449 2646 1519">
     <span class='ocr_line' id='line_1_28' title="bbox 2127 1449 2646 1519; baseline -0.008 -15"><span class='ocrx_word' id='word_1_194' title='bbox 2127 1449 2371 1504; x_wconf 88' lang='lat' dir='ltr'><strong>obtinere</strong></span> <span class='ocrx_word' id='word_1_195' title='bbox 2403 1449 2646 1519; x_wconf 69' lang='lat' dir='ltr'><strong>coeperit.</strong></span> 
     </span>
    </p>
   </div>
   <div class='ocr_carea' id='block_1_29' title="bbox 2131 1560 3685 1631">
    <p class='ocr_par' dir='ltr' id='par_1_29' title="bbox 2131 1560 3685 1631">
     <span class='ocr_line' id='line_1_29' title="bbox 2131 1560 3685 1631; baseline -0.001 -15"><span class='ocrx_word' id='word_1_196' title='bbox 2131 1561 2462 1631; x_wconf 75' lang='lat' dir='ltr'><strong>Expenditur</strong></span> <span class='ocrx_word' id='word_1_197' title='bbox 2493 1560 2924 1630; x_wconf 84' lang='lat' dir='ltr'><strong>chronologorum</strong></span> <span class='ocrx_word' id='word_1_198' title='bbox 2971 1561 3312 1630; x_wconf 86' lang='lat' dir='ltr'><strong>quorumdam</strong></span> <span class='ocrx_word' id='word_1_199' title='bbox 3343 1561 3539 1629; x_wconf 80' lang='lat' dir='ltr'><strong>opinio,</strong></span> <span class='ocrx_word' id='word_1_200' title='bbox 3596 1561 3685 1630; x_wconf 72' lang='lat' dir='ltr'><strong>qui</strong></span> 
     </span>
    </p>
   </div>
   <div class='ocr_carea' id='block_1_30' title="bbox 2167 1631 3652 1701">
    <p class='ocr_par' dir='ltr' id='par_1_30' title="bbox 2167 1631 3652 1701">
     <span class='ocr_line' id='line_1_30' title="bbox 2167 1631 3652 1701; baseline -0.001 -14"><span class='ocrx_word' id='word_1_201' title='bbox 2167 1649 2280 1687; x_wconf 85' lang='grc' dir='ltr'>χχιι</span> <span class='ocrx_word' id='word_1_202' title='bbox 2315 1648 2480 1685; x_wconf 81' lang='lat' dir='ltr'><strong>annos</strong></span> <span class='ocrx_word' id='word_1_203' title='bbox 2509 1647 2631 1687; x_wconf 69' lang='lat' dir='ltr'><strong>nam</strong></span> <span class='ocrx_word' id='word_1_204' title='bbox 2661 1631 3001 1701; x_wconf 72' lang='lat' dir='ltr'><strong>Dionysianaz</strong></span> <span class='ocrx_word' id='word_1_205' title='bbox 3024 1631 3196 1684; x_wconf 78' lang='lat' dir='ltr'><strong>deesse</strong></span> <span class='ocrx_word' id='word_1_206' title='bbox 3230 1631 3480 1699; x_wconf 77' lang='lat' dir='ltr'><strong>suspicati</strong></span> <span class='ocrx_word' id='word_1_207' title='bbox 3509 1641 3652 1686; x_wconf 84' lang='lat' dir='ltr'><strong>sunt.</strong></span> 
     </span>
    </p>
   </div>
   <div class='ocr_carea' id='block_1_31' title="bbox 2202 1721 3687 1790">
    <p class='ocr_par' dir='ltr' id='par_1_31' title="bbox 2202 1721 3687 1790">
     <span class='ocr_line' id='line_1_31' title="bbox 2202 1721 3687 1790; baseline 0.001 -12"><span class='ocrx_word' id='word_1_208' title='bbox 2202 1722 2671 1790; x_wconf 85' lang='lat' dir='ltr'><strong>Quemadmodum</strong></span> <span class='ocrx_word' id='word_1_209' title='bbox 2700 1723 2754 1776; x_wconf 92' lang='lat' dir='ltr'><strong>in</strong></span> <span class='ocrx_word' id='word_1_210' title='bbox 2789 1737 2932 1776; x_wconf 87' lang='lat' dir='ltr'><strong>anno</strong></span> <span class='ocrx_word' id='word_1_211' title='bbox 2959 1721 3267 1788; x_wconf 86' lang='lat' dir='ltr'><strong>Passionis,</strong></span> <span class='ocrx_word' id='word_1_212' title='bbox 3311 1722 3391 1777; x_wconf 84' lang='lat' dir='ltr'><strong>sic</strong></span> <span class='ocrx_word' id='word_1_213' title='bbox 3420 1723 3472 1776; x_wconf 91' lang='lat' dir='ltr'><strong>in</strong></span> <span class='ocrx_word' id='word_1_214' title='bbox 3503 1723 3590 1778; x_wconf 89' lang='lat' dir='ltr'><strong>die</strong></span> <span class='ocrx_word' id='word_1_215' title='bbox 3621 1739 3687 1780; x_wconf 89' lang='lat' dir='ltr'><strong>ac</strong></span> 
     </span>
    </p>
   </div>
   <div class='ocr_carea' id='block_1_32' title="bbox 2131 1813 3688 1883">
    <p class='ocr_par' dir='ltr' id='par_1_32' title="bbox 2131 1813 3688 1883">
     <span class='ocr_line' id='line_1_32' title="bbox 2131 1813 3688 1883; baseline 0.001 -16"><span class='ocrx_word' id='word_1_216' title='bbox 2131 1827 2318 1868; x_wconf 86' lang='lat' dir='ltr'><strong>mense</strong></span> <span class='ocrx_word' id='word_1_217' title='bbox 2348 1813 2594 1883; x_wconf 81' lang='lat' dir='ltr'><strong>quaedam</strong></span> <span class='ocrx_word' id='word_1_218' title='bbox 2632 1813 2779 1867; x_wconf 90' lang='lat' dir='ltr'><strong>velut</strong></span> <span class='ocrx_word' id='word_1_219' title='bbox 2823 1821 2968 1867; x_wconf 89' lang='lat' dir='ltr'><strong>certa</strong></span> <span class='ocrx_word' id='word_1_220' title='bbox 3013 1813 3288 1866; x_wconf 90' lang='lat' dir='ltr'><strong>communi</strong></span> <span class='ocrx_word' id='word_1_221' title='bbox 3331 1813 3433 1868; x_wconf 79' lang='lat' dir='ltr'><strong>fide</strong></span> <span class='ocrx_word' id='word_1_222' title='bbox 3481 1815 3688 1869; x_wconf 84' lang='lat' dir='ltr'><strong>consti-</strong></span> 
     </span>
    </p>
   </div>
   <div class='ocr_carea' id='block_1_33' title="bbox 465 1888 3684 1974">
    <p class='ocr_par' dir='ltr' id='par_1_33' title="bbox 465 1888 3684 1974">
     <span class='ocr_line' id='line_1_33' title="bbox 465 1888 3684 1974; baseline 0.005 -30"><span class='ocrx_word' id='word_1_223' title='bbox 465 1890 536 1944; x_wconf 81' lang='lat'><strong>30</strong></span> <span class='ocrx_word' id='word_1_224' title='bbox 563 1908 708 1947; x_wconf 90' lang='lat' dir='ltr'><strong>anno</strong></span> <span class='ocrx_word' id='word_1_225' title='bbox 744 1894 967 1951; x_wconf 91' lang='lat' dir='ltr'><strong>ineunte</strong></span> <span class='ocrx_word' id='word_1_226' title='bbox 997 1898 1327 1969; x_wconf 87' lang='lat' dir='ltr'><strong>baptizatum</strong></span> <span class='ocrx_word' id='word_1_227' title='bbox 1366 1903 1662 1972; x_wconf 87' lang='lat' dir='ltr'><strong>Christum,</strong></span> <span class='ocrx_word' id='word_1_228' title='bbox 1689 1908 1876 1962; x_wconf 91' lang='lat' dir='ltr'><strong>eodem</strong></span> <span class='ocrx_word' id='word_1_229' title='bbox 1902 1924 2028 1964; x_wconf 89' lang='lat' dir='ltr'><strong>vero</strong></span> <span class='ocrx_word' id='word_1_230' title='bbox 2059 1888 2102 1942; x_wconf 81' lang='grc' dir='ltr'>Β</span> <span class='ocrx_word' id='word_1_231' title='bbox 2133 1913 2246 1959; x_wconf 89' lang='lat' dir='ltr'><strong>tuta</strong></span> <span class='ocrx_word' id='word_1_232' title='bbox 2275 1912 2420 1964; x_wconf 87' lang='lat' dir='ltr'><strong>sunt,</strong></span> <span class='ocrx_word' id='word_1_233' title='bbox 2446 1905 2539 1959; x_wconf 90' lang='lat' dir='ltr'><strong>sed</strong></span> <span class='ocrx_word' id='word_1_234' title='bbox 2572 1903 2704 1958; x_wconf 89' lang='lat' dir='ltr'><strong>illud</strong></span> <span class='ocrx_word' id='word_1_235' title='bbox 2734 1903 2786 1957; x_wconf 91' lang='lat' dir='ltr'><strong>in</strong></span> <span class='ocrx_word' id='word_1_236' title='bbox 2819 1903 3009 1974; x_wconf 90' lang='lat' dir='ltr'><strong>primis</strong></span> <span class='ocrx_word' id='word_1_237' title='bbox 3034 1921 3047 1958; x_wconf 87' lang='lat'><strong>:</strong></span> <span class='ocrx_word' id='word_1_238' title='bbox 3072 1903 3347 1958; x_wconf 87' lang='lat' dir='ltr'><strong>Christum</strong></span> <span class='ocrx_word' id='word_1_239' title='bbox 3372 1905 3496 1959; x_wconf 89' lang='lat' dir='ltr'><strong>luna</strong></span> <span class='ocrx_word' id='word_1_240' title='bbox 3530 1921 3600 1960; x_wconf 82' lang='lat' dir='ltr'><strong>xv</strong></span> <span class='ocrx_word' id='word_1_241' title='bbox 3630 1907 3684 1960; x_wconf 90' lang='lat' dir='ltr'><strong>in</strong></span> 
     </span>
    </p>
   </div>
   <div class='ocr_carea' id='block_1_34' title="bbox 463 1997 2020 2065">
    <p class='ocr_par' dir='ltr' id='par_1_34' title="bbox 463 1997 2020 2065">
     <span class='ocr_line' id='line_1_34' title="bbox 463 1997 2020 2065; baseline 0.012 -28"><span class='ocrx_word' id='word_1_242' title='bbox 463 1999 629 2048; x_wconf 86' lang='lat' dir='ltr'><strong>anno,</strong></span> <span class='ocrx_word' id='word_1_243' title='bbox 676 2003 860 2044; x_wconf 88' lang='lat' dir='ltr'><strong>mense</strong></span> <span class='ocrx_word' id='word_1_244' title='bbox 909 2004 983 2044; x_wconf 84' lang='lat' dir='ltr'><strong>xu</strong></span> <span class='ocrx_word' id='word_1_245' title='bbox 1026 2006 1249 2062; x_wconf 89' lang='lat' dir='ltr'><strong>passum</strong></span> <span class='ocrx_word' id='word_1_246' title='bbox 1291 2010 1412 2051; x_wconf 89' lang='lat' dir='ltr'><strong>esse</strong></span> <span class='ocrx_word' id='word_1_247' title='bbox 1443 1997 1707 2053; x_wconf 88' lang='lat' dir='ltr'><strong>dicebant.</strong></span> <span class='ocrx_word' id='word_1_248' title='bbox 1755 1998 1903 2065; x_wconf 85' lang='lat' dir='ltr'><strong>Quos</strong></span> <span class='ocrx_word' id='word_1_249' title='bbox 1952 2015 2020 2055; x_wconf 87' lang='lat' dir='ltr'><strong>ex</strong></span> 
     </span>
    </p>
   </div>
   <div class='ocr_carea' id='block_1_35' title="bbox 461 2071 2027 2159">
    <p class='ocr_par' dir='ltr' id='par_1_35' title="bbox 461 2071 2027 2159">
     <span class='ocr_line' id='line_1_35' title="bbox 461 2071 2027 2159; baseline 0.012 -32"><span class='ocrx_word' id='word_1_250' title='bbox 461 2071 690 2132; x_wconf 81' lang='lat' dir='ltr'><strong>Joannis</strong></span> <span class='ocrx_word' id='word_1_251' title='bbox 741 2078 1031 2151; x_wconf 83' lang='lat' dir='ltr'><strong>Evangelio</strong></span> <span class='ocrx_word' id='word_1_252' title='bbox 1082 2083 1319 2142; x_wconf 81' lang='lat' dir='ltr'><strong>refellit:</strong></span> <span class='ocrx_word' id='word_1_253' title='bbox 1372 2088 1428 2142; x_wconf 92' lang='lat' dir='ltr'><strong>in</strong></span> <span class='ocrx_word' id='word_1_254' title='bbox 1472 2105 1582 2159; x_wconf 93' lang='lat' dir='ltr'><strong>quo</strong></span> <span class='ocrx_word' id='word_1_255' title='bbox 1631 2091 1731 2145; x_wconf 88' lang='lat' dir='ltr'><strong>tria</strong></span> <span class='ocrx_word' id='word_1_256' title='bbox 1776 2091 2027 2147; x_wconf 89' lang='lat' dir='ltr'><strong>distincte</strong></span> 
     </span>
    </p>
   </div>
   <div class='ocr_carea' id='block_1_36' title="bbox 462 2163 2027 2252">
    <p class='ocr_par' dir='ltr' id='par_1_36' title="bbox 462 2163 2027 2252">
     <span class='ocr_line' id='line_1_36' title="bbox 462 2163 2027 2252; baseline 0.013 -34"><span class='ocrx_word' id='word_1_257' title='bbox 462 2163 724 2222; x_wconf 78' lang='lat' dir='ltr'><strong>Paschata</strong></span> <span class='ocrx_word' id='word_1_258' title='bbox 754 2182 1128 2228; x_wconf 90' lang='lat' dir='ltr'><strong>numerantur.</strong></span> <span class='ocrx_word' id='word_1_259' title='bbox 1173 2174 1292 2231; x_wconf 93' lang='lat' dir='ltr'><strong>Non</strong></span> <span class='ocrx_word' id='word_1_260' title='bbox 1323 2178 1487 2248; x_wconf 83' lang='lat' dir='ltr'><strong>igitur</strong></span> <span class='ocrx_word' id='word_1_261' title='bbox 1523 2196 1630 2235; x_wconf 91' lang='lat' dir='ltr'><strong>uno</strong></span> <span class='ocrx_word' id='word_1_262' title='bbox 1654 2196 1800 2237; x_wconf 87' lang='lat' dir='ltr'><strong>anno</strong></span> <span class='ocrx_word' id='word_1_263' title='bbox 1831 2182 2027 2252; x_wconf 68' lang='lat' dir='ltr'><strong>praedi-</strong></span> 
     </span>
    </p>
   </div>
   <div class='ocr_carea' id='block_1_37' title="bbox 460 2261 2025 2336">
    <p class='ocr_par' dir='ltr' id='par_1_37' title="bbox 460 2261 2025 2336">
     <span class='ocr_line' id='line_1_37' title="bbox 460 2261 2025 2336; baseline 0.012 -26"><span class='ocrx_word' id='word_1_264' title='bbox 460 2261 673 2313; x_wconf 88' lang='lat' dir='ltr'><strong>catione</strong></span> <span class='ocrx_word' id='word_1_265' title='bbox 708 2261 922 2318; x_wconf 81' lang='lat' dir='ltr'><strong>functus</strong></span> <span class='ocrx_word' id='word_1_266' title='bbox 955 2273 1056 2320; x_wconf 91' lang='lat' dir='ltr'><strong>est.</strong></span> <span class='ocrx_word' id='word_1_267' title='bbox 1100 2263 1285 2336; x_wconf 89' lang='lat' dir='ltr'><strong>Neque</strong></span> <span class='ocrx_word' id='word_1_268' title='bbox 1316 2285 1444 2324; x_wconf 90' lang='lat' dir='ltr'><strong>vero</strong></span> <span class='ocrx_word' id='word_1_269' title='bbox 1475 2273 1579 2324; x_wconf 85' lang='lat' dir='ltr'><strong>tria</strong></span> <span class='ocrx_word' id='word_1_270' title='bbox 1621 2273 1722 2326; x_wconf 80' lang='lat' dir='ltr'><strong>ista</strong></span> <span class='ocrx_word' id='word_1_271' title='bbox 1762 2272 2025 2329; x_wconf 90' lang='lat' dir='ltr'><strong>Paschata</strong></span> 
     </span>
    </p>
   </div>
   <div class='ocr_carea' id='block_1_38' title="bbox 461 2348 2026 2428">
    <p class='ocr_par' dir='ltr' id='par_1_38' title="bbox 461 2348 2026 2428">
     <span class='ocr_line' id='line_1_38' title="bbox 461 2348 2026 2428; baseline 0.014 -28"><span class='ocrx_word' id='word_1_272' title='bbox 461 2348 540 2402; x_wconf 90' lang='lat' dir='ltr'><strong>sic</strong></span> <span class='ocrx_word' id='word_1_273' title='bbox 569 2351 748 2404; x_wconf 90' lang='lat' dir='ltr'><strong>attulit</strong></span> <span class='ocrx_word' id='word_1_274' title='bbox 774 2350 1028 2419; x_wconf 86' lang='lat' dir='ltr'><strong>lrenaeus,</strong></span> <span class='ocrx_word' id='word_1_275' title='bbox 1062 2365 1121 2410; x_wconf 92' lang='lat' dir='ltr'><strong>ut</strong></span> <span class='ocrx_word' id='word_1_276' title='bbox 1155 2374 1262 2412; x_wconf 91' lang='lat' dir='ltr'><strong>non</strong></span> <span class='ocrx_word' id='word_1_277' title='bbox 1295 2360 1448 2428; x_wconf 91' lang='lat' dir='ltr'><strong>plura</strong></span> <span class='ocrx_word' id='word_1_278' title='bbox 1475 2363 1754 2422; x_wconf 84' lang='lat' dir='ltr'><strong>Christum</strong></span> <span class='ocrx_word' id='word_1_279' title='bbox 1793 2366 2026 2422; x_wconf 89' lang='lat' dir='ltr'><strong>obivisse</strong></span> 
     </span>
    </p>
   </div>
   <div class='ocr_carea' id='block_1_39' title="bbox 460 2442 2028 2526">
    <p class='ocr_par' dir='ltr' id='par_1_39' title="bbox 460 2442 2028 2526">
     <span class='ocr_line' id='line_1_39' title="bbox 460 2442 2028 2526; baseline 0.012 -31"><span class='ocrx_word' id='word_1_280' title='bbox 460 2442 733 2508; x_wconf 90' lang='lat' dir='ltr'><strong>crederet;</strong></span> <span class='ocrx_word' id='word_1_281' title='bbox 789 2447 880 2502; x_wconf 92' lang='lat' dir='ltr'><strong>sed</strong></span> <span class='ocrx_word' id='word_1_282' title='bbox 930 2451 1073 2518; x_wconf 91' lang='lat' dir='ltr'><strong>quod</strong></span> <span class='ocrx_word' id='word_1_283' title='bbox 1107 2452 1252 2520; x_wconf 91' lang='lat' dir='ltr'><strong>apud</strong></span> <span class='ocrx_word' id='word_1_284' title='bbox 1295 2451 1556 2510; x_wconf 84' lang='lat' dir='ltr'><strong>Joannem</strong></span> <span class='ocrx_word' id='word_1_285' title='bbox 1611 2456 1814 2526; x_wconf 87' lang='lat' dir='ltr'><strong>liquida</strong></span> <span class='ocrx_word' id='word_1_286' title='bbox 1853 2459 1941 2512; x_wconf 88' lang='lat' dir='ltr'><strong>illa</strong></span> <span class='ocrx_word' id='word_1_287' title='bbox 1974 2468 2028 2514; x_wconf 90' lang='lat' dir='ltr'><strong>et</strong></span> 
     </span>
    </p>
   </div>
   <div class='ocr_carea' id='block_1_40' title="bbox 464 2538 2026 2620">
    <p class='ocr_par' dir='ltr' id='par_1_40' title="bbox 464 2538 2026 2620">
     <span class='ocr_line' id='line_1_40' title="bbox 464 2538 2026 2620; baseline 0.013 -34"><span class='ocrx_word' id='word_1_288' title='bbox 464 2547 718 2602; x_wconf 82' lang='lat' dir='ltr'><strong>expressa</strong></span> <span class='ocrx_word' id='word_1_289' title='bbox 759 2538 1030 2609; x_wconf 88' lang='lat' dir='ltr'><strong>leguntur,</strong></span> <span class='ocrx_word' id='word_1_290' title='bbox 1060 2560 1128 2599; x_wconf 91' lang='lat' dir='ltr'><strong>ex</strong></span> <span class='ocrx_word' id='word_1_291' title='bbox 1175 2545 1244 2601; x_wconf 93' lang='lat' dir='ltr'><strong>iis</strong></span> <span class='ocrx_word' id='word_1_292' title='bbox 1274 2547 1463 2602; x_wconf 88' lang='lat' dir='ltr'><strong>saltem</strong></span> <span class='ocrx_word' id='word_1_293' title='bbox 1506 2549 1571 2602; x_wconf 91' lang='lat' dir='ltr'><strong>ad</strong></span> <span class='ocrx_word' id='word_1_294' title='bbox 1605 2550 1821 2604; x_wconf 91' lang='lat' dir='ltr'><strong>tertium</strong></span> <span class='ocrx_word' id='word_1_295' title='bbox 1855 2567 2026 2620; x_wconf 89' lang='lat' dir='ltr'><strong>usque</strong></span> 
     </span>
    </p>
   </div>
   <div class='ocr_carea' id='block_1_41' title="bbox 460 2631 2027 2702">
    <p class='ocr_par' dir='ltr' id='par_1_41' title="bbox 460 2631 2027 2702">
     <span class='ocr_line' id='line_1_41' title="bbox 460 2631 2027 2702; baseline 0.013 -26"><span class='ocrx_word' id='word_1_296' title='bbox 460 2637 661 2680; x_wconf 86' lang='lat' dir='ltr'><strong>annum</strong></span> <span class='ocrx_word' id='word_1_297' title='bbox 710 2631 1058 2698; x_wconf 60' lang='lat' dir='ltr'><strong>praedicasse,</strong></span> <span class='ocrx_word' id='word_1_298' title='bbox 1111 2650 1220 2690; x_wconf 88' lang='lat' dir='ltr'><strong>non</strong></span> <span class='ocrx_word' id='word_1_299' title='bbox 1266 2646 1474 2693; x_wconf 88' lang='lat' dir='ltr'><strong>tantum</strong></span> <span class='ocrx_word' id='word_1_300' title='bbox 1527 2655 1656 2702; x_wconf 92' lang='lat' dir='ltr'><strong>uno,</strong></span> <span class='ocrx_word' id='word_1_301' title='bbox 1697 2641 2027 2698; x_wconf 85' lang='lat' dir='ltr'><strong>validissime</strong></span> 
     </span>
    </p>
   </div>
   <div class='ocr_carea' id='block_1_42' title="bbox 385 2715 2025 2804">
    <p class='ocr_par' dir='ltr' id='par_1_42' title="bbox 385 2715 2025 2804">
     <span class='ocr_line' id='line_1_42' title="bbox 385 2715 2025 2804; baseline 0.012 -37"><span class='ocrx_word' id='word_1_302' title='bbox 385 2729 390 2736; x_wconf 91' lang='grc'>·</span> <span class='ocrx_word' id='word_1_303' title='bbox 459 2715 840 2776; x_wconf 87' lang='lat' dir='ltr'><strong>demonstrat:</strong></span> <span class='ocrx_word' id='word_1_304' title='bbox 873 2738 997 2778; x_wconf 93' lang='lat' dir='ltr'><strong>cum</strong></span> <span class='ocrx_word' id='word_1_305' title='bbox 1039 2725 1254 2804; x_wconf 81' lang='lat' dir='ltr'><strong>interim</strong></span> <span class='ocrx_word' id='word_1_306' title='bbox 1311 2741 1492 2784; x_wconf 88' lang='lat' dir='ltr'><strong>tamen</strong></span> <span class='ocrx_word' id='word_1_307' title='bbox 1526 2730 1642 2800; x_wconf 83' lang='lat' dir='ltr'><strong>ipse</strong></span> <span class='ocrx_word' id='word_1_308' title='bbox 1676 2733 1831 2802; x_wconf 90' lang='lat' dir='ltr'><strong>longe</strong></span> <span class='ocrx_word' id='word_1_309' title='bbox 1875 2734 2025 2802; x_wconf 89' lang='lat' dir='ltr'><strong>plura</strong></span> 
     </span>
    </p>
   </div>
   <div class='ocr_carea' id='block_1_43' title="bbox 462 2809 2028 2888">
    <p class='ocr_par' dir='ltr' id='par_1_43' title="bbox 462 2809 2028 2888">
     <span class='ocr_line' id='line_1_43' title="bbox 462 2809 2028 2888; baseline 0.01 -26"><span class='ocrx_word' id='word_1_310' title='bbox 462 2817 585 2873; x_wconf 87' lang='lat' dir='ltr'><strong>post</strong></span> <span class='ocrx_word' id='word_1_311' title='bbox 610 2809 940 2880; x_wconf 89' lang='lat' dir='ltr'><strong>baptismum</strong></span> <span class='ocrx_word' id='word_1_312' title='bbox 968 2817 1293 2886; x_wconf 66' lang='lat' dir='ltr'><strong>prreteriisse</strong></span> <span class='ocrx_word' id='word_1_313' title='bbox 1321 2820 1468 2875; x_wconf 84' lang='lat' dir='ltr'><strong>velit.</strong></span> <span class='ocrx_word' id='word_1_314' title='bbox 1498 2819 1652 2888; x_wconf 85' lang='lat' dir='ltr'><strong>Quod</strong></span> <span class='ocrx_word' id='word_1_315' title='bbox 1702 2823 1835 2877; x_wconf 91' lang='lat' dir='ltr'><strong>adeo</strong></span> <span class='ocrx_word' id='word_1_316' title='bbox 1861 2824 2028 2877; x_wconf 75' lang='lat' dir='ltr'><strong>ratio-</strong></span> 
     </span>
    </p>
   </div>
   <div class='ocr_carea' id='block_1_44' title="bbox 462 2899 2026 2978">
    <p class='ocr_par' dir='ltr' id='par_1_44' title="bbox 462 2899 2026 2978">
     <span class='ocr_line' id='line_1_44' title="bbox 462 2899 2026 2978; baseline 0.012 -28"><span class='ocrx_word' id='word_1_317' title='bbox 462 2912 556 2952; x_wconf 90' lang='lat' dir='ltr'><strong>nes</strong></span> <span class='ocrx_word' id='word_1_318' title='bbox 587 2899 691 2955; x_wconf 70' lang='lat' dir='ltr'><strong>illa:</strong></span> <span class='ocrx_word' id='word_1_319' title='bbox 718 2903 916 2972; x_wconf 79' lang='lat' dir='ltr'><strong>quibus</strong></span> <span class='ocrx_word' id='word_1_320' title='bbox 949 2916 1138 2962; x_wconf 90' lang='lat' dir='ltr'><strong>contra</strong></span> <span class='ocrx_word' id='word_1_321' title='bbox 1187 2907 1479 2966; x_wconf 87' lang='lat' dir='ltr'><strong>Gnosticos</strong></span> <span class='ocrx_word' id='word_1_322' title='bbox 1516 2912 1708 2978; x_wconf 89' lang='lat' dir='ltr'><strong>utitur,</strong></span> <span class='ocrx_word' id='word_1_323' title='bbox 1745 2913 2026 2968; x_wconf 81' lang='lat' dir='ltr'><strong>manifeste</strong></span> 
     </span>
    </p>
   </div>
   <div class='ocr_carea' id='block_1_45' title="bbox 458 2989 2026 3074">
    <p class='ocr_par' dir='ltr' id='par_1_45' title="bbox 458 2989 2026 3074">
     <span class='ocr_line' id='line_1_45' title="bbox 458 2989 2026 3074; baseline 0.011 -33"><span class='ocrx_word' id='word_1_324' title='bbox 458 2989 708 3058; x_wconf 87' lang='lat' dir='ltr'><strong>probant.</strong></span> <span class='ocrx_word' id='word_1_325' title='bbox 737 2993 1012 3050; x_wconf 88' lang='lat' dir='ltr'><strong>Christum</strong></span> <span class='ocrx_word' id='word_1_326' title='bbox 1043 2999 1188 3052; x_wconf 85' lang='lat' dir='ltr'><strong>enim</strong></span> <span class='ocrx_word' id='word_1_327' title='bbox 1221 3014 1284 3054; x_wconf 89' lang='lat' dir='ltr'><strong>ea</strong></span> <span class='ocrx_word' id='word_1_328' title='bbox 1306 3009 1464 3056; x_wconf 73' lang='lat' dir='ltr'><strong>aetate</strong></span> <span class='ocrx_word' id='word_1_329' title='bbox 1485 3002 1750 3066; x_wconf 90' lang='lat' dir='ltr'><strong>docuisse,</strong></span> <span class='ocrx_word' id='word_1_330' title='bbox 1781 3020 1884 3074; x_wconf 89' lang='lat' dir='ltr'><strong>qua</strong></span> <span class='ocrx_word' id='word_1_331' title='bbox 1915 3004 2026 3057; x_wconf 86' lang='lat' dir='ltr'><strong>Ma-</strong></span> 
     </span>
    </p>
   </div>
   <div class='ocr_carea' id='block_1_46' title="bbox 461 3077 2027 3161">
    <p class='ocr_par' dir='ltr' id='par_1_46' title="bbox 461 3077 2027 3161">
     <span class='ocr_line' id='line_1_46' title="bbox 461 3077 2027 3161; baseline 0.011 -30"><span class='ocrx_word' id='word_1_332' title='bbox 461 3077 630 3148; x_wconf 81' lang='lat' dir='ltr'><strong>gister</strong></span> <span class='ocrx_word' id='word_1_333' title='bbox 655 3083 911 3151; x_wconf 86' lang='lat' dir='ltr'><strong>appellari</strong></span> <span class='ocrx_word' id='word_1_334' title='bbox 954 3088 1148 3142; x_wconf 90' lang='lat' dir='ltr'><strong>merito</strong></span> <span class='ocrx_word' id='word_1_335' title='bbox 1175 3097 1377 3158; x_wconf 80' lang='lat' dir='ltr'><strong>posset,</strong></span> <span class='ocrx_word' id='word_1_336' title='bbox 1415 3091 1516 3146; x_wconf 92' lang='lat' dir='ltr'><strong>hoc</strong></span> <span class='ocrx_word' id='word_1_337' title='bbox 1547 3101 1630 3146; x_wconf 93' lang='lat' dir='ltr'><strong>est</strong></span> <span class='ocrx_word' id='word_1_338' title='bbox 1667 3093 1905 3161; x_wconf 86' lang='lat' dir='ltr'><strong>perfecta</strong></span> <span class='ocrx_word' id='word_1_339' title='bbox 1971 3102 2027 3149; x_wconf 93' lang='lat' dir='ltr'><strong>et</strong></span> 
     </span>
    </p>
   </div>
   <div class='ocr_carea' id='block_1_47' title="bbox 465 3170 2094 3274">
    <p class='ocr_par' dir='ltr' id='par_1_47' title="bbox 465 3170 2094 3274">
     <span class='ocr_line' id='line_1_47' title="bbox 465 3170 2094 3274; baseline 0.011 -52"><span class='ocrx_word' id='word_1_340' title='bbox 465 3170 630 3272; x_wconf 73' lang='lat' dir='ltr'><strong>virili,</strong></span> <span class='ocrx_word' id='word_1_341' title='bbox 661 3174 886 3274; x_wconf 78' lang='lat' dir='ltr'><strong>statuit;</strong></span> <span class='ocrx_word' id='word_1_342' title='bbox 923 3193 1086 3247; x_wconf 90' lang='lat' dir='ltr'><strong>quam</strong></span> <span class='ocrx_word' id='word_1_343' title='bbox 1111 3195 1140 3234; x_wconf 93' lang='lat' dir='ltr'><strong>a</strong></span> <span class='ocrx_word' id='word_1_344' title='bbox 1172 3197 1239 3235; x_wconf 85' lang='grc' dir='ltr'>χι.</span> <span class='ocrx_word' id='word_1_345' title='bbox 1274 3181 1340 3236; x_wconf 91' lang='lat' dir='ltr'><strong>ad</strong></span> <span class='ocrx_word' id='word_1_346' title='bbox 1373 3198 1403 3235; x_wconf 90' lang='lat' dir='ltr'><strong>L</strong></span> <span class='ocrx_word' id='word_1_347' title='bbox 1433 3198 1602 3238; x_wconf 88' lang='lat' dir='ltr'><strong>annos</strong></span> <span class='ocrx_word' id='word_1_348' title='bbox 1622 3185 1858 3240; x_wconf 82' lang='lat' dir='ltr'><strong>extendit</strong></span> <span class='ocrx_word' id='word_1_349' title='bbox 1883 3200 2024 3254; x_wconf 90' lang='lat' dir='ltr'><strong>:quo</strong></span> <span class='ocrx_word' id='word_1_350' title='bbox 2049 3218 2094 3274; x_wconf 64' lang='grc' dir='ltr'>α</span> 
     </span>
    </p>
   </div>
   <div class='ocr_carea' id='block_1_48' title="bbox 468 3260 2020 3343">
    <p class='ocr_par' dir='ltr' id='par_1_48' title="bbox 468 3260 2020 3343">
     <span class='ocr_line' id='line_1_48' title="bbox 468 3260 2020 3343; baseline 0.011 -29"><span class='ocrx_word' id='word_1_351' title='bbox 468 3260 752 3318; x_wconf 89' lang='lat' dir='ltr'><strong>intervallo</strong></span> <span class='ocrx_word' id='word_1_352' title='bbox 778 3268 1121 3335; x_wconf 69' lang='lat' dir='ltr'><strong>praedicasse,</strong></span> <span class='ocrx_word' id='word_1_353' title='bbox 1153 3287 1218 3326; x_wconf 92' lang='lat' dir='ltr'><strong>ac</strong></span> <span class='ocrx_word' id='word_1_354' title='bbox 1258 3273 1476 3328; x_wconf 91' lang='lat' dir='ltr'><strong>demum</strong></span> <span class='ocrx_word' id='word_1_355' title='bbox 1510 3290 1731 3343; x_wconf 89' lang='lat' dir='ltr'><strong>passum</strong></span> <span class='ocrx_word' id='word_1_356' title='bbox 1763 3291 1884 3330; x_wconf 88' lang='lat' dir='ltr'><strong>esse</strong></span> <span class='ocrx_word' id='word_1_357' title='bbox 1916 3279 2020 3330; x_wconf 86' lang='lat' dir='ltr'><strong>Do-</strong></span> 
     </span>
    </p>
   </div>
   <div class='ocr_carea' id='block_1_49' title="bbox 461 3353 2027 3436">
    <p class='ocr_par' dir='ltr' id='par_1_49' title="bbox 461 3353 2027 3436">
     <span class='ocr_line' id='line_1_49' title="bbox 461 3353 2027 3436; baseline 0.012 -31"><span class='ocrx_word' id='word_1_358' title='bbox 461 3353 667 3408; x_wconf 88' lang='lat' dir='ltr'><strong>minum</strong></span> <span class='ocrx_word' id='word_1_359' title='bbox 720 3357 1024 3427; x_wconf 82' lang='lat' dir='ltr'><strong>existimat;</strong></span> <span class='ocrx_word' id='word_1_360' title='bbox 1077 3363 1241 3432; x_wconf 88' lang='lat' dir='ltr'><strong>idque</strong></span> <span class='ocrx_word' id='word_1_361' title='bbox 1274 3366 1522 3434; x_wconf 89' lang='lat' dir='ltr'><strong>sequenti</strong></span> <span class='ocrx_word' id='word_1_362' title='bbox 1579 3367 1756 3436; x_wconf 90' lang='lat' dir='ltr'><strong>capite</strong></span> <span class='ocrx_word' id='word_1_363' title='bbox 1810 3367 2027 3423; x_wconf 83' lang='lat' dir='ltr'><strong>Judaeo-</strong></span> 
     </span>
    </p>
   </div>
   <div class='ocr_carea' id='block_1_50' title="bbox 460 3448 2024 3530">
    <p class='ocr_par' dir='ltr' id='par_1_50' title="bbox 460 3448 2024 3530">
     <span class='ocr_line' id='line_1_50' title="bbox 460 3448 2024 3530; baseline 0.012 -32"><span class='ocrx_word' id='word_1_364' title='bbox 460 3459 578 3498; x_wconf 82' lang='lat' dir='ltr'><strong>rum</strong></span> <span class='ocrx_word' id='word_1_365' title='bbox 614 3461 678 3500; x_wconf 89' lang='lat' dir='ltr'><strong>ex</strong></span> <span class='ocrx_word' id='word_1_366' title='bbox 723 3448 829 3505; x_wconf 92' lang='lat' dir='ltr'><strong>illis</strong></span> <span class='ocrx_word' id='word_1_367' title='bbox 858 3453 1036 3507; x_wconf 88' lang='lat' dir='ltr'><strong>verbis</strong></span> <span class='ocrx_word' id='word_1_368' title='bbox 1083 3456 1363 3510; x_wconf 88' lang='lat' dir='ltr'><strong>ostendit:</strong></span> <span class='ocrx_word' id='word_1_369' title='bbox 1417 3457 1813 3530; x_wconf 77' lang='lat' dir='ltr'><strong>Quinquaginta</strong></span> <span class='ocrx_word' id='word_1_370' title='bbox 1860 3478 2024 3517; x_wconf 85' lang='lat' dir='ltr'><strong>annos</strong></span> 
     </span>
    </p>
   </div>
   <div class='ocr_carea' id='block_1_51' title="bbox 461 3537 2023 3621">
    <p class='ocr_par' dir='ltr' id='par_1_51' title="bbox 461 3537 2023 3621">
     <span class='ocr_line' id='line_1_51' title="bbox 461 3537 2023 3621; baseline 0.015 -34"><span class='ocrx_word' id='word_1_371' title='bbox 461 3537 691 3591; x_wconf 85' lang='lat' dir='ltr'><strong>nondum</strong></span> <span class='ocrx_word' id='word_1_372' title='bbox 723 3540 902 3596; x_wconf 82' lang='lat' dir='ltr'><strong>habes.</strong></span> <span class='ocrx_word' id='word_1_373' title='bbox 924 3541 1286 3610; x_wconf 82' lang='lat' dir='ltr'><strong>Quamobrem</strong></span> <span class='ocrx_word' id='word_1_374' title='bbox 1316 3549 1442 3604; x_wconf 90' lang='lat' dir='ltr'><strong>licet</strong></span> <span class='ocrx_word' id='word_1_375' title='bbox 1471 3565 1614 3605; x_wconf 89' lang='lat' dir='ltr'><strong>anno</strong></span> <span class='ocrx_word' id='word_1_376' title='bbox 1645 3569 1753 3607; x_wconf 84' lang='lat' dir='ltr'><strong>xxx</strong></span> <span class='ocrx_word' id='word_1_377' title='bbox 1786 3554 2023 3621; x_wconf 89' lang='lat' dir='ltr'><strong>ineunte,</strong></span> 
     </span>
    </p>
   </div>
   <div class='ocr_carea' id='block_1_52' title="bbox 460 3625 2023 3714">
    <p class='ocr_par' dir='ltr' id='par_1_52' title="bbox 460 3625 2023 3714">
     <span class='ocr_line' id='line_1_52' title="bbox 460 3625 2023 3714; baseline 0.009 -34"><span class='ocrx_word' id='word_1_378' title='bbox 460 3625 796 3696; x_wconf 87' lang='lat' dir='ltr'><strong>baptizatum</strong></span> <span class='ocrx_word' id='word_1_379' title='bbox 845 3648 875 3686; x_wconf 91' lang='lat' dir='ltr'><strong>a</strong></span> <span class='ocrx_word' id='word_1_380' title='bbox 911 3632 1119 3690; x_wconf 90' lang='lat' dir='ltr'><strong>Joanne</strong></span> <span class='ocrx_word' id='word_1_381' title='bbox 1165 3636 1444 3694; x_wconf 90' lang='lat' dir='ltr'><strong>Christum</strong></span> <span class='ocrx_word' id='word_1_382' title='bbox 1511 3656 1577 3694; x_wconf 86' lang='lat' dir='ltr'><strong>ex</strong></span> <span class='ocrx_word' id='word_1_383' title='bbox 1610 3640 1753 3696; x_wconf 88' lang='lat' dir='ltr'><strong>Luca</strong></span> <span class='ocrx_word' id='word_1_384' title='bbox 1785 3644 2023 3714; x_wconf 82' lang='lat' dir='ltr'><strong>colligat,</strong></span> 
     </span>
    </p>
   </div>
   <div class='ocr_carea' id='block_1_53' title="bbox 460 3725 2027 3788">
    <p class='ocr_par' dir='ltr' id='par_1_53' title="bbox 460 3725 2027 3788">
     <span class='ocr_line' id='line_1_53' title="bbox 460 3725 2027 3788; baseline 0.012 -19"><span class='ocrx_word' id='word_1_385' title='bbox 460 3726 779 3776; x_wconf 84' lang='lat' dir='ltr'><strong>nontamen</strong></span> <span class='ocrx_word' id='word_1_386' title='bbox 835 3725 1017 3779; x_wconf 90' lang='lat' dir='ltr'><strong>statim</strong></span> <span class='ocrx_word' id='word_1_387' title='bbox 1067 3727 1133 3780; x_wconf 91' lang='lat' dir='ltr'><strong>ad</strong></span> <span class='ocrx_word' id='word_1_388' title='bbox 1177 3727 1479 3783; x_wconf 89' lang='lat' dir='ltr'><strong>docendum</strong></span> <span class='ocrx_word' id='word_1_389' title='bbox 1529 3733 1825 3787; x_wconf 87' lang='lat' dir='ltr'><strong>accessisse</strong></span> <span class='ocrx_word' id='word_1_390' title='bbox 1864 3735 2027 3788; x_wconf 89' lang='lat' dir='ltr'><strong>sentit</strong></span> 
     </span>
    </p>
   </div>
   <div class='ocr_carea' id='block_1_54' title="bbox 460 3804 2024 3892">
    <p class='ocr_par' dir='ltr' id='par_1_54' title="bbox 460 3804 2024 3892">
     <span class='ocr_line' id='line_1_54' title="bbox 460 3804 2024 3892; baseline 0.012 -33"><span class='ocrx_word' id='word_1_391' title='bbox 460 3804 715 3866; x_wconf 71' lang='lat' dir='ltr'><strong>lrenaaus.</strong></span> <span class='ocrx_word' id='word_1_392' title='bbox 767 3811 983 3886; x_wconf 86' lang='lat' dir='ltr'><strong>Alioqui</strong></span> <span class='ocrx_word' id='word_1_393' title='bbox 1033 3830 1286 3873; x_wconf 88' lang='lat' dir='ltr'><strong>constare</strong></span> <span class='ocrx_word' id='word_1_394' title='bbox 1342 3819 1458 3889; x_wconf 87' lang='lat' dir='ltr'><strong>ipse</strong></span> <span class='ocrx_word' id='word_1_395' title='bbox 1512 3821 1613 3875; x_wconf 89' lang='lat' dir='ltr'><strong>sibi</strong></span> <span class='ocrx_word' id='word_1_396' title='bbox 1675 3838 1778 3875; x_wconf 91' lang='lat' dir='ltr'><strong>non</strong></span> <span class='ocrx_word' id='word_1_397' title='bbox 1831 3833 2024 3892; x_wconf 89' lang='lat' dir='ltr'><strong>potest.</strong></span> 
     </span>
    </p>
   </div>
   <div class='ocr_carea' id='block_1_55' title="bbox 462 3893 2020 3978">
    <p class='ocr_par' dir='ltr' id='par_1_55' title="bbox 462 3893 2020 3978">
     <span class='ocr_line' id='line_1_55' title="bbox 462 3893 2020 3978; baseline 0.012 -29"><span class='ocrx_word' id='word_1_398' title='bbox 462 3893 826 3958; x_wconf 86' lang='lat' dir='ltr'><strong>Tertullianus</strong></span> <span class='ocrx_word' id='word_1_399' title='bbox 867 3908 1115 3964; x_wconf 80' lang='lat' dir='ltr'><strong>adversus</strong></span> <span class='ocrx_word' id='word_1_400' title='bbox 1141 3908 1358 3967; x_wconf 74' lang='lat' dir='ltr'><strong>Judwos</strong></span> <span class='ocrx_word' id='word_1_401' title='bbox 1392 3924 1513 3978; x_wconf 86' lang='lat' dir='ltr'><strong>cap.</strong></span> <span class='ocrx_word' id='word_1_402' title='bbox 1547 3909 1580 3964; x_wconf 89' lang='lat'><strong>8</strong></span> <span class='ocrx_word' id='word_1_403' title='bbox 1618 3908 1896 3966; x_wconf 90' lang='lat' dir='ltr'><strong>Christum</strong></span> <span class='ocrx_word' id='word_1_404' title='bbox 1925 3913 2020 3968; x_wconf 88' lang='lat' dir='ltr'><strong>de-</strong></span> 
     </span>
    </p>
   </div>
   <div class='ocr_carea' id='block_1_56' title="bbox 461 3989 2026 4071">
    <p class='ocr_par' dir='ltr' id='par_1_56' title="bbox 461 3989 2026 4071">
     <span class='ocr_line' id='line_1_56' title="bbox 461 3989 2026 4071; baseline 0.008 -28"><span class='ocrx_word' id='word_1_405' title='bbox 461 3989 799 4060; x_wconf 86' lang='lat' dir='ltr'><strong>cimoquinto</strong></span> <span class='ocrx_word' id='word_1_406' title='bbox 841 3993 1038 4050; x_wconf 88' lang='lat' dir='ltr'><strong>Tiberii</strong></span> <span class='ocrx_word' id='word_1_407' title='bbox 1083 4012 1226 4053; x_wconf 85' lang='lat' dir='ltr'><strong>anno</strong></span> <span class='ocrx_word' id='word_1_408' title='bbox 1257 4014 1477 4069; x_wconf 87' lang='lat' dir='ltr'><strong>passum</strong></span> <span class='ocrx_word' id='word_1_409' title='bbox 1509 3999 1818 4066; x_wconf 88' lang='lat' dir='ltr'><strong>arbitratur,</strong></span> <span class='ocrx_word' id='word_1_410' title='bbox 1852 4017 2026 4071; x_wconf 80' lang='lat' dir='ltr'><strong>quan-</strong></span> 
     </span>
    </p>
   </div>
   <div class='ocr_carea' id='block_1_57' title="bbox 462 4082 2027 4160">
    <p class='ocr_par' dir='ltr' id='par_1_57' title="bbox 462 4082 2027 4160">
     <span class='ocr_line' id='line_1_57' title="bbox 462 4082 2027 4160; baseline 0.01 -27"><span class='ocrx_word' id='word_1_411' title='bbox 462 4097 625 4150; x_wconf 92' lang='lat' dir='ltr'><strong>quam</strong></span> <span class='ocrx_word' id='word_1_412' title='bbox 669 4082 1030 4158; x_wconf 88' lang='lat' dir='ltr'><strong>Hieronymus</strong></span> <span class='ocrx_word' id='word_1_413' title='bbox 1062 4089 1128 4142; x_wconf 88' lang='lat' dir='ltr'><strong>ad</strong></span> <span class='ocrx_word' id='word_1_414' title='bbox 1160 4106 1278 4160; x_wconf 90' lang='lat' dir='ltr'><strong>cap.</strong></span> <span class='ocrx_word' id='word_1_415' title='bbox 1339 4107 1392 4145; x_wconf 86' lang='grc' dir='ltr'><strong>ιχ</strong></span> <span class='ocrx_word' id='word_1_416' title='bbox 1436 4091 1672 4147; x_wconf 90' lang='lat' dir='ltr'><strong>Danielis</strong></span> <span class='ocrx_word' id='word_1_417' title='bbox 1709 4107 1880 4147; x_wconf 86' lang='grc' dir='ltr'>χχχιιι</span> <span class='ocrx_word' id='word_1_418' title='bbox 1925 4109 2027 4148; x_wconf 84' lang='lat' dir='ltr'><strong>an-</strong></span> 
     </span>
    </p>
   </div>
   <div class='ocr_carea' id='block_1_58' title="bbox 464 4178 2026 4239">
    <p class='ocr_par' dir='ltr' id='par_1_58' title="bbox 464 4178 2026 4239">
     <span class='ocr_line' id='line_1_58' title="bbox 464 4178 2026 4239; baseline 0.009 -14"><span class='ocrx_word' id='word_1_419' title='bbox 464 4187 585 4238; x_wconf 89' lang='lat' dir='ltr'><strong>nos,</strong></span> <span class='ocrx_word' id='word_1_420' title='bbox 620 4189 726 4236; x_wconf 88' lang='lat' dir='ltr'><strong>non</strong></span> <span class='ocrx_word' id='word_1_421' title='bbox 763 4193 868 4230; x_wconf 85' lang='lat' dir='ltr'><strong>xxx</strong></span> <span class='ocrx_word' id='word_1_422' title='bbox 900 4193 966 4233; x_wconf 85' lang='lat' dir='ltr'><strong>ex</strong></span> <span class='ocrx_word' id='word_1_423' title='bbox 1011 4178 1324 4235; x_wconf 90' lang='lat' dir='ltr'><strong>Tertulliani</strong></span> <span class='ocrx_word' id='word_1_424' title='bbox 1355 4184 1616 4238; x_wconf 89' lang='lat' dir='ltr'><strong>sententia</strong></span> <span class='ocrx_word' id='word_1_425' title='bbox 1667 4182 1886 4239; x_wconf 88' lang='lat' dir='ltr'><strong>Christo</strong></span> <span class='ocrx_word' id='word_1_426' title='bbox 1928 4185 2026 4238; x_wconf 90' lang='lat' dir='ltr'><strong>tri-</strong></span> 
     </span>
    </p>
   </div>
   <div class='ocr_carea' id='block_1_59' title="bbox 461 4261 2023 4329">
    <p class='ocr_par' dir='ltr' id='par_1_59' title="bbox 461 4261 2023 4329">
     <span class='ocr_line' id='line_1_59' title="bbox 461 4261 2023 4329; baseline 0.008 -13"><span class='ocrx_word' id='word_1_427' title='bbox 461 4262 600 4317; x_wconf 85' lang='lat' dir='ltr'><strong>buit.</strong></span> <span class='ocrx_word' id='word_1_428' title='bbox 629 4261 896 4323; x_wconf 89' lang='lat' dir='ltr'><strong>Eusebius</strong></span> <span class='ocrx_word' id='word_1_429' title='bbox 926 4268 981 4322; x_wconf 90' lang='lat' dir='ltr'><strong>in</strong></span> <span class='ocrx_word' id='word_1_430' title='bbox 1012 4268 1269 4324; x_wconf 81' lang='lat' dir='ltr'><strong>Chronico</strong></span> <span class='ocrx_word' id='word_1_431' title='bbox 1300 4287 1422 4326; x_wconf 91' lang='lat' dir='ltr'><strong>cum</strong></span> <span class='ocrx_word' id='word_1_432' title='bbox 1461 4270 1703 4326; x_wconf 87' lang='lat' dir='ltr'><strong>Natalem</strong></span> <span class='ocrx_word' id='word_1_433' title='bbox 1745 4272 1944 4329; x_wconf 86' lang='lat' dir='ltr'><strong>Christi</strong></span> <span class='ocrx_word' id='word_1_434' title='bbox 1970 4275 2023 4328; x_wconf 91' lang='lat' dir='ltr'><strong>in</strong></span> 
     </span>
    </p>
   </div>
   <div class='ocr_carea' id='block_1_60' title="bbox 464 4355 2023 4432">
    <p class='ocr_par' dir='ltr' id='par_1_60' title="bbox 464 4355 2023 4432">
     <span class='ocr_line' id='line_1_60' title="bbox 464 4355 2023 4432; baseline 0.006 -27"><span class='ocrx_word' id='word_1_435' title='bbox 464 4368 666 4407; x_wconf 90' lang='lat' dir='ltr'><strong>annum</strong></span> <span class='ocrx_word' id='word_1_436' title='bbox 710 4355 941 4426; x_wconf 83' lang='lat' dir='ltr'><strong>Augusti</strong></span> <span class='ocrx_word' id='word_1_437' title='bbox 971 4373 1102 4423; x_wconf 80' lang='lat' dir='ltr'><strong>xui,</strong></span> <span class='ocrx_word' id='word_1_438' title='bbox 1153 4359 1221 4411; x_wconf 86' lang='lat' dir='ltr'><strong>ab</strong></span> <span class='ocrx_word' id='word_1_439' title='bbox 1266 4358 1576 4415; x_wconf 83' lang='lat' dir='ltr'><strong>Abrahamo</strong></span> <span class='ocrx_word' id='word_1_440' title='bbox 1616 4363 1756 4418; x_wconf 69' lang='grc'><strong>2015</strong></span> <span class='ocrx_word' id='word_1_441' title='bbox 1798 4362 2023 4432; x_wconf 87' lang='lat' dir='ltr'><strong>rejiciat,</strong></span> 
     </span>
    </p>
   </div>
   <div class='ocr_carea' id='block_1_61' title="bbox 463 4444 2024 4517">
    <p class='ocr_par' dir='ltr' id='par_1_61' title="bbox 463 4444 2024 4517">
     <span class='ocr_line' id='line_1_61' title="bbox 463 4444 2024 4517; baseline 0.006 -21"><span class='ocrx_word' id='word_1_442' title='bbox 463 4444 768 4510; x_wconf 89' lang='lat' dir='ltr'><strong>passionem</strong></span> <span class='ocrx_word' id='word_1_443' title='bbox 804 4461 930 4500; x_wconf 90' lang='lat' dir='ltr'><strong>vero</strong></span> <span class='ocrx_word' id='word_1_444' title='bbox 959 4447 1011 4500; x_wconf 92' lang='lat' dir='ltr'><strong>in</strong></span> <span class='ocrx_word' id='word_1_445' title='bbox 1038 4463 1169 4501; x_wconf 85' lang='lat' dir='ltr'><strong>xvm</strong></span> <span class='ocrx_word' id='word_1_446' title='bbox 1190 4445 1414 4513; x_wconf 86' lang='lat' dir='ltr'><strong>Tiberii,</strong></span> <span class='ocrx_word' id='word_1_447' title='bbox 1440 4451 1507 4504; x_wconf 90' lang='lat' dir='ltr'><strong>ab</strong></span> <span class='ocrx_word' id='word_1_448' title='bbox 1533 4451 1840 4508; x_wconf 82' lang='lat' dir='ltr'><strong>Abrahamo</strong></span> <span class='ocrx_word' id='word_1_449' title='bbox 1863 4453 2024 4517; x_wconf 70' lang='grc'><strong>2047,</strong></span> 
     </span>
    </p>
   </div>
   <div class='ocr_carea' id='block_1_62' title="bbox 2130 1994 3685 2066">
    <p class='ocr_par' dir='ltr' id='par_1_62' title="bbox 2130 1994 3685 2066">
     <span class='ocr_line' id='line_1_62' title="bbox 2130 1994 3685 2066; baseline 0.001 -16"><span class='ocrx_word' id='word_1_450' title='bbox 2130 1995 2257 2064; x_wconf 91' lang='lat' dir='ltr'><strong>ipso</strong></span> <span class='ocrx_word' id='word_1_451' title='bbox 2284 1994 2570 2060; x_wconf 85' lang='lat' dir='ltr'><strong>Paschatc,</strong></span> <span class='ocrx_word' id='word_1_452' title='bbox 2601 1996 2712 2050; x_wconf 90' lang='lat' dir='ltr'><strong>sive</strong></span> <span class='ocrx_word' id='word_1_453' title='bbox 2740 1995 2917 2063; x_wconf 90' lang='lat' dir='ltr'><strong>primo</strong></span> <span class='ocrx_word' id='word_1_454' title='bbox 2937 1994 3024 2050; x_wconf 87' lang='lat' dir='ltr'><strong>die</strong></span> <span class='ocrx_word' id='word_1_455' title='bbox 3056 1995 3380 2066; x_wconf 85' lang='lat' dir='ltr'><strong>Azymorum</strong></span> <span class='ocrx_word' id='word_1_456' title='bbox 3406 2010 3526 2051; x_wconf 91' lang='lat' dir='ltr'><strong>esse</strong></span> <span class='ocrx_word' id='word_1_457' title='bbox 3555 2011 3685 2066; x_wconf 86' lang='lat' dir='ltr'><strong>pas-</strong></span> 
     </span>
    </p>
   </div>
   <div class='ocr_carea' id='block_1_63' title="bbox 2129 2085 3686 2157">
    <p class='ocr_par' dir='ltr' id='par_1_63' title="bbox 2129 2085 3686 2157">
     <span class='ocr_line' id='line_1_63' title="bbox 2129 2085 3686 2157; baseline 0 -14"><span class='ocrx_word' id='word_1_458' title='bbox 2129 2102 2286 2154; x_wconf 89' lang='lat' dir='ltr'><strong>sum;</strong></span> <span class='ocrx_word' id='word_1_459' title='bbox 2317 2093 2372 2142; x_wconf 91' lang='lat' dir='ltr'><strong>et</strong></span> <span class='ocrx_word' id='word_1_460' title='bbox 2395 2086 2614 2157; x_wconf 89' lang='lat' dir='ltr'><strong>quidem</strong></span> <span class='ocrx_word' id='word_1_461' title='bbox 2644 2085 2838 2140; x_wconf 86' lang='lat' dir='ltr'><strong>Martio</strong></span> <span class='ocrx_word' id='word_1_462' title='bbox 2862 2101 3066 2142; x_wconf 90' lang='lat' dir='ltr'><strong>mense.</strong></span> <span class='ocrx_word' id='word_1_463' title='bbox 3100 2086 3230 2152; x_wconf 69' lang='lat' dir='ltr'><strong>Quae</strong></span> <span class='ocrx_word' id='word_1_464' title='bbox 3256 2087 3364 2142; x_wconf 92' lang='lat' dir='ltr'><strong>duo</strong></span> <span class='ocrx_word' id='word_1_465' title='bbox 3389 2103 3512 2144; x_wconf 93' lang='lat' dir='ltr'><strong>cum</strong></span> <span class='ocrx_word' id='word_1_466' title='bbox 3545 2089 3686 2143; x_wconf 88' lang='lat' dir='ltr'><strong>mul-</strong></span> 
     </span>
    </p>
   </div>
   <div class='ocr_carea' id='block_1_64' title="bbox 2130 2177 3688 2248">
    <p class='ocr_par' dir='ltr' id='par_1_64' title="bbox 2130 2177 3688 2248">
     <span class='ocr_line' id='line_1_64' title="bbox 2130 2177 3688 2248; baseline 0.001 -13"><span class='ocrx_word' id='word_1_467' title='bbox 2130 2189 2306 2235; x_wconf 73' lang='lat' dir='ltr'><strong>torum</strong></span> <span class='ocrx_word' id='word_1_468' title='bbox 2329 2177 2529 2234; x_wconf 83' lang='lat' dir='ltr'><strong>animis</strong></span> <span class='ocrx_word' id='word_1_469' title='bbox 2557 2177 2902 2243; x_wconf 91' lang='lat' dir='ltr'><strong>insedissent,</strong></span> <span class='ocrx_word' id='word_1_470' title='bbox 2930 2178 3076 2248; x_wconf 91' lang='lat' dir='ltr'><strong>quod</strong></span> <span class='ocrx_word' id='word_1_471' title='bbox 3107 2177 3536 2235; x_wconf 83' lang='lat' dir='ltr'><strong>consentaneum</strong></span> <span class='ocrx_word' id='word_1_472' title='bbox 3569 2191 3688 2236; x_wconf 79' lang='lat' dir='ltr'><strong>erat</strong></span> 
     </span>
    </p>
   </div>
   <div class='ocr_carea' id='block_1_65' title="bbox 2130 2266 3682 2340">
    <p class='ocr_par' dir='ltr' id='par_1_65' title="bbox 2130 2266 3682 2340">
     <span class='ocr_line' id='line_1_65' title="bbox 2130 2266 3682 2340; baseline 0 -14"><span class='ocrx_word' id='word_1_473' title='bbox 2130 2269 2346 2332; x_wconf 88' lang='lat' dir='ltr'><strong>accidit,</strong></span> <span class='ocrx_word' id='word_1_474' title='bbox 2382 2279 2442 2324; x_wconf 87' lang='lat' dir='ltr'><strong>ut</strong></span> <span class='ocrx_word' id='word_1_475' title='bbox 2485 2268 2552 2324; x_wconf 91' lang='lat' dir='ltr'><strong>de</strong></span> <span class='ocrx_word' id='word_1_476' title='bbox 2592 2266 2872 2323; x_wconf 87' lang='lat' dir='ltr'><strong>Passionis</strong></span> <span class='ocrx_word' id='word_1_477' title='bbox 2906 2277 3150 2335; x_wconf 91' lang='lat' dir='ltr'><strong>tempore</strong></span> <span class='ocrx_word' id='word_1_478' title='bbox 3191 2270 3398 2324; x_wconf 84' lang='lat' dir='ltr'><strong>inﬁnita</strong></span> <span class='ocrx_word' id='word_1_479' title='bbox 3441 2271 3682 2340; x_wconf 61' lang='lat' dir='ltr'><strong>quaadam</strong></span> 
     </span>
    </p>
   </div>
   <div class='ocr_carea' id='block_1_66' title="bbox 2128 2359 3687 2432">
    <p class='ocr_par' dir='ltr' id='par_1_66' title="bbox 2128 2359 3687 2432">
     <span class='ocr_line' id='line_1_66' title="bbox 2128 2359 3687 2432; baseline 0.001 -18"><span class='ocrx_word' id='word_1_480' title='bbox 2128 2359 2691 2432; x_wconf 77' lang='lat' dir='ltr'><strong>opinionumdivortia</strong></span> <span class='ocrx_word' id='word_1_481' title='bbox 2715 2368 3086 2415; x_wconf 90' lang='lat' dir='ltr'><strong>nascerentur.</strong></span> <span class='ocrx_word' id='word_1_482' title='bbox 3116 2359 3262 2416; x_wconf 87' lang='lat' dir='ltr'><strong>Inter</strong></span> <span class='ocrx_word' id='word_1_483' title='bbox 3288 2377 3426 2432; x_wconf 91' lang='lat' dir='ltr'><strong>quas</strong></span> <span class='ocrx_word' id='word_1_484' title='bbox 3466 2363 3532 2417; x_wconf 87' lang='lat' dir='ltr'><strong>ad</strong></span> <span class='ocrx_word' id='word_1_485' title='bbox 3569 2371 3687 2418; x_wconf 90' lang='lat' dir='ltr'><strong>stu-</strong></span> 
     </span>
    </p>
   </div>
   <div class='ocr_carea' id='block_1_67' title="bbox 2127 2446 3682 2525">
    <p class='ocr_par' dir='ltr' id='par_1_67' title="bbox 2127 2446 3682 2525">
     <span class='ocr_line' id='line_1_67' title="bbox 2127 2446 3682 2525; baseline 0 -17"><span class='ocrx_word' id='word_1_486' title='bbox 2127 2468 2313 2525; x_wconf 90' lang='lat' dir='ltr'><strong>porem</strong></span> <span class='ocrx_word' id='word_1_487' title='bbox 2347 2467 2516 2523; x_wconf 91' lang='lat' dir='ltr'><strong>usque</strong></span> <span class='ocrx_word' id='word_1_488' title='bbox 2544 2451 2772 2506; x_wconf 90' lang='lat' dir='ltr'><strong>ridicula</strong></span> <span class='ocrx_word' id='word_1_489' title='bbox 2802 2460 2884 2506; x_wconf 90' lang='lat' dir='ltr'><strong>est</strong></span> <span class='ocrx_word' id='word_1_490' title='bbox 2926 2451 3039 2516; x_wconf 92' lang='lat' dir='ltr'><strong>illa,</strong></span> <span class='ocrx_word' id='word_1_491' title='bbox 3071 2467 3236 2522; x_wconf 90' lang='lat' dir='ltr'><strong>quam</strong></span> <span class='ocrx_word' id='word_1_492' title='bbox 3276 2469 3341 2507; x_wconf 86' lang='lat' dir='ltr'><strong>ex</strong></span> <span class='ocrx_word' id='word_1_493' title='bbox 3380 2446 3682 2523; x_wconf 82' lang='lat' dir='ltr'><strong>Sigeberto,</strong></span> 
     </span>
    </p>
   </div>
   <div class='ocr_carea' id='block_1_68' title="bbox 2126 2540 3681 2607">
    <p class='ocr_par' dir='ltr' id='par_1_68' title="bbox 2126 2540 3681 2607">
     <span class='ocr_line' id='line_1_68' title="bbox 2126 2540 3681 2607; baseline 0 -11"><span class='ocrx_word' id='word_1_494' title='bbox 2126 2542 2368 2596; x_wconf 85' lang='lat' dir='ltr'><strong>Mariano</strong></span> <span class='ocrx_word' id='word_1_495' title='bbox 2421 2556 2486 2596; x_wconf 88' lang='lat' dir='ltr'><strong>ac</strong></span> <span class='ocrx_word' id='word_1_496' title='bbox 2522 2540 2731 2596; x_wconf 70' lang='lat' dir='ltr'><strong>carteris</strong></span> <span class='ocrx_word' id='word_1_497' title='bbox 2772 2549 2931 2595; x_wconf 90' lang='lat' dir='ltr'><strong>antea</strong></span> <span class='ocrx_word' id='word_1_498' title='bbox 2963 2541 3270 2595; x_wconf 86' lang='lat' dir='ltr'><strong>retulimus.</strong></span> <span class='ocrx_word' id='word_1_499' title='bbox 3309 2541 3518 2607; x_wconf 83' lang='lat' dir='ltr'><strong>Quibus</strong></span> <span class='ocrx_word' id='word_1_500' title='bbox 3557 2558 3681 2596; x_wconf 91' lang='lat' dir='ltr'><strong>cum</strong></span> 
     </span>
    </p>
   </div>
   <div class='ocr_carea' id='block_1_69' title="bbox 2127 2629 3679 2704">
    <p class='ocr_par' dir='ltr' id='par_1_69' title="bbox 2127 2629 3679 2704">
     <span class='ocr_line' id='line_1_69' title="bbox 2127 2629 3679 2704; baseline -0.001 -16"><span class='ocrx_word' id='word_1_501' title='bbox 2127 2633 2600 2704; x_wconf 88' lang='lat' dir='ltr'><strong>persuasissimum</strong></span> <span class='ocrx_word' id='word_1_502' title='bbox 2630 2631 2788 2696; x_wconf 90' lang='lat' dir='ltr'><strong>foret,</strong></span> <span class='ocrx_word' id='word_1_503' title='bbox 2824 2629 3100 2686; x_wconf 89' lang='lat' dir='ltr'><strong>Christum</strong></span> <span class='ocrx_word' id='word_1_504' title='bbox 3127 2629 3302 2684; x_wconf 89' lang='lat' dir='ltr'><strong>Martii</strong></span> <span class='ocrx_word' id='word_1_505' title='bbox 3329 2648 3434 2685; x_wconf 86' lang='lat' dir='ltr'><strong>xxv</strong></span> <span class='ocrx_word' id='word_1_506' title='bbox 3461 2647 3679 2701; x_wconf 90' lang='lat' dir='ltr'><strong>passum</strong></span> 
     </span>
    </p>
   </div>
   <div class='ocr_carea' id='block_1_70' title="bbox 2126 2721 3684 2793">
    <p class='ocr_par' dir='ltr' id='par_1_70' title="bbox 2126 2721 3684 2793">
     <span class='ocr_line' id='line_1_70' title="bbox 2126 2721 3684 2793; baseline -0.001 -13"><span class='ocrx_word' id='word_1_507' title='bbox 2126 2740 2246 2780; x_wconf 90' lang='lat' dir='ltr'><strong>esse</strong></span> <span class='ocrx_word' id='word_1_508' title='bbox 2275 2723 2408 2778; x_wconf 86' lang='lat' dir='ltr'><strong>feria</strong></span> <span class='ocrx_word' id='word_1_509' title='bbox 2437 2740 2510 2786; x_wconf 80' lang='lat' dir='ltr'><strong>vi,</strong></span> <span class='ocrx_word' id='word_1_510' title='bbox 2538 2724 2642 2778; x_wconf 84' lang='lat' dir='ltr'><strong>hoc</strong></span> <span class='ocrx_word' id='word_1_511' title='bbox 2664 2731 2746 2779; x_wconf 92' lang='lat' dir='ltr'><strong>est</strong></span> <span class='ocrx_word' id='word_1_512' title='bbox 2763 2739 2851 2777; x_wconf 81' lang='lat' dir='ltr'><strong>VIII</strong></span> <span class='ocrx_word' id='word_1_513' title='bbox 2870 2721 2988 2777; x_wconf 89' lang='lat' dir='ltr'><strong>Kal.</strong></span> <span class='ocrx_word' id='word_1_514' title='bbox 3017 2722 3534 2793; x_wconf 84' lang='lat' dir='ltr'><strong>Apr.,resurrexisse</strong></span> <span class='ocrx_word' id='word_1_515' title='bbox 3557 2739 3684 2778; x_wconf 89' lang='lat' dir='ltr'><strong>vero</strong></span> 
     </span>
    </p>
   </div>
   <div class='ocr_carea' id='block_1_71' title="bbox 2126 2814 3680 2886">
    <p class='ocr_par' dir='ltr' id='par_1_71' title="bbox 2126 2814 3680 2886">
     <span class='ocr_line' id='line_1_71' title="bbox 2126 2814 3680 2886; baseline -0.002 -15"><span class='ocrx_word' id='word_1_516' title='bbox 2126 2833 2179 2871; x_wconf 83' lang='lat' dir='ltr'><strong>vi</strong></span> <span class='ocrx_word' id='word_1_517' title='bbox 2202 2814 2319 2869; x_wconf 81' lang='lat' dir='ltr'><strong>Kal.</strong></span> <span class='ocrx_word' id='word_1_518' title='bbox 2351 2815 2478 2884; x_wconf 86' lang='lat' dir='ltr'><strong>Ap.,</strong></span> <span class='ocrx_word' id='word_1_519' title='bbox 2513 2814 2687 2868; x_wconf 90' lang='lat' dir='ltr'><strong>Martii</strong></span> <span class='ocrx_word' id='word_1_520' title='bbox 2715 2831 2882 2880; x_wconf 79' lang='lat' dir='ltr'><strong>xxv&quot;,</strong></span> <span class='ocrx_word' id='word_1_521' title='bbox 2917 2830 3039 2869; x_wconf 91' lang='lat' dir='ltr'><strong>cum</strong></span> <span class='ocrx_word' id='word_1_522' title='bbox 3064 2816 3115 2869; x_wconf 93' lang='lat' dir='ltr'><strong>in</strong></span> <span class='ocrx_word' id='word_1_523' title='bbox 3147 2814 3476 2886; x_wconf 88' lang='lat' dir='ltr'><strong>Dionysiano</strong></span> <span class='ocrx_word' id='word_1_524' title='bbox 3507 2817 3680 2884; x_wconf 76' lang='lat' dir='ltr'><strong>cvclo,</strong></span> 
     </span>
    </p>
   </div>
   <div class='ocr_carea' id='block_1_72' title="bbox 2126 2906 3682 2976">
    <p class='ocr_par' dir='ltr' id='par_1_72' title="bbox 2126 2906 3682 2976">
     <span class='ocr_line' id='line_1_72' title="bbox 2126 2906 3682 2976; baseline -0.001 -14"><span class='ocrx_word' id='word_1_525' title='bbox 2126 2923 2342 2976; x_wconf 70' lang='lat' dir='ltr'><strong>aeraque</strong></span> <span class='ocrx_word' id='word_1_526' title='bbox 2373 2907 2646 2962; x_wconf 91' lang='lat' dir='ltr'><strong>communi</strong></span> <span class='ocrx_word' id='word_1_527' title='bbox 2669 2915 2866 2961; x_wconf 89' lang='lat' dir='ltr'><strong>certam</strong></span> <span class='ocrx_word' id='word_1_528' title='bbox 2893 2906 3095 2959; x_wconf 90' lang='lat' dir='ltr'><strong>nullam</strong></span> <span class='ocrx_word' id='word_1_529' title='bbox 3124 2907 3386 2959; x_wconf 87' lang='lat' dir='ltr'><strong>rationem</strong></span> <span class='ocrx_word' id='word_1_530' title='bbox 3411 2907 3682 2960; x_wconf 82' lang='lat' dir='ltr'><strong>extricare</strong></span> 
     </span>
    </p>
   </div>
   <div class='ocr_carea' id='block_1_73' title="bbox 2127 2995 3684 3068">
    <p class='ocr_par' dir='ltr' id='par_1_73' title="bbox 2127 2995 3684 3068">
     <span class='ocr_line' id='line_1_73' title="bbox 2127 2995 3684 3068; baseline -0.002 -15"><span class='ocrx_word' id='word_1_531' title='bbox 2127 3008 2369 3068; x_wconf 90' lang='lat' dir='ltr'><strong>possent,</strong></span> <span class='ocrx_word' id='word_1_532' title='bbox 2393 3012 2458 3051; x_wconf 90' lang='lat' dir='ltr'><strong>eo</strong></span> <span class='ocrx_word' id='word_1_533' title='bbox 2486 2997 2699 3051; x_wconf 91' lang='lat' dir='ltr'><strong>tandem</strong></span> <span class='ocrx_word' id='word_1_534' title='bbox 2738 2996 3050 3050; x_wconf 76' lang='lat' dir='ltr'><strong>diﬂicultate</strong></span> <span class='ocrx_word' id='word_1_535' title='bbox 3088 2995 3198 3065; x_wconf 88' lang='lat' dir='ltr'><strong>ipsa</strong></span> <span class='ocrx_word' id='word_1_536' title='bbox 3241 2997 3556 3066; x_wconf 58' lang='lat' dir='ltr'><strong>quaestionis</strong></span> <span class='ocrx_word' id='word_1_537' title='bbox 3594 3012 3684 3050; x_wconf 91' lang='lat' dir='ltr'><strong>re-</strong></span> 
     </span>
    </p>
   </div>
   <div class='ocr_carea' id='block_1_74' title="bbox 2127 3083 3685 3154">
    <p class='ocr_par' dir='ltr' id='par_1_74' title="bbox 2127 3083 3685 3154">
     <span class='ocr_line' id='line_1_74' title="bbox 2127 3083 3685 3154; baseline -0.001 -13"><span class='ocrx_word' id='word_1_538' title='bbox 2127 3087 2266 3142; x_wconf 86' lang='lat' dir='ltr'><strong>dacti</strong></span> <span class='ocrx_word' id='word_1_539' title='bbox 2300 3093 2448 3148; x_wconf 89' lang='lat' dir='ltr'><strong>sunt,</strong></span> <span class='ocrx_word' id='word_1_540' title='bbox 2476 3096 2532 3139; x_wconf 88' lang='lat' dir='ltr'><strong>ut</strong></span> <span class='ocrx_word' id='word_1_541' title='bbox 2557 3100 2701 3139; x_wconf 89' lang='lat' dir='ltr'><strong>anno</strong></span> <span class='ocrx_word' id='word_1_542' title='bbox 2734 3100 2853 3139; x_wconf 68' lang='lat' dir='ltr'><strong>aarae</strong></span> <span class='ocrx_word' id='word_1_543' title='bbox 2878 3083 3202 3138; x_wconf 76' lang='lat' dir='ltr'><strong>Christiana:</strong></span> <span class='ocrx_word' id='word_1_544' title='bbox 3235 3085 3300 3138; x_wconf 79' lang='lat' dir='ltr'><strong>l2</strong></span> <span class='ocrx_word' id='word_1_545' title='bbox 3327 3100 3547 3154; x_wconf 90' lang='lat' dir='ltr'><strong>passum</strong></span> <span class='ocrx_word' id='word_1_546' title='bbox 3576 3084 3685 3140; x_wconf 82' lang='lat' dir='ltr'><strong>Do-</strong></span> 
     </span>
    </p>
   </div>
   <div class='ocr_carea' id='block_1_75' title="bbox 2129 3176 3680 3239">
    <p class='ocr_par' dir='ltr' id='par_1_75' title="bbox 2129 3176 3680 3239">
     <span class='ocr_line' id='line_1_75' title="bbox 2129 3176 3680 3239; baseline -0.001 -7"><span class='ocrx_word' id='word_1_547' title='bbox 2129 3180 2333 3232; x_wconf 92' lang='lat' dir='ltr'><strong>minum</strong></span> <span class='ocrx_word' id='word_1_548' title='bbox 2391 3187 2796 3239; x_wconf 89' lang='lat' dir='ltr'><strong>asseverantes,</strong></span> <span class='ocrx_word' id='word_1_549' title='bbox 2855 3177 2923 3230; x_wconf 90' lang='lat' dir='ltr'><strong>ab</strong></span> <span class='ocrx_word' id='word_1_550' title='bbox 2984 3176 3680 3231; x_wconf 87' lang='lat' dir='ltr'><strong>incarnatione-tricesimo</strong></span> 
     </span>
    </p>
   </div>
   <div class='ocr_carea' id='block_1_76' title="bbox 2128 3263 3682 3339">
    <p class='ocr_par' dir='ltr' id='par_1_76' title="bbox 2128 3263 3682 3339">
     <span class='ocr_line' id='line_1_76' title="bbox 2128 3263 3682 3339; baseline -0.001 -16"><span class='ocrx_word' id='word_1_551' title='bbox 2128 3279 2342 3339; x_wconf 91' lang='lat' dir='ltr'><strong>quarto,</strong></span> <span class='ocrx_word' id='word_1_552' title='bbox 2382 3285 2494 3334; x_wconf 83' lang='lat' dir='ltr'><strong>xxi,</strong></span> <span class='ocrx_word' id='word_1_553' title='bbox 2525 3269 2639 3323; x_wconf 91' lang='lat' dir='ltr'><strong>sive</strong></span> <span class='ocrx_word' id='word_1_554' title='bbox 2683 3269 2860 3337; x_wconf 92' lang='lat' dir='ltr'><strong>potius</strong></span> <span class='ocrx_word' id='word_1_555' title='bbox 2904 3283 3015 3320; x_wconf 82' lang='grc' dir='ltr'>χχιι</span> <span class='ocrx_word' id='word_1_556' title='bbox 3050 3267 3208 3322; x_wconf 91' lang='lat' dir='ltr'><strong>annis</strong></span> <span class='ocrx_word' id='word_1_557' title='bbox 3247 3267 3526 3321; x_wconf 90' lang='lat' dir='ltr'><strong>aberrasse</strong></span> <span class='ocrx_word' id='word_1_558' title='bbox 3558 3263 3682 3322; x_wconf 83' lang='lat' dir='ltr'><strong>Dio-</strong></span> 
     </span>
    </p>
   </div>
   <div class='ocr_carea' id='block_1_77' title="bbox 2127 3357 3678 3431">
    <p class='ocr_par' dir='ltr' id='par_1_77' title="bbox 2127 3357 3678 3431">
     <span class='ocr_line' id='line_1_77' title="bbox 2127 3357 3678 3431; baseline -0.001 -18"><span class='ocrx_word' id='word_1_559' title='bbox 2127 3359 2342 3431; x_wconf 85' lang='lat' dir='ltr'><strong>nysium</strong></span> <span class='ocrx_word' id='word_1_560' title='bbox 2368 3359 2672 3423; x_wconf 89' lang='lat' dir='ltr'><strong>crederent,</strong></span> <span class='ocrx_word' id='word_1_561' title='bbox 2704 3366 2764 3412; x_wconf 89' lang='lat' dir='ltr'><strong>ut</strong></span> <span class='ocrx_word' id='word_1_562' title='bbox 2785 3359 2878 3427; x_wconf 88' lang='lat' dir='ltr'><strong>qui</strong></span> <span class='ocrx_word' id='word_1_563' title='bbox 2903 3357 3279 3412; x_wconf 89' lang='lat' dir='ltr'><strong>duodecimum</strong></span> <span class='ocrx_word' id='word_1_564' title='bbox 3299 3373 3499 3411; x_wconf 90' lang='lat' dir='ltr'><strong>annum</strong></span> <span class='ocrx_word' id='word_1_565' title='bbox 3528 3357 3678 3411; x_wconf 92' lang='lat' dir='ltr'><strong>illum</strong></span> 
     </span>
    </p>
   </div>
   <div class='ocr_carea' id='block_1_78' title="bbox 2126 3447 3682 3519">
    <p class='ocr_par' dir='ltr' id='par_1_78' title="bbox 2126 3447 3682 3519">
     <span class='ocr_line' id='line_1_78' title="bbox 2126 3447 3682 3519; baseline 0 -16"><span class='ocrx_word' id='word_1_566' title='bbox 2126 3448 2469 3504; x_wconf 87' lang='lat' dir='ltr'><strong>constituerit</strong></span> <span class='ocrx_word' id='word_1_567' title='bbox 2503 3463 2662 3519; x_wconf 91' lang='lat' dir='ltr'><strong>quem</strong></span> <span class='ocrx_word' id='word_1_568' title='bbox 2708 3463 2875 3501; x_wconf 83' lang='lat' dir='ltr'><strong>xxxiv</strong></span> <span class='ocrx_word' id='word_1_569' title='bbox 2920 3463 3206 3502; x_wconf 88' lang='lat' dir='ltr'><strong>numerare</strong></span> <span class='ocrx_word' id='word_1_570' title='bbox 3244 3447 3538 3504; x_wconf 84' lang='lat' dir='ltr'><strong>debuisset.</strong></span> <span class='ocrx_word' id='word_1_571' title='bbox 3590 3447 3682 3503; x_wconf 88' lang='lat' dir='ltr'><strong>Et-</strong></span> 
     </span>
    </p>
   </div>
   <div class='ocr_carea' id='block_1_79' title="bbox 2125 3539 3683 3609">
    <p class='ocr_par' dir='ltr' id='par_1_79' title="bbox 2125 3539 3683 3609">
     <span class='ocr_line' id='line_1_79' title="bbox 2125 3539 3683 3609; baseline -0.001 -14"><span class='ocrx_word' id='word_1_572' title='bbox 2125 3542 2269 3596; x_wconf 91' lang='lat' dir='ltr'><strong>enim</strong></span> <span class='ocrx_word' id='word_1_573' title='bbox 2303 3541 2392 3594; x_wconf 90' lang='lat' dir='ltr'><strong>uni</strong></span> <span class='ocrx_word' id='word_1_574' title='bbox 2421 3555 2563 3594; x_wconf 90' lang='lat' dir='ltr'><strong>anno</strong></span> <span class='ocrx_word' id='word_1_575' title='bbox 2605 3541 2927 3594; x_wconf 85' lang='lat' dir='ltr'><strong>duodecimo</strong></span> <span class='ocrx_word' id='word_1_576' title='bbox 2956 3540 3230 3609; x_wconf 76' lang='lat' dir='ltr'><strong>quadrent</strong></span> <span class='ocrx_word' id='word_1_577' title='bbox 3255 3540 3365 3605; x_wconf 89' lang='lat' dir='ltr'><strong>illa,</strong></span> <span class='ocrx_word' id='word_1_578' title='bbox 3396 3556 3516 3609; x_wconf 67' lang='lat' dir='ltr'><strong>quin</strong></span> <span class='ocrx_word' id='word_1_579' title='bbox 3543 3539 3683 3595; x_wconf 86' lang='lat' dir='ltr'><strong>dixi-</strong></span> 
     </span>
    </p>
   </div>
   <div class='ocr_carea' id='block_1_80' title="bbox 2129 3630 3682 3703">
    <p class='ocr_par' dir='ltr' id='par_1_80' title="bbox 2129 3630 3682 3703">
     <span class='ocr_line' id='line_1_80' title="bbox 2129 3630 3682 3703; baseline 0 -17"><span class='ocrx_word' id='word_1_580' title='bbox 2129 3647 2286 3697; x_wconf 90' lang='lat' dir='ltr'><strong>mus;</strong></span> <span class='ocrx_word' id='word_1_581' title='bbox 2333 3631 2408 3686; x_wconf 88' lang='lat' dir='ltr'><strong>uti</strong></span> <span class='ocrx_word' id='word_1_582' title='bbox 2448 3631 2582 3686; x_wconf 89' lang='lat' dir='ltr'><strong>feria</strong></span> <span class='ocrx_word' id='word_1_583' title='bbox 2621 3647 2673 3685; x_wconf 82' lang='lat' dir='ltr'><strong>vi</strong></span> <span class='ocrx_word' id='word_1_584' title='bbox 2721 3631 2773 3685; x_wconf 90' lang='lat' dir='ltr'><strong>in</strong></span> <span class='ocrx_word' id='word_1_585' title='bbox 2811 3647 2915 3684; x_wconf 90' lang='lat' dir='ltr'><strong>xxv</strong></span> <span class='ocrx_word' id='word_1_586' title='bbox 2958 3630 3134 3685; x_wconf 85' lang='lat' dir='ltr'><strong>Martii</strong></span> <span class='ocrx_word' id='word_1_587' title='bbox 3177 3632 3481 3696; x_wconf 88' lang='lat' dir='ltr'><strong>conveniat,</strong></span> <span class='ocrx_word' id='word_1_588' title='bbox 3527 3632 3682 3703; x_wconf 86' lang='lat' dir='ltr'><strong>cyclo</strong></span> 
     </span>
    </p>
   </div>
   <div class='ocr_carea' id='block_1_81' title="bbox 2127 3721 3684 3793">
    <p class='ocr_par' dir='ltr' id='par_1_81' title="bbox 2127 3721 3684 3793">
     <span class='ocr_line' id='line_1_81' title="bbox 2127 3721 3684 3793; baseline 0.001 -14"><span class='ocrx_word' id='word_1_589' title='bbox 2127 3725 2258 3780; x_wconf 91' lang='lat' dir='ltr'><strong>solis</strong></span> <span class='ocrx_word' id='word_1_590' title='bbox 2292 3740 2406 3789; x_wconf 87' lang='grc' dir='ltr'>χχι,</span> <span class='ocrx_word' id='word_1_591' title='bbox 2439 3724 2618 3779; x_wconf 90' lang='lat' dir='ltr'><strong>littera</strong></span> <span class='ocrx_word' id='word_1_592' title='bbox 2658 3723 2766 3788; x_wconf 88' lang='lat' dir='ltr'><strong>CB,</strong></span> <span class='ocrx_word' id='word_1_593' title='bbox 2797 3723 2940 3779; x_wconf 75' lang='lat' dir='ltr'><strong>luna:</strong></span> <span class='ocrx_word' id='word_1_594' title='bbox 2981 3738 3097 3778; x_wconf 92' lang='grc' dir='ltr'>χιιι.</span> <span class='ocrx_word' id='word_1_595' title='bbox 3135 3721 3269 3779; x_wconf 84' lang='lat' dir='ltr'><strong>Vide</strong></span> <span class='ocrx_word' id='word_1_596' title='bbox 3310 3739 3430 3793; x_wconf 76' lang='lat' dir='ltr'><strong>qua:</strong></span> <span class='ocrx_word' id='word_1_597' title='bbox 3469 3738 3534 3778; x_wconf 88' lang='lat' dir='ltr'><strong>ex</strong></span> <span class='ocrx_word' id='word_1_598' title='bbox 3572 3724 3684 3780; x_wconf 84' lang='lat' dir='ltr'><strong>Ma-</strong></span> 
     </span>
    </p>
   </div>
   <div class='ocr_carea' id='block_1_82' title="bbox 2126 3813 3681 3886">
    <p class='ocr_par' dir='ltr' id='par_1_82' title="bbox 2126 3813 3681 3886">
     <span class='ocr_line' id='line_1_82' title="bbox 2126 3813 3681 3886; baseline -0.003 -15"><span class='ocrx_word' id='word_1_599' title='bbox 2126 3817 2283 3872; x_wconf 90' lang='lat' dir='ltr'><strong>riano</strong></span> <span class='ocrx_word' id='word_1_600' title='bbox 2330 3831 2393 3870; x_wconf 92' lang='lat' dir='ltr'><strong>ac</strong></span> <span class='ocrx_word' id='word_1_601' title='bbox 2427 3814 2708 3886; x_wconf 85' lang='lat' dir='ltr'><strong>Sigeberto</strong></span> <span class='ocrx_word' id='word_1_602' title='bbox 2734 3814 2788 3868; x_wconf 91' lang='lat' dir='ltr'><strong>in</strong></span> <span class='ocrx_word' id='word_1_603' title='bbox 2823 3814 3105 3884; x_wconf 87' lang='lat' dir='ltr'><strong>superiore</strong></span> <span class='ocrx_word' id='word_1_604' title='bbox 3134 3813 3374 3869; x_wconf 90' lang='lat' dir='ltr'><strong>Diatriba</strong></span> <span class='ocrx_word' id='word_1_605' title='bbox 3421 3815 3681 3884; x_wconf 88' lang='lat' dir='ltr'><strong>produxi-</strong></span> 
     </span>
    </p>
   </div>
   <div class='ocr_carea' id='block_1_83' title="bbox 2127 3905 3683 3976">
    <p class='ocr_par' dir='ltr' id='par_1_83' title="bbox 2127 3905 3683 3976">
     <span class='ocr_line' id='line_1_83' title="bbox 2127 3905 3683 3976; baseline -0.001 -15"><span class='ocrx_word' id='word_1_606' title='bbox 2127 3923 2269 3962; x_wconf 93' lang='lat' dir='ltr'><strong>mus.</strong></span> <span class='ocrx_word' id='word_1_607' title='bbox 2301 3905 2558 3962; x_wconf 92' lang='lat' dir='ltr'><strong>Eamdem</strong></span> <span class='ocrx_word' id='word_1_608' title='bbox 2593 3906 2738 3960; x_wconf 89' lang='lat' dir='ltr'><strong>illam</strong></span> <span class='ocrx_word' id='word_1_609' title='bbox 2771 3907 3132 3976; x_wconf 84' lang='lat' dir='ltr'><strong>conjecturam</strong></span> <span class='ocrx_word' id='word_1_610' title='bbox 3169 3912 3224 3960; x_wconf 89' lang='lat' dir='ltr'><strong>et</strong></span> <span class='ocrx_word' id='word_1_611' title='bbox 3278 3907 3585 3974; x_wconf 91' lang='lat' dir='ltr'><strong>opinionem</strong></span> <span class='ocrx_word' id='word_1_612' title='bbox 3616 3906 3683 3959; x_wconf 89' lang='lat' dir='ltr'><strong>dc</strong></span> 
     </span>
    </p>
   </div>
   <div class='ocr_carea' id='block_1_84' title="bbox 2128 3994 3682 4066">
    <p class='ocr_par' dir='ltr' id='par_1_84' title="bbox 2128 3994 3682 4066">
     <span class='ocr_line' id='line_1_84' title="bbox 2128 3994 3682 4066; baseline -0.003 -13"><span class='ocrx_word' id='word_1_613' title='bbox 2128 4015 2240 4054; x_wconf 88' lang='grc' dir='ltr'>χχιι</span> <span class='ocrx_word' id='word_1_614' title='bbox 2270 4015 2535 4054; x_wconf 88' lang='lat' dir='ltr'><strong>annorum</strong></span> <span class='ocrx_word' id='word_1_615' title='bbox 2575 3999 2696 4053; x_wconf 91' lang='lat' dir='ltr'><strong>labe</strong></span> <span class='ocrx_word' id='word_1_616' title='bbox 2724 3998 2983 4053; x_wconf 89' lang='lat' dir='ltr'><strong>divinitus</strong></span> <span class='ocrx_word' id='word_1_617' title='bbox 3016 3997 3116 4052; x_wconf 91' lang='lat' dir='ltr'><strong>sibi</strong></span> <span class='ocrx_word' id='word_1_618' title='bbox 3142 3994 3460 4066; x_wconf 82' lang='lat' dir='ltr'><strong>patefactam</strong></span> <span class='ocrx_word' id='word_1_619' title='bbox 3480 3994 3682 4050; x_wconf 86' lang='lat' dir='ltr'><strong>Paulus</strong></span> 
     </span>
    </p>
   </div>
   <div class='ocr_carea' id='block_1_85' title="bbox 2130 4086 3676 4160">
    <p class='ocr_par' dir='ltr' id='par_1_85' title="bbox 2130 4086 3676 4160">
     <span class='ocr_line' id='line_1_85' title="bbox 2130 4086 3676 4160; baseline 0.001 -16"><span class='ocrx_word' id='word_1_620' title='bbox 2130 4090 2699 4160; x_wconf 89' lang='lat' dir='ltr'><strong>Forosemproniensis</strong></span> <span class='ocrx_word' id='word_1_621' title='bbox 2733 4098 2919 4143; x_wconf 89' lang='lat' dir='ltr'><strong>narrat</strong></span> <span class='ocrx_word' id='word_1_622' title='bbox 2964 4087 3058 4141; x_wconf 90' lang='lat' dir='ltr'><strong>lib.</strong></span> <span class='ocrx_word' id='word_1_623' title='bbox 3089 4104 3120 4140; x_wconf 87' lang='grc' dir='ltr'><strong>χ</strong></span> <span class='ocrx_word' id='word_1_624' title='bbox 3156 4086 3326 4157; x_wconf 85' lang='lat' dir='ltr'><strong>partis</strong></span> <span class='ocrx_word' id='word_1_625' title='bbox 3363 4101 3402 4140; x_wconf 82' lang='grc' dir='ltr'><strong>ιι</strong></span> <span class='ocrx_word' id='word_1_626' title='bbox 3432 4089 3676 4146; x_wconf 78' lang='lat' dir='ltr'><strong>Paulina:</strong></span> 
     </span>
    </p>
   </div>
   <div class='ocr_carea' id='block_1_86' title="bbox 2126 4175 3683 4245">
    <p class='ocr_par' dir='ltr' id='par_1_86' title="bbox 2126 4175 3683 4245">
     <span class='ocr_line' id='line_1_86' title="bbox 2126 4175 3683 4245; baseline -0.004 -8"><span class='ocrx_word' id='word_1_627' title='bbox 2126 4198 2256 4237; x_wconf 68' lang='lat' dir='ltr'><strong>suae.</strong></span> <span class='ocrx_word' id='word_1_628' title='bbox 2304 4182 2440 4235; x_wconf 91' lang='lat' dir='ltr'><strong>Cum</strong></span> <span class='ocrx_word' id='word_1_629' title='bbox 2484 4183 2627 4234; x_wconf 91' lang='lat' dir='ltr'><strong>enim</strong></span> <span class='ocrx_word' id='word_1_630' title='bbox 2667 4180 2890 4234; x_wconf 90' lang='lat' dir='ltr'><strong>minime</strong></span> <span class='ocrx_word' id='word_1_631' title='bbox 2933 4178 3225 4243; x_wconf 89' lang='lat' dir='ltr'><strong>dubitaret,</strong></span> <span class='ocrx_word' id='word_1_632' title='bbox 3267 4175 3401 4245; x_wconf 90' lang='lat' dir='ltr'><strong>quin</strong></span> <span class='ocrx_word' id='word_1_633' title='bbox 3431 4175 3683 4230; x_wconf 87' lang='lat' dir='ltr'><strong>Christus</strong></span> 
     </span>
    </p>
   </div>
   <div class='ocr_carea' id='block_1_87' title="bbox 2127 4269 3682 4338">
    <p class='ocr_par' dir='ltr' id='par_1_87' title="bbox 2127 4269 3682 4338">
     <span class='ocr_line' id='line_1_87' title="bbox 2127 4269 3682 4338; baseline -0.005 -13"><span class='ocrx_word' id='word_1_634' title='bbox 2127 4271 2304 4325; x_wconf 89' lang='lat' dir='ltr'><strong>Martii</strong></span> <span class='ocrx_word' id='word_1_635' title='bbox 2333 4286 2463 4337; x_wconf 84' lang='lat' dir='ltr'><strong>xxv,</strong></span> <span class='ocrx_word' id='word_1_636' title='bbox 2501 4270 2637 4325; x_wconf 89' lang='lat' dir='ltr'><strong>feria</strong></span> <span class='ocrx_word' id='word_1_637' title='bbox 2667 4285 2718 4323; x_wconf 79' lang='lat' dir='ltr'><strong>Vl</strong></span> <span class='ocrx_word' id='word_1_638' title='bbox 2749 4283 2967 4324; x_wconf 89' lang='lat' dir='ltr'><strong>crucem</strong></span> <span class='ocrx_word' id='word_1_639' title='bbox 2993 4269 3340 4338; x_wconf 88' lang='lat' dir='ltr'><strong>pertulisset,</strong></span> <span class='ocrx_word' id='word_1_640' title='bbox 3371 4281 3544 4334; x_wconf 82' lang='lat' dir='ltr'><strong>neque</strong></span> <span class='ocrx_word' id='word_1_641' title='bbox 3563 4280 3682 4320; x_wconf 61' lang='lat' dir='ltr'><strong>cero</strong></span> 
     </span>
    </p>
   </div>
   <div class='ocr_carea' id='block_1_88' title="bbox 2126 4356 3682 4431">
    <p class='ocr_par' dir='ltr' id='par_1_88' title="bbox 2126 4356 3682 4431">
     <span class='ocr_line' id='line_1_88' title="bbox 2126 4356 3682 4431; baseline -0.006 -13"><span class='ocrx_word' id='word_1_642' title='bbox 2126 4371 2242 4418; x_wconf 89' lang='lat' dir='ltr'><strong>tum</strong></span> <span class='ocrx_word' id='word_1_643' title='bbox 2276 4377 2474 4416; x_wconf 88' lang='lat' dir='ltr'><strong>annum</strong></span> <span class='ocrx_word' id='word_1_644' title='bbox 2505 4361 2637 4416; x_wconf 90' lang='lat' dir='ltr'><strong>satis</strong></span> <span class='ocrx_word' id='word_1_645' title='bbox 2672 4360 2986 4431; x_wconf 88' lang='lat' dir='ltr'><strong>explicaret,</strong></span> <span class='ocrx_word' id='word_1_646' title='bbox 3021 4370 3144 4428; x_wconf 89' lang='lat' dir='ltr'><strong>post</strong></span> <span class='ocrx_word' id='word_1_647' title='bbox 3188 4359 3407 4430; x_wconf 86' lang='lat' dir='ltr'><strong>longam</strong></span> <span class='ocrx_word' id='word_1_648' title='bbox 3439 4356 3682 4426; x_wconf 89' lang='lat' dir='ltr'><strong>vigiliam</strong></span> 
     </span>
    </p>
   </div>
   <div class='ocr_carea' id='block_1_89' title="bbox 2129 4447 3684 4519">
    <p class='ocr_par' dir='ltr' id='par_1_89' title="bbox 2129 4447 3684 4519">
     <span class='ocr_line' id='line_1_89' title="bbox 2129 4447 3684 4519; baseline -0.004 -14"><span class='ocrx_word' id='word_1_649' title='bbox 2129 4451 2371 4507; x_wconf 85' lang='lat' dir='ltr'><strong>adfuisse</strong></span> <span class='ocrx_word' id='word_1_650' title='bbox 2395 4451 2496 4505; x_wconf 92' lang='lat' dir='ltr'><strong>sibi</strong></span> <span class='ocrx_word' id='word_1_651' title='bbox 2531 4449 2758 4504; x_wconf 90' lang='lat' dir='ltr'><strong>Paulum</strong></span> <span class='ocrx_word' id='word_1_652' title='bbox 2797 4451 3100 4519; x_wconf 91' lang='lat' dir='ltr'><strong>apostolum</strong></span> <span class='ocrx_word' id='word_1_653' title='bbox 3131 4457 3335 4512; x_wconf 90' lang='lat' dir='ltr'><strong>narrat,</strong></span> <span class='ocrx_word' id='word_1_654' title='bbox 3363 4457 3417 4502; x_wconf 89' lang='lat' dir='ltr'><strong>et</strong></span> <span class='ocrx_word' id='word_1_655' title='bbox 3448 4447 3684 4502; x_wconf 90' lang='lat' dir='ltr'><strong>chrono-</strong></span> 
     </span>
    </p>
   </div>
   <div class='ocr_carea' id='block_1_90' title="bbox 463 4535 3684 4614">
    <p class='ocr_par' dir='ltr' id='par_1_90' title="bbox 463 4535 3684 4614">
     <span class='ocr_line' id='line_1_90' title="bbox 463 4535 3684 4614; baseline 0.002 -27"><span class='ocrx_word' id='word_1_656' title='bbox 463 4549 634 4590; x_wconf 86' lang='lat' dir='ltr'><strong>annos</strong></span> <span class='ocrx_word' id='word_1_657' title='bbox 682 4546 802 4605; x_wconf 90' lang='lat' dir='ltr'><strong>post</strong></span> <span class='ocrx_word' id='word_1_658' title='bbox 854 4535 1098 4592; x_wconf 86' lang='lat' dir='ltr'><strong>Natalem</strong></span> <span class='ocrx_word' id='word_1_659' title='bbox 1149 4555 1275 4593; x_wconf 85' lang='grc' dir='ltr'>χχχι</span> <span class='ocrx_word' id='word_1_660' title='bbox 1328 4555 1450 4594; x_wconf 92' lang='lat' dir='ltr'><strong>cum</strong></span> <span class='ocrx_word' id='word_1_661' title='bbox 1487 4543 1766 4598; x_wconf 87' lang='lat' dir='ltr'><strong>mensibus</strong></span> <span class='ocrx_word' id='word_1_662' title='bbox 1819 4545 2027 4614; x_wconf 88' lang='lat' dir='ltr'><strong>aliquot</strong></span> <span class='ocrx_word' id='word_1_663' title='bbox 2056 4543 2376 4613; x_wconf 83' lang='lat' dir='ltr'><strong>Dlogorum</strong></span> <span class='ocrx_word' id='word_1_664' title='bbox 2403 4542 2647 4596; x_wconf 91' lang='lat' dir='ltr'><strong>omnium</strong></span> <span class='ocrx_word' id='word_1_665' title='bbox 2667 4555 2908 4596; x_wconf 88' lang='lat' dir='ltr'><strong>errorem</strong></span> <span class='ocrx_word' id='word_1_666' title='bbox 2935 4540 3350 4609; x_wconf 88' lang='lat' dir='ltr'><strong>indicasse;qui</strong></span> <span class='ocrx_word' id='word_1_667' title='bbox 3373 4553 3485 4592; x_wconf 86' lang='grc' dir='ltr'>χχιι</span> <span class='ocrx_word' id='word_1_668' title='bbox 3511 4550 3684 4593; x_wconf 81' lang='lat' dir='ltr'><strong>annos</strong></span> 
     </span>
    </p>
   </div>
   <div class='ocr_carea' id='block_1_91' title="bbox 462 4627 2026 4707">
    <p class='ocr_par' dir='ltr' id='par_1_91' title="bbox 462 4627 2026 4707">
     <span class='ocr_line' id='line_1_91' title="bbox 462 4627 2026 4707; baseline 0.01 -28"><span class='ocrx_word' id='word_1_669' title='bbox 462 4627 664 4682; x_wconf 80' lang='lat' dir='ltr'><strong>vixisse</strong></span> <span class='ocrx_word' id='word_1_670' title='bbox 712 4629 934 4696; x_wconf 87' lang='lat' dir='ltr'><strong>statuit;</strong></span> <span class='ocrx_word' id='word_1_671' title='bbox 989 4631 1254 4702; x_wconf 85' lang='lat' dir='ltr'><strong>siquidem</strong></span> <span class='ocrx_word' id='word_1_672' title='bbox 1305 4631 1548 4689; x_wconf 84' lang='lat' dir='ltr'><strong>Natalem</strong></span> <span class='ocrx_word' id='word_1_673' title='bbox 1602 4638 1778 4707; x_wconf 84' lang='lat' dir='ltr'><strong>ipsum</strong></span> <span class='ocrx_word' id='word_1_674' title='bbox 1819 4639 1873 4692; x_wconf 91' lang='lat' dir='ltr'><strong>in</strong></span> <span class='ocrx_word' id='word_1_675' title='bbox 1919 4638 2026 4694; x_wconf 87' lang='lat' dir='ltr'><strong>De-</strong></span> 
     </span>
    </p>
   </div>
   <div class='ocr_carea' id='block_1_92' title="bbox 463 4719 2026 4800">
    <p class='ocr_par' dir='ltr' id='par_1_92' title="bbox 463 4719 2026 4800">
     <span class='ocr_line' id='line_1_92' title="bbox 463 4719 2026 4800; baseline 0.01 -29"><span class='ocrx_word' id='word_1_676' title='bbox 463 4719 732 4774; x_wconf 89' lang='lat' dir='ltr'><strong>cembrem</strong></span> <span class='ocrx_word' id='word_1_677' title='bbox 763 4721 1040 4789; x_wconf 89' lang='lat' dir='ltr'><strong>conferat;</strong></span> <span class='ocrx_word' id='word_1_678' title='bbox 1088 4723 1169 4778; x_wconf 90' lang='lat' dir='ltr'><strong>sin</strong></span> <span class='ocrx_word' id='word_1_679' title='bbox 1205 4739 1271 4779; x_wconf 87' lang='lat' dir='ltr'><strong>ex</strong></span> <span class='ocrx_word' id='word_1_680' title='bbox 1324 4725 1724 4798; x_wconf 65' lang='lat' dir='ltr'><strong>Egyptiorum,</strong></span> <span class='ocrx_word' id='word_1_681' title='bbox 1764 4747 1901 4800; x_wconf 82' lang='lat' dir='ltr'><strong>quos</strong></span> <span class='ocrx_word' id='word_1_682' title='bbox 1938 4746 2026 4787; x_wconf 87' lang='lat' dir='ltr'><strong>se-</strong></span> 
     </span>
    </p>
   </div>
   <div class='ocr_carea' id='block_1_93' title="bbox 461 4811 2028 4883">
    <p class='ocr_par' dir='ltr' id='par_1_93' title="bbox 461 4811 2028 4883">
     <span class='ocr_line' id='line_1_93' title="bbox 461 4811 2028 4883; baseline 0.008 -20"><span class='ocrx_word' id='word_1_683' title='bbox 461 4811 648 4880; x_wconf 90' lang='lat' dir='ltr'><strong>quitur</strong></span> <span class='ocrx_word' id='word_1_684' title='bbox 677 4812 1031 4883; x_wconf 85' lang='lat' dir='ltr'><strong>Epiphanius,</strong></span> <span class='ocrx_word' id='word_1_685' title='bbox 1062 4816 1302 4882; x_wconf 88' lang='lat' dir='ltr'><strong>decreto,</strong></span> <span class='ocrx_word' id='word_1_686' title='bbox 1335 4817 1581 4874; x_wconf 87' lang='lat' dir='ltr'><strong>Januarii</strong></span> <span class='ocrx_word' id='word_1_687' title='bbox 1609 4837 1659 4874; x_wconf 83' lang='grc' dir='ltr'>νι</span> <span class='ocrx_word' id='word_1_688' title='bbox 1703 4821 1845 4877; x_wconf 90' lang='lat' dir='ltr'><strong>diem</strong></span> <span class='ocrx_word' id='word_1_689' title='bbox 1873 4821 2028 4876; x_wconf 90' lang='lat' dir='ltr'><strong>Chri-</strong></span> 
     </span>
    </p>
   </div>
   <div class='ocr_carea' id='block_1_94' title="bbox 462 4900 2026 4982">
    <p class='ocr_par' dir='ltr' id='par_1_94' title="bbox 462 4900 2026 4982">
     <span class='ocr_line' id='line_1_94' title="bbox 462 4900 2026 4982; baseline 0.01 -27"><span class='ocrx_word' id='word_1_690' title='bbox 462 4903 532 4957; x_wconf 78' lang='lat' dir='ltr'><strong>sti</strong></span> <span class='ocrx_word' id='word_1_691' title='bbox 571 4900 846 4959; x_wconf 90' lang='lat' dir='ltr'><strong>Nativitati</strong></span> <span class='ocrx_word' id='word_1_692' title='bbox 897 4908 1178 4976; x_wconf 68' lang='lat' dir='ltr'><strong>praeliniat.</strong></span> <span class='ocrx_word' id='word_1_693' title='bbox 1212 4925 1321 4965; x_wconf 92' lang='lat' dir='ltr'><strong>uno</strong></span> <span class='ocrx_word' id='word_1_694' title='bbox 1365 4911 1618 4982; x_wconf 87' lang='lat' dir='ltr'><strong>amplius,</strong></span> <span class='ocrx_word' id='word_1_695' title='bbox 1671 4914 1724 4969; x_wconf 91' lang='lat' dir='ltr'><strong>id</strong></span> <span class='ocrx_word' id='word_1_696' title='bbox 1756 4922 1842 4970; x_wconf 86' lang='lat' dir='ltr'><strong>est</strong></span> <span class='ocrx_word' id='word_1_697' title='bbox 1879 4931 2026 4971; x_wconf 81' lang='grc' dir='ltr'>χχχιι</span> 
     </span>
    </p>
   </div>
   <div class='ocr_carea' id='block_1_95' title="bbox 463 4996 2029 5072">
    <p class='ocr_par' dir='ltr' id='par_1_95' title="bbox 463 4996 2029 5072">
     <span class='ocr_line' id='line_1_95' title="bbox 463 4996 2029 5072; baseline 0.008 -26"><span class='ocrx_word' id='word_1_698' title='bbox 463 5006 637 5048; x_wconf 89' lang='lat' dir='ltr'><strong>annos</strong></span> <span class='ocrx_word' id='word_1_699' title='bbox 667 5009 785 5048; x_wconf 88' lang='lat' dir='ltr'><strong>cum</strong></span> <span class='ocrx_word' id='word_1_700' title='bbox 812 4996 1089 5052; x_wconf 87' lang='lat' dir='ltr'><strong>mensibus</strong></span> <span class='ocrx_word' id='word_1_701' title='bbox 1117 4997 1292 5054; x_wconf 85' lang='lat' dir='ltr'><strong>tribus</strong></span> <span class='ocrx_word' id='word_1_702' title='bbox 1331 5000 1506 5056; x_wconf 90' lang='lat' dir='ltr'><strong>eidem</strong></span> <span class='ocrx_word' id='word_1_703' title='bbox 1548 5013 1672 5072; x_wconf 88' lang='lat' dir='ltr'><strong>post</strong></span> <span class='ocrx_word' id='word_1_704' title='bbox 1715 5010 1896 5058; x_wconf 89' lang='lat' dir='ltr'><strong>ortum</strong></span> <span class='ocrx_word' id='word_1_705' title='bbox 1927 5005 2029 5059; x_wconf 91' lang='lat' dir='ltr'><strong>im-</strong></span> 
     </span>
    </p>
   </div>
   <div class='ocr_carea' id='block_1_96' title="bbox 462 5084 2026 5166">
    <p class='ocr_par' dir='ltr' id='par_1_96' title="bbox 462 5084 2026 5166">
     <span class='ocr_line' id='line_1_96' title="bbox 462 5084 2026 5166; baseline 0.011 -31"><span class='ocrx_word' id='word_1_706' title='bbox 462 5084 690 5152; x_wconf 87' lang='lat' dir='ltr'><strong>putabit.</strong></span> <span class='ocrx_word' id='word_1_707' title='bbox 723 5085 966 5158; x_wconf 90' lang='lat' dir='ltr'><strong>Longum</strong></span> <span class='ocrx_word' id='word_1_708' title='bbox 1008 5097 1093 5145; x_wconf 90' lang='lat' dir='ltr'><strong>est</strong></span> <span class='ocrx_word' id='word_1_709' title='bbox 1124 5107 1444 5148; x_wconf 86' lang='lat' dir='ltr'><strong>enumerare</strong></span> <span class='ocrx_word' id='word_1_710' title='bbox 1475 5103 1722 5159; x_wconf 67' lang='lat' dir='ltr'><strong>caeteros,</strong></span> <span class='ocrx_word' id='word_1_711' title='bbox 1757 5096 1848 5166; x_wconf 92' lang='lat' dir='ltr'><strong>qui</strong></span> <span class='ocrx_word' id='word_1_712' title='bbox 1876 5113 2026 5160; x_wconf 82' lang='lat' dir='ltr'><strong>xxxi,</strong></span> 
     </span>
    </p>
   </div>
   <div class='ocr_carea' id='block_1_97' title="bbox 461 5181 2028 5257">
    <p class='ocr_par' dir='ltr' id='par_1_97' title="bbox 461 5181 2028 5257">
     <span class='ocr_line' id='line_1_97' title="bbox 461 5181 2028 5257; baseline 0.008 -30"><span class='ocrx_word' id='word_1_713' title='bbox 461 5183 556 5228; x_wconf 89' lang='lat' dir='ltr'><strong>aut</strong></span> <span class='ocrx_word' id='word_1_714' title='bbox 583 5191 757 5242; x_wconf 86' lang='grc' dir='ltr'>χχχιι,</span> <span class='ocrx_word' id='word_1_715' title='bbox 786 5186 877 5232; x_wconf 90' lang='lat' dir='ltr'><strong>aut</strong></span> <span class='ocrx_word' id='word_1_716' title='bbox 921 5181 990 5235; x_wconf 93' lang='lat' dir='ltr'><strong>ad</strong></span> <span class='ocrx_word' id='word_1_717' title='bbox 1033 5196 1309 5238; x_wconf 84' lang='lat' dir='ltr'><strong>summum</strong></span> <span class='ocrx_word' id='word_1_718' title='bbox 1357 5200 1544 5239; x_wconf 82' lang='grc' dir='ltr'>χχχιιι</span> <span class='ocrx_word' id='word_1_719' title='bbox 1590 5195 1863 5257; x_wconf 86' lang='lat' dir='ltr'><strong>arrogant.</strong></span> <span class='ocrx_word' id='word_1_720' title='bbox 1923 5186 2028 5254; x_wconf 88' lang='lat' dir='ltr'><strong>Qui</strong></span> 
     </span>
    </p>
   </div>
   <div class='ocr_carea' id='block_1_98' title="bbox 463 5271 2027 5346">
    <p class='ocr_par' dir='ltr' id='par_1_98' title="bbox 463 5271 2027 5346">
     <span class='ocr_line' id='line_1_98' title="bbox 463 5271 2027 5346; baseline 0.008 -28"><span class='ocrx_word' id='word_1_721' title='bbox 463 5275 647 5321; x_wconf 89' lang='lat' dir='ltr'><strong>autem</strong></span> <span class='ocrx_word' id='word_1_722' title='bbox 707 5271 928 5341; x_wconf 88' lang='lat' dir='ltr'><strong>triginta</strong></span> <span class='ocrx_word' id='word_1_723' title='bbox 984 5282 1218 5342; x_wconf 91' lang='lat' dir='ltr'><strong>quatuor</strong></span> <span class='ocrx_word' id='word_1_724' title='bbox 1267 5275 1592 5346; x_wconf 88' lang='lat' dir='ltr'><strong>assignaret,</strong></span> <span class='ocrx_word' id='word_1_725' title='bbox 1652 5286 1778 5331; x_wconf 90' lang='lat' dir='ltr'><strong>ante</strong></span> <span class='ocrx_word' id='word_1_726' title='bbox 1832 5275 2027 5332; x_wconf 89' lang='lat' dir='ltr'><strong>Bedam</strong></span> 
     </span>
    </p>
   </div>
   <div class='ocr_carea' id='block_1_99' title="bbox 464 5355 2029 5438">
    <p class='ocr_par' dir='ltr' id='par_1_99' title="bbox 464 5355 2029 5438">
     <span class='ocr_line' id='line_1_99' title="bbox 464 5355 2029 5438; baseline 0.007 -29"><span class='ocrx_word' id='word_1_727' title='bbox 464 5355 637 5414; x_wconf 85' lang='lat' dir='ltr'><strong>fuisse</strong></span> <span class='ocrx_word' id='word_1_728' title='bbox 666 5372 796 5428; x_wconf 86' lang='lat' dir='ltr'><strong>puto</strong></span> <span class='ocrx_word' id='word_1_729' title='bbox 829 5365 1123 5420; x_wconf 89' lang='lat' dir='ltr'><strong>neminem.</strong></span> <span class='ocrx_word' id='word_1_730' title='bbox 1179 5363 1284 5431; x_wconf 86' lang='lat' dir='ltr'><strong>Qui</strong></span> <span class='ocrx_word' id='word_1_731' title='bbox 1333 5382 1400 5422; x_wconf 90' lang='lat' dir='ltr'><strong>ne</strong></span> <span class='ocrx_word' id='word_1_732' title='bbox 1447 5367 1566 5436; x_wconf 91' lang='lat' dir='ltr'><strong>ipse</strong></span> <span class='ocrx_word' id='word_1_733' title='bbox 1597 5368 1814 5438; x_wconf 88' lang='lat' dir='ltr'><strong>quidem</strong></span> <span class='ocrx_word' id='word_1_734' title='bbox 1863 5383 2029 5421; x_wconf 84' lang='lat' dir='ltr'><strong>xxxiv</strong></span> 
     </span>
    </p>
   </div>
   <div class='ocr_carea' id='block_1_100' title="bbox 463 5449 2031 5520">
    <p class='ocr_par' dir='ltr' id='par_1_100' title="bbox 463 5449 2031 5520">
     <span class='ocr_line' id='line_1_100' title="bbox 463 5449 2031 5520; baseline 0.008 -21"><span class='ocrx_word' id='word_1_735' title='bbox 463 5449 665 5506; x_wconf 80' lang='lat' dir='ltr'><strong>vixisse</strong></span> <span class='ocrx_word' id='word_1_736' title='bbox 693 5454 911 5520; x_wconf 87' lang='lat' dir='ltr'><strong>statuit;</strong></span> <span class='ocrx_word' id='word_1_737' title='bbox 947 5456 1042 5510; x_wconf 89' lang='lat' dir='ltr'><strong>sed</strong></span> <span class='ocrx_word' id='word_1_738' title='bbox 1072 5472 1222 5511; x_wconf 82' lang='grc' dir='ltr'>χχχιι</span> <span class='ocrx_word' id='word_1_739' title='bbox 1243 5456 1505 5511; x_wconf 87' lang='lat' dir='ltr'><strong>duntaxat</strong></span> <span class='ocrx_word' id='word_1_740' title='bbox 1527 5473 1651 5512; x_wconf 92' lang='lat' dir='ltr'><strong>cum</strong></span> <span class='ocrx_word' id='word_1_741' title='bbox 1681 5459 1858 5513; x_wconf 91' lang='lat' dir='ltr'><strong>tribus</strong></span> <span class='ocrx_word' id='word_1_742' title='bbox 1880 5473 2031 5512; x_wconf 86' lang='lat' dir='ltr'><strong>men-</strong></span> 
     </span>
    </p>
   </div>
   <div class='ocr_carea' id='block_1_101' title="bbox 463 5537 2031 5615">
    <p class='ocr_par' dir='ltr' id='par_1_101' title="bbox 463 5537 2031 5615">
     <span class='ocr_line' id='line_1_101' title="bbox 463 5537 2031 5615; baseline 0.005 -21"><span class='ocrx_word' id='word_1_743' title='bbox 463 5537 648 5607; x_wconf 83' lang='lat' dir='ltr'><strong>sibus;</strong></span> <span class='ocrx_word' id='word_1_744' title='bbox 689 5556 812 5595; x_wconf 90' lang='lat' dir='ltr'><strong>nam</strong></span> <span class='ocrx_word' id='word_1_745' title='bbox 837 5558 902 5597; x_wconf 90' lang='lat' dir='ltr'><strong>ex</strong></span> <span class='ocrx_word' id='word_1_746' title='bbox 932 5545 1035 5599; x_wconf 93' lang='lat' dir='ltr'><strong>isto</strong></span> <span class='ocrx_word' id='word_1_747' title='bbox 1065 5561 1294 5601; x_wconf 91' lang='lat' dir='ltr'><strong>numero</strong></span> <span class='ocrx_word' id='word_1_748' title='bbox 1325 5547 1531 5615; x_wconf 90' lang='lat' dir='ltr'><strong>primus</strong></span> <span class='ocrx_word' id='word_1_749' title='bbox 1565 5547 1655 5601; x_wconf 91' lang='lat' dir='ltr'><strong>ille</strong></span> <span class='ocrx_word' id='word_1_750' title='bbox 1690 5547 1814 5602; x_wconf 69' lang='lat' dir='ltr'><strong>vitae</strong></span> <span class='ocrx_word' id='word_1_751' title='bbox 1859 5548 2031 5602; x_wconf 65' lang='lat' dir='ltr'><strong>aetati-</strong></span> 
     </span>
    </p>
   </div>
   <div class='ocr_carea' id='block_1_102' title="bbox 461 5630 2033 5710">
    <p class='ocr_par' dir='ltr' id='par_1_102' title="bbox 461 5630 2033 5710">
     <span class='ocr_line' id='line_1_102' title="bbox 461 5630 2033 5710; baseline 0.009 -28"><span class='ocrx_word' id='word_1_752' title='bbox 461 5643 570 5700; x_wconf 92' lang='lat' dir='ltr'><strong>que</strong></span> <span class='ocrx_word' id='word_1_753' title='bbox 596 5630 962 5690; x_wconf 86' lang='lat' dir='ltr'><strong>detrahendus</strong></span> <span class='ocrx_word' id='word_1_754' title='bbox 991 5647 1094 5702; x_wconf 89' lang='lat' dir='ltr'><strong>est,</strong></span> <span class='ocrx_word' id='word_1_755' title='bbox 1126 5653 1236 5707; x_wconf 93' lang='lat' dir='ltr'><strong>quo</strong></span> <span class='ocrx_word' id='word_1_756' title='bbox 1265 5638 1322 5692; x_wconf 91' lang='lat' dir='ltr'><strong>in</strong></span> <span class='ocrx_word' id='word_1_757' title='bbox 1353 5637 1592 5710; x_wconf 81' lang='lat' dir='ltr'><strong>Virginis</strong></span> <span class='ocrx_word' id='word_1_758' title='bbox 1620 5647 1777 5695; x_wconf 90' lang='lat' dir='ltr'><strong>utero</strong></span> <span class='ocrx_word' id='word_1_759' title='bbox 1811 5639 1931 5703; x_wconf 89' lang='lat' dir='ltr'><strong>fuit,</strong></span> <span class='ocrx_word' id='word_1_760' title='bbox 1972 5651 2033 5696; x_wconf 89' lang='lat' dir='ltr'><strong>ut</strong></span> 
     </span>
    </p>
   </div>
   <div class='ocr_carea' id='block_1_103' title="bbox 463 5721 2029 5801">
    <p class='ocr_par' dir='ltr' id='par_1_103' title="bbox 463 5721 2029 5801">
     <span class='ocr_line' id='line_1_103' title="bbox 463 5721 2029 5801; baseline 0.007 -25"><span class='ocrx_word' id='word_1_761' title='bbox 463 5721 664 5790; x_wconf 70' lang='lat' dir='ltr'><strong>saepius</strong></span> <span class='ocrx_word' id='word_1_762' title='bbox 713 5725 1116 5783; x_wconf 90' lang='lat' dir='ltr'><strong>admonuimus.</strong></span> <span class='ocrx_word' id='word_1_763' title='bbox 1160 5727 1280 5794; x_wconf 90' lang='lat' dir='ltr'><strong>Quo</strong></span> <span class='ocrx_word' id='word_1_764' title='bbox 1333 5730 1503 5801; x_wconf 85' lang='lat' dir='ltr'><strong>magis</strong></span> <span class='ocrx_word' id='word_1_765' title='bbox 1535 5729 1794 5784; x_wconf 89' lang='lat' dir='ltr'><strong>admirari</strong></span> <span class='ocrx_word' id='word_1_766' title='bbox 1831 5731 2029 5800; x_wconf 81' lang='lat' dir='ltr'><strong>soleo,</strong></span> 
     </span>
    </p>
   </div>
   <div class='ocr_carea' id='block_1_104' title="bbox 482 5815 2031 5881">
    <p class='ocr_par' dir='ltr' id='par_1_104' title="bbox 482 5815 2031 5881">
     <span class='ocr_line' id='line_1_104' title="bbox 482 5815 2031 5881; baseline 0.006 -14"><span class='ocrx_word' id='word_1_767' title='bbox 482 5815 820 5881; x_wconf 66' lang='lat' dir='ltr'><strong>persuasisse</strong></span> <span class='ocrx_word' id='word_1_768' title='bbox 881 5818 981 5874; x_wconf 89' lang='lat' dir='ltr'><strong>sibi</strong></span> <span class='ocrx_word' id='word_1_769' title='bbox 1060 5820 1347 5875; x_wconf 89' lang='lat' dir='ltr'><strong>nonnullos</strong></span> <span class='ocrx_word' id='word_1_770' title='bbox 1388 5819 1875 5878; x_wconf 84' lang='lat' dir='ltr'><strong>vetustissimorum</strong></span> <span class='ocrx_word' id='word_1_771' title='bbox 1928 5820 2031 5877; x_wconf 87' lang='lat' dir='ltr'><strong>Pa-</strong></span> 
     </span>
    </p>
   </div>
   <div class='ocr_carea' id='block_1_105' title="bbox 2127 4631 3684 4705">
    <p class='ocr_par' dir='ltr' id='par_1_105' title="bbox 2127 4631 3684 4705">
     <span class='ocr_line' id='line_1_105' title="bbox 2127 4631 3684 4705; baseline -0.004 -16"><span class='ocrx_word' id='word_1_772' title='bbox 2127 4634 2514 4705; x_wconf 68' lang='lat' dir='ltr'><strong>praeteriissent</strong></span> <span class='ocrx_word' id='word_1_773' title='bbox 2545 4652 2559 4688; x_wconf 94' lang='lat'><strong>:</strong></span> <span class='ocrx_word' id='word_1_774' title='bbox 2593 4633 2727 4687; x_wconf 91' lang='lat' dir='ltr'><strong>adeo</strong></span> <span class='ocrx_word' id='word_1_775' title='bbox 2761 4640 2820 4686; x_wconf 94' lang='lat' dir='ltr'><strong>ut</strong></span> <span class='ocrx_word' id='word_1_776' title='bbox 2847 4633 2936 4702; x_wconf 89' lang='lat' dir='ltr'><strong>qui</strong></span> <span class='ocrx_word' id='word_1_777' title='bbox 2966 4632 3030 4685; x_wconf 71' lang='lat' dir='ltr'><strong>l2</strong></span> <span class='ocrx_word' id='word_1_778' title='bbox 3054 4633 3105 4685; x_wconf 92' lang='lat' dir='ltr'><strong>in</strong></span> <span class='ocrx_word' id='word_1_779' title='bbox 3129 4647 3234 4686; x_wconf 83' lang='lat' dir='ltr'><strong>aera</strong></span> <span class='ocrx_word' id='word_1_780' title='bbox 3264 4631 3538 4686; x_wconf 90' lang='lat' dir='ltr'><strong>communi</strong></span> <span class='ocrx_word' id='word_1_781' title='bbox 3560 4643 3684 4684; x_wconf 88' lang='lat' dir='ltr'><strong>cen-</strong></span> 
     </span>
    </p>
   </div>
   <div class='ocr_carea' id='block_1_106' title="bbox 2129 4721 3683 4789">
    <p class='ocr_par' dir='ltr' id='par_1_106' title="bbox 2129 4721 3683 4789">
     <span class='ocr_line' id='line_1_106' title="bbox 2129 4721 3683 4789; baseline -0.006 -9"><span class='ocrx_word' id='word_1_782' title='bbox 2129 4733 2300 4789; x_wconf 90' lang='lat' dir='ltr'><strong>setur,</strong></span> <span class='ocrx_word' id='word_1_783' title='bbox 2330 4725 2376 4779; x_wconf 90' lang='lat' dir='ltr'><strong>is</strong></span> <span class='ocrx_word' id='word_1_784' title='bbox 2418 4723 2486 4778; x_wconf 65' lang='lat'><strong>34</strong></span> <span class='ocrx_word' id='word_1_785' title='bbox 2520 4723 2706 4778; x_wconf 87' lang='lat' dir='ltr'><strong>haberi</strong></span> <span class='ocrx_word' id='word_1_786' title='bbox 2748 4722 3015 4777; x_wconf 87' lang='lat' dir='ltr'><strong>debuerit.</strong></span> <span class='ocrx_word' id='word_1_787' title='bbox 3058 4721 3201 4776; x_wconf 88' lang='lat' dir='ltr'><strong>Idem</strong></span> <span class='ocrx_word' id='word_1_788' title='bbox 3237 4731 3419 4775; x_wconf 88' lang='lat' dir='ltr'><strong>tamen</strong></span> <span class='ocrx_word' id='word_1_789' title='bbox 3459 4735 3566 4774; x_wconf 92' lang='lat' dir='ltr'><strong>non</strong></span> <span class='ocrx_word' id='word_1_790' title='bbox 3613 4734 3683 4772; x_wconf 88' lang='lat' dir='ltr'><strong>xv</strong></span> 
     </span>
    </p>
   </div>
   <div class='ocr_carea' id='block_1_107' title="bbox 2129 4807 3682 4883">
    <p class='ocr_par' dir='ltr' id='par_1_107' title="bbox 2129 4807 3682 4883">
     <span class='ocr_line' id='line_1_107' title="bbox 2129 4807 3682 4883; baseline -0.006 -15"><span class='ocrx_word' id='word_1_791' title='bbox 2129 4815 2288 4879; x_wconf 90' lang='lat' dir='ltr'><strong>luna,</strong></span> <span class='ocrx_word' id='word_1_792' title='bbox 2336 4813 2430 4868; x_wconf 91' lang='lat' dir='ltr'><strong>sed</strong></span> <span class='ocrx_word' id='word_1_793' title='bbox 2478 4829 2570 4868; x_wconf 79' lang='lat' dir='ltr'><strong>xrv</strong></span> <span class='ocrx_word' id='word_1_794' title='bbox 2619 4827 2840 4883; x_wconf 88' lang='lat' dir='ltr'><strong>passum</strong></span> <span class='ocrx_word' id='word_1_795' title='bbox 2887 4825 3008 4866; x_wconf 90' lang='lat' dir='ltr'><strong>esse</strong></span> <span class='ocrx_word' id='word_1_796' title='bbox 3048 4809 3318 4865; x_wconf 79' lang='lat' dir='ltr'><strong>ChriStum</strong></span> <span class='ocrx_word' id='word_1_797' title='bbox 3360 4807 3682 4870; x_wconf 87' lang='lat' dir='ltr'><strong>existimat;</strong></span> 
     </span>
    </p>
   </div>
   <div class='ocr_carea' id='block_1_108' title="bbox 2132 4896 3682 4976">
    <p class='ocr_par' dir='ltr' id='par_1_108' title="bbox 2132 4896 3682 4976">
     <span class='ocr_line' id='line_1_108' title="bbox 2132 4896 3682 4976; baseline -0.006 -18"><span class='ocrx_word' id='word_1_798' title='bbox 2132 4899 2412 4976; x_wconf 85' lang='lat' dir='ltr'><strong>propterea</strong></span> <span class='ocrx_word' id='word_1_799' title='bbox 2462 4902 2606 4973; x_wconf 91' lang='lat' dir='ltr'><strong>quod</strong></span> <span class='ocrx_word' id='word_1_800' title='bbox 2644 4899 2997 4971; x_wconf 90' lang='lat' dir='ltr'><strong>plenilunium</strong></span> <span class='ocrx_word' id='word_1_801' title='bbox 3048 4913 3174 4952; x_wconf 76' lang='lat' dir='ltr'><strong>xxvr</strong></span> <span class='ocrx_word' id='word_1_802' title='bbox 3217 4897 3394 4952; x_wconf 89' lang='lat' dir='ltr'><strong>Martii</strong></span> <span class='ocrx_word' id='word_1_803' title='bbox 3461 4896 3682 4964; x_wconf 81' lang='lat' dir='ltr'><strong>contigit</strong></span> 
     </span>
    </p>
   </div>
   <div class='ocr_carea' id='block_1_109' title="bbox 2129 4985 3676 5064">
    <p class='ocr_par' dir='ltr' id='par_1_109' title="bbox 2129 4985 3676 5064">
     <span class='ocr_line' id='line_1_109' title="bbox 2129 4985 3676 5064; baseline -0.005 -15"><span class='ocrx_word' id='word_1_804' title='bbox 2129 4994 2263 5050; x_wconf 86' lang='lat' dir='ltr'><strong>feria</strong></span> <span class='ocrx_word' id='word_1_805' title='bbox 2304 5009 2412 5058; x_wconf 63' lang='lat' dir='ltr'><strong>vn,</strong></span> <span class='ocrx_word' id='word_1_806' title='bbox 2426 5008 2536 5064; x_wconf 90' lang='lat' dir='ltr'><strong>quo</strong></span> <span class='ocrx_word' id='word_1_807' title='bbox 2563 4992 2652 5046; x_wconf 90' lang='lat' dir='ltr'><strong>die</strong></span> <span class='ocrx_word' id='word_1_808' title='bbox 2688 4990 2862 5047; x_wconf 70' lang='lat' dir='ltr'><strong>Judaei</strong></span> <span class='ocrx_word' id='word_1_809' title='bbox 2897 4989 3106 5045; x_wconf 90' lang='lat' dir='ltr'><strong>Pascha</strong></span> <span class='ocrx_word' id='word_1_810' title='bbox 3133 4989 3494 5044; x_wconf 90' lang='lat' dir='ltr'><strong>celebrabant.</strong></span> <span class='ocrx_word' id='word_1_811' title='bbox 3521 4985 3676 5041; x_wconf 89' lang='lat' dir='ltr'><strong>Unde</strong></span> 
     </span>
    </p>
   </div>
   <div class='ocr_carea' id='block_1_110' title="bbox 2129 5079 3683 5155">
    <p class='ocr_par' dir='ltr' id='par_1_110' title="bbox 2129 5079 3683 5155">
     <span class='ocr_line' id='line_1_110' title="bbox 2129 5079 3683 5155; baseline -0.005 -15"><span class='ocrx_word' id='word_1_812' title='bbox 2129 5085 2355 5155; x_wconf 85' lang='lat' dir='ltr'><strong>colligas</strong></span> <span class='ocrx_word' id='word_1_813' title='bbox 2398 5099 2466 5139; x_wconf 88' lang='lat' dir='ltr'><strong>ex</strong></span> <span class='ocrx_word' id='word_1_814' title='bbox 2509 5082 2694 5150; x_wconf 59' lang='lat' dir='ltr'><strong>Beda},</strong></span> <span class='ocrx_word' id='word_1_815' title='bbox 2737 5081 3022 5152; x_wconf 84' lang='lat' dir='ltr'><strong>Sigeberti,</strong></span> <span class='ocrx_word' id='word_1_816' title='bbox 3061 5079 3310 5145; x_wconf 88' lang='lat' dir='ltr'><strong>Mariani,</strong></span> <span class='ocrx_word' id='word_1_817' title='bbox 3349 5079 3683 5147; x_wconf 81' lang='lat' dir='ltr'><strong>aliorumque</strong></span> 
     </span>
    </p>
   </div>
   <div class='ocr_carea' id='block_1_111' title="bbox 2130 5167 3683 5245">
    <p class='ocr_par' dir='ltr' id='par_1_111' title="bbox 2130 5167 3683 5245">
     <span class='ocr_line' id='line_1_111' title="bbox 2130 5167 3683 5245; baseline -0.007 -13"><span class='ocrx_word' id='word_1_818' title='bbox 2130 5177 2400 5233; x_wconf 90' lang='lat' dir='ltr'><strong>sententia</strong></span> <span class='ocrx_word' id='word_1_819' title='bbox 2439 5189 2783 5245; x_wconf 89' lang='lat' dir='ltr'><strong>consequens</strong></span> <span class='ocrx_word' id='word_1_820' title='bbox 2817 5187 2960 5238; x_wconf 88' lang='lat' dir='ltr'><strong>esse,</strong></span> <span class='ocrx_word' id='word_1_821' title='bbox 2991 5171 3268 5227; x_wconf 87' lang='lat' dir='ltr'><strong>Christum</strong></span> <span class='ocrx_word' id='word_1_822' title='bbox 3294 5184 3404 5224; x_wconf 89' lang='lat' dir='ltr'><strong>non</strong></span> <span class='ocrx_word' id='word_1_823' title='bbox 3431 5185 3502 5223; x_wconf 86' lang='lat' dir='ltr'><strong>xv</strong></span> <span class='ocrx_word' id='word_1_824' title='bbox 3534 5167 3683 5233; x_wconf 91' lang='lat' dir='ltr'><strong>luna,</strong></span> 
     </span>
    </p>
   </div>
   <div class='ocr_carea' id='block_1_112' title="bbox 2132 5260 3682 5325">
    <p class='ocr_par' dir='ltr' id='par_1_112' title="bbox 2132 5260 3682 5325">
     <span class='ocr_line' id='line_1_112' title="bbox 2132 5260 3682 5325; baseline -0.006 0"><span class='ocrx_word' id='word_1_825' title='bbox 2132 5268 2225 5325; x_wconf 90' lang='lat' dir='ltr'><strong>sed</strong></span> <span class='ocrx_word' id='word_1_826' title='bbox 2249 5283 2340 5321; x_wconf 83' lang='lat' dir='ltr'><strong>xiv</strong></span> <span class='ocrx_word' id='word_1_827' title='bbox 2371 5265 2426 5320; x_wconf 90' lang='lat' dir='ltr'><strong>in</strong></span> <span class='ocrx_word' id='word_1_828' title='bbox 2473 5279 2692 5321; x_wconf 90' lang='lat' dir='ltr'><strong>crucem</strong></span> <span class='ocrx_word' id='word_1_829' title='bbox 2741 5263 3012 5319; x_wconf 90' lang='lat' dir='ltr'><strong>sublatum</strong></span> <span class='ocrx_word' id='word_1_830' title='bbox 3052 5261 3242 5318; x_wconf 87' lang='lat' dir='ltr'><strong>fuisse.</strong></span> <span class='ocrx_word' id='word_1_831' title='bbox 3279 5260 3518 5316; x_wconf 82' lang='lat' dir='ltr'><strong>Tametsi</strong></span> <span class='ocrx_word' id='word_1_832' title='bbox 3549 5261 3682 5316; x_wconf 72' lang='lat' dir='ltr'><strong>hanc</strong></span> 
     </span>
    </p>
   </div>
   <div class='ocr_carea' id='block_1_113' title="bbox 2130 5353 3680 5427">
    <p class='ocr_par' dir='ltr' id='par_1_113' title="bbox 2130 5353 3680 5427">
     <span class='ocr_line' id='line_1_113' title="bbox 2130 5353 3680 5427; baseline -0.007 -9"><span class='ocrx_word' id='word_1_833' title='bbox 2130 5364 2208 5418; x_wconf 91' lang='lat' dir='ltr'><strong>illi</strong></span> <span class='ocrx_word' id='word_1_834' title='bbox 2241 5361 2517 5417; x_wconf 85' lang='lat' dir='ltr'><strong>xvlunam</strong></span> <span class='ocrx_word' id='word_1_835' title='bbox 2553 5359 2799 5414; x_wconf 89' lang='lat' dir='ltr'><strong>arbitrati</strong></span> <span class='ocrx_word' id='word_1_836' title='bbox 2825 5365 2972 5424; x_wconf 92' lang='lat' dir='ltr'><strong>sunt,</strong></span> <span class='ocrx_word' id='word_1_837' title='bbox 3007 5356 3262 5427; x_wconf 86' lang='lat' dir='ltr'><strong>quoniam</strong></span> <span class='ocrx_word' id='word_1_838' title='bbox 3287 5353 3565 5411; x_wconf 69' lang='lat' dir='ltr'><strong>Nicaanum</strong></span> <span class='ocrx_word' id='word_1_839' title='bbox 3596 5369 3680 5420; x_wconf 73' lang='lat' dir='ltr'><strong>cv-</strong></span> 
     </span>
    </p>
   </div>
   <div class='ocr_carea' id='block_1_114' title="bbox 2131 5446 3686 5520">
    <p class='ocr_par' dir='ltr' id='par_1_114' title="bbox 2131 5446 3686 5520">
     <span class='ocr_line' id='line_1_114' title="bbox 2131 5446 3686 5520; baseline -0.007 -11"><span class='ocrx_word' id='word_1_840' title='bbox 2131 5455 2276 5510; x_wconf 91' lang='lat' dir='ltr'><strong>clum</strong></span> <span class='ocrx_word' id='word_1_841' title='bbox 2317 5454 2383 5508; x_wconf 90' lang='lat' dir='ltr'><strong>ad</strong></span> <span class='ocrx_word' id='word_1_842' title='bbox 2427 5453 2628 5508; x_wconf 89' lang='lat' dir='ltr'><strong>Christi</strong></span> <span class='ocrx_word' id='word_1_843' title='bbox 2670 5450 3060 5520; x_wconf 89' lang='lat' dir='ltr'><strong>Passionisque</strong></span> <span class='ocrx_word' id='word_1_844' title='bbox 3099 5458 3379 5519; x_wconf 86' lang='lat' dir='ltr'><strong>tempora,</strong></span> <span class='ocrx_word' id='word_1_845' title='bbox 3420 5447 3540 5503; x_wconf 88' lang='lat' dir='ltr'><strong>sine</strong></span> <span class='ocrx_word' id='word_1_846' title='bbox 3580 5446 3686 5500; x_wconf 84' lang='lat' dir='ltr'><strong>ulla</strong></span> 
     </span>
    </p>
   </div>
   <div class='ocr_carea' id='block_1_115' title="bbox 2133 5539 3680 5618">
    <p class='ocr_par' dir='ltr' id='par_1_115' title="bbox 2133 5539 3680 5618">
     <span class='ocr_line' id='line_1_115' title="bbox 2133 5539 3680 5618; baseline -0.006 -18"><span class='ocrx_word' id='word_1_847' title='bbox 2133 5545 2510 5618; x_wconf 79' lang='grc' dir='ltr'><strong>προηγὴσεως,</strong></span> <span class='ocrx_word' id='word_1_848' title='bbox 2540 5559 2703 5614; x_wconf 89' lang='lat' dir='ltr'><strong>quam</strong></span> <span class='ocrx_word' id='word_1_849' title='bbox 2727 5543 3068 5614; x_wconf 87' lang='lat' dir='ltr'><strong>ignorabant,</strong></span> <span class='ocrx_word' id='word_1_850' title='bbox 3097 5539 3406 5610; x_wconf 88' lang='lat' dir='ltr'><strong>suspicione</strong></span> <span class='ocrx_word' id='word_1_851' title='bbox 3443 5547 3680 5593; x_wconf 85' lang='lat' dir='ltr'><strong>transtu-</strong></span> 
     </span>
    </p>
   </div>
   <div class='ocr_carea' id='block_1_116' title="bbox 2131 5628 3684 5702">
    <p class='ocr_par' dir='ltr' id='par_1_116' title="bbox 2131 5628 3684 5702">
     <span class='ocr_line' id='line_1_116' title="bbox 2131 5628 3684 5702; baseline -0.006 -9"><span class='ocrx_word' id='word_1_852' title='bbox 2131 5639 2335 5694; x_wconf 90' lang='lat' dir='ltr'><strong>lerunt.</strong></span> <span class='ocrx_word' id='word_1_853' title='bbox 2369 5635 2574 5691; x_wconf 89' lang='lat' dir='ltr'><strong>Paulus</strong></span> <span class='ocrx_word' id='word_1_854' title='bbox 2618 5650 2768 5702; x_wconf 85' lang='lat' dir='ltr'><strong>vero,</strong></span> <span class='ocrx_word' id='word_1_855' title='bbox 2813 5641 2877 5690; x_wconf 91' lang='lat' dir='ltr'><strong>ut</strong></span> <span class='ocrx_word' id='word_1_856' title='bbox 2922 5644 3038 5689; x_wconf 90' lang='lat' dir='ltr'><strong>erat</strong></span> <span class='ocrx_word' id='word_1_857' title='bbox 3080 5629 3432 5688; x_wconf 67' lang='lat' dir='ltr'><strong>astronomia</strong></span> <span class='ocrx_word' id='word_1_858' title='bbox 3461 5628 3684 5699; x_wconf 52' lang='lat' dir='ltr'><strong>peritus;</strong></span> 
     </span>
    </p>
   </div>
   <div class='ocr_carea' id='block_1_117' title="bbox 2131 5719 3681 5786">
    <p class='ocr_par' dir='ltr' id='par_1_117' title="bbox 2131 5719 3681 5786">
     <span class='ocr_line' id='line_1_117' title="bbox 2131 5719 3681 5786; baseline -0.008 0"><span class='ocrx_word' id='word_1_859' title='bbox 2131 5730 2340 5786; x_wconf 89' lang='lat' dir='ltr'><strong>medios</strong></span> <span class='ocrx_word' id='word_1_860' title='bbox 2377 5729 2519 5783; x_wconf 74' lang='lat' dir='ltr'><strong>luna:</strong></span> <span class='ocrx_word' id='word_1_861' title='bbox 2561 5737 2738 5783; x_wconf 89' lang='lat' dir='ltr'><strong>motus</strong></span> <span class='ocrx_word' id='word_1_862' title='bbox 2779 5736 2834 5782; x_wconf 90' lang='lat' dir='ltr'><strong>et</strong></span> <span class='ocrx_word' id='word_1_863' title='bbox 2893 5727 3102 5782; x_wconf 85' lang='lat' dir='ltr'><strong>tabulas</strong></span> <span class='ocrx_word' id='word_1_864' title='bbox 3125 5724 3180 5779; x_wconf 91' lang='lat' dir='ltr'><strong>in</strong></span> <span class='ocrx_word' id='word_1_865' title='bbox 3213 5721 3496 5780; x_wconf 88' lang='lat' dir='ltr'><strong>consilium</strong></span> <span class='ocrx_word' id='word_1_866' title='bbox 3529 5719 3681 5774; x_wconf 89' lang='lat' dir='ltr'><strong>adhi-</strong></span> 
     </span>
    </p>
   </div>
   <div class='ocr_carea' id='block_1_118' title="bbox 2135 5811 3667 5890">
    <p class='ocr_par' dir='ltr' id='par_1_118' title="bbox 2135 5811 3667 5890">
     <span class='ocr_line' id='line_1_118' title="bbox 2135 5811 3667 5890; baseline -0.005 -11"><span class='ocrx_word' id='word_1_867' title='bbox 2135 5823 2273 5881; x_wconf 88' lang='lat' dir='ltr'><strong>buit.</strong></span> <span class='ocrx_word' id='word_1_868' title='bbox 2303 5821 2569 5879; x_wconf 64' lang='lat' dir='ltr'><strong>Caeterum</strong></span> <span class='ocrx_word' id='word_1_869' title='bbox 2601 5821 2747 5877; x_wconf 90' lang='lat' dir='ltr'><strong>illam</strong></span> <span class='ocrx_word' id='word_1_870' title='bbox 2776 5819 2951 5890; x_wconf 80' lang='lat' dir='ltr'><strong>ipsam</strong></span> <span class='ocrx_word' id='word_1_871' title='bbox 2977 5832 3243 5874; x_wconf 90' lang='lat' dir='ltr'><strong>annorum</strong></span> <span class='ocrx_word' id='word_1_872' title='bbox 3272 5815 3502 5872; x_wconf 87' lang='lat' dir='ltr'><strong>duorum</strong></span> <span class='ocrx_word' id='word_1_873' title='bbox 3517 5811 3667 5872; x_wconf 67' lang='lat' dir='ltr'><strong>aevi</strong></span> 
     </span>
    </p>
   </div>
  </div>
