4118 6402
413 381 516 435 9η

1529 376 1868 432 aPl’ENDIX
1901 376 2531 436 DISSERTATIONUM.

3529 373 3633 431 ωε

417 493 548 562 ginti
580 493 754 546 labem
791 492 915 546 inde
949 493 1235 546 conﬂatam
1267 493 1582 558 existimat;
1615 496 1759 564 quod
1803 497 1967 551 trium
2001 505 2045 560 Α
2073 500 2274 555 Christi
2303 516 2425 554 atrae
2458 512 2566 553 uno
2595 495 2860 550 duntaxat
2890 510 3034 548 anno
3062 509 3248 548 revera
3277 492 3524 556 dissidet,
3566 510 3628 546 ex

419 583 730 650 pontilicum
761 584 908 646 anni,
941 582 1072 637 Cleti
1100 624 1114 647 ,
1150 583 1312 638 Marci
1357 598 1409 639 et
1443 584 1679 640 Marcelli
1713 587 1782 641 ab
1813 588 1979 640 Euse-

420 676 508 729 bio
541 675 892 745 pratermissi
927 684 1075 739 sunt,
1103 677 1196 744 qui
1223 691 1398 730 annos
1425 693 1537 731 xxu
1566 675 1822 733 Ecclesia:
1843 694 1980 748 prae-

422 767 658 822 fuerunt.
699 766 828 832 Quae
877 783 998 821 cum
1049 768 1228 821 omnia
1264 767 1466 824 Paulus
1502 779 1753 825 accurate
1794 771 1886 825 illo
1925 771 1978 825 in

423 858 558 913 libro
587 859 952 923 disseruisset,
985 873 1047 912 ac
1079 859 1339 914 divinitus
1373 861 1426 914 id
1457 876 1515 916 se
1537 863 1813 932 accepisse
1851 878 1983 917 con-

425 950 694 1002 ﬁrmasset
719 987 733 1012 ,
771 949 822 1000 in
851 948 1201 1016 sequentibus
1224 957 1402 1002 tamen
1439 950 1613 1016 libris,
1641 953 1983 1021 maximeque

427 1052 546 1102 xm,
583 1052 803 1091 causam
837 1037 1094 1106 prodidit,
1143 1043 1198 1090 et
1225 1047 1529 1108 contempta
1561 1037 1710 1093 Pauli
1753 1041 1983 1109 apostoli

425 1141 488 1181 ac
515 1127 710 1181 divina:
730 1127 1144 1195 signiﬁcationis
1178 1130 1520 1195 auctoritate,
1557 1131 1621 1184 ad
1663 1147 1822 1185 suum
1851 1131 1983 1184 illud

425 1217 820 1289 προχρονισμοῦ
868 1218 1166 1280 biennium,
1195 1220 1340 1288 quod
1379 1234 1410 1273 a
1449 1219 1607 1275 nobis
1651 1236 1814 1290 supra
1849 1221 1985 1274 vali-

424 1307 646 1362 dissime
677 1306 970 1360 refutatum
1005 1317 1108 1371 est,
1147 1310 1467 1375 revertitur;
1494 1326 1556 1365 ac
1587 1311 1796 1366 duobus
1825 1311 1985 1365 annis

427 1397 742 1468 Dionysium
780 1413 964 1451 verum
995 1399 1194 1453 Christi
1223 1397 1464 1454 Natalem
1493 1402 1851 1456 antevertisse
1888 1401 1986 1455 de-

425 1487 564 1542 ﬁnit.
603 1487 866 1553 Quocirca
921 1489 1416 1556 imprudentissime
1455 1506 1586 1545 sane
1626 1491 1987 1546 Casaubonus

427 1577 662 1633 Exercit.
713 1580 799 1642 l6,
837 1580 906 1634 ad
947 1581 1009 1632 A.
1057 1580 1146 1643 54,
1184 1597 1335 1636 ιιιιιιι.
1379 1582 1468 1644 54,
1514 1581 1800 1636 Paulinum
1845 1583 1986 1636 istud

431 1677 794 1722 commentum
832 1672 1092 1724 adversm
1121 1671 1395 1740 obliquam
1433 1671 1647 1726 Baronii
1677 1673 1990 1742 castigatio-

431 1775 552 1814 nem
583 1767 796 1825 tuetur;
821 1776 940 1815 cum
973 1770 1163 1830 praater
1204 1763 1363 1816 otiosi
1399 1763 1638 1818 hominis
1703 1773 1757 1818 et
1797 1764 1985 1831 aegroti

432 1851 628 1907 veteris
654 1853 922 1906 somnium
951 1861 1112 1922 atque
1141 1853 1425 1906 ἀλλόκοτον
1463 1853 1763 1923 φαντασίαν
1797 1856 1988 1909 habeat
2021 1843 2060 1896 Β

441 1943 600 1998 nihil.
632 1942 766 1998 Nam
799 1954 856 2000 ut
887 1947 1131 1999 ontittam
1163 1946 1231 2000 ab
1254 1947 1501 2016 ipsomet,
1528 1947 1621 2016 qui
1667 1947 1718 2002 id
1766 1947 1868 2003 sibi
1902 1963 1986 2002 re-

437 2036 669 2091 velatum
714 2051 836 2093 esse
882 2037 1121 2100 dixerat,
1169 2038 1330 2092 tacite
1371 2038 1683 2092 damnatum
1727 2039 1858 2092 illud
1919 2053 1984 2093 ac

435 2129 728 2197 rejectuni,
771 2144 933 2198 quam
975 2129 1208 2184 absurda
1259 2131 1361 2184 ista
1404 2128 1582 2184 fabula
1607 2130 1696 2195 sit,
1745 2130 1890 2185 hunc
1934 2132 1989 2184 in

433 2219 655 2272 modum
697 2219 1060 2272 demonstrari
1101 2227 1298 2288 potest.
1341 2217 1397 2272 Si
1441 2235 1552 2272 xxu
1601 2234 1873 2274 annorum
1910 2218 1989 2272 vi—

434 2309 567 2362 tium
604 2309 658 2362 in
701 2323 862 2363 atram
899 2309 1151 2378 irrepsit;
1196 2311 1267 2364 ita
1317 2321 1376 2364 ut
1417 2313 1513 2380 qui
1557 2328 1628 2366 xu
1675 2313 1897 2377 dicitur,
1944 2313 1993 2368 is

435 2414 595 2452 xxxiv
624 2401 992 2454 numerandus
1036 2400 1218 2463 fuerit,
1256 2415 1362 2454 non
1406 2402 1562 2456 aliter
1596 2403 1858 2457 accidisse
1889 2403 1990 2455 hoc

437 2500 630 2560 potest,
672 2507 835 2561 quam
878 2501 937 2545 ut
981 2492 1188 2561 aliquot
1221 2493 1346 2545 anni
1393 2493 1458 2546 de
1495 2509 1719 2547 numero
1753 2509 1815 2547 ac
1848 2493 1992 2546 serie

438 2585 555 2654 ipsa
584 2583 811 2638 detracti
847 2583 995 2650 sint;
1033 2594 1127 2638 aut
1161 2595 1307 2639 certe
1335 2581 1576 2638 Natalem
1623 2584 1826 2638 Christi
1871 2583 1996 2639 Dio-

437 2675 628 2747 nysius
667 2689 779 2730 ιιιι
809 2677 969 2731 annis
1017 2675 1154 2732 infra
1187 2676 1483 2746 legitimum
1530 2685 1740 2744 tempus
1776 2675 1996 2731 submo-

436 2768 575 2822 verit
609 2785 622 2820 :
659 2775 847 2836 utputa
887 2783 1010 2821 eum
1041 2768 1431 2822 incarnationis
1497 2774 1551 2822 et
1584 2765 1790 2822 Natalis
1823 2783 1998 2824 annus

435 2872 504 2912 ex
527 2873 631 2912 usu
656 2855 894 2928 Dionysii
927 2858 996 2914 sit
1015 2856 1264 2913 Julianus
1292 2857 1384 2924 46,
1426 2858 1672 2913 debuerit
1691 2873 1812 2913 esse
1833 2875 1956 2912 xxtv
1982 2878 1995 2912 :

439 2951 641 3020 quibus
670 2949 716 3004 si
746 2965 914 3004 xxxiv
947 2951 1134 3014 addas,
1163 2947 1416 3004 Julianus
1446 2951 1712 3020 septimus
1742 2959 1795 3003 et
1840 2950 2002 3019 quin-

439 3043 786 3114 quagesimus
814 3043 1067 3108 exsistet,
1109 3045 1200 3112 qui
1235 3052 1319 3097 est
1363 3058 1484 3096 atra:
1536 3041 1875 3112 Dionysiana:
1911 3041 1998 3104 l2,

2082 587 2308 642 Mariani
2338 603 2467 642 vero
2500 587 2746 641 instituto
2771 601 2893 640 cum
2919 585 3110 639 eadem
3147 584 3237 638 illa
3277 586 3630 638 connectitur.

2082 675 2299 732 Falsum
2331 685 2414 731 est
2447 677 2627 745 itaque
2663 690 2776 728 ιιιι
2816 689 2988 728 annos
3031 674 3085 726 in
3129 672 3456 743 Dionysiano
3486 675 3636 743 cyclo

2081 768 2414 833 desiderari,
2456 783 2580 822 cum
2625 776 2818 836 praeter
2855 781 2940 832 ea,
3006 780 3127 834 quas
3169 765 3426 828 diximus,
3471 764 3636 815 multa

2082 861 2186 914 alia
2214 862 2339 924 sint,
2382 873 2503 928 qua:
2541 872 2608 912 ex
2652 858 2961 926 evangelica
3011 856 3235 910 historia
3273 871 3394 909 cum
3429 853 3636 907 Domini

2081 962 2203 1005 ortu
2227 952 2519 1021 implicata,
2547 960 2600 1004 et
2628 950 2913 1018 conjuncta
2940 957 3151 1002 constat
3175 961 3294 1001 esse
3321 946 3504 1000 :velnt
3524 946 3640 996 Au-

2082 1045 2248 1113 gusti,
2277 1043 2522 1103 Herodis,
2551 1041 2707 1095 Pilati
2739 1041 3047 1109 Tiberiique
3078 1049 3347 1108 tempora;
3377 1053 3495 1106 qua:
3517 1052 3639 1090 out-

2085 1139 2173 1190 nia
2211 1136 2484 1190 cohaerere
2523 1141 2817 1202 nequeunt,
2852 1131 2895 1184 si
2925 1141 3031 1184 tam
3064 1129 3315 1182 immanis
3338 1129 3515 1181 hiatus
3540 1129 3640 1180 ad-

2086 1227 2286 1281 missus
2316 1225 2496 1284 fuerit,
2521 1235 2682 1294 atque
2709 1223 2761 1275 in
2791 1220 3065 1276 anteriora
3100 1235 3213 1274 ιιιι
3245 1222 3400 1273 annis
3424 1233 3641 1288 promo-

2086 1316 2258 1371 venda
2309 1313 2510 1368 Christi
2563 1312 2821 1366 nativitas
2854 1311 3128 1376 videatur;
3174 1326 3296 1362 nam
3337 1318 3393 1362 ut
3438 1309 3491 1362 in
3533 1324 3641 1360 aera

2086 1404 2397 1458 Christiana
2429 1402 2584 1464 nihil,
2606 1401 2659 1455 in
2690 1401 2966 1472 cyclorum
2993 1415 3122 1453 vero
3143 1399 3408 1467 dispositu
3428 1406 3644 1451 mutan-

2090 1495 2218 1549 dum
2253 1493 2456 1563 aliquid
2491 1492 2577 1547 isti
2602 1492 2935 1554 censuerint,
2966 1491 3100 1545 nihil
3134 1491 3199 1544 ad
3233 1506 3344 1544 rem
3368 1490 3598 1559 pertinet
3626 1507 3643 1542 :

2090 1593 2311 1638 manent
2337 1584 2478 1638 enim
2501 1581 2899 1637 noviluniorum
2925 1581 3024 1635 rati
3046 1597 3110 1636 ac
3135 1581 3414 1636 constituti
3446 1580 3644 1634 nihilo-

2091 1673 2271 1726 minus
2309 1672 2445 1736 dies,
2482 1686 2835 1740 quoscunque
2875 1671 3086 1723 tandem
3134 1671 3313 1740 eyclos
3341 1685 3648 1724 accommo-

2090 1765 2257 1818 daris.
2293 1761 2363 1817 Ut
2403 1778 2567 1827 anno,
2603 1762 2750 1816 verbi
2799 1777 2984 1824 causa,
3019 1762 3222 1816 Christi
3267 1777 3362 1826 xu,
3395 1761 3510 1816 sive
3553 1777 3647 1830 cy-

2088 1855 2231 1910 clum
2261 1855 2402 1908 luna:
2425 1869 2544 1917 xut,
2577 1854 2709 1908 solis
2734 1869 2822 1908 ιιι
2849 1854 3107 1922 applices,
3133 1853 3246 1907 sive
3269 1851 3433 1904 alium
3455 1865 3649 1920 quem-

2087 1948 2238 2012 libet,
2272 1946 2560 2002 neomenia
2594 1944 2770 2000 Martii
2820 1961 2918 2010 ιιι,
2954 1945 3307 2014 plenilunium
3341 1959 3466 1998 xxvi
3501 1957 3653 1997 com-

2089 2037 2340 2093 mittitur.
2392 2037 2550 2091 Anno
2610 2052 2740 2092 vero
2789 2037 2860 2092 55
2918 2037 3254 2090 novilunium
3304 2050 3396 2088 xix
3443 2033 3525 2088 vel
3578 2047 3651 2086 xx

2091 2130 2302 2195 Martii;
2342 2129 2695 2200 plenilunium
2723 2129 2894 2198 April.
2920 2144 2979 2194 ιι,
3025 2128 3108 2182 vel
3151 2142 3232 2181 ιιι.
3275 2126 3424 2182 Unde
3481 2141 3654 2196 quan-

2092 2222 2342 2276 tumlibet
2387 2219 2663 2290 cyciorum
2694 2220 2940 2274 ordinem
2975 2227 3329 2284 commutent,
3368 2234 3654 2288 nunquam

2093 2323 2270 2368 tamen
2298 2311 2596 2382 perficient,
2621 2319 2681 2365 ut
2717 2327 2861 2366 anno
2896 2312 2987 2366 illo
3011 2351 3026 2376 ,
3058 2325 3217 2382 quem
3249 2311 3495 2366 Passioni
3550 2309 3657 2364 Do-

2095 2404 2310 2460 minica:
2338 2405 2638 2474 praeﬁgunt,
2685 2403 2808 2458 luna
2842 2419 2912 2458 xv
2965 2403 3017 2458 in
3058 2403 3232 2458 Martii
3275 2419 3378 2458 xxv
3421 2403 3658 2466 incidat,

2096 2494 2285 2549 feriam
2324 2511 2396 2548 vi.
2436 2495 2657 2549 Accedit
2691 2495 2832 2562 quod
2865 2496 2966 2550 etsi
3008 2495 3374 2550 concedamus
3404 2495 3510 2549 illis
3539 2509 3658 2548 om-

2098 2587 2207 2652 nia,
2246 2588 2349 2641 hoc
2393 2587 2569 2656 ipsum
2602 2595 2806 2652 tamen,
2837 2588 2980 2658 quod
3023 2589 3257 2642 maxime
3295 2587 3544 2656 cupiunt,
3573 2586 3662 2639 ni-

2100 2679 2210 2734 hilo
2257 2679 2430 2750 magis
2466 2687 2852 2748 assequentur,
2877 2679 2952 2733 uti
2997 2678 3126 2732 luna
3175 2694 3243 2732 xv
3285 2675 3540 2732 Christus
3588 2676 3662 2729 sit

2099 2786 2312 2841 passus.
2347 2770 2557 2842 Quippe
2606 2786 2750 2826 anno
2791 2769 3114 2824 Christianae
3161 2784 3282 2822 atrae
3319 2767 3407 2833 l2,
3443 2766 3657 2821 novilu-

2102 2859 2254 2914 nium
2295 2861 2436 2928 apud
2478 2861 2715 2924 Judaos,
2763 2869 2820 2916 et
2855 2860 2910 2914 in
2955 2857 3444 2928 Hierosolymitano
3494 2855 3663 2910 meri-

2101 2951 2262 3005 diano
2288 2951 2465 3006 Martii
2499 2969 2570 3007 xu
2622 2953 2895 3022 congruit,
2924 2950 3055 3006 feria
3089 2966 3184 3005 vu.
3221 2948 3424 3003 Passus
3447 2954 3529 3001 est
3558 2961 3661 3000 au-

2105 3053 2212 3095 tem
2254 3041 2506 3099 Christus
2553 3044 2686 3099 feria
2735 3060 2810 3097 vi.
2860 3043 3026 3113 Igitur
3071 3042 3198 3096 luna
3241 3058 3350 3103 xiv,
3391 3050 3446 3095 et
3486 3038 3661 3092 Martii

441 3152 550 3204 quo
575 3151 790 3206 passum
833 3151 953 3190 esse
975 3135 1250 3190 Christum
1285 3133 1360 3187 illi
1391 3148 1583 3188 omnes
1612 3133 1820 3202 opinati
1853 3141 1997 3186 sunt.
2028 3174 2074 3234 Ο
2106 3150 2230 3198 xxv,
2260 3150 2365 3190 non
2393 3136 2522 3191 luna
2547 3152 2614 3190 xv
2645 3152 2816 3206 neque
2843 3135 3158 3206 plenilunio.
3189 3133 3304 3201 Qua
3347 3134 3399 3187 in
3435 3147 3494 3187 re
3522 3130 3662 3185 Beda

441 3227 510 3281 At
539 3241 666 3281 vero
691 3236 982 3294 utrumque
1015 3225 1144 3280 illud
1178 3224 1566 3294 perabsurdum
1625 3240 1688 3277 ac
1723 3225 1877 3293 longe
1903 3222 2000 3276 lal-

442 3318 722 3372 sissimum
755 3326 858 3372 est.
885 3316 1024 3371 Sunt
1053 3317 1196 3371 enim
1223 3316 1514 3370 certissimi
1543 3325 1848 3384 temporum
1870 3317 2001 3368 cha-

444 3419 712 3473 racteres;
751 3422 876 3464 sunt
927 3408 1209 3462 Fastorum
1255 3408 1396 3470 libri,
1438 3408 1639 3476 quibus
1689 3407 2005 3461 consulatus

445 3501 640 3569 singuli
702 3501 986 3571 diligenter
1035 3501 1411 3564 adnotantur;
1466 3509 1592 3554 sunt
1639 3497 2006 3552 Romanorum

447 3595 834 3658 imperatorum
863 3592 1012 3652 anni,
1037 3600 1198 3660 atque
1235 3591 1472 3644 historia:
1506 3606 1722 3644 summa
1749 3591 1851 3644 tide
1878 3605 2009 3644 cou-

447 3685 682 3754 scriptaa,
706 3683 760 3736 in
785 3683 980 3752 quibus
1001 3684 1180 3737 hiatus
1218 3683 1350 3735 tanti
1379 3697 1444 3735 ne
1479 3682 1853 3762 tenuissimum
1887 3680 2010 3750 qni-

447 3777 573 3831 dem
613 3775 903 3842 vestigium
953 3783 1194 3844 apparet.
1234 3773 1459 3828 Constat
1499 3789 1643 3826 anno
1693 3788 1815 3827 aera:
1855 3773 2012 3826 Chri-

450 3869 641 3922 stiana:
689 3867 750 3920 l4
779 3875 1058 3921 mortuum
1090 3868 1426 3937 Augustum;
1460 3865 1606 3935 quod
1641 3865 2010 3920 memorabilis

451 3959 542 4013 illa
571 3958 711 4012 luna:
739 3958 957 4027 eclipsis
985 3957 1238 4012 ostendit.
1278 3955 1594 4026 Sequuntur
1630 3965 1686 4012 et
1725 3957 1844 4011 aliat
1871 3957 2009 4019 duae,

453 4065 684 4119 quarum
710 4065 817 4104 una
846 4065 990 4103 anno
1013 4049 1216 4103 Christi
1242 4049 1333 4111 45,
1368 4047 1440 4102 Μ.
1476 4047 1686 4102 Vinicio
1712 4056 1765 4102 et
1799 4047 2013 4102 Statilio

453 4141 692 4195 Corvino
722 4157 865 4196 coss.
898 4140 1015 4194 Kal.
1043 4141 1180 4210 Aug.
1213 4141 1647 4210 contigit;quam
1675 4149 1728 4192 et
1754 4138 2014 4194 Claudius

460 4236 642 4290 Cmar
675 4234 852 4289 edicto
882 4233 1246 4298 denuntiarat,
1272 4247 1418 4287 anno
1443 4231 1657 4302 imperii
1679 4231 1762 4286 sui
1797 4233 2014 4300 quinto.

457 4339 517 4383 ut
551 4338 741 4384 auctor
768 4338 851 4383 est
889 4329 1015 4395 Dio;
1048 4329 1213 4383 altera
1243 4330 1500 4398 Vipsanio
1529 4338 1585 4383 et
1618 4328 1844 4383 Fonteio
1869 4345 2013 4383 coss.

460 4421 574 4475 Kal.
607 4421 775 4475 Maias
803 4421 1018 4484 accidit,
1065 4430 1124 4474 ut
1151 4431 1378 4475 testatur
1401 4421 1724 4474 Pliniuslib.
1754 4437 1812 4484 ιι,
1844 4436 1894 4476 c.
1925 4421 2011 4473 72.

2103 3227 2450 3298 castigandus
2472 3236 2576 3295 est,
2618 3239 2681 3284 ut
2718 3228 3005 3299 aliquoties
3039 3228 3173 3292 dixi,
3201 3227 3291 3296 qui
3326 3226 3418 3281 lib.
3449 3224 3526 3278 De
3555 3234 3662 3277 rat.

2106 3329 2264 3389 temp.
2291 3335 2410 3390 cap.
2434 3320 2505 3375 45
2532 3336 2752 3391 passum
2776 3336 2898 3375 esse
2928 3319 3205 3373 Christum
3231 3318 3396 3372 refert
3421 3333 3514 3370 vui
3544 3314 3666 3369 Kal.

2105 3409 2394 3481 Apr.,luna
2425 3427 2513 3476 xv,
2543 3426 2688 3466 anno
2716 3426 2839 3466 aera:
2867 3410 3208 3481 Dionysianas
3233 3409 3319 3463 54.
3349 3407 3456 3463 Nec
3485 3409 3670 3462 minus

2109 3501 2423 3556 hallucinati
2461 3511 2609 3568 sunt,
2659 3503 2753 3572 qui
2797 3501 2984 3556 eodem
3033 3517 3199 3564 anno,
3245 3501 3373 3554 luna
3419 3514 3503 3563 xv,
3525 3513 3671 3552 nono

2109 3592 2228 3646 Kal.
2272 3594 2404 3664 Apr.
2466 3610 2686 3664 passum
2733 3593 3020 3661 aﬂirmant,
3055 3592 3268 3647 concilii
3318 3591 3671 3645 Caesariensis

2110 3685 2246 3749 ﬁde;
2280 3686 2345 3740 de
2375 3700 2485 3755 quo
2527 3686 2687 3755 paulo
2717 3695 2832 3755 post
2879 3694 3108 3755 agetur:
3139 3699 3262 3738 nam
3293 3684 3514 3739 omnino
3558 3684 3670 3752 ple-

2114 3777 2376 3832 nilunium
2414 3794 2558 3832 anno
2592 3778 2794 3832 Christi
2826 3778 2916 3842 54,
2953 3776 3162 3831 decimo
3191 3775 3308 3830 Kal.
3341 3775 3584 3844 contigit.

2183 3870 2518 3940 Quapropter
2546 3871 2655 3924 duo
2698 3882 2843 3933 sunt,
2880 3885 3001 3938 qua!
3036 3869 3224 3921 media:
3244 3868 3415 3922 artatis
3438 3868 3676 3921 chrono-

2115 3960 2250 4030 legis
2291 3977 2503 4015 crucem
2555 3961 2608 4013 in
2655 3961 2741 4014 illa
2782 3961 3085 4030 quiestione
3128 3959 3361 4012 lixerunt
3389 3975 3400 4008 :
3433 3957 3672 4026 primum

2114 4051 2259 4120 quod
2299 4066 2404 4104 non
2439 4051 2753 4105 dubitarent
2785 4049 3001 4103 Judatos
3033 4047 3241 4103 Pascha
3268 4047 3396 4100 luna
3432 4061 3500 4100 xv
3532 4045 3675 4100 cele-

2115 4144 2296 4209 brare,
2327 4157 2392 4198 ac
2427 4142 2647 4197 lunares
2674 4151 2873 4205 motus,
2902 4150 2955 4194 et
2983 4140 3198 4210 quidem
3230 4137 3675 4192 accuratissimos

2115 4236 2466 4300 observasse;
2501 4235 2748 4300 alterum,
2780 4232 2928 4302 quod
2958 4233 3010 4285 id
3045 4231 3237 4285 Martio
3279 4245 3466 4285 mense
3523 4230 3678 4298 ejus-

2116 4341 2221 4395 que
2257 4326 2345 4380 die
2381 4340 2485 4377 xxv
2513 4323 2775 4378 accidisse
2805 4323 3023 4388 vellent,
3056 4321 3188 4376 feria
3241 4337 3313 4376 vi.
3351 4315 3457 4376 Sed
3486 4335 3675 4374 recen-

2119 4418 2309 4484 tiores,
2334 4415 2606 4484 iidemque
2629 4414 2697 4468 ab
2717 4414 2972 4468 omnibus
3001 4413 3371 4466 doetrinaruni
3408 4410 3674 4473 omnium,
3707 4457 3714 4462 .

459 4511 533 4564 Ea
577 4511 828 4566 convenit
874 4527 1019 4566 anno
1047 4511 1270 4592 vulgari
1318 4512 1406 4576 59,
1447 4512 1648 4581 Aprilis
1692 4529 1822 4574 xxx,
1871 4528 2014 4567 anno
2047 4515 2092 4568 Ι)
2120 4509 2420 4580 praesertim
2471 4508 3014 4573 malhematicarum,
3065 4506 3330 4576 prasidiis
3377 4503 3678 4573 paratiores

457 4605 651 4673 quinto
679 4600 908 4658 Neronis
939 4603 1174 4657 labente.
1200 4601 1408 4666 Quibus
1431 4602 1477 4656 si
1503 4602 1735 4672 eclipses
1763 4603 1895 4657 alias
1917 4604 2016 4658 ad-

458 4694 680 4758 dideris,
709 4709 831 4762 qua:
853 4691 1050 4762 partim
1078 4699 1222 4752 ante,
1260 4689 1455 4758 partim
1487 4700 1608 4759 post
1627 4689 1831 4744 Christi
1854 4689 2019 4744 Nata-

462 4787 566 4841 lem
605 4786 940 4847 accideruut,
982 4799 1106 4838 cum
1137 4782 1313 4850 iisque
1346 4780 1715 4836 Romanorum
1750 4796 1892 4836 coss.
1931 4797 2020 4836 se-

462 4875 594 4929 riem
629 4889 932 4943 compares,
965 4888 1031 4926 ne
1055 4887 1221 4926 unum
1247 4871 1464 4939 quidem
1490 4885 1690 4924 annum
1720 4871 1908 4926 deesse
1935 4871 2020 4924 in-

465 4965 696 5034 telliges,
733 4967 934 5019 nedum
956 4974 1016 5017 ut
1042 4978 1157 5017 ιιιι
1180 4963 1336 5017 solidi
1366 4962 1703 5031 praetermitti
1725 4962 2017 5031 potuerint.

465 5057 540 5110 Ac
593 5055 896 5126 Sigeberti,
941 5053 1202 5120 Mariani,
1251 5053 1697 5122 reliquorumque
1747 5053 1800 5105 id
1851 5066 2022 5121 genus

461 5147 915 5218 chronologorum
965 5156 1200 5200 mentem
1247 5158 1310 5199 ac
1349 5144 1636 5198 consilium
1689 5156 1883 5211 capere
1928 5158 2022 5196 ne-

463 5254 604 5310 queo
651 5257 664 5293 :
715 5239 969 5310 quicum
1033 5236 1416 5308 Dionysianam
1463 5249 1626 5289 ieram
1685 5242 1835 5287 tanto
1894 5233 2024 5288 vitio

466 5331 720 5387 lmdatam
753 5329 956 5400 passim
987 5328 1258 5391 occinant,
1292 5327 1359 5380 ab
1382 5326 1568 5380 eadem
1594 5334 1774 5378 tamen
1797 5338 1906 5378 non
1939 5339 2024 5378 re-

466 5419 685 5476 cedunt.
720 5418 904 5489 Itaque
931 5417 1206 5472 Marianus
1239 5430 1382 5470 anno
1425 5414 1587 5469 Urbis
1629 5412 1863 5467 condita;
1897 5413 2021 5479 752,

470 5511 694 5582 Augusti
740 5527 850 5577 xu,
900 5509 1114 5580 Olymp.
1149 5506 1252 5562 194
1287 5520 1430 5560 anno
1474 5504 1634 5560 tertio
1673 5513 1856 5558 natum
1905 5519 2026 5559 esse

469 5603 807 5658 Salvatorem
851 5601 1074 5662 scribit,
1111 5597 1300 5652 indict.
1353 5611 1425 5650 iv.
1479 5593 1582 5650 Ubi
1629 5595 1755 5650 licet
1801 5595 2026 5651 indictio

471 5709 750 5764 perperam
776 5694 1008 5763 ascripta
1034 5692 1126 5752 sit,
1153 5705 1272 5760 qua!
1297 5688 1454 5743 tertio
1484 5687 1585 5744 194
1615 5686 1827 5760 Olymp.
1859 5703 2024 5753 anno,

472 5795 528 5840 ut
561 5785 720 5842 Urbis
749 5786 876 5854 752,
913 5784 1074 5840 tertia
1112 5799 1235 5840 esse
1271 5781 1491 5849 debuit;
1530 5789 1708 5838 tamen
1751 5798 1783 5839 a
1815 5781 2024 5852 vulgari

2119 4600 2456 4670 chronologi,
2487 4615 2607 4652 cum
2633 4599 2746 4652 haec
2778 4614 2966 4669 parum
3001 4613 3123 4652 esse
3139 4607 3504 4652 consentanea
3529 4593 3680 4648 vide-

2120 4700 2262 4757 rent,
2299 4691 2451 4760 prius
2476 4689 2606 4742 illud
2632 4689 2850 4757 quidem
2874 4689 2940 4741 de
2962 4687 3140 4741 lunari
3177 4696 3323 4740 motu
3359 4696 3679 4750 tenuerunt;

2121 4781 2389 4850 posterius
2420 4795 2548 4833 vero
2582 4778 2648 4832 de
2690 4793 2874 4832 mense
2910 4793 2974 4832 ac
3005 4776 3092 4830 die
3131 4791 3474 4846 nequaquam
3507 4775 3682 4830 secuti

2122 4881 2268 4926 sunt.
2304 4869 2382 4924 Ex
2411 4886 2519 4940 quo
2545 4869 2744 4924 factum
2769 4877 2871 4932 est,
2903 4878 2962 4922 ut
2990 4868 3046 4922 in
3087 4883 3230 4922 anno
3275 4866 3553 4922 Passionis
3595 4866 3684 4918 in-

2123 4960 2371 5030 dagando
2401 4959 2682 5028 plenilunii
2708 4973 2831 5012 cum
2865 4973 2918 5010 vi
2944 4955 3081 5012 feria
3112 4955 3487 5010 convenientis
3520 4955 3688 5008 ratio-

2124 5066 2245 5104 nem
2291 5049 2591 5104 habendam
2629 5064 2748 5104 esse
2789 5048 3058 5103 duxerint.
3102 5047 3303 5103 Paulus
3351 5062 3476 5102 vero
3515 5045 3686 5101 Foro-

2125 5154 2396 5208 sempron.
2441 5138 2532 5192 lib.
2565 5153 2640 5192 vit
2683 5137 2850 5208 partis
2882 5152 3218 5202 u,annorum
3259 5119 3360 5204 ιίι,
3393 5138 3497 5192 ιιοε
3537 5147 3620 5191 est
3652 5153 3684 5191 a

2125 5230 2195 5285 50
2220 5229 2424 5284 Christi
2472 5230 2538 5284 ad
2581 5229 2673 5293 40,
2709 5230 2987 5284 novilunia
3036 5229 3443 5299 pleniluniaque
3484 5243 3688 5299 propo-

2127 5323 2257 5390 suit,
2291 5333 2402 5377 tam
2454 5322 2648 5386 media,
2686 5338 2850 5393 quam
2894 5337 3043 5377 vera.
3076 5320 3154 5376 Ex
3183 5322 3382 5392 quibus
3417 5337 3510 5377 sex
3545 5322 3688 5377 dun-

2125 5422 2276 5468 taxat
2304 5414 2394 5470 hic
2421 5413 2778 5478 ascribemus,
2824 5421 2885 5467 ut
2921 5413 3238 5483 quaestionis
3273 5414 3691 5469 controversia-

2127 5521 2234 5578 que
2282 5516 2457 5562 status
2504 5507 2768 5561 lectorum
2819 5506 2994 5560 oculis
3035 5507 3388 5576 subjiciatur;
3431 5505 3500 5562 ab
3541 5521 3693 5562 anno

2127 5613 2249 5655 απαξ
2275 5581 2339 5654 5t
2385 5598 2454 5653 ad
2497 5599 2595 5665 56;
2643 5597 2788 5669 quod
2835 5598 2890 5652 in
2947 5597 3143 5655 horum
3193 5614 3468 5655 annorum
3500 5598 3696 5670 aliquo

2129 5689 2329 5748 Christi
2363 5689 2544 5760 passio
2573 5689 2887 5746 collocanda
2916 5689 3013 5745 sit.
