4118 6402
545 390 644 450 σει

1661 390 1996 446 APPENDiX
2041 390 2666 453 υιδδεΒτΑτιοΝυιι.

3684 387 3803 442 952

542 525 708 582 quam
739 517 881 568 mm
925 517 1137 563 vocant.
1185 507 1265 562 Ac
1311 508 1356 563 si
1389 507 1660 562 intuenda:
1709 509 1854 563 illius
1897 510 2184 579 copiamA
2213 508 2348 564 Cum
2395 511 2500 568 hoc
2553 511 2786 570 Iudaico
2812 528 2956 570 anno
2997 514 3296 581 conjuncta:
3347 516 3472 565 sunt
3510 507 3796 561 feriarum

546 598 664 655 fore
718 609 1128 670 cognoscerent,
1183 600 1551 668 speculatores
1598 601 1964 670 apponebant,
2013 601 2108 670 qui

547 693 730 748 statim
761 709 824 746 ac
858 702 1170 748 nascentem
1207 693 1388 747 lunam
1417 702 1827 763 prospexerant,
1871 696 2107 749 concilio

547 785 952 839 renuntiabant.
1001 783 1105 839 Sed
1150 787 1204 840 in
1250 787 1472 841 testium
1509 786 1718 840 delectu
1770 801 1988 842 morosa
2040 801 2107 840 ac

547 877 923 945 superstitiosa
975 877 1255 947 diligentia
1310 893 1447 948 opus
1491 887 1629 943 erat,
1683 894 1847 948 quam
1902 879 2107 949 aliquot

546 967 817 1036 capitibus
873 967 1177 1024 Talmudici
1238 979 1493 1025 auctores
1545 970 1838 1040 explicant.
1887 967 1988 1026 Ubi
2039 971 2105 1024 de

545 1059 753 1112 visione
819 1069 1166 1122 convenerat,
1219 1068 1334 1115 tum
1385 1061 1544 1130 legati
1604 1061 1807 1130 passim
1861 1059 2105 1114 dimitte-

543 1146 761 1209 bantur,
780 1146 874 1215 qui
900 1146 1138 1204 futuram
1175 1151 1514 1205 neomeniam
1577 1162 1632 1205 et
1681 1161 1856 1234 map
1888 1152 2098 1204 denun-

541 1241 758 1292 tiarent.
802 1239 958 1304 Quod
1008 1241 1054 1295 si
1089 1257 1198 1295 xu
1245 1242 1333 1296 die
1364 1243 1518 1296 testis
1563 1243 1768 1306 nullus,
1804 1259 1868 1296 ac
1905 1258 2102 1311 specu-

540 1330 680 1384 lator
721 1330 986 1399 alIuisset,
1038 1333 1314 1388 tricesimo
1357 1335 1534 1404 primo
1582 1335 1921 1390 neomeniam
1969 1335 2100 1388 den-

537 1423 778 1478 niebant.
811 1423 888 1479 Ita
917 1425 1097 1492 ﬂebat,
1129 1435 1191 1482 ut
1219 1428 1500 1496 plenarum
1551 1443 1921 1498 cavorumque
1950 1443 2100 1482 men-

537 1513 680 1568 sium
710 1516 984 1571 successio
1008 1532 1354 1588 nequaquam
1381 1526 1681 1583 constaret;
1713 1518 1803 1573 sed
1829 1527 1890 1573 ut
1913 1517 2099 1574 civiles

536 1618 754 1658 menses
783 1604 850 1659 ad
881 1605 1077 1662 sideris
1108 1618 1385 1676 aspectum
1416 1607 1812 1678 dirigerentur;
1838 1617 1896 1662 ut
1921 1623 2042 1678 cap.
2065 1607 2098 1662 8

535 1687 731 1745 Glossa
782 1692 959 1748 docet.
996 1693 1200 1751 Deinde
1239 1696 1333 1766 qui
1386 1699 1576 1767 procul
1626 1697 1694 1752 ab
1721 1712 1786 1751 eo
1825 1697 1918 1751 ubi
1967 1712 2099 1751 con-

535 1794 755 1844 sessus,
785 1782 900 1872 sive
924 1793 1004 1872 r1
1031 1792 1155 1851 nu,
1189 1797 1325 1854 erat,
1362 1789 1708 1856 habitabant;
1741 1799 1800 1844 ut
1819 1803 1885 1845 eo
1911 1789 2095 1860 legati,

2223 601 2738 675 noviluniorumque
2784 605 3187 665 translationes,
3239 612 3292 656 et
3330 591 3598 655 sexcenta:
3665 600 3800 652 aliae

2214 707 2390 761 nugae,
2431 710 2660 751 morosae
2693 697 2796 752 illae
2825 697 3041 767 quidem
3096 711 3159 749 ac
3185 693 3450 764 perplexa:
3484 709 3496 743 :
3528 691 3624 745 sed
3660 706 3798 758 qnze

2213 784 2348 838 nihil
2374 784 2438 838 ad
2467 786 2772 842 institutum
2802 787 3203 859 pertinent,nisi
3228 787 3274 839 si
3300 784 3427 854 quid
3450 783 3516 836 de
3540 783 3794 834 transla-

2210 876 2449 932 tionibus
2476 880 2821 947 postmodum
2851 882 2954 935 erit
2984 881 3271 949 agendum.

2281 965 2372 1021 lite
2401 979 2528 1023 sunt
2548 972 2675 1024 anni
2705 972 2845 1041 apud
2890 971 3237 1024 Talmudicos
3263 972 3554 1040 scriptores
3588 971 3794 1025 lormze

2209 1057 2710 1130 descriptionesque
2748 1063 2868 1116 dua:
2906 1081 2919 1116 :
2955 1078 3184 1130 quarum
3220 1063 3366 1129 prior
3403 1064 3605 1117 Christi
3637 1073 3791 1116 tem-

2211 1151 2433 1216 poribus
2487 1168 2552 1204 cx
2589 1154 2804 1207 illorum
2860 1154 3116 1223 opinione
3162 1155 3414 1222 congruit
3449 1171 3461 1206 :
3503 1153 3794 1222 posterior

2208 1236 2364 1308 longe
2394 1249 2581 1307 postea
2609 1252 2692 1296 est
2721 1251 2954 1311 recepta.
2990 1240 3254 1306 Quocirca
3291 1256 3395 1292 non
3427 1239 3791 1292 mediocriter

2205 1330 2481 1399 aberrant,
2508 1333 2599 1403 qui
2624 1349 2689 1388 ex
2717 1333 3002 1388 recentiori
3034 1333 3134 1386 hac
3166 1332 3415 1385 methodo
3467 1330 3790 1396 mediisque

2205 1420 2348 1477 lunae
2407 1426 2646 1480 motibus
2698 1434 2879 1479 vetera
2920 1424 3231 1480 Judzeorum
3280 1423 3438 1486 festa,
3499 1422 3790 1491 praecipue

2204 1511 2510 1579 Paschalis,
2547 1517 2808 1589 indagare
2858 1518 3076 1572 student
3109 1535 3122 1571 :
3163 1517 3307 1586 quod
3348 1515 3549 1568 Paulus
3602 1512 3787 1567 Foro-

2205 1613 2415 1676 sempr.‘
2455 1611 2615 1664 anxie
2657 1611 2840 1673 nimis,
2873 1619 2926 1665 et
2961 1610 3278 1678 scrupulose
3323 1607 3469 1670 facit,
3515 1607 3612 1660 lib.
3673 1621 3783 1658 vni

2202 1696 2372 1762 partis
2401 1713 2460 1750 ιι.
2489 1695 2674 1769 Neque
2704 1701 2884 1755 minus
2917 1707 3123 1764 errant,
3153 1697 3244 1768 qui
3273 1696 3451 1750 Pbase
3479 1693 3782 1748 Iudaicum

2203 1783 2331 1840 luna
2360 1803 2449 1841 xlv
2475 1804 2540 1844 ex
2566 1791 2865 1845 mediorum
2894 1800 3136 1844 motuum
3165 1788 3434 1843 accuratis
3463 1786 3788 1840 rationibus

532 1886 673 1938 QUOS
731 1859 1280 1956 {W'nominann
1357 1887 1466 1934 tam
1526 1881 1638 1934 cito
1685 1882 1928 1952 aspirare
1972 1859 2091 1935 non
2123 1869 2505 1950 Bastringunt
2559 1899 2577 1936 :
2630 1881 3077 1950 quandoquidem
3147 1879 3316 1933 biduo
3371 1892 3782 1944 nonnunquam

533 1974 778 2030 possent,
841 1966 1010 2022 biduo
1065 1967 1232 2026 l'estas
1280 1968 1601 2029 Neomenias
1650 1974 1921 2044 agebant:
1951 1974 2097 2042 quod

534 2053 730 2110 incerti
788 2069 995 2123 essent,
1032 2063 1284 2130 quisnam
1333 2063 1451 2118 dies
1499 2078 1529 2117 a
1577 2065 1810 2119 concilio
1841 2064 2098 2119 deﬁnitus

532 2155 697 2201 esset.
729 2145 906 2216 Atque
959 2149 1062 2205 hoc
1113 2151 1383 2222 hodieque
1431 2152 1603 2210 Judaei
1636 2155 1709 2208 illi
1744 2155 1972 2220 faciunt,
2001 2156 2094 2225 qui

529 2242 684 2290 extra
716 2235 913 2294 Judzeae
938 2240 1076 2297 fines
1104 2244 1162 2296 ὲν
1180 2245 1448 2320 διασπορᾷ
1472 2247 1694 2318 degunt.
1730 2247 1800 2302 De
1827 2264 1937 2318 quo
1974 2248 2094 2302 vide

529 2340 631 2393 cap
658 2343 686 2379 v
726 2327 902 2384 Tract.
935 2329 1230 2390 Kiddusch.

599 2418 720 2474 Jam
764 2422 1202 2482 intercalationes
1247 2429 1516 2485 mensium
1559 2446 1665 2485 non
1707 2439 1855 2486 certa
1885 2431 2092 2486 descri-

531 2511 714 2580 ptione
771 2516 1112 2572 constabant.
1163 2517 1424 2584 Quamvis
1454 2523 1597 2576 enim
1656 2524 1818 2578 tertio
1876 2539 2093 2594 quoque

530 2616 692 2667 anno,
727 2603 812 2657 vel
858 2604 1128 2660 interdum
1164 2611 1421 2673 secundo,
1456 2627 1720 2677 mensem,
1755 2613 1934 2683 quoad
1963 2613 2092 2667 lice-

529 2691 642 2755 bat,
695 2693 1014 2762 insererent,
1075 2707 1256 2753 tamen
1321 2716 1560 2771 persaepe
1612 2703 1768 2757 aliter
1824 2703 2006 2770 ﬂebat,
2037 2714 2092 2759 et

532 2802 922 2859 nonnunquam
951 2792 1301 2850 intercalares
1326 2796 1450 2848 anni
1475 2797 1583 2849 duo
1607 2797 2085 2853 continuabantur.

529 2874 595 2930 Et
632 2880 850 2947 quidem
898 2883 1162 2951 triplicem
1215 2900 1434 2940 causam
1491 2886 1845 2941 intercalandi
1899 2902 2019 2956 cap.
2055 2888 2090 2942 4

529 2969 887 3028 Maimonides
941 2975 1184 3044 exponit.
1237 2975 1416 3031 Prima
1475 2985 1561 3032 est
1621 2977 1905 3047 'l'ekupha,
1973 2980 2089 3034 sive

528 3063 693 3118 cardo
736 3065 1049 3134 aequinoctii
1101 3069 1301 3123 verni:
1336 3069 1427 3139 qui
1481 3086 1605 3125 cum
1659 3073 1714 3125 in
1758 3089 1844 3125 xvr
1897 3071 2085 3137 Nisan,

527 3163 621 3208 aut
655 3167 774 3224 post
803 3172 921 3210 eam
955 3157 1234 3223 incideret,
1271 3168 1382 3214 tum
1422 3161 1570 3215 Adar
1599 3162 1947 3217 intercalatus
1976 3174 2084 3229 est;

2202 1975 2324 2032 post
2351 1967 2583 2021 mediam
2617 1969 3055 2037 conjunctionem
3088 1969 3250 2036 φάσις
3281 1967 3527 2022 accidere
3567 1967 3623 2018 in
3669 1981 3782 2034 po—

2201 2055 2350 2110 litico
2377 2071 2521 2112 anno
2544 2059 2717 2128 potuit
2749 2079 2764 2112 :
2795 2059 2861 2114 de
2885 2075 2995 2129 quo
3025 2068 3232 2128 postea.
3311 2129 3318 2138 Ι

2271 2147 2428 2206 Nunc
2476 2151 2619 2204 enim
2681 2152 2909 2207 aliorum
2965 2162 3088 2221 post
3145 2150 3400 2206 Hebraeos
3472 2148 3780 2218 magistros

2198 2242 2548 2310 expendenda
2601 2245 2868 2298 sententia
2919 2255 3032 2310 est;
3086 2243 3346 2312 Scaligeri
3388 2258 3513 2297 cum
3545 2241 3774 2308 primis,

2198 2331 2289 2396 qui
2332 2330 2423 2384 lib.
2460 2330 2532 2384 De
2561 2333 2762 2385 emend.
2807 2346 2961 2400 temp.
2995 2347 3052 2394 ll,
3089 2340 3142 2386 et
3172 2332 3223 2384 in
3254 2329 3398 2400 Isag.
3435 2329 3636 2384 Conon.
3665 2342 3780 2380 co-

2198 2423 2347 2490 piose
2393 2423 2460 2478 de
2504 2421 2728 2478 Judaica
2784 2434 2892 2478 tam
2939 2434 3140 2485 vetere,
3191 2438 3354 2492 quam
3376 2420 3587 2476 recenti
3631 2420 3773 2473 anni

2198 2512 2368 2568 forma
2420 2514 2710 2583 disputavit
2785 2531 2852 2568 ex
2915 2514 3259 2568 Hebraeorum
3321 2511 3773 2568 Commentariis.

2199 2601 2326 2667 Sed,
2354 2613 2412 2658 ut
2442 2605 2599 2672 solet,
2626 2606 2892 2674 permulta
2922 2623 2985 2660 ex
3022 2607 3235 2676 ingenio
3265 2620 3366 2660 suo
3407 2606 3662 2663 conﬁcta,
3700 2617 3778 2654 ac

2197 2694 2335 2750 falsa
2366 2698 2657 2766 permiscet
2685 2717 2698 2751 :
2732 2713 2852 2767 quae
2891 2698 3040 2760 alibi,
3075 2699 3118 2752 si
3151 2696 3418 2751 Dominus
3443 2695 3668 2757 dederit,
3695 2710 3773 2748 ex

2197 2785 2446 2839 instituto
2495 2786 2826 2842 refellentur.
2880 2787 2994 2843 Hoc
3047 2805 3175 2842 vero
3225 2789 3344 2843 loco
3371 2796 3635 2856 quantum
3693 2787 3772 2837 ad

2195 2890 2504 2948 susceptam
2548 2879 2616 2932 de
2663 2878 2958 2935 Dominicae
3011 2881 3289 2934 Passionis
3319 2895 3462 2934 anno
3503 2878 3774 2946 quaestio—

2195 2982 2317 3020 nem
2344 2983 2566 3026 necesse
2591 2970 2711 3034 erit,
2737 2986 2769 3026 e
2799 2972 2983 3026 multis
3008 2988 3177 3041 pauca
3202 2972 3512 3026 libabimus.

2266 3099 2343 3153 De
2366 3100 2677 3157 Judworum
2713 3121 2850 3158 anno
2891 3117 3054 3159 vetere
3097 3103 3354 3174 Scaligeri
3403 3103 3687 3157 sententia.

527 3248 696 3300 altera
726 3261 893 3302 causa
921 3255 1005 3301 est
1035 3248 1079 3302 si
1112 3250 1353 3304 nondum
1379 3252 1518 3305 Abib
1549 3261 1842 3320 appeteret,
1878 3253 1980 3307 hoc
2009 3263 2092 3307 est

2265 3234 2411 3291 Nihil
2460 3238 2546 3293 hic
2607 3240 2674 3294 de
2721 3241 3229 3310 antiquissimorum
3288 3238 3637 3294 Hebrreorum
3699 3253 3778 3291 ac

527 3336 756 3392 necdum
814 3337 996 3410 fruges
1056 3356 1209 3395 novae
1259 3351 1487 3416 matura:
1557 3354 1771 3409 essent;
1830 3344 2090 3398 nimirum

522 3439 712 3520 ’ῙὩΊὩΠ
745 3439 906 3490 rrum
935 3441 1046 3517 1m:
1075 3418 1286 3520 niﬁpi‘tb
1317 3437 1764 3520 ῖηπνωλιονάεα,
1811 3453 1875 3490 ea;
1904 3438 2090 3506 quibus

528 3517 708 3584 Omer,
741 3523 845 3574 sive
879 3517 1188 3592 manipulus.
1209 3517 1487 3593 oﬂ‘erretur
1515 3544 1532 3578 :
1563 3526 1708 3595 quod
1738 3530 1972 3582 secunda
2004 3529 2092 3582 die

523 3608 854 3680 Azymorum
885 3612 1079 3680 fiebat;
1124 3615 1281 3668 tertia
1327 3630 1489 3671 causa
1528 3629 1632 3679 est,
1666 3633 1789 3671 cum
1833 3618 2087 3671 arborum

525 3699 738 3755 fructus
768 3703 1008 3756 nondum
1046 3705 1455 3760 maturuissent.
1492 3706 1624 3760 Alia:
1659 3708 1883 3777 insuper
1911 3724 2090 3764 causae

525 3791 758 3848 leviores
796 3794 1282 3866 accedebant,quze
1313 3814 1361 3853 c.
1399 3798 1433 3851 4
1467 3798 1756 3854 traduntur
1786 3818 1800 3851 :
1830 3811 1888 3854 ut
1916 3802 1959 3855 si
1988 3803 2089 3856 viis

523 3883 891 3954 pontibusque
945 3883 1134 3941 fractis
1188 3886 1514 3942 interclusus
1577 3887 1645 3942 ad
1703 3890 1890 3944 urbem
1946 3900 2090 3945 esset

524 3973 738 4040 aditus;
785 3975 832 4028 si
863 3974 1008 4030 furni
1041 3977 1282 4033 nondum
1327 3978 1544 4043 refecti;
1575 3980 1621 4034 si
1647 3979 1860 4049 longius
1889 3982 2087 4051 depor-

525 4073 673 4118 tatus
706 4077 851 4121 esset
878 4068 1131 4136 populus,
1161 4077 1215 4122 et
1242 4069 1347 4123 alia
1379 4071 1430 4124 id
1472 4087 1662 4140 genus.
1701 4071 1806 4127 Sed
1830 4073 2085 4143 primaria

525 4157 880 4210 intercalandi
932 4174 1095 4213 causa
1142 4160 1400 4230 Tekupha
1449 4160 1570 4226 fuit,
1626 4172 1684 4216 ut
1735 4164 1875 4216 intra
1911 4174 2088 4218 certos

523 4247 721 4302 solaris
749 4249 878 4303 anni
904 4250 1168 4305 terminos
1193 4251 1321 4306 luna
1361 4262 1726 4321 coerceretur,
1757 4269 1826 4308 ne
1858 4255 2086 4308 nimium

523 4348 866 4408 evagaretur,
895 4357 960 4396 ac
987 4341 1251 4398 festorum
1282 4345 1620 4400 celebritates
1655 4346 1711 4399 in
1760 4347 1895 4401 alias
1926 4357 2087 4415 atque

524 4429 662 4484 alias
689 4438 1034 4498 tempestates
1058 4431 1382 4487 transferret
1407 4433 1550 4503 quod
1575 4435 1628 4487 in
1659 4435 1891 4490 Arabico
1920 4451 2084 4500 anno,

522 4535 590 4575 ac
610 4521 787 4576 lunari
811 4521 1064 4591 simplici,
1094 4531 1149 4577 et
1175 4523 1355 4579 soluto
1385 4527 1653 4580 usuvcnit.
1686 4525 1789 4580 Sed
1824 4543 1944 4596 quae
1972 4537 2084 4581 tum
2117 4552 2163 4608 ι)

524 4609 720 4664 solaris
779 4612 907 4665 anni
966 4613 1262 4682 descriptio
1317 4631 1348 4668 a
1399 4613 1600 4671 Iudaeis
1653 4618 1940 4672 observata
1991 4621 2083 4683 sit,

524 4711 712 4768 postea
748 4703 1100 4759 disseremus.
1134 4704 1304 4760 Porro
1328 4707 1468 4762 hanc
1491 4709 1662 4778 ipsam
1689 4711 1818 4763 anni
1854 4710 2085 4764 formam

524 4805 703 4849 stante
758 4797 934 4852 adhuc
987 4798 1222 4865 templo,
1272 4800 1500 4853 necdum
1554 4802 1814 4872 dispersis
1870 4803 2088 4874 penitus

521 4883 747 4949 Judaeis,
783 4897 1100 4956 usurpatam
1125 4903 1266 4952 esse,
1313 4890 1452 4944 inter
1482 4889 1828 4948 Talmudicos
1849 4903 2081 4948 constat.

522 4975 655 5032 Post
685 4977 867 5046 templi
897 4979 1224 5042 vastitatem,
1258 4980 1680 5051 proﬂigatosque
1709 4998 1758 5038 ‘e
1797 4983 2089 5041 Palaestina

521 5063 761 5132 Judmos,
786 5082 910 5121 cum
934 5068 1047 5138 jam
1071 5070 1219 5124 nulla
1243 5072 1492 5142 συνέδρια
1518 5085 1888 5143 superessent,
1915 5077 2082 5132 altera

523 5164 826 5225 temporum
855 5158 1286 5214 ordinandorum
1321 5171 1534 5217 servata
1585 5167 1726 5219 ratio
1772 5179 1876 5229 esr,
1912 5175 1972 5219 ut
2016 5182 2084 5220 ea

522 5247 726 5316 scripto
750 5263 816 5303 ac
844 5247 1147 5303 mediorum
1212 5260 1452 5305 motuum
1495 5250 1718 5307 Tabulis
1744 5264 2080 5329 constantes,

522 5347 576 5392 et
603 5347 764 5392 certae
793 5341 1094 5395 neomeniae
1123 5349 1571 5408 (imponerentur,
1605 5356 1672 5394 ex
1705 5342 1840 5411 cycli
1867 5344 2083 5397 decem-

524 5429 844 5482 novennalis
890 5429 1166 5494 methodo,
1199 5445 1359 5498 quem
1392 5439 1572 5490 ’πη-ιω
1598 5443 1820 5496 vocant,
1845 5441 1899 5486 et
1921 5443 2077 5496 any.

521 5515 624 5572 Hic
652 5527 737 5572 est
773 5532 948 5572 annus
981 5517 1070 5573 ille
1105 5516 1414 5573 Iudaeorum
1461 5518 1815 5581 novissimus,
1849 5521 1916 5574 ad
1965 5538 2082 5577 me—

521 5609 643 5663 dios
667 5609 808 5664 lunae
832 5618 1014 5665 motus
1054 5611 1515 5677 accommodatus,
1538 5611 1604 5666 de
1623 5627 1733 5681 quo
1758 5611 1936 5672 Moses
1957 5631 2077 5686 cap.

519 5701 575 5758 tt,
617 5708 673 5753 et
703 5701 1058 5770 sequentibus
1089 5721 1101 5754 :
1127 5711 1240 5756 tum
1271 5713 1525 5758 accurate
1555 5702 1757 5758 Paulus
1789 5705 2080 5763 Forosem-

519 5803 703 5859 proru,
739 5791 1070 5858 Munsterus,
1099 5802 1154 5850 et
1185 5793 1448 5864 Scaliger,
1473 5795 1678 5866 aliique
1710 5797 2078 5868 disputarunt.

2193 3329 2622 3396 patriarcharum
2653 3346 2798 3384 anno
2834 3333 3010 3386 dicam
3041 3349 3055 3393 ;
3088 3332 3232 3402 quod
3268 3333 3335 3386 ad
3369 3346 3480 3385 rem
3519 3344 3768 3398 praesen-

2193 3428 2300 3473 tem
2333 3421 2463 3474 nihil
2492 3423 2682 3476 attinet
2706 3441 2720 3489 ;
2761 3425 2853 3478 sed
2881 3427 2946 3477 de
2971 3426 3256 3480 recentiori
3282 3424 3546 3479 duntaxat
3575 3432 3768 3486 aetate,

2192 3527 2314 3579 quae
2358 3512 2558 3569 Christi
2620 3517 2851 3570 natalem
2912 3518 3118 3585 aliquot
3168 3518 3384 3571 saeculis
3440 3516 3763 3570 antecessit.

2193 3602 2312 3668 Quo
2333 3613 2573 3673 tempore
2606 3605 3020 3669 Alexandream,
3055 3610 3166 3664 sive
3197 3608 3440 3665 Graecam
3485 3609 3612 3661 anni
3646 3608 3764 3661 for-

2192 3707 2359 3757 mam,
2403 3708 2434 3746 a
2471 3693 2673 3752 Judaeis
2722 3696 3016 3753 admissam
3067 3710 3121 3753 et
3167 3715 3269 3754 usu
3301 3699 3443 3753 civili
3482 3707 3770 3766 receptam

2193 3785 2436 3853 Scaliger
2473 3787 2766 3841 arbitratus
2811 3799 2926 3853 est,
2969 3789 3133 3857 idque
3181 3789 3612 3859 elironograpltis
3665 3787 3767 3842 ad-

2190 3878 2540 3932 miratoribus
2556 3878 2671 3934 suis
2702 3881 2955 3933 omnibus
2985 3883 3274 3949 persuasit.
3311 3879 3365 3933 In
3390 3880 3580 3949 primis
3611 3879 3767 3933 enim

2190 3971 2285 4024 lib.
2320 3971 2396 4024 De
2416 3972 2617 4024 emend.
2655 3988 2690 4026 ιι
2720 3973 2737 4040 (
2762 3989 2813 4040 p.
2843 3974 2932 4035 99,
2963 3973 3094 4028 edit.
3147 3977 3211 4042 1)
3253 3975 3463 4037 scribit,
3515 3971 3769 4034 Judaeos,

2189 4079 2312 4116 cum
2342 4063 2656 4118 neomenias
2699 4063 2808 4116 ἀπὸ
2837 4064 2933 4133 τῆς
2965 4066 3181 4134 φάσεως
3207 4065 3556 4126 deducerent,
3595 4079 3766 4117 acce-

2189 4162 2282 4224 pto
2353 4137 2757 4210 Seleucidarum
2819 4157 2991 4226 jugo,
3029 4171 3218 4210 eorum
3276 4173 3476 4210 annum
3531 4167 3587 4210 et
3624 4173 3767 4225 epo—

2189 4246 2347 4300 cham
2387 4246 2453 4300 ad
2482 4246 2733 4315 politicos
2756 4263 2889 4303 usus
2927 4251 3293 4311 transtulisse,
3332 4265 3395 4303 ac
3425 4250 3764 4318 ὅγε-ωηερε-

2189 4337 2437 4391 donicum
2464 4338 2745 4407 periodum
2787 4355 3101 4409 usurpasse.
3137 4341 3261 4394 Erat
3313 4341 3424 4394 haec
3475 4339 3764 4408 Calippica

2188 4442 2358 4492 mera,
2390 4430 2556 4500 cyclis
2577 4429 2856 4486 Metonicis
2891 4447 2943 4484 Iv
2973 4441 3254 4494 constans,
3283 4434 3444 4486 annis
3474 4447 3635 4485 Lxxw
3657 4473 3672 4494 ,
3701 4441 3760 4484 ut

2186 4518 2519 4573 Censorinus
2553 4528 2742 4575 auctor
2777 4531 2862 4576 est
2889 4523 2905 4581 (
2932 4537 2983 4591 p.
3023 4523 3090 4576 39
3121 4524 3161 4587 ),
3195 4523 3386 4578 diebus
3421 4522 3623 4578 27759.
3656 4523 3764 4592 Cy—

2189 4610 2306 4664 clus
2334 4626 2496 4678 porro
2517 4613 3027 4667 decemnovennalis
3047 4612 3356 4684 Calippicus
3397 4615 3538 4667 idem
3593 4629 3762 4682 pror-

2185 4716 2279 4757 sus
2312 4713 2581 4756 eratcum
2621 4703 2856 4768 Juliano,
2903 4705 3115 4759 dierum
3156 4706 3312 4768 6959.
3350 4708 3470 4760 hor.
3525 4708 3610 4761 18.
3652 4707 3762 4761 Sed

2187 4809 2309 4847 cum
2352 4795 2631 4860 periodum
2664 4810 2816 4848 suam
2850 4793 3107 4864 Calippus
3133 4811 3199 4850 eo
3226 4798 3540 4851 inchoasset
3578 4813 3760 4862 anno,

2187 4899 2297 4953 quo
2318 4883 2541 4939 Darium
2564 4886 2870 4940 Alexander
2900 4888 2964 4940 ad
2988 4889 3180 4942 Arbela
3207 4889 3355 4952 vicit,
3380 4887 3595 4959 Olymp.
3629 4889 3760 4950 “‘2,

2186 4989 2329 5028 anno
2355 4977 2614 5042 secundo,
2647 4978 2760 5031 sive
2784 4976 2940 5045 lphiti
2967 4977 3093 5042 446,
3123 4995 3236 5047 per.
3273 4978 3565 5043 Jul.4585,
3602 4983 3762 5050 cyclo

2184 5069 2327 5121 luna:
2354 5083 2474 5130 xm,
2508 5069 2642 5123 solis
2682 5085 2785 5134 xv;
2839 5071 2908 5124 ab
2947 5080 3251 5137 autumno;
3316 5081 3423 5126 tam
3493 5072 3668 5127 ϐττιξοί
3703 5074 3757 5126 in

2183 5159 2519 5223 Macedonia,
2556 5176 2720 5230 quam
2761 5159 3226 5232 Syromacedones
3259 5164 3311 5216 in
3339 5164 3468 5217 Asia
3502 5165 3756 5216 eamdem

2183 5250 2329 5304 illam
2356 5250 2568 5305 decimo
2599 5265 2765 5316 nono,
2791 5268 2952 5321 quam
2978 5269 3008 5307 a
3039 5254 3265 5322 Calippo
3301 5256 3606 5322 excogitata
3634 5253 3756 5307 fue-

2183 5350 2288 5405 rat,-
2319 5357 2463 5395 anno
2492 5343 2888 5404 instaurarunt,
2932 5346 3219 5399 duodecim
3272 5346 3432 5399 annis
3477 5359 3602 5412 post
3630 5346 3755 5399 Ale-

2183 5433 2375 5486 xandri
2427 5443 2657 5487 mortem
2689 5477 2706 5499 ,
2752 5437 2960 5505 periodi
3015 5435 3131 5491 Jul.
3181 5437 3341 5500 “0‘2,
3399 5439 3555 5506 cyclo
3611 5438 3754 5492 lunae

2182 5540 2301 5589 xm,
2329 5525 2461 5580 solis
2491 5541 2542 5578 vt
2569 5544 2582 5579 :
2605 5541 2832 5597 eamque
2854 5543 2886 5582 a
2920 5527 3448 5600 Syromacedonibus
3485 5530 3758 5591 Chaldai,

2181 5615 2392 5679 Judaei,
2448 5615 2754 5687 Hagareni,
2811 5619 3016 5675 Arabes
3082 5622 3336 5674 traditam
3401 5632 3753 5690 acceperunt.

2182 5707 2352 5763 Judaei
2400 5726 2527 5765 vero
2558 5726 2723 5764 atram
2769 5721 3147 5767 contractuum
3188 5722 3406 5772 mnus?
3434 5721 3560 5800 Tum
3591 5715 3750 5781 vulgr

2188 5810 2520 5871 nuncupant.
2553 5800 2608 5856 In
2637 5800 3065 5860 Machabteorum
3092 5804 3247 5860 libris
3279 5806 3406 5861 anni
3439 5805 3751 5861 Crtecorun
