4118 6402
315 389 423 444 9Η3
502 363 523 378 ’

1266 389 1354 442 DE
1395 389 1584 444 ANNO
1623 389 1709 444 ET
1749 389 1857 443 DIE
1897 389 2251 446 DOMINICE
2288 389 2667 446 PASSIONIS.

3461 388 3569 445 954

317 504 658 573 appellantur
683 542 699 565 ,
766 503 1036 573 iidemque
1093 491 1501 558 Seleucidarum
1553 504 1704 566 dicti,
1746 503 1888 574 quod
1919 509 1962 565 Α
1991 519 2298 574 progressus
2333 503 2552 573 fecerit:
2583 499 2722 568 quod
2763 517 2866 554 non
2899 492 3184 569 potuerunt
3219 501 3567 569 deprehende-

316 593 516 648 eodem
585 607 752 657 anno,
809 608 922 662 quo
980 593 1236 662 periodus
1287 593 1375 647 illa
1426 594 1587 661 iniit,
1637 591 1896 648 Seleucus

319 683 593 756 Babylone
644 694 985 755 recuperata,
1029 700 1343 756 emergere,
1389 693 1553 756 atque
1603 685 1895 755 imperium

322 777 566 831 stabilire
591 777 781 847 erepit.

389 852 624 908 Lunaris
652 845 780 907 anni
801 853 996 909 modus
1021 859 1104 905 est
1124 851 1335 906 dierum
1358 852 1550 920 554,8,
1573 855 1678 919 55',
1706 855 1766 910 6"
1797 845 1892 928 -ξ-ἓ,

322 947 529 1002 mensis
559 946 648 1012 29,
676 940 774 1009 12,
806 948 911 1012 44',
946 947 1155 1026 25”%,
1181 947 1311 1001 anni
1331 947 1662 1016 principium
1695 949 1762 1002 ab
1794 963 1895 1001 au-

326 1049 540 1103 tumno,
599 1049 655 1094 et
706 1041 924 1109 quidem
990 1037 1241 1094 Octobris
1286 1055 1408 1106 vn;
1463 1055 1587 1092 nam
1639 1039 1896 1109 Tekupha

324 1131 467 1187 Tisri
501 1132 692 1187 incidit
722 1133 776 1185 in
809 1131 1062 1188 Octobris
1101 1150 1206 1198 vn,
1237 1135 1332 1204 qui
1382 1134 1498 1188 dies
1530 1133 1740 1202 primus
1781 1144 1899 1188 erat

323 1227 453 1279 anni
479 1226 696 1281 solaris.
733 1224 865 1279 Nam
907 1236 962 1281 et
993 1227 1224 1281 solarem
1257 1237 1517 1297 praeterea
1559 1242 1763 1280 annum
1799 1226 1898 1280 ob-

323 1321 634 1385 servabant,
669 1331 729 1374 ut
774 1322 826 1374 in
862 1322 955 1376 lib.
994 1337 1044 1374 iv
1083 1320 1156 1374 De
1199 1321 1401 1375 emend.
1457 1320 1685 1387 scribit,
1742 1321 1899 1389 cujus

325 1412 569 1468 bisextus
597 1422 722 1466 ante
751 1413 988 1482 primum
1031 1413 1197 1468 Tisri.
1253 1429 1326 1467 vn
1372 1411 1624 1468 Octobris
1664 1413 1900 1466 inﬁnde-

325 1503 503 1556 batur.
563 1501 666 1556 Sed
717 1511 904 1572 postea
961 1503 1230 1557 translato
1290 1503 1344 1556 in
1405 1517 1632 1557 vernum
1684 1488 1900 1571 tempus

324 1595 502 1655 initio.
532 1596 672 1649 inter
723 1597 952 1664 primam
994 1603 1048 1648 ct
1081 1595 1376 1650 secundam
1408 1593 1614 1664 Aprilis
1657 1594 1900 1649 insertus

324 1695 429 1742 est.
460 1685 655 1740 Postea
685 1684 900 1740 .lnliana
934 1686 1062 1740 anni
1091 1687 1266 1740 forma
1313 1694 1551 1756 recepta,
1595 1685 1740 1742 inter
1769 1699 1900 1748 xxv,

323 1789 380 1833 et
409 1795 536 1832 xxvi
569 1777 744 1831 Martii
782 1779 1136 1834 intercalatus
1170 1786 1255 1832 est
1288 1778 1425 1833 dies.
1473 1778 1643 1846 igitur
1689 1776 1902 1831 lunaris

2000 614 2074 658 re,
2105 597 2216 650 sine
2249 595 2495 648 doctrina
2524 595 2650 646 anni
2682 594 2745 647 R.
2767 593 2940 646 Adda.
2979 591 3154 661 Igitur
3181 609 3212 644 a
3237 608 3307 644 vn
3343 591 3460 646 Oct.
3503 590 3571 645 ad

1995 704 2122 741 χχιν
2157 688 2302 756 Sept.
2341 687 2452 740 dies
2481 695 2602 739 sunt
2631 701 2727 738 xm
2761 685 3018 753 precise:
3051 682 3239 752 quibus
3271 695 3573 751 competunt

1998 777 2126 830 anni
2158 776 2299 830 4104
2332 792 2397 829 ea:
2426 777 2668 830 doctrina
2693 774 2756 829 R.
2790 775 2969 829 Adda.
3016 772 3254 826 Totidem
3281 776 3419 827 enim
3448 789 3574 830 aunt

1996 869 2122 922 dant
2150 868 2511 938 προηγήσεως
2539 867 2867 938 σεληνιακῆς
2895 883 3015 930 χιιι,
3047 867 3233 919 horam
3261 867 3312 920 1.
3343 864 3488 919 Idem
3525 875 3572 919 et

1997 962 2093 1016 lib.
2127 978 2178 1015 tv
2209 961 2492 1030 repetitur.
2516 958 2718 1013 Verum
2744 959 2880 1012 nihil
2909 959 3013 1013 hac
3048 957 3573 1027 Scaligeridoetrina

1996 1056 2191 1108 vanius
2222 1064 2386 1122 atque
2416 1051 2825 1106 inconstantius
2859 1058 2962 1105 est.
3025 1049 3272 1102 Primum
3301 1047 3446 1102 enim
3487 1061 3569 1098 re-

1999 1154 2196 1199 tractat
2226 1145 2279 1198 id
2314 1145 2460 1214 quod
2507 1144 2763 1198 dixerat:
2800 1142 3134 1211 Calippicam
3168 1139 3402 1194 formam
3451 1147 3573 1207 post

1998 1237 2346 1292 Constantini
2391 1247 2640 1304 tempora
2681 1235 2927 1290 nondum
2974 1233 3320 1302 repudiatam
3361 1229 3574 1296 fuisse;
3661 1236 3675 1256 ‘

1999 1340 2052 1383 et
2085 1345 2230 1384 anno
2266 1329 2502 1397 primum
2534 1326 2640 1382 544
2681 1326 2906 1380 alteram
2939 1323 3084 1377 illam
3125 1324 3246 1391 ejus
3278 1322 3398 1377 loco
3443 1321 3573 1375 sub-

2001 1423 2269 1476 stitutam.
2303 1419 2506 1473 Deinde
2539 1417 2606 1472 Β.
2639 1419 2850 1472 Addam
2890 1419 2940 1470 ei
2984 1414 3223 1471 concilio
3259 1412 3576 1467 interfuisse

2001 1517 2176 1578 putat,
2209 1516 2264 1561 et
2289 1507 2640 1575 repudianda:
2677 1505 2969 1575 Calippica
3017 1503 3250 1572 periodi,
3283 1517 3348 1556 ac
3380 1516 3570 1555 recen-

2003 1600 2158 1655 tioris
2201 1599 2549 1654 instituendas
2588 1607 2869 1652 auctorem
2914 1596 3104 1651 fuisse.
3143 1595 3224 1648 Ad
3277 1594 3391 1648 haec
3432 1592 3578 1662 ejus-

2003 1690 2123 1744 dem
2155 1688 2556 1744 Tiberiadensis
2602 1687 2864 1758 synedrii,
2927 1695 2983 1742 et
3028 1685 3095 1740 R.
3133 1686 3299 1739 Addas
3358 1683 3578 1738 decreto

2006 1784 2325 1838 translatam
2362 1798 2483 1837 esse
2523 1781 2651 1835 anni
2691 1781 2955 1850 epocham
2988 1795 3018 1833 a
3051 1794 3124 1833 vn
3172 1777 3292 1832 Oct.
3343 1777 3408 1831 ad
3453 1791 3580 1830 xxnv

327 1871 456 1923 anni
488 1869 780 1939 dispositio
805 1871 946 1940 apud
982 1869 1202 1925 Iudaeos
1254 1869 1749 1942 Syromaeedonica
1785 1869 1902 1924 sive
1935 1848 1977 1908 Β
2006 1875 2174 1944 Sept.,
2195 1892 2317 1930 cum
2352 1884 2429 1929 tot
2461 1874 2588 1927 anni
2622 1848 2907 1927 constituti
2959 1878 3166 1936 essent,
3201 1879 3336 1940 quot
3384 1871 3449 1924 ad
3480 1884 3579 1922 xm

325 1960 600 2030 Calippica
635 1961 757 2026 fuit,
789 1962 947 2032 cujus
973 1963 1188 2017 initium
1225 1964 1293 2017 ab
1321 1961 1572 2018 Octobris
1611 1978 1710 2017 vn.

403 2051 604 2107 Verum
641 2068 764 2108 eum
799 2053 984 2124 cyclus
1011 2053 1324 2124 Calippieus
1377 2055 1586 2110 lunaris
1635 2056 1776 2110 idern
1820 2062 1906 2110 est

329 2160 454 2198 eum
491 2143 733 2208 Juliano,
761 2145 1006 2199 lunarem
1033 2143 1342 2212 Iudaicum,
1365 2162 1529 2217 quem
1553 2147 1902 2202 verissimum

329 2245 484 2304 putat
536 2235 796 2306 Scaliger,
830 2236 1058 2292 excedat
1120 2238 1273 2292 horis
1320 2238 1374 2302 5,
1425 2253 1608 2308 scrup.
1663 2238 1906 2294 Judaicis

335 2326 478 2394 760;
515 2329 776 2397 quoniam
812 2329 948 2399 eyeli
979 2327 1495 2384 decemnovennalis
1525 2345 1787 2386 excessus
1823 2338 1908 2384 est

331 2421 452 2475 hor.
509 2421 560 2484 1,
597 2420 746 2487 485ς
783 2430 906 2490 post
939 2421 1120 2490 cyclos
1148 2435 1279 2475 vero
1326 2419 1635 2490 Calippicos
1670 2437 1758 2487 Iv,
1810 2421 1902 2490 qui

331 2511 731 2580 Hipparcheum
760 2528 925 2566 unum
952 2511 1182 2576 faciunt,
1208 2512 1273 2566 ad
1305 2512 1471 2567 horas
1493 2512 1586 2578 22,
1617 2511 1722 2565 880
1753 2529 1768 2577 ;
1803 2512 1908 2566 hoc

333 2613 419 2658 est
442 2604 555 2658 fere
577 2605 722 2658 diem
763 2603 1000 2658 solidum
1032 2618 1294 2658 excessus
1325 2603 1414 2657 ille
1450 2604 1768 2672 perveniat;
1815 2601 1911 2656 Ju-

330 2696 432 2750 daai
460 2697 720 2765 paulatim
762 2696 940 2750 labem
981 2695 1110 2749 anni
1147 2695 1233 2750 sui
1276 2695 1773 2764 deprehenderunt.
1820 2695 1913 2748 Et-

336 2789 484 2842 enim
521 2786 853 2856 Calippicam
889 2787 1050 2841 istam
1094 2784 1328 2840 formam
1356 2786 1424 2840 ad
1469 2801 1670 2839 annum
1699 2787 1909 2842 Christi

340 2880 446 2933 544
473 2879 813 2934 retinuerunt
838 2919 854 2943 ,
890 2888 949 2932 ut
979 2878 1074 2932 lib.
1106 2893 1142 2930 ιι
1178 2877 1251 2932 De
1280 2877 1484 2932 emend.
1512 2879 1774 2947 scriptum
1806 2887 1909 2932 est.

340 2971 497 3028 Circa
539 2972 684 3026 hunc
709 2987 911 3025 anitum
941 2986 1070 3025 vero
1101 2969 1252 3024 bidui
1295 2970 1488 3024 vitium
1519 2971 1916 3024 animadverte-

337 3072 505 3128 runt;
545 3079 669 3117 cum
707 3063 818 3132 jam
855 3063 925 3118 ab
959 3063 1116 3116 initio
1153 3060 1562 3116 Seleucidarum
1595 3079 1772 3118 annus
1811 3062 1916 3117 656

336 3157 633 3219 .aberelur,
666 3154 1052 3223 quiestXLvm
1078 3162 1203 3223 post
1243 3151 1613 3223 Hipparcheas
1656 3155 1911 3224 periodos

337 3248 494 3301 duas.
529 3245 712 3314 Itaque
745 3260 868 3298 cum
906 3244 1049 3299 Tisri
1079 3243 1392 3298 Judaeorum
1425 3245 1800 3300 Alexandreus
1832 3260 1913 3301 es-

342 3349 427 3395 set
458 3341 510 3393 iu
541 3355 669 3393 χχνι
703 3337 874 3407 Sept.,
889 3337 1020 3392 feria
1054 3355 1131 3406 Iv,
1160 3355 1222 3394 ex
1251 3339 1576 3409 epilogismo
1627 3339 1911 3404 hodierno,

339 3436 454 3489 sive
479 3432 654 3485 lunari
677 3431 912 3502 ἀκριϐεῖ,
951 3431 1232 3486 character
1268 3439 1404 3492 erat,
1431 3432 1486 3493 2,
1515 3431 1569 3492 4,
1605 3431 1734 3496 240,
1762 3431 1911 3500 Sept.

341 3542 471 3581 χχιν
500 3543 512 3578 :
553 3523 637 3577 En
661 3523 801 3577 labes
825 3522 990 3576 bidui.
1017 3521 1270 3576 Nondum
1295 3525 1432 3577 enim
1456 3525 1715 3576 rationem
1739 3522 1919 3592 Calip-

341 3619 518 3687 picam
571 3615 634 3670 de
665 3615 782 3669 sede
812 3631 913 3669 sua
950 3614 1365 3669 sollicitaverant
1408 3613 1588 3668 Judaei
1612 3654 1628 3681 ,
1678 3615 1767 3668 sed
1799 3630 1916 3668 eam

340 3710 514 3764 adhuc
559 3707 872 3762 incolumem
919 3716 1274 3762 servaverant.
1327 3705 1468 3768 Sero,
1495 3706 1659 3777 igitur
1697 3706 1916 3760 tandem

341 3813 530 3854 errore
563 3799 806 3869 cognito,
863 3798 1105 3852 adhibita
1150 3784 1208 3852 in
1257 3797 1520 3852 auxilium
1585 3797 1917 3867 astrologia,

342 3904 470 3944 eun
538 3904 741 3943 annum
813 3889 1210 3955 instituerunt,
1263 3897 1657 3959 quo-utuntur
1734 3890 1914 3944 hodie.

343 3982 714 4049 Quamobrem
745 3999 808 4038 ex
843 3984 1100 4052 opinione
1123 3983 1384 4054 Sealigeri
1431 3998 1609 4039 annus
1639 3983 1729 4038 ille
1760 3981 1923 4054 Syro-

348 4076 760 4142 macedonicus,
787 4085 842 4132 et
870 4077 1249 4133 Alexandreus
1269 4077 1580 4147 Calippieus
1606 4093 1713 4132 non
1743 4077 1919 4132 solum

345 4167 450 4223 sub
502 4167 681 4237 ipsum
732 4168 1013 4224 Passionis
1078 4149 1314 4238 tempus,
1356 4185 1547 4224 verum
1602 4169 1768 4224 etiam
1828 4169 1919 4224 diu

345 4270 538 4333 postea
570 4262 711 4331 apud
735 4259 952 4316 Iudaeos
988 4263 1240 4318 obtinuit.
1287 4264 1392 4319 Sed
1436 4265 1626 4319 eodem
1673 4264 1726 4318 in
1759 4279 1924 4333 opere

355 4355 428 4408 De
454 4355 819 4409 emendatione
867 4356 1194 4410 sententiam
1234 4366 1427 4421 mutat,
1472 4373 1537 4412 ac
1588 4360 1925 4412 contrarium

349 4446 527 4510 docet,
555 4447 651 4502 lib.
686 4463 719 4502 ν
755 4445 777 4517 (
797 4462 852 4517 p.
886 4446 992 4503 3‘59
1014 4449 1054 4518 ).
1089 4447 1308 4504 Judaeos
1341 4448 1486 4502 enim
1520 4451 1719 4503 asserit
1746 4449 1928 4512 Calip-

2003 1967 2216 2022 dierum
2279 1967 2586 2036 προήγησιν
2643 1963 3042 2033 requiruntur,
3102 1963 3362 2017 nimirum
3417 1962 3579 2019 4104.

2004 2058 2138 2126 Quae
2167 2057 2350 2112 omnia
2375 2057 2582 2112 clarum
2601 2065 2684 2110 est
2717 2054 2902 2108 inania
2931 2065 2984 2109 et
3013 2054 3388 2110 commentitia
3428 2070 3584 2120 esse,

2006 2170 2108 2208 nec
2138 2151 2305 2206 ullius
2343 2149 2631 2217 scriptoris
2667 2145 3022 2213 auctoritate,
3057 2155 3151 2200 aut
3196 2147 3312 2199 ullo
3345 2145 3586 2214 antiqui-

2005 2245 2135 2300 tatis
2177 2240 2492 2297 testimonio
2519 2238 2724 2303 fulciri,
2760 2238 2868 2300 nisi
2919 2237 3195 2291 contraria
3230 2237 3394 2291 etiam
3437 2237 3540 2290 sihi
3569 2277 3584 2300 ,

2007 2351 2070 2392 ac
2106 2335 2256 2388 nullo
2297 2333 2460 2387 modo
2489 2341 2855 2385 consentanea
2911 2329 3189 2384 dicantur.
3239 2326 3384 2381 Nihil
3437 2330 3585 2381 enim

2008 2427 2149 2498 apud
2212 2425 2546 2494 Scaligerum
2599 2436 2722 2476 cum
2771 2421 2824 2474 in
2860 2420 2954 2474 lib.
3000 2420 3073 2473 De
3118 2420 3345 2483 emend,
3384 2428 3494 2473 tum
3532 2419 3588 2472 in

2009 2520 2158 2591 lsag.
2191 2517 2494 2574 Canonibus
2532 2525 2640 2570 tam
2673 2514 2868 2570 crebro
2897 2514 3245 2568 decantatum
3278 2520 3383 2576 est,
3417 2529 3585 2582 quam

2009 2611 2275 2666 novitium
2309 2609 2484 2672 illum,
2526 2614 2585 2659 ut
2628 2613 2809 2669 vocat,
2842 2603 3156 2658 Judaeorum
3192 2619 3419 2669 annum,
3473 2619 3588 2673 quo

2011 2703 2088 2756 uti
2123 2701 2394 2769 hodieque
2447 2697 2646 2760 solent,
2705 2711 2734 2750 a
2778 2694 2845 2748 R.
2900 2694 3094 2749 Hillele
3144 2694 3305 2764 longe
3351 2704 3473 2763 post
3524 2693 3584 2746 n.

2014 2793 2288 2848 Samuelis
2323 2802 2377 2846 et
2403 2791 2571 2844 Adda:
2604 2797 2852 2866 tempora
2880 2787 3249 2857 excogitatum
3282 2786 3470 2840 fuisse.
3513 2784 3594 2839 Ac

2013 2901 2082 2940 ne
2117 2883 2438 2939 calumniari
2464 2883 2648 2937 sciens
2681 2881 2889 2943 videar,
2917 2894 3042 2933 eum
3075 2879 3161 2943 iis,
3197 2894 3317 2948 quae
3341 2878 3394 2932 in
3425 2893 3590 2946 opere

2014 2978 2109 3033 illo
2145 2977 2216 3031 De
2241 2977 2610 3030 emendatione
2643 2973 2887 3042 scripsit,
2921 2969 3220 3034 conferam,
3257 2987 3379 3040 qua:
3409 2971 3462 3022 in
3498 2985 3598 3038 po—

2017 3080 2242 3135 stremo,
2267 3085 2428 3138 quem
2457 3085 2521 3122 ea
2554 3069 2621 3121 de
2657 3081 2714 3120 re
2750 3065 2960 3129 edidit,
3014 3065 3156 3118 libro
3193 3065 3408 3132 penitus
3451 3078 3479 3115 a
3535 3078 3597 3116 se

2016 3163 2232 3216 diversa
2261 3176 2326 3216 ac
2366 3159 2664 3229 pugnantia
2705 3157 2978 3226 leguntur.
3032 3154 3164 3209 Nam
3203 3154 3414 3225 lsagog.
3453 3152 3592 3208 ϐαι.

2021 3254 2117 3309 lib.
2151 3269 2234 3317 tu,
2267 3269 2318 3322 p.
2353 3253 2480 3313 915',
2521 3249 2751 3318 Templo.
2772 3249 2967 3318 inquit,
2992 3247 3162 3300 adhuc
3189 3258 3378 3306 stante,
3406 3246 3595 3298 mensis

2023 3363 2161 3400 ntere
2193 3345 2396 3399 lunaris
2425 3342 2716 3411 Hipparchi
2742 3343 2795 3418 in
2835 3357 2987 3393 usum
3017 3356 3048 3391 a
3099 3337 3304 3390 Judteis
3360 3345 3596 3402 receptus

2023 3451 2160 3495 erat.
2195 3439 2329 3492 Post
2345 3437 2607 3491 excidium
2627 3433 2829 3503 templi,
2857 3443 2913 3486 ut
2936 3440 3067 3485 esset
3099 3428 3328 3501 formula
3354 3427 3597 3497 quwdam

2023 3541 2270 3602 perpetua
2307 3532 2434 3585 anni
2464 3529 2656 3593 civilis,
2682 3544 2786 3598 quo
2813 3525 3058 3594 pleraque
3095 3523 3263 3577 omnis
3285 3519 3600 3574 Judworum

2024 3623 2291 3694 διασπορὰ
2319 3631 2574 3687 uteretur,
2613 3619 2785 3690 primo
2835 3628 3015 3688 typum
3051 3613 3338 3684 publicavit
3385 3610 3600 3664 Samuel

2025 3724 2364 3786 cognomento
2402 3712 2720 3772 Jarchinai,
2771 3711 2980 3762 circiter
3027 3723 3224 3760 annum
3271 3703 3469 3759 Christi
3497 3700 3602 3754 ‘2I3

2026 3810 2144 3880 plus
2171 3811 2386 3861 minus;
2419 3813 2630 3876 quando
2662 3802 2872 3856 ludatis
2904 3800 3174 3868 prtecepit,
3214 3809 3268 3850 ut
3301 3796 3485 3849 relicta
3516 3809 3601 3846 ve-

2029 3901 2126 3953 teri
2171 3897 2436 3968 Tekupha,
2488 3897 2544 3948 in
2584 3909 2659 3948 vn
2699 3892 2816 3948 Oct.
2867 3889 3165 3957 Tekupham
3197 3887 3462 3956 Sosigettis
3500 3882 3602 3936 Ju-

2029 3991 2231 4043 lianam
2281 3989 2337 4041 in
2388 4001 2517 4041 χχιν
2577 3983 2723 4052 Sept.
2784 3981 3243 4047 amplecterentur.
3286 3977 3403 4038 Ipse
3439 3976 3602 4028 etiam

2029 4085 2230 4154 primus
2279 4079 2594 4136 Judtzorum
2650 4091 2714 4131 ea:
2775 4074 3083 4144 deﬁnitione
3148 4071 3340 4123 mensis
3401 4068 3603 4120 lunaris

2032 4173 2368 4243 Hipparchea
2392 4168 2730 4240 deprehendit
2758 4165 3041 4218 discrimen
3073 4158 3604 4214 enneadecaeteridos

1991 4305 2000 4316 .
2031 4265 2266 4319 Julianre
2287 4272 2336 4316 et
2365 4261 2567 4315 lunaris
2588 4275 2696 4313 esse
2723 4258 2839 4310 hor.
2875 4257 2927 4323 1,
2955 4253 3082 4308 485.
3115 4251 3308 4304 Postea
3361 4248 3485 4314 (lib.
3523 4265 3605 4308 ιιι,

2033 4377 2080 4414 c.
2110 4360 2236 4428 5.17.
2271 4355 2422 4426 210)
2463 4355 2531 4412 Β.
2588 4353 2742 4407 Adda
2783 4353 2897 4407 Bar
2929 4348 3115 4404 Ahaba
3161 4348 3242 4400 vir
3281 4345 3474 4399 sa'culo
3513 4358 3607 4396 suo

2033 4451 2344 4504 Judreorum
2375 4447 2731 4510 doctissimus,
2768 4443 3052 4514 pensitatis
3097 4435 3390 4506 Hipparchi
3436 4435 3606 4487 ratio-
3657 4495 3660 4502 ι

351 4545 470 4612 pica
498 4541 714 4613 periodo
745 4542 814 4596 ad
853 4551 1086 4612 tempora
1114 4559 1276 4613 usque
1309 4543 1624 4597 Diocletiani
1673 4543 1792 4610 plus
1827 4545 1930 4598 mi-
1960 4557 2005 4613 ι)
2035 4543 2205 4604 nibus,
2259 4556 2324 4594 ex
2393 4539 2579 4610 quibus
2620 4533 3072 4590 enneadecaeteris
3125 4529 3265 4582 luna:
3312 4527 3484 4578 minor
3529 4533 3606 4576 est

352 4653 448 4691 nus
485 4653 609 4690 usos
636 4652 766 4690 esse.
804 4634 905 4690 Sed
935 4652 1054 4690 cum
1105 4634 1394 4705 Calippica:
1446 4636 1730 4690 neomenia:
1769 4635 1930 4690 biduo

352 4746 502 4783 veras
549 4729 855 4784 neomenias
916 4737 1285 4793 morarentur,
1333 4727 1634 4797 synedrium
1692 4727 1932 4781 Tiberia-

352 4824 510 4878 dense
541 4823 837 4877 convocatis
876 4823 1059 4892 peritis
1082 4835 1428 4875 astronomia:
1455 4819 1750 4889 magistris,
1795 4819 1934 4872 inter

354 4934 505 4987 quos,
546 4924 602 4968 ut
633 4915 900 4979 existimo,
936 4913 1106 4967 Rabbi
1139 4913 1294 4967 Adda
1339 4912 1482 4981 fuit,
1518 4927 1620 4966 usu
1645 4909 1934 4981 Calippica!

353 5004 558 5073 periodi
587 5019 708 5056 cum
743 5007 984 5072 co'mputo
1023 5019 1281 5056 annorum
1305 5002 1597 5056 Alexandri
1632 5001 1791 5055 simul
1839 5001 1934 5054 ab-

355 5109 561 5170 rogato,
599 5115 787 5153 novam
813 5099 938 5152 anni
965 5099 1220 5153 rationem
1266 5097 1521 5162 instituit,
1552 5104 1610 5149 ut
1645 5095 1935 5149 neomenia:

357 5209 460 5245 non
497 5208 590 5260 per
638 5190 907 5261 periodOs,
969 5189 1060 5244 sed
1109 5207 1202 5258 per
1249 5191 1423 5259 ipsum
1468 5198 1668 5242 motum
1705 5187 1937 5242 medium

359 5284 598 5337 lunarem
629 5293 965 5352 putarentur.
995 5282 1125 5336 Cum
1145 5283 1309 5351 igitur
1335 5282 1494 5346 diem,
1526 5281 1618 5334 ubi
1648 5289 1765 5334 erat
1788 5279 1937 5333 locus

360 5375 465 5426 diei
511 5373 897 5440 intercalandi,
923 5375 1016 5426 hoc
1054 5382 1132 5427 est
1177 5388 1248 5426 vu
1293 5371 1437 5437 0ct.,
1477 5379 1726 5442 putarent
1769 5370 1939 5440 fuisse

360 5469 591 5536 primam
618 5467 778 5533 diem,
810 5468 864 5522 in
897 5483 1000 5538 qua
1042 5465 1270 5520 mundus
1317 5467 1580 5528 conditus,
1630 5464 1752 5517 hinc
1789 5479 1938 5516 com-

359 5569 545 5628 putum
576 5577 732 5615 suum
766 5563 900 5615 inire
927 5561 1284 5615 decreverunt.
1315 5558 1381 5613 Et
1408 5559 1533 5629 quia
1563 5558 1673 5612 dies
1704 5559 1942 5629 equino-

363 5651 474 5715 ctii,
496 5661 545 5704 et
579 5653 697 5706 ideo
730 5651 986 5723 Tekuphte
1027 5652 1355 5705 autumnalis
1387 5659 1504 5704 erat
1531 5654 1587 5702 in
1612 5665 1738 5704 χχιν
1767 5646 1939 5716 Sept.,

364 5745 770 5800 considerarunt
800 5746 856 5798 in
881 5754 1006 5815 quot
1035 5745 1190 5798 annis
1222 5743 1360 5798 Tisri
1407 5759 1441 5795 a
1475 5751 1652 5796 centro
1689 5739 1941 5794 Macedo-

366 5841 508 5903 uico,
533 5837 588 5892 id
635 5848 711 5894 est
754 5855 788 5894 a
818 5853 890 5893 vn
946 5835 1062 5892 Oct.
1109 5835 1176 5891 ad
1209 5850 1334 5891 xxiv
1369 5833 1510 5903 Sept.
1569 5834 1624 5888 in
1672 5833 1942 5887 anteriora

2033 4649 2140 4687 una
2162 4629 2654 4686 enneadecaeteride
2696 4626 2972 4696 Calippica
2998 4623 3111 4676 hor.
3149 4621 3200 4686 1,
3233 4617 3359 4678 48ΞΞ,
3395 4615 3490 4668 hoc
3518 4628 3609 4666 ea:-

2034 4744 2182 4782 cessu
2205 4728 2262 4779 in
2289 4725 2354 4778 19
2374 4723 2680 4787 distributo,
2714 4721 2920 4789 collegit
2949 4717 3064 4770 hor.
3093 4713 3152 4778 0,
3196 4702 3352 4778 82—},-
3379 4708 3443 4760 de
3471 4722 3608 4772 qua-

2035 4819 2222 4872 drante
2248 4813 2491 4877 Juliano,
2527 4811 2631 4864 sive
2667 4807 2942 4876 Calippica
2963 4798 3328 4858 deducendum
3370 4809 3520 4857 esse;
3552 4799 3610 4845 ut

2034 4910 2220 4965 modus
2263 4907 2388 4960 anni
2430 4906 2502 4958 sit
2552 4903 2756 4956 dierum
2800 4899 2926 4962 565,
2971 4897 3024 4959 5,
3056 4895 3160 4950 997
3309 4894 3488 4956 Quare
3536 4885 3606 4941 Β.

2034 4999 2192 5053 Adda
2220 4994 2501 5049 lulianum
2533 5007 2752 5050 annum,
2802 4998 2852 5042 et
2901 4985 3169 5040 Samuelis
3205 4983 3477 5052 Tekuphas
3525 4995 3612 5032 re-

2028 5090 2206 5160 jecit;
2253 5085 2392 5156 quod
2427 5083 2594 5138 eidem
2625 5080 2844 5134 Iuliano
2891 5079 2976 5131 die
3022 5086 3268 5147 perpetuo
3317 5077 3614 5129 Itwrerent:

2037 5185 2148 5254 ipse
2179 5197 2298 5235 vero
2336 5194 2455 5232 cum
2497 5192 2695 5230 annum
2750 5174 3014 5239 tropicum
3070 5169 3463 5239 Hipparckenm
3504 5167 3615 5218 suis

2041 5273 2382 5336 obtrusisset,
2408 5271 2461 5324 in
2488 5285 2590 5340 quo
2619 5275 2735 5338 post
2765 5265 2869 5319 504
2902 5280 3070 5318 annos
3097 5263 3228 5316 solis
3261 5278 3321 5314 ac
3362 5259 3502 5313 luna:
3531 5274 3612 5309 ra-

2043 5369 2207 5421 tiones
2235 5363 2304 5417 ad
2336 5361 2593 5416 amussim
2621 5359 2905 5429 quadrant,
2945 5371 3036 5409 nec
3058 5364 3137 5408 est
3170 5354 3267 5406 illa
3295 5352 3606 5422 προέμπ-τω

2041 5476 2147 5524 σις,
2179 5465 2274 5511 aut
2308 5455 2713 5526 μετέμπτωσις,
2742 5448 3016 5517 Tekuphas
3049 5447 3187 5500 alias
3216 5445 3468 5507 instituit,
3501 5454 3616 5509 qua

2042 5566 2163 5604 cum
2208 5546 2493 5603 noviluniis
2543 5543 2662 5614 pari
2699 5556 2917 5612 prorsus
2946 5539 3205 5592 rationea
3229 5532 3441 5588 Iuliani
3488 5534 3619 5584 anni

2041 5642 2237 5713 epocha
2266 5637 2668 5694 retrocederent.

2113 5732 2286 5789 Orsus
2321 5739 2406 5786 est
2435 5737 2614 5784 autem
2660 5741 2695 5784 ta
2737 5723 2994 5794 Tekupba
3036 5719 3203 5776 Nisan
3226 5760 3240 5783 ,
3277 5730 3382 5772 non
3427 5721 3488 5768 ut
3518 5711 3616 5766 Sa.

2043 5827 2214 5894 muel,
2261 5841 2290 5882 a
2338 5823 2602 5895 Tekupha
2630 5819 2786 5877 ,Tisri
2817 5836 2828 5872 :
2864 5818 3210 5890 primumque
3258 5809 3422 5866 Nisan
3464 5805 3519 5860 in
3553 5818 3620 5858 ea
