4118 6402
513 306 620 365 955

1614 309 1956 366 APPE‘NDIX
1999 309 2626 374 DISSERTATIONUM.

3687 312 3812 370 956

512 433 676 478 nocte
707 419 1012 488 collocavit,
1046 440 1165 494 qua:
1192 435 1377 479 secuta
1413 435 1497 479 est
1529 425 1653 478 Kal.
1691 423 1978 494 Apr.,feria
2008 442 2037 477 v
2069 441 2082 477 :

2202 427 2301 482 ista
2355 429 2580 498 periodo
2625 427 2691 482 ad
2753 429 3063 500 προήγησιν
3105 427 3435 499 σεληνιακήν
3480 427 3807 497 adipiscen-

511 517 672 584 cujus
707 516 987 571 character
1029 517 1084 580 5,
1117 516 1168 580 1,
1207 517 1493 571 770.anno
1545 517 1789 570 hodierni
1836 516 2091 586 Computi

511 611 653 665 4017
693 612 766 682 (p.
804 613 955 676 216),
991 621 1044 665 et
1087 612 1154 665 ab
1181 628 1243 665 eo
1277 611 1509 666 deducto
1541 613 1857 667 charactere
1882 627 1956 666 vu
1996 627 2094 665 an-

515 719 737 771 norum,
765 705 1011 759 videlicet
1036 705 1088 768 5,
1127 705 1215 770 15,
1241 704 1363 771 158,
1394 705 1747 774 deprehendit
1771 703 1936 760 Nisan
1965 704 2091 759 anni

516 799 760 855 hodierni
791 798 1044 868 Computi
1081 798 1244 863 40l0,
1278 815 1470 870 nempe
1504 798 1557 860 6,
1598 799 1686 862 10,
1719 797 1825 854 620
1857 799 1962 855 :de
1983 813 2094 868 quo

517 889 561 942 si
622 888 923 944 deducatur
971 890 1253 942 character
1301 905 1376 943 vtt
1431 889 1724 952 mensium,
1796 889 2095 943 remanebit

515 974 657 1033 Tisri
687 977 931 1048 ejusdem
964 981 1089 1033 armi
1124 980 1177 1046 2,
1205 980 1289 1045 17,
1321 981 1447 1035 469.
1483 980 1630 1051 Cycli
1657 981 1754 1034 211
1781 980 1891 1050 jam
1924 981 2093 1050 elapsi

514 1079 690 1128 erant.
723 1086 955 1139 quorum
985 1072 1268 1125 character
1299 1073 1352 1135 7,
1386 1071 1471 1135 12,
1509 1071 1636 1137 265,
1670 1071 1736 1125 de
1761 1071 1816 1137 2,
1865 1072 1950 1136 17,
1991 1072 2094 1126 469

515 1161 778 1216 deductus
816 1162 1072 1233 relinquit
1109 1164 1340 1231 primum
1370 1162 1511 1218 Tisri
1536 1165 1593 1228 2,
1635 1164 1688 1228 5,
1719 1164 1845 1218 204.

589 1251 868 1306 Postremo
925 1256 1016 1324 (p.
1073 1256 1218 1326 215)
1275 1253 1343 1310 Β.
1417 1255 1575 1311 Hillel
1632 1256 1884 1325 princeps
1951 1269 2095 1308 anno

514 1343 719 1398 Christi
753 1344 852 1398 544
878 1385 890 1406 ,
931 1347 1088 1401 annis
1134 1363 1262 1401 xcm
1307 1349 1373 1402 ab
1401 1348 1551 1402 obitu
1589 1348 1861 1402 Samuelis
1890 1356 2096 1400 utram-

515 1449 624 1502 que
656 1433 948 1489 factionem
982 1437 1272 1492 conciliare
1307 1439 1552 1504 studens,
1577 1448 1632 1493 ut
1655 1452 1891 1494 veterem
1928 1438 2096 1494 Musis

513 1527 799 1595 epocham.
836 1543 958 1597 qua:
993 1538 1076 1582 est
1111 1546 1183 1583 vn
1213 1529 1456 1598 Octobr.,
1475 1541 1529 1586 et
1563 1547 1760 1587 novam
1793 1532 2093 1604 Sosigenis.

514 1634 638 1687 qua:
686 1629 768 1674 est
822 1637 949 1674 xxiv
1011 1619 1160 1690 Sept.
1220 1624 1702 1693 complecteretur,
1765 1628 1909 1697 quod
1965 1626 2095 1682 anni

515 1720 823 1780 Congruunt
862 1712 1055 1766 diebus
1083 1728 1177 1766 xm
1214 1717 1570 1786 προηγήσεως
1605 1717 1961 1791 σεληνιακῆς,
1999 1722 2091 1791 qui

2197 519 2346 584 dam,
2409 536 2476 575 ne
2531 520 2758 574 verbum
2809 520 3052 589 quidem.
3103 517 3310 573 Viderit
3357 532 3491 586 ergo
3540 515 3804 586 Scaliger

2198 611 2341 667 unde
2364 611 2511 665 illam
2540 612 2972 682 exprompserit;
3033 625 3210 679 neque
3239 611 3383 663 enim
3411 608 3635 663 fundum
3665 609 3801 677 ejus

2197 712 2253 759 et
2289 713 2574 759 auctorem
2613 704 2822 775 profert
2856 705 3064 768 ullum;
3107 703 3266 774 quasi
3310 703 3557 758 divinare
3587 717 3652 756 ac
3685 704 3799 756 tin-

2197 812 2346 867 gere,
2375 799 2424 850 id
2457 798 2673 852 demum
2709 799 2782 851 sit
2807 797 3116 862 emendare,
3150 805 3315 865 atque
3345 795 3601 850 ordinare
3643 804 3794 848 tern-

2199 904 2354 956 pora.
2395 887 2720 956 Quanquam
2769 906 2893 959 quae
2922 901 3004 942 est
3034 889 3249 942 tandem
3299 889 3402 942 ista
3432 886 3797 941 conciliatio?

2201 979 2460 1051 Tekupha
2493 981 2764 1037 Samuelis
2809 981 3144 1035 autumnalis
3170 995 3314 1033 anno
3337 978 3538 1033 Christi
3570 978 3676 1032 544
3705 980 3797 1031 in-

2198 1073 2328 1129 cidit
2372 1075 2426 1128 in
2460 1074 2610 1144 Sept.
2645 1091 2824 1137 χχιιι,
2863 1074 2981 1127 hor.
3018 1073 3107 1136 15,
3140 1087 3170 1126 a
3210 1071 3458 1135 meridie,
3485 1073 3599 1126 sive
3621 1072 3655 1126 9
3692 1088 3792 1126 no-

2198 1169 2407 1224 cturnis
2435 1185 2448 1222 :
2475 1167 2697 1237 politice
2725 1182 2853 1222 vero
2885 1165 3034 1236 Sept.
3065 1181 3214 1229 xxiv,
3246 1165 3380 1235 eycii
3414 1166 3789 1234 praeterieram.

2197 1258 2724 1314 decemnovennales
2776 1272 2931 1311 ccxvt
2971 1272 2983 1307 :
3037 1255 3238 1326 quibus
3283 1254 3588 1325 προήγησις
3639 1253 3786 1310 facta

2197 1351 2409 1406 dierum
2460 1351 2559 1414 15,
2604 1350 2725 1404 hor.
2781 1350 2834 1406 1.
2888 1346 3055 1418 Igitur
3111 1345 3370 1416 Tekupha
3415 1363 3559 1401 anno
3604 1348 3786 1416 primo

2196 1441 2449 1513 Computi
2482 1442 2628 1498 cadit
2655 1443 2709 1497 in
2745 1439 2970 1498 Octobr.
3007 1457 3100 1506 vn,
3138 1441 3259 1495 hor.
3287 1438 3378 1502 10,
3407 1440 3476 1494 ab
3503 1441 3655 1495 initio
3686 1457 3788 1494 no-

2197 1536 2321 1591 etis.
2359 1535 2464 1589 Sed
2497 1535 2631 1589 hora
2663 1549 2770 1588 una
2801 1533 3126 1604 negligatur.
3155 1529 3296 1596 Quid
3324 1530 3429 1585 hoc
3451 1530 3518 1583 ad
3555 1527 3786 1582 Samue-

2197 1629 2265 1684 lis
2293 1626 2655 1695 Telqtpham?
2685 1625 2822 1680 Nam
2855 1625 2922 1680 ad
2957 1624 3365 1678 noviluniorum
3401 1622 3617 1692 quidem
3646 1637 3784 1691 προ-

2197 1721 2400 1792 ἡγησιν
2432 1718 2870 1787 ίηνθειὶεειηάθῐη
2899 1757 2913 1780 ,
2951 1716 3208 1786 quoniam
3237 1713 3517 1768 Judaicam
3561 1711 3780 1765 hodier-

518 1803 658 1857 inter
696 1819 824 1858 xxtv
853 1803 1003 1875 Sept.
1045 1815 1100 1860 et
1131 1821 1199 1860 vn
1246 1805 1466 1862 Octobr.
1516 1810 1782 1880 interjecti
1815 1821 1982 1880 sunt,
2019 1824 2099 1870 tot
2129 1811 2172 1866 Β
2203 1827 2326 1867 nam
2357 1820 2444 1876 et,
2501 1820 2560 1866 ut
2587 1819 2739 1881 putat
2770 1808 3033 1878 Scaliger,
3077 1806 3473 1878 Hipparcheam
3504 1805 3630 1858 anni
3661 1803 3782 1857 for-

515 1912 690 1950 annos
728 1897 796 1952 ab
826 1898 982 1954 initio
1025 1899 1280 1970 Computi
1333 1903 1418 1956 sui
1454 1903 1522 1957 ad
1561 1904 1690 1959 illud
1746 1915 1961 1976 tempus
1991 1925 2093 1963 nu—

517 1991 766 2053 meravit,
800 2006 995 2062 nempe
1017 1991 1183 2058 4104,
1206 2005 1264 2047 ιιι
1293 1994 1346 2047 in
1379 1994 1472 2050 lib.
1513 2013 1549 2050 ιι
1583 1995 1660 2050 De
1683 1999 1890 2054 emend.
1922 1999 2097 2056 fusius

512 2083 825 2152 exponitur,
872 2083 963 2138 ubi
1010 2085 1083 2138 ita
1134 2086 1406 2153 proditum
1451 2098 1572 2143 est:
1604 2087 1907 2146 lnstitutam
1951 2093 2096 2148 circa

514 2191 720 2230 annum
755 2175 860 2231 544
887 2178 1166 2246 periodum
1199 2195 1468 2235 annorum
1501 2181 1661 2246 b916,
1693 2184 1871 2240 ductis
1906 2201 2003 2240 xm
2042 2188 2094 2240 in

513 2268 695 2338 cyclos
755 2270 886 2323 solis
935 2286 1001 2324 ac
1053 2270 1213 2325 lunte.
1278 2271 1450 2340 Cujus
1494 2275 1702 2343 periodi
1747 2293 1925 2332 annus
1955 2277 2097 2332 4l05

516 2361 618 2414 init
645 2377 791 2416 anno
818 2361 1023 2418 Christi
1067 2363 1203 2430 544,
1251 2365 1403 2436 cyclo
1437 2367 1578 2422 luna:
1623 2367 1851 2424 Judaico
1892 2386 1944 2436 ι,
1993 2370 2099 2425 Ro-

514 2469 678 2508 mano
720 2470 775 2507 Ill
801 2493 816 2517 ,
862 2455 993 2510 solis
1023 2472 1176 2512 xvu:
1213 2473 1322 2527 quo
1359 2459 1578 2529 quidem
1622 2475 1892 2515 annorum
1922 2463 2098 2532 spatio

515 2547 820 2617 προήγηοις
863 2547 1071 2603 lunaris
1116 2548 1258 2604 facta
1291 2559 1376 2605 est
1410 2550 1622 2605 dierum
1663 2569 1796 2618 χιιι,
1843 2553 1966 2610 hor.
2018 2557 2043 2609 1
2081 2575 2092 2610 :

513 2654 636 2709 qua:
660 2640 726 2694 de
759 2656 944 2694 xxxvtt
976 2641 1203 2707 diebus,
1237 2643 1331 2712 qui
1373 2659 1403 2698 a
1451 2642 1679 2700 Kalend.
1731 2648 1880 2716 Sept.
1925 2648 2098 2704 ﬂuxe-

511 2739 664 2798 runt,
710 2732 974 2796 detracta,
1028 2735 1343 2805 relinquunt
1367 2737 1486 2792 dies
1524 2754 1674 2792 xxtv.
1714 2737 1917 2795 Eodem
1953 2758 2098 2797 anno

512 2823 799 2878 character
858 2823 999 2880 Tisri
1070 2843 1100 2882 a
1169 2828 1394 2884 meridie
1450 2845 1588 2885 χχιιι
1653 2830 1804 2902 Sept.
1873 2835 2100 2901 contigit

516 2913 634 2968 hor.
672 2916 757 2981 10,
786 2917 914 2982 204,
945 2920 1058 2974 sive
1082 2917 1309 2976 Judaice
1337 2923 1406 2976 ab
1448 2923 1604 2978 initio
1651 2925 1826 2981 noctis
1873 2926 1992 2980 hor.
2040 2928 2096 2991 4,

512 3008 638 3072 204,
671 3009 802 3064 feria
831 3028 888 3066 ιι.
923 3011 1138 3068 Primus
1165 3023 1345 3068 autem
1369 3015 1504 3086 cycli
1529 3032 1708 3072 annus
1754 3021 2097 3074 neomeniam

513 3097 657 3154 Tisri
708 3101 897 3156 habuit
947 3119 976 3157 a
1020 3103 1246 3159 meridie
1277 3120 1330 3160 vt
1376 3103 1781 3179 Octobr.,hora
1829 3109 1916 3173 11,
1967 3109 2092 3172 204,

514 3193 628 3245 sive
653 3189 877 3248 Judaice
917 3193 972 3259 5,
1001 3194 1125 3259 204,
1179 3195 1312 3250 feria
1348 3213 1405 3260 tt,
1443 3212 1589 3253 anno
1627 3200 1834 3269 periodi
1868 3200 2098 3257 Iuliana:

513 3281 620 3336 955
649 3299 661 3334 :
692 3283 828 3338 adeo
878 3295 935 3338 ut
965 3285 1247 3342 character
1280 3286 1422 3343 Tisri
1457 3289 1528 3344 sit
1572 3289 1641 3354 2,
1675 3290 1742 3355 5,
1794 3292 1942 3348 204:
1980 3311 2103 3363 qua:

515 3370 668 3425 radix
715 3381 798 3426 est
840 3375 1249 3429 neomeniarum
1300 3379 1545 3432 omnium
1585 3377 1961 3445 Judaicarum,
1999 3382 2102 3438 'l‘e-

511 3463 696 3537 kupha
731 3483 858 3524 vero
894 3469 1025 3524 hora
1057 3484 1109 3522 ιχ
1168 3482 1433 3527 nocturna
1465 3473 1600 3540 fuit,
1633 3475 1735 3529 hoc
1759 3486 1842 3530 est
1879 3476 1930 3540 7,
1963 3479 2020 3540 9,
2045 3480 2098 3534 0.

551 3602 836 3674 Refellitur
859 3602 1224 3677 Scaligcriana
1255 3609 1502 3664 doctrina
1550 3611 1614 3665 de
1637 3629 1776 3666 anno
1811 3612 2062 3670 Judaico.

586 3738 714 3795 Haec
741 3749 823 3794 est
855 3739 1238 3812 Sealigeriante
1271 3744 1532 3800 doctrinae
1557 3762 1794 3811 summa,
1825 3766 1944 3820 quas
1987 3767 2101 3806 me-

517 3834 594 3887 ris
623 3833 955 3903 conjecturis
988 3851 1052 3890 ac
1086 3837 1316 3892 somniis
1356 3837 1554 3894 referta
1583 3857 1769 3895 secum
1815 3844 1930 3913 ipsa
1965 3860 2102 3900 con-

518 3924 694 3980 ciliari
724 3941 830 3980 non
863 3934 1059 3995 potest.
1090 3928 1268 3997 Atque
1300 3938 1357 3982 ut
1385 3929 1561 4000 primo
1595 3931 1715 3986 loco
1742 3933 1872 3989 illud
1898 3949 2103 4006 expen-

517 4018 743 4082 damus,
772 4019 917 4089 quod
951 4037 1016 4074 ex
1053 4019 1203 4092 Isag.
1234 4039 1425 4077 canon.
1459 4024 1680 4078 allatum
1708 4036 1792 4081 est
1823 4043 1837 4078 :
1875 4028 1922 4083 si
1969 4037 2104 4084 tem-

518 4110 609 4180 plo
637 4110 816 4166 adhuc
845 4121 1042 4178 stante,
1077 4111 1416 4184 Iiipparchea
1452 4117 1579 4170 anni
1637 4116 1810 4172 forma
1843 4136 1871 4173 a
1901 4119 2103 4178 Judaais

519 4204 759 4260 admissa
787 4216 892 4273 est,
922 4223 1085 4276 supra
1125 4223 1288 4278 quam
1339 4208 1615 4280 Calippica
1656 4213 1910 4281 periodus
1942 4215 2104 4271 annis
2144 4253 2158 4270 .

519 4312 682 4354 ιχχνι
705 4314 992 4356 excessum
1017 4302 1224 4373 colligit
1271 4304 1388 4357 hor.
1417 4305 1472 4371 5,
1512 4303 1634 4369 760,
1672 4306 1724 4360 id
1755 4316 1838 4361 est
1871 4308 2102 4378 singulis

519 4392 1165 4459 enneadecaeteridibus,
1217 4394 1339 4450 hor.
1405 4397 1471 4463 1,
1513 4397 1653 4462 485,
1687 4408 1741 4454 et
1786 4413 1908 4469 post
1949 4417 2104 4457 cccw

2123 3153 2170 3215 C

2200 1921 2344 1960 mam
2395 1905 2617 1960 Samuel
2650 1904 2938 1970 adhibuit,
2978 1902 3251 1971 pertinere
3280 1900 3384 1954 ista
3415 1905 3672 1968 possunt,
3711 1897 3783 1951 ad

2199 1992 2490 2061 Tekuphas
2523 2007 2651 2047 vero
2688 1989 2962 2046 Samuelis
2993 1989 3330 2060 indagandas
3382 1987 3514 2042 nihil
3551 1987 3785 2042 omnino
3871 1999 3882 2007 '

2199 2085 2524 2152 conferunt;
2578 2101 2704 2140 cum
2736 2086 2784 2140 is
2840 2083 3123 2138 Julianum
3173 2097 3376 2137 annum
3424 2079 3784 2148 Julianasque

2200 2177 2490 2249 Tekuphas
2519 2178 2804 2247 amplexus
2838 2177 2941 2243 sit,
2987 2190 3109 2243 quae
3163 2175 3368 2229 nullam
3404 2173 3606 2228 habent
3641 2188 3782 2241 προ-

2200 2271 2417 2342 ήγησιν.
2447 2269 2566 2325 Non
2607 2279 2786 2341 potest
2816 2270 2998 2338 itaque
3031 2267 3124 2322 ulli
3155 2265 3316 2322 alteri
3343 2264 3615 2334 Tekupha
3642 2279 3784 2320 con-

2200 2366 2385 2420 venire
2419 2365 2677 2435 periodus
2711 2379 2777 2418 ac
2808 2361 3099 2417 methodus
3127 2361 3238 2426 illa,
3269 2375 3432 2429 quam
3458 2357 3527 2411 Β.
3567 2357 3779 2423 Adde;

2199 2459 2313 2513 sive
2345 2459 2464 2529 ejus
2495 2459 2623 2514 anni
2654 2457 2862 2523 formai,
2892 2472 3014 2526 quae
3041 2471 3226 2526 parem
3253 2455 3450 2510 sideris
3492 2453 3784 2523 utriusque

2199 2553 2507 2622 προήγησιν
2538 2550 2785 2622 agnoscit
2817 2566 2830 2602 :
2869 2550 2935 2604 ad
2966 2547 3235 2603 Julianam
3284 2547 3557 2618 ﬁxamque
3594 2545 3785 2601 Telm-

2201 2644 2362 2712 pham
2416 2643 2572 2712 plane
2619 2653 2702 2699 est
2733 2643 2962 2697 inutilis.
3012 2639 3117 2696 Sed
3172 2655 3349 2710 neque
3384 2638 3452 2694 ad
3502 2638 3565 2695 R.
3610 2639 3784 2694 Adda

2199 2734 2491 2804 Tekuphas
2519 2733 2707 2788 eadem
2741 2733 2830 2786 illa
2862 2731 3122 2802 periodus
3150 2731 3337 2784 utilior
3363 2738 3447 2784 est
3469 2729 3587 2799 (lib.
3623 2744 3676 2782 tv
3704 2728 3784 2781 De

2199 2826 2428 2892 emend.,
2460 2841 2513 2895 p.
2543 2824 2694 2894 261).
2741 2822 3001 2894 Tekupha
3030 2822 3204 2892 prima
3235 2820 3301 2875 Β.
3335 2820 3505 2877 Addas
3536 2819 3784 2876 vernalis

2201 2919 2344 2973 cadit
2369 2919 2423 2972 in
2445 2933 2567 2972 eam
2597 2925 2833 2981 noctem,
2863 2931 2985 2986 quae
3004 2925 3188 2971 secuta
3215 2923 3300 2969 est
3327 2913 3446 2968 Kal.
3479 2914 3608 2984 Apr.
3631 2916 3784 2968 anno‘

2203 3011 2376 3080 primo
2407 3010 2613 3080 periodi
2641 3007 2900 3075 Judaicte,
2931 3007 3160 3062 Iuliana:
3193 3022 3321 3061 vero
3348 3006 3474 3066 954,
3501 3006 3655 3078 cyclo
3686 3021 3785 3061 so-

2203 3103 2270 3156 lis
2307 3101 2364 3166 2,
2420 3102 2562 3156 luna:
2614 3103 2682 3168 4;
2740 3101 2999 3170 Tekupha
3044 3099 3345 3155 solstitialis
3389 3098 3518 3153 Julii
3569 3097 3626 3165 2,
3678 3114 3791 3153 au—

2205 3194 2464 3249 tumnalis
2494 3193 2619 3249 Kal.
2647 3194 2767 3248 Oct.
2803 3192 3075 3247 Bruma-lis
3097 3191 3162 3245 51
3199 3191 3411 3246 Decem.
3467 3189 3640 3245 Porro
3676 3191 3788 3244 Te-

2203 3287 2399 3357 kuphae
2432 3286 2766 3340 autumnalis
2791 3285 3076 3341 character
3111 3284 3232 3349 fuit,
3265 3293 3325 3338 ut
3350 3283 3628 3354 Scaligcro
3660 3283 3784 3352 pla-

2202 3389 2306 3444 cet,
2332 3380 2385 3443 5,
2416 3379 2470 3443 9,
2496 3379 2585 3441 41,
2617 3377 2684 3432 14
2712 3379 2843 3447 ipsis
2867 3377 2986 3432 Kal.
3017 3374 3161 3442 Oct.,
3189 3377 3294 3432 hoc
3318 3384 3402 3431 est
3435 3376 3588 3431 horis
3614 3377 3648 3430 9
3685 3392 3792 3431 no-

2203 3472 2407 3526 cturnis
2435 3481 2558 3540 post
2582 3487 2690 3524 xxx
2721 3469 2868 3540 Sept.
2903 3471 3046 3526 diem
3093 3469 3227 3524 feria
3257 3469 3311 3533 5,
3347 3469 3499 3538 cyclo
3544 3468 3678 3524 solis
3731 3470 3784 3534 1,

2203 3564 2282 3618 lit.
2315 3562 2642 3624 F.Vernalis
2673 3562 2946 3632 Tekupha:
2974 3566 3258 3618 character
3289 3571 3372 3618 est
3415 3561 3470 3628 4,
3514 3559 3570 3628 0,
3593 3560 3648 3627 0,
3682 3562 3791 3613 mi-

2205 3659 2279 3710 tio
2313 3656 2528 3720 noctis,
2577 3672 2699 3726 qua:
2745 3665 2930 3710 secuta
2974 3664 3059 3711 est
3114 3668 3236 3725 post
3288 3655 3569 3710 meridiem
3620 3653 3789 3724 primi

2202 3748 2407 3818 Aprilis
2437 3749 2562 3802 diei.
2595 3749 2677 3804 Ab
2717 3749 2821 3804 hoc
2864 3764 3008 3803 anno
3041 3748 3106 3802 ad
3134 3747 3339 3802 Christi
3365 3747 3491 3811 544,
3528 3747 3642 3801 sive
3684 3743 3788 3800 Ju-

2201 3841 2419 3895 daicum
2457 3840 2619 3903 4105,
2653 3841 2820 3910 cyclis
2865 3837 2971 3892 216
3013 3839 3235 3908 elapsis,
3283 3838 3590 3910 προήγησις
3642 3835 3792 3890 facta

2203 3944 2287 3989 est
2317 3933 2528 3988 dierum
2555 3949 2677 3996 xm,
2709 3933 2854 3988 horae
2876 3933 2926 3985 1.
2953 3930 3136 3998 Quare
3162 3933 3496 3986 autumnalis
3523 3930 3791 4000 Tekupha

2203 4025 2271 4082 Β.
2301 4027 2469 4082 Adda:
2517 4027 2716 4081 incidet
2742 4028 2794 4080 in
2827 4041 2959 4080 xvm
2994 4025 3169 4095 Sept.,
3208 4026 3445 4080 vernalis
3479 4025 3531 4078 in
3573 4040 3670 4078 xtx
3705 4026 3796 4078 vel

2205 4137 2272 4175 xx
2307 4119 2507 4174 Martii.
2539 4118 2678 4185 Quid
2718 4119 2882 4189 igitur
2930 4119 2995 4173 ad
3034 4117 3352 4188 Tekupbam
3390 4117 3454 4172 Β.
3487 4116 3657 4172 Adda:
3697 4133 3795 4188 pe-

2205 4213 2394 4269 riodus
2434 4215 2536 4266 ista
2569 4211 2939 4281 confert.qua:
2965 4212 3034 4265 ab
3054 4210 3250 4266 Octob.
3281 4227 3357 4265 vn
3392 4211 3456 4264 ad
3483 4209 3633 4280 Sept.
3661 4225 3796 4263 xxiv

2204 4307 2622 4378 praacessionem
2656 4305 2856 4360 habet?
2901 4303 2971 4359 Ut
2995 4306 3141 4359 enim
3181 4303 3460 4376 Tekuphis
3501 4303 3569 4358 R.
3620 4306 3796 4359 Adda:

2204 4400 2412 4456 servire
2466 4399 2665 4468 possit,
2716 4397 2922 4469 periodi
2952 4398 3169 4452 initium
3204 4413 3314 4453 non
3347 4399 3413 4452 ab
3459 4395 3652 4452 Octob.
3689 4413 3794 4462 vn,

519 4498 696 4537 annos
726 4501 895 4539 unum
926 4484 1039 4540 fere
1065 4485 1491 4557 diem,profecto
1519 4506 1694 4561 neque
1723 4491 1998 4564 Calippica
2049 4507 2104 4552 et
2128 4515 2184 4578 ι)
2207 4493 2303 4549 sed
2333 4491 2403 4547 ab
2435 4491 2557 4562 ejus
2594 4491 2852 4546 Kalendis
2885 4491 3270 4546 arcessendum
3303 4489 3487 4546 fuerit.
3522 4489 3794 4546 Praeterea

519 4573 858 4630 Alexandrea
898 4578 1154 4646 periodus
1189 4580 1256 4634 ad
1311 4596 1515 4637 annum
1547 4599 1724 4654 usque
1752 4586 1953 4642 Christi
1982 4589 2106 4658 plus
2128 4573 2170 4578 ⁷
2211 4584 2408 4639 veteris
2455 4584 2586 4638 anni
2627 4582 2840 4638 Iudaici
2890 4583 3216 4653 principium
3249 4584 3420 4654 gratis
3446 4598 3475 4636 a
3511 4583 3800 4654 S‘caligero

521 4671 704 4725 minus
748 4670 854 4725 544
897 4681 1101 4728 retenta
1149 4681 1269 4738 est,
1317 4690 1494 4745 neque
1535 4676 1760 4734 biduum
1795 4681 1927 4735 illud
1971 4698 2108 4754 προ-

521 4764 775 4834 ηγήσεως
806 4764 1131 4832 intervenit,
1161 4766 1582 4838 indueendaque
1611 4771 1795 4826 omnia
1828 4773 1928 4827 ista
1953 4783 2103 4841 sunt,

519 4871 643 4924 quae
687 4857 742 4910 in
796 4857 950 4912 libris
1000 4856 1078 4912 De
1117 4860 1320 4913 emend.
1370 4861 1574 4930 passim
1623 4862 2002 4931 inculcantur;
2050 4865 2104 4918 in

519 4947 822 5019 primisque
855 4951 1178 5021 scrupulosa
1207 4951 1299 5006 illa
1328 4961 1382 5006 et
1407 4954 1568 5008 anxia
1600 4971 1629 5004 ν
1655 4953 2007 5023 Paschatum,
2041 4973 2106 5013 ac

521 5041 786 5110 postremi
834 5043 1216 5114 σταυρωσεμου
1266 5043 1574 5113 inquisitio,
1608 5061 1730 5115 quae
1773 5047 1826 5100 in
1865 5063 1917 5101 vt
1967 5048 2106 5102 libro

522 5134 866 5204 proponitur,
896 5135 1072 5191 otiosa
1107 5146 1161 5190 et
1184 5135 1396 5190 inutilis
1424 5135 1676 5192 eﬂicitur.

593 5223 712 5279 Jam
757 5225 890 5280 illud
924 5226 992 5281 de
1020 5226 1239 5282 inventa
1286 5242 1318 5282 a
1367 5227 1433 5280 Β.
1468 5227 1655 5283 Hillele
1693 5228 1948 5298 periodo,
1982 5245 2108 5286 con-

522 5316 830 5388 ciliatisque
858 5317 1188 5375 factionibus
1213 5319 1447 5387 duabus,
1481 5335 1591 5390 quo
1625 5322 1841 5375 tandem
1883 5332 2105 5377 auctore

520 5406 865 5462 defenditur?
895 5406 1106 5463 Hebraei
1137 5409 1207 5463 ab
1237 5409 1369 5466 orbe
1393 5409 1615 5465 condito
1659 5411 1725 5465 ad
1763 5410 1967 5468 Christi
2003 5411 2109 5467 Na-

522 5498 686 5554 talem
721 5497 1113 5571 Dionysianum
1149 5515 1323 5556 annos
1367 5509 1564 5570 putant
1607 5501 1723 5556 fere
1770 5503 1932 5560 5761.
1980 5503 2107 5561 Ideo

521 5607 669 5647 anno
711 5592 1074 5658 (λιιι-1811544.
1123 5595 1290 5664 erepit
1315 5592 1578 5650 Judaicus
1605 5594 1762 5667 4105.
1819 5594 2107 5654 Intervalla

522 5698 688 5753 porro
743 5694 1048 5756 temporum
1096 5695 1351 5742 accurate
1400 5703 1500 5756 pro
1549 5688 1766 5743 illorum
1806 5700 1965 5760 captu
2013 5694 2108 5747 de-

522 5782 730 5846 scripta
771 5786 900 5835 sunt
933 5777 988 5834 in
1018 5778 1159 5837 libro
1188 5778 1352 5836 Seder
1397 5779 1594 5837 Iratam.
1628 5781 1704 5840 De
1732 5785 2108 5842 commentitia

2208 4676 2566 4730 constitutum
2596 4684 2681 4729 est
2708 4673 2930 4730 Octobr.
2966 4690 3062 4729 vn.
3087 4672 3275 4744 Neque
3299 4675 3442 4729 enim
3466 4684 3800 4745 argumento

2209 4768 2322 4822 ullo
2368 4767 2723 4831 necessario,
2757 4766 2848 4821 sed
2881 4767 3033 4819 inani
3070 4780 3136 4820 ac
3170 4763 3304 4820 falsa
3335 4767 3653 4838 conjectura
3687 4765 3805 4822 fre-

2211 4869 2301 4914 tus
2330 4858 2432 4913 hoc
2469 4867 2766 4913 asseverat.

2279 4949 2417 5005 Nam
2455 4953 2500 5007 si
2531 4952 2656 5021 quis
2685 4950 2824 5005 forte
2857 4959 3087 5021 quaarat,
3121 4965 3218 5004 cur
3241 4949 3329 5004 ille
3352 4948 3665 5004 Iudaeorum
3697 4949 3808 5005 Τυ-

2207 5047 2455 5116 kupham-
2501 5046 2755 5115 primam,
2805 5044 2920 5098 sive
2971 5043 3188 5097 initium
3237 5043 3367 5097 anni
3418 5043 3474 5096 in
3526 5041 3674 5096 Oct..
3717 5059 3802 5099 vn

2211 5138 2490 5210 conjiciat,
2536 5137 2635 5191 niti
2673 5139 2777 5191 hoc
2807 5144 2979 5191 totum
3029 5135 3308 5206 negotium
3344 5135 3578 5206 reperiet
3605 5150 3811 5190 emen-

2209 5234 2305 5287 tita
2340 5231 2432 5287 illa
2476 5231 2648 5286 Grmci
2683 5230 2809 5284 anni
2842 5239 2898 5284 et
2950 5228 3246 5301 Olympicae
3277 5229 3484 5298 periodi
3544 5229 3811 5283 modula-

2211 5326 2379 5389 tione,
2412 5336 2575 5393 quam
2623 5321 2881 5376 omnibus
2909 5319 3132 5384 Grzecis,
3185 5321 3433 5390 adeoque
3475 5317 3807 5373 Macedoni—

2211 5419 2342 5481 bus,
2377 5425 2491 5471 tutn
2527 5414 2582 5469 in
2629 5415 2754 5468 Asia
2786 5412 3348 5484 Syromacedonibus,
3395 5419 3449 5465 et
3493 5409 3811 5465 Seleucidis

2213 5522 2559 5565 communem
2603 5521 2725 5560 esse
2757 5505 2928 5558 voluit
2959 5523 2971 5558 :
3018 5504 3220 5574 quippe
3253 5501 3474 5558 Graecos
3515 5501 3810 5556 existimat

2214 5616 2421 5656 annum
2450 5599 2707 5654 habuisse
2743 5597 3017 5667 duplicem
3047 5615 3059 5649 :
3091 5595 3411 5666 popularem
3456 5610 3650 5660 unum,
3682 5592 3810 5648 sive

2215 5692 2646 5757 tetraetericum,
2681 5706 2792 5762 quo
2825 5691 3024 5762 vulgus
3060 5689 3339 5756 utebatur,
3371 5687 3532 5758 cujus
3579 5699 3809 5742 menses

2216 5783 2520 5854 tricenarii,
2553 5793 2746 5855 praeter
2793 5782 3071 5849 ultimum,
3114 5781 3202 5839 cui
3248 5781 3476 5838 biduum
3521 5780 3682 5836 velut
3703 5792 3809 5850 ap,
