4118 6402
223 385 326 442 957

1161 385 1250 441 DE
1288 386 1476 444 ANNO
1519 387 1608 443 ET
1648 387 1758 443 DIE
1796 386 2157 450 DOMINICA]
2195 393 2570 454 PASSlONlS.

3363 403 3472 461 958

221 500 466 573 pendieis
496 501 670 556 instar
698 501 944 574 adjungit
981 522 995 559 :
1028 504 1172 560 unde
1203 505 1309 560 562
1337 507 1530 563 diebus
1565 517 1788 563 consta-
1816 515 1864 571 Α
1892 510 2006 566 bris
2035 516 2392 572 constituant.
2440 516 2604 572 Vides
2637 532 2802 588 quam
2835 518 3086 588 perplexe
3121 517 3177 573 in
3223 519 3327 574 hac
3372 521 3472 574 do-

224 593 350 660 bat;
396 593 642 647 lunarem
688 591 944 661 alterum,
980 609 1010 650 a
1042 611 1152 666 quo
1177 597 1326 651 velut
1355 604 1564 652 stamen
1598 614 1626 651 a
1656 599 1788 652 sub-

223 684 442 747 temine,
478 685 551 739 ita
587 685 864 755 popularis
895 700 1073 741 annus
1101 688 1432 758 implicatur,
1475 704 1539 744 ac
1567 704 1789 758 percur-

1893 606 2065 659 ctrina
2085 619 2329 663 versetur
2359 609 2628 680 Scaliger;
2653 620 2820 681 utque
2848 611 2901 664 in
2925 612 3112 666 eodem
3139 627 3322 681 opere,
3351 627 3473 680 quae

1895 696 2056 767 paulo
2085 707 2214 752 ante
2253 699 2574 766 delinierat,
2618 700 2911 755 contrariis
2953 700 3190 756 decretis
3234 701 3471 766 refellat;

225 775 384 830 ritur.
416 774 723 847 Utrumque
770 787 950 834 certos
973 780 1027 833 in
1055 781 1215 837 orbes
1245 797 1307 835 ac
1336 782 1587 850 periodos
1621 783 1796 836 inclu-
1898 804 2020 841 nam
2051 791 2209 844 modo
2241 792 2557 846 neomenias
2599 791 2879 860 aequabilis
2910 803 2973 844 .et
3034 791 3313 860 popularis
3343 794 3472 845 anni

226 867 338 933 dit,
387 870 625 938 primum
681 872 1056 927 tetraeterides
1123 881 1177 925 et
1227 874 1625 939 octaeterides;
1678 883 1794 928 tum

229 961 488 1029 majores,
527 969 713 1030 utpote
763 977 880 1029 xm,
928 978 990 1018 ac
1027 979 1190 1018 Lxxw
1233 980 1539 1031 annorum;
1573 965 1666 1021 sed
1698 981 1798 1036 po~

231 1061 432 1106 strema
463 1053 578 1107 haec
616 1055 861 1108 omnium
903 1055 955 1109 in
988 1071 1133 1109 anno
1160 1057 1410 1126 p0pulari
1437 1058 1800 1113 usitatissima

1901 889 2134 935 veterem
2177 880 2233 934 in
2284 881 2449 936 situm
2494 883 2836 947 conciliatas,
2877 882 2978 936 hoc
3003 893 3087 936 est
3118 897 3146 935 a
3175 899 3208 936 x
3247 879 3375 935 Julii
3407 883 3475 936 ad

1904 983 1982 1033 ιι,
2020 978 2075 1023 et
2117 968 2186 1023 ab
2235 985 2330 1022 vm
2382 969 2446 1024 ad
2481 986 2553 1023 vn
2587 967 2708 1024 Oct.
2745 969 3027 1023 traductas
3060 970 3284 1032 asserit;
3313 967 3477 1023 modo

1903 1059 2096 1114 iisdem
2137 1061 2192 1113 in
2227 1061 2423 1115 diebus
2449 1061 2669 1124 retinet,
2707 1076 2770 1114 ac
2797 1076 2983 1115 secum
3017 1060 3358 1124 disconvenit
3389 1074 3477 1112 or-

232 1141 370 1210 fuit;
401 1159 567 1213 quam
618 1160 741 1199 cum
769 1147 930 1200 tacite
972 1163 1067 1215 per
1113 1149 1488 1203 tetraeterides
1539 1164 1668 1204 suas
1702 1149 1803 1202 ob-
1904 1151 2030 1206 dine
2076 1160 2212 1206 toto.
2262 1149 2417 1218 Quod
2454 1152 2673 1221 quidem
2721 1160 2835 1205 toto
2886 1153 2990 1205 hoc
3033 1152 3087 1204 in
3121 1165 3307 1219 opere,
3337 1158 3388 1204 et
3425 1148 3478 1201 in

232 1244 511 1290 servarent
554 1234 866 1290 Graaeorum
913 1237 1318 1307 antiquissimi,
1369 1237 1627 1308 Calippus
1682 1254 1803 1292 eam

235 1324 399 1380 certis
460 1325 662 1380 ﬁnibus
708 1341 1089 1397 annorumque
1139 1329 1416 1383 curriculo
1455 1328 1688 1393 deliniit,
1752 1340 1806 1384 et

237 1415 519 1485 periodum
571 1419 718 1472 illam
762 1420 999 1474 instituit
1043 1435 1314 1475 annorum
1367 1438 1554 1486 Lxxw,
1610 1423 1665 1476 in
1697 1437 1805 1492 qua

241 1505 617 1562 tetraeterides
649 1517 777 1562 sunt
803 1524 916 1573 XIX,
954 1509 1183 1580 singulae
1224 1511 1436 1565 dierum
1469 1511 1636 1578 1447;
1668 1528 1808 1583 quo-

247 1615 368 1654 rum
398 1600 660 1655 ordinarii
691 1611 819 1656 sunt
848 1601 1006 1670 1440,
1031 1605 1356 1673 appendices
1378 1605 1431 1659 7.
1456 1604 1514 1659 In
1544 1607 1634 1672 iis,
1667 1621 1814 1660 men-

238 1692 314 1748 sis
337 1692 599 1746 duntaxat
629 1693 836 1762 primus
869 1695 1078 1750 lunaris
1122 1704 1224 1759 est,
1260 1698 1440 1752 caeteri
1486 1713 1612 1753 cum
1647 1698 1804 1753 trice-

241 1788 383 1841 narii
413 1787 524 1842 sint
547 1802 760 1851 omnes,
804 1803 834 1841 a
883 1788 1061 1842 lunari
1103 1790 1271 1844 modo
1317 1785 1578 1861 paulatim
1628 1793 1816 1848 absce-

240 1881 399 1934 dunt.
440 1879 520 1934 Ex
551 1880 989 1936 tetraeteridibus
1013 1896 1077 1936 ac
1105 1882 1347 1951 periodis
1371 1884 1812 1953 antiquissimam

241 1971 376 2027 facit
413 1970 825 2043 Olympiacam;
853 1972 920 2026 ad
951 1973 1110 2043 cujus
1140 1974 1448 2044 exemplum
1494 1983 1816 2045 propagatas

247 2062 427 2118 credit
477 2062 739 2131 reliquas.
776 2060 1030 2133 Ejusdem
1066 2065 1283 2119 initium
1328 2063 1458 2120 Julii
1490 2083 1543 2120 ιχ
1577 2066 1814 2132 deﬁnit,

244 2171 312 2212 eo
342 2154 490 2226 quod
511 2155 814 2227 Olympiaci
844 2171 1046 2227 agones
1080 2166 1206 2227 post
1233 2158 1480 2213 aestivum
1520 2159 1815 2213 solstitium

244 2247 548 2318 plenilunio
582 2248 1018 2311 celebrabantur.
1046 2247 1351 2303 Solstitium
1380 2258 1560 2303 autem
1588 2264 1694 2302 non
1730 2263 1820 2304 ac-

246 2349 521 2407 curatum,
571 2355 750 2410 neque
792 2339 1062 2409 tropicum
1113 2340 1385 2411 intelligit,
1443 2339 1539 2395 sed
1572 2349 1818 2394 octavam

248 2435 529 2504 signorum
576 2440 807 2503 partem.
854 2432 1125 2499 Quocirca
1171 2448 1299 2488 cum
1349 2447 1416 2488 eo
1476 2446 1645 2494 anno,
1707 2446 1819 2501 quo

249 2525 409 2595 primi
456 2539 660 2596 agones
705 2525 774 2579 ab
819 2522 995 2593 lphito
1032 2523 1321 2578 instaurati
1375 2531 1523 2587 sunt,
1588 2523 1692 2576 hoc
1738 2531 1824 2576 est

251 2630 364 2684 per.
394 2611 503 2668 Jul.
548 2613 711 2677 3958,
748 2609 1034 2681 Tekupha,
1082 2611 1199 2666 sive
1242 2611 1470 2666 secundi
1497 2608 1823 2680 quadrantis

259 2705 404 2770 linis,
447 2714 500 2760 et
532 2715 728 2760 octava
772 2718 901 2774 pars
928 2702 1128 2757 Cancri
1156 2701 1449 2765 πλατυκῶς
1483 2701 1538 2755 in
1571 2715 1666 2756 vin
1696 2699 1824 2754 Julii

251 2797 395 2853 diem
446 2797 776 2858 incurreret,
811 2796 932 2850 ideo
961 2811 1014 2850 ix
1048 2793 1178 2849 Julii
1216 2795 1427 2865 primus
1459 2794 1658 2849 solaris
1697 2794 1826 2848 anni

253 2889 394 2952 dies,
423 2903 488 2943 ac
526 2887 848 2958 quadrantis
878 2886 1096 2941 initium
1130 2886 1386 2956 deinceps
1419 2884 1542 2948 fuit,
1578 2885 1632 2939 in
1664 2901 1828 2955 quem

253 2982 420 3036 etiam
463 2979 807 3036 novilunium
855 2979 1207 3034 commodum
1259 2977 1470 3033 incidit.
1510 2976 1590 3032 lta
1615 2977 1826 3048 primus

256 3070 618 3126 tetraeteridis
659 3069 866 3124 mensis
909 3068 1120 3123 lunaris
1179 3068 1412 3133 exstitit,
1455 3068 1601 3138 quod
1640 3083 1830 3138 perpe-

1907 1241 2052 1313 Isag.
2098 1259 2283 1296 canon.
2317 1243 2558 1298 solemne
2602 1242 2810 1296 homini
2863 1258 2926 1296 ac
2995 1248 3319 1310 perpetuum
3354 1249 3481 1294 est:

1909 1339 2072 1408 idque
2103 1337 2440 1406 propediem,
2466 1337 2512 1392 si
2548 1335 2812 1390 Dominus
2842 1334 3076 1397 dederit,
3128 1348 3230 1387 suo
3260 1349 3323 1387 ac
3348 1349 3479 1402 pro-

1912 1427 2030 1496 prio
2085 1426 2224 1480 libro
2281 1423 2807 1484 demonstrabimus,
2848 1437 3010 1492 quem
3054 1422 3376 1490 jamdudum
3426 1420 3481 1474 in

1911 1519 2167 1574 manibus
2213 1518 2498 1572 habemus.
2539 1516 2718 1585 Atque
2765 1515 2889 1582 hic,
2929 1515 3006 1568 uti
3053 1529 3235 1585 spero,
3292 1513 3482 1568 lectori

1914 1613 2072 1667 lldem
2102 1610 2286 1677 faciet,
2307 1625 2430 1679 qua:
2451 1609 2517 1664 de
2543 1607 2796 1662 doctrina
2817 1617 3120 1677 temporum
3152 1624 3182 1661 a
3209 1606 3489 1677 Scaliger-0

1916 1702 2245 1773 excogitata,
2272 1709 2526 1770 tantoque
2550 1699 2782 1762 ambitu,
2813 1714 2877 1752 ac
2907 1712 3104 1766 pompa
3128 1712 3251 1751 cum
3277 1698 3344 1750 ab
3369 1699 3488 1765 ipso

1919 1797 2317 1860 commendata,
2365 1803 2479 1847 tum
2526 1791 2804 1847 fautorum
2847 1800 2900 1846 et
2937 1791 3330 1846 admirator-um
3369 1790 3491 1860 ejus

1916 1888 2110 1958 plausu
2157 1894 2380 1954 excepta
2421 1897 2570 1948 sunt,
2619 1900 2680 1938 ea
2725 1883 2884 1950 falsa,
2948 1883 3150 1952 inepta,
3184 1883 3481 1951 ἀλογίστως

1917 1989 1971 2034 et
1998 1979 2396 2042 ἀναποδείκτως
2423 1978 2593 2033 eﬂ‘usa
2635 1993 2777 2041 esse,
2807 1993 2981 2048 neque
3012 1976 3310 2047 quidquam
3344 1991 3487 2045 prze-

1925 2080 2007 2126 ter
2053 2071 2294 2140 speciem
2349 2078 2403 2124 et
2444 2069 2865 2124 ostentationem
2902 2069 3123 2124 habere.
3158 2070 3493 2136 Argumento

1919 2163 1990 2216 sit
2018 2161 2197 2215 Attica
2228 2160 2318 2214 illa
2348 2158 2624 2230 periodus,
2658 2175 2824 2229 quam
2861 2160 2995 2213 adeo
3026 2158 3260 2229 gloriose
3305 2165 3358 2211 et
3399 2156 3491 2210 in-

1921 2251 2160 2306 solenter
2185 2249 2428 2304 venditat
2473 2270 2484 2303 :
2516 2248 2674 2317 cujus
2706 2248 2804 2302 no's
2843 2247 3105 2316 ineptiam
3164 2259 3219 2301 et
3256 2244 3495 2319 παραλο-

1919 2339 2120 2411 γισμόν
2149 2340 2457 2395 deteximus
2485 2339 2542 2392 in
2571 2337 2728 2394 Notis
2757 2339 2823 2392 ad
2851 2337 3239 2392 Themistium.
3270 2336 3498 2405 Reliqua

1922 2428 2075 2498 operi
2123 2427 2201 2481 illi
2244 2425 2689 2494 reservamus,in
2729 2441 2840 2495 quo
2886 2434 2941 2480 et
2985 2426 3052 2481 de
3089 2424 3321 2480 Judaico
3353 2440 3499 2479 anno

1922 2522 2173 2593 pluribus
2202 2520 2593 2590 disputabitur,
2625 2527 2680 2575 et
2709 2520 2801 2574 illa
2826 2518 2998 2593 Graeci
3027 2519 3156 2574 anni
3196 2517 3371 2573 forma
3431 2535 3496 2573 ac

1923 2591 2133 2682 periodi
2165 2607 2496 2680 Olympiaca:
2523 2607 2823 2677 descriptio
2858 2591 3152 2661 refelletur.
3183 2605 3346 2676 Atqui
3379 2605 3505 2661 ﬁcto

1927 2704 2020 2759 illo
2060 2703 2346 2772 utriusque
2390 2710 2651 2756 contextu
2715 2701 2864 2756 velut
2913 2701 3273 2755 fundamento
3321 2699 3506 2754 (nimis

1929 2797 1994 2850 dc
2045 2803 2227 2849 vetere
2273 2809 2420 2849 anno
2449 2792 2681 2848 Judaico
2727 2793 2976 2848 doctrina
3028 2793 3320 2847 stabilitur.
3361 2789 3506 2856 Non,

1929 2886 2178 2955 inquam,
2211 2883 2434 2939 aliunde
2470 2881 2753 2955 Scaligero
2784 2893 3020 2950 constat,
3050 2883 3268 2939 Judseos
3299 2885 3508 2953 aliquot

1931 2987 2057 3034 ante
2086 2977 2367 3032 Christum
2401 2976 2620 3031 saeculis
2660 2976 2924 3046 epocham
2955 2979 3085 3030 anni
3115 2977 3223 3041 sui,
3266 2977 3382 3033 sive
3404 2976 3506 3030 Te-

1931 3070 2171 3140 kupham
2217 3065 2440 3123 Octobr.
2470 3083 2543 3122 vn
2578 3067 2807 3123 deﬁxam
2843 3069 3124 3131 habuisse.
3165 3085 3329 3139 quam
3361 3070 3508 3139 quod

256 3172 349 3218 tuo
378 3170 654 3218 servatum
695 3171 799 3216 est.
856 3158 1012 3215 Unde
1045 3169 1102 3214 et
1137 3168 1368 3230 quartus
1399 3159 1624 3224 mensis,
1665 3175 1826 3230 quem
1855 3185 1900 3244 ρ
1933 3179 1996 3218 ex
2038 3161 2245 3232 periodi
2272 3159 2473 3216 Graecae
2515 3159 2796 3229 popularis
2851 3175 2916 3215 ac
2947 3161 3307 3216 Macedonicae
3339 3162 3509 3216 ratio-

257 3255 404 3326 apud
433 3252 795 3309 Athenienses
835 3252 1269 3324 Pyanepsionem
1301 3251 1473 3307 fuisse
1500 3251 1694 3317 credit,
1727 3265 1833 3306 cce-

258 3348 336 3417 pit
370 3345 625 3402 Octobris
656 3361 754 3409 vn,
788 3347 911 3414 post
943 3344 1312 3398 novilunium.
1363 3341 1542 3412 Atque
1575 3341 1630 3395 in
1688 3341 1834 3396 hunc

258 3438 481 3493 modum
505 3436 700 3505 reliqui
722 3449 960 3498 menses,
989 3444 1043 3489 et
1062 3434 1190 3488 anni
1209 3432 1524 3489 necessario
1549 3439 1831 3496 contextu,

259 3529 408 3584 velut
450 3535 642 3583 catena
687 3527 924 3596 quadam
969 3525 1294 3596 Chrysippei
1347 3522 1446 3578 fati
1476 3521 1713 3577 devincti
1750 3535 1835 3576 se-

267 3629 532 3690 quuntur,
563 3616 711 3688 quod
747 3617 802 3670 in
843 3615 1022 3686 primo
1053 3613 1130 3668 De
1162 3612 1368 3668 emend.
1412 3611 1636 3668 uberius
1667 3625 1835 3680 expo-

259 3710 430 3765 nitur.
462 3709 664 3764 Eadem
689 3707 828 3763 serie
852 3705 1135 3761 constabat
1161 3705 1339 3758 Attica
1369 3711 1424 3756 et
1485 3701 1836 3757 Macedonica

261 3801 542 3876 periodus.
570 3799 709 3855 Nam
745 3799 911 3869 hujus
962 3796 1438 3869 ’Υπερὸερεταίος,
1473 3794 1619 3850 illius
1676 3794 1838 3847 Ἐκα-

261 3889 538 3964 τομὸαιών
569 3906 599 3945 a
629 3889 868 3946 solstitio
913 3887 1104 3942 inibat.
1142 3885 1262 3940 Jam
1311 3900 1442 3939 vero
1484 3898 1629 3939 anno
1676 3881 1836 3953 lphiti

264 3985 394 4053 465,
441 3982 648 4054 periodi
680 3981 910 4036 Julianaa
952 3979 1112 4044 4402,
1162 3977 1369 4049 periodi
1419 3975 1714 4048 Olympicae
1772 3989 1838 4030 ac

264 4075 623 4132 Macedonicae
669 4087 836 4137 nono,
872 4070 1157 4125 neomenia
1195 4068 1363 4138 primi
1411 4067 1615 4122 mensis
1646 4065 1841 4121 accidit

263 4167 395 4225 Julii
418 4183 470 4220 ι.
489 4164 722 4219 Proinde
751 4172 980 4233 quartus
1011 4162 1218 4217 mensis
1241 4161 1407 4231 coepit
1433 4157 1687 4216 Octobris
1716 4174 1836 4213 vm.

265 4259 373 4316 Sed
401 4273 526 4314 cum
557 4255 855 4311 neomenia:
890 4255 1106 4308 lunares
1130 4255 1184 4308 in
1215 4270 1267 4308 ιχ
1293 4251 1422 4307 Julii
1446 4261 1499 4307 et
1544 4267 1619 4305 vn
1646 4249 1838 4305 Octob.

266 4351 608 4412 incidissent,
639 4363 762 4418 quae
789 4358 874 4404 est
900 4345 1193 4417 Olympicte
1214 4343 1424 4414 periodi
1441 4353 1593 4398 vetus
1609 4343 1838 4412 epocha,

266 4461 334 4501 ex
372 4443 579 4514 Calippi
629 4441 953 4512 praescripto
1001 4437 1286 4507 periodum
1341 4443 1712 4499 retexuerunt,
1743 4449 1842 4490 no-
1894 4481 1897 4484 .

1936 3256 2081 3311 cinio
2129 3263 2362 3324 quartus
2391 3253 2598 3308 mensis
2627 3251 2908 3322 popularis
2938 3253 2990 3306 in
3027 3254 3178 3308 illum
3206 3254 3345 3308 diem
3375 3254 3511 3307 inci-

1935 3348 2091 3402 deret
2133 3360 2200 3400 eo
2233 3360 2403 3410 anno,
2447 3359 2558 3414 quo
2588 3343 3087 3415 Syromacedouica
3131 3345 3389 3415 periodus
3426 3352 3511 3400 est

1935 3438 2202 3493 instituta.
2239 3433 2344 3490 Sed
2375 3450 2500 3490 cum
2549 3435 2721 3489 multa
2752 3435 2863 3488 sint
2895 3434 2949 3488 in
2978 3443 3088 3490 tota
3125 3435 3228 3490 hac
3253 3431 3512 3507 Scaligeri

1936 3531 2197 3600 Opinione
2231 3527 2587 3592 confutanda,
2614 3543 2788 3599 eaque
2810 3545 2897 3584 res
2925 3529 3228 3600 longiorem
3283 3544 3347 3584 ac
3375 3545 3514 3598 prae-

1937 3624 2154 3693 cipuam
2205 3608 2634 3690 disputationem
2684 3621 2888 3688 exigat,
2941 3628 3015 3684 et,
3066 3628 3128 3674 ut
3177 3620 3310 3684 dixi,
3362 3621 3514 3675 brevi

1937 3720 2303 3769 consecutura
2335 3711 2445 3776 sit;
2480 3726 2602 3777 nos,
2635 3711 2782 3780 quod
2811 3712 2864 3765 in
2889 3711 3029 3764 libro
3055 3711 3146 3765 illo
3174 3711 3518 3767 demonstra-

1938 3805 2108 3870 bitur,
2139 3803 2338 3859 falsam
2365 3817 2489 3858 esse
2519 3804 2646 3856 anni
2675 3802 2822 3857 illius
2855 3801 3028 3856 Graeci
3077 3816 3142 3856 ac
3183 3800 3517 3856 Macedonici

1939 3901 2272 3950 structuram
2300 3891 2700 3962 pertendimus.
2731 3889 3004 3969 Negamus
3028 3900 3304 3956 constare,
3336 3904 3517 3944 utrum

1941 4003 2087 4042 anno
2121 3988 2215 4042 illo
2267 4001 2382 4056 per.
2421 3984 2540 4040 Jul.
2588 3983 2765 4051 4402,
2809 3983 3087 4054 popularis
3137 3992 3188 4037 et
3237 3983 3518 4054 aequabilis

1941 4074 2442 4147 Syromacedonum
2468 4072 2674 4128 mensis
2716 4073 2767 4125 in
2804 4087 2904 4138 vn,
2938 4079 3034 4125 aut
3057 4087 3154 4126 vm
3189 4069 3309 4126 Oct.
3342 4071 3519 4126 incur-

1942 4169 2098 4224 rerit.
2149 4165 2424 4237 Negamus
2469 4174 2730 4235 praeterea
2782 4162 3001 4218 Judaeos
3044 4161 3318 4216 cardinem
3366 4161 3517 4214 illum

1944 4257 2073 4312 anni
2109 4256 2307 4312 solaris
2353 4253 2668 4325 agnovisse,
2703 4260 2794 4305 aut
2827 4251 2881 4304 in
2912 4264 2979 4305 eo
3008 4248 3308 4304 collocasse
3343 4246 3518 4302 Teku-

1942 4349 2127 4420 pham.
2161 4346 2430 4416 Negamus
2452 4360 2655 4400 annum
2687 4343 2832 4413 apud
2855 4341 3076 4397 Graecos
3131 4349 3226 4395 aut
3264 4339 3518 4411 Syroma-

1948 4437 2187 4491 cedonas
2234 4433 2556 4506 popularem
2606 4429 2876 4501 ejusmodi
2931 4426 3134 4495 fuisse,
3187 4427 3401 4504 qualem
3455 4442 3521 4480 ex

267 4549 500 4606 vamque
528 4532 894 4589 condiderunt
926 4529 996 4584 ab
1017 4543 1162 4582 anno
1182 4527 1278 4581 illo
1296 4525 1503 4596 periodi
1525 4523 1633 4580 Jul.
1660 4524 1830 4590 4402,
1874 4539 1920 4596 ι)
1949 4527 2164 4583 ollicina
2215 4541 2316 4581 sua
2358 4523 2612 4595 procudit
2661 4523 2925 4593 Scaliger.
2962 4520 3112 4574 Intro
3157 4521 3353 4590 magis,
3385 4526 3439 4574 et
3468 4518 3522 4573 in

270 4628 430 4697 cujus
473 4625 739 4697 epocham
773 4638 848 4677 vn
888 4619 1139 4676 Octobris
1187 4619 1276 4674 die
1305 4618 1632 4673 deﬁxerunt.
1665 4615 1846 4683 Quare

267 4717 590 4774 Macedones
620 4713 1013 4786 Hyperberetai
1058 4719 1168 4766 tam
1203 4708 1517 4781 popularis,
1555 4723 1721 4779 quam
1757 4707 1845 4763 lu-

267 4811 419 4866 naris
470 4807 812 4864 neomeniam
857 4821 933 4860 vn
985 4803 1238 4860 Octobris
1312 4802 1661 4858 inchoarunt.
1719 4799 1848 4855 Ideo

273 4904 467 4960 solaris
509 4902 637 4956 armi
685 4897 1149 4970 Syromacedom'ci
1194 4896 1316 4966 ﬁnis
1362 4896 1418 4949 in
1470 4893 1720 4949 Octobris
1796 4909 1847 4949 Vl

267 4997 488 5059 incidit;
531 5008 812 5062 eorumque
857 5007 1026 5044 annus
1080 4989 1355 5060 popularis
1413 5003 1682 5056 nunquam
1756 4986 1848 5041 hos

268 5089 398 5158 ﬁnes
445 5083 813 5138 antevertebat.
845 5079 973 5137 Haec
1010 5080 1248 5151 Scaliger
1283 5078 1403 5150 (lib.
1427 5095 1468 5134 ιι
1505 5077 1582 5133 De
1614 5076 1847 5136 emend.,

268 5195 322 5250 p.
358 5176 448 5248 91)
492 5176 631 5246 :qui
673 5175 958 5245 antiquum
1005 5171 1139 5226 illud
1169 5186 1328 5227 suum
1360 5170 1614 5225 obtinens
1660 5168 1755 5223 lib.
1786 5183 1840 5238 v,

272 5275 378 5327 hoc
412 5271 590 5340 ipsum
627 5267 819 5324 evertit
853 5267 932 5337 (p.
974 5263 1126 5336 559).
1169 5261 1372 5318 Scribit
1399 5260 1548 5316 enim
1592 5260 1850 5314 ultimum

279 5360 478 5417 solaris
498 5342 636 5412 anni
668 5353 1145 5428 Syromaeedonici
1187 5353 1331 5407 diem
1365 5350 1537 5406 fuisse
1578 5348 1836 5405 Octobris

272 5466 371 5514 vu,
403 5464 469 5504 eo
495 5447 640 5518 quod
669 5444 1117 5517 Hyperberetaeus
1145 5439 1529 5500 Macedonicus
1556 5439 1610 5492 in
1635 5454 1669 5492 ι
1704 5435 1835 5492 Julii

275 5541 580 5600 incidisset.
631 5537 820 5608 Itaque
882 5537 1121 5608 primum
1190 5535 1534 5590 novilunium
1594 5531 1848 5587 Octobris

278 5652 377 5693 vm
405 5631 682 5702 congruit.
714 5629 820 5684 Sed
841 5629 1090 5698 imperite
1119 5625 1302 5682 facere
1324 5625 1564 5692 Judaeos,
1586 5624 1680 5694 qui
1705 5637 1852 5678 anno

279 5723 372 5780 illo
420 5739 454 5781 a
484 5719 873 5779 Macedonibus
914 5727 1136 5788 accepto
1177 5717 1418 5788 primum
1468 5715 1848 5782 novilunium.

1950 4635 2130 4676 arcem
2165 4620 2340 4690 ipsam
2370 4615 2695 4688 quaestionis
2726 4615 2929 4670 involo.
2962 4611 3111 4684 Nego
3138 4621 3347 4668 certum
3379 4626 3524 4676 esse,

1951 4724 2081 4763 num
2108 4705 2277 4763 Judaei
2306 4705 2583 4776 Calippica
2630 4705 2726 4758 illa
2754 4703 2958 4767 lunari,
2994 4702 3081 4756 vel
3124 4700 3522 4771 Syromacedo-

1949 4799 2076 4854 nica
2107 4797 2282 4853 forma
2310 4812 2551 4866 unquam
2584 4795 2668 4850 usi
2696 4793 2924 4848 fuerint.
2956 4790 3079 4858 Quo
3106 4789 3431 4844 labefactato
3462 4804 3524 4843 ac

1949 4892 2240 4958 convulso,
2285 4900 2500 4952 caetera,
2538 4905 2661 4960 quae
2706 4888 2836 4943 huic
2879 4887 3217 4950 innituntur,
3271 4891 3525 4937 corruant

1949 4994 2174 5036 necesse
2203 4989 2306 5033 est.
2336 4975 2550 5032 Etenim
2585 4976 2856 5031 undenam
2891 4973 3169 5040 Scaligero
3191 4978 3525 5038 compertum

1949 5078 2035 5125 est
2066 5067 2286 5124 Judaeos
2335 5068 2584 5122 lunarem
2634 5065 2846 5137 Calippi
2893 5063 3174 5134 periodum
3217 5061 3270 5114 in
3312 5059 3527 5114 civilem

1950 5176 2114 5218 usum
2153 5160 2452 5216 ascivisse?
2498 5157 2726 5229 Opinor,
2747 5173 2917 5212 unum
2959 5155 3092 5212 illud
3147 5161 3528 5225 argumentum

1951 5264 2055 5321 est,
2081 5255 2228 5325 quod
2258 5255 2417 5309 annis
2442 5253 2754 5310 Graecorum
2780 5261 2890 5306 tam
2912 5250 3346 5306 Machabzeorum
3379 5246 3528 5308 libri,

1953 5363 2115 5419 quam
2134 5347 2403 5420 Josephus
2418 5362 2482 5403 ac
2497 5343 2688 5414 reliqui
2715 5344 3068 5400 Judaicarum
3093 5357 3275 5398 rerum
3300 5340 3536 5410 scripto-

1953 5455 2043 5496 res
2080 5439 2168 5494 usi
2216 5439 2328 5494 sint
2385 5435 2457 5493 At
2507 5438 2631 5506 quis
2678 5452 2746 5492 ex
2793 5451 2861 5492 eo
2903 5433 3220 5508 necessario
3288 5431 3529 5501 colligat,

1953 5531 2084 5586 anni
2109 5529 2530 5600 dispositionem
2559 5531 2733 5600 ipsam
2767 5527 2988 5584 Iudaeos
3017 5511 3352 5596 usurpasse?
3378 5519 3528 5578 Licet

1952 5624 2099 5679 enim
2129 5637 2320 5687 teram,
2359 5623 2474 5678 sive
2500 5623 2764 5693 epocham
2793 5621 2992 5692 ipsam,
3023 5633 3087 5674 ac
3114 5617 3354 5677 titulum,
3388 5615 3528 5668 unde

1955 5716 2130 5772 Graeci
2171 5730 2438 5771 annorum
2471 5729 2695 5770 suorum
2725 5713 3022 5783 primordia
3055 5708 3386 5781 repetebant,
3413 5705 3522 5760 ad-

274 5830 438 5894 atque
479 5813 610 5873 anni
641 5811 728 5870 sui
756 5809 1038 5884 aequabilis
1066 5809 1281 5866 initium
1307 5809 1432 5881 ipso
1455 5807 1541 5866 die
1568 5823 1666 5865 Vill
1697 5805 1859 5866 Octo-
1956 5807 2236 5868 bibuerint
2268 5805 2476 5878 Judaei,
2516 5821 2640 5864 cum
2687 5805 3000 5864 Graecorum
3047 5818 3137 5860 res
3179 5809 3400 5874 gestas,
3441 5799 3530 5854 ut
