4118 6402
608 339 712 395 959

1687 331 2023 389 APPENDIX
2065 331 2664 390 DISSERTATIONUM

3750 340 3875 396 ειδυ

607 470 835 510 suorum
869 469 990 506 cum
1030 453 1232 506 Graecis
1269 451 1573 520 implicatas
1610 451 2033 518 perscriberent,
2083 453 2160 503 ni-
2201 459 2242 510 Α
2275 447 2493 504 Jmla:os
2528 451 2750 520 periodo
2781 451 3014 520 quadam
3061 466 3324 507 annorum
3359 469 3466 518 xlv,
3492 455 3606 510 sive
3638 455 3870 509 uxxt'

607 549 718 602 bilo
770 556 950 601 tamen
991 546 1192 600 certius
1226 545 1406 614 colligi
1455 554 1650 613 potest,
1706 544 1921 598 illorum
1967 560 2166 598 annum

605 643 783 708 ipsum
817 639 1085 708 recepisse
1116 637 1262 690 domi
1307 636 1548 700 Judzeos,
1579 651 1742 705 quam
1789 638 1890 692 hoc
1928 648 2170 708 tempore

607 732 749 801 apud
783 729 946 785 Italos
1001 741 1095 784 aut
1119 730 1303 786 Gallos
1338 731 1558 785 lunares
1586 731 1824 784 Arabum
1858 747 2032 785 annos
2073 732 2170 785 ob-

610 821 836 886 servari,
877 822 1020 890 quod
1066 822 1282 874 illorum
1329 822 1563 890 scriptor
1591 822 1940 890 aliquis,rtnm
1969 819 2168 875 Turca-

611 929 730 965 rum
760 912 1018 966 historias
1059 913 1338 975 scriberet,
1383 927 1476 979 per
1522 909 1730 981 llegirte
1762 927 1936 965 annos
1973 927 2166 965 nume-

607 1021 728 1058 rare
755 1014 964 1072 tempus
995 1003 1310 1057 instituerit.
1357 1001 1497 1056 Fieri
1530 1004 1711 1071 itaque
1743 1012 1938 1070 potest,
1966 1011 2023 1056 ut
2053 1001 2167 1057 Ma-

604 1095 951 1150 chabzeorum
985 1104 1172 1148 auctor
1197 1093 1399 1148 Crazcis
1428 1095 1481 1147 in
1514 1095 1675 1148 rebus
1693 1093 1935 1148 Graecam
1961 1102 2169 1163 tempo-

607 1203 726 1240 rum
760 1188 1023 1241 rationem
1060 1185 1422 1254 usurpaverit,
1469 1201 1498 1238 a
1543 1185 1714 1254 patria
1763 1185 2169 1255 domesticaque

606 1279 907 1345 diversam;
945 1286 1037 1331 attt
1066 1287 1231 1341 certe,
1266 1286 1325 1332 ut
1367 1278 1708 1347 popularium
1755 1293 2024 1332 annorum
2071 1294 2169 1332 nu-

605 1386 815 1425 merum
842 1385 870 1423 a
907 1369 1219 1424 Crtecorum
1249 1384 1355 1424 aera
1394 1367 1700 1434 deduxerit,
1735 1370 2042 1439 solumque,
2089 1370 2166 1424 uti

606 1459 811 1512 dictum
855 1467 958 1522 est,
995 1457 1211 1512 titulum
1259 1456 1573 1512 Graecorum
1613 1456 1679 1510 ad
1708 1474 1837 1512 suos
1871 1474 2044 1514 annos
2077 1475 2168 1514 ac-

605 1549 1052 1604 commodaverit.
1101 1548 1234 1614 Quis
1276 1556 1336 1602 ut
1379 1549 1523 1602 aliud
1553 1549 1799 1604 dicamus
1845 1565 2037 1619 cogere
2066 1564 2168 1604 nos

608 1635 892 1705 scriptoris
949 1635 1111 1689 ullius
1162 1637 1483 1690 auctoritate
1521 1629 1730 1705 potest?
1776 1635 2021 1705 Magnam
2065 1636 2166 1690 bo-

608 1728 772 1782 minis
801 1728 1182 1783 conlldentiam
1245 1730 1326 1783 vel
1363 1731 1706 1783 oscitantiam
1735 1739 1946 1798 oportet
1975 1729 2163 1795 fuisse,

606 1823 698 1891 qui
735 1819 1024 1876 levissimis
1060 1821 1393 1890 argumentis
1439 1821 1710 1884 inductus,
1739 1821 2006 1876 aﬂirmare
2057 1831 2163 1875 tam

607 1910 858 1966 obscuris
886 1911 953 1965 de
977 1911 1140 1966 rebus
1171 1912 1289 1966 sine
1318 1912 1661 1966 luesitatione
1689 1911 1794 1966 ulla
1830 1911 2080 1980 potuerit.

2197 1788 2243 1848 Β

609 2056 726 2122 Quo
759 2057 966 2110 demum
992 2074 1127 2110 armo
1151 2058 1232 2111 usi
1268 2059 1372 2110 sint
1403 2055 1583 2112 Judwi
1609 2100 1624 2123 ,
1658 2059 1746 2111 ubi
1774 2067 1822 2112 et
1856 2059 2169 2114 obscurissi-

748 2144 864 2181 mus
892 2143 956 2181 ea:
987 2126 1282 2197 Epiphanio
1311 2129 1524 2182 illorum
1544 2130 1718 2198 cyclus
1738 2131 2036 2200 exponitur.

677 2264 891 2317 Atenim
922 2263 1098 2316 lunari
1133 2277 1276 2317 anno
1316 2262 1530 2318 Iudaeos
1569 2280 1696 2319 usos
1733 2278 1853 2318 esse
1893 2280 2172 2335 propemo-

608 2354 740 2410 dum
799 2355 1057 2409 mortales
1098 2371 1288 2409 omnes
1341 2357 1676 2411 existimant.
1722 2354 1961 2426 Ecquam
2011 2357 2173 2426 igitur

607 2442 839 2499 formam
873 2445 1051 2514 potius
1082 2460 1243 2514 quam
1280 2444 1613 2514 Calippicam
1643 2445 1872 2512 amplexi
1907 2446 2077 2499 sunt?
2114 2445 2168 2499 Si

609 2533 1025 2605 ilipparcheam,
1061 2546 1135 2600 et,
1172 2551 1335 2604 quam
1362 2537 1828 2590 accuratissimam
1859 2549 2011 2607 putat
2040 2536 2172 2592 Sca-

609 2629 759 2699 iiger,
776 2631 1127 2684 recentiorem
1157 2628 1437 2683 Judaicam
1469 2629 1655 2681 dixero
1675 2668 1688 2691 ,
1719 2628 1894 2682 dicam
1941 2630 2084 2698 quod
2117 2631 2170 2683 in

613 2717 755 2787 Isng.
790 2735 906 2771 can.
941 2720 1079 2772 idem
1121 2720 1209 2772 ille
1248 2720 1464 2773 disertis
1497 2720 1677 2772 verbis
1731 2729 2006 2774 asseverat
2035 2721 2168 2792 (lib.

609 2820 666 2858 tt
715 2804 868 2876 lsag.
899 2825 1041 2868 σωκ,
1069 2807 1284 2876 ρ.215).
1314 2805 1370 2860 Ιιι
1393 2824 1499 2876 quo
1525 2823 1718 2877 magno
1737 2824 1793 2862 se
1815 2808 2043 2862 ludibrio
2064 2818 2173 2862 tra-

610 2902 780 2964 ducit,
813 2902 940 2954 dum
990 2916 1086 2956 sua
1121 2901 1302 2955 omnia
1355 2901 1566 2955 decreta
1631 2910 1682 2956 et
1703 2903 1920 2956 oracula
1960 2902 2174 2956 convel-

609 2992 691 3055 lit,
728 3001 781 3044 et
823 3008 945 3062 quas
997 3002 1145 3047 tanto
1188 3009 1310 3048 cum
1345 3006 1539 3048 conatu
1589 2995 1654 3049 de
1682 2993 1881 3051 Christi
1909 2995 2174 3051 Passione

610 3083 810 3152 sapius
856 3093 1198 3148 astruxerat,
1251 3101 1386 3139 nova
1434 3087 1524 3139 illa
1578 3088 1848 3140 sententia
1875 3087 2246 3182 convellit;c

611 3179 705 3231 sed
742 3186 988 3232 neutram
1021 3179 1296 3248 periodum
1320 3179 1461 3247 apud
1486 3173 1703 3234 Judmos
1727 3197 1826 3235 usu
1851 3196 1914 3235 ac
1938 3196 2172 3236 consue-

610 3271 799 3325 tudine
831 3281 1096 3340 receptam
1154 3273 1310 3328 facile
1356 3276 1586 3330 dixerim
1616 3293 1628 3328 :
1669 3276 1913 3328 lunarem
1948 3273 2168 3327 quidem

611 3373 817 3417 motum
875 3374 1149 3435 utcunque
1197 3367 1316 3421 illos
1363 3367 1578 3437 assequi
1624 3367 1862 3421 voluisse
1893 3369 2162 3435 suspicor.

618 3451 752 3507 Nam
781 3455 832 3508 id
863 3455 1052 3510 suadet
1080 3455 1384 3526 Josepbus;
1427 3460 1517 3528 qui
1552 3458 1644 3512 lib.
1674 3475 1730 3514 ιιι
1763 3457 2068 3528 0rig.,cap.
2090 3459 2172 3522 10,

611 3547 678 3599 de
701 3545 968 3602 Pascliate
999 3549 1242 3614 l0quens.
1302 3549 1391 3620 Τῷ
1415 3549 1470 3602 δὲ
1504 3550 1651 3620 μηνὶ,
1682 3549 1891 3619 inquit,
1923 3549 2002 3619 τῷ
2034 3548 2174 3601 Ξαν-

611 3635 767 3705 θικῷ,
792 3637 850 3700 ὃς
875 3638 1078 3691 Νισσὰν
1105 3641 1232 3709 παρ’
1258 3641 1386 3710 ἡμῖν
1419 3640 1663 3692 καλεῖται
1691 3679 1706 3703 ,
1756 3642 1849 3693 καὶ
1880 3639 1972 3692 τοῦ
2019 3639 2174 3702 ἔτους

611 3728 758 3780 ἐστὶν
805 3727 968 3799 ἀρχὴ,
1022 3729 1578 3802 τεσσαρεσκαιδεκάτῃ
1626 3731 1764 3784 κατὰ
1826 3731 2084 3801 σελήνην,
2117 3732 2174 3782 ἐν

613 3817 753 3887 κριῷ
798 3816 890 3870 τοῦ
923 3819 1072 3889 ήλίου
1117 3819 1474 3884 καθεστῶτος.
1521 3820 1739 3876 Necnon
1791 3831 1840 3874 et
1872 3821 2048 3888 Philo,
2079 3822 2173 3891 qui

613 3909 707 3962 lib.
750 3908 825 3962 De
853 3911 960 3964 vita
998 3910 1160 3966 Mosi;
1202 3913 1316 3968 haec
1346 3913 1540 3967 scribit
1569 3929 1582 3965 :
1614 3913 1702 3984 Τῷ
1723 3913 1786 3985 δὴ
1821 3915 1950 3985 μηνὶ
1978 3913 2171 3985 τούτῳ,

613 4017 678 4052 πε
687 4001 803 4070 pice
814 4003 1338 4074 σσαρεσκαιδεκάτην
1363 4005 1574 4076 ἡμέραν
1601 4005 1880 4075 μέλλοντος
1903 4005 1995 4058 τοῦ
2020 4005 2176 4078 σελη-

612 4091 797 4145 νιακοῦ
823 4093 1018 4148 κύκλου
1042 4095 1286 4163 γίνεσθαι
1310 4096 1647 4168 πλησιφαοῦς
1667 4137 1682 4160 ,
1714 4099 1904 4167 ἄγεται
1949 4097 2016 4150 τὰ
2045 4100 2174 4152 Δια-

613 4182 1208 4258 6ατήρια,δημοφανὴς
1260 4188 1444 4259 ἑορτή.
1501 4188 1768 4252 Nimirum
1822 4189 1876 4242 id
1911 4189 1964 4241 in
1991 4190 2173 4242 animo

614 4275 722 4328 illis
750 4285 884 4340 erat,
928 4286 984 4330 ut
1010 4277 1076 4330 ad
1111 4278 1249 4331 lunae
1301 4287 1480 4332 motus
1547 4279 1769 4347 propius
1818 4276 2169 4343 accederent;

613 4368 716 4422 etsi
753 4378 968 4437 propter
1001 4369 1134 4440 cycli
1193 4369 1366 4424 labem
1411 4385 1475 4424 ac
1503 4370 1692 4424 vitium
1723 4370 1991 4424 interdum
2018 4369 2175 4422 aber-

2271 553 2474 610 ponus.

2345 631 2448 697 Qui
2487 632 2706 702 quidem
2773 630 3061 702 Epiphanii
3122 634 3274 688 locus
3325 636 3617 703 plurimum
3689 636 3872 690 debet

2267 722 2634 777 eruditissimo
2661 720 2890 791 Keplero
2913 765 2926 785 ,
2969 724 3063 792 qui
3110 724 3163 776 in
3195 723 3407 794 Eclogis
3454 725 3868 795 chronologicis

2269 813 2699 868 luculentissima
2734 814 3104 883 disputatione
3158 815 3209 869 id
3259 817 3529 885 praestitit,
3565 827 3624 871 ut
3655 833 3732 871 ex
3770 817 3867 870 his

2269 909 2500 962 salebris
2530 923 2822 978 emergere,
2851 923 2915 961 ac
2938 909 3111 962 lucem
3135 907 3370 976 aliquam
3401 909 3484 960 his
3511 908 3565 977 in
3599 909 3866 961 tenebris

2267 999 2470 1054 intueri
2503 1014 2814 1070 possemus.
2859 999 3042 1064 Neque
3074 1001 3218 1053 enim
3243 1010 3327 1054 est
3356 1000 3497 1054 ullus
3526 1001 3673 1069 apud
3713 999 3861 1068 Epic

2267 1094 2526 1166 phanium
2556 1095 2836 1149 obscurior
2859 1109 2924 1148 ac
2951 1091 3218 1147 difﬁcilior
3246 1090 3508 1146 locus.Ac
3531 1107 3635 1155 me,
3660 1092 3862 1160 prius-

2267 1202 2430 1256 quam
2459 1185 2676 1254 Kepleri
2723 1182 3131 1239 Commentaria
3183 1190 3376 1235 nactus
3422 1195 3622 1241 essem.
3667 1181 3855 1236 vehe-

2268 1287 2476 1331 menter
2506 1284 2769 1342 torserat;
2793 1284 2848 1329 et
2867 1272 3112 1328 nonnihil
3138 1282 3310 1325 tamen
3340 1285 3486 1326 eram
3511 1281 3810 1325 assecutus
3831 1287 3853 1334 ;

2267 1367 2412 1438 quod
2443 1368 2589 1422 illius
2637 1382 2738 1436 ope
2793 1366 3134 1436 postmodum
3167 1361 3455 1429 expoliisse
3492 1376 3578 1415 me
3623 1360 3854 1422 fateor,

2268 1476 2333 1514 ac
2366 1459 2612 1528 quaedam
2647 1458 2807 1512 etiam
2840 1456 3001 1526 paulo
3028 1471 3091 1508 ac
3120 1455 3207 1508 ille
3236 1453 3361 1508 fecit
3387 1453 3543 1506 aliter
3567 1452 3855 1520 explicas-

2269 1566 2346 1607 se.
2375 1549 2526 1604 Licet
2556 1553 2735 1602 autem
2773 1563 2838 1601 ne
2860 1548 2976 1616 ipse
3004 1546 3219 1615 quidem
3252 1544 3353 1599 sibi
3387 1541 3646 1612 Keplerus
3674 1542 3851 1595 satis—

2269 1639 2454 1701 faciat,
2489 1652 2664 1707 neque
2693 1651 2793 1706 ego
2825 1634 3080 1690 extricari
3105 1647 3262 1702 posse
3305 1631 3570 1686 conﬁdam
3596 1632 3792 1686 omnia
3827 1648 3848 1696 ;

2269 1727 2416 1799 quod
2443 1743 2603 1782 nemo
2631 1737 2821 1797 praeter
2848 1724 3209 1795 Epiplianium
3264 1722 3398 1794 cycli
3433 1722 3592 1776 istius
3633 1722 3850 1775 memi-

2270 1820 2434 1886 nerit,
2457 1829 2512 1874 et
2540 1819 2703 1873 verba
2729 1818 2844 1887 ipsa
2875 1817 3136 1871 mendosa
3165 1817 3294 1878 sint,
3318 1823 3850 1883 proponamtamen,

2267 1911 2445 1982 quoad
2507 1909 2827 1964 brevissime
2885 1906 3310 1978 planissimeque
3353 1915 3559 1974 p0tero,
3594 1919 3722 1974 quae
3749 1913 3846 1956 aut

2266 2018 2392 2056 vera
2425 2016 2544 2057 esse
2569 2000 2776 2070 judico,
2811 2006 2907 2052 aut
2946 2006 3092 2052 certe
3126 1997 3267 2052 veris
3290 1996 3561 2066 propiora.

2337 2093 2415 2148 Ac
2440 2092 2674 2163 primum
2703 2089 3128 2146 obscurissimus
3156 2084 3246 2142 ille
3299 2085 3609 2142 Judaeorum
3643 2087 3844 2152 cyclus

2266 2183 2619 2256 exponendus
2639 2183 2853 2237 videtur
2882 2201 2894 2236 :
2926 2196 3034 2250 quo
3055 2183 3276 2250 cognito
3299 2195 3419 2248 qua;
3444 2180 3518 2233 sit
3545 2177 3847 2246 Epiphanii

2268 2277 2334 2330 de
2364 2273 2621 2329 Passione
2651 2271 2856 2326 Christi
2883 2270 3151 2326 sententia
3178 2267 3393 2324 facilius
3419 2281 3806 2336 assequemur.

2337 2363 2725 2434 Judaicicycli,
2770 2377 2880 2432 quo
2909 2360 3113 2416 Christi
3164 2359 3377 2416 Domini
3430 2369 3670 2428 tempore
3705 2373 3844 2412 usos

2269 2473 2388 2512 esse
2414 2465 2566 2525 putat
2599 2453 2954 2524 Epiphanius,
2983 2451 3286 2522 explicandi
3356 2451 3480 2506 ﬁnis
3532 2465 3594 2505 ac
3633 2465 3846 2518 scapus

2270 2557 2381 2608 est;
2412 2556 2472 2600 ut
2500 2555 2754 2616 appareat
2780 2543 2997 2599 Judteos
3022 2559 3168 2598 anno
3191 2543 3308 2612 ipso
3336 2541 3615 2596 Passionis
3647 2542 3843 2604 biduo.

2270 2638 2352 2690 vel
2383 2638 2545 2691 etiam
2573 2638 2754 2690 triduo
2788 2652 2817 2689 a
2846 2635 2988 2689 lunte
3025 2634 3325 2689 ratiociniis
3378 2633 3684 2687 aberrasse.
3731 2633 3844 2703 Gy-

2273 2731 2416 2784 clum
2452 2743 2612 2798 porro
2645 2729 2718 2782 ita
2745 2728 2858 2783 fere
2889 2727 3171 2781 describit.
3199 2725 3418 2780 Judteos
3445 2727 3641 2779 asserit
3675 2725 3846 2778 luna-

2275 2838 2385 2876 rem
2418 2836 2618 2874 annum
2649 2821 3003 2874 constituisse
3047 2820 3257 2873 dierum
3303 2817 3442 2882 554,
3487 2817 3747 2870 horarum
3777 2817 3843 2880 8;

2273 2929 2393 2982 qua:
2419 2911 2638 2982 quidem
2696 2913 2844 2966 horae
2893 2914 3066 2965 tribus
3128 2910 3286 2965 annis
3334 2911 3477 2964 diem
3517 2910 3846 2963 conﬁciunt.

2273 3004 2354 3056 Ad
2396 3003 2509 3057 haec
2546 3003 2600 3056 in
2661 3004 2822 3058 anuis
2873 3019 2961 3056 xtv
2992 3004 3231 3072 quinque
3264 3017 3477 3056 menses
3506 3002 3850 3064 intercalari,

2278 3097 2532 3166 quoniam
2559 3111 2589 3150 e
2615 3097 2748 3150 solis
2777 3111 2964 3159 cursu,
2998 3097 3091 3165 qui
3119 3105 3203 3149 est
3228 3096 3436 3150 dierum
3463 3095 3595 3154 565,
3632 3095 3756 3148 hor.
3793 3094 3854 3159 6-,

2282 3189 2470 3242 horam
2498 3203 2659 3242 unam
2694 3197 3027 3258 expungunt.
3087 3185 3222 3242 Nam
3277 3186 3326 3241 si
3359 3189 3520 3242 horas
3553 3185 3852 3255 adjeceris,

2281 3281 2562 3334 rcstabunt
2591 3279 2696 3332 565
2725 3280 2842 3334 dies
2875 3277 3026 3350 παρὰ
3077 3279 3225 3349 ὥραν
3256 3278 3404 3349 μίαν.
3441 3275 3594 3331 Unde
3633 3277 3709 3330 illi
3761 3293 3849 3332 se-

2280 3368 2393 3422 xies
2443 3368 2813 3436 multiplicatis
2859 3367 3265 3436 quatuordccim
3340 3367 3540 3431 annis,
3595 3381 3856 3420 mensem

2279 3474 2447 3512 unum
2498 3459 2864 3528 octuagesimo
2912 3466 3107 3526 quarto
3154 3456 3474 3511 intercalant
3497 3471 3675 3520 anno;
3705 3456 3848 3511 adeo

2279 3557 2338 3602 ut
2374 3549 2427 3602 in
2458 3558 2630 3602 totum
2660 3564 2786 3601 xxxi
2823 3563 3037 3602 menses
3068 3548 3120 3600 in
3148 3562 3321 3601 annos
3345 3562 3524 3600 Lxxxv
3564 3546 3845 3614 imputetu-

2279 3650 2390 3706 tur,
2441 3655 2562 3694 cum
2600 3650 2743 3694 recta
2793 3640 2929 3694 ratio
2959 3655 3089 3693 xxxt
3130 3653 3365 3704 menses,
3409 3648 3465 3692 et
3523 3638 3642 3692 dies
3689 3654 3852 3701 xxiv,

2279 3748 2402 3787 cum
2441 3733 2591 3787 boris
2633 3733 2666 3787 5
2700 3733 2962 3802 requirat.
3008 3731 3134 3786 ι-ιωο
3184 3731 3550 3800 Epiphanius:
3575 3745 3604 3784 e
3639 3731 3847 3799 quibus

2279 3824 2556 3878 nonnullis
2589 3823 2910 3884 emendatis,
2946 3840 3068 3893 qua:
3119 3823 3430 3893 singillatim
3472 3821 3846 3887 excutientur,

2280 3914 2422 3968 hanc
2451 3913 2586 3984 cycli
2618 3912 2849 3966 formam
2881 3911 3144 3981 Keplerus
3175 3912 3336 3965 eruit.

2354 4004 2551 4074 Duplex
2576 4003 2716 4072 apud
2743 4001 2958 4057 Judzeos
2989 4003 3195 4056 lunaris
3223 4003 3350 4056 olim
3377 4001 3563 4072 cyclus
3598 4003 3854 4055 exstitit:

2280 4098 2412 4149 alter
2443 4111 2532 4148 xtv
2562 4109 2825 4147 annorttm
2850 4134 2864 4159 ,
2923 4094 3139 4157 minor;
3181 4092 3315 4146 alter
3348 4107 3547 4146 Lxxxtv
3573 4110 3585 4144 :
3616 4101 3844 4162 uterque

2280 4186 2652 4256 septenarius;
2687 4185 2844 4253 cujus
2892 4184 3103 4238 numeri
3140 4193 3358 4252 propter
3392 4181 3719 4237 Sabbaticos
3744 4200 3844 4239 an-

2280 4292 2379 4332 nos
2403 4277 2666 4331 rationem
2693 4275 2943 4329 videntur
2987 4273 3265 4330 habuisse.
3312 4272 3849 4329 Tessaradecaeteris

2279 4385 2344 4423 ex
2385 4369 2598 4422 illorum
2638 4367 2886 4421 instituto
2942 4369 3190 4438 syzygias
3242 4367 3404 4420 habet
3449 4367 3712 4438 integras,
3749 4365 3846 4420 sed

615 4471 816 4516 rarent.
853 4461 1004 4527 Quod
1036 4472 1090 4517 et
1126 4462 1564 4516 Christianorum
1614 4462 1866 4532 exemplo
1903 4461 2170 4515 declarari
2211 4473 2251 4526 [)
2283 4458 2419 4513 infra
2457 4458 2650 4514 solaris
2677 4458 3053 4512 ananodum
3083 4459 3355 4513 consistit.
3391 4456 3521 4512 Post
3540 4473 3594 4510 vt
3622 4456 3852 4511 demum,

615 4561 811 4623 potest.
843 4553 978 4607 Nam
1012 4561 1072 4607 ut
1107 4553 1184 4608 illi
1229 4569 1352 4608 cum
1383 4552 1666 4608 Paschatis
1707 4554 2073 4608 celebritatem
2110 4551 2176 4606 ad

615 4647 757 4700 lunae
779 4645 1111 4716 ψηφισμούς,
1149 4658 1413 4715 quantum
1447 4645 1622 4700 civilis
1648 4661 1782 4700 usus
1813 4646 2038 4714 patitur,
2064 4645 2179 4698 exi-

614 4753 741 4807 gere
763 4748 1106 4802 conarentur,
1136 4737 1297 4806 idque
1323 4737 1376 4790 in
1399 4735 1614 4791 Nicaeno
1643 4736 1875 4791 concilio
1899 4736 2176 4790 decretum

613 4835 778 4890 esset,
809 4826 863 4878 in
891 4835 1040 4879 tanta
1078 4841 1259 4878 rerum
1293 4826 1784 4880 astronomicat'um
1839 4827 1958 4879 luce
1992 4840 2056 4877 ac
2089 4839 2181 4892 pe-

617 4915 760 4976 ritia,
799 4925 974 4970 tamen
999 4914 1231 4984 eﬂ‘ugere
1260 4930 1367 4969 non
1400 4925 1714 4983 potuerunt,
1735 4918 1865 4984 quin
1895 4916 2174 4969 collectam

616 5007 824 5075 aliquot
849 5008 1060 5061 saeculis
1090 5007 1264 5060 labem
1299 5023 1564 5060 annorum
1587 5010 1653 5061 ad
1690 5007 1803 5062 haec
1827 5017 2011 5060 nostra
2041 5015 2178 5059 tem-

617 5113 745 5169 pora
771 5105 1162 5166 propagarent;
1188 5105 1296 5150 uta
1328 5097 1458 5151 solis
1486 5105 1632 5150 motu
1661 5096 1843 5150 decem
1872 5106 2014 5151 totos
2039 5096 2177 5158 dies,

619 5205 649 5242 a
680 5191 854 5242 lunari
881 5198 1114 5258 quatuor
1141 5190 1474 5245 aberrarent.
1503 5189 1769 5255 Quocirca
1809 5189 1947 5242 idem
1978 5186 2179 5242 Judaeis

618 5280 866 5334 evenisse
902 5295 1008 5333 non
1049 5280 1257 5343 dubito,
1303 5289 1363 5335 ut
1389 5295 1576 5335 eorum
1641 5280 1939 5333 neomenias
1993 5279 2177 5340 biduo,

620 5389 687 5428 ac
711 5373 890 5426 triduo
921 5388 1308 5442 nonnunquam
1338 5388 1368 5427 a
1398 5372 1591 5427 mediis
1648 5372 1792 5425 lunae
1831 5371 2072 5424 motibus
2115 5385 2180 5423 ac

620 5466 764 5519 veris
780 5465 946 5519 etiam
974 5462 1339 5519 deﬂecterent.
1363 5463 1438 5518 De
1457 5464 1607 5534 cyclo
1647 5473 1702 5518 et
1733 5477 2002 5516 annorum
2027 5461 2177 5525 orbe,

619 5563 675 5616 in
707 5570 864 5623 quem
892 5558 1202 5610 neomenias
1237 5555 1572 5619 incluserint,
1595 5554 1697 5609 etsi
1725 5554 1858 5608 nihil
1888 5553 2179 5608 admodum

622 5646 840 5711 delinio,
871 5646 1163 5700 verisimile
1189 5655 1366 5701 tamen
1397 5646 1650 5709 arbitror,
1688 5645 1834 5716 quod
1864 5646 1917 5698 in
1939 5645 2040 5699 hac
2066 5644 2176 5698 hae-

623 5739 730 5793 resi
756 5737 1088 5810 Epiphanius
1119 5741 1361 5810 exponit,
1402 5755 1530 5796 usos
1557 5753 1677 5796 esse
1699 5738 1898 5794 Christi
1934 5747 2176 5806 tempore

2279 4550 2858 4605 tessaradeeaeteridas
2907 4550 3067 4603 ambo
3112 4550 3164 4602 in
3205 4548 3550 4604 concordiam
3595 4547 3726 4602 anni
3758 4557 3845 4601 ut.

2276 4657 2489 4711 cunque
2519 4643 2762 4696 redeunt.
2797 4640 2917 4694 Dixi
2945 4640 3190 4693 lunarem
3235 4654 3437 4692 annum
3479 4638 3691 4692 deliniri
3731 4637 3862 4692 dies

2279 4732 2379 4785 bus
2407 4731 2530 4794 551,
2558 4731 2676 4784 hor.
2709 4729 2760 4783 8.
2804 4729 2935 4795 Quae
2965 4730 3012 4784 si
3043 4739 3241 4800 quater
3276 4738 3330 4784 et
3364 4729 3541 4783 decies
3583 4729 3844 4798 multipli-

2277 4836 2488 4887 centur,
2519 4823 2634 4878 dies
2661 4822 2899 4877 eﬂiciunt
2926 4821 3086 4887 1956,
3135 4823 3299 4878 horas
3347 4821 3471 4881 112.
3498 4822 3613 4876 sive
3635 4823 3753 4876 dies
3789 4823 3846 4889 4,

2279 4917 2395 4970 hor.
2426 4915 2512 4980 16,
2548 4914 2650 4969 boc
2686 4923 2770 4969 est
2793 4914 2907 4968 dies
2942 4911 3052 4968 fere
3084 4913 3139 4967 5.
3173 4912 3451 4967 Accedunt
3490 4912 3847 4966 intercalares

2278 5022 2492 5062 menses
2515 5005 2788 5076 quinque,
2834 5005 3044 5060 dierum
3080 5004 3276 5073 singuli
3311 5003 3401 5070 29,
3456 5006 3576 5058 hor.
3635 5002 3726 5056 t2.
3782 5003 3847 5056 lii

2277 5100 2390 5152 dies
2419 5098 2541 5164 H7,
2566 5113 2689 5153 cum
2717 5097 2868 5152 horis
2898 5096 2966 5150 12
2987 5096 3301 5152 coniiciunt.
3340 5094 3422 5150 Ex
3453 5095 3653 5164 quibus
3695 5111 3848 5149 sum-

2281 5183 2370 5244 ma
2417 5190 2682 5246 conﬂatur
2717 5191 2924 5244 dierum
2965 5190 3125 5255 5105,
3179 5189 3300 5244 hor.
3356 5187 3442 5242 12.
3474 5184 3760 5242 Postremo
3801 5186 3850 5242 si

2284 5283 2383 5336 “‘2
2409 5283 2527 5337 illas
2551 5287 2710 5336 horas
2740 5280 2986 5350 adjicias,
3019 5281 3134 5335 sive
3164 5281 3282 5335 dies
3309 5280 3364 5344 4,
3397 5280 3519 5333 hor.
3565 5276 3661 5342 16,
3697 5277 3832 5332 colli

2279 5384 2477 5443 guntur
2499 5373 2614 5428 dies
2645 5371 2804 5438 5108,
2837 5371 2957 5426 hor.
2987 5378 3042 5427 4.
3089 5369 3132 5424 E
3151 5370 3351 5440 quibus
3378 5370 3447 5426 15
3480 5367 3714 5424 Iulianis
3743 5383 3850 5421 διι-

2279 5467 2365 5519 nis
2395 5464 2661 5524 deductis.
2690 5463 2783 5532 qui
2833 5473 2960 5518 sunt
3000 5463 3117 5518 dies
3144 5461 3304 5528 4748,
3341 5461 3462 5516 hor.
3515 5459 3584 5525 6,
3647 5474 3848 5528 super-

2278 5564 2438 5610 erunt
2460 5554 2585 5621 359,
2617 5555 2737 5610 hor.
2765 5556 2854 5620 2‘2,
2881 5556 2994 5611 sive
3027 5554 3131 5610 360
3162 5555 3296 5619 dies,
3332 5569 3442 5608 una
3475 5553 3606 5606 hora
3636 5551 3850 5607 minus.

2280 5645 2437 5712 Quod
2481 5646 2528 5700 si
2584 5645 2809 5714 prazcise
2862 5644 2981 5700 dies
3009 5644 3062 5698 in
3109 5645 3266 5698 annis
3309 5659 3394 5697 xw
3429 5640 3849 5702 intercalentur,

2281 5735 2515 5808 primum
2557 5732 2706 5805 quod
2752 5735 2828 5789 ait
2875 5732 3228 5805 Epiphanius,
3258 5732 3416 5789 tertio
3445 5744 3664 5803 quoque
3696 5740 3849 5783 anno
