4118 6402
289 365 404 425 961

1191 365 1282 420 DE
1316 365 1504 422 ANNO
1541 363 1630 421 ET
1671 361 1782 417 DIE
1818 358 2178 417 DOMINICE
2218 359 2592 416 PASSIONIS.

3399 397 3401 400 ‹
3427 363 3532 420 962

290 483 447 534 diem
497 479 680 550 adjici,
713 481 765 536 id
796 482 864 537 de
896 482 1088 548 primis
1138 499 1213 537 xu
1261 487 1419 538 annis
1465 482 1870 553 intelligendum
1898 483 1945 539 Α
1974 480 2292 550 probantur.
2321 479 2562 534 Primum
2593 479 2733 534 enim
2751 495 2872 535 cum
2891 479 3225 551 Epiphanius
3239 481 3401 547 dicat,
3431 481 3530 537 Ju-

288 574 409 627 erit
445 591 458 626 :
495 581 552 627 at
572 573 784 628 decimo
830 575 1012 639 tertio,
1050 584 1105 629 et
1153 586 1348 645 quarto
1398 575 1557 630 annis
1585 576 1701 630 dies
1730 587 1872 626 unus

288 673 614 734 competet;
648 665 722 720 ita
751 667 957 721 utanni
984 683 1072 721 xiv
1105 668 1223 722 dies
1254 667 1504 723 auferant
1538 667 1712 731 5108,
1748 665 1869 721 hor.

292 755 395 822 12,
421 771 454 812 e
489 757 687 828 quibus
715 759 910 814 ablatis
938 761 1096 814 annis
1134 774 1255 824 xm,
1287 760 1567 813 restabunt
1591 756 1716 821 560,
1748 757 1869 811 hor.

291 844 352 899 6.
401 844 596 902 Verum
628 848 884 916 quoniam
917 848 1108 904 ultimo
1129 849 1222 902 illo
1254 864 1398 904 anno
1424 849 1571 903 horae
1602 848 1724 902 dua:
1750 848 1874 902 sub-

295 939 448 993 trahi
501 940 716 1006 debent,
778 940 1291 996 tessaradecaeteris
1361 941 1554 996 diebus
1602 939 1872 995 constabit

297 1030 470 1094 5108,
508 1032 633 1085 hor.”
671 1032 758 1097 10,
797 1032 863 1088 de
908 1033 1108 1103 quibus
1131 1033 1359 1088 detracti
1386 1032 1513 1086 anni
1561 1048 1683 1096 xm,
1713 1031 1872 1086 relin-

298 1132 481 1191 quunt
521 1122 636 1178 dies
660 1123 784 1189 560,
837 1124 958 1178 hor.
984 1123 1037 1176 4.
1077 1121 1197 1177 Jam
1240 1139 1370 1177 vero
1411 1123 1540 1176 anni
1570 1120 1772 1176 Juliani
1802 1121 1872 1176 14

297 1215 424 1269 dies
455 1215 654 1269 habent
681 1215 837 1278 5115,
865 1217 983 1271 hor.
1020 1216 1104 1269 12.
1133 1215 1174 1268 E
1198 1216 1398 1285 quibus
1417 1216 1674 1271 detractis
1705 1214 1866 1280 5108,

300 1305 396 1366 10,
430 1305 623 1375 reliqui
656 1314 784 1360 sunt
811 1307 927 1361 dies
961 1307 1014 1372 5,
1052 1307 1106 1361 2.
1141 1305 1246 1361 Sed
1277 1307 1472 1361 ablatis
1497 1307 1710 1361 duabus
1759 1306 1869 1360 illis

297 1394 476 1460 horis,
515 1396 808 1452 discrimen
856 1397 1437 1453 tessaradecaeteridos
1467 1397 1678 1451 lunaris
1708 1405 1762 1452 et
1784 1411 1871 1452 so-

296 1487 545 1547 laris'est
574 1489 782 1543 dierum
801 1489 1061 1558 quinque,
1093 1489 1188 1558 qui
1214 1504 1245 1543 e
1275 1487 1438 1558 cyclis
1476 1488 1625 1542 senis
1658 1488 1866 1552 collecti

296 1588 427 1647 post
482 1595 680 1634 Lxxxlv
721 1596 894 1644 annos
931 1581 1049 1636 dies
1104 1580 1420 1650 relinquunt
1464 1580 1554 1647 50,
1587 1581 1680 1650 qui
1714 1581 1868 1635 initio

297 1671 432 1725 anni
462 1671 531 1726 85
557 1672 965 1729 intercalantur.
1020 1673 1203 1740 Quare
1231 1675 1735 1731 tessaradecacteris
1764 1675 1865 1730 Ju-

298 1765 447 1818 liana
502 1765 692 1819 diebus
741 1775 954 1822 constat
999 1766 1162 1833 5115,
1216 1767 1336 1822 hor.
1373 1766 1462 1831 10,
1497 1769 1707 1825 lunaris
1737 1784 1866 1824 vero

298 1855 473 1918 5108,
531 1855 615 1910 10.
675 1856 806 1924 Quae
852 1859 908 1913 in
965 1861 1109 1914 civili
1163 1875 1266 1915 usu
1329 1861 1402 1916 ita
1433 1852 1862 1931 dispensantur:

297 1950 481 2019 prima
509 1951 1015 2007 tessaradecaeteris
1043 1953 1161 2007 dies
1191 1952 1352 2006 habet
1393 1951 1551 2018 5109,
1587 1961 1642 2008 et
1684 1953 1752 2008 de
1778 1967 1871 2023 po-

301 2039 521 2094 steriori
544 2040 956 2107 quatuordecim
993 2040 1157 2094 horas
1178 2039 1420 2110 decerpit
1451 2058 1466 2106 ;
1491 2042 1732 2096 secunda
1754 2041 1871 2095 dies

299 2129 515 2183 obtinet
554 2129 712 2193 5108,
747 2130 984 2198 reliquas
1010 2144 1138 2184 vero
1199 2130 1265 2183 10
1318 2130 1482 2186 horas
1511 2131 1577 2186 ad
1610 2146 1870 2201 compen-

301 2220 505 2276 sandas
560 2221 768 2290 priores
823 2221 888 2275 14
916 2231 1138 2290 erogat:
1194 2229 1400 2276 restant
1436 2222 1587 2276 horae
1637 2221 1867 2294 4;quas

301 2321 427 2380 post
449 2327 508 2365 ιιι
535 2313 745 2388 cyclum
773 2327 1014 2382 repensa:
1044 2329 1096 2366 vr
1132 2313 1296 2369 horas
1337 2313 1584 2369 residuas
1624 2313 1864 2383 faciunt;

300 2417 532 2476 quartus
561 2409 745 2480 cyclus
792 2409 956 2464 horas
985 2409 1052 2462 16
1079 2411 1318 2480 reliquas
1367 2411 1564 2476 habet;
1614 2413 1800 2483 cyclus
1833 2429 1868 2467 v

299 2498 443 2554 diem
475 2515 642 2554 unum
671 2500 874 2571 adjicit.
908 2501 1005 2557 Est
1027 2501 1169 2556 enim
1201 2503 1411 2557 dierum
1441 2503 1601 2568 5109,
1620 2513 1674 2558 et
1703 2504 1867 2559 horas

299 2593 560 2662 relinquit
599 2594 755 2648 duas.
799 2591 996 2664 Cyclus
1033 2593 1256 2650 demum
1283 2606 1469 2651 sextus
1507 2597 1674 2650 horas
1713 2595 1748 2650 2
1780 2611 1867 2650 re-

299 2683 519 2752 linquit.
559 2682 896 2753 Colliguntur
927 2682 1044 2737 dies
1101 2683 1155 2737 in
1184 2699 1233 2738 vr
1268 2685 1437 2753 cyclis
1494 2685 1690 2748 50650,
1741 2685 1864 2748 hor.

302 2773 390 2827 12.
439 2771 648 2839 Quibus
681 2774 726 2828 si
762 2771 929 2828 addas
968 2772 1082 2827 dies
1109 2773 1198 2837 50,
1231 2774 1324 2843 qui
1352 2789 1418 2829 ex
1449 2774 1482 2829 5
1505 2783 1863 2844 consurgunt,

299 2879 440 2935 quos
470 2864 696 2934 singulae
728 2863 1300 2920 tessaradecaeterides
1353 2867 1558 2922 solares
1587 2882 1752 2937 supra
1777 2867 1864 2921 lu-

301 2971 462 3011 nares
516 2956 796 3026 colligunt,
847 2957 963 3012 dies
1003 2956 1241 3010 confient
1294 2956 1490 3020 50680,
1524 2959 1645 3012 hor.
1680 2958 1767 3013 12.
1797 2959 1867 3013 At

300 3049 427 3102 anni
451 3046 650 3102 Juliani
681 3047 752 3102 84
779 3047 894 3103 dies
927 3049 1202 3117 postulant
1233 3046 1430 3102 50681.
1458 3047 1770 3104 Diﬂ‘erentia
1797 3049 1865 3104 12

303 3139 594 3204 horarum;
650 3154 772 3209 qua:
825 3139 1166 3209 perimuntur
1201 3140 1258 3193 in
1309 3138 1475 3209 cyclis
1527 3154 1603 3202 vr,
1658 3139 1762 3194 hoc
1783 3147 1866 3195 est

300 3231 441 3284 binae
490 3231 544 3283 in
589 3245 914 3300 unaquaque
945 3229 1514 3286 tessaradecaeteride.
1559 3229 1739 3296 Quare
1762 3245 1862 3301 po-

301 3319 727 3389 stremasyzygia
750 3318 940 3388 primae
969 3320 1865 3388 ogdoecontatessaradecaeteridis

299 3409 415 3464 dies
441 3411 668 3480 requirit
695 3411 1066 3466 tantummodo
1089 3409 1181 3475 29,
1233 3411 1354 3464 hor.
1391 3410 1479 3464 12.
1516 3411 1618 3466 Sed
1658 3412 1714 3466 in
1762 3429 1863 3467 usu

301 3501 443 3556 civili
479 3501 713 3557 tricenos
738 3501 936 3567 aufert,
965 3511 1020 3558 et
1047 3503 1114 3558 de
1149 3503 1398 3573 sequenti
1438 3503 1507 3557 12
1546 3504 1711 3560 horas
1742 3520 1864 3558 mu-

300 3595 512 3655 tuatur;
543 3605 574 3644 e
618 3590 815 3658 quibus
858 3591 1043 3645 decem
1074 3590 1129 3644 in
1169 3593 1346 3661 primo
1390 3593 1542 3664 cyclo
1575 3594 1859 3659 restitutis,

300 3682 712 3751 compensandae
742 3691 870 3738 sunt
896 3683 1034 3738 duaa.
1071 3681 1166 3738 His
1193 3684 1247 3738 in
1289 3685 1526 3740 secunda
1556 3687 1862 3742 tessarade-

302 3773 567 3826 caeteride
589 3773 811 3840 perinde
839 3773 1084 3836 redditis,
1111 3773 1400 3842 superﬂua;
1433 3785 1561 3830 sunt
1581 3777 1635 3832 8.
1668 3775 1726 3830 1η
1749 3785 1861 3832 ter-

307 3862 377 3916 tia
429 3863 976 3920 tessaradecaeteride
1031 3867 1254 3936 reliquas
1307 3865 1446 3922 ﬁunt
1482 3867 1630 3922 horae
1679 3866 1766 3922 18.
1803 3866 1861 3922 In

303 3961 494 4022 quarta
515 3954 696 4008 addito
733 3956 820 4010 die
846 3957 1039 4021 solido,
1070 3965 1278 4012 restant
1299 3957 1420 4012 hor.
1452 3956 1510 4013 4.
1535 3956 1664 4014 Post
1701 3959 1864 4029 quin-

305 4053 410 4098 tam
467 4045 1066 4101 tessaradecaeteridem
1114 4048 1181 4102 14
1231 4049 1380 4104 horae
1434 4060 1745 4119 supersunt.
1799 4052 1861 4106 In

305 4145 451 4191 sexta
492 4137 606 4192 dies
653 4152 792 4192 unus
835 4139 1108 4193 eximitur.
1136 4138 1480 4212 Colliguntur
1509 4141 1628 4197 dies
1656 4143 1856 4198 50650.

1972 577 2117 632 datos
2139 576 2208 643 de
2225 576 2359 631 solis
2384 591 2569 638 cursu,
2607 575 2710 629 hoc
2735 585 2816 630 est
2835 575 2938 630 565
2967 567 3006 640 ί-
3032 575 3218 629 horam
3250 577 3531 646 decedere,

1972 671 2087 724 sive
2126 668 2505 724 duodecimam
2528 666 2622 720 τοῦ
2652 667 2988 738 νυχθημέρου
3021 676 3250 737 partem,
3279 669 3422 735 quod
3456 668 3530 722 ita

1971 761 2235 830 Keplerus
2279 759 2496 828 accipit,
2548 766 2608 812 ut
2654 758 2867 812 decimo
2897 767 3093 826 quarto
3121 772 3338 827 quoque
3383 773 3530 812 anno

1970 851 2118 906 horae
2141 851 2244 904 illae
2272 849 2393 904 duae
2416 849 2820 912 subtrahantur,
2845 847 2986 902 idem
3019 855 3073 900 et
3094 846 3150 900 in
3177 847 3352 901 lunari
3383 863 3527 901 anno

1971 942 2287 1014 imprudens
2324 940 2456 996 facit
2488 958 2501 993 :
2553 942 2696 1010 quod
2727 954 2904 1010 neque
2928 953 3112 992 verum
3137 949 3238 1005 est,
3271 955 3371 994 nec
3396 938 3522 1008 Epi—

1971 1031 2199 1102 phanius
2219 1031 2504 1100 significat.
2539 1029 2672 1083 Nam
2698 1044 2822 1083 cum
2854 1044 2942 1082 xrv
2973 1029 3101 1082 anni
3138 1029 3355 1084 lunares
3388 1029 3529 1083 duo-

1969 1127 2144 1182 decim
2181 1126 2344 1181 horas
2374 1139 2536 1194 supra
2567 1123 2706 1178 5108
2749 1123 2866 1179 dies
2911 1123 3214 1194 colligant,
3267 1122 3531 1194 Keplerus

1967 1219 2155 1274 decem
2208 1225 2414 1270 tantum
2467 1217 2629 1270 horas
2677 1215 2942 1280 attribuit,
2996 1221 3274 1284 pr0pterea
3306 1213 3449 1284 quod
3499 1228 3532 1266 e

1967 1307 2106 1365 5108
2135 1307 2347 1370 diebus,
2378 1307 2634 1374 horisque
2661 1305 2747 1371 12,
2787 1303 3045 1358 tredecim
3091 1305 3250 1359 annis
3296 1301 3532 1359 Julianis

1966 1399 2246 1464 detractis,
2271 1413 2396 1453 cum
2419 1397 2616 1452 residui
2648 1396 2756 1452 sint
2781 1395 2898 1450 dies
2929 1395 2982 1462 5,
3015 1395 3162 1450 horae
3183 1395 3238 1460 2,
3257 1395 3357 1451 has
3381 1395 3532 1465 ipsas

1969 1492 2130 1546 horas
2157 1491 2292 1545 duas
2320 1488 2529 1543 eximit.
2578 1486 2755 1553 Quare
2801 1495 2909 1540 tam
2968 1485 3024 1540 in
3080 1485 3256 1540 lunari
3292 1495 3530 1540 tessara-

1965 1581 2322 1646 decaeteride,
2359 1593 2518 1650 quam
2551 1577 2604 1632 in
2630 1575 2867 1644 Juliana,
2901 1576 3066 1632 horas
3108 1578 3344 1632 detrahit
3370 1577 3529 1642 duas,

1966 1672 2209 1740 adeoque
2236 1680 2361 1742 post
2391 1668 2493 1724 168
2519 1683 2692 1722 annos
2742 1665 3031 1736 utrobique
3061 1666 3178 1720 dies
3204 1681 3347 1720 unus
3382 1665 3530 1736 peri-

1970 1764 2164 1817 mitur:
2193 1759 2416 1832 quodin
2449 1775 2591 1814 anno
2623 1756 2804 1812 lunari
2828 1771 3056 1827 prorsus
3084 1766 3167 1811 est
3199 1757 3526 1813 inauditum.

1966 1856 2230 1922 Alterum,
2259 1853 2404 1925 quod
2426 1851 2784 1922 Epiphanium
2809 1850 3091 1920 scripsisse
3113 1859 3282 1919 putat,
3308 1851 3385 1916 τξ¹
3403 1850 3529 1921 ἡμέ-

1971 1965 2089 2020 ραι,
2119 1945 2270 2018 παρὰ
2313 1945 2460 2016 ὥρας
2501 1944 2614 2006 δύο,
2659 1957 2760 2012 pro
2805 1940 2911 2004 τξε¹
2942 1939 3146 2012 ἡμέραι
3185 1939 3335 2011 παρὰ
3380 1937 3530 2010 ὥραν

1971 2040 2100 2110 μίαν
2127 2080 2140 2106 ,
2187 2040 2293 2093 hoc
2345 2045 2429 2091 est
2475 2035 2641 2090 horas
2685 2033 2719 2087 4
2753 2047 2914 2103 supra
2943 2032 3058 2087 dies
3087 2030 3189 2085 560
3229 2046 3529 2101 superesse.

1967 2129 2101 2185 Nam
2125 2131 2179 2184 in
2211 2130 2420 2184 dierum
2452 2140 2680 2180 numero
2713 2133 2858 2178 recte
2887 2122 3190 2192 quinariam
3237 2131 3419 2176 notam
3450 2121 3528 2175 in-

1967 2221 2264 2277 ducendam
2294 2217 2527 2274 censuit:
2553 2217 2643 2271 sed
2677 2224 2736 2269 ut
2764 2214 2913 2287 παρά
2966 2213 3106 2267 idem
3133 2211 3203 2267 sit
3231 2228 3296 2267 ac
3318 2223 3529 2282 prater,

1967 2312 2218 2369 assentiri
2244 2327 2348 2365 non
2373 2324 2614 2380 possum,
2645 2307 2772 2376 quia
2799 2305 3065 2360 defectum
3097 2303 3273 2373 potius
3299 2303 3351 2356 in
3378 2302 3530 2370 ejus-

1966 2403 2111 2460 modi
2164 2400 2564 2458 constructione
2614 2397 2882 2466 signiticat
2913 2412 2926 2446 :
2961 2404 3152 2462 estque
3188 2391 3340 2464 παρὰ
3381 2391 3530 2464 ὥραν

1969 2493 2119 2564 μίαν,
2171 2506 2279 2544 una
2322 2489 2451 2541 hora
2481 2487 2672 2540 minus.
2721 2483 2876 2548 Quod
2911 2492 2964 2537 et
3001 2480 3228 2537 subinde
3272 2480 3530 2550 Keplerus

1965 2586 2240 2659 agnoscit;
2261 2593 2314 2639 et
2345 2584 2579 2654 priorem
2612 2581 2760 2635 illam
2792 2579 3054 2632 rationem
3093 2577 3234 2632 haud
3256 2578 3385 2632 satis
3415 2576 3531 2648 pla-

1964 2694 2088 2735 cere
2110 2677 2213 2732 sibi
2241 2675 2454 2730 fatetur.
2485 2673 2656 2740 Igitur
2685 2671 2972 2740 diligenter
3000 2669 3279 2724 subductis
3322 2685 3385 2724 ac
3411 2679 3525 2722 ten-

1966 2768 2096 2824 tatis
2134 2765 2410 2828 omnibus,
2456 2763 2656 2832 quibus
2698 2759 3070 2814 diﬂicillimum
3122 2758 3265 2812 hunc
3315 2758 3527 2829 cyclnm

1965 2869 2204 2917 tractare
2247 2867 2408 2925 atque
2431 2855 2703 2910 illustrare
2760 2867 3064 2922 possemus,
3114 2850 3311 2920 duplici
3348 2851 3397 2904 id
3429 2867 3518 2904 ra-

1965 2954 2112 3009 tione
2141 2947 2500 3021 perfecimus;
2525 2959 2754 3013 quarum
2783 2942 3116 3006 alterutram,
3149 2941 3250 2995 nisi
3272 2940 3528 3008 fallimur,

1965 3058 2122 3116 aequo
2146 3050 2308 3111 atque
2347 3037 2561 3092 erudito
2601 3033 2785 3088 lectori
2812 3033 3185 3102 probabimus.

2035 3227 2218 3283 Prima
2244 3233 2424 3276 autem
2450 3226 2529 3272 est
2559 3215 2826 3286 ejusmodi
2858 3232 2872 3269 :
2912 3212 3079 3268 Judaei
3113 3213 3320 3284 cyclum
3373 3229 3526 3268 usur-

1965 3321 2168 3392 pabant
2210 3315 2511 3385 duplicem,
2563 3308 2857 3380 majorem,
2917 3321 2980 3361 ac
3033 3306 3346 3360 minorem:
3387 3305 3529 3359 hunc

1965 3429 2076 3477 xw,
2112 3410 2265 3465 illum
2299 3418 2500 3459 Lxxxiv
2525 3414 2816 3455 annorum.
2850 3396 3115 3450 Lnnarem
3145 3410 3345 3449 annum
3370 3394 3528 3448 iidem

1963 3501 2192 3573 praecise
2223 3496 2435 3552 dierum
2462 3491 2588 3553 554,
2617 3489 2876 3542 horarum
2926 3487 2959 3542 8
2992 3487 3413 3542 constituebant.
3454 3487 3529 3540 lla

1963 3593 2019 3646 in
2044 3583 2593 3646 tessaradecaeteride
2615 3581 2732 3636 dies
2771 3587 2927 3634 erant
2956 3577 3116 3638 5108.
3145 3579 3292 3633 horae
3305 3579 3360 3634 4.
3390 3577 3527 3631 Anni

1964 3683 2187 3736 lunares
2218 3692 2309 3732 xiv
2334 3673 2609 3743 simplices
2652 3671 2769 3726 dies
2794 3669 3051 3740 colligunt
3086 3669 3248 3735 4956,
3279 3670 3526 3740 syzygias

1964 3772 2088 3838 168,
2114 3768 2338 3825 alternis
2361 3766 2569 3836 plenas,
2598 3772 2652 3816 et
2681 3776 2862 3824 cavas,
2891 3761 2991 3814 hoc
3028 3769 3107 3815 est
3137 3760 3206 3815 84
3235 3760 3418 3830 plenas
3450 3767 3526 3813 to-

1964 3862 2238 3931 tidemque
2295 3871 2477 3913 cavas.
2541 3853 2815 3908 Accedunt
2877 3851 3229 3906 embolimaxe
3302 3853 3528 3922 syzygia'.

1961 3954 2132 4024 plena:
2156 3967 2209 4016 v,
2245 3949 2360 4004 sive
2384 3947 2500 4001 dies
2531 3943 2653 4000 150.
2685 3941 2849 3995 Fiunt
2879 3942 2933 3995 in
2968 3940 3524 3995 tessaradecaeteride

1961 4047 2080 4101 dies
2115 4040 2273 4103 5106,
2312 4037 2544 4110 syzygiae
2571 4036 2742 4106 plenae
2785 4033 2873 4098 89,
2902 4047 3048 4086 cavae
3077 4032 3182 4097 84;
3224 4039 3519 4098 supersunt

1962 4134 2079 4190 dies
2105 4133 2161 4197 2,
2194 4133 2343 4186 horae
2371 4129 2424 4184 4.
2462 4123 2766 4182 Reservatis
2808 4123 2958 4178 horis
2983 4123 3038 4177 in
3065 4122 3227 4176 linem
3250 4122 3384 4193 cycli
3421 4136 3524 4175 ma-

304 4229 539 4298 Adjectis
588 4229 777 4284 diebus
803 4230 892 4292 so,
944 4229 1081 4283 ﬁunt
1112 4230 1306 4284 50680.
1357 4230 1533 4298 Quare
1561 4234 1720 4289 annis
1759 4233 1862 4289 168
1957 4226 2139 4297 joris,
2190 4223 2460 4293 reliquum
2505 4217 2732 4274 biduum
2782 4216 2850 4271 ad
2895 4215 3030 4270 duas
3075 4230 3237 4270 cavas
3283 4215 3526 4286 syzygias

274 4320 418 4375 .dies
463 4335 606 4375 unus
657 4319 932 4374 eximitur.
964 4317 1077 4375 Hoc
1129 4322 1273 4376 enim
1328 4333 1601 4392 spectasse
1641 4322 1861 4382 Iudaeos

307 4410 561 4480 Keplerus
592 4411 891 4476 existimat,
929 4419 990 4466 ut
1017 4412 1159 4482 quod
1183 4427 1384 4468 annum
1423 4414 1703 4470 Iulianum
1750 4418 1860 4473 sci-

1962 4317 2278 4388 adjunctum
2309 4314 2540 4368 totidem
2571 4325 2600 4364 e
2627 4323 2884 4364 cavarum
2909 4323 3138 4362 numero
3171 4309 3426 4364 detrahit.
3455 4309 3525 4364 Ita

1963 4413 2099 4467 ﬁunt
2122 4410 2186 4465 91
2223 4409 2412 4480 plenae,
2465 4421 2610 4462 cavae
2638 4404 2708 4458 82
2737 4404 2791 4458 in
2815 4411 2923 4456 tota
2957 4400 3524 4464 tessaradecaeteride,

307 4512 423 4558 rent
448 4504 653 4572 tropico
683 4503 945 4573 majorem
979 4517 1120 4568 esse,
1155 4519 1331 4574 neque
1357 4507 1426 4560 de
1465 4507 1656 4577 tropici
1687 4523 1860 4578 quan-
1891 4509 1935 4564 D
1963 4503 2082 4558 dies
2132 4499 2293 4555 5108.
2328 4497 2484 4565 Quod
2517 4497 2564 4552 si
2592 4494 2716 4566 quis
2762 4492 3081 4548 emboliinos
3113 4506 3324 4546 menses
3350 4504 3383 4543 v
3417 4490 3524 4544 sin-

309 4595 454 4650 titate
485 4602 779 4657 constaret,
812 4597 867 4648 in
896 4595 1055 4650 annis
1098 4595 1198 4649 168
1226 4596 1370 4650 diem
1404 4613 1572 4652 unum
1614 4599 1862 4655 detrahe-

188 4678 191 4681 ’
308 4697 452 4755 rent;
480 4688 572 4759 qui
623 4697 750 4743 sunt
774 4689 910 4759 cycli
944 4689 1184 4744 minores
1220 4705 1318 4753 xu,
1363 4691 1600 4761 majores
1629 4709 1687 4747 ιι.
1726 4692 1860 4749 Nam

312 4781 403 4835 168
429 4779 628 4835 Juliani
651 4782 764 4837 dies
795 4781 1286 4850 postulant61562.
1322 4784 1390 4838 At
1428 4785 1563 4852 cycli
1599 4787 1708 4841 duo
1743 4803 1861 4842 ma-

306 4874 444 4942 jores
473 4882 526 4927 et
554 4873 656 4927 168
706 4874 833 4927 anni
881 4873 1094 4943 tr0pici,
1145 4875 1259 4929 dies
1287 4874 1484 4932 61561.
1532 4880 1612 4932 Ita
1643 4879 1860 4948 quidem

307 4962 470 5018 Judaei
503 4972 624 5027 post
661 4979 832 5018 annos
862 4961 931 5016 84
981 4963 1164 5017 lunam
1195 4979 1319 5019 cum
1350 4965 1468 5020 sole
1501 4965 1655 5035 paria
1683 4964 1863 5021 facere

309 5055 402 5110 sibi
430 5063 830 5123 persuaserant.
863 5052 968 5108 Sed
1000 5069 1106 5107 non
1132 5054 1205 5108 ita
1228 5061 1330 5108 est.
1358 5055 1493 5109 Nam
1523 5053 1592 5110 84
1613 5055 1741 5109 anni
1779 5055 1863 5108 lu-

312 5161 482 5209 nares,
515 5145 619 5198 boc
649 5153 734 5199 est
764 5144 898 5214 cycli
931 5143 1455 5200 decemnovennales
1487 5145 1522 5200 4
1552 5160 1675 5200 cum
1711 5156 1862 5200 octa-

309 5235 501 5290 eteride
532 5235 647 5288 dies
673 5236 892 5304 exigunt
924 5233 1120 5297 50682,
1158 5235 1278 5289 hor.
1311 5234 1365 5299 6,
1389 5235 1470 5288 51'
1497 5234 1626 5291 fere.
1661 5235 1864 5290 Discri-

309 5345 424 5383 men
481 5345 513 5383 a
543 5327 772 5382 Julianis
824 5328 985 5382 annis
1034 5327 1102 5381 81
1138 5335 1220 5382 est
1263 5326 1369 5381 diei
1413 5327 1467 5391 1,
1510 5327 1631 5380 hor.
1666 5325 1720 5390 6,
1754 5325 1859 5381 51'.

310 5419 478 5486 Quare
520 5417 682 5474 biduo
711 5417 1096 5487 propemodum
1117 5416 1415 5471 neomeniae
1437 5415 1672 5487 politica:
1720 5415 1864 5469 anti-

308 5507 549 5577 cipantur
581 5508 635 5562 in
669 5508 819 5578 cyclo
846 5504 1090 5560 Judaico.

368 5596 492 5652 Haec
519 5599 830 5653 summatim
857 5596 1151 5666 Keplerus;
1179 5597 1272 5667 qui
1308 5596 1363 5652 in
1391 5594 1579 5651 Graeco
1601 5607 1861 5653 contextu

310 5689 558 5744 nonnulla
597 5697 915 5756 commutat,
945 5704 1066 5760 quae
1105 5689 1268 5758 paulo
1308 5696 1432 5758 post
1457 5689 1859 5744 adnotabimus.

311 5784 459 5853 Atqui
495 5784 604 5838 duo
635 5789 763 5838 sunt
790 5781 845 5837 in
872 5781 992 5854 ejus
1021 5781 1231 5839 ratione
1259 5797 1382 5854 quae
1412 5781 1544 5838 mihi
1583 5795 1689 5836 non
1725 5781 1861 5838 satis

1963 4594 2119 4664 gulos
2169 4591 2384 4646 dierum
2434 4588 2699 4643 duntaxat
2745 4583 2838 4647 29,
2881 4584 3003 4644 hor.
3061 4581 3128 4636 12
3181 4596 3303 4636 esse
3350 4581 3523 4644 malit,

1962 4684 2124 4738 addat
2153 4683 2218 4736 ad
2251 4680 2412 4744 4956,
2449 4679 2564 4734 dies
2592 4677 2713 4741 147,
2767 4677 2885 4730 hor.
2927 4674 3011 4729 12.
3047 4673 3386 4744 Colliguntur
3410 4673 3523 4729 dies

1963 4777 2124 4840 5105,
2164 4777 2285 4830 hor.
2319 4773 2423 4839 12;
2454 4787 2575 4841 quae
2608 4786 2637 4825 e
2669 4768 2824 4834 5108,
2861 4770 2979 4822 hor.
3014 4768 3047 4820 4
3072 4766 3332 4832 detracta,
3364 4765 3522 4820 relin-

1903 4883 1912 4892 '
1962 4875 2140 4938 quunt
2167 4867 2284 4921 dies
2317 4866 2374 4926 4,
2406 4864 2522 4916 hor.
2562 4861 2649 4916 16.
2673 4859 2926 4929 Equihus
2954 4857 3236 4912 duodecim
3267 4858 3413 4911 horas
3434 4859 3521 4911 de-

1962 4960 2158 5019 ductae,
2186 4963 2240 5011 et
2261 4953 2329 5008 ad
2359 4952 2604 5007 ultimam
2637 4948 3010 5003 intercalarem
3041 4945 3336 5016 syzygiam,
3362 4961 3522 5014 quam

1962 5049 2174 5103 dierum
2208 5045 2301 5111 29,
2334 5045 2454 5098 hor.
2490 5042 2557 5096 12
2607 5039 2898 5095 statuimus
2941 5037 3281 5102 accedentes,
3311 5036 3521 5104 plenam

1963 5141 2112 5197 illam
2143 5139 2402 5194 efficiunt.
2433 5134 2569 5189 Tum
2625 5148 2753 5187 vero
2786 5139 3021 5201 quatuor
3067 5131 3140 5182 illi
3171 5129 3286 5183 dies
3318 5144 3348 5182 e
3377 5129 3520 5184 cavis

1965 5235 2205 5307 syzygiis
2235 5232 2456 5288 totidem
2489 5231 2676 5299 plenas
2729 5226 3091 5281 constituunt.
3147 5221 3303 5278 Unde
3353 5224 3521 5294 plenaI

1964 5327 2198 5399 syzygiaz
2225 5322 2527 5378 conflantur
2561 5321 2651 5385 91,
2682 5333 2828 5372 cavae
2857 5317 2946 5380 82,
2985 5323 3044 5369 ut
3088 5323 3268 5369 antea.
3299 5313 3520 5367 Restant

1961 5419 2112 5474 hora:
2137 5417 2193 5470 4.
2216 5414 2480 5470 Caeterum
2503 5413 2628 5468 anni
2644 5409 2843 5465 Juliani
2875 5409 2962 5475 14,
2982 5407 3098 5462 dies
3115 5407 3339 5474 exigunt
3363 5405 3522 5470 5115,

1962 5508 2128 5563 horas
2163 5505 2250 5559 12.
2279 5503 2546 5559 Lunarem
2595 5503 2760 5572 igitur
2794 5496 3396 5554 tessaradecaeteridem
3435 5509 3512 5549 θοι

1963 5597 2096 5652 laris
2123 5604 2343 5664 supcrat
2372 5593 2562 5649 diebus
2595 5592 2648 5656 5,
2679 5592 2799 5645 hor.
2841 5589 2896 5643 8.
2929 5589 3032 5643 Sed
3066 5587 3519 5643 tessaradecaete-

1961 5688 2108 5742 rides
2141 5688 2360 5742 lunares
2408 5701 2484 5749 γι,
2522 5684 2634 5738 sive
2683 5681 2812 5736 anni
2862 5696 3060 5735 Lxxxtv
3089 5680 3206 5733 dies
3257 5677 3518 5747 colligunt

1963 5777 2176 5844 40679,
2207 5778 2414 5834 solares
2449 5790 2578 5830 vero
2609 5773 2852 5840 totidem,
2891 5771 3008 5828 dies
3055 5769 3250 5826 40681.
3289 5769 3518 5825 Biduum
