4118 6402
613 389 721 444 965

1747 383 2084 440 APPENMX
2126 383 2744 445 DISSERTATIONUM.

3793 394 3922 450 961

615 502 748 580 ergo
791 508 942 563 deest
973 496 1718 578 og-loeeonlatessaraeteridi'
1741 509 1916 563 lunari
1938 510 2005 565 ad
2057 511 2190 566 solis
2217 515 2263 571 Α
2295 513 2470 567 tiones
2487 513 2815 584 adaequaret.
2852 513 2928 569 Ex
2955 531 3066 587 quo
3099 516 3230 572 illud
3248 517 3409 572 etiam
3442 527 3706 587 apparet,
3730 521 3925 587 cujus

620 606 862 658 rationes
892 601 1287 671 adipiscendos.

692 693 891 748 Verum
915 694 1056 748 aliud
1071 703 1150 748 est
1166 693 1448 764 τεχνικῶς,
1480 703 1527 747 et
1553 693 1618 747 ad
1639 694 1948 749 methodum
1975 695 2184 765 cyclnm

620 785 961 850 describere;
997 786 1142 838 aliud
1171 786 1235 839 ad
1263 785 1474 839 civilem
1505 797 1719 856 captum
1751 788 2183 841 accommodare.

621 875 1152 932 Tessaradecaeteris
1198 875 1423 931 Iudaica
1475 892 1542 931 ex
1601 879 1872 944 methodo,
1919 886 1973 933 et
2028 894 2188 948 φυσι-

621 970 732 1034 κῶς
760 970 876 1025 dies
908 971 1096 1024 habuit
1134 970 1294 1035 5108,
1343 973 1503 1025 horas
1532 971 1597 1036 4;
1629 969 1843 1025 Juliana
1875 987 2002 1026 vero
2026 971 2185 1036 5113,

621 1063 741 1117 hor.
777 1062 864 1119 12;
884 1063 1186 1131 ῐηιιῇοτιιεεο
1214 1073 1297 1117 est
1325 1064 1412 1117 illa
1443 1064 1636 1118 diebus
1658 1064 1710 1127 5,
1731 1064 1851 1117 hor.
1877 1064 1929 1117 8.
1957 1065 2026 1119 At
2044 1065 2190 1118 πολι-

619 1155 790 1218 τικῶς
807 1155 906 1209 soli
929 1155 1045 1209 dies
1075 1165 1447 1218 numerantur,
1477 1156 1621 1210 hora:
1644 1155 1986 1222 differuntur,
2017 1157 2191 1213 donec

623 1247 856 1302 solidum
885 1246 1028 1300 diem
1055 1247 1347 1316 attigerim.
1377 1246 1645 1312 Quocirca
1673 1247 1825 1316 prior
1851 1248 2036 1318 cyclus
2073 1249 2190 1303 dies

621 1339 834 1392 obtinet
863 1336 1021 1403 5108,
1057 1339 1306 1408 syzygias
1338 1337 1456 1399 1'75,
1490 1352 1720 1406 (nuarum
1756 1339 1926 1407 plenae
1950 1349 2077 1392 sunt
2098 1338 2185 1404 91,

622 1444 768 1481 cava:
797 1428 866 1481 82
894 1443 907 1478 :
953 1444 1076 1498 qum
1105 1427 1348 1490 alternis,
1378 1428 1554 1496 quoad
1592 1429 1704 1481 ﬁeri
1741 1436 1936 1498 potest,
1963 1428 2181 1496 dispen-

624 1527 835 1581 santur,
876 1534 1068 1573 novem
1108 1520 1369 1588 exceptis,
1410 1520 1611 1589 quibus
1633 1520 1805 1588 plena:
1837 1533 2000 1574 cavas
2029 1535 2189 1574 exce-

624 1609 779 1665 dunt.
807 1611 964 1666 Horae
1005 1612 1038 1664 4
1079 1617 1132 1666 in
1177 1614 1312 1682 cycli
1355 1613 1578 1683 majoris
1625 1613 1783 1666 linem
1820 1621 2188 1666 reservantur.

625 1703 836 1758 Rursus
907 1703 1120 1761 Juliana
1167 1706 1676 1762 tessaradecaeteris
1727 1706 1957 1760 civiliter
2000 1705 2191 1759 diebus

623 1808 839 1853 constat
853 1798 915 1854 51
930 1797 1146 1861 15;nam
1160 1797 1302 1850 bone
1321 1787 1782 1865 lﬂrelinquuntnr.
1798 1797 2192 1868 Desuntitaque

2289 617 2454 657 causa
2484 604 2908 674 disputationem
2938 606 3079 662 hanc
3104 608 3335 678 ingressi
3365 611 3924 678 sumus;quemad—

2291 699 2511 752 modum
2545 697 2806 754 Judaicns
2833 701 3016 772 cyclus
3058 704 3370 757 neomenias
3395 703 3670 771 caelestes,
3704 704 3920 758 triduo

2291 791 2372 845 vel
2393 790 2722 859 quatriduo;
2768 793 3093 862 aequinoctia
3131 794 3297 848 biduo
3326 795 3586 864 paulatim
3617 805 3918 851 antever-

2291 891 2387 936 tat.
2417 881 2528 936 Etsi
2561 897 2670 936 non
2701 883 2824 953 plus
2854 885 3001 938 bidui
3031 887 3408 942 antecessione
3469 888 3585 943 ﬁeri
3631 888 3915 944 credidit

2273 972 2659 1044 Epiphanius;
2691 976 2794 1029 hoc
2819 978 3078 1031 estannis
3101 994 3299 1032 Lxxxtv
3322 979 3610 1034 lunaribus
3639 982 3910 1036 totidem

2291 1079 2321 1118 a
2351 1062 2554 1119 Judaeis
2595 1065 2906 1134 assignatas
2952 1066 3104 1129 dies,
3145 1077 3277 1136 quot
3328 1069 3381 1123 in
3432 1070 3592 1125 annis
3631 1069 3912 1126 Iulianis

2291 1158 2506 1222 insunt;
2542 1173 2736 1228 nempe
2766 1159 2932 1213 40681
2970 1177 2981 1212 :
3011 1169 3071 1214 nt
3108 1170 3218 1214 tum
3263 1162 3411 1231 justa
3450 1165 3906 1218 neomeniarum

2290 1249 2733 1312 ἀποκατάστασις
2763 1266 2886 1306 esse
2918 1253 3176 1321 potuerit.
3207 1251 3340 1307 Nam
3362 1269 3426 1308 ex
3458 1255 3606 1309 illius
3629 1256 3749 1310 hoc
3768 1272 3909 1310 ver-

2293 1341 2376 1396 bis
2419 1351 2594 1412 potest
2623 1342 2841 1412 colligi;
2882 1343 3083 1410 quibus
3108 1343 3499 1412 aaquinoctium
3545 1359 3612 1398 ac
3642 1345 3907 1415 plenilu-

2291 1431 2442 1485 nium
2474 1431 2562 1487 die
2588 1431 2764 1486 Martii
2795 1449 2906 1486 xxtt
2948 1433 3242 1502 contigisse
3287 1427 3490 1497 docuit,
3507 1434 3642 1488 feria
3673 1451 3720 1499 1,
3757 1451 3900 1490 cum

2293 1522 2346 1576 in
2371 1523 2568 1578 vitioso
2593 1521 2906 1578 Judazornm
2937 1524 3089 1595 cyclo
3119 1523 3170 1578 id
3197 1524 3457 1578 acciderit
3492 1525 3581 1579 die
3611 1541 3712 1579 xx.
3744 1524 3897 1579 Nam

2293 1629 2386 1669 xlv
2420 1614 2604 1667 lunam
2636 1614 2710 1668 ait
2757 1613 3055 1668 incurrisse
3090 1613 3144 1666 in
3175 1611 3362 1667 feriam
3393 1629 3447 1676 v,
3494 1629 3620 1682 qua:
3666 1629 3902 1668 conve-

2293 1705 2472 1758 niebat
2496 1703 2670 1758 Martii
2693 1720 2804 1757 xix.
2833 1702 3065 1758 Biduum
3087 1704 3254 1773 igitur
3268 1705 3334 1758 ad
3351 1702 3642 1759 Iudaicum
3661 1719 3898 1759 annum

2297 1804 2404 1848 tam
2437 1795 2695 1858 solarem,
2728 1809 2894 1864 quam
2942 1795 3184 1849 lunarem
3221 1794 3393 1850 defuit
3427 1795 3725 1865 Epiphanii
3759 1812 3899 1851 seu-

625 1893 768 1943 lunae
798 1890 863 1943 ad
896 1889 1130 1942 solarem
1182 1897 1386 1941 motuin
1419 1899 1533 1941 dies
1566 1887 1618 1940 5.
1675 1888 1823 1953 Quos
1854 1887 2189 1957 Epiphanius
2225 1873 2262 1927 Β
2293 1892 2458 1946 tentia
2495 1911 2506 1946 :
2541 1892 2686 1961 quod
2711 1901 2768 1946 ιιι
2793 1893 3124 1954 ostenderet,
3173 1903 3338 1947 totam
3374 1893 3517 1946 illam
3541 1893 3612 1948 de
3640 1892 3897 1948 Iudaico

625 1979 681 2034 in
739 1979 1172 2049 octnagesimum
1194 1975 1472 2045 'quarlum
1520 1994 1748 2041 annum,
1779 1980 1890 2033 sive
1919 1979 2052 2049 cycli
2085 1994 2196 2032 ma-

619 2071 761 2140 joris
790 2072 948 2125 linem
981 2078 1289 2124 reservatos
1317 2071 1494 2134 docet,
1521 2080 1579 2123 ut
1603 2079 1714 2124 tum
1746 2071 1960 2124 demum
1984 2071 2191 2126 solidus

623 2164 830 2217 mensis
861 2174 1013 2217 extra
1043 2164 1287 2217 ordinem
1319 2162 1671 2218 intercalatus
1696 2163 1876 2219 fuerit.
1897 2163 2063 2234 Igitur
2089 2167 2190 2220 inv

620 2257 897 2325 prioribus
927 2257 1116 2326 cyclis,
1151 2255 1244 2325 qui
1276 2257 1473 2326 singuli
1506 2257 1620 2312 dies
1664 2257 1865 2312 habent
1912 2258 2072 2324 5108,
2106 2275 2193 2329 sy-

625 2349 790 2420 zygize
816 2358 942 2403 sunt
990 2349 1112 2410 175,
1154 2349 1326 2418 plena:
1380 2349 1469 2411 91,
1511 2364 1655 2403 cava:
1704 2349 1793 2402 82.
1835 2348 2148 2404 Postremus
2174 2390 2188 2414 ,

621 2445 738 2496 sive
775 2453 983 2506 sextus,
1023 2442 1142 2496 dies
1181 2442 1390 2512 colligit
1423 2442 1584 2508 5109,
1622 2443 1807 2497 addito
1838 2459 1968 2508 uno,
2000 2445 2089 2513 qui
2125 2461 2189 2498 ex

623 2535 776 2590 horis
806 2535 839 2588 4
867 2536 1260 2604 appendicibus
1289 2535 1583 2590 conﬂatur.
1633 2536 1846 2589 Accidit
1869 2538 2057 2590 deinde
2080 2538 2191 2607 ple-

621 2643 724 2682 nus
753 2642 820 2682 ex
847 2627 1038 2682 diebus
1076 2627 1110 2682 5
1161 2627 1402 2689 mensis,
1459 2628 1553 2696 qui
1604 2627 1834 2698 singulis
1886 2630 2190 2684 tessarade-

619 2720 985 2776 caeteridibns
1037 2720 1210 2775 relicti
1256 2729 1402 2776 sunt.
1451 2722 1528 2775 ita
1575 2723 1808 2792 syzygiis
1841 2731 2056 2775 constat
2104 2722 2192 2777 hic

618 2815 803 2886 cyclns
834 2815 1056 2872 ultimus
1085 2813 1208 2880 174,
1227 2814 1400 2883 plenis
1423 2813 1513 2879 95,
1545 2813 1697 2868 cavis
1724 2814 1811 2867 81.
1851 2813 2194 2884 Colligontur

619 2905 852 2976 syzygiae
903 2905 958 2958 in
1004 2903 1076 2958 84
1122 2905 1302 2968 annis,
1355 2903 1532 2969 1059;
1588 2918 1820 2973 quarum
1848 2904 2020 2973 plena:
2064 2916 2191 2960 sunt

620 2997 747 3064 548,
788 3011 934 3051 cavae
967 2995 1062 3050 491
1091 3014 1106 3063 ;
1148 2995 1447 3051 differentia
1502 2997 1807 3066 plenarum,
1831 3006 1884 3050 et
1911 3009 2189 3063 cavarutn,

617 3088 707 3142 45.
756 3086 880 3142 Dies
928 3101 1092 3157 porro
1123 3096 1251 3143 sunt
1277 3085 1474 3140 40679.
1505 3087 1586 3140 Ad
1614 3087 1760 3141 hunc
1793 3087 2018 3141 modum
2043 3088 2190 3142 ordi-

551 3193 556 3200 ·
617 3181 737 3236 nari
768 3190 1021 3251 poterunt
1053 3182 1293 3235 minores
1320 3180 1411 3236 isti
1446 3181 1604 3250 cycli.
1663 3178 1862 3235 Verum
1889 3181 1933 3235 si
1963 3180 2186 3235 alternis

617 3275 901 3345 plenorum
939 3287 1308 3342 cavorumque
1346 3273 1618 3328 mensium
1671 3283 2027 3343 propagatam
2057 3289 2185 3328 suc-

617 3371 921 3426 cessionem
955 3370 1209 3430 velimus,
1235 3367 1530 3421 bellissime
1561 3367 1613 3421 id
1633 3366 1748 3420 lieri
1775 3367 1985 3435 potuit:
2010 3381 2186 3434 quan-

615 3463 908 3532 doquidem
959 3463 1076 3517 dies
1124 3460 1300 3515 40679
1346 3477 1441 3530 per
1483 3459 1551 3513 59
1583 3460 1739 3515 divisi
1775 3459 1907 3514 dant
1935 3461 2184 3530 syzygias

616 3557 802 3626 plenas
824 3556 951 3618 520,
977 3570 1138 3610 cavas
1171 3555 1295 3618 519,
1325 3565 1378 3608 et
1401 3553 1471 3606 28
1492 3553 1608 3608 dies
1631 3553 1892 3622 reliquos,
1916 3553 2008 3622 qui
2035 3563 2091 3606 ut
2117 3551 2184 3605 ad

612 3647 816 3718 justam
876 3646 1150 3716 syzygiam
1199 3646 1540 3713 perveniant,
1601 3658 1744 3698 unus
1794 3643 1912 3698 dies
1962 3659 1992 3697 e
2028 3643 2184 3712 plena

615 3737 870 3808 quapiam
903 3735 1112 3789 detrahi
1148 3744 1354 3805 potest;
1387 3749 1497 3804 quo
1537 3735 1649 3789 sint
1673 3735 1840 3804 plena:
1870 3733 1994 3797 519,
2031 3748 2180 3789 cavae

619 3833 742 3888 521.
776 3829 890 3885 Hoc
916 3829 962 3884 si
986 3827 1158 3883 Judtei
1188 3837 1301 3882 tum
1335 3826 1691 3892 instituerint,
1731 3827 2185 3881 tessaradecaete—

615 3933 788 3987 ridem
841 3930 909 3984 ad
944 3927 1254 3984 tnethodum
1306 3927 1573 3980 duntaxat
1629 3932 2000 3994 usurparunt;
2057 3940 2183 3978 cum

614 4023 849 4079 civiliter
898 4035 1108 4076 menses
1158 4018 1386 4073 alternis
1417 4016 1486 4071 50
1519 4025 1573 4070 et
1600 4015 1670 4070 29
1704 4017 1818 4070 dies
1856 4015 2182 4070 obtinerent.

614 4116 827 4171 Atenim
862 4113 1011 4168 orbis
1064 4113 1151 4166 hic
1182 4124 1447 4164 annorum
1507 4124 1708 4162 Lxxxw
1758 4109 1910 4162 abest
1952 4122 1982 4161 a
2019 4105 2184 4162 solari

617 4207 901 4263 ratiocinio
925 4207 1091 4261 biduo
1112 4205 1350 4271 integro;
1382 4218 1412 4257 a
1444 4203 1622 4256 lunari
1655 4216 1784 4256 vero
1819 4202 1942 4270 plus
1981 4201 2179 4254 triduo.

616 4301 749 4355 Nam
771 4298 973 4354 Juliani
996 4297 1065 4352 84
1093 4297 1251 4351 annis
1271 4297 1387 4351 dies
1416 4295 1712 4350 conﬁciunt
1731 4293 1935 4358 40681;
1965 4293 2184 4346 lunares

615 4408 744 4449 vero
773 4392 1073 4449 secundum
1107 4389 1317 4444 medios
1344 4401 1526 4442 m0tus
1554 4386 1747 4447 40682,
1799 4385 1922 4439 hor.
1976 4384 2029 4447 6,
2077 4383 2178 4437 51’.

616 4484 824 4542 Desunt
899 4484 1082 4553 itaque
1151 4477 1891 4552 ogdoecontatessaraeteridi
1945 4475 2182 4531 Judaicas

616 4579 736 4635 dies
791 4579 846 4641 5,
883 4580 999 4632 hor.
1031 4577 1084 4630 7.
1123 4575 1265 4629 Sane
1295 4572 1498 4628 Iudaeis
1533 4572 1586 4625 in
1623 4571 1727 4626 hoc
1758 4585 2024 4624 annorum
2075 4569 2182 4623 cir-
2213 4589 2257 4644 ι)

615 4669 763 4724 cuitu
811 4681 938 4722 cum
971 4664 1246 4719 lunarium
1286 4661 1692 4716 neomeniarmn
1743 4659 2182 4712 ἀποκατάστασιν

618 4761 766 4827 tleri;
799 4769 912 4813 tum
946 4757 1114 4813 solem
1141 4771 1264 4811 cum
1294 4755 1422 4808 luna
1447 4753 1598 4823 paria
1632 4752 1828 4814 facere,
1861 4764 2183 4821 persuasum

615 4867 736 4906 esse
763 4850 1022 4919 oportuit.
1048 4844 1485 4916 Alioquinullam
1513 4845 1646 4915 cycli
1675 4843 1838 4913 hujus
1869 4840 2184 4898 instituendi

616 4957 840 4999 causam
867 4939 1203 4995 habuissent.
1229 4936 1410 5004 Quare
1443 4943 1549 4990 tam
1571 4935 1624 4989 in
1652 4935 1849 4990 solaris
1869 4934 1996 4988 anni
2019 4948 2182 5002 quam

618 5033 828 5090 lunaris
855 5030 1020 5086 modo
1069 5026 1374 5083 deﬁniendo
1427 5026 1715 5080 aberrasse
1751 5038 1976 5080 necesse
2003 5032 2087 5077 est
2117 5022 2185 5076 ab

618 5128 906 5194 utriusque
960 5119 1300 5184 rationibus;
1359 5125 1413 5172 et
1451 5117 1696 5171 lunarem
1724 5115 1941 5184 quidem
1971 5113 2183 5168 dierum

615 5217 743 5278 554.
774 5217 1033 5270 horarum
1064 5211 1098 5265 8
1130 5210 1356 5280 praecise
1376 5207 1757 5272 constituisse;
1794 5205 2024 5260 solarem
2055 5217 2187 5258 vero

617 5308 744 5373 565,
785 5307 907 5360 hor.
936 5303 990 5366 5,
1023 5288 1293 5367 minus-R-
1331 5300 1445 5356 sive
1469 5287 1522 5370 ζ,
1557 5313 1751 5367 nempe
1804 5298 2011 5350 dierum
2055 5295 2182 5361 565,

617 5405 735 5458 hor.
773 5399 826 5465 5,
847 5399 930 5454 54'
947 5393 984 5467 ᾇ
1001 5399 1106 5461 vel,
1132 5397 1256 5462 565,
1275 5398 1364 5457 54,
1394 5397 1473 5450 17'
1495 5388 1548 5465 ἦ.
1569 5395 1723 5462 Quod
1749 5393 1980 5449 fortasse
1995 5407 2184 5448 verum

615 5503 718 5550 cst.
751 5489 888 5545 Nam
922 5490 1066 5559 quod
1096 5489 1161 5542 ad
1191 5489 1358 5543 solent
1384 5495 1611 5557 spectat,
1645 5501 1769 5540 cum
1801 5484 1983 5539 minus
2018 5497 2185 5554 quam

616 5589 650 5641 6
698 5587 862 5641 horas
913 5583 1236 5655 appendices
1288 5582 1355 5636 ad
1398 5581 1504 5635 565
1551 5580 1666 5634 dies
1717 5576 2022 5631 addendum
2065 5587 2188 5630 esse

619 5677 840 5743 scirent,
889 5675 934 5730 si
975 5677 1218 5730 lunarem
1250 5687 1454 5727 annum
1509 5669 1733 5741 prmcise
1779 5668 1992 5723 dierum
2048 5665 2184 5734 554,

619 5770 740 5825 hor.
769 5769 802 5825 8
837 5769 1095 5833 facerent,
1126 5782 1246 5822 eam
1275 5765 1375 5821 soli
1420 5763 1779 5834 quantitatem
1814 5760 2058 5814 tribuere
2089 5772 2188 5828 po-

619 5870 861 5932 tuerunt,
887 5877 1009 5934 quae
1043 5874 1188 5918 anno
1221 5857 1552 5931 septenario,
1594 5856 1648 5912 id
1696 5863 1779 5911 est
1808 5851 1897 5920 84,
1931 5852 2070 5908 lunae
2103 5865 2186 5906 ra-

2291 1983 2442 2052 cyclo
2469 1982 2908 2037 dissertationem
2939 1999 3229 2060 aggressus
3256 1994 3356 2047 est,
3414 1984 3782 2054 indidemque
3835 1988 3894 2046 id

2289 2075 2433 2145 quod
2455 2075 2617 2129 modo
2645 2075 2849 2129 dictum
2878 2084 2962 2129 est
2991 2076 3296 2142 conficitur,
3337 2075 3550 2132 Judteos
3579 2079 3894 2150 utriusque

2290 2167 2416 2220 anni
2453 2167 2898 2221 ἀποκατάστασιν
2918 2167 3109 2221 diebus
3138 2167 3314 2222 40679
3332 2169 3512 2238 perlici
3530 2170 3887 2237 credidisse;

2291 2255 2652 2326 Epiphanium
2679 2274 2807 2313 vero
2841 2259 3066 2313 biduum
3105 2261 3278 2314 solum
3312 2262 3594 2317 amborum
3626 2264 3883 2320 siderum

2290 2347 2570 2417 pariandis
2600 2349 2904 2404 rationibus
2935 2351 3126 2404 deesse
3159 2351 3316 2404 velle.

2361 2438 2486 2495 Haec
2513 2450 2596 2496 est
2623 2443 2773 2511 prior
2804 2442 2967 2512 hujus
2993 2443 3127 2513 cycli
3160 2442 3368 2498 Judaici
3403 2444 3727 2515 descriptio,
3752 2463 3883 2517 qua:

2292 2529 2579 2601 Epiphanii
2621 2532 2802 2588 verbis
2850 2533 3123 2598 innititur,
3171 2535 3301 2588 dum
3353 2536 3428 2588 ait
3473 2534 3690 2592 Judaici
3747 2538 3882 2593 anni

2291 2624 2645 2693 quantitatem
2675 2624 2906 2678 .dierum
2946 2639 3068 2680 esse
3115 2625 3254 2690 554,
3285 2617 3407 2681 her.
3437 2625 3470 2680 8
3503 2629 3760 2696 praecise.
3797 2627 3877 2681 lia

2290 2715 2436 2769 enim
2469 2715 2524 2769 in
2566 2717 2724 2770 annis
2771 2732 2863 2770 xiv
2906 2716 3055 2772 horae
3089 2717 3335 2772 conﬁunt
3375 2719 3499 2782 112,
3525 2719 3645 2774 sive
3670 2721 3800 2774 dies
3821 2722 3879 2785 4,

2291 2805 2412 2860 hor.
2450 2807 2538 2860 16.
2567 2806 2644 2860 Ex
2678 2823 2788 2878 quo
2813 2823 3027 2862 sumnta
3068 2809 3278 2863 dierum
3313 2816 3428 2864 toto
3460 2810 3614 2881 cyclo
3641 2825 3881 2866 cons-1'b

2291 2897 2368 2968 git
2400 2897 2556 2964 5108,
2590 2898 2708 2953 hor.
2733 2901 2786 2954 4.
2801 2900 2963 2956 Addit
2997 2901 3190 2956 deinde
3215 2918 3249 2955 v
3275 2917 3398 2958 esse
3433 2917 3649 2956 menses
3680 2903 3876 2957 embo-

2291 2989 2624 3046 limos.Tum
2665 2993 2828 3048 horas
2861 2994 3071 3048 detrahi
3101 2994 3238 3050 duas
3265 2995 3330 3049 de
3360 2995 3490 3050 solis
3520 3009 3711 3052 cursu.
3737 2997 3874 3061 Qua:

2292 3085 2631 3142 subobscura
2654 3095 2814 3151 sunt;
2847 3088 2942 3142 sed
2991 3096 3269 3157 utcunque
3323 3088 3403 3142 sic
3443 3087 3704 3157 explicari
3744 3104 3875 3157 pos-

2294 3186 2439 3232 sunt.
2478 3176 2712 3233 Causam
2745 3177 2918 3245 ail‘ert,
2952 3194 3051 3232 cur
3088 3193 3153 3233 ex
3183 3179 3344 3234 annis
3376 3195 3466 3234 xtv
3495 3180 3708 3251 cyclum
3737 3195 3876 3236 con-

2291 3267 2578 3322 ﬂaverint:
2613 3267 2758 3339 quod
2797 3269 3055 3322 nimirum
3090 3269 3272 3323 lunam
3313 3271 3417 3326 hoc
3447 3271 3501 3324 in
3535 3271 3752 3326 minore
3776 3287 3871 3343 ey-

2293 3359 2376 3415 clo
2407 3360 2645 3414 nondum
2670 3375 2794 3414 cum
2821 3361 2934 3414 sole
2959 3361 3248 3415 conciliare
3278 3363 3566 3428 voluerint,
3623 3363 3719 3418 sed
3751 3365 3870 3418 dies

2292 3452 2594 3523 superﬂuos
2614 3451 2854 3523 quinque
2877 3467 2999 3506 cum
3018 3452 3166 3508 horis
3191 3453 3224 3507 8
3255 3453 3697 3508 rcservarint.1ta
3720 3457 3867 3509 enim

2293 3547 2372 3614 lit,
2407 3554 2467 3600 ut
2488 3545 2535 3600 si
2567 3560 2633 3600 ex
2669 3560 2816 3599 anno
2851 3543 3068 3598 Juliano
3089 3544 3302 3599 decimo
3332 3555 3529 3614 quarto
3563 3544 3682 3601 dies
3715 3546 3871 3600 aufe-

2291 3653 2384 3692 ras
2414 3653 2446 3691 v
2475 3637 2595 3692 hor.
2627 3636 2690 3701 8,
2737 3636 3008 3704 supersint
3051 3635 3178 3699 560,
3220 3637 3400 3690 minus
3448 3636 3593 3690 horis
3629 3635 3863 3691 duabus.

2291 3727 2424 3782 Nam
2467 3728 2512 3783 si
2557 3743 2624 3782 ex
2662 3725 2854 3781 diebus
2880 3725 3050 3790 5108,
3090 3726 3208 3779 hor.
3241 3725 3296 3792 4,
3340 3724 3582 3781 Iulianos
3625 3742 3722 3780 xtn
3755 3731 3869 3782 exi-

2292 3834 2433 3883 mas,
2483 3817 2598 3874 sive
2641 3818 2755 3873 dies
2798 3817 2976 3884 4748,
3012 3817 3130 3872 hor.
3179 3817 3245 3879 6.
3284 3817 3564 3872 restabunt
3603 3819 3720 3874 dies
3766 3819 3872 3873 559

2294 3911 2442 3965 hora:
2471 3908 2562 3962 22.
2599 3905 2754 3963 Unde
2798 3907 3118 3978 corrigenda
3151 3906 3438 3978 Epiphanii
3464 3909 3654 3971 verba,
3689 3918 3745 3963 et
3797 3910 3870 3963 ita

2292 3999 2572 4069 dirigenda
2613 4007 2741 4054 sunt
2774 4017 2786 4052 :
2823 3998 2922 4050 Διὰ
2951 3999 3012 4050 τὸ
3049 3999 3400 4071 ἀφαιρεῖσθαι
3442 4000 3550 4052 ἀπὸ
3582 3999 3682 4051 τοῦ
3711 4000 3870 4070 ἡλια-

2292 4092 2391 4148 κοῦ
2415 4093 2614 4164 δρόμου
2635 4091 2742 4144 τῶν
2771 4091 2876 4157 τξε¹
2896 4090 3116 4162 ἡμερῶν
3142 4093 3303 4146 πέντε
3333 4092 3543 4162 ἡμέρας
3559 4133 3572 4150 .
3597 4094 3699 4145 καὶ
3741 4097 3870 4164 μίαν

2291 4183 2460 4255 ὥραν·
2485 4181 2924 4255 προστιθεμένων
2943 4181 3050 4252 γὰρ
3078 4182 3186 4234 τῶν
3214 4181 3393 4252 ὡρῶν,
3419 4182 3604 4235 λοιπὸν
3627 4186 3869 4251 γίνονται

2291 4275 2368 4340 τξ¹
2391 4275 2596 4345 ἡμέραι
2626 4273 2776 4346 παρὰ
2818 4272 2965 4345 ὤραν
3017 4274 3163 4343 μίαν.
3199 4273 3269 4328 At
3308 4276 3361 4328 in
3397 4274 3501 4328 [ine
3547 4277 3764 4329 numeri
3797 4277 3868 4330 ita

2290 4366 2426 4436 Ieg.:
2449 4367 2658 4428 Οἵτινες
2688 4362 2894 4432 ὤφελον
2928 4359 3066 4417 εἶναι
3093 4363 3236 4416 κατὰ
3272 4363 3371 4435 τὴν
3395 4362 3683 4434 ἀκρίϐειαν
3712 4365 3870 4436 τριά-

2291 4474 2454 4512 κοντα
2487 4460 2676 4528 μῆνες,
2704 4457 2797 4509 καὶ
2823 4456 2994 4508 εἴκοσι
3022 4454 3166 4508 ὀκτὼ
3189 4454 3410 4526 ἡμέραι.
3444 4453 3568 4509 Vult
3599 4456 3750 4510 enim
3773 4456 3868 4511 Ju—

2290 4553 2437 4607 daaos
2476 4551 2529 4604 in
2557 4565 2730 4604 annos
2768 4548 2836 4602 84
2866 4563 3082 4603 menses
3122 4548 3476 4603 intercalasse
3504 4549 3604 4612 51,
3639 4564 3767 4603 cum
3800 4551 3868 4605 50

2287 4645 2553 4701 duntaxat
2593 4658 2716 4698 cum
2764 4641 2834 4695 28
2876 4642 3069 4697 diebus
3114 4641 3417 4711 computari
3464 4641 3734 4706 debeant;
3763 4642 3868 4697 hoc

2287 4745 2374 4792 est
2401 4737 2632 4809 syzygiae
2667 4734 2826 4800 1059,
2852 4744 2904 4790 et
2925 4735 3042 4788 dies
3082 4734 3172 4789 28.
3215 4735 3291 4788 lta
3325 4735 3551 4789 biduum
3582 4734 3741 4788 abest
3769 4733 3865 4788 Ju-

2288 4828 2475 4884 daicus
2516 4829 2700 4900 cyclus
2728 4843 2758 4882 a
2798 4827 3071 4882 solaribns
3124 4827 3282 4882 annis
3338 4827 3625 4897 84;quem
3673 4838 3730 4882 et
3775 4844 3868 4900 cy-

2287 4917 2429 4972 clum
2454 4917 2699 4973 lunarem
2733 4917 2933 4990 ἀκριϐῆ
2967 4927 3119 4986 putat
3140 4917 3494 4987 Epiphanius.

2362 5007 2621 5080 Sequitur
2669 5010 3064 5079 interpretandi
3104 5009 3244 5079 cycli
3296 5009 3436 5062 ratio
3487 5008 3681 5072 altera,
3715 5019 3777 5063 ut
3814 5021 3864 5066 et

2287 5102 2798 5156 tessaradecaeteris
2850 5100 2970 5155 dies
3021 5102 3220 5155 habeat
3273 5100 3450 5164 5108,
3510 5101 3633 5155 hor.
3685 5103 3867 5167 12,45

2287 5191 3006 5262 ogdoecontatessaraeteris
3062 5191 3179 5246 dies
3225 5193 3452 5262 praecise
3493 5192 3660 5247 40681
3696 5197 3868 5265 ;qui-

2286 5283 2391 5338 bus
2415 5283 2753 5338 vertentibus
2793 5283 2921 5336 luna
2967 5281 3186 5337 Judaiea
3234 5299 3356 5337 cum
3408 5283 3523 5338 sole
3578 5287 3768 5339 redeat
3811 5287 3865 5340 in

2287 5377 2654 5443 cencordiam,
2689 5377 2782 5432 sed
2820 5391 2850 5430 a
2901 5375 3096 5430 mediis
3135 5376 3279 5430 lunae
3311 5376 3552 5430 motibus
3583 5376 3752 5432 biduo
3794 5379 3868 5433 ci-

2285 5473 2462 5527 viliter
2492 5471 2722 5525 aberret.
2751 5467 2906 5534 Quod
2936 5477 3045 5522 tam
3085 5466 3140 5520 in
3173 5466 3404 5534 minore,
3443 5483 3611 5538 quam
3656 5468 3868 5538 majore

2287 5563 2440 5636 cyclo
2465 5561 2749 5632 τεχνικῶς,
2789 5569 2885 5615 aut
2913 5559 3149 5615 civiliter
3182 5558 3300 5614 ﬁeri
3333 5559 3436 5614 hoc
3470 5560 3633 5616 modo
3660 5570 3862 5630 patest.

2289 5658 2818 5718 Tessaradecaeteris
2855 5659 3036 5725 habet,
3069 5667 3125 5712 ut
3161 5658 3365 5712 dictum
3393 5666 3506 5720 est,
3540 5658 3658 5713 dies
3697 5657 3864 5719 5108.

2287 5751 2408 5807 hor.
2455 5749 2558 5818 12,
2587 5752 2714 5806 anni
2750 5751 2972 5806 lunares
3009 5748 3286 5819 simplices
3333 5747 3451 5804 dies
3482 5748 3621 5814 554,
3649 5750 3772 5805 hor.
3805 5749 3858 5807 8.

2288 5847 2370 5903 54'
2408 5839 2456 5918 ᾖ
2491 5849 2706 5924 syzygia
2736 5865 2866 5906 vero
2907 5849 3000 5917 29,
3030 5849 3119 5916 12,
3165 5834 3398 5917 41'
3432 5844 3552 5903 Jam
3601 5846 3656 5901 in
3689 5852 3860 5902 tessa-
