  <div class='ocr_page' id='page_1' title='image "/cluster/home/n/w/nwhite01/storage/ocr_20150623/42/nnc1.0046978682/518.png"; bbox 0 0 4118 6402; ppageno 0'>
   <div class='ocr_carea' id='block_1_1' title="bbox 335 405 458 464">
    <p class='ocr_par' dir='ltr' id='par_1_1' title="bbox 335 405 458 464">
     <span class='ocr_line' id='line_1_1' title="bbox 335 405 458 464; baseline 0 -1"><span class='ocrx_word' id='word_1_1' title='bbox 335 405 458 464; x_wconf 72' lang='grc'><strong>965</strong></span> 
     </span>
    </p>
   </div>
   <div class='ocr_carea' id='block_1_2' title="bbox 1267 405 2672 465">
    <p class='ocr_par' dir='ltr' id='par_1_2' title="bbox 1267 405 2672 465">
     <span class='ocr_line' id='line_1_2' title="bbox 1267 405 2672 465; baseline 0.002 -3"><span class='ocrx_word' id='word_1_2' title='bbox 1267 405 1358 462; x_wconf 84' lang='lat' dir='ltr'><strong>DE</strong></span> <span class='ocrx_word' id='word_1_3' title='bbox 1391 405 1579 463; x_wconf 79' lang='lat' dir='ltr'><strong>ANNO</strong></span> <span class='ocrx_word' id='word_1_4' title='bbox 1610 406 1699 463; x_wconf 81' lang='lat' dir='ltr'><strong>ET</strong></span> <span class='ocrx_word' id='word_1_5' title='bbox 1738 406 1852 462; x_wconf 81' lang='lat' dir='ltr'><strong>DIE</strong></span> <span class='ocrx_word' id='word_1_6' title='bbox 1889 407 2248 465; x_wconf 59' lang='lat' dir='ltr'><strong>DOMINICIE</strong></span> <span class='ocrx_word' id='word_1_7' title='bbox 2292 408 2672 465; x_wconf 77' lang='lat' dir='ltr'><strong>PASSIONlS.</strong></span> 
     </span>
    </p>
   </div>
   <div class='ocr_carea' id='block_1_3' title="bbox 3513 404 3618 461">
    <p class='ocr_par' dir='ltr' id='par_1_3' title="bbox 3513 404 3618 461">
     <span class='ocr_line' id='line_1_3' title="bbox 3513 404 3618 461; baseline 0 0"><span class='ocrx_word' id='word_1_8' title='bbox 3513 404 3618 461; x_wconf 79' lang='lat'><strong>966</strong></span> 
     </span>
    </p>
   </div>
   <div class='ocr_carea' id='block_1_4' title="bbox 335 520 3619 600">
    <p class='ocr_par' dir='ltr' id='par_1_4' title="bbox 335 520 3619 600">
     <span class='ocr_line' id='line_1_4' title="bbox 335 520 3619 600; baseline 0.002 -21"><span class='ocrx_word' id='word_1_9' title='bbox 335 521 756 580; x_wconf 80' lang='lat' dir='ltr'><strong>radecaeteride</strong></span> <span class='ocrx_word' id='word_1_10' title='bbox 792 520 1024 595; x_wconf 67' lang='lat' dir='ltr'><strong>syzygim</strong></span> <span class='ocrx_word' id='word_1_11' title='bbox 1057 533 1188 579; x_wconf 90' lang='lat' dir='ltr'><strong>sunt</strong></span> <span class='ocrx_word' id='word_1_12' title='bbox 1226 525 1476 592; x_wconf 75' lang='lat' dir='ltr'><strong>totidem,</strong></span> <span class='ocrx_word' id='word_1_13' title='bbox 1504 537 1640 598; x_wconf 90' lang='lat' dir='ltr'><strong>quot</strong></span> <span class='ocrx_word' id='word_1_14' title='bbox 1678 528 1734 583; x_wconf 92' lang='lat' dir='ltr'><strong>in</strong></span> <span class='ocrx_word' id='word_1_15' title='bbox 1765 527 1931 598; x_wconf 83' lang='lat' dir='ltr'><strong>priori</strong></span> <span class='ocrx_word' id='word_1_16' title='bbox 1961 533 2010 591; x_wconf 74' lang='grc' dir='ltr'>Α</span> <span class='ocrx_word' id='word_1_17' title='bbox 2040 530 2205 586; x_wconf 88' lang='lat' dir='ltr'><strong>thodo</strong></span> <span class='ocrx_word' id='word_1_18' title='bbox 2233 529 2288 597; x_wconf 72' lang='grc'><strong>4,</strong></span> <span class='ocrx_word' id='word_1_19' title='bbox 2319 532 2442 585; x_wconf 90' lang='lat' dir='ltr'><strong>hor.</strong></span> <span class='ocrx_word' id='word_1_20' title='bbox 2470 530 2557 585; x_wconf 87' lang='grc'><strong>16.</strong></span> <span class='ocrx_word' id='word_1_21' title='bbox 2589 528 2820 600; x_wconf 81' lang='lat' dir='ltr'><strong>Reliqua</strong></span> <span class='ocrx_word' id='word_1_22' title='bbox 2866 544 2896 584; x_wconf 90' lang='lat' dir='ltr'><strong>e</strong></span> <span class='ocrx_word' id='word_1_23' title='bbox 2941 527 3315 600; x_wconf 79' lang='lat' dir='ltr'><strong>superioribus</strong></span> <span class='ocrx_word' id='word_1_24' title='bbox 3360 527 3619 585; x_wconf 77' lang='lat' dir='ltr'><strong>facillima</strong></span> 
     </span>
    </p>
   </div>
   <div class='ocr_carea' id='block_1_5' title="bbox 335 614 1936 690">
    <p class='ocr_par' dir='ltr' id='par_1_5' title="bbox 335 614 1936 690">
     <span class='ocr_line' id='line_1_5' title="bbox 335 614 1936 690; baseline 0.002 -18"><span class='ocrx_word' id='word_1_25' title='bbox 335 617 646 680; x_wconf 86' lang='lat' dir='ltr'><strong>methodo,</strong></span> <span class='ocrx_word' id='word_1_26' title='bbox 678 614 785 670; x_wconf 85' lang='lat' dir='ltr'><strong>nisi</strong></span> <span class='ocrx_word' id='word_1_27' title='bbox 833 632 940 670; x_wconf 88' lang='lat' dir='ltr'><strong>una</strong></span> <span class='ocrx_word' id='word_1_28' title='bbox 976 614 1209 672; x_wconf 77' lang='lat' dir='ltr'><strong>forsitan</strong></span> <span class='ocrx_word' id='word_1_29' title='bbox 1258 619 1436 690; x_wconf 83' lang='lat' dir='ltr'><strong>plenis</strong></span> <span class='ocrx_word' id='word_1_30' title='bbox 1474 635 1794 676; x_wconf 84' lang='lat' dir='ltr'><strong>accrescere</strong></span> <span class='ocrx_word' id='word_1_31' title='bbox 1841 621 1936 676; x_wconf 81' lang='lat' dir='ltr'><strong>dc-</strong></span> 
     </span>
    </p>
   </div>
   <div class='ocr_carea' id='block_1_6' title="bbox 335 706 1937 783">
    <p class='ocr_par' dir='ltr' id='par_1_6' title="bbox 335 706 1937 783">
     <span class='ocr_line' id='line_1_6' title="bbox 335 706 1937 783; baseline 0.004 -21"><span class='ocrx_word' id='word_1_32' title='bbox 335 708 511 773; x_wconf 80' lang='lat' dir='ltr'><strong>beat,</strong></span> <span class='ocrx_word' id='word_1_33' title='bbox 541 706 854 778; x_wconf 87' lang='lat' dir='ltr'><strong>anticipatis</strong></span> <span class='ocrx_word' id='word_1_34' title='bbox 894 723 961 763; x_wconf 82' lang='lat' dir='ltr'><strong>ex</strong></span> <span class='ocrx_word' id='word_1_35' title='bbox 1000 718 1260 779; x_wconf 80' lang='lat' dir='ltr'><strong>sequente</strong></span> <span class='ocrx_word' id='word_1_36' title='bbox 1285 711 1440 782; x_wconf 87' lang='lat' dir='ltr'><strong>cyclo</strong></span> <span class='ocrx_word' id='word_1_37' title='bbox 1482 726 1558 766; x_wconf 78' lang='lat' dir='ltr'><strong>xu</strong></span> <span class='ocrx_word' id='word_1_38' title='bbox 1604 711 1778 777; x_wconf 86' lang='lat' dir='ltr'><strong>horis,</strong></span> <span class='ocrx_word' id='word_1_39' title='bbox 1814 728 1937 783; x_wconf 61' lang='lat' dir='ltr'><strong>quae</strong></span> 
     </span>
    </p>
   </div>
   <div class='ocr_carea' id='block_1_7' title="bbox 332 797 1936 870">
    <p class='ocr_par' dir='ltr' id='par_1_7' title="bbox 332 797 1936 870">
     <span class='ocr_line' id='line_1_7' title="bbox 332 797 1936 870; baseline 0.005 -19"><span class='ocrx_word' id='word_1_40' title='bbox 332 799 414 858; x_wconf 76' lang='lat' dir='ltr'><strong>ad</strong></span> <span class='ocrx_word' id='word_1_41' title='bbox 471 813 548 852; x_wconf 74' lang='grc' dir='ltr'><strong>ιιι</strong></span> <span class='ocrx_word' id='word_1_42' title='bbox 585 797 891 868; x_wconf 86' lang='lat' dir='ltr'><strong>superﬂuas</strong></span> <span class='ocrx_word' id='word_1_43' title='bbox 929 799 1130 870; x_wconf 87' lang='lat' dir='ltr'><strong>prioris</strong></span> <span class='ocrx_word' id='word_1_44' title='bbox 1169 801 1367 858; x_wconf 78' lang='lat' dir='ltr'><strong>additae</strong></span> <span class='ocrx_word' id='word_1_45' title='bbox 1407 802 1551 857; x_wconf 88' lang='lat' dir='ltr'><strong>diem</strong></span> <span class='ocrx_word' id='word_1_46' title='bbox 1585 801 1830 870; x_wconf 75' lang='lat' dir='ltr'><strong>faciant;</strong></span> <span class='ocrx_word' id='word_1_47' title='bbox 1877 813 1936 859; x_wconf 92' lang='lat' dir='ltr'><strong>ut</strong></span> 
     </span>
    </p>
   </div>
   <div class='ocr_carea' id='block_1_8' title="bbox 332 892 1936 966">
    <p class='ocr_par' dir='ltr' id='par_1_8' title="bbox 332 892 1936 966">
     <span class='ocr_line' id='line_1_8' title="bbox 332 892 1936 966; baseline 0.005 -22"><span class='ocrx_word' id='word_1_48' title='bbox 332 892 416 945; x_wconf 87' lang='lat' dir='ltr'><strong>sit</strong></span> <span class='ocrx_word' id='word_1_49' title='bbox 476 892 627 961; x_wconf 88' lang='lat' dir='ltr'><strong>prior</strong></span> <span class='ocrx_word' id='word_1_50' title='bbox 677 892 862 963; x_wconf 84' lang='lat' dir='ltr'><strong>cyclus</strong></span> <span class='ocrx_word' id='word_1_51' title='bbox 907 893 1117 948; x_wconf 90' lang='lat' dir='ltr'><strong>dierum</strong></span> <span class='ocrx_word' id='word_1_52' title='bbox 1169 893 1327 950; x_wconf 85' lang='grc'><strong>5109.</strong></span> <span class='ocrx_word' id='word_1_53' title='bbox 1379 893 1533 951; x_wconf 89' lang='lat' dir='ltr'><strong>Tunc</strong></span> <span class='ocrx_word' id='word_1_54' title='bbox 1576 897 1720 951; x_wconf 90' lang='lat' dir='ltr'><strong>enim</strong></span> <span class='ocrx_word' id='word_1_55' title='bbox 1765 897 1936 966; x_wconf 66' lang='lat' dir='ltr'><strong>plenae</strong></span> 
     </span>
    </p>
   </div>
   <div class='ocr_carea' id='block_1_9' title="bbox 334 981 1936 1060">
    <p class='ocr_par' dir='ltr' id='par_1_9' title="bbox 334 981 1936 1060">
     <span class='ocr_line' id='line_1_9' title="bbox 334 981 1936 1060; baseline 0.007 -26"><span class='ocrx_word' id='word_1_56' title='bbox 334 983 586 1053; x_wconf 78' lang='lat' dir='ltr'><strong>syzygiae</strong></span> <span class='ocrx_word' id='word_1_57' title='bbox 603 981 694 1046; x_wconf 79' lang='lat'><strong>92,</strong></span> <span class='ocrx_word' id='word_1_58' title='bbox 713 998 860 1038; x_wconf 78' lang='lat' dir='ltr'><strong>cavae</strong></span> <span class='ocrx_word' id='word_1_59' title='bbox 876 982 938 1036; x_wconf 86' lang='grc'><strong>81</strong></span> <span class='ocrx_word' id='word_1_60' title='bbox 976 986 1326 1041; x_wconf 76' lang='lat' dir='ltr'><strong>numeranda:</strong></span> <span class='ocrx_word' id='word_1_61' title='bbox 1346 996 1496 1043; x_wconf 84' lang='lat' dir='ltr'><strong>sunt.</strong></span> <span class='ocrx_word' id='word_1_62' title='bbox 1523 987 1811 1044; x_wconf 79' lang='lat' dir='ltr'><strong>Secundus</strong></span> <span class='ocrx_word' id='word_1_63' title='bbox 1839 1005 1936 1060; x_wconf 87' lang='lat' dir='ltr'><strong>cy-</strong></span> 
     </span>
    </p>
   </div>
   <div class='ocr_carea' id='block_1_10' title="bbox 335 1076 1935 1142">
    <p class='ocr_par' dir='ltr' id='par_1_10' title="bbox 335 1076 1935 1142">
     <span class='ocr_line' id='line_1_10' title="bbox 335 1076 1935 1142; baseline 0.003 -10"><span class='ocrx_word' id='word_1_64' title='bbox 335 1076 473 1132; x_wconf 88' lang='lat' dir='ltr'><strong>clus</strong></span> <span class='ocrx_word' id='word_1_65' title='bbox 497 1076 614 1131; x_wconf 87' lang='lat' dir='ltr'><strong>dies</strong></span> <span class='ocrx_word' id='word_1_66' title='bbox 641 1076 862 1131; x_wconf 79' lang='lat' dir='ltr'><strong>habebit</strong></span> <span class='ocrx_word' id='word_1_67' title='bbox 897 1076 1074 1142; x_wconf 89' lang='grc'><strong>5108;</strong></span> <span class='ocrx_word' id='word_1_68' title='bbox 1103 1079 1294 1133; x_wconf 86' lang='lat' dir='ltr'><strong>tertius</strong></span> <span class='ocrx_word' id='word_1_69' title='bbox 1332 1079 1619 1135; x_wconf 87' lang='lat' dir='ltr'><strong>duodecim</strong></span> <span class='ocrx_word' id='word_1_70' title='bbox 1649 1081 1802 1136; x_wconf 89' lang='lat' dir='ltr'><strong>horis</strong></span> <span class='ocrx_word' id='word_1_71' title='bbox 1835 1098 1935 1136; x_wconf 90' lang='lat' dir='ltr'><strong>an-</strong></span> 
     </span>
    </p>
   </div>
   <div class='ocr_carea' id='block_1_11' title="bbox 338 1169 1930 1244">
    <p class='ocr_par' dir='ltr' id='par_1_11' title="bbox 338 1169 1930 1244">
     <span class='ocr_line' id='line_1_11' title="bbox 338 1169 1930 1244; baseline 0.004 -20"><span class='ocrx_word' id='word_1_72' title='bbox 338 1169 590 1240; x_wconf 86' lang='lat' dir='ltr'><strong>ticipatis</strong></span> <span class='ocrx_word' id='word_1_73' title='bbox 641 1171 708 1224; x_wconf 92' lang='lat' dir='ltr'><strong>de</strong></span> <span class='ocrx_word' id='word_1_74' title='bbox 756 1179 952 1240; x_wconf 88' lang='lat' dir='ltr'><strong>quarto</strong></span> <span class='ocrx_word' id='word_1_75' title='bbox 1007 1171 1196 1240; x_wconf 82' lang='lat' dir='ltr'><strong>cyclo,</strong></span> <span class='ocrx_word' id='word_1_76' title='bbox 1255 1172 1439 1232; x_wconf 72' lang='lat'><strong>5109:</strong></span> <span class='ocrx_word' id='word_1_77' title='bbox 1471 1183 1702 1244; x_wconf 85' lang='lat' dir='ltr'><strong>quartus</strong></span> <span class='ocrx_word' id='word_1_78' title='bbox 1761 1173 1930 1240; x_wconf 84' lang='lat' dir='ltr'><strong>5l08;</strong></span> 
     </span>
    </p>
   </div>
   <div class='ocr_carea' id='block_1_12' title="bbox 340 1261 1934 1336">
    <p class='ocr_par' dir='ltr' id='par_1_12' title="bbox 340 1261 1934 1336">
     <span class='ocr_line' id='line_1_12' title="bbox 340 1261 1934 1336; baseline 0.003 -20"><span class='ocrx_word' id='word_1_79' title='bbox 340 1263 576 1333; x_wconf 86' lang='lat' dir='ltr'><strong>quintus</strong></span> <span class='ocrx_word' id='word_1_80' title='bbox 626 1261 796 1327; x_wconf 69' lang='lat'><strong>5109;</strong></span> <span class='ocrx_word' id='word_1_81' title='bbox 841 1273 1030 1318; x_wconf 81' lang='lat' dir='ltr'><strong>sextus</strong></span> <span class='ocrx_word' id='word_1_82' title='bbox 1079 1263 1240 1329; x_wconf 85' lang='grc'><strong>5108,</strong></span> <span class='ocrx_word' id='word_1_83' title='bbox 1289 1265 1585 1336; x_wconf 89' lang='lat' dir='ltr'><strong>additoque</strong></span> <span class='ocrx_word' id='word_1_84' title='bbox 1640 1267 1934 1322; x_wconf 78' lang='lat' dir='ltr'><strong>tricenario</strong></span> 
     </span>
    </p>
   </div>
   <div class='ocr_carea' id='block_1_13' title="bbox 340 1339 1936 1422">
    <p class='ocr_par' dir='ltr' id='par_1_13' title="bbox 340 1339 1936 1422">
     <span class='ocr_line' id='line_1_13' title="bbox 340 1339 1936 1422; baseline 0.001 -14"><span class='ocrx_word' id='word_1_85' title='bbox 340 1368 542 1408; x_wconf 83' lang='lat' dir='ltr'><strong>mense</strong></span> <span class='ocrx_word' id='word_1_86' title='bbox 579 1368 644 1406; x_wconf 77' lang='lat' dir='ltr'><strong>ex</strong></span> <span class='ocrx_word' id='word_1_87' title='bbox 677 1352 886 1421; x_wconf 87' lang='lat' dir='ltr'><strong>cpactis</strong></span> <span class='ocrx_word' id='word_1_88' title='bbox 936 1339 1208 1408; x_wconf 41' lang='lat' dir='ltr'><strong>solarih&#39;us</strong></span> <span class='ocrx_word' id='word_1_89' title='bbox 1251 1354 1589 1422; x_wconf 87' lang='lat' dir='ltr'><strong>singularum</strong></span> <span class='ocrx_word' id='word_1_90' title='bbox 1627 1355 1936 1410; x_wconf 86' lang='lat' dir='ltr'><strong>tessarade—</strong></span> 
     </span>
    </p>
   </div>
   <div class='ocr_carea' id='block_1_14' title="bbox 342 1445 1932 1516">
    <p class='ocr_par' dir='ltr' id='par_1_14' title="bbox 342 1445 1932 1516">
     <span class='ocr_line' id='line_1_14' title="bbox 342 1445 1932 1516; baseline -0.001 -16"><span class='ocrx_word' id='word_1_91' title='bbox 342 1446 730 1510; x_wconf 33' lang='lat' dir='ltr'><strong>caeteridum‘,</strong></span> <span class='ocrx_word' id='word_1_92' title='bbox 757 1445 1090 1516; x_wconf 79' lang='lat' dir='ltr'><strong>colliguntur</strong></span> <span class='ocrx_word' id='word_1_93' title='bbox 1136 1446 1253 1501; x_wconf 92' lang='lat' dir='ltr'><strong>dies</strong></span> <span class='ocrx_word' id='word_1_94' title='bbox 1294 1445 1504 1512; x_wconf 80' lang='grc'><strong>40681,</strong></span> <span class='ocrx_word' id='word_1_95' title='bbox 1543 1461 1760 1501; x_wconf 88' lang='lat' dir='ltr'><strong>menses</strong></span> <span class='ocrx_word' id='word_1_96' title='bbox 1790 1447 1932 1516; x_wconf 85' lang='lat' dir='ltr'><strong>pleni</strong></span> 
     </span>
    </p>
   </div>
   <div class='ocr_carea' id='block_1_15' title="bbox 343 1536 1932 1607">
    <p class='ocr_par' dir='ltr' id='par_1_15' title="bbox 343 1536 1932 1607">
     <span class='ocr_line' id='line_1_15' title="bbox 343 1536 1932 1607; baseline -0.003 -15"><span class='ocrx_word' id='word_1_97' title='bbox 343 1537 478 1602; x_wconf 82' lang='lat'><strong>550,</strong></span> <span class='ocrx_word' id='word_1_98' title='bbox 514 1536 634 1591; x_wconf 87' lang='lat' dir='ltr'><strong>cavi</strong></span> <span class='ocrx_word' id='word_1_99' title='bbox 683 1536 813 1599; x_wconf 76' lang='grc'><strong>480,</strong></span> <span class='ocrx_word' id='word_1_100' title='bbox 842 1545 897 1591; x_wconf 91' lang='lat' dir='ltr'><strong>et</strong></span> <span class='ocrx_word' id='word_1_101' title='bbox 937 1537 990 1590; x_wconf 88' lang='lat' dir='ltr'><strong>in</strong></span> <span class='ocrx_word' id='word_1_102' title='bbox 1025 1545 1200 1591; x_wconf 90' lang='lat' dir='ltr'><strong>totum</strong></span> <span class='ocrx_word' id='word_1_103' title='bbox 1246 1537 1404 1594; x_wconf 73' lang='lat'><strong>1039.</strong></span> <span class='ocrx_word' id='word_1_104' title='bbox 1452 1536 1624 1591; x_wconf 90' lang='lat' dir='ltr'><strong>Porro</strong></span> <span class='ocrx_word' id='word_1_105' title='bbox 1669 1537 1932 1607; x_wconf 85' lang='grc' dir='ltr'><strong>τεχνικῶς</strong></span> 
     </span>
    </p>
   </div>
   <div class='ocr_carea' id='block_1_16' title="bbox 343 1629 1932 1701">
    <p class='ocr_par' dir='ltr' id='par_1_16' title="bbox 343 1629 1932 1701">
     <span class='ocr_line' id='line_1_16' title="bbox 343 1629 1932 1701; baseline -0.002 -15"><span class='ocrx_word' id='word_1_106' title='bbox 343 1631 468 1686; x_wconf 90' lang='lat' dir='ltr'><strong>dies</strong></span> <span class='ocrx_word' id='word_1_107' title='bbox 505 1630 667 1695; x_wconf 85' lang='grc'><strong>5108,</strong></span> <span class='ocrx_word' id='word_1_108' title='bbox 695 1631 819 1685; x_wconf 88' lang='lat' dir='ltr'><strong>hor.</strong></span> <span class='ocrx_word' id='word_1_109' title='bbox 854 1630 924 1684; x_wconf 87' lang='grc'><strong>12</strong></span> <span class='ocrx_word' id='word_1_110' title='bbox 949 1644 1017 1684; x_wconf 83' lang='lat' dir='ltr'><strong>ex</strong></span> <span class='ocrx_word' id='word_1_111' title='bbox 1063 1631 1204 1685; x_wconf 91' lang='grc'><strong>5115</strong></span> <span class='ocrx_word' id='word_1_112' title='bbox 1233 1631 1354 1688; x_wconf 88' lang='lat' dir='ltr'><strong>hor.</strong></span> <span class='ocrx_word' id='word_1_113' title='bbox 1387 1631 1475 1695; x_wconf 89' lang='grc'><strong>12,</strong></span> <span class='ocrx_word' id='word_1_114' title='bbox 1501 1631 1596 1701; x_wconf 91' lang='lat' dir='ltr'><strong>qui</strong></span> <span class='ocrx_word' id='word_1_115' title='bbox 1627 1640 1711 1685; x_wconf 84' lang='lat' dir='ltr'><strong>est</strong></span> <span class='ocrx_word' id='word_1_116' title='bbox 1756 1629 1932 1684; x_wconf 84' lang='lat' dir='ltr'><strong>Julia-</strong></span> 
     </span>
    </p>
   </div>
   <div class='ocr_carea' id='block_1_17' title="bbox 345 1722 1932 1802">
    <p class='ocr_par' dir='ltr' id='par_1_17' title="bbox 345 1722 1932 1802">
     <span class='ocr_line' id='line_1_17' title="bbox 345 1722 1932 1802; baseline -0.001 -24"><span class='ocrx_word' id='word_1_117' title='bbox 345 1738 548 1778; x_wconf 82' lang='lat' dir='ltr'><strong>norum</strong></span> <span class='ocrx_word' id='word_1_118' title='bbox 579 1722 993 1793; x_wconf 87' lang='lat' dir='ltr'><strong>quatuordecim</strong></span> <span class='ocrx_word' id='word_1_119' title='bbox 1040 1723 1257 1789; x_wconf 89' lang='lat' dir='ltr'><strong>modus,</strong></span> <span class='ocrx_word' id='word_1_120' title='bbox 1304 1724 1555 1790; x_wconf 86' lang='lat' dir='ltr'><strong>detracti,</strong></span> <span class='ocrx_word' id='word_1_121' title='bbox 1589 1731 1810 1794; x_wconf 88' lang='lat' dir='ltr'><strong>epactas</strong></span> <span class='ocrx_word' id='word_1_122' title='bbox 1844 1737 1932 1802; x_wconf 81' lang='lat' dir='ltr'><strong>re-</strong></span> 
     </span>
    </p>
   </div>
   <div class='ocr_carea' id='block_1_18' title="bbox 347 1813 1930 1885">
    <p class='ocr_par' dir='ltr' id='par_1_18' title="bbox 347 1813 1930 1885">
     <span class='ocr_line' id='line_1_18' title="bbox 347 1813 1930 1885; baseline -0.001 -17"><span class='ocrx_word' id='word_1_123' title='bbox 347 1814 608 1883; x_wconf 84' lang='lat' dir='ltr'><strong>linquunt</strong></span> <span class='ocrx_word' id='word_1_124' title='bbox 654 1813 877 1884; x_wconf 67' lang='lat' dir='ltr'><strong>praecise</strong></span> <span class='ocrx_word' id='word_1_125' title='bbox 913 1813 1033 1869; x_wconf 87' lang='lat' dir='ltr'><strong>dies</strong></span> <span class='ocrx_word' id='word_1_126' title='bbox 1078 1830 1146 1882; x_wconf 92' lang='lat' dir='ltr'><strong>v,</strong></span> <span class='ocrx_word' id='word_1_127' title='bbox 1188 1815 1284 1885; x_wconf 87' lang='lat' dir='ltr'><strong>qui</strong></span> <span class='ocrx_word' id='word_1_128' title='bbox 1328 1815 1383 1870; x_wconf 92' lang='lat' dir='ltr'><strong>in</strong></span> <span class='ocrx_word' id='word_1_129' title='bbox 1425 1815 1677 1870; x_wconf 90' lang='lat' dir='ltr'><strong>ultimum</strong></span> <span class='ocrx_word' id='word_1_130' title='bbox 1718 1815 1930 1885; x_wconf 84' lang='lat' dir='ltr'><strong>cyclutn</strong></span> 
     </span>
    </p>
   </div>
   <div class='ocr_carea' id='block_1_19' title="bbox 349 1900 695 1962">
    <p class='ocr_par' dir='ltr' id='par_1_19' title="bbox 349 1900 695 1962">
     <span class='ocr_line' id='line_1_19' title="bbox 349 1900 695 1962; baseline 0 0"><span class='ocrx_word' id='word_1_131' title='bbox 349 1900 695 1962; x_wconf 69' lang='lat' dir='ltr'><strong>ditferuntur.</strong></span> 
     </span>
    </p>
   </div>
   <div class='ocr_carea' id='block_1_20' title="bbox 422 2079 1932 2151">
    <p class='ocr_par' dir='ltr' id='par_1_20' title="bbox 422 2079 1932 2151">
     <span class='ocr_line' id='line_1_20' title="bbox 422 2079 1932 2151; baseline 0.005 -18"><span class='ocrx_word' id='word_1_132' title='bbox 422 2079 626 2135; x_wconf 61' lang='lat' dir='ltr'><strong>Praeter</strong></span> <span class='ocrx_word' id='word_1_133' title='bbox 651 2079 866 2136; x_wconf 87' lang='lat' dir='ltr'><strong>civilem</strong></span> <span class='ocrx_word' id='word_1_134' title='bbox 903 2081 1047 2137; x_wconf 88' lang='lat' dir='ltr'><strong>hanc</strong></span> <span class='ocrx_word' id='word_1_135' title='bbox 1099 2081 1434 2151; x_wconf 84' lang='lat' dir='ltr'><strong>singularum</strong></span> <span class='ocrx_word' id='word_1_136' title='bbox 1462 2085 1932 2141; x_wconf 83' lang='lat' dir='ltr'><strong>tessaradecaete-</strong></span> 
     </span>
    </p>
   </div>
   <div class='ocr_carea' id='block_1_21' title="bbox 350 2173 1932 2246">
    <p class='ocr_par' dir='ltr' id='par_1_21' title="bbox 350 2173 1932 2246">
     <span class='ocr_line' id='line_1_21' title="bbox 350 2173 1932 2246; baseline 0.004 -18"><span class='ocrx_word' id='word_1_137' title='bbox 350 2175 532 2229; x_wconf 88' lang='lat' dir='ltr'><strong>ridum</strong></span> <span class='ocrx_word' id='word_1_138' title='bbox 577 2173 1018 2245; x_wconf 78' lang='lat' dir='ltr'><strong>dispositionem,</strong></span> <span class='ocrx_word' id='word_1_139' title='bbox 1054 2175 1108 2230; x_wconf 92' lang='lat' dir='ltr'><strong>in</strong></span> <span class='ocrx_word' id='word_1_140' title='bbox 1159 2191 1267 2246; x_wconf 89' lang='lat' dir='ltr'><strong>qua</strong></span> <span class='ocrx_word' id='word_1_141' title='bbox 1317 2176 1465 2246; x_wconf 87' lang='lat' dir='ltr'><strong>pleni</strong></span> <span class='ocrx_word' id='word_1_142' title='bbox 1513 2193 1730 2234; x_wconf 86' lang='lat' dir='ltr'><strong>menses</strong></span> <span class='ocrx_word' id='word_1_143' title='bbox 1768 2195 1932 2234; x_wconf 88' lang='lat' dir='ltr'><strong>cavos</strong></span> 
     </span>
    </p>
   </div>
   <div class='ocr_carea' id='block_1_22' title="bbox 351 2267 1933 2338">
    <p class='ocr_par' dir='ltr' id='par_1_22' title="bbox 351 2267 1933 2338">
     <span class='ocr_line' id='line_1_22' title="bbox 351 2267 1933 2338; baseline 0.001 -16"><span class='ocrx_word' id='word_1_144' title='bbox 351 2275 615 2337; x_wconf 87' lang='lat' dir='ltr'><strong>superant</strong></span> <span class='ocrx_word' id='word_1_145' title='bbox 645 2267 735 2334; x_wconf 89' lang='grc'><strong>61,</strong></span> <span class='ocrx_word' id='word_1_146' title='bbox 762 2267 889 2332; x_wconf 86' lang='lat' dir='ltr'><strong>alia,</strong></span> <span class='ocrx_word' id='word_1_147' title='bbox 914 2275 974 2322; x_wconf 91' lang='lat' dir='ltr'><strong>ut</strong></span> <span class='ocrx_word' id='word_1_148' title='bbox 1003 2267 1058 2322; x_wconf 90' lang='lat' dir='ltr'><strong>in</strong></span> <span class='ocrx_word' id='word_1_149' title='bbox 1089 2269 1271 2338; x_wconf 88' lang='lat' dir='ltr'><strong>priore</strong></span> <span class='ocrx_word' id='word_1_150' title='bbox 1292 2268 1571 2335; x_wconf 86' lang='lat' dir='ltr'><strong>methodo,</strong></span> <span class='ocrx_word' id='word_1_151' title='bbox 1591 2269 1933 2324; x_wconf 86' lang='lat' dir='ltr'><strong>administra-</strong></span> 
     </span>
    </p>
   </div>
   <div class='ocr_carea' id='block_1_23' title="bbox 350 2361 1929 2433">
    <p class='ocr_par' dir='ltr' id='par_1_23' title="bbox 350 2361 1929 2433">
     <span class='ocr_line' id='line_1_23' title="bbox 350 2361 1929 2433; baseline 0.001 -18"><span class='ocrx_word' id='word_1_152' title='bbox 350 2364 395 2416; x_wconf 89' lang='lat' dir='ltr'><strong>ri</strong></span> <span class='ocrx_word' id='word_1_153' title='bbox 424 2362 621 2432; x_wconf 88' lang='lat' dir='ltr'><strong>potuit,</strong></span> <span class='ocrx_word' id='word_1_154' title='bbox 653 2361 885 2433; x_wconf 82' lang='lat' dir='ltr'><strong>eleganti</strong></span> <span class='ocrx_word' id='word_1_155' title='bbox 915 2377 1178 2417; x_wconf 91' lang='lat' dir='ltr'><strong>cavorum</strong></span> <span class='ocrx_word' id='word_1_156' title='bbox 1221 2362 1619 2432; x_wconf 91' lang='lat' dir='ltr'><strong>plenorumque</strong></span> <span class='ocrx_word' id='word_1_157' title='bbox 1660 2364 1929 2418; x_wconf 84' lang='lat' dir='ltr'><strong>mensium</strong></span> 
     </span>
    </p>
   </div>
   <div class='ocr_carea' id='block_1_24' title="bbox 350 2455 1931 2528">
    <p class='ocr_par' dir='ltr' id='par_1_24' title="bbox 350 2455 1931 2528">
     <span class='ocr_line' id='line_1_24' title="bbox 350 2455 1931 2528; baseline 0.001 -19"><span class='ocrx_word' id='word_1_158' title='bbox 350 2465 516 2524; x_wconf 85' lang='lat' dir='ltr'><strong>atque</strong></span> <span class='ocrx_word' id='word_1_159' title='bbox 542 2455 797 2525; x_wconf 68' lang='lat' dir='ltr'><strong>aequabili</strong></span> <span class='ocrx_word' id='word_1_160' title='bbox 834 2456 1208 2511; x_wconf 79' lang='lat' dir='ltr'><strong>successione.</strong></span> <span class='ocrx_word' id='word_1_161' title='bbox 1241 2455 1378 2510; x_wconf 85' lang='lat' dir='ltr'><strong>Nam</strong></span> <span class='ocrx_word' id='word_1_162' title='bbox 1409 2457 1528 2511; x_wconf 89' lang='lat' dir='ltr'><strong>dies</strong></span> <span class='ocrx_word' id='word_1_163' title='bbox 1559 2455 1726 2510; x_wconf 84' lang='grc'><strong>50681</strong></span> <span class='ocrx_word' id='word_1_164' title='bbox 1769 2473 1931 2528; x_wconf 75' lang='lat' dir='ltr'><strong>syzy-</strong></span> 
     </span>
    </p>
   </div>
   <div class='ocr_carea' id='block_1_25' title="bbox 349 2546 1930 2616">
    <p class='ocr_par' dir='ltr' id='par_1_25' title="bbox 349 2546 1930 2616">
     <span class='ocr_line' id='line_1_25' title="bbox 349 2546 1930 2616; baseline 0.003 -17"><span class='ocrx_word' id='word_1_165' title='bbox 349 2546 467 2616; x_wconf 74' lang='lat' dir='ltr'><strong>gias</strong></span> <span class='ocrx_word' id='word_1_166' title='bbox 485 2547 760 2616; x_wconf 89' lang='lat' dir='ltr'><strong>complent</strong></span> <span class='ocrx_word' id='word_1_167' title='bbox 774 2547 1000 2602; x_wconf 89' lang='lat' dir='ltr'><strong>alternis</strong></span> <span class='ocrx_word' id='word_1_168' title='bbox 1020 2548 1235 2616; x_wconf 91' lang='lat' dir='ltr'><strong>plenas,</strong></span> <span class='ocrx_word' id='word_1_169' title='bbox 1256 2556 1311 2602; x_wconf 86' lang='lat' dir='ltr'><strong>et</strong></span> <span class='ocrx_word' id='word_1_170' title='bbox 1332 2562 1494 2603; x_wconf 89' lang='lat' dir='ltr'><strong>cavas</strong></span> <span class='ocrx_word' id='word_1_171' title='bbox 1512 2547 1674 2612; x_wconf 74' lang='grc'><strong>1040,</strong></span> <span class='ocrx_word' id='word_1_172' title='bbox 1688 2558 1742 2603; x_wconf 92' lang='lat' dir='ltr'><strong>et</strong></span> <span class='ocrx_word' id='word_1_173' title='bbox 1761 2565 1930 2603; x_wconf 90' lang='lat' dir='ltr'><strong>unum</strong></span> 
     </span>
    </p>
   </div>
   <div class='ocr_carea' id='block_1_26' title="bbox 347 2637 1930 2709">
    <p class='ocr_par' dir='ltr' id='par_1_26' title="bbox 347 2637 1930 2709">
     <span class='ocr_line' id='line_1_26' title="bbox 347 2637 1930 2709; baseline 0.003 -18"><span class='ocrx_word' id='word_1_174' title='bbox 347 2646 608 2707; x_wconf 70' lang='lat' dir='ltr'><strong>praeterea</strong></span> <span class='ocrx_word' id='word_1_175' title='bbox 645 2639 811 2693; x_wconf 88' lang='lat' dir='ltr'><strong>diem.</strong></span> <span class='ocrx_word' id='word_1_176' title='bbox 843 2637 921 2693; x_wconf 86' lang='lat' dir='ltr'><strong>Ita</strong></span> <span class='ocrx_word' id='word_1_177' title='bbox 979 2639 1152 2709; x_wconf 66' lang='lat' dir='ltr'><strong>plena:</strong></span> <span class='ocrx_word' id='word_1_178' title='bbox 1204 2648 1332 2695; x_wconf 89' lang='lat' dir='ltr'><strong>sunt</strong></span> <span class='ocrx_word' id='word_1_179' title='bbox 1363 2640 1489 2704; x_wconf 88' lang='grc'><strong>521,</strong></span> <span class='ocrx_word' id='word_1_180' title='bbox 1527 2656 1675 2696; x_wconf 73' lang='lat' dir='ltr'><strong>cavae</strong></span> <span class='ocrx_word' id='word_1_181' title='bbox 1706 2641 1835 2697; x_wconf 88' lang='grc'><strong>519.</strong></span> <span class='ocrx_word' id='word_1_182' title='bbox 1873 2640 1930 2696; x_wconf 91' lang='grc'><strong>111</strong></span> 
     </span>
    </p>
   </div>
   <div class='ocr_carea' id='block_1_27' title="bbox 350 2731 1928 2803">
    <p class='ocr_par' dir='ltr' id='par_1_27' title="bbox 350 2731 1928 2803">
     <span class='ocr_line' id='line_1_27' title="bbox 350 2731 1928 2803; baseline 0.004 -19"><span class='ocrx_word' id='word_1_183' title='bbox 350 2738 464 2784; x_wconf 91' lang='lat' dir='ltr'><strong>tota</strong></span> <span class='ocrx_word' id='word_1_184' title='bbox 500 2745 628 2785; x_wconf 88' lang='lat' dir='ltr'><strong>vero</strong></span> <span class='ocrx_word' id='word_1_185' title='bbox 666 2731 890 2799; x_wconf 89' lang='lat' dir='ltr'><strong>periodo</strong></span> <span class='ocrx_word' id='word_1_186' title='bbox 915 2733 1195 2786; x_wconf 91' lang='lat' dir='ltr'><strong>embolimi</strong></span> <span class='ocrx_word' id='word_1_187' title='bbox 1233 2747 1454 2788; x_wconf 88' lang='lat' dir='ltr'><strong>menses</strong></span> <span class='ocrx_word' id='word_1_188' title='bbox 1486 2734 1634 2803; x_wconf 89' lang='lat' dir='ltr'><strong>pleni</strong></span> <span class='ocrx_word' id='word_1_189' title='bbox 1661 2736 1882 2798; x_wconf 77' lang='grc'><strong>81111151</strong></span> <span class='ocrx_word' id='word_1_190' title='bbox 1913 2754 1928 2803; x_wconf 87' lang='grc'><strong>;</strong></span> 
     </span>
    </p>
   </div>
   <div class='ocr_carea' id='block_1_28' title="bbox 350 2819 1930 2895">
    <p class='ocr_par' dir='ltr' id='par_1_28' title="bbox 350 2819 1930 2895">
     <span class='ocr_line' id='line_1_28' title="bbox 350 2819 1930 2895; baseline 0.005 -22"><span class='ocrx_word' id='word_1_191' title='bbox 350 2819 446 2874; x_wconf 84' lang='lat' dir='ltr'><strong>sed</strong></span> <span class='ocrx_word' id='word_1_192' title='bbox 463 2835 586 2874; x_wconf 84' lang='lat' dir='ltr'><strong>cum</strong></span> <span class='ocrx_word' id='word_1_193' title='bbox 618 2820 759 2876; x_wconf 75' lang='grc'><strong>1010</strong></span> <span class='ocrx_word' id='word_1_194' title='bbox 789 2825 1020 2895; x_wconf 70' lang='lat' dir='ltr'><strong>syzygiae</strong></span> <span class='ocrx_word' id='word_1_195' title='bbox 1049 2824 1270 2880; x_wconf 85' lang='lat' dir='ltr'><strong>lunares</strong></span> <span class='ocrx_word' id='word_1_196' title='bbox 1297 2826 1708 2895; x_wconf 84' lang='lat' dir='ltr'><strong>postulentdies</strong></span> <span class='ocrx_word' id='word_1_197' title='bbox 1732 2826 1930 2894; x_wconf 82' lang='grc'><strong>50682,</strong></span> 
     </span>
    </p>
   </div>
   <div class='ocr_carea' id='block_1_29' title="bbox 349 2911 1931 2988">
    <p class='ocr_par' dir='ltr' id='par_1_29' title="bbox 349 2911 1931 2988">
     <span class='ocr_line' id='line_1_29' title="bbox 349 2911 1931 2988; baseline 0.006 -23"><span class='ocrx_word' id='word_1_198' title='bbox 349 2911 516 2966; x_wconf 88' lang='lat' dir='ltr'><strong>horas</strong></span> <span class='ocrx_word' id='word_1_199' title='bbox 543 2912 596 2980; x_wconf 84' lang='lat'><strong>6,</strong></span> <span class='ocrx_word' id='word_1_200' title='bbox 613 2913 714 2978; x_wconf 85' lang='lat' dir='ltr'><strong>5l&#39;,</strong></span> <span class='ocrx_word' id='word_1_201' title='bbox 749 2915 978 2970; x_wconf 85' lang='lat' dir='ltr'><strong>deerunt</strong></span> <span class='ocrx_word' id='word_1_202' title='bbox 1014 2917 1081 2972; x_wconf 89' lang='lat' dir='ltr'><strong>ad</strong></span> <span class='ocrx_word' id='word_1_203' title='bbox 1128 2917 1373 2984; x_wconf 86' lang='lat' dir='ltr'><strong>ultimam</strong></span> <span class='ocrx_word' id='word_1_204' title='bbox 1408 2918 1788 2988; x_wconf 90' lang='lat' dir='ltr'><strong>complendam</strong></span> <span class='ocrx_word' id='word_1_205' title='bbox 1815 2919 1931 2975; x_wconf 90' lang='lat' dir='ltr'><strong>dies</strong></span> 
     </span>
    </p>
   </div>
   <div class='ocr_carea' id='block_1_30' title="bbox 351 3005 1932 3084">
    <p class='ocr_par' dir='ltr' id='par_1_30' title="bbox 351 3005 1932 3084">
     <span class='ocr_line' id='line_1_30' title="bbox 351 3005 1932 3084; baseline 0.005 -24"><span class='ocrx_word' id='word_1_206' title='bbox 351 3005 405 3070; x_wconf 90' lang='grc'><strong>1,</strong></span> <span class='ocrx_word' id='word_1_207' title='bbox 447 3006 566 3062; x_wconf 91' lang='lat' dir='ltr'><strong>hor.</strong></span> <span class='ocrx_word' id='word_1_208' title='bbox 590 3007 645 3063; x_wconf 93' lang='lat'><strong>7.</strong></span> <span class='ocrx_word' id='word_1_209' title='bbox 675 3009 801 3065; x_wconf 91' lang='lat' dir='ltr'><strong>Ideo</strong></span> <span class='ocrx_word' id='word_1_210' title='bbox 828 3026 1111 3080; x_wconf 89' lang='lat' dir='ltr'><strong>perperam</strong></span> <span class='ocrx_word' id='word_1_211' title='bbox 1154 3011 1231 3066; x_wconf 91' lang='lat' dir='ltr'><strong>illi</strong></span> <span class='ocrx_word' id='word_1_212' title='bbox 1255 3011 1462 3081; x_wconf 81' lang='lat' dir='ltr'><strong>justam</strong></span> <span class='ocrx_word' id='word_1_213' title='bbox 1495 3016 1772 3084; x_wconf 78' lang='lat' dir='ltr'><strong>syzygiam</strong></span> <span class='ocrx_word' id='word_1_214' title='bbox 1809 3028 1932 3068; x_wconf 88' lang='lat' dir='ltr'><strong>con-</strong></span> 
     </span>
    </p>
   </div>
   <div class='ocr_carea' id='block_1_31' title="bbox 347 3097 1931 3177">
    <p class='ocr_par' dir='ltr' id='par_1_31' title="bbox 347 3097 1931 3177">
     <span class='ocr_line' id='line_1_31' title="bbox 347 3097 1931 3177; baseline 0.004 -23"><span class='ocrx_word' id='word_1_215' title='bbox 347 3097 580 3163; x_wconf 77' lang='lat' dir='ltr'><strong>ﬂabant,</strong></span> <span class='ocrx_word' id='word_1_216' title='bbox 612 3117 736 3156; x_wconf 90' lang='lat' dir='ltr'><strong>cum</strong></span> <span class='ocrx_word' id='word_1_217' title='bbox 785 3117 893 3156; x_wconf 94' lang='lat' dir='ltr'><strong>non</strong></span> <span class='ocrx_word' id='word_1_218' title='bbox 939 3103 1206 3172; x_wconf 88' lang='lat' dir='ltr'><strong>amplius.</strong></span> <span class='ocrx_word' id='word_1_219' title='bbox 1237 3119 1401 3173; x_wconf 91' lang='lat' dir='ltr'><strong>quam</strong></span> <span class='ocrx_word' id='word_1_220' title='bbox 1449 3103 1518 3157; x_wconf 88' lang='grc'><strong>28</strong></span> <span class='ocrx_word' id='word_1_221' title='bbox 1555 3103 1692 3177; x_wconf 85' lang='lat' dir='ltr'><strong>dies,</strong></span> <span class='ocrx_word' id='word_1_222' title='bbox 1720 3105 1868 3160; x_wconf 68' lang='lat' dir='ltr'><strong>hora:</strong></span> <span class='ocrx_word' id='word_1_223' title='bbox 1897 3105 1931 3161; x_wconf 91' lang='lat'><strong>6</strong></span> 
     </span>
    </p>
   </div>
   <div class='ocr_carea' id='block_1_32' title="bbox 349 3190 1926 3268">
    <p class='ocr_par' dir='ltr' id='par_1_32' title="bbox 349 3190 1926 3268">
     <span class='ocr_line' id='line_1_32' title="bbox 349 3190 1926 3268; baseline 0.006 -25"><span class='ocrx_word' id='word_1_224' title='bbox 349 3199 720 3260; x_wconf 86' lang='lat' dir='ltr'><strong>superessent.</strong></span> <span class='ocrx_word' id='word_1_225' title='bbox 753 3190 811 3247; x_wconf 88' lang='lat' dir='ltr'><strong>Si</strong></span> <span class='ocrx_word' id='word_1_226' title='bbox 833 3193 978 3247; x_wconf 91' lang='lat' dir='ltr'><strong>enim</strong></span> <span class='ocrx_word' id='word_1_227' title='bbox 1009 3209 1075 3248; x_wconf 75' lang='lat' dir='ltr'><strong>ex</strong></span> <span class='ocrx_word' id='word_1_228' title='bbox 1108 3194 1200 3257; x_wconf 86' lang='grc'><strong>29,</strong></span> <span class='ocrx_word' id='word_1_229' title='bbox 1222 3195 1310 3260; x_wconf 91' lang='grc'><strong>52,</strong></span> <span class='ocrx_word' id='word_1_230' title='bbox 1343 3195 1448 3257; x_wconf 69' lang='grc' dir='ltr'><strong>Μ’,</strong></span> <span class='ocrx_word' id='word_1_231' title='bbox 1481 3211 1605 3268; x_wconf 59' lang='lat' dir='ltr'><strong>quae</strong></span> <span class='ocrx_word' id='word_1_232' title='bbox 1635 3206 1720 3251; x_wconf 86' lang='lat' dir='ltr'><strong>est</strong></span> <span class='ocrx_word' id='word_1_233' title='bbox 1751 3199 1926 3252; x_wconf 89' lang='lat' dir='ltr'><strong>media</strong></span> 
     </span>
    </p>
   </div>
   <div class='ocr_carea' id='block_1_33' title="bbox 352 3281 1925 3357">
    <p class='ocr_par' dir='ltr' id='par_1_33' title="bbox 352 3281 1925 3357">
     <span class='ocr_line' id='line_1_33' title="bbox 352 3281 1925 3357; baseline 0.006 -21"><span class='ocrx_word' id='word_1_234' title='bbox 352 3281 598 3353; x_wconf 78' lang='lat' dir='ltr'><strong>syzygia,</strong></span> <span class='ocrx_word' id='word_1_235' title='bbox 636 3282 877 3338; x_wconf 84' lang='lat' dir='ltr'><strong>deducas</strong></span> <span class='ocrx_word' id='word_1_236' title='bbox 912 3285 962 3350; x_wconf 86' lang='lat' dir='ltr'><strong>l,</strong></span> <span class='ocrx_word' id='word_1_237' title='bbox 995 3283 1052 3352; x_wconf 87' lang='grc'><strong>6,</strong></span> <span class='ocrx_word' id='word_1_238' title='bbox 1093 3281 1172 3338; x_wconf 71' lang='lat'><strong>51&#39;</strong></span> <span class='ocrx_word' id='word_1_239' title='bbox 1217 3297 1547 3357; x_wconf 90' lang='lat' dir='ltr'><strong>supererunt</strong></span> <span class='ocrx_word' id='word_1_240' title='bbox 1571 3287 1661 3355; x_wconf 88' lang='grc'><strong>28,</strong></span> <span class='ocrx_word' id='word_1_241' title='bbox 1697 3289 1752 3352; x_wconf 88' lang='grc'><strong>5,</strong></span> <span class='ocrx_word' id='word_1_242' title='bbox 1783 3288 1866 3344; x_wconf 84' lang='grc'><strong>55¹</strong></span> <span class='ocrx_word' id='word_1_243' title='bbox 1910 3308 1925 3346; x_wconf 90' lang='lat'><strong>:</strong></span> 
     </span>
    </p>
   </div>
   <div class='ocr_carea' id='block_1_34' title="bbox 349 3372 1931 3451">
    <p class='ocr_par' dir='ltr' id='par_1_34' title="bbox 349 3372 1931 3451">
     <span class='ocr_line' id='line_1_34' title="bbox 349 3372 1931 3451; baseline 0.004 -23"><span class='ocrx_word' id='word_1_244' title='bbox 349 3372 454 3428; x_wconf 83' lang='lat' dir='ltr'><strong>hoc</strong></span> <span class='ocrx_word' id='word_1_245' title='bbox 492 3383 576 3428; x_wconf 88' lang='lat' dir='ltr'><strong>est</strong></span> <span class='ocrx_word' id='word_1_246' title='bbox 616 3374 786 3427; x_wconf 75' lang='grc' dir='ltr'>εἴκοσι</span> <span class='ocrx_word' id='word_1_247' title='bbox 837 3373 983 3428; x_wconf 83' lang='grc' dir='ltr'><strong>ὀκτὼ</strong></span> <span class='ocrx_word' id='word_1_248' title='bbox 1032 3374 1267 3447; x_wconf 81' lang='grc' dir='ltr'><strong>ἡμέραι,</strong></span> <span class='ocrx_word' id='word_1_249' title='bbox 1311 3379 1408 3432; x_wconf 79' lang='grc' dir='ltr'><strong>καὶ</strong></span> <span class='ocrx_word' id='word_1_250' title='bbox 1455 3372 1596 3450; x_wconf 82' lang='grc' dir='ltr'><strong>ὧραι</strong></span> <span class='ocrx_word' id='word_1_251' title='bbox 1638 3381 1827 3451; x_wconf 80' lang='grc' dir='ltr'><strong>τρεῖς,</strong></span> <span class='ocrx_word' id='word_1_252' title='bbox 1871 3391 1931 3435; x_wconf 94' lang='grc' dir='ltr'><strong>ιιι</strong></span> 
     </span>
    </p>
   </div>
   <div class='ocr_carea' id='block_1_35' title="bbox 349 3463 1929 3534">
    <p class='ocr_par' dir='ltr' id='par_1_35' title="bbox 349 3463 1929 3534">
     <span class='ocr_line' id='line_1_35' title="bbox 349 3463 1929 3534; baseline 0.004 -16"><span class='ocrx_word' id='word_1_253' title='bbox 349 3465 492 3534; x_wconf 85' lang='lat' dir='ltr'><strong>apud</strong></span> <span class='ocrx_word' id='word_1_254' title='bbox 530 3463 908 3534; x_wconf 45' lang='lat' dir='ltr'><strong>.Epiphanitun</strong></span> <span class='ocrx_word' id='word_1_255' title='bbox 957 3467 1360 3521; x_wconf 86' lang='lat' dir='ltr'><strong>emendandum</strong></span> <span class='ocrx_word' id='word_1_256' title='bbox 1409 3467 1594 3524; x_wconf 83' lang='lat' dir='ltr'><strong>fuerit.</strong></span> <span class='ocrx_word' id='word_1_257' title='bbox 1625 3469 1717 3524; x_wconf 87' lang='lat' dir='ltr'><strong>Sic</strong></span> <span class='ocrx_word' id='word_1_258' title='bbox 1761 3470 1929 3524; x_wconf 89' lang='lat' dir='ltr'><strong>biduo</strong></span> 
     </span>
    </p>
   </div>
   <div class='ocr_carea' id='block_1_36' title="bbox 345 3557 1931 3632">
    <p class='ocr_par' dir='ltr' id='par_1_36' title="bbox 345 3557 1931 3632">
     <span class='ocr_line' id='line_1_36' title="bbox 345 3557 1931 3632; baseline 0.003 -19"><span class='ocrx_word' id='word_1_259' title='bbox 345 3557 462 3613; x_wconf 79' lang='lat' dir='ltr'><strong>fere</strong></span> <span class='ocrx_word' id='word_1_260' title='bbox 490 3558 675 3613; x_wconf 87' lang='lat' dir='ltr'><strong>civiles</strong></span> <span class='ocrx_word' id='word_1_261' title='bbox 693 3559 1004 3615; x_wconf 83' lang='lat' dir='ltr'><strong>neomenias</strong></span> <span class='ocrx_word' id='word_1_262' title='bbox 1028 3559 1128 3622; x_wconf 82' lang='grc' dir='ltr'><strong>τὰς</strong></span> <span class='ocrx_word' id='word_1_263' title='bbox 1155 3559 1402 3630; x_wconf 77' lang='grc' dir='ltr'><strong>ἀκριϐεῖς</strong></span> <span class='ocrx_word' id='word_1_264' title='bbox 1435 3561 1832 3632; x_wconf 89' lang='lat' dir='ltr'><strong>auticipahunt.</strong></span> <span class='ocrx_word' id='word_1_265' title='bbox 1866 3564 1931 3617; x_wconf 87' lang='lat' dir='ltr'><strong>Et</strong></span> 
     </span>
    </p>
   </div>
   <div class='ocr_carea' id='block_1_37' title="bbox 346 3651 1931 3724">
    <p class='ocr_par' dir='ltr' id='par_1_37' title="bbox 346 3651 1931 3724">
     <span class='ocr_line' id='line_1_37' title="bbox 346 3651 1931 3724; baseline 0.003 -22"><span class='ocrx_word' id='word_1_266' title='bbox 346 3652 602 3720; x_wconf 85' lang='lat' dir='ltr'><strong>quoniam</strong></span> <span class='ocrx_word' id='word_1_267' title='bbox 632 3652 896 3721; x_wconf 63' lang='lat' dir='ltr'><strong>ltvplerus</strong></span> <span class='ocrx_word' id='word_1_268' title='bbox 929 3651 1150 3722; x_wconf 81' lang='lat' dir='ltr'><strong>conjicit</strong></span> <span class='ocrx_word' id='word_1_269' title='bbox 1181 3651 1420 3718; x_wconf 64' lang='lat' dir='ltr'><strong>Iudaeos,</strong></span> <span class='ocrx_word' id='word_1_270' title='bbox 1450 3663 1510 3708; x_wconf 91' lang='lat' dir='ltr'><strong>ut</strong></span> <span class='ocrx_word' id='word_1_271' title='bbox 1531 3669 1734 3708; x_wconf 90' lang='lat' dir='ltr'><strong>annum</strong></span> <span class='ocrx_word' id='word_1_272' title='bbox 1759 3654 1931 3724; x_wconf 90' lang='lat' dir='ltr'><strong>tropi-</strong></span> 
     </span>
    </p>
   </div>
   <div class='ocr_carea' id='block_1_38' title="bbox 346 3744 1930 3816">
    <p class='ocr_par' dir='ltr' id='par_1_38' title="bbox 346 3744 1930 3816">
     <span class='ocr_line' id='line_1_38' title="bbox 346 3744 1930 3816; baseline 0.001 -15"><span class='ocrx_word' id='word_1_273' title='bbox 346 3762 474 3801; x_wconf 92' lang='lat' dir='ltr'><strong>cum</strong></span> <span class='ocrx_word' id='word_1_274' title='bbox 505 3762 628 3801; x_wconf 91' lang='lat' dir='ltr'><strong>cum</strong></span> <span class='ocrx_word' id='word_1_275' title='bbox 656 3744 877 3800; x_wconf 85' lang='lat' dir='ltr'><strong>Juliano</strong></span> <span class='ocrx_word' id='word_1_276' title='bbox 903 3745 1283 3812; x_wconf 88' lang='lat' dir='ltr'><strong>conciliarent,</strong></span> <span class='ocrx_word' id='word_1_277' title='bbox 1314 3762 1483 3800; x_wconf 91' lang='lat' dir='ltr'><strong>unum</strong></span> <span class='ocrx_word' id='word_1_278' title='bbox 1523 3747 1665 3803; x_wconf 88' lang='lat' dir='ltr'><strong>diem</strong></span> <span class='ocrx_word' id='word_1_279' title='bbox 1695 3755 1818 3815; x_wconf 90' lang='lat' dir='ltr'><strong>post</strong></span> <span class='ocrx_word' id='word_1_280' title='bbox 1837 3763 1930 3816; x_wconf 76' lang='lat' dir='ltr'><strong>cy-</strong></span> 
     </span>
    </p>
   </div>
   <div class='ocr_carea' id='block_1_39' title="bbox 347 3836 1930 3908">
    <p class='ocr_par' dir='ltr' id='par_1_39' title="bbox 347 3836 1930 3908">
     <span class='ocr_line' id='line_1_39' title="bbox 347 3836 1930 3908; baseline 0.001 -16"><span class='ocrx_word' id='word_1_281' title='bbox 347 3837 461 3892; x_wconf 88' lang='lat' dir='ltr'><strong>clos</strong></span> <span class='ocrx_word' id='word_1_282' title='bbox 495 3838 730 3906; x_wconf 87' lang='lat' dir='ltr'><strong>majores</strong></span> <span class='ocrx_word' id='word_1_283' title='bbox 753 3836 913 3906; x_wconf 91' lang='lat' dir='ltr'><strong>duos,</strong></span> <span class='ocrx_word' id='word_1_284' title='bbox 940 3837 1056 3894; x_wconf 87' lang='lat' dir='ltr'><strong>sive</strong></span> <span class='ocrx_word' id='word_1_285' title='bbox 1085 3854 1259 3894; x_wconf 90' lang='lat' dir='ltr'><strong>annos</strong></span> <span class='ocrx_word' id='word_1_286' title='bbox 1308 3839 1411 3893; x_wconf 87' lang='grc'><strong>168</strong></span> <span class='ocrx_word' id='word_1_287' title='bbox 1445 3840 1736 3904; x_wconf 81' lang='lat' dir='ltr'><strong>exemisse,</strong></span> <span class='ocrx_word' id='word_1_288' title='bbox 1768 3848 1930 3908; x_wconf 88' lang='lat' dir='ltr'><strong>atque</strong></span> 
     </span>
    </p>
   </div>
   <div class='ocr_carea' id='block_1_40' title="bbox 347 3930 1930 4002">
    <p class='ocr_par' dir='ltr' id='par_1_40' title="bbox 347 3930 1930 4002">
     <span class='ocr_line' id='line_1_40' title="bbox 347 3930 1930 4002; baseline 0.002 -19"><span class='ocrx_word' id='word_1_289' title='bbox 347 3930 515 3985; x_wconf 90' lang='lat' dir='ltr'><strong>horas</strong></span> <span class='ocrx_word' id='word_1_290' title='bbox 549 3931 603 3984; x_wconf 88' lang='lat' dir='ltr'><strong>in</strong></span> <span class='ocrx_word' id='word_1_291' title='bbox 655 3942 986 4002; x_wconf 81' lang='lat' dir='ltr'><strong>unaquaque</strong></span> <span class='ocrx_word' id='word_1_292' title='bbox 1036 3933 1588 3989; x_wconf 87' lang='lat' dir='ltr'><strong>tessaradecaeteride</strong></span> <span class='ocrx_word' id='word_1_293' title='bbox 1618 3933 1791 3999; x_wconf 88' lang='lat' dir='ltr'><strong>duas;</strong></span> <span class='ocrx_word' id='word_1_294' title='bbox 1825 3934 1930 3987; x_wconf 89' lang='lat' dir='ltr'><strong>hoc</strong></span> 
     </span>
    </p>
   </div>
   <div class='ocr_carea' id='block_1_41' title="bbox 349 4024 1929 4094">
    <p class='ocr_par' dir='ltr' id='par_1_41' title="bbox 349 4024 1929 4094">
     <span class='ocr_line' id='line_1_41' title="bbox 349 4024 1929 4094; baseline 0.003 -16"><span class='ocrx_word' id='word_1_295' title='bbox 349 4024 396 4078; x_wconf 95' lang='lat' dir='ltr'><strong>si</strong></span> <span class='ocrx_word' id='word_1_296' title='bbox 425 4038 614 4078; x_wconf 86' lang='lat' dir='ltr'><strong>verum</strong></span> <span class='ocrx_word' id='word_1_297' title='bbox 665 4031 772 4094; x_wconf 86' lang='lat' dir='ltr'><strong>est,</strong></span> <span class='ocrx_word' id='word_1_298' title='bbox 813 4026 1337 4082; x_wconf 82' lang='lat' dir='ltr'><strong>tessaradecaeteris</strong></span> <span class='ocrx_word' id='word_1_299' title='bbox 1369 4026 1589 4082; x_wconf 84' lang='lat' dir='ltr'><strong>Juliana</strong></span> <span class='ocrx_word' id='word_1_300' title='bbox 1617 4028 1734 4083; x_wconf 83' lang='lat' dir='ltr'><strong>dies</strong></span> <span class='ocrx_word' id='word_1_301' title='bbox 1761 4028 1929 4082; x_wconf 83' lang='lat' dir='ltr'><strong>habe-</strong></span> 
     </span>
    </p>
   </div>
   <div class='ocr_carea' id='block_1_42' title="bbox 349 4117 1927 4191">
    <p class='ocr_par' dir='ltr' id='par_1_42' title="bbox 349 4117 1927 4191">
     <span class='ocr_line' id='line_1_42' title="bbox 349 4117 1927 4191; baseline 0.001 -19"><span class='ocrx_word' id='word_1_302' title='bbox 349 4117 608 4184; x_wconf 82' lang='grc' dir='ltr'><strong>111ι5115,</strong></span> <span class='ocrx_word' id='word_1_303' title='bbox 643 4119 768 4176; x_wconf 86' lang='lat' dir='ltr'><strong>hor.</strong></span> <span class='ocrx_word' id='word_1_304' title='bbox 805 4119 894 4174; x_wconf 88' lang='grc'><strong>10.</strong></span> <span class='ocrx_word' id='word_1_305' title='bbox 920 4119 967 4173; x_wconf 86' lang='grc' dir='ltr'><strong>Α</strong></span> <span class='ocrx_word' id='word_1_306' title='bbox 995 4119 1198 4191; x_wconf 87' lang='lat' dir='ltr'><strong>quibus</strong></span> <span class='ocrx_word' id='word_1_307' title='bbox 1223 4121 1466 4191; x_wconf 89' lang='lat' dir='ltr'><strong>quinque</strong></span> <span class='ocrx_word' id='word_1_308' title='bbox 1488 4120 1680 4176; x_wconf 87' lang='lat' dir='ltr'><strong>diebus</strong></span> <span class='ocrx_word' id='word_1_309' title='bbox 1709 4119 1927 4182; x_wconf 89' lang='lat' dir='ltr'><strong>ablatis,</strong></span> 
     </span>
    </p>
   </div>
   <div class='ocr_carea' id='block_1_43' title="bbox 348 4211 1930 4284">
    <p class='ocr_par' dir='ltr' id='par_1_43' title="bbox 348 4211 1930 4284">
     <span class='ocr_line' id='line_1_43' title="bbox 348 4211 1930 4284; baseline 0.001 -20"><span class='ocrx_word' id='word_1_310' title='bbox 348 4211 444 4280; x_wconf 92' lang='lat' dir='ltr'><strong>qui</strong></span> <span class='ocrx_word' id='word_1_311' title='bbox 486 4212 538 4266; x_wconf 91' lang='grc'><strong>111</strong></span> <span class='ocrx_word' id='word_1_312' title='bbox 586 4213 798 4283; x_wconf 86' lang='lat' dir='ltr'><strong>cyclum</strong></span> <span class='ocrx_word' id='word_1_313' title='bbox 855 4221 1194 4283; x_wconf 88' lang='lat' dir='ltr'><strong>postremum</strong></span> <span class='ocrx_word' id='word_1_314' title='bbox 1225 4225 1602 4279; x_wconf 83' lang='lat' dir='ltr'><strong>reservantur,</strong></span> <span class='ocrx_word' id='word_1_315' title='bbox 1634 4222 1930 4284; x_wconf 86' lang='lat' dir='ltr'><strong>supersunt</strong></span> 
     </span>
    </p>
   </div>
   <div class='ocr_carea' id='block_1_44' title="bbox 347 4301 1926 4372">
    <p class='ocr_par' dir='ltr' id='par_1_44' title="bbox 347 4301 1926 4372">
     <span class='ocr_line' id='line_1_44' title="bbox 347 4301 1926 4372; baseline 0 -16"><span class='ocrx_word' id='word_1_316' title='bbox 347 4301 512 4368; x_wconf 86' lang='grc'><strong>5108,</strong></span> <span class='ocrx_word' id='word_1_317' title='bbox 543 4301 631 4356; x_wconf 85' lang='grc'><strong>10.</strong></span> <span class='ocrx_word' id='word_1_318' title='bbox 665 4302 738 4358; x_wconf 89' lang='lat' dir='ltr'><strong>De</strong></span> <span class='ocrx_word' id='word_1_319' title='bbox 791 4303 992 4372; x_wconf 86' lang='lat' dir='ltr'><strong>quibus</strong></span> <span class='ocrx_word' id='word_1_320' title='bbox 1031 4303 1276 4359; x_wconf 86' lang='lat' dir='ltr'><strong>detracta</strong></span> <span class='ocrx_word' id='word_1_321' title='bbox 1314 4304 1620 4372; x_wconf 89' lang='lat' dir='ltr'><strong>quantitate</strong></span> <span class='ocrx_word' id='word_1_322' title='bbox 1667 4304 1926 4357; x_wconf 82' lang='lat' dir='ltr'><strong>tredecim</strong></span> 
     </span>
    </p>
   </div>
   <div class='ocr_carea' id='block_1_45' title="bbox 348 4393 1928 4464">
    <p class='ocr_par' dir='ltr' id='par_1_45' title="bbox 348 4393 1928 4464">
     <span class='ocr_line' id='line_1_45' title="bbox 348 4393 1928 4464; baseline -0.001 -14"><span class='ocrx_word' id='word_1_323' title='bbox 348 4411 618 4450; x_wconf 86' lang='lat' dir='ltr'><strong>annorum</strong></span> <span class='ocrx_word' id='word_1_324' title='bbox 661 4394 1032 4460; x_wconf 81' lang='lat' dir='ltr'><strong>Julianorum,</strong></span> <span class='ocrx_word' id='word_1_325' title='bbox 1063 4395 1310 4450; x_wconf 91' lang='lat' dir='ltr'><strong>decimus</strong></span> <span class='ocrx_word' id='word_1_326' title='bbox 1359 4404 1590 4464; x_wconf 90' lang='lat' dir='ltr'><strong>quartus</strong></span> <span class='ocrx_word' id='word_1_327' title='bbox 1616 4394 1734 4448; x_wconf 89' lang='lat' dir='ltr'><strong>dies</strong></span> <span class='ocrx_word' id='word_1_328' title='bbox 1771 4393 1928 4448; x_wconf 81' lang='lat' dir='ltr'><strong>aufe-</strong></span> 
     </span>
    </p>
   </div>
   <div class='ocr_carea' id='block_1_46' title="bbox 347 4486 1932 4569">
    <p class='ocr_par' dir='ltr' id='par_1_46' title="bbox 347 4486 1932 4569">
     <span class='ocr_line' id='line_1_46' title="bbox 347 4486 1932 4569; baseline -0.004 -27"><span class='ocrx_word' id='word_1_329' title='bbox 347 4498 431 4542; x_wconf 88' lang='lat' dir='ltr'><strong>ret</strong></span> <span class='ocrx_word' id='word_1_330' title='bbox 455 4488 558 4543; x_wconf 87' lang='grc'><strong>560</strong></span> <span class='ocrx_word' id='word_1_331' title='bbox 592 4491 631 4569; x_wconf 60' lang='grc' dir='ltr'><strong>-ξ</strong></span> <span class='ocrx_word' id='word_1_332' title='bbox 651 4529 666 4553; x_wconf 97' lang='grc'>,</span> <span class='ocrx_word' id='word_1_333' title='bbox 717 4497 777 4542; x_wconf 88' lang='grc' dir='ltr'><strong>ιιι</strong></span> <span class='ocrx_word' id='word_1_334' title='bbox 805 4487 947 4556; x_wconf 88' lang='lat' dir='ltr'><strong>apud</strong></span> <span class='ocrx_word' id='word_1_335' title='bbox 971 4486 1332 4556; x_wconf 83' lang='lat' dir='ltr'><strong>Epiphanium</strong></span> <span class='ocrx_word' id='word_1_336' title='bbox 1365 4486 1466 4556; x_wconf 76' lang='lat' dir='ltr'><strong>legi</strong></span> <span class='ocrx_word' id='word_1_337' title='bbox 1496 4494 1740 4555; x_wconf 83' lang='lat' dir='ltr'><strong>oporteat</strong></span> <span class='ocrx_word' id='word_1_338' title='bbox 1768 4503 1780 4538; x_wconf 94' lang='lat'>:</span> <span class='ocrx_word' id='word_1_339' title='bbox 1805 4486 1932 4538; x_wconf 78' lang='grc' dir='ltr'><strong>Λοι-</strong></span> 
     </span>
    </p>
   </div>
   <div class='ocr_carea' id='block_1_47' title="bbox 2035 634 2182 680">
    <p class='ocr_par' dir='ltr' id='par_1_47' title="bbox 2035 634 2182 680">
     <span class='ocr_line' id='line_1_47' title="bbox 2035 634 2182 680; baseline 0.007 -1"><span class='ocrx_word' id='word_1_340' title='bbox 2035 634 2182 680; x_wconf 76' lang='lat' dir='ltr'><strong>Sunt.</strong></span> 
     </span>
    </p>
   </div>
   <div class='ocr_carea' id='block_1_48' title="bbox 2101 713 3621 788">
    <p class='ocr_par' dir='ltr' id='par_1_48' title="bbox 2101 713 3621 788">
     <span class='ocr_line' id='line_1_48' title="bbox 2101 713 3621 788; baseline 0 -18"><span class='ocrx_word' id='word_1_341' title='bbox 2101 715 2313 788; x_wconf 78' lang='lat' dir='ltr'><strong>Negare</strong></span> <span class='ocrx_word' id='word_1_342' title='bbox 2364 715 2608 787; x_wconf 80' lang='lat' dir='ltr'><strong>profecto</strong></span> <span class='ocrx_word' id='word_1_343' title='bbox 2665 730 2827 772; x_wconf 88' lang='lat' dir='ltr'><strong>nemo</strong></span> <span class='ocrx_word' id='word_1_344' title='bbox 2875 724 3074 786; x_wconf 86' lang='lat' dir='ltr'><strong>potest.</strong></span> <span class='ocrx_word' id='word_1_345' title='bbox 3099 716 3226 785; x_wconf 89' lang='lat' dir='ltr'><strong>quin</strong></span> <span class='ocrx_word' id='word_1_346' title='bbox 3263 713 3471 772; x_wconf 87' lang='lat' dir='ltr'><strong>utravis</strong></span> <span class='ocrx_word' id='word_1_347' title='bbox 3531 715 3621 770; x_wconf 83' lang='lat' dir='ltr'><strong>illa</strong></span> 
     </span>
    </p>
   </div>
   <div class='ocr_carea' id='block_1_49' title="bbox 2035 806 3624 879">
    <p class='ocr_par' dir='ltr' id='par_1_49' title="bbox 2035 806 3624 879">
     <span class='ocr_line' id='line_1_49' title="bbox 2035 806 3624 879; baseline -0.001 -17"><span class='ocrx_word' id='word_1_348' title='bbox 2035 810 2174 864; x_wconf 86' lang='lat' dir='ltr'><strong>ratio</strong></span> <span class='ocrx_word' id='word_1_349' title='bbox 2210 825 2334 864; x_wconf 87' lang='lat' dir='ltr'><strong>cum</strong></span> <span class='ocrx_word' id='word_1_350' title='bbox 2383 809 2668 879; x_wconf 84' lang='lat' dir='ltr'><strong>Epiphanii</strong></span> <span class='ocrx_word' id='word_1_351' title='bbox 2710 809 2890 864; x_wconf 84' lang='lat' dir='ltr'><strong>verbis</strong></span> <span class='ocrx_word' id='word_1_352' title='bbox 2915 818 3201 878; x_wconf 83' lang='lat' dir='ltr'><strong>congruat.</strong></span> <span class='ocrx_word' id='word_1_353' title='bbox 3229 807 3498 863; x_wconf 68' lang='lat' dir='ltr'><strong>Caeterum</strong></span> <span class='ocrx_word' id='word_1_354' title='bbox 3527 806 3624 862; x_wconf 79' lang='lat' dir='ltr'><strong>Ju-</strong></span> 
     </span>
    </p>
   </div>
   <div class='ocr_carea' id='block_1_50' title="bbox 2035 896 3624 968">
    <p class='ocr_par' dir='ltr' id='par_1_50' title="bbox 2035 896 3624 968">
     <span class='ocr_line' id='line_1_50' title="bbox 2035 896 3624 968; baseline 0.001 -18"><span class='ocrx_word' id='word_1_355' title='bbox 2035 896 2183 950; x_wconf 75' lang='lat' dir='ltr'><strong>dzeos</strong></span> <span class='ocrx_word' id='word_1_356' title='bbox 2209 904 2292 952; x_wconf 86' lang='lat' dir='ltr'><strong>vel</strong></span> <span class='ocrx_word' id='word_1_357' title='bbox 2325 899 2445 963; x_wconf 83' lang='lat' dir='ltr'><strong>hac,</strong></span> <span class='ocrx_word' id='word_1_358' title='bbox 2474 898 2558 952; x_wconf 86' lang='lat' dir='ltr'><strong>vel</strong></span> <span class='ocrx_word' id='word_1_359' title='bbox 2584 898 2749 952; x_wconf 82' lang='lat' dir='ltr'><strong>simili</strong></span> <span class='ocrx_word' id='word_1_360' title='bbox 2795 913 3059 952; x_wconf 84' lang='lat' dir='ltr'><strong>annorum</strong></span> <span class='ocrx_word' id='word_1_361' title='bbox 3110 898 3472 968; x_wconf 85' lang='lat' dir='ltr'><strong>dispositione</strong></span> <span class='ocrx_word' id='word_1_362' title='bbox 3519 900 3624 953; x_wconf 92' lang='lat' dir='ltr'><strong>sub</strong></span> 
     </span>
    </p>
   </div>
   <div class='ocr_carea' id='block_1_51' title="bbox 2038 986 3624 1058">
    <p class='ocr_par' dir='ltr' id='par_1_51' title="bbox 2038 986 3624 1058">
     <span class='ocr_line' id='line_1_51' title="bbox 2038 986 3624 1058; baseline 0.001 -15"><span class='ocrx_word' id='word_1_363' title='bbox 2038 987 2265 1050; x_wconf 86' lang='lat' dir='ltr'><strong>Christi,</strong></span> <span class='ocrx_word' id='word_1_364' title='bbox 2315 989 2554 1058; x_wconf 84' lang='lat' dir='ltr'><strong>adeoque</strong></span> <span class='ocrx_word' id='word_1_365' title='bbox 2585 989 2689 1044; x_wconf 89' lang='lat' dir='ltr'><strong>sub</strong></span> <span class='ocrx_word' id='word_1_366' title='bbox 2731 986 2934 1043; x_wconf 78' lang='lat' dir='ltr'><strong>Niczeni</strong></span> <span class='ocrx_word' id='word_1_367' title='bbox 2973 989 3189 1045; x_wconf 86' lang='lat' dir='ltr'><strong>concilii</strong></span> <span class='ocrx_word' id='word_1_368' title='bbox 3215 999 3456 1058; x_wconf 71' lang='lat' dir='ltr'><strong>tm’pora</strong></span> <span class='ocrx_word' id='word_1_369' title='bbox 3488 1006 3624 1045; x_wconf 85' lang='lat' dir='ltr'><strong>usos</strong></span> 
     </span>
    </p>
   </div>
   <div class='ocr_carea' id='block_1_52' title="bbox 2036 1082 3622 1154">
    <p class='ocr_par' dir='ltr' id='par_1_52' title="bbox 2036 1082 3622 1154">
     <span class='ocr_line' id='line_1_52' title="bbox 2036 1082 3622 1154; baseline 0.001 -17"><span class='ocrx_word' id='word_1_370' title='bbox 2036 1099 2178 1148; x_wconf 84' lang='lat' dir='ltr'><strong>csse,</strong></span> <span class='ocrx_word' id='word_1_371' title='bbox 2207 1099 2328 1152; x_wconf 78' lang='lat' dir='ltr'><strong>qua:</strong></span> <span class='ocrx_word' id='word_1_372' title='bbox 2346 1099 2376 1138; x_wconf 88' lang='lat' dir='ltr'><strong>a</strong></span> <span class='ocrx_word' id='word_1_373' title='bbox 2399 1083 2533 1139; x_wconf 90' lang='lat' dir='ltr'><strong>solis</strong></span> <span class='ocrx_word' id='word_1_374' title='bbox 2563 1085 2802 1138; x_wconf 88' lang='lat' dir='ltr'><strong>motibus</strong></span> <span class='ocrx_word' id='word_1_375' title='bbox 2818 1084 3111 1138; x_wconf 83' lang='lat' dir='ltr'><strong>aberraret.</strong></span> <span class='ocrx_word' id='word_1_376' title='bbox 3138 1082 3308 1138; x_wconf 64' lang='lat' dir='ltr'><strong>unita</strong></span> <span class='ocrx_word' id='word_1_377' title='bbox 3337 1095 3622 1154; x_wconf 67' lang='lat' dir='ltr'><strong>snnt,qua:</strong></span> 
     </span>
    </p>
   </div>
   <div class='ocr_carea' id='block_1_53' title="bbox 2036 1172 3623 1244">
    <p class='ocr_par' dir='ltr' id='par_1_53' title="bbox 2036 1172 3623 1244">
     <span class='ocr_line' id='line_1_53' title="bbox 2036 1172 3623 1244; baseline 0 -16"><span class='ocrx_word' id='word_1_378' title='bbox 2036 1175 2383 1244; x_wconf 87' lang='lat' dir='ltr'><strong>persuadent.</strong></span> <span class='ocrx_word' id='word_1_379' title='bbox 2411 1172 2515 1229; x_wconf 90' lang='lat' dir='ltr'><strong>Sed</strong></span> <span class='ocrx_word' id='word_1_380' title='bbox 2540 1174 2669 1228; x_wconf 91' lang='lat' dir='ltr'><strong>illud</strong></span> <span class='ocrx_word' id='word_1_381' title='bbox 2699 1175 2750 1227; x_wconf 91' lang='lat' dir='ltr'><strong>in</strong></span> <span class='ocrx_word' id='word_1_382' title='bbox 2767 1173 2979 1244; x_wconf 90' lang='lat' dir='ltr'><strong>primis,</strong></span> <span class='ocrx_word' id='word_1_383' title='bbox 3003 1175 3146 1244; x_wconf 90' lang='lat' dir='ltr'><strong>quod</strong></span> <span class='ocrx_word' id='word_1_384' title='bbox 3169 1182 3365 1244; x_wconf 88' lang='lat' dir='ltr'><strong>.postea</strong></span> <span class='ocrx_word' id='word_1_385' title='bbox 3399 1173 3623 1228; x_wconf 82' lang='lat' dir='ltr'><strong>demon-</strong></span> 
     </span>
    </p>
   </div>
   <div class='ocr_carea' id='block_1_54' title="bbox 2038 1258 3622 1334">
    <p class='ocr_par' dir='ltr' id='par_1_54' title="bbox 2038 1258 3622 1334">
     <span class='ocr_line' id='line_1_54' title="bbox 2038 1258 3622 1334; baseline 0.001 -16"><span class='ocrx_word' id='word_1_386' title='bbox 2038 1258 2369 1320; x_wconf 82' lang='lat' dir='ltr'><strong>strabimus:</strong></span> <span class='ocrx_word' id='word_1_387' title='bbox 2400 1264 2612 1319; x_wconf 87' lang='lat' dir='ltr'><strong>Pascha</strong></span> <span class='ocrx_word' id='word_1_388' title='bbox 2651 1264 2705 1318; x_wconf 92' lang='lat' dir='ltr'><strong>in</strong></span> <span class='ocrx_word' id='word_1_389' title='bbox 2737 1275 3011 1334; x_wconf 83' lang='lat' dir='ltr'><strong>postremo</strong></span> <span class='ocrx_word' id='word_1_390' title='bbox 3045 1280 3257 1328; x_wconf 86' lang='lat' dir='ltr'><strong>mense,</strong></span> <span class='ocrx_word' id='word_1_391' title='bbox 3301 1265 3353 1320; x_wconf 91' lang='lat' dir='ltr'><strong>id</strong></span> <span class='ocrx_word' id='word_1_392' title='bbox 3387 1277 3470 1320; x_wconf 90' lang='lat' dir='ltr'><strong>est</strong></span> <span class='ocrx_word' id='word_1_393' title='bbox 3495 1275 3622 1320; x_wconf 85' lang='lat' dir='ltr'><strong>ante</strong></span> 
     </span>
    </p>
   </div>
   <div class='ocr_carea' id='block_1_55' title="bbox 2036 1354 3622 1426">
    <p class='ocr_par' dir='ltr' id='par_1_55' title="bbox 2036 1354 3622 1426">
     <span class='ocr_line' id='line_1_55' title="bbox 2036 1354 3622 1426; baseline 0.003 -17"><span class='ocrx_word' id='word_1_394' title='bbox 2036 1355 2422 1425; x_wconf 66' lang='lat' dir='ltr'><strong>aequinoctium</strong></span> <span class='ocrx_word' id='word_1_395' title='bbox 2479 1371 2510 1410; x_wconf 87' lang='lat' dir='ltr'><strong>a</strong></span> <span class='ocrx_word' id='word_1_396' title='bbox 2549 1354 2753 1412; x_wconf 68' lang='grc' dir='ltr'><strong>⁴1116ίεί8</strong></span> <span class='ocrx_word' id='word_1_397' title='bbox 2803 1357 2999 1426; x_wconf 62' lang='lat' dir='ltr'><strong>saepius</strong></span> <span class='ocrx_word' id='word_1_398' title='bbox 3039 1367 3337 1426; x_wconf 88' lang='lat' dir='ltr'><strong>peractum.</strong></span> <span class='ocrx_word' id='word_1_399' title='bbox 3385 1357 3622 1414; x_wconf 79' lang='lat' dir='ltr'><strong>Necesse</strong></span> 
     </span>
    </p>
   </div>
   <div class='ocr_carea' id='block_1_56' title="bbox 2035 1443 3618 1515">
    <p class='ocr_par' dir='ltr' id='par_1_56' title="bbox 2035 1443 3618 1515">
     <span class='ocr_line' id='line_1_56' title="bbox 2035 1443 3618 1515; baseline 0.003 -16"><span class='ocrx_word' id='word_1_400' title='bbox 2035 1452 2120 1499; x_wconf 85' lang='lat' dir='ltr'><strong>est</strong></span> <span class='ocrx_word' id='word_1_401' title='bbox 2142 1443 2325 1513; x_wconf 85' lang='lat' dir='ltr'><strong>itaque</strong></span> <span class='ocrx_word' id='word_1_402' title='bbox 2357 1445 2529 1499; x_wconf 87' lang='lat' dir='ltr'><strong>labem</strong></span> <span class='ocrx_word' id='word_1_403' title='bbox 2554 1446 2789 1515; x_wconf 85' lang='lat' dir='ltr'><strong>aliquam</strong></span> <span class='ocrx_word' id='word_1_404' title='bbox 2813 1447 2878 1500; x_wconf 89' lang='lat' dir='ltr'><strong>ad</strong></span> <span class='ocrx_word' id='word_1_405' title='bbox 2901 1447 3132 1502; x_wconf 66' lang='lat' dir='ltr'><strong>solarem</strong></span> <span class='ocrx_word' id='word_1_406' title='bbox 3164 1449 3379 1502; x_wconf 87' lang='lat' dir='ltr'><strong>illorum</strong></span> <span class='ocrx_word' id='word_1_407' title='bbox 3413 1465 3618 1504; x_wconf 87' lang='lat' dir='ltr'><strong>annum</strong></span> 
     </span>
    </p>
   </div>
   <div class='ocr_carea' id='block_1_57' title="bbox 2037 1533 3619 1606">
    <p class='ocr_par' dir='ltr' id='par_1_57' title="bbox 2037 1533 3619 1606">
     <span class='ocr_line' id='line_1_57' title="bbox 2037 1533 3619 1606; baseline 0.005 -20"><span class='ocrx_word' id='word_1_408' title='bbox 2037 1533 2334 1601; x_wconf 85' lang='lat' dir='ltr'><strong>accidisse;</strong></span> <span class='ocrx_word' id='word_1_409' title='bbox 2390 1548 2608 1605; x_wconf 91' lang='lat' dir='ltr'><strong>propter</strong></span> <span class='ocrx_word' id='word_1_410' title='bbox 2635 1552 2799 1606; x_wconf 87' lang='lat' dir='ltr'><strong>quam</strong></span> <span class='ocrx_word' id='word_1_411' title='bbox 2836 1552 2865 1590; x_wconf 90' lang='lat' dir='ltr'><strong>a</strong></span> <span class='ocrx_word' id='word_1_412' title='bbox 2916 1538 3098 1605; x_wconf 86' lang='lat' dir='ltr'><strong>priore</strong></span> <span class='ocrx_word' id='word_1_413' title='bbox 3129 1539 3337 1606; x_wconf 73' lang='lat' dir='ltr'><strong>epocha</strong></span> <span class='ocrx_word' id='word_1_414' title='bbox 3397 1540 3619 1594; x_wconf 76' lang='lat' dir='ltr'><strong>luxatus</strong></span> 
     </span>
    </p>
   </div>
   <div class='ocr_carea' id='block_1_58' title="bbox 2037 1624 3617 1696">
    <p class='ocr_par' dir='ltr' id='par_1_58' title="bbox 2037 1624 3617 1696">
     <span class='ocr_line' id='line_1_58' title="bbox 2037 1624 3617 1696; baseline 0.006 -20"><span class='ocrx_word' id='word_1_415' title='bbox 2037 1624 2090 1677; x_wconf 91' lang='lat' dir='ltr'><strong>in</strong></span> <span class='ocrx_word' id='word_1_416' title='bbox 2116 1628 2391 1680; x_wconf 85' lang='lat' dir='ltr'><strong>anteriora</strong></span> <span class='ocrx_word' id='word_1_417' title='bbox 2433 1628 2754 1681; x_wconf 87' lang='lat' dir='ltr'><strong>recesserit:</strong></span> <span class='ocrx_word' id='word_1_418' title='bbox 2787 1627 3096 1696; x_wconf 85' lang='lat' dir='ltr'><strong>cujusmodi</strong></span> <span class='ocrx_word' id='word_1_419' title='bbox 3131 1629 3319 1684; x_wconf 85' lang='lat' dir='ltr'><strong>vitium</strong></span> <span class='ocrx_word' id='word_1_420' title='bbox 3353 1630 3487 1684; x_wconf 85' lang='lat' dir='ltr'><strong>alias</strong></span> <span class='ocrx_word' id='word_1_421' title='bbox 3516 1632 3617 1685; x_wconf 82' lang='lat' dir='ltr'><strong>tri-</strong></span> 
     </span>
    </p>
   </div>
   <div class='ocr_carea' id='block_1_59' title="bbox 2038 1716 3619 1795">
    <p class='ocr_par' dir='ltr' id='par_1_59' title="bbox 2038 1716 3619 1795">
     <span class='ocr_line' id='line_1_59' title="bbox 2038 1716 3619 1795; baseline 0.006 -26"><span class='ocrx_word' id='word_1_422' title='bbox 2038 1716 2164 1782; x_wconf 89' lang='lat' dir='ltr'><strong>dui,</strong></span> <span class='ocrx_word' id='word_1_423' title='bbox 2203 1718 2351 1772; x_wconf 83' lang='lat' dir='ltr'><strong>bidui</strong></span> <span class='ocrx_word' id='word_1_424' title='bbox 2381 1719 2520 1774; x_wconf 86' lang='lat' dir='ltr'><strong>alias</strong></span> <span class='ocrx_word' id='word_1_425' title='bbox 2551 1721 2782 1784; x_wconf 81' lang='lat' dir='ltr'><strong>exstitit,</strong></span> <span class='ocrx_word' id='word_1_426' title='bbox 2823 1721 2875 1774; x_wconf 92' lang='lat' dir='ltr'><strong>in</strong></span> <span class='ocrx_word' id='word_1_427' title='bbox 2910 1722 3106 1776; x_wconf 86' lang='lat' dir='ltr'><strong>Aureis</strong></span> <span class='ocrx_word' id='word_1_428' title='bbox 3145 1725 3390 1777; x_wconf 78' lang='lat' dir='ltr'><strong>numeris</strong></span> <span class='ocrx_word' id='word_1_429' title='bbox 3423 1738 3534 1795; x_wconf 75' lang='lat' dir='ltr'><strong>six,</strong></span> <span class='ocrx_word' id='word_1_430' title='bbox 3563 1731 3619 1778; x_wconf 85' lang='lat' dir='ltr'><strong>et</strong></span> 
     </span>
    </p>
   </div>
   <div class='ocr_carea' id='block_1_60' title="bbox 2037 1807 3640 1882">
    <p class='ocr_par' dir='ltr' id='par_1_60' title="bbox 2037 1807 3640 1882">
     <span class='ocr_line' id='line_1_60' title="bbox 2037 1807 3640 1882; baseline 0.005 -21"><span class='ocrx_word' id='word_1_431' title='bbox 2037 1823 2134 1862; x_wconf 85' lang='lat' dir='ltr'><strong>vut</strong></span> <span class='ocrx_word' id='word_1_432' title='bbox 2161 1807 2574 1874; x_wconf 82' lang='lat' dir='ltr'><strong>Alexandrinis;</strong></span> <span class='ocrx_word' id='word_1_433' title='bbox 2604 1826 2744 1880; x_wconf 87' lang='lat' dir='ltr'><strong>quos</strong></span> <span class='ocrx_word' id='word_1_434' title='bbox 2779 1811 2950 1866; x_wconf 65' lang='lat' dir='ltr'><strong>Judaei</strong></span> <span class='ocrx_word' id='word_1_435' title='bbox 2983 1812 3257 1882; x_wconf 87' lang='lat' dir='ltr'><strong>simplices</strong></span> <span class='ocrx_word' id='word_1_436' title='bbox 3285 1813 3640 1870; x_wconf 63' lang='lat' dir='ltr'><strong>habuerunt.-</strong></span> 
     </span>
    </p>
   </div>
   <div class='ocr_carea' id='block_1_61' title="bbox 1963 1894 3617 1973">
    <p class='ocr_par' dir='ltr' id='par_1_61' title="bbox 1963 1894 3617 1973">
     <span class='ocr_line' id='line_1_61' title="bbox 1963 1894 3617 1973; baseline 0.006 -23"><span class='ocrx_word' id='word_1_437' title='bbox 1963 1894 2007 1949; x_wconf 89' lang='lat' dir='ltr'><strong>B</strong></span> <span class='ocrx_word' id='word_1_438' title='bbox 2039 1898 2092 1952; x_wconf 95' lang='lat' dir='ltr'><strong>In</strong></span> <span class='ocrx_word' id='word_1_439' title='bbox 2140 1899 2225 1953; x_wconf 92' lang='lat' dir='ltr'><strong>bis</strong></span> <span class='ocrx_word' id='word_1_440' title='bbox 2261 1902 2403 1954; x_wconf 84' lang='lat' dir='ltr'><strong>enim</strong></span> <span class='ocrx_word' id='word_1_441' title='bbox 2437 1901 2648 1956; x_wconf 88' lang='lat' dir='ltr'><strong>decima</strong></span> <span class='ocrx_word' id='word_1_442' title='bbox 2678 1911 2872 1972; x_wconf 88' lang='lat' dir='ltr'><strong>quarta</strong></span> <span class='ocrx_word' id='word_1_443' title='bbox 2925 1903 3153 1968; x_wconf 89' lang='lat' dir='ltr'><strong>lunaris,</strong></span> <span class='ocrx_word' id='word_1_444' title='bbox 3186 1913 3239 1958; x_wconf 90' lang='lat' dir='ltr'><strong>et</strong></span> <span class='ocrx_word' id='word_1_445' title='bbox 3271 1905 3487 1973; x_wconf 86' lang='lat' dir='ltr'><strong>quidem</strong></span> <span class='ocrx_word' id='word_1_446' title='bbox 3511 1904 3617 1960; x_wconf 79' lang='lat' dir='ltr'><strong>Pa-</strong></span> 
     </span>
    </p>
   </div>
   <div class='ocr_carea' id='block_1_62' title="bbox 2035 1987 3614 2061">
    <p class='ocr_par' dir='ltr' id='par_1_62' title="bbox 2035 1987 3614 2061">
     <span class='ocr_line' id='line_1_62' title="bbox 2035 1987 3614 2061; baseline 0.003 -16"><span class='ocrx_word' id='word_1_447' title='bbox 2035 1991 2237 2045; x_wconf 85' lang='lat' dir='ltr'><strong>schalis</strong></span> <span class='ocrx_word' id='word_1_448' title='bbox 2262 1989 2483 2046; x_wconf 85' lang='lat' dir='ltr'><strong>.ludaica</strong></span> <span class='ocrx_word' id='word_1_449' title='bbox 2531 1994 2582 2046; x_wconf 92' lang='lat' dir='ltr'><strong>in</strong></span> <span class='ocrx_word' id='word_1_450' title='bbox 2615 2009 2748 2048; x_wconf 74' lang='lat' dir='ltr'><strong>xvtu</strong></span> <span class='ocrx_word' id='word_1_451' title='bbox 2783 2009 2846 2048; x_wconf 83' lang='lat' dir='ltr'><strong>ac</strong></span> <span class='ocrx_word' id='word_1_452' title='bbox 2881 1987 2974 2048; x_wconf 59' lang='lat' dir='ltr'><strong>xt&#39;x</strong></span> <span class='ocrx_word' id='word_1_453' title='bbox 3003 1993 3182 2048; x_wconf 80' lang='lat' dir='ltr'><strong>Martii</strong></span> <span class='ocrx_word' id='word_1_454' title='bbox 3210 1995 3484 2061; x_wconf 85' lang='lat' dir='ltr'><strong>convenit,</strong></span> <span class='ocrx_word' id='word_1_455' title='bbox 3529 1996 3614 2049; x_wconf 86' lang='lat' dir='ltr'><strong>hi-</strong></span> 
     </span>
    </p>
   </div>
   <div class='ocr_carea' id='block_1_63' title="bbox 2034 2083 3611 2155">
    <p class='ocr_par' dir='ltr' id='par_1_63' title="bbox 2034 2083 3611 2155">
     <span class='ocr_line' id='line_1_63' title="bbox 2034 2083 3611 2155; baseline 0.004 -18"><span class='ocrx_word' id='word_1_456' title='bbox 2034 2083 2164 2144; x_wconf 87' lang='lat' dir='ltr'><strong>duo.</strong></span> <span class='ocrx_word' id='word_1_457' title='bbox 2199 2083 2276 2136; x_wconf 92' lang='lat' dir='ltr'><strong>uti</strong></span> <span class='ocrx_word' id='word_1_458' title='bbox 2305 2085 2439 2150; x_wconf 79' lang='lat' dir='ltr'><strong>dixi,</strong></span> <span class='ocrx_word' id='word_1_459' title='bbox 2478 2085 2728 2139; x_wconf 88' lang='lat' dir='ltr'><strong>triduove</strong></span> <span class='ocrx_word' id='word_1_460' title='bbox 2776 2094 2904 2139; x_wconf 89' lang='lat' dir='ltr'><strong>ante</strong></span> <span class='ocrx_word' id='word_1_461' title='bbox 2944 2099 3172 2140; x_wconf 87' lang='lat' dir='ltr'><strong>vernum</strong></span> <span class='ocrx_word' id='word_1_462' title='bbox 3202 2088 3611 2155; x_wconf 64' lang='lat' dir='ltr'><strong>aequinoctium.</strong></span> 
     </span>
    </p>
   </div>
   <div class='ocr_carea' id='block_1_64' title="bbox 2035 2173 3612 2250">
    <p class='ocr_par' dir='ltr' id='par_1_64' title="bbox 2035 2173 3612 2250">
     <span class='ocr_line' id='line_1_64' title="bbox 2035 2173 3612 2250; baseline 0.003 -20"><span class='ocrx_word' id='word_1_463' title='bbox 2035 2173 2168 2242; x_wconf 72' lang='lat' dir='ltr'><strong>Quae</strong></span> <span class='ocrx_word' id='word_1_464' title='bbox 2198 2177 2415 2247; x_wconf 83' lang='lat' dir='ltr'><strong>quidem</strong></span> <span class='ocrx_word' id='word_1_465' title='bbox 2444 2179 2595 2234; x_wconf 87' lang='lat' dir='ltr'><strong>labes</strong></span> <span class='ocrx_word' id='word_1_466' title='bbox 2626 2179 2680 2232; x_wconf 91' lang='lat' dir='ltr'><strong>in</strong></span> <span class='ocrx_word' id='word_1_467' title='bbox 2713 2180 2815 2234; x_wconf 91' lang='lat' dir='ltr'><strong>hoc</strong></span> <span class='ocrx_word' id='word_1_468' title='bbox 2849 2178 3138 2249; x_wconf 81' lang='lat' dir='ltr'><strong>Epiphanii</strong></span> <span class='ocrx_word' id='word_1_469' title='bbox 3169 2180 3324 2250; x_wconf 83' lang='lat' dir='ltr'><strong>cyclo</strong></span> <span class='ocrx_word' id='word_1_470' title='bbox 3350 2180 3612 2250; x_wconf 84' lang='lat' dir='ltr'><strong>paulatim</strong></span> 
     </span>
    </p>
   </div>
   <div class='ocr_carea' id='block_1_65' title="bbox 2035 2269 3614 2341">
    <p class='ocr_par' dir='ltr' id='par_1_65' title="bbox 2035 2269 3614 2341">
     <span class='ocr_line' id='line_1_65' title="bbox 2035 2269 3614 2341; baseline 0.004 -19"><span class='ocrx_word' id='word_1_471' title='bbox 2035 2269 2265 2324; x_wconf 80' lang='lat' dir='ltr'><strong>exsistit.</strong></span> <span class='ocrx_word' id='word_1_472' title='bbox 2317 2270 2593 2340; x_wconf 91' lang='lat' dir='ltr'><strong>Siquidem</strong></span> <span class='ocrx_word' id='word_1_473' title='bbox 2636 2272 2688 2325; x_wconf 90' lang='lat' dir='ltr'><strong>in</strong></span> <span class='ocrx_word' id='word_1_474' title='bbox 2721 2271 2887 2341; x_wconf 89' lang='lat' dir='ltr'><strong>priori</strong></span> <span class='ocrx_word' id='word_1_475' title='bbox 2920 2271 3196 2336; x_wconf 89' lang='lat' dir='ltr'><strong>methodo,</strong></span> <span class='ocrx_word' id='word_1_476' title='bbox 3244 2271 3288 2326; x_wconf 92' lang='lat' dir='ltr'><strong>si</strong></span> <span class='ocrx_word' id='word_1_477' title='bbox 3331 2274 3614 2328; x_wconf 68' lang='lat' dir='ltr'><strong>neomenla</strong></span> 
     </span>
    </p>
   </div>
   <div class='ocr_carea' id='block_1_66' title="bbox 2033 2360 3614 2432">
    <p class='ocr_par' dir='ltr' id='par_1_66' title="bbox 2033 2360 3614 2432">
     <span class='ocr_line' id='line_1_66' title="bbox 2033 2360 3614 2432; baseline 0.004 -20"><span class='ocrx_word' id='word_1_478' title='bbox 2033 2360 2194 2430; x_wconf 89' lang='lat' dir='ltr'><strong>primi</strong></span> <span class='ocrx_word' id='word_1_479' title='bbox 2230 2361 2432 2414; x_wconf 88' lang='lat' dir='ltr'><strong>mensis</strong></span> <span class='ocrx_word' id='word_1_480' title='bbox 2463 2363 3250 2432; x_wconf 78' lang='lat' dir='ltr'><strong>ogdoccontatessaraeteritlos</strong></span> <span class='ocrx_word' id='word_1_481' title='bbox 3283 2363 3335 2415; x_wconf 90' lang='lat' dir='ltr'><strong>in</strong></span> <span class='ocrx_word' id='word_1_482' title='bbox 3365 2364 3614 2432; x_wconf 81' lang='lat' dir='ltr'><strong>aequino-</strong></span> 
     </span>
    </p>
   </div>
   <div class='ocr_carea' id='block_1_67' title="bbox 2035 2453 3613 2525">
    <p class='ocr_par' dir='ltr' id='par_1_67' title="bbox 2035 2453 3613 2525">
     <span class='ocr_line' id='line_1_67' title="bbox 2035 2453 3613 2525; baseline 0.003 -17"><span class='ocrx_word' id='word_1_483' title='bbox 2035 2454 2203 2508; x_wconf 91' lang='lat' dir='ltr'><strong>ctium</strong></span> <span class='ocrx_word' id='word_1_484' title='bbox 2238 2453 2464 2517; x_wconf 86' lang='lat' dir='ltr'><strong>incidat,</strong></span> <span class='ocrx_word' id='word_1_485' title='bbox 2499 2463 2686 2525; x_wconf 88' lang='lat' dir='ltr'><strong>ntputa</strong></span> <span class='ocrx_word' id='word_1_486' title='bbox 2723 2455 2792 2508; x_wconf 86' lang='grc'><strong>22</strong></span> <span class='ocrx_word' id='word_1_487' title='bbox 2825 2453 3020 2519; x_wconf 81' lang='lat' dir='ltr'><strong>Martii,</strong></span> <span class='ocrx_word' id='word_1_488' title='bbox 3041 2465 3167 2525; x_wconf 92' lang='lat' dir='ltr'><strong>post</strong></span> <span class='ocrx_word' id='word_1_489' title='bbox 3199 2455 3269 2511; x_wconf 73' lang='grc'><strong>84</strong></span> <span class='ocrx_word' id='word_1_490' title='bbox 3316 2472 3515 2519; x_wconf 81' lang='lat' dir='ltr'><strong>annos,</strong></span> <span class='ocrx_word' id='word_1_491' title='bbox 3544 2459 3613 2512; x_wconf 90' lang='lat' dir='ltr'><strong>ad</strong></span> 
     </span>
    </p>
   </div>
   <div class='ocr_carea' id='block_1_68' title="bbox 2033 2547 3616 2620">
    <p class='ocr_par' dir='ltr' id='par_1_68' title="bbox 2033 2547 3616 2620">
     <span class='ocr_line' id='line_1_68' title="bbox 2033 2547 3616 2620; baseline 0.001 -19"><span class='ocrx_word' id='word_1_492' title='bbox 2033 2547 2104 2601; x_wconf 90' lang='grc'><strong>20</strong></span> <span class='ocrx_word' id='word_1_493' title='bbox 2128 2547 2425 2618; x_wconf 89' lang='lat' dir='ltr'><strong>perveniet,</strong></span> <span class='ocrx_word' id='word_1_494' title='bbox 2447 2557 2606 2618; x_wconf 89' lang='lat' dir='ltr'><strong>atque</strong></span> <span class='ocrx_word' id='word_1_495' title='bbox 2641 2554 2712 2602; x_wconf 89' lang='lat' dir='ltr'><strong>ita</strong></span> <span class='ocrx_word' id='word_1_496' title='bbox 2743 2549 3000 2618; x_wconf 79' lang='lat' dir='ltr'><strong>deinceps</strong></span> <span class='ocrx_word' id='word_1_497' title='bbox 3040 2549 3180 2602; x_wconf 77' lang='grc' dir='ltr'><strong>κατὰ</strong></span> <span class='ocrx_word' id='word_1_498' title='bbox 3207 2549 3507 2620; x_wconf 74' lang='grc' dir='ltr'><strong>μετάϐασιν</strong></span> <span class='ocrx_word' id='word_1_499' title='bbox 3535 2552 3616 2616; x_wconf 84' lang='grc' dir='ltr'><strong>εἰς</strong></span> 
     </span>
    </p>
   </div>
   <div class='ocr_carea' id='block_1_69' title="bbox 2033 2637 3618 2710">
    <p class='ocr_par' dir='ltr' id='par_1_69' title="bbox 2033 2637 3618 2710">
     <span class='ocr_line' id='line_1_69' title="bbox 2033 2637 3618 2710; baseline 0.001 -18"><span class='ocrx_word' id='word_1_500' title='bbox 2033 2638 2101 2692; x_wconf 72' lang='grc' dir='ltr'><strong>τὰ</strong></span> <span class='ocrx_word' id='word_1_501' title='bbox 2152 2637 2567 2710; x_wconf 71' lang='grc' dir='ltr'><strong>προηγούμενας</strong></span> <span class='ocrx_word' id='word_1_502' title='bbox 2627 2639 2732 2692; x_wconf 90' lang='lat' dir='ltr'><strong>nisi</strong></span> <span class='ocrx_word' id='word_1_503' title='bbox 2773 2638 3136 2706; x_wconf 83' lang='lat' dir='ltr'><strong>castigatione</strong></span> <span class='ocrx_word' id='word_1_504' title='bbox 3189 2647 3244 2692; x_wconf 91' lang='lat' dir='ltr'><strong>et</strong></span> <span class='ocrx_word' id='word_1_505' title='bbox 3278 2639 3486 2693; x_wconf 84' lang='lat' dir='ltr'><strong>dierum</strong></span> <span class='ocrx_word' id='word_1_506' title='bbox 3521 2640 3618 2694; x_wconf 83' lang='lat' dir='ltr'><strong>ad-</strong></span> 
     </span>
    </p>
   </div>
   <div class='ocr_carea' id='block_1_70' title="bbox 2029 2731 3614 2802">
    <p class='ocr_par' dir='ltr' id='par_1_70' title="bbox 2029 2731 3614 2802">
     <span class='ocr_line' id='line_1_70' title="bbox 2029 2731 3614 2802; baseline 0.001 -16"><span class='ocrx_word' id='word_1_507' title='bbox 2029 2733 2264 2802; x_wconf 90' lang='lat' dir='ltr'><strong>jectione</strong></span> <span class='ocrx_word' id='word_1_508' title='bbox 2295 2741 2613 2787; x_wconf 89' lang='lat' dir='ltr'><strong>coerceatur</strong></span> <span class='ocrx_word' id='word_1_509' title='bbox 2645 2750 2660 2787; x_wconf 90' lang='lat'>:</span> <span class='ocrx_word' id='word_1_510' title='bbox 2687 2732 2831 2802; x_wconf 84' lang='lat' dir='ltr'><strong>quod</strong></span> <span class='ocrx_word' id='word_1_511' title='bbox 2859 2731 3153 2786; x_wconf 90' lang='lat' dir='ltr'><strong>identidem</strong></span> <span class='ocrx_word' id='word_1_512' title='bbox 3181 2731 3375 2786; x_wconf 78' lang='lat' dir='ltr'><strong>fecisse</strong></span> <span class='ocrx_word' id='word_1_513' title='bbox 3402 2742 3614 2797; x_wconf 89' lang='lat' dir='ltr'><strong>tempo-</strong></span> 
     </span>
    </p>
   </div>
   <div class='ocr_carea' id='block_1_71' title="bbox 2035 2824 3617 2895">
    <p class='ocr_par' dir='ltr' id='par_1_71' title="bbox 2035 2824 3617 2895">
     <span class='ocr_line' id='line_1_71' title="bbox 2035 2824 3617 2895; baseline 0.003 -15"><span class='ocrx_word' id='word_1_514' title='bbox 2035 2841 2156 2880; x_wconf 89' lang='lat' dir='ltr'><strong>rum</strong></span> <span class='ocrx_word' id='word_1_515' title='bbox 2206 2825 2345 2895; x_wconf 89' lang='lat' dir='ltr'><strong>apud</strong></span> <span class='ocrx_word' id='word_1_516' title='bbox 2378 2824 2596 2880; x_wconf 79' lang='lat' dir='ltr'><strong>Judaeos</strong></span> <span class='ocrx_word' id='word_1_517' title='bbox 2646 2826 3016 2881; x_wconf 88' lang='lat' dir='ltr'><strong>moderatores</strong></span> <span class='ocrx_word' id='word_1_518' title='bbox 3065 2826 3359 2882; x_wconf 86' lang='lat' dir='ltr'><strong>verisimile</strong></span> <span class='ocrx_word' id='word_1_519' title='bbox 3401 2838 3504 2888; x_wconf 85' lang='lat' dir='ltr'><strong>est.</strong></span> <span class='ocrx_word' id='word_1_520' title='bbox 3550 2843 3617 2884; x_wconf 87' lang='lat' dir='ltr'><strong>ac</strong></span> 
     </span>
    </p>
   </div>
   <div class='ocr_carea' id='block_1_72' title="bbox 2032 2917 3619 2988">
    <p class='ocr_par' dir='ltr' id='par_1_72' title="bbox 2032 2917 3619 2988">
     <span class='ocr_line' id='line_1_72' title="bbox 2032 2917 3619 2988; baseline 0.003 -17"><span class='ocrx_word' id='word_1_521' title='bbox 2032 2917 2348 2972; x_wconf 76' lang='lat' dir='ltr'><strong>neomenias</strong></span> <span class='ocrx_word' id='word_1_522' title='bbox 2384 2917 2676 2986; x_wconf 79' lang='lat' dir='ltr'><strong>aliquando</strong></span> <span class='ocrx_word' id='word_1_523' title='bbox 2703 2918 2912 2972; x_wconf 82' lang='lat' dir='ltr'><strong>tardius</strong></span> <span class='ocrx_word' id='word_1_524' title='bbox 2948 2918 3228 2974; x_wconf 82' lang='lat' dir='ltr'><strong>indixisse.</strong></span> <span class='ocrx_word' id='word_1_525' title='bbox 3261 2920 3331 2972; x_wconf 81' lang='lat' dir='ltr'><strong>At</strong></span> <span class='ocrx_word' id='word_1_526' title='bbox 3359 2919 3411 2973; x_wconf 91' lang='lat' dir='ltr'><strong>in</strong></span> <span class='ocrx_word' id='word_1_527' title='bbox 3438 2930 3619 2988; x_wconf 84' lang='lat' dir='ltr'><strong>poste-</strong></span> 
     </span>
    </p>
   </div>
   <div class='ocr_carea' id='block_1_73' title="bbox 2031 3006 3615 3078">
    <p class='ocr_par' dir='ltr' id='par_1_73' title="bbox 2031 3006 3615 3078">
     <span class='ocr_line' id='line_1_73' title="bbox 2031 3006 3615 3078; baseline 0.003 -17"><span class='ocrx_word' id='word_1_528' title='bbox 2031 3008 2177 3062; x_wconf 88' lang='lat' dir='ltr'><strong>riore</strong></span> <span class='ocrx_word' id='word_1_529' title='bbox 2207 3006 2463 3063; x_wconf 91' lang='lat' dir='ltr'><strong>methodo</strong></span> <span class='ocrx_word' id='word_1_530' title='bbox 2493 3017 2616 3078; x_wconf 88' lang='lat' dir='ltr'><strong>post</strong></span> <span class='ocrx_word' id='word_1_531' title='bbox 2651 3009 2720 3063; x_wconf 71' lang='grc'><strong>84</strong></span> <span class='ocrx_word' id='word_1_532' title='bbox 2759 3025 2935 3065; x_wconf 90' lang='lat' dir='ltr'><strong>annos</strong></span> <span class='ocrx_word' id='word_1_533' title='bbox 2959 3011 3256 3065; x_wconf 57' lang='lat' dir='ltr'><strong>neomenias</strong></span> <span class='ocrx_word' id='word_1_534' title='bbox 3281 3009 3521 3067; x_wconf 67' lang='lat' dir='ltr'><strong>Iudaicae</strong></span> <span class='ocrx_word' id='word_1_535' title='bbox 3550 3013 3615 3066; x_wconf 83' lang='lat' dir='ltr'><strong>ad</strong></span> 
     </span>
    </p>
   </div>
   <div class='ocr_carea' id='block_1_74' title="bbox 2030 3099 3614 3167">
    <p class='ocr_par' dir='ltr' id='par_1_74' title="bbox 2030 3099 3614 3167">
     <span class='ocr_line' id='line_1_74' title="bbox 2030 3099 3614 3167; baseline 0.002 -12"><span class='ocrx_word' id='word_1_536' title='bbox 2030 3100 2249 3156; x_wconf 89' lang='lat' dir='ltr'><strong>eosdem</strong></span> <span class='ocrx_word' id='word_1_537' title='bbox 2286 3099 2535 3156; x_wconf 69' lang='lat' dir='ltr'><strong>Iulianos</strong></span> <span class='ocrx_word' id='word_1_538' title='bbox 2575 3101 2691 3156; x_wconf 88' lang='lat' dir='ltr'><strong>dies</strong></span> <span class='ocrx_word' id='word_1_539' title='bbox 2720 3100 2980 3167; x_wconf 88' lang='lat' dir='ltr'><strong>redeunt;</strong></span> <span class='ocrx_word' id='word_1_540' title='bbox 3003 3103 3097 3157; x_wconf 89' lang='lat' dir='ltr'><strong>sed</strong></span> <span class='ocrx_word' id='word_1_541' title='bbox 3121 3103 3373 3159; x_wconf 71' lang='lat' dir='ltr'><strong>caelestes</strong></span> <span class='ocrx_word' id='word_1_542' title='bbox 3399 3119 3614 3158; x_wconf 87' lang='lat' dir='ltr'><strong>neome-</strong></span> 
     </span>
    </p>
   </div>
   <div class='ocr_carea' id='block_1_75' title="bbox 2034 3192 3618 3266">
    <p class='ocr_par' dir='ltr' id='par_1_75' title="bbox 2034 3192 3618 3266">
     <span class='ocr_line' id='line_1_75' title="bbox 2034 3192 3618 3266; baseline 0.005 -20"><span class='ocrx_word' id='word_1_543' title='bbox 2034 3193 2153 3246; x_wconf 88' lang='lat' dir='ltr'><strong>nias</strong></span> <span class='ocrx_word' id='word_1_544' title='bbox 2182 3208 2293 3246; x_wconf 90' lang='lat' dir='ltr'><strong>uno</strong></span> <span class='ocrx_word' id='word_1_545' title='bbox 2343 3192 2452 3256; x_wconf 91' lang='lat' dir='ltr'><strong>die,</strong></span> <span class='ocrx_word' id='word_1_546' title='bbox 2487 3192 2640 3248; x_wconf 90' lang='lat' dir='ltr'><strong>horis</strong></span> <span class='ocrx_word' id='word_1_547' title='bbox 2691 3192 2721 3245; x_wconf 91' lang='lat'><strong>7</strong></span> <span class='ocrx_word' id='word_1_548' title='bbox 2753 3195 3074 3264; x_wconf 86' lang='lat' dir='ltr'><strong>anticipant.</strong></span> <span class='ocrx_word' id='word_1_549' title='bbox 3112 3195 3291 3262; x_wconf 83' lang='lat' dir='ltr'><strong>Quare</strong></span> <span class='ocrx_word' id='word_1_550' title='bbox 3325 3197 3500 3266; x_wconf 89' lang='lat' dir='ltr'><strong>prima</strong></span> <span class='ocrx_word' id='word_1_551' title='bbox 3527 3197 3618 3254; x_wconf 79' lang='lat' dir='ltr'><strong>illa</strong></span> 
     </span>
    </p>
   </div>
   <div class='ocr_carea' id='block_1_76' title="bbox 2032 3284 3615 3356">
    <p class='ocr_par' dir='ltr' id='par_1_76' title="bbox 2032 3284 3615 3356">
     <span class='ocr_line' id='line_1_76' title="bbox 2032 3284 3615 3356; baseline 0.002 -15"><span class='ocrx_word' id='word_1_552' title='bbox 2032 3288 2174 3341; x_wconf 88' lang='lat' dir='ltr'><strong>ratio</strong></span> <span class='ocrx_word' id='word_1_553' title='bbox 2200 3285 2267 3340; x_wconf 88' lang='lat' dir='ltr'><strong>ad</strong></span> <span class='ocrx_word' id='word_1_554' title='bbox 2295 3284 2582 3355; x_wconf 88' lang='lat' dir='ltr'><strong>Epiphanii</strong></span> <span class='ocrx_word' id='word_1_555' title='bbox 2605 3297 2840 3341; x_wconf 84' lang='lat' dir='ltr'><strong>mentem</strong></span> <span class='ocrx_word' id='word_1_556' title='bbox 2873 3287 3182 3356; x_wconf 90' lang='lat' dir='ltr'><strong>plusculum</strong></span> <span class='ocrx_word' id='word_1_557' title='bbox 3215 3288 3426 3342; x_wconf 86' lang='lat' dir='ltr'><strong>videtur</strong></span> <span class='ocrx_word' id='word_1_558' title='bbox 3455 3304 3615 3344; x_wconf 87' lang='lat' dir='ltr'><strong>acce-</strong></span> 
     </span>
    </p>
   </div>
   <div class='ocr_carea' id='block_1_77' title="bbox 2031 3375 3617 3446">
    <p class='ocr_par' dir='ltr' id='par_1_77' title="bbox 2031 3375 3617 3446">
     <span class='ocr_line' id='line_1_77' title="bbox 2031 3375 3617 3446; baseline 0.004 -18"><span class='ocrx_word' id='word_1_559' title='bbox 2031 3376 2179 3441; x_wconf 86' lang='lat' dir='ltr'><strong>dere,</strong></span> <span class='ocrx_word' id='word_1_560' title='bbox 2209 3390 2333 3430; x_wconf 92' lang='lat' dir='ltr'><strong>cum</strong></span> <span class='ocrx_word' id='word_1_561' title='bbox 2381 3375 2450 3428; x_wconf 88' lang='lat' dir='ltr'><strong>ab</strong></span> <span class='ocrx_word' id='word_1_562' title='bbox 2496 3376 2825 3445; x_wconf 73' lang='lat' dir='ltr'><strong>aequinoctio</strong></span> <span class='ocrx_word' id='word_1_563' title='bbox 2867 3378 3164 3446; x_wconf 68' lang='lat' dir='ltr'><strong>prmsertim</strong></span> <span class='ocrx_word' id='word_1_564' title='bbox 3202 3380 3498 3435; x_wconf 86' lang='lat' dir='ltr'><strong>recessisse</strong></span> <span class='ocrx_word' id='word_1_565' title='bbox 3520 3377 3617 3434; x_wconf 78' lang='lat' dir='ltr'><strong>Ju-</strong></span> 
     </span>
    </p>
   </div>
   <div class='ocr_carea' id='block_1_78' title="bbox 2031 3469 3616 3544">
    <p class='ocr_par' dir='ltr' id='par_1_78' title="bbox 2031 3469 3616 3544">
     <span class='ocr_line' id='line_1_78' title="bbox 2031 3469 3616 3544; baseline 0.003 -20"><span class='ocrx_word' id='word_1_566' title='bbox 2031 3469 2218 3526; x_wconf 87' lang='lat' dir='ltr'><strong>daicas</strong></span> <span class='ocrx_word' id='word_1_567' title='bbox 2251 3470 2568 3525; x_wconf 89' lang='lat' dir='ltr'><strong>neomenias</strong></span> <span class='ocrx_word' id='word_1_568' title='bbox 2603 3472 2903 3535; x_wconf 64' lang='lat' dir='ltr'><strong>existimari</strong></span> <span class='ocrx_word' id='word_1_569' title='bbox 2933 3471 3078 3526; x_wconf 87' lang='lat' dir='ltr'><strong>velit.</strong></span> <span class='ocrx_word' id='word_1_570' title='bbox 3115 3470 3220 3527; x_wconf 84' lang='lat' dir='ltr'><strong>Sed</strong></span> <span class='ocrx_word' id='word_1_571' title='bbox 3249 3483 3304 3528; x_wconf 91' lang='lat' dir='ltr'><strong>ut</strong></span> <span class='ocrx_word' id='word_1_572' title='bbox 3335 3473 3468 3543; x_wconf 85' lang='lat' dir='ltr'><strong>ipsis</strong></span> <span class='ocrx_word' id='word_1_573' title='bbox 3494 3489 3616 3544; x_wconf 83' lang='lat' dir='ltr'><strong>pro-</strong></span> 
     </span>
    </p>
   </div>
   <div class='ocr_carea' id='block_1_79' title="bbox 2030 3563 3616 3636">
    <p class='ocr_par' dir='ltr' id='par_1_79' title="bbox 2030 3563 3616 3636">
     <span class='ocr_line' id='line_1_79' title="bbox 2030 3563 3616 3636; baseline 0.003 -20"><span class='ocrx_word' id='word_1_574' title='bbox 2030 3563 2318 3634; x_wconf 89' lang='lat' dir='ltr'><strong>pemodum</strong></span> <span class='ocrx_word' id='word_1_575' title='bbox 2372 3563 2628 3618; x_wconf 89' lang='lat' dir='ltr'><strong>sensibus</strong></span> <span class='ocrx_word' id='word_1_576' title='bbox 2679 3577 2768 3617; x_wconf 90' lang='lat' dir='ltr'><strong>res</strong></span> <span class='ocrx_word' id='word_1_577' title='bbox 2799 3571 2910 3618; x_wconf 92' lang='lat' dir='ltr'><strong>tota</strong></span> <span class='ocrx_word' id='word_1_578' title='bbox 2963 3563 3304 3633; x_wconf 87' lang='lat' dir='ltr'><strong>subjiciatur,</strong></span> <span class='ocrx_word' id='word_1_579' title='bbox 3345 3565 3480 3636; x_wconf 81' lang='lat' dir='ltr'><strong>cycli</strong></span> <span class='ocrx_word' id='word_1_580' title='bbox 3515 3563 3616 3620; x_wconf 81' lang='lat' dir='ltr'><strong>Ju-</strong></span> 
     </span>
    </p>
   </div>
   <div class='ocr_carea' id='block_1_80' title="bbox 2031 3655 3615 3728">
    <p class='ocr_par' dir='ltr' id='par_1_80' title="bbox 2031 3655 3615 3728">
     <span class='ocr_line' id='line_1_80' title="bbox 2031 3655 3615 3728; baseline 0.001 -18"><span class='ocrx_word' id='word_1_581' title='bbox 2031 3656 2171 3711; x_wconf 92' lang='lat' dir='ltr'><strong>daici</strong></span> <span class='ocrx_word' id='word_1_582' title='bbox 2196 3655 2453 3725; x_wconf 89' lang='lat' dir='ltr'><strong>majoris,</strong></span> <span class='ocrx_word' id='word_1_583' title='bbox 2502 3655 2618 3710; x_wconf 89' lang='lat' dir='ltr'><strong>sive</strong></span> <span class='ocrx_word' id='word_1_584' title='bbox 2649 3657 3336 3712; x_wconf 64' lang='lat' dir='ltr'><strong>tessaracmdecaeteridum</strong></span> <span class='ocrx_word' id='word_1_585' title='bbox 3358 3674 3410 3710; x_wconf 82' lang='lat' dir='ltr'><strong>Vl</strong></span> <span class='ocrx_word' id='word_1_586' title='bbox 3431 3665 3615 3728; x_wconf 80' lang='lat' dir='ltr'><strong>typum</strong></span> 
     </span>
    </p>
   </div>
   <div class='ocr_carea' id='block_1_81' title="bbox 2031 3745 3616 3818">
    <p class='ocr_par' dir='ltr' id='par_1_81' title="bbox 2031 3745 3616 3818">
     <span class='ocr_line' id='line_1_81' title="bbox 2031 3745 3616 3818; baseline 0.003 -18"><span class='ocrx_word' id='word_1_587' title='bbox 2031 3745 2122 3800; x_wconf 89' lang='lat' dir='ltr'><strong>hic</strong></span> <span class='ocrx_word' id='word_1_588' title='bbox 2153 3745 2406 3800; x_wconf 79' lang='lat' dir='ltr'><strong>adtexam</strong></span> <span class='ocrx_word' id='word_1_589' title='bbox 2463 3759 2526 3799; x_wconf 84' lang='lat' dir='ltr'><strong>ea</strong></span> <span class='ocrx_word' id='word_1_590' title='bbox 2560 3745 2705 3799; x_wconf 89' lang='lat' dir='ltr'><strong>civili</strong></span> <span class='ocrx_word' id='word_1_591' title='bbox 2766 3745 2940 3801; x_wconf 81' lang='lat' dir='ltr'><strong>forma</strong></span> <span class='ocrx_word' id='word_1_592' title='bbox 2991 3762 3056 3802; x_wconf 91' lang='lat' dir='ltr'><strong>ac</strong></span> <span class='ocrx_word' id='word_1_593' title='bbox 3093 3747 3471 3817; x_wconf 87' lang='lat' dir='ltr'><strong>dispositione,</strong></span> <span class='ocrx_word' id='word_1_594' title='bbox 3495 3764 3616 3818; x_wconf 67' lang='lat' dir='ltr'><strong>quae</strong></span> 
     </span>
    </p>
   </div>
   <div class='ocr_carea' id='block_1_82' title="bbox 2031 3838 3659 3910">
    <p class='ocr_par' dir='ltr' id='par_1_82' title="bbox 2031 3838 3659 3910">
     <span class='ocr_line' id='line_1_82' title="bbox 2031 3838 3659 3910; baseline 0 -15"><span class='ocrx_word' id='word_1_595' title='bbox 2031 3855 2099 3895; x_wconf 85' lang='lat' dir='ltr'><strong>ex</strong></span> <span class='ocrx_word' id='word_1_596' title='bbox 2137 3838 2427 3910; x_wconf 85' lang='lat' dir='ltr'><strong>Epiphanii</strong></span> <span class='ocrx_word' id='word_1_597' title='bbox 2470 3839 2839 3908; x_wconf 88' lang='lat' dir='ltr'><strong>disputatione</strong></span> <span class='ocrx_word' id='word_1_598' title='bbox 2882 3839 3238 3909; x_wconf 89' lang='lat' dir='ltr'><strong>probabiliter</strong></span> <span class='ocrx_word' id='word_1_599' title='bbox 3282 3840 3489 3895; x_wconf 90' lang='lat' dir='ltr'><strong>institui</strong></span> <span class='ocrx_word' id='word_1_600' title='bbox 3519 3857 3616 3909; x_wconf 94' lang='lat' dir='ltr'><strong>po-</strong></span> <span class='ocrx_word' id='word_1_601' title='bbox 3651 3894 3659 3901; x_wconf 85' lang='grc'><strong>,</strong></span> 
     </span>
    </p>
   </div>
   <div class='ocr_carea' id='block_1_83' title="bbox 2035 3927 3614 3999">
    <p class='ocr_par' dir='ltr' id='par_1_83' title="bbox 2035 3927 3614 3999">
     <span class='ocr_line' id='line_1_83' title="bbox 2035 3927 3614 3999; baseline 0 -15"><span class='ocrx_word' id='word_1_602' title='bbox 2035 3940 2230 3998; x_wconf 77' lang='lat' dir='ltr'><strong>tesl,ex</strong></span> <span class='ocrx_word' id='word_1_603' title='bbox 2267 3945 2374 3999; x_wconf 84' lang='lat' dir='ltr'><strong>qua</strong></span> <span class='ocrx_word' id='word_1_604' title='bbox 2423 3927 2777 3983; x_wconf 84' lang='lat' dir='ltr'><strong>manifestum</strong></span> <span class='ocrx_word' id='word_1_605' title='bbox 2825 3930 2958 3996; x_wconf 89' lang='lat' dir='ltr'><strong>erit,</strong></span> <span class='ocrx_word' id='word_1_606' title='bbox 2993 3930 3452 3998; x_wconf 84' lang='lat' dir='ltr'><strong>quemadmodum</strong></span> <span class='ocrx_word' id='word_1_607' title='bbox 3485 3948 3614 3986; x_wconf 78' lang='lat' dir='ltr'><strong>neo-</strong></span> 
     </span>
    </p>
   </div>
   <div class='ocr_carea' id='block_1_84' title="bbox 2037 4021 3616 4091">
    <p class='ocr_par' dir='ltr' id='par_1_84' title="bbox 2037 4021 3616 4091">
     <span class='ocr_line' id='line_1_84' title="bbox 2037 4021 3616 4091; baseline 0.001 -15"><span class='ocrx_word' id='word_1_608' title='bbox 2037 4022 2231 4076; x_wconf 77' lang='lat' dir='ltr'><strong>menize</strong></span> <span class='ocrx_word' id='word_1_609' title='bbox 2252 4021 2420 4076; x_wconf 89' lang='lat' dir='ltr'><strong>biduo</strong></span> <span class='ocrx_word' id='word_1_610' title='bbox 2450 4021 2518 4074; x_wconf 90' lang='lat' dir='ltr'><strong>ab</strong></span> <span class='ocrx_word' id='word_1_611' title='bbox 2551 4021 2756 4091; x_wconf 88' lang='lat' dir='ltr'><strong>epocha</strong></span> <span class='ocrx_word' id='word_1_612' title='bbox 2781 4022 2944 4077; x_wconf 88' lang='lat' dir='ltr'><strong>solari</strong></span> <span class='ocrx_word' id='word_1_613' title='bbox 2968 4022 3224 4091; x_wconf 85' lang='lat' dir='ltr'><strong>paulatim</strong></span> <span class='ocrx_word' id='word_1_614' title='bbox 3258 4022 3310 4075; x_wconf 90' lang='grc'><strong>111</strong></span> <span class='ocrx_word' id='word_1_615' title='bbox 3343 4024 3616 4078; x_wconf 69' lang='lat' dir='ltr'><strong>anteriora</strong></span> 
     </span>
    </p>
   </div>
   <div class='ocr_carea' id='block_1_85' title="bbox 2031 4113 3616 4186">
    <p class='ocr_par' dir='ltr' id='par_1_85' title="bbox 2031 4113 3616 4186">
     <span class='ocr_line' id='line_1_85' title="bbox 2031 4113 3616 4186; baseline 0.002 -19"><span class='ocrx_word' id='word_1_616' title='bbox 2031 4114 2333 4169; x_wconf 83' lang='lat' dir='ltr'><strong>discedant.</strong></span> <span class='ocrx_word' id='word_1_617' title='bbox 2374 4113 2636 4170; x_wconf 89' lang='lat' dir='ltr'><strong>Sumatur</strong></span> <span class='ocrx_word' id='word_1_618' title='bbox 2669 4115 2856 4186; x_wconf 78' lang='lat' dir='ltr'><strong>igitur.</strong></span> <span class='ocrx_word' id='word_1_619' title='bbox 2911 4124 2972 4168; x_wconf 91' lang='lat' dir='ltr'><strong>ut</strong></span> <span class='ocrx_word' id='word_1_620' title='bbox 3027 4115 3079 4168; x_wconf 91' lang='lat' dir='ltr'><strong>in</strong></span> <span class='ocrx_word' id='word_1_621' title='bbox 3140 4115 3314 4185; x_wconf 90' lang='lat' dir='ltr'><strong>prima</strong></span> <span class='ocrx_word' id='word_1_622' title='bbox 3361 4115 3616 4170; x_wconf 83' lang='lat' dir='ltr'><strong>tnetbodo</strong></span> 
     </span>
    </p>
   </div>
   <div class='ocr_carea' id='block_1_86' title="bbox 2031 4205 3612 4276">
    <p class='ocr_par' dir='ltr' id='par_1_86' title="bbox 2031 4205 3612 4276">
     <span class='ocr_line' id='line_1_86' title="bbox 2031 4205 3612 4276; baseline 0.002 -19"><span class='ocrx_word' id='word_1_623' title='bbox 2031 4205 2236 4258; x_wconf 91' lang='lat' dir='ltr'><strong>dictum</strong></span> <span class='ocrx_word' id='word_1_624' title='bbox 2267 4213 2370 4270; x_wconf 90' lang='lat' dir='ltr'><strong>est,</strong></span> <span class='ocrx_word' id='word_1_625' title='bbox 2426 4205 2563 4276; x_wconf 86' lang='lat' dir='ltr'><strong>cycli</strong></span> <span class='ocrx_word' id='word_1_626' title='bbox 2615 4205 2840 4275; x_wconf 87' lang='lat' dir='ltr'><strong>majoris</strong></span> <span class='ocrx_word' id='word_1_627' title='bbox 2874 4205 3151 4275; x_wconf 85' lang='lat' dir='ltr'><strong>quantitas</strong></span> <span class='ocrx_word' id='word_1_628' title='bbox 3179 4205 3386 4259; x_wconf 87' lang='lat' dir='ltr'><strong>dierum</strong></span> <span class='ocrx_word' id='word_1_629' title='bbox 3418 4206 3612 4260; x_wconf 78' lang='grc'><strong>50679.</strong></span> 
     </span>
    </p>
   </div>
   <div class='ocr_carea' id='block_1_87' title="bbox 2032 4297 3618 4370">
    <p class='ocr_par' dir='ltr' id='par_1_87' title="bbox 2032 4297 3618 4370">
     <span class='ocr_line' id='line_1_87' title="bbox 2032 4297 3618 4370; baseline 0.002 -18"><span class='ocrx_word' id='word_1_630' title='bbox 2032 4298 2202 4366; x_wconf 80' lang='lat' dir='ltr'><strong>Cujus</strong></span> <span class='ocrx_word' id='word_1_631' title='bbox 2231 4297 2442 4352; x_wconf 90' lang='lat' dir='ltr'><strong>initium</strong></span> <span class='ocrx_word' id='word_1_632' title='bbox 2469 4301 2701 4354; x_wconf 84' lang='lat' dir='ltr'><strong>ducatur</strong></span> <span class='ocrx_word' id='word_1_633' title='bbox 2734 4300 2802 4353; x_wconf 87' lang='lat' dir='ltr'><strong>ab</strong></span> <span class='ocrx_word' id='word_1_634' title='bbox 2828 4316 2970 4353; x_wconf 83' lang='lat' dir='ltr'><strong>anno</strong></span> <span class='ocrx_word' id='word_1_635' title='bbox 2990 4315 3102 4367; x_wconf 91' lang='lat' dir='ltr'><strong>per.</strong></span> <span class='ocrx_word' id='word_1_636' title='bbox 3127 4298 3235 4353; x_wconf 79' lang='lat' dir='ltr'><strong>Jul.</strong></span> <span class='ocrx_word' id='word_1_637' title='bbox 3267 4299 3430 4364; x_wconf 69' lang='grc'><strong>4665,</strong></span> <span class='ocrx_word' id='word_1_638' title='bbox 3464 4302 3618 4370; x_wconf 85' lang='lat' dir='ltr'><strong>cyclo</strong></span> 
     </span>
    </p>
   </div>
   <div class='ocr_carea' id='block_1_88' title="bbox 2033 4389 3619 4455">
    <p class='ocr_par' dir='ltr' id='par_1_88' title="bbox 2033 4389 3619 4455">
     <span class='ocr_line' id='line_1_88' title="bbox 2033 4389 3619 4455; baseline 0.003 -13"><span class='ocrx_word' id='word_1_639' title='bbox 2033 4389 2176 4444; x_wconf 73' lang='lat' dir='ltr'><strong>luna:</strong></span> <span class='ocrx_word' id='word_1_640' title='bbox 2199 4389 2252 4455; x_wconf 90' lang='lat'><strong>8,</strong></span> <span class='ocrx_word' id='word_1_641' title='bbox 2282 4391 2414 4445; x_wconf 88' lang='lat' dir='ltr'><strong>solis</strong></span> <span class='ocrx_word' id='word_1_642' title='bbox 2447 4391 2532 4455; x_wconf 85' lang='grc'><strong>15,</strong></span> <span class='ocrx_word' id='word_1_643' title='bbox 2566 4390 2742 4446; x_wconf 86' lang='lat' dir='ltr'><strong>littera</strong></span> <span class='ocrx_word' id='word_1_644' title='bbox 2787 4390 2847 4454; x_wconf 95' lang='lat' dir='ltr'><strong>C,</strong></span> <span class='ocrx_word' id='word_1_645' title='bbox 2873 4406 3017 4445; x_wconf 88' lang='lat' dir='ltr'><strong>anno</strong></span> <span class='ocrx_word' id='word_1_646' title='bbox 3052 4402 3178 4445; x_wconf 88' lang='lat' dir='ltr'><strong>ante</strong></span> <span class='ocrx_word' id='word_1_647' title='bbox 3206 4390 3407 4446; x_wconf 78' lang='lat' dir='ltr'><strong>Christi</strong></span> <span class='ocrx_word' id='word_1_648' title='bbox 3453 4390 3619 4446; x_wconf 88' lang='lat' dir='ltr'><strong>Nata-</strong></span> 
     </span>
    </p>
   </div>
   <div class='ocr_carea' id='block_1_89' title="bbox 2034 4483 3616 4555">
    <p class='ocr_par' dir='ltr' id='par_1_89' title="bbox 2034 4483 3616 4555">
     <span class='ocr_line' id='line_1_89' title="bbox 2034 4483 3616 4555; baseline 0.003 -18"><span class='ocrx_word' id='word_1_649' title='bbox 2034 4483 2136 4538; x_wconf 86' lang='lat' dir='ltr'><strong>lem</strong></span> <span class='ocrx_word' id='word_1_650' title='bbox 2187 4484 2275 4538; x_wconf 90' lang='grc'><strong>51.</strong></span> <span class='ocrx_word' id='word_1_651' title='bbox 2307 4485 2385 4539; x_wconf 89' lang='lat' dir='ltr'><strong>Ita</strong></span> <span class='ocrx_word' id='word_1_652' title='bbox 2417 4501 2542 4539; x_wconf 83' lang='lat' dir='ltr'><strong>cum</strong></span> <span class='ocrx_word' id='word_1_653' title='bbox 2593 4484 2797 4538; x_wconf 86' lang='lat' dir='ltr'><strong>Christi</strong></span> <span class='ocrx_word' id='word_1_654' title='bbox 2844 4483 3033 4540; x_wconf 86' lang='lat' dir='ltr'><strong>Passio</strong></span> <span class='ocrx_word' id='word_1_655' title='bbox 3067 4500 3132 4539; x_wconf 78' lang='lat' dir='ltr'><strong>ex</strong></span> <span class='ocrx_word' id='word_1_656' title='bbox 3165 4483 3456 4555; x_wconf 83' lang='lat' dir='ltr'><strong>Epiphanii</strong></span> <span class='ocrx_word' id='word_1_657' title='bbox 3487 4502 3616 4542; x_wconf 87' lang='lat' dir='ltr'><strong>sen-</strong></span> 
     </span>
    </p>
   </div>
   <div class='ocr_carea' id='block_1_90' title="bbox 349 4571 1930 4658">
    <p class='ocr_par' dir='ltr' id='par_1_90' title="bbox 349 4571 1929 4651">
     <span class='ocr_line' id='line_1_90' title="bbox 349 4571 1929 4651; baseline -0.003 -17"><span class='ocrx_word' id='word_1_658' title='bbox 349 4580 450 4634; x_wconf 83' lang='grc' dir='ltr'>πὸν</span> <span class='ocrx_word' id='word_1_659' title='bbox 475 4580 712 4650; x_wconf 84' lang='grc' dir='ltr'><strong>γίνονται</strong></span> <span class='ocrx_word' id='word_1_660' title='bbox 740 4579 818 4644; x_wconf 77' lang='grc' dir='ltr'><strong>τξ⁹</strong></span> <span class='ocrx_word' id='word_1_661' title='bbox 841 4578 1078 4651; x_wconf 79' lang='grc' dir='ltr'><strong>ἡμέραι,</strong></span> <span class='ocrx_word' id='word_1_662' title='bbox 1105 4579 1201 4632; x_wconf 81' lang='grc' dir='ltr'>καὶ</span> <span class='ocrx_word' id='word_1_663' title='bbox 1245 4580 1397 4649; x_wconf 81' lang='grc' dir='ltr'><strong>τρεῖς</strong></span> <span class='ocrx_word' id='word_1_664' title='bbox 1425 4571 1566 4648; x_wconf 84' lang='grc' dir='ltr'>ὧραι</span> <span class='ocrx_word' id='word_1_665' title='bbox 1600 4577 1748 4650; x_wconf 81' lang='grc' dir='ltr'><strong>παρὰ</strong></span> <span class='ocrx_word' id='word_1_666' title='bbox 1780 4576 1929 4648; x_wconf 80' lang='grc' dir='ltr'><strong>ὥραν</strong></span> 
     </span>
    </p>
   </div>
   <div class='ocr_carea' id='block_1_91' title="bbox 2031 4571 3618 4658">
    <p class='ocr_par' dir='ltr' id='par_1_91' title="bbox 2035 4576 3618 4643">
     <span class='ocr_line' id='line_1_91' title="bbox 2035 4576 3618 4643; baseline 0.003 -14"><span class='ocrx_word' id='word_1_667' title='bbox 2035 4576 2202 4630; x_wconf 82' lang='lat' dir='ltr'><strong>tentia</strong></span> <span class='ocrx_word' id='word_1_668' title='bbox 2229 4578 2389 4632; x_wconf 86' lang='lat' dir='ltr'><strong>cadat</strong></span> <span class='ocrx_word' id='word_1_669' title='bbox 2420 4578 2472 4630; x_wconf 91' lang='grc'><strong>111</strong></span> <span class='ocrx_word' id='word_1_670' title='bbox 2505 4593 2706 4632; x_wconf 88' lang='lat' dir='ltr'><strong>annum</strong></span> <span class='ocrx_word' id='word_1_671' title='bbox 2733 4577 3008 4631; x_wconf 82' lang='lat' dir='ltr'><strong>Julianum</strong></span> <span class='ocrx_word' id='word_1_672' title='bbox 3035 4577 3124 4643; x_wconf 87' lang='lat'><strong>76,</strong></span> <span class='ocrx_word' id='word_1_673' title='bbox 3156 4595 3277 4633; x_wconf 37' lang='lat' dir='ltr'><strong>atra:</strong></span> <span class='ocrx_word' id='word_1_674' title='bbox 3296 4579 3618 4634; x_wconf 74' lang='lat' dir='ltr'><strong>Christianas</strong></span> 
     </span>
    </p>
   </div>
   <div class='ocr_carea' id='block_1_92' title="bbox 349 4669 1925 4745">
    <p class='ocr_par' dir='ltr' id='par_1_92' title="bbox 349 4669 1925 4745">
     <span class='ocr_line' id='line_1_92' title="bbox 349 4669 1925 4745; baseline -0.001 -19"><span class='ocrx_word' id='word_1_675' title='bbox 349 4672 501 4745; x_wconf 76' lang='grc' dir='ltr'><strong>μίαν.</strong></span> <span class='ocrx_word' id='word_1_676' title='bbox 542 4672 667 4728; x_wconf 88' lang='lat' dir='ltr'><strong>Dies</strong></span> <span class='ocrx_word' id='word_1_677' title='bbox 701 4683 882 4728; x_wconf 89' lang='lat' dir='ltr'><strong>autem</strong></span> <span class='ocrx_word' id='word_1_678' title='bbox 927 4676 978 4726; x_wconf 91' lang='lat' dir='ltr'><strong>in</strong></span> <span class='ocrx_word' id='word_1_679' title='bbox 1019 4673 1176 4742; x_wconf 75' lang='lat' dir='ltr'><strong>cyclo</strong></span> <span class='ocrx_word' id='word_1_680' title='bbox 1210 4672 1403 4741; x_wconf 90' lang='lat' dir='ltr'><strong>majori</strong></span> <span class='ocrx_word' id='word_1_681' title='bbox 1445 4671 1683 4726; x_wconf 83' lang='lat' dir='ltr'><strong>contient</strong></span> <span class='ocrx_word' id='word_1_682' title='bbox 1728 4669 1925 4735; x_wconf 86' lang='grc'><strong>50680,</strong></span> 
     </span>
    </p>
   </div>
   <div class='ocr_carea' id='block_1_93' title="bbox 348 4764 1926 4837">
    <p class='ocr_par' dir='ltr' id='par_1_93' title="bbox 348 4764 1926 4837">
     <span class='ocr_line' id='line_1_93' title="bbox 348 4764 1926 4837; baseline -0.003 -15"><span class='ocrx_word' id='word_1_683' title='bbox 348 4767 436 4834; x_wconf 88' lang='grc'><strong>12,</strong></span> <span class='ocrx_word' id='word_1_684' title='bbox 464 4767 555 4837; x_wconf 90' lang='lat' dir='ltr'><strong>qui</strong></span> <span class='ocrx_word' id='word_1_685' title='bbox 590 4785 620 4822; x_wconf 90' lang='lat' dir='ltr'><strong>a</strong></span> <span class='ocrx_word' id='word_1_686' title='bbox 656 4768 830 4822; x_wconf 90' lang='lat' dir='ltr'><strong>lunari</strong></span> <span class='ocrx_word' id='word_1_687' title='bbox 879 4777 1028 4822; x_wconf 92' lang='lat' dir='ltr'><strong>motu</strong></span> <span class='ocrx_word' id='word_1_688' title='bbox 1073 4767 1273 4822; x_wconf 88' lang='lat' dir='ltr'><strong>absunt</strong></span> <span class='ocrx_word' id='word_1_689' title='bbox 1313 4766 1506 4820; x_wconf 90' lang='lat' dir='ltr'><strong>diebus</strong></span> <span class='ocrx_word' id='word_1_690' title='bbox 1537 4765 1648 4818; x_wconf 86' lang='lat' dir='ltr'><strong>fere</strong></span> <span class='ocrx_word' id='word_1_691' title='bbox 1689 4764 1926 4830; x_wconf 82' lang='lat' dir='ltr'><strong>duobus,</strong></span> 
     </span>
    </p>
   </div>
   <div class='ocr_carea' id='block_1_94' title="bbox 347 4857 1929 4929">
    <p class='ocr_par' dir='ltr' id='par_1_94' title="bbox 347 4857 1929 4929">
     <span class='ocr_line' id='line_1_94' title="bbox 347 4857 1929 4929; baseline -0.003 -14"><span class='ocrx_word' id='word_1_692' title='bbox 347 4859 451 4916; x_wconf 88' lang='lat' dir='ltr'><strong>hoc</strong></span> <span class='ocrx_word' id='word_1_693' title='bbox 493 4869 576 4916; x_wconf 91' lang='lat' dir='ltr'><strong>est</strong></span> <span class='ocrx_word' id='word_1_694' title='bbox 627 4862 680 4925; x_wconf 88' lang='grc'><strong>1,</strong></span> <span class='ocrx_word' id='word_1_695' title='bbox 711 4861 832 4915; x_wconf 92' lang='lat' dir='ltr'><strong>hor.</strong></span> <span class='ocrx_word' id='word_1_696' title='bbox 886 4861 975 4915; x_wconf 91' lang='grc'><strong>18.</strong></span> <span class='ocrx_word' id='word_1_697' title='bbox 1007 4860 1276 4928; x_wconf 84' lang='lat' dir='ltr'><strong>Quocirca</strong></span> <span class='ocrx_word' id='word_1_698' title='bbox 1329 4857 1549 4914; x_wconf 69' lang='lat' dir='ltr'><strong>Judaaos</strong></span> <span class='ocrx_word' id='word_1_699' title='bbox 1586 4857 1929 4929; x_wconf 89' lang='lat' dir='ltr'><strong>Epiphanius</strong></span> 
     </span>
    </p>
   </div>
   <div class='ocr_carea' id='block_1_95' title="bbox 343 4953 1929 5024">
    <p class='ocr_par' dir='ltr' id='par_1_95' title="bbox 343 4953 1929 5024">
     <span class='ocr_line' id='line_1_95' title="bbox 343 4953 1929 5024; baseline -0.003 -15"><span class='ocrx_word' id='word_1_700' title='bbox 343 4954 536 5009; x_wconf 86' lang='lat' dir='ltr'><strong>scribit</strong></span> <span class='ocrx_word' id='word_1_701' title='bbox 553 4955 759 5009; x_wconf 86' lang='lat' dir='ltr'><strong>medias</strong></span> <span class='ocrx_word' id='word_1_702' title='bbox 776 4955 1092 5010; x_wconf 88' lang='lat' dir='ltr'><strong>neomenias</strong></span> <span class='ocrx_word' id='word_1_703' title='bbox 1118 4953 1476 5024; x_wconf 88' lang='lat' dir='ltr'><strong>anticipantes</strong></span> <span class='ocrx_word' id='word_1_704' title='bbox 1491 4953 1929 5017; x_wconf 86' lang='lat' dir='ltr'><strong>biduo,ultimam</strong></span> 
     </span>
    </p>
   </div>
   <div class='ocr_carea' id='block_1_96' title="bbox 343 5045 1931 5118">
    <p class='ocr_par' dir='ltr' id='par_1_96' title="bbox 343 5045 1931 5118">
     <span class='ocr_line' id='line_1_96' title="bbox 343 5045 1931 5118; baseline 0 -18"><span class='ocrx_word' id='word_1_705' title='bbox 343 5047 690 5102; x_wconf 88' lang='lat' dir='ltr'><strong>tricenariam</strong></span> <span class='ocrx_word' id='word_1_706' title='bbox 741 5047 1075 5118; x_wconf 88' lang='lat' dir='ltr'><strong>imputasse,</strong></span> <span class='ocrx_word' id='word_1_707' title='bbox 1118 5063 1242 5102; x_wconf 91' lang='lat' dir='ltr'><strong>cum</strong></span> <span class='ocrx_word' id='word_1_708' title='bbox 1285 5047 1402 5102; x_wconf 90' lang='lat' dir='ltr'><strong>dies</strong></span> <span class='ocrx_word' id='word_1_709' title='bbox 1436 5049 1703 5101; x_wconf 76' lang='lat' dir='ltr'><strong>duntaxat.</strong></span> <span class='ocrx_word' id='word_1_710' title='bbox 1754 5045 1931 5100; x_wconf 80' lang='lat' dir='ltr'><strong>forent</strong></span> 
     </span>
    </p>
   </div>
   <div class='ocr_carea' id='block_1_97' title="bbox 343 5137 1932 5212">
    <p class='ocr_par' dir='ltr' id='par_1_97' title="bbox 343 5137 1932 5212">
     <span class='ocr_line' id='line_1_97' title="bbox 343 5137 1932 5212; baseline -0.001 -20"><span class='ocrx_word' id='word_1_711' title='bbox 343 5139 434 5206; x_wconf 89' lang='grc'><strong>28,</strong></span> <span class='ocrx_word' id='word_1_712' title='bbox 455 5139 576 5193; x_wconf 90' lang='lat' dir='ltr'><strong>hor.</strong></span> <span class='ocrx_word' id='word_1_713' title='bbox 597 5139 650 5194; x_wconf 91' lang='lat'><strong>6.</strong></span> <span class='ocrx_word' id='word_1_714' title='bbox 669 5139 845 5210; x_wconf 82' lang='lat' dir='ltr'><strong>Atque</strong></span> <span class='ocrx_word' id='word_1_715' title='bbox 864 5142 976 5194; x_wconf 83' lang='lat' dir='ltr'><strong>haec</strong></span> <span class='ocrx_word' id='word_1_716' title='bbox 997 5142 1263 5210; x_wconf 84' lang='lat' dir='ltr'><strong>posterior</strong></span> <span class='ocrx_word' id='word_1_717' title='bbox 1283 5139 1417 5212; x_wconf 89' lang='lat' dir='ltr'><strong>cycli</strong></span> <span class='ocrx_word' id='word_1_718' title='bbox 1447 5137 1812 5194; x_wconf 82' lang='lat' dir='ltr'><strong>conformatio</strong></span> <span class='ocrx_word' id='word_1_719' title='bbox 1832 5137 1932 5191; x_wconf 91' lang='lat' dir='ltr'><strong>ali-</strong></span> 
     </span>
    </p>
   </div>
   <div class='ocr_carea' id='block_1_98' title="bbox 343 5229 1927 5302">
    <p class='ocr_par' dir='ltr' id='par_1_98' title="bbox 343 5229 1927 5302">
     <span class='ocr_line' id='line_1_98' title="bbox 343 5229 1927 5302; baseline -0.003 -14"><span class='ocrx_word' id='word_1_720' title='bbox 343 5242 426 5288; x_wconf 89' lang='lat' dir='ltr'><strong>ter</strong></span> <span class='ocrx_word' id='word_1_721' title='bbox 461 5232 749 5287; x_wconf 86' lang='lat' dir='ltr'><strong>intellectis</strong></span> <span class='ocrx_word' id='word_1_722' title='bbox 777 5230 1068 5302; x_wconf 89' lang='lat' dir='ltr'><strong>Epiphanii</strong></span> <span class='ocrx_word' id='word_1_723' title='bbox 1112 5231 1295 5286; x_wconf 90' lang='lat' dir='ltr'><strong>verbis</strong></span> <span class='ocrx_word' id='word_1_724' title='bbox 1333 5229 1627 5301; x_wconf 89' lang='lat' dir='ltr'><strong>approbari</strong></span> <span class='ocrx_word' id='word_1_725' title='bbox 1677 5230 1927 5295; x_wconf 90' lang='lat' dir='ltr'><strong>videtur;</strong></span> 
     </span>
    </p>
   </div>
   <div class='ocr_carea' id='block_1_99' title="bbox 342 5323 1931 5396">
    <p class='ocr_par' dir='ltr' id='par_1_99' title="bbox 342 5323 1931 5396">
     <span class='ocr_line' id='line_1_99' title="bbox 342 5323 1931 5396; baseline -0.001 -17"><span class='ocrx_word' id='word_1_726' title='bbox 342 5325 602 5380; x_wconf 90' lang='lat' dir='ltr'><strong>nimirum</strong></span> <span class='ocrx_word' id='word_1_727' title='bbox 639 5341 765 5380; x_wconf 88' lang='lat' dir='ltr'><strong>cum</strong></span> <span class='ocrx_word' id='word_1_728' title='bbox 795 5326 1007 5390; x_wconf 90' lang='lat' dir='ltr'><strong>scribit,</strong></span> <span class='ocrx_word' id='word_1_729' title='bbox 1041 5325 1200 5380; x_wconf 91' lang='lat' dir='ltr'><strong>tertio</strong></span> <span class='ocrx_word' id='word_1_730' title='bbox 1227 5340 1448 5396; x_wconf 89' lang='lat' dir='ltr'><strong>quoque</strong></span> <span class='ocrx_word' id='word_1_731' title='bbox 1473 5339 1620 5380; x_wconf 88' lang='lat' dir='ltr'><strong>anno</strong></span> <span class='ocrx_word' id='word_1_732' title='bbox 1650 5323 1794 5379; x_wconf 90' lang='lat' dir='ltr'><strong>diem</strong></span> <span class='ocrx_word' id='word_1_733' title='bbox 1840 5338 1931 5378; x_wconf 84' lang='lat' dir='ltr'><strong>ac-</strong></span> 
     </span>
    </p>
   </div>
   <div class='ocr_carea' id='block_1_100' title="bbox 340 5417 1924 5490">
    <p class='ocr_par' dir='ltr' id='par_1_100' title="bbox 340 5417 1924 5490">
     <span class='ocr_line' id='line_1_100' title="bbox 340 5417 1924 5490; baseline -0.002 -18"><span class='ocrx_word' id='word_1_734' title='bbox 340 5431 591 5483; x_wconf 80' lang='lat' dir='ltr'><strong>crescere</strong></span> <span class='ocrx_word' id='word_1_735' title='bbox 621 5433 688 5472; x_wconf 80' lang='lat' dir='ltr'><strong>ex</strong></span> <span class='ocrx_word' id='word_1_736' title='bbox 739 5420 889 5473; x_wconf 89' lang='lat' dir='ltr'><strong>boris</strong></span> <span class='ocrx_word' id='word_1_737' title='bbox 925 5419 978 5483; x_wconf 89' lang='lat'><strong>8,</strong></span> <span class='ocrx_word' id='word_1_738' title='bbox 1011 5434 1136 5489; x_wconf 68' lang='lat' dir='ltr'><strong>quae</strong></span> <span class='ocrx_word' id='word_1_739' title='bbox 1162 5419 1394 5490; x_wconf 81' lang='lat' dir='ltr'><strong>singulis</strong></span> <span class='ocrx_word' id='word_1_740' title='bbox 1439 5418 1600 5473; x_wconf 89' lang='lat' dir='ltr'><strong>annis</strong></span> <span class='ocrx_word' id='word_1_741' title='bbox 1633 5417 1924 5472; x_wconf 88' lang='lat' dir='ltr'><strong>accedunt.</strong></span> 
     </span>
    </p>
   </div>
   <div class='ocr_carea' id='block_1_101' title="bbox 338 5507 1926 5582">
    <p class='ocr_par' dir='ltr' id='par_1_101' title="bbox 338 5507 1926 5582">
     <span class='ocr_line' id='line_1_101' title="bbox 338 5507 1926 5582; baseline -0.002 -18"><span class='ocrx_word' id='word_1_742' title='bbox 338 5507 477 5566; x_wconf 84' lang='lat' dir='ltr'><strong>Nam</strong></span> <span class='ocrx_word' id='word_1_743' title='bbox 509 5511 626 5567; x_wconf 56' lang='lat' dir='ltr'><strong>haec</strong></span> <span class='ocrx_word' id='word_1_744' title='bbox 662 5511 736 5566; x_wconf 90' lang='lat' dir='ltr'><strong>ita</strong></span> <span class='ocrx_word' id='word_1_745' title='bbox 767 5521 1000 5582; x_wconf 90' lang='lat' dir='ltr'><strong>possunt</strong></span> <span class='ocrx_word' id='word_1_746' title='bbox 1030 5511 1223 5581; x_wconf 89' lang='lat' dir='ltr'><strong>accipi,</strong></span> <span class='ocrx_word' id='word_1_747' title='bbox 1249 5520 1309 5565; x_wconf 93' lang='lat' dir='ltr'><strong>ut</strong></span> <span class='ocrx_word' id='word_1_748' title='bbox 1346 5525 1492 5564; x_wconf 87' lang='lat' dir='ltr'><strong>anno</strong></span> <span class='ocrx_word' id='word_1_749' title='bbox 1516 5524 1636 5576; x_wconf 79' lang='lat' dir='ltr'><strong>xm,</strong></span> <span class='ocrx_word' id='word_1_750' title='bbox 1663 5511 1811 5565; x_wconf 74' lang='lat' dir='ltr'><strong>hora:</strong></span> <span class='ocrx_word' id='word_1_751' title='bbox 1837 5508 1926 5572; x_wconf 86' lang='grc'><strong>12,</strong></span> 
     </span>
    </p>
   </div>
   <div class='ocr_carea' id='block_1_102' title="bbox 335 5602 1932 5676">
    <p class='ocr_par' dir='ltr' id='par_1_102' title="bbox 335 5602 1932 5676">
     <span class='ocr_line' id='line_1_102' title="bbox 335 5602 1932 5676; baseline -0.002 -18"><span class='ocrx_word' id='word_1_752' title='bbox 335 5604 679 5676; x_wconf 80' lang='lat' dir='ltr'><strong>totidemque</strong></span> <span class='ocrx_word' id='word_1_753' title='bbox 735 5621 880 5660; x_wconf 88' lang='lat' dir='ltr'><strong>anno</strong></span> <span class='ocrx_word' id='word_1_754' title='bbox 915 5621 1005 5660; x_wconf 83' lang='lat' dir='ltr'><strong>xw</strong></span> <span class='ocrx_word' id='word_1_755' title='bbox 1051 5604 1535 5669; x_wconf 65' lang='lat' dir='ltr'><strong>additas,biennio</strong></span> <span class='ocrx_word' id='word_1_756' title='bbox 1585 5603 1730 5658; x_wconf 90' lang='lat' dir='ltr'><strong>diem</strong></span> <span class='ocrx_word' id='word_1_757' title='bbox 1782 5602 1932 5657; x_wconf 91' lang='lat' dir='ltr'><strong>colli-</strong></span> 
     </span>
    </p>
   </div>
   <div class='ocr_carea' id='block_1_103' title="bbox 339 5698 1929 5770">
    <p class='ocr_par' dir='ltr' id='par_1_103' title="bbox 339 5698 1929 5770">
     <span class='ocr_line' id='line_1_103' title="bbox 339 5698 1929 5770; baseline -0.001 -18"><span class='ocrx_word' id='word_1_758' title='bbox 339 5708 499 5769; x_wconf 75' lang='lat' dir='ltr'><strong>gant;</strong></span> <span class='ocrx_word' id='word_1_759' title='bbox 533 5698 679 5770; x_wconf 89' lang='lat' dir='ltr'><strong>quod</strong></span> <span class='ocrx_word' id='word_1_760' title='bbox 711 5698 765 5753; x_wconf 92' lang='lat' dir='ltr'><strong>in</strong></span> <span class='ocrx_word' id='word_1_761' title='bbox 805 5700 951 5756; x_wconf 91' lang='lat' dir='ltr'><strong>hunc</strong></span> <span class='ocrx_word' id='word_1_762' title='bbox 997 5714 1266 5754; x_wconf 88' lang='lat' dir='ltr'><strong>annorum</strong></span> <span class='ocrx_word' id='word_1_763' title='bbox 1300 5699 1488 5754; x_wconf 88' lang='lat' dir='ltr'><strong>orbem</strong></span> <span class='ocrx_word' id='word_1_764' title='bbox 1535 5698 1755 5754; x_wconf 89' lang='lat' dir='ltr'><strong>lunares</strong></span> <span class='ocrx_word' id='word_1_765' title='bbox 1798 5714 1929 5752; x_wconf 89' lang='lat' dir='ltr'><strong>neo-</strong></span> 
     </span>
    </p>
   </div>
   <div class='ocr_carea' id='block_1_104' title="bbox 343 5791 1929 5867">
    <p class='ocr_par' dir='ltr' id='par_1_104' title="bbox 343 5791 1929 5867">
     <span class='ocr_line' id='line_1_104' title="bbox 343 5791 1929 5867; baseline 0.001 -21"><span class='ocrx_word' id='word_1_766' title='bbox 343 5791 537 5847; x_wconf 75' lang='lat' dir='ltr'><strong>menias</strong></span> <span class='ocrx_word' id='word_1_767' title='bbox 555 5803 836 5865; x_wconf 79' lang='lat' dir='ltr'><strong>cogantur.</strong></span> <span class='ocrx_word' id='word_1_768' title='bbox 853 5794 930 5850; x_wconf 88' lang='lat' dir='ltr'><strong>lta</strong></span> <span class='ocrx_word' id='word_1_769' title='bbox 949 5795 1134 5867; x_wconf 76' lang='lat' dir='ltr'><strong>cyclus</strong></span> <span class='ocrx_word' id='word_1_770' title='bbox 1153 5795 1360 5866; x_wconf 76' lang='lat' dir='ltr'><strong>integer</strong></span> <span class='ocrx_word' id='word_1_771' title='bbox 1382 5795 1498 5849; x_wconf 90' lang='lat' dir='ltr'><strong>dies</strong></span> <span class='ocrx_word' id='word_1_772' title='bbox 1518 5794 1744 5865; x_wconf 84' lang='lat' dir='ltr'><strong>praecise</strong></span> <span class='ocrx_word' id='word_1_773' title='bbox 1766 5792 1929 5864; x_wconf 86' lang='lat' dir='ltr'><strong>quiu-</strong></span> 
     </span>
    </p>
   </div>
   <div class='ocr_carea' id='block_1_105' title="bbox 343 5886 1922 5958">
    <p class='ocr_par' dir='ltr' id='par_1_105' title="bbox 343 5886 1922 5958">
     <span class='ocr_line' id='line_1_105' title="bbox 343 5886 1922 5958; baseline 0.002 -19"><span class='ocrx_word' id='word_1_774' title='bbox 343 5898 452 5950; x_wconf 81' lang='lat' dir='ltr'><strong>que</strong></span> <span class='ocrx_word' id='word_1_775' title='bbox 478 5886 782 5956; x_wconf 82' lang='lat' dir='ltr'><strong>superﬂuos</strong></span> <span class='ocrx_word' id='word_1_776' title='bbox 813 5887 919 5943; x_wconf 91' lang='lat' dir='ltr'><strong>sibi</strong></span> <span class='ocrx_word' id='word_1_777' title='bbox 950 5887 1188 5944; x_wconf 81' lang='lat' dir='ltr'><strong>vindicat</strong></span> <span class='ocrx_word' id='word_1_778' title='bbox 1223 5905 1237 5942; x_wconf 89' lang='lat'><strong>:</strong></span> <span class='ocrx_word' id='word_1_779' title='bbox 1271 5902 1378 5943; x_wconf 91' lang='lat' dir='ltr'><strong>non</strong></span> <span class='ocrx_word' id='word_1_780' title='bbox 1415 5895 1476 5943; x_wconf 91' lang='lat' dir='ltr'><strong>ut</strong></span> <span class='ocrx_word' id='word_1_781' title='bbox 1507 5886 1564 5942; x_wconf 91' lang='lat' dir='ltr'><strong>in</strong></span> <span class='ocrx_word' id='word_1_782' title='bbox 1591 5886 1777 5958; x_wconf 88' lang='lat' dir='ltr'><strong>priore</strong></span> <span class='ocrx_word' id='word_1_783' title='bbox 1805 5899 1922 5942; x_wconf 87' lang='lat' dir='ltr'><strong>me-</strong></span> 
     </span>
    </p>
   </div>
   <div class='ocr_carea' id='block_1_106' title="bbox 2034 4670 3618 4741">
    <p class='ocr_par' dir='ltr' id='par_1_106' title="bbox 2034 4670 3618 4741">
     <span class='ocr_line' id='line_1_106' title="bbox 2034 4670 3618 4741; baseline 0.001 -16"><span class='ocrx_word' id='word_1_784' title='bbox 2034 4671 2340 4725; x_wconf 90' lang='lat' dir='ltr'><strong>communis</strong></span> <span class='ocrx_word' id='word_1_785' title='bbox 2369 4671 2458 4733; x_wconf 88' lang='grc'><strong>51,</strong></span> <span class='ocrx_word' id='word_1_786' title='bbox 2501 4672 2606 4724; x_wconf 92' lang='lat' dir='ltr'><strong>erit</strong></span> <span class='ocrx_word' id='word_1_787' title='bbox 2641 4670 2687 4724; x_wconf 91' lang='lat' dir='ltr'><strong>is</strong></span> <span class='ocrx_word' id='word_1_788' title='bbox 2735 4686 2913 4726; x_wconf 89' lang='lat' dir='ltr'><strong>annus</strong></span> <span class='ocrx_word' id='word_1_789' title='bbox 2935 4671 3070 4741; x_wconf 85' lang='lat' dir='ltr'><strong>cycli</strong></span> <span class='ocrx_word' id='word_1_790' title='bbox 3113 4671 3340 4740; x_wconf 85' lang='lat' dir='ltr'><strong>majoris</strong></span> <span class='ocrx_word' id='word_1_791' title='bbox 3383 4672 3471 4736; x_wconf 80' lang='grc'><strong>82,</strong></span> <span class='ocrx_word' id='word_1_792' title='bbox 3505 4679 3618 4728; x_wconf 84' lang='lat' dir='ltr'><strong>tes-</strong></span> 
     </span>
    </p>
   </div>
   <div class='ocr_carea' id='block_1_107' title="bbox 2033 4765 3619 4837">
    <p class='ocr_par' dir='ltr' id='par_1_107' title="bbox 2033 4765 3619 4837">
     <span class='ocr_line' id='line_1_107' title="bbox 2033 4765 3619 4837; baseline 0.003 -17"><span class='ocrx_word' id='word_1_793' title='bbox 2033 4765 2516 4820; x_wconf 85' lang='lat' dir='ltr'><strong>saradecaeteridis</strong></span> <span class='ocrx_word' id='word_1_794' title='bbox 2548 4780 2678 4819; x_wconf 87' lang='lat' dir='ltr'><strong>vero</strong></span> <span class='ocrx_word' id='word_1_795' title='bbox 2703 4775 2868 4820; x_wconf 67' lang='lat' dir='ltr'><strong>sextae</strong></span> <span class='ocrx_word' id='word_1_796' title='bbox 2899 4781 3076 4821; x_wconf 88' lang='lat' dir='ltr'><strong>annus</strong></span> <span class='ocrx_word' id='word_1_797' title='bbox 3112 4766 3199 4834; x_wconf 87' lang='grc'><strong>15,</strong></span> <span class='ocrx_word' id='word_1_798' title='bbox 3231 4767 3380 4837; x_wconf 82' lang='lat' dir='ltr'><strong>cyclo</strong></span> <span class='ocrx_word' id='word_1_799' title='bbox 3401 4765 3619 4824; x_wconf 80' lang='lat' dir='ltr'><strong>Nicamo</strong></span> 
     </span>
    </p>
   </div>
   <div class='ocr_carea' id='block_1_108' title="bbox 2033 4855 2631 4920">
    <p class='ocr_par' dir='ltr' id='par_1_108' title="bbox 2033 4855 2631 4920">
     <span class='ocr_line' id='line_1_108' title="bbox 2033 4855 2631 4920; baseline -0.003 -10"><span class='ocrx_word' id='word_1_800' title='bbox 2033 4856 2122 4920; x_wconf 84' lang='grc'><strong>15,</strong></span> <span class='ocrx_word' id='word_1_801' title='bbox 2161 4857 2295 4911; x_wconf 89' lang='lat' dir='ltr'><strong>solis</strong></span> <span class='ocrx_word' id='word_1_802' title='bbox 2324 4856 2412 4919; x_wconf 84' lang='grc'><strong>12,</strong></span> <span class='ocrx_word' id='word_1_803' title='bbox 2448 4855 2529 4908; x_wconf 87' lang='lat' dir='ltr'><strong>lit.</strong></span> <span class='ocrx_word' id='word_1_804' title='bbox 2566 4855 2631 4909; x_wconf 89' lang='lat' dir='ltr'><strong>G.</strong></span> 
     </span>
    </p>
   </div>
   <div class='ocr_carea' id='block_1_109' title="bbox 2103 4947 3616 5013">
    <p class='ocr_par' dir='ltr' id='par_1_109' title="bbox 2103 4947 3616 5013">
     <span class='ocr_line' id='line_1_109' title="bbox 2103 4947 3616 5013; baseline 0 -11"><span class='ocrx_word' id='word_1_805' title='bbox 2103 4947 2201 5003; x_wconf 83' lang='lat' dir='ltr'><strong>His</strong></span> <span class='ocrx_word' id='word_1_806' title='bbox 2250 4947 2666 5013; x_wconf 86' lang='lat' dir='ltr'><strong>animadversis,</strong></span> <span class='ocrx_word' id='word_1_807' title='bbox 2721 4948 3084 5001; x_wconf 88' lang='lat' dir='ltr'><strong>constituatur</strong></span> <span class='ocrx_word' id='word_1_808' title='bbox 3112 4950 3394 5002; x_wconf 88' lang='lat' dir='ltr'><strong>neomenia</strong></span> <span class='ocrx_word' id='word_1_809' title='bbox 3450 4947 3616 5004; x_wconf 85' lang='lat' dir='ltr'><strong>Nisan</strong></span> 
     </span>
    </p>
   </div>
   <div class='ocr_carea' id='block_1_110' title="bbox 2033 5040 3622 5116">
    <p class='ocr_par' dir='ltr' id='par_1_110' title="bbox 2033 5040 3622 5116">
     <span class='ocr_line' id='line_1_110' title="bbox 2033 5040 3622 5116; baseline -0.003 -18"><span class='ocrx_word' id='word_1_810' title='bbox 2033 5044 2183 5116; x_wconf 83' lang='lat' dir='ltr'><strong>cyclo</strong></span> <span class='ocrx_word' id='word_1_811' title='bbox 2201 5040 2418 5096; x_wconf 72' lang='lat' dir='ltr'><strong>Niraeno</strong></span> <span class='ocrx_word' id='word_1_812' title='bbox 2449 5043 2481 5096; x_wconf 90' lang='lat'><strong>8</strong></span> <span class='ocrx_word' id='word_1_813' title='bbox 2514 5041 2566 5094; x_wconf 93' lang='lat' dir='ltr'><strong>in</strong></span> <span class='ocrx_word' id='word_1_814' title='bbox 2597 5055 2740 5095; x_wconf 87' lang='lat' dir='ltr'><strong>anno</strong></span> <span class='ocrx_word' id='word_1_815' title='bbox 2770 5041 2948 5111; x_wconf 86' lang='lat' dir='ltr'><strong>primo</strong></span> <span class='ocrx_word' id='word_1_816' title='bbox 2987 5042 3485 5096; x_wconf 74' lang='lat' dir='ltr'><strong>tessaracaedecaet.</strong></span> <span class='ocrx_word' id='word_1_817' title='bbox 3519 5043 3622 5108; x_wconf 81' lang='lat' dir='ltr'><strong>pri-</strong></span> 
     </span>
    </p>
   </div>
   <div class='ocr_carea' id='block_1_111' title="bbox 2034 5133 3617 5205">
    <p class='ocr_par' dir='ltr' id='par_1_111' title="bbox 2034 5133 3617 5205">
     <span class='ocr_line' id='line_1_111' title="bbox 2034 5133 3617 5205; baseline -0.001 -15"><span class='ocrx_word' id='word_1_818' title='bbox 2034 5135 2365 5205; x_wconf 53' lang='lat' dir='ltr'><strong>mat-Aprilis</strong></span> <span class='ocrx_word' id='word_1_819' title='bbox 2393 5151 2470 5188; x_wconf 86' lang='lat' dir='ltr'><strong>vt.</strong></span> <span class='ocrx_word' id='word_1_820' title='bbox 2502 5133 2713 5188; x_wconf 86' lang='lat' dir='ltr'><strong>Etenim</strong></span> <span class='ocrx_word' id='word_1_821' title='bbox 2759 5149 2904 5188; x_wconf 90' lang='lat' dir='ltr'><strong>anno</strong></span> <span class='ocrx_word' id='word_1_822' title='bbox 2948 5133 3158 5204; x_wconf 90' lang='lat' dir='ltr'><strong>periodi</strong></span> <span class='ocrx_word' id='word_1_823' title='bbox 3200 5133 3428 5189; x_wconf 70' lang='lat' dir='ltr'><strong>Juliana:</strong></span> <span class='ocrx_word' id='word_1_824' title='bbox 3454 5134 3617 5198; x_wconf 69' lang='grc'><strong>4665,</strong></span> 
     </span>
    </p>
   </div>
   <div class='ocr_carea' id='block_1_112' title="bbox 2031 5225 3622 5300">
    <p class='ocr_par' dir='ltr' id='par_1_112' title="bbox 2031 5225 3622 5300">
     <span class='ocr_line' id='line_1_112' title="bbox 2031 5225 3622 5300; baseline -0.002 -16"><span class='ocrx_word' id='word_1_825' title='bbox 2031 5229 2186 5300; x_wconf 87' lang='lat' dir='ltr'><strong>cyclo</strong></span> <span class='ocrx_word' id='word_1_826' title='bbox 2238 5227 2292 5294; x_wconf 89' lang='lat'><strong>8,</strong></span> <span class='ocrx_word' id='word_1_827' title='bbox 2350 5228 2686 5283; x_wconf 90' lang='lat' dir='ltr'><strong>novilnnium</strong></span> <span class='ocrx_word' id='word_1_828' title='bbox 2751 5227 2988 5281; x_wconf 88' lang='lat' dir='ltr'><strong>medium</strong></span> <span class='ocrx_word' id='word_1_829' title='bbox 3029 5243 3097 5281; x_wconf 84' lang='lat' dir='ltr'><strong>ex</strong></span> <span class='ocrx_word' id='word_1_830' title='bbox 3148 5225 3355 5281; x_wconf 82' lang='lat' dir='ltr'><strong>Mulleri</strong></span> <span class='ocrx_word' id='word_1_831' title='bbox 3399 5225 3622 5282; x_wconf 86' lang='lat' dir='ltr'><strong>Tabulis</strong></span> 
     </span>
    </p>
   </div>
   <div class='ocr_carea' id='block_1_113' title="bbox 2015 5319 3616 5392">
    <p class='ocr_par' dir='ltr' id='par_1_113' title="bbox 2015 5319 3616 5392">
     <span class='ocr_line' id='line_1_113' title="bbox 2015 5319 3616 5392; baseline -0.001 -15"><span class='ocrx_word' id='word_1_832' title='bbox 2015 5322 2234 5384; x_wconf 84' lang='lat' dir='ltr'><strong>.accidit</strong></span> <span class='ocrx_word' id='word_1_833' title='bbox 2263 5324 2395 5392; x_wconf 90' lang='lat' dir='ltr'><strong>Apr.</strong></span> <span class='ocrx_word' id='word_1_834' title='bbox 2425 5338 2497 5386; x_wconf 86' lang='lat' dir='ltr'><strong>\‘l,</strong></span> <span class='ocrx_word' id='word_1_835' title='bbox 2529 5321 2674 5377; x_wconf 91' lang='lat' dir='ltr'><strong>circa</strong></span> <span class='ocrx_word' id='word_1_836' title='bbox 2708 5321 2942 5375; x_wconf 89' lang='lat' dir='ltr'><strong>mediam</strong></span> <span class='ocrx_word' id='word_1_837' title='bbox 2977 5329 3210 5383; x_wconf 87' lang='lat' dir='ltr'><strong>noctem,</strong></span> <span class='ocrx_word' id='word_1_838' title='bbox 3240 5320 3341 5374; x_wconf 92' lang='lat' dir='ltr'><strong>hoc</strong></span> <span class='ocrx_word' id='word_1_839' title='bbox 3370 5328 3454 5374; x_wconf 90' lang='lat' dir='ltr'><strong>est</strong></span> <span class='ocrx_word' id='word_1_840' title='bbox 3483 5319 3616 5388; x_wconf 82' lang='lat' dir='ltr'><strong>Apr.</strong></span> 
     </span>
    </p>
   </div>
   <div class='ocr_carea' id='block_1_114' title="bbox 2031 5412 3618 5483">
    <p class='ocr_par' dir='ltr' id='par_1_114' title="bbox 2031 5412 3618 5483">
     <span class='ocr_line' id='line_1_114' title="bbox 2031 5412 3618 5483; baseline -0.004 -13"><span class='ocrx_word' id='word_1_841' title='bbox 2031 5415 2163 5481; x_wconf 82' lang='lat'><strong>6,0,</strong></span> <span class='ocrx_word' id='word_1_842' title='bbox 2199 5414 2304 5470; x_wconf 81' lang='lat'><strong>58&#39;.</strong></span> <span class='ocrx_word' id='word_1_843' title='bbox 2350 5412 2593 5483; x_wconf 67' lang='lat' dir='ltr'><strong>Reliquae</strong></span> <span class='ocrx_word' id='word_1_844' title='bbox 2644 5413 2948 5467; x_wconf 63' lang='lat' dir='ltr'><strong>neomenias</strong></span> <span class='ocrx_word' id='word_1_845' title='bbox 3009 5413 3320 5466; x_wconf 88' lang='lat' dir='ltr'><strong>necessario</strong></span> <span class='ocrx_word' id='word_1_846' title='bbox 3358 5419 3618 5466; x_wconf 76' lang='lat' dir='ltr'><strong>contextu</strong></span> 
     </span>
    </p>
   </div>
   <div class='ocr_carea' id='block_1_115' title="bbox 2030 5503 3621 5578">
    <p class='ocr_par' dir='ltr' id='par_1_115' title="bbox 2030 5503 3621 5578">
     <span class='ocr_line' id='line_1_115' title="bbox 2030 5503 3621 5578; baseline -0.004 -15"><span class='ocrx_word' id='word_1_847' title='bbox 2030 5523 2152 5563; x_wconf 86' lang='lat' dir='ltr'><strong>sese</strong></span> <span class='ocrx_word' id='word_1_848' title='bbox 2176 5516 2292 5562; x_wconf 90' lang='lat' dir='ltr'><strong>toto</strong></span> <span class='ocrx_word' id='word_1_849' title='bbox 2313 5508 2366 5561; x_wconf 91' lang='lat' dir='ltr'><strong>in</strong></span> <span class='ocrx_word' id='word_1_850' title='bbox 2388 5507 2543 5578; x_wconf 89' lang='lat' dir='ltr'><strong>cyclo</strong></span> <span class='ocrx_word' id='word_1_851' title='bbox 2568 5513 2999 5575; x_wconf 87' lang='lat' dir='ltr'><strong>consequentur,</strong></span> <span class='ocrx_word' id='word_1_852' title='bbox 3022 5512 3082 5558; x_wconf 91' lang='lat' dir='ltr'><strong>ut</strong></span> <span class='ocrx_word' id='word_1_853' title='bbox 3106 5519 3173 5557; x_wconf 77' lang='lat' dir='ltr'><strong>ex</strong></span> <span class='ocrx_word' id='word_1_854' title='bbox 3199 5503 3302 5556; x_wconf 91' lang='lat' dir='ltr'><strong>hoc</strong></span> <span class='ocrx_word' id='word_1_855' title='bbox 3345 5503 3621 5573; x_wconf 66' lang='lat' dir='ltr'><strong>diagramo</strong></span> 
     </span>
    </p>
   </div>
   <div class='ocr_carea' id='block_1_116' title="bbox 2029 5598 3623 5673">
    <p class='ocr_par' dir='ltr' id='par_1_116' title="bbox 2029 5598 3623 5673">
     <span class='ocr_line' id='line_1_116' title="bbox 2029 5598 3623 5673; baseline -0.005 -15"><span class='ocrx_word' id='word_1_856' title='bbox 2029 5613 2176 5659; x_wconf 81' lang='lat' dir='ltr'><strong>male</strong></span> <span class='ocrx_word' id='word_1_857' title='bbox 2202 5603 2388 5673; x_wconf 90' lang='lat' dir='ltr'><strong>liquet.</strong></span> <span class='ocrx_word' id='word_1_858' title='bbox 2414 5600 2472 5655; x_wconf 92' lang='grc'><strong>111</strong></span> <span class='ocrx_word' id='word_1_859' title='bbox 2509 5617 2620 5672; x_wconf 87' lang='lat' dir='ltr'><strong>quo</strong></span> <span class='ocrx_word' id='word_1_860' title='bbox 2653 5601 2875 5657; x_wconf 90' lang='lat' dir='ltr'><strong>ordines</strong></span> <span class='ocrx_word' id='word_1_861' title='bbox 2929 5611 3058 5655; x_wconf 89' lang='lat' dir='ltr'><strong>sunt</strong></span> <span class='ocrx_word' id='word_1_862' title='bbox 3082 5598 3115 5653; x_wconf 91' lang='lat'><strong>8</strong></span> <span class='ocrx_word' id='word_1_863' title='bbox 3145 5618 3161 5653; x_wconf 86' lang='lat'><strong>:</strong></span> <span class='ocrx_word' id='word_1_864' title='bbox 3207 5599 3418 5668; x_wconf 90' lang='lat' dir='ltr'><strong>primus</strong></span> <span class='ocrx_word' id='word_1_865' title='bbox 3450 5613 3623 5651; x_wconf 85' lang='lat' dir='ltr'><strong>anno-</strong></span> 
     </span>
    </p>
   </div>
   <div class='ocr_carea' id='block_1_117' title="bbox 2031 5689 3619 5762">
    <p class='ocr_par' dir='ltr' id='par_1_117' title="bbox 2031 5689 3619 5762">
     <span class='ocr_line' id='line_1_117' title="bbox 2031 5689 3619 5762; baseline -0.006 -11"><span class='ocrx_word' id='word_1_866' title='bbox 2031 5711 2156 5751; x_wconf 89' lang='lat' dir='ltr'><strong>rum</strong></span> <span class='ocrx_word' id='word_1_867' title='bbox 2211 5711 2502 5750; x_wconf 90' lang='lat' dir='ltr'><strong>numerum</strong></span> <span class='ocrx_word' id='word_1_868' title='bbox 2556 5695 2827 5761; x_wconf 88' lang='lat' dir='ltr'><strong>continet;</strong></span> <span class='ocrx_word' id='word_1_869' title='bbox 2871 5691 3146 5748; x_wconf 90' lang='lat' dir='ltr'><strong>secundus</strong></span> <span class='ocrx_word' id='word_1_870' title='bbox 3194 5691 3406 5762; x_wconf 87' lang='lat' dir='ltr'><strong>cyclum</strong></span> <span class='ocrx_word' id='word_1_871' title='bbox 3451 5689 3619 5754; x_wconf 84' lang='lat' dir='ltr'><strong>solis;</strong></span> 
     </span>
    </p>
   </div>
   <div class='ocr_carea' id='block_1_118' title="bbox 2029 5781 3621 5860">
    <p class='ocr_par' dir='ltr' id='par_1_118' title="bbox 2029 5781 3621 5860">
     <span class='ocr_line' id='line_1_118' title="bbox 2029 5781 3621 5860; baseline -0.006 -15"><span class='ocrx_word' id='word_1_872' title='bbox 2029 5789 2221 5845; x_wconf 84' lang='lat' dir='ltr'><strong>tertius</strong></span> <span class='ocrx_word' id='word_1_873' title='bbox 2247 5787 2388 5844; x_wconf 65' lang='lat' dir='ltr'><strong>lunae</strong></span> <span class='ocrx_word' id='word_1_874' title='bbox 2416 5787 2650 5860; x_wconf 81' lang='lat' dir='ltr'><strong>cyclum,</strong></span> <span class='ocrx_word' id='word_1_875' title='bbox 2701 5794 2996 5854; x_wconf 88' lang='lat' dir='ltr'><strong>utrumque</strong></span> <span class='ocrx_word' id='word_1_876' title='bbox 3027 5781 3340 5845; x_wconf 66' lang='lat' dir='ltr'><strong>Niraanum;</strong></span> <span class='ocrx_word' id='word_1_877' title='bbox 3392 5788 3621 5850; x_wconf 86' lang='lat' dir='ltr'><strong>quartus</strong></span> 
     </span>
    </p>
   </div>
   <div class='ocr_carea' id='block_1_119' title="bbox 2030 5878 3622 5956">
    <p class='ocr_par' dir='ltr' id='par_1_119' title="bbox 2030 5878 3622 5956">
     <span class='ocr_line' id='line_1_119' title="bbox 2030 5878 3622 5956; baseline -0.006 -16"><span class='ocrx_word' id='word_1_878' title='bbox 2030 5884 2242 5940; x_wconf 89' lang='lat' dir='ltr'><strong>dierum</strong></span> <span class='ocrx_word' id='word_1_879' title='bbox 2279 5899 2590 5950; x_wconf 88' lang='lat' dir='ltr'><strong>numerum,</strong></span> <span class='ocrx_word' id='word_1_880' title='bbox 2623 5882 2717 5954; x_wconf 92' lang='lat' dir='ltr'><strong>qui</strong></span> <span class='ocrx_word' id='word_1_881' title='bbox 2775 5879 3005 5952; x_wconf 73' lang='lat' dir='ltr'><strong>singulis</strong></span> <span class='ocrx_word' id='word_1_882' title='bbox 3053 5878 3210 5935; x_wconf 88' lang='lat' dir='ltr'><strong>anuis</strong></span> <span class='ocrx_word' id='word_1_883' title='bbox 3261 5884 3622 5956; x_wconf 54' lang='lat' dir='ltr'><strong>competunt.-</strong></span> 
     </span>
    </p>
   </div>
  </div>
