4118 6402
317 373 434 427 973

1250 378 1338 434 DE
1373 379 1561 437 ANNO
1599 381 1686 437 ΕΤ
1730 383 1837 440 DIE
1878 387 2226 448 DOMINICJE
2264 392 2646 450 PASSIONIS.

3473 395 3581 450 974

319 482 516 550 phanii
541 462 818 581 mentem,
864 494 919 538 et
953 484 1268 541 institutum
1313 489 1450 544 nihil
1476 492 1711 560 pertinet
1741 511 1752 544 :
1795 511 1903 548 non
1937 505 1980 558 Α
2010 502 2170 570 Atqui
2201 506 2500 562 neomeniae
2532 473 2734 563 Christi
2765 515 3011 576 tempore
3049 507 3257 564 tardius
3287 505 3594 581 continge;

319 574 476 624 enim
529 571 666 627 duas
699 573 840 626 inter
893 589 952 628 se
989 576 1295 631 trieterides
1352 591 1658 648 comparati;
1702 584 1793 637 sc‘d
1838 586 1906 639 de

319 663 507 717 lunari
539 665 804 717 duntamt
849 665 1086 719 triennio
1118 667 1381 736 loquitur.
1446 670 1649 726 (Izetera
1681 688 1803 742 qua:
1839 673 1906 728 de

317 755 461 809 solis
490 754 729 824 ὑπεροχῇ
751 771 995 824 quinque
1026 755 1138 810 fere
1160 759 1369 812 dierum
1402 760 1606 828 objicit,
1632 777 1753 830 quae
1771 777 1906 831 pra:-

316 847 498 899 cisam
557 847 823 898 rationem
890 855 944 900 et
991 848 1439 903 ἀποκατάστασιν
1491 853 1902 907 ncomeniarum

318 935 688 1003 prohibeant,
732 935 891 990 facile
928 953 993 989 ex
1037 938 1104 990 iis
1139 953 1260 1006 quae
1317 950 1473 993 antea
1508 940 1898 1005 disseruimus,

319 1037 559 1098 possunt
601 1026 795 1082 refelli.
837 1026 954 1081 Non
990 1029 1136 1082 enim
1172 1029 1385 1099 cyclum
1426 1032 1696 1086 duntaxat
1731 1048 1904 1087 anno-

315 1133 446 1170 rum
491 1117 558 1170 M
584 1133 878 1187 usurpasse
912 1116 1133 1174 Judaeos
1181 1130 1368 1174 censet
1405 1119 1906 1192 Epiphanius;aut

315 1210 375 1264 in
406 1225 474 1264 eo
521 1211 806 1278 praecisam
858 1212 1146 1281 utriusque
1203 1213 1399 1268 sideris
1456 1215 1901 1270 conciliationem

313 1301 477 1366 ﬁeri;
507 1302 602 1355 sed
655 1301 707 1355 id
735 1301 804 1356 84
837 1302 1056 1357 demum
1094 1305 1253 1359 annis
1287 1305 1518 1362 evolutis
1558 1307 1792 1362 obtineri
1833 1323 1901 1361 ex

312 1391 635 1447 Judmorum
670 1394 928 1464 opinione
968 1397 1184 1476 .docuit.
1233 1399 1302 1452 At
1359 1399 1414 1452 in
1445 1399 1901 1454 tessaradecaete—

313 1486 459 1551 ride,
492 1486 769 1540 lunarium
812 1487 1075 1542 duntaxat
1118 1489 1464 1560 syzygiarum
1515 1489 1900 1544 ἀποκατάστα-

315 1593 407 1629 σιν
460 1578 870 1646 reprtesentari,
923 1582 1214 1634 reservatis
1272 1581 1462 1636 diebus
1499 1597 1553 1645 v,
1604 1597 1726 1651 qua:
1772 1589 1901 1635 sunt

312 1666 789 1733 epactzelunares,
811 1667 865 1722 in
901 1683 1106 1722 annum
1141 1669 1210 1722 84
1237 1679 1552 1736 exeuntem,
1589 1672 1674 1725 vel
1704 1671 1900 1725 ineun-

313 1763 427 1809 tem
464 1755 554 1810 85.
590 1758 721 1822 Quae
749 1759 933 1812 omnia
965 1761 1301 1828 perpendere
1333 1761 1453 1829 ejus
1486 1763 1766 1824 intererat,
1803 1763 1898 1832 qui

2009 595 2138 648 bant
2167 614 2181 650 :
2220 608 2345 666 puta
2372 599 2708 652 novilunium
2757 599 2908 670 cyclo
2943 615 3063 664 xui,
3090 601 3370 657 accidebat
3398 602 3576 676 Martii

2007 700 2105 744 xu.
2162 685 2344 755 plenil.
2398 704 2523 742 xxv.
2565 687 2700 742 Nam
2743 687 2962 743 Juliano
2996 690 3114 760 ipso
3160 691 3249 757 76,
3287 700 3344 746 ut
3375 690 3578 748 Paulus

2005 775 2352 847 Forosempr.
2379 781 2654 846 observat,
2686 782 3040 836 commissum
3077 789 3162 836 est
3183 782 3238 836 in
3272 784 3578 840 meridiano

2006 865 2496 939 Hierosolymitano
2523 870 2698 925 Martii
2721 887 2795 934 xr,
2825 871 2892 925 l9
2917 873 3019 935 δι’,
3055 871 3169 936 1‘2",
3193 873 3296 928 hoc
3321 882 3406 929 est
3431 874 3575 929 Mar-

2003 957 2062 1010 tii
2095 973 2204 1022 xu;
2246 958 2604 1026 plenilunium
2641 959 2816 1014 Martii
2855 978 3005 1027 xxvt,
3043 963 3125 1025 14,
3164 963 3267 1027 15',
3314 964 3442 1025 H",
3473 965 3580 1020 hoc

2003 1056 2087 1102 est
2108 1047 2284 1102 Martii
2315 1067 2486 1104 xxvu.
2525 1047 2626 1105 Sed
2653 1054 2869 1121 prslitice
2892 1053 3066 1108 Martii
3095 1071 3245 1120 xxvi,
3296 1057 3425 1126 quia
3451 1073 3579 1112 neno

2005 1137 2185 1190 meuia
2209 1137 2384 1191 Martii
2422 1156 2515 1193 xu.
2555 1139 2754 1195 Verum
2785 1144 3144 1215 προηγήσεως
3190 1143 3400 1200 lunaris
3429 1146 3577 1199 nulla

2003 1234 2116 1279 tum
2165 1228 2397 1292 mentio;
2436 1245 2605 1298 quare
2653 1246 2762 1285 non
2810 1233 3153 1298 dubitabant,
3202 1234 3338 1305 quin
3372 1234 3575 1290 Christi

2003 1323 2246 1385 tempore
2275 1359 2290 1382 ,
2327 1320 2577 1372 eumdem
2628 1321 2779 1375 illum
2810 1322 2974 1377 situm
3019 1325 3374 1392 habuissent,
3425 1328 3577 1396 quia

2000 1407 2221 1462 Nicmno
2251 1409 2484 1463 concilio
2509 1412 2839 1468 constitutus
2871 1414 3066 1469 fuerat.
3110 1415 3222 1472 Hoc
3255 1417 3418 1489 igitur
3448 1418 3576 1487 Epi-

2001 1500 2260 1567 phanium
2317 1498 2529 1566 fefellit;
2563 1503 2710 1571 quod
2749 1511 2802 1558 et
2829 1503 3134 1572 plenilunii,
3169 1517 3222 1560 et
3263 1507 3575 1576 aequinoctii

2001 1587 2087 1642 die
2109 1587 2311 1642 Ch’risti
2353 1591 2808 1645 resurrectionem
2850 1593 3117 1648 accidisse
3150 1595 3414 1650 crederet.
3457 1595 3600 1662 Qua.

2001 1679 2395 1749 προλήψειῙίιιιι
2429 1681 2692 1745 imbutus,
2727 1683 2968 1737 animum
3002 1683 3201 1752 adjecit
3227 1686 3292 1738 ad
3331 1687 3576 1756 aequino-

1999 1770 2093 1824 ctii
2117 1770 2258 1825 diem
2287 1789 2301 1825 :
2332 1771 2476 1840 quod
2505 1787 2627 1827 cum
2656 1783 2862 1829 veteres
2890 1789 3102 1839 omnes,
3131 1776 3225 1845 qui
3253 1775 3574 1832 Diocletiani

314 1852 418 1898 aut
450 1845 674 1900 alterius
714 1862 955 1902 errorem
986 1863 1217 1918 arguere
1247 1850 1409 1904 vellet
1432 1890 1448 1914 ,
1494 1861 1588 1905 aut
1615 1852 1897 1906 cxistima—
1928 1849 1970 1903 B
1999 1874 2161 1912 aeram
2186 1861 2403 1927 paulum
2433 1859 2858 1930 antecesserant,
2891 1874 2946 1918 et
2978 1864 3264 1920 Anatolius
3289 1866 3344 1919 in
3381 1866 3575 1935 primis

313 1936 453 1991 tioni
481 1953 594 1992 sua:
620 1940 926 1995 consulere.

341 2093 344 2095 λ
415 2069 734 2140 Explicatur
757 2090 786 2128 e
814 2075 1175 2144 superioribus
1212 2075 1498 2146 Epiphanii
1529 2079 1792 2131 doctrina.

390 2203 666 2260 Hactenus
716 2202 1029 2260 Judazorum
1086 2207 1402 2276 reconditus
1460 2209 1550 2262 ille
1593 2209 1781 2279 cyclus
1831 2224 1899 2262 ex

314 2295 609 2366 Epiphanii
659 2297 929 2352 sententia
983 2298 1293 2355 declaratus
1355 2307 1458 2366 est,
1511 2301 1604 2354 sed
1657 2299 1897 2354 nondum

314 2405 485 2460 opera
511 2390 663 2445 omni
716 2389 958 2446 defuncti
985 2405 1198 2446 sumus.
1229 2389 1536 2444 Plurimum
1568 2389 1710 2445 enim
1744 2391 1809 2445 iis
1844 2391 1896 2444 in

312 2482 517 2548 verbis,
545 2483 638 2553 qui
673 2483 809 2552 cycli
856 2482 1258 2536 enarrationem
1290 2483 1617 2537 antecedunt
1639 2521 1653 2545 ,
1697 2484 1898 2536 obscu-

312 2576 515 2639 ritatis,
544 2589 608 2629 ac
637 2575 899 2629 molestiaa
919 2582 1186 2644 superest,
1216 2588 1335 2644 quae
1371 2573 1707 2638 diligentiam
1739 2589 1767 2627 a
1796 2589 1896 2627 no-

312 2666 424 2730 bis,
451 2666 765 2735 patientiam
791 2681 820 2718 a
851 2665 1054 2720 lectore
1087 2673 1422 2718 mereantur.
1449 2663 1554 2717 Sed
1589 2679 1650 2718 ea
1678 2679 1898 2732 quoque

312 2758 560 2826 ejusdem
596 2755 897 2812 doctissimi
920 2755 1290 2809 mathematici
1307 2755 1571 2810 beneficio
1603 2755 1893 2819 illustrata,

313 2848 694 2916 explicataque
722 2854 850 2901 sunt
885 2860 901 2898 :
939 2846 1097 2914 cujus
1121 2845 1341 2914 quidem
1379 2845 1446 2898 de
1478 2845 1583 2898 hoc
1618 2846 1737 2898 loco
1763 2860 1898 2898 con-

310 2939 580 3008 jecturam
632 2937 896 2991 nonnulla
927 2945 1111 2992 nostra
1141 2935 1454 2990 accessione
1504 2937 1892 3006 locupletatam

313 3029 506 3098 paucis
539 3028 801 3097 aperiam.

385 3119 798 3188 .‘Equinoctinm
830 3133 1054 3173 vernum
1085 3117 1322 3173 medium
1348 3116 1477 3171 Julii
1509 3117 1737 3172 Caesaris
1777 3133 1893 3174 aevo

316 3212 370 3266 in
401 3212 470 3266 25
497 3211 673 3264 Martii
710 3210 1071 3265 conveniebat
1097 3225 1108 3260 :
1153 3224 1261 3278 quo
1284 3209 1372 3262 die
1403 3209 1680 3265 Christum
1710 3224 1894 3263 resur-

317 3302 546 3364 rexisse,
573 3299 866 3354 concilium
891 3297 1226 3352 Caasariense
1257 3296 1358 3349 sub
1386 3295 1606 3349 Victore
1635 3294 1894 3364 pontifice

315 3392 647 3446 celebratum
702 3404 848 3442 anno
903 3387 1105 3442 Christi
1148 3386 1248 3440 198
1297 3386 1662 3440 decreverat:
1733 3385 1893 3453 cujus

317 3483 682 3557 fragmentum
707 3481 848 3553 apud
885 3481 1104 3545 Bedam,
1132 3481 1228 3534 lib.
1254 3480 1326 3533 De
1349 3481 1542 3550 wquin.
1575 3493 1744 3532 verno
1767 3520 1780 3537 .
1813 3479 1896 3532 sic

316 3594 374 3634 se
412 3579 602 3633 habet:
636 3575 841 3630 Passus
868 3591 1090 3644 namque
1129 3573 1382 3627 Dominus
1406 3573 1470 3625 ab
1501 3569 1884 3637 xtKarl.Apr..

314 3687 418 3742 qua
450 3677 598 3724 necte
625 3685 657 3722 a
694 3666 900 3721 Judwis
934 3666 1160 3719 traditus
1195 3673 1311 3730 est,
1349 3675 1400 3718 et
1443 3679 1474 3715 a
1503 3677 1582 3716 vn
1618 3661 1752 3732 (sed
1795 3674 1890 3713 vut

315 3759 758 3824 rescribendum,
802 3756 1080 3828 quomodo
1132 3754 1188 3808 in
1240 3752 1625 3823 antiquissimo
1672 3752 1732 3802 P.
1775 3748 1895 3803 Sir-

319 3847 503 3906 mondi
536 3850 724 3905 codice
754 3849 1080 3919 reperimus.
1106 3845 1162 3899 ιιι
1187 3859 1297 3915 quo
1321 3854 1583 3914 praeterea
1623 3842 1753 3896 illud
1792 3841 1891 3895 oh-

317 3944 690 4000 servavimus:
735 3939 1099 4012 fragmentum
1144 3940 1301 4004 illud,
1353 3939 1498 4010 quod
1526 3938 1593 3992 ad
1640 3936 1796 3992 Beda:
1825 3937 1894 3990 lio

319 4036 516 4090 bellum
550 4034 614 4087 de
646 4033 975 4103 aequinoctio
1013 4040 1324 4087 attexurum
1357 4040 1462 4096 est,
1508 4045 1632 4085 cum
1669 4030 1773 4084 hac
1807 4030 1894 4082 in-

320 4129 615 4197 scriptione
659 4141 671 4174 :
737 4125 812 4178 De
860 4125 1193 4178 ordinatione
1235 4123 1493 4192 feriarum
1559 4118 1893 4190 paschalium

319 4235 408 4287 per
442 4213 817 4282 Theophilum;
868 4213 1094 4267 alterius
1139 4211 1379 4266 auctoris
1438 4209 1600 4263 titulo
1645 4216 1890 4261 notatum

319 4323 475 4361 esse:
529 4305 785 4357 nimirum
831 4304 974 4358 isto:
1015 4301 1208 4369 Incipit
1253 4299 1476 4369 epistola
1539 4297 1777 4366 Philippi
1829 4299 1892 4351 de

324 4397 545 4467 Pascha)
594 4396 725 4450 Kal.
802 4394 1110 4449 resurrexit.
1151 4391 1424 4457 Quomodo
1471 4407 1593 4460 ergo
1642 4399 1744 4444 tres
1779 4391 1890 4443 dies

1999 1950 2053 2002 in
2083 1965 2192 2003 xxu
2244 1949 2423 2006 Martii
2459 1953 2960 2021 deprehendissent,
3019 1956 3240 2011 tametsi
3291 1954 3574 2012 Nicamutn

1999 2049 2186 2109 postea
2216 2057 2306 2094 xxr
2336 2041 2478 2095 diem
2504 2043 2826 2112 przelixisset
2847 2085 2862 2109 ,
2889 2046 3250 2102 nihilominus
3290 2048 3574 2103 existima-

1997 2131 2076 2184 vit
2107 2132 2384 2187 Christum
2421 2133 2599 2189 Martii
2660 2153 2769 2190 xxu
2806 2139 3212 2204 resurrexisse;
3253 2147 3308 2194 et
3349 2141 3572 2210 quidem

1997 2220 2467 2291 plenilunio,quod
2523 2225 2752 2292 ipsemet
2804 2226 3006 2281 diserte
3037 2228 3330 2296 significat,
3363 2245 3487 2284 cum
3517 2231 3573 2285 in

1999 2327 2052 2364 ιιι
2076 2309 2194 2366 Kal.
2230 2313 2360 2382 Apr.
2388 2313 2747 2384 plenilunium
2801 2333 2924 2372 curn
2963 2321 3292 2388 aequinoctio
3337 2321 3569 2377 confert.

1997 2402 2182 2473 Neque
2211 2421 2339 2459 vero
2387 2407 2587 2462 mirum
2618 2418 2702 2464 est
2731 2411 2796 2464 dc
2831 2413 3144 2480 aequinoctii
3181 2415 3574 2484 anticipatione

1997 2497 2133 2550 nihil
2158 2497 2460 2567 Epiphanio
2484 2510 2596 2554 tum
2632 2501 2683 2553 in
2716 2511 2948 2556 mentem
2971 2505 3220 2570 venisse;
3251 2519 3375 2560 cum
3398 2521 3574 2575 neque

1995 2587 2204 2656 aliquot
2231 2599 2417 2657 postea
2435 2592 2650 2648 smculis
2671 2580 3052 2662 computorum
3074 2595 3578 2653 ecclesiasticorum

1997 2681 2108 2733 non
2131 2681 2394 2748 ignobiles
2422 2683 2716 2752 scriptorcs
2749 2686 3048 2755 quidquam
3082 2687 3348 2755 ejusmodi
3385 2690 3570 2762 διιερὶ-

1996 2769 2110 2821 cari
2133 2770 2423 2837 potuerint.
2457 2770 2526 2825 Ut
2559 2773 2611 2825 in
2652 2773 2840 2841 primis
2871 2773 3012 2829 Beda
3046 2791 3060 2830 :
3090 2777 3246 2846 cujus
3288 2787 3481 2832 aestum
3507 2794 3572 2834 ac

1997 2858 2416 2913 sollicitudinem
2464 2876 2589 2916 cum
2642 2864 2764 2917 aliis
2799 2864 2852 2917 in
2882 2864 3035 2928 locis,
3074 2875 3189 2920 tum
3229 2867 3279 2921 in
3333 2883 3452 2938 cap.
3500 2869 3572 2924 43

1995 2949 2115 3001 libri
2155 2948 2232 3002 De
2261 2958 2454 3003 natura
2489 2968 2683 3018 rerum,
2715 2954 3092 3023 intelligimus.
3119 2954 3262 3021 Quin
3294 2966 3347 3012 et
3382 2965 3572 3016 nostra

1992 3041 2158 3094 etiam
2193 3050 2350 3096 aetate
2392 3043 2713 3114 chronologi
2769 3047 2990 3115 quidam
3042 3063 3148 3101 non
3191 3049 3569 3105 animadversa

1995 3133 2442 3201 arquinoctiorum
2471 3137 2797 3207 προηγήσει.
2816 3153 2938 3192 cum
2963 3139 3274 3208 :equinoctii
3302 3141 3452 3195 verni
3480 3141 3570 3196 dio

1995 3224 2273 3277 conditum
2301 3213 2614 3281 universum
2641 3237 2916 3290 censeant,
2947 3228 3123 3283 Martii
3153 3246 3240 3284 xxt
3279 3231 3566 3286 definiunt.

1997 3311 2322 3369 Simillimus
2353 3315 2516 3382 igitm
2542 3315 2830 3386 Epiphanii
2855 3317 3024 3373 fuisse
3047 3319 3250 3373 videtur
3290 3335 3471 3390 error,
3491 3335 3568 3388 ut,

1995 3420 2119 3458 cum
2150 3407 2477 3476 aequinoctio
2514 3409 2633 3478 ipso
2663 3424 2726 3462 ac
2751 3409 3052 3478 plenilunio
3071 3412 3440 3467 resurrexisse
3467 3411 3573 3466 Do.

1996 3498 2203 3550 minum
2237 3507 2484 3568 putaret,
2514 3516 2626 3554 xxu
2652 3501 2703 3554 id
2730 3501 2908 3554 Martii
2938 3501 3234 3572 contigisse
3265 3495 3566 3574 scripserit.

1996 3582 2062 3637 Et
2092 3587 2349 3653 quoniam
2380 3586 2668 3643 Judairum
2702 3591 2914 3661 cyclum
2949 3590 3114 3646 biduo
3155 3593 3402 3648 etnlcstes
3433 3609 3567 3648 neo-

1994 3673 2204 3728 menias
2228 3690 2621 3743 nonnunquam
2643 3687 2978 3733 antevertere
2995 3679 3228 3747 videbat,
3261 3681 3423 3751 idque
3447 3682 3567 3752 ipso

1993 3764 2265 3832 passionis
2319 3780 2460 3821 anno
2491 3765 2689 3820 factum
2710 3807 2726 3832 ,
2768 3769 2957 3822 vitium
3009 3769 3161 3834 illud,
3194 3785 3258 3824 ac
3289 3773 3568 3842 popularis

1995 3843 2303 3908 Neomenia:
2329 3857 2778 3910 retrocessioncm
2817 3872 2942 3911 cum
2996 3858 3090 3912 illo
3134 3859 3252 3928 ipso
3277 3859 3365 3915 die
3389 3861 3568 3918 Martii

1995 3960 2108 3999 xxtt
2137 3946 2388 4000 contulit.
2429 3945 2566 4000 Cum
2600 3947 2763 4016 igitur
2793 3948 2921 4002 luna
2949 3963 3019 4001 xv
3062 3949 3116 4004 in
3154 3951 3566 4020 atquinoctium,

1995 4034 2099 4090 hoc
2135 4043 2239 4100 est,
2269 4044 2329 4090 ut
2360 4034 2499 4092 falso
2551 4036 2801 4103 credidit,
2862 4035 3040 4094 Martii
3069 4055 3186 4094 xxtt
3237 4041 3566 4108 incurrerit,

1993 4140 2168 4195 eoque
2216 4127 2305 4182 die
2349 4127 2600 4183 Christus
2660 4131 3053 4195 resurrexerit,
3099 4146 3319 4200 passum
3351 4143 3568 4202 oportet

1993 4210 2174 4265 Martii
2209 4213 2432 4273 xx,luna
2467 4231 2564 4272 ιιιιι
2615 4214 2866 4284 Nicaena;
2893 4219 3049 4288 legali
3082 4228 3263 4275 autem
3290 4237 3446 4278 ctena
3471 4223 3568 4279 de-

1995 4302 2264 4369 functum,
2284 4319 2346 4359 ac
2375 4306 2826 4375 comprehensum
2850 4324 2938 4362 xix
2968 4309 3148 4364 Martii
3169 4311 3233 4364 ad
3259 4326 3564 4381 vesperam,

1993 4405 2225 4449 exeunte
2256 4395 2379 4448 luna
2411 4395 2627 4451 NiCaena
2663 4413 2761 4460 xtt,
2793 4398 3012 4454 ineunte
3059 4415 3178 4455 xtu.
3213 4401 3374 4470 Atqui
3407 4417 3565 4458 creua

318 4489 707 4543 excluduntur?
762 4486 933 4556 Igitur
973 4500 1040 4539 ex
1087 4484 1303 4539 concilii
1361 4483 1628 4537 sententia
1663 4520 1678 4546 ,
1731 4480 1891 4534 Chri-
1925 4509 1966 4561 υ
1993 4481 2267 4548 paschalis
2289 4483 2417 4537 luna
2440 4498 2529 4538 xrv
2549 4483 2616 4537 ad
2634 4499 2912 4552 vesperam
2937 4485 3173 4554 legitime
3195 4487 3254 4542 ﬁt
3279 4506 3291 4541 :
3315 4487 3567 4545 Christus

320 4591 431 4638 stus
461 4596 657 4649 passus
682 4587 767 4633 est
797 4575 974 4631 Martii
1005 4584 1245 4636 xxut,et
1279 4588 1383 4626 xxv
1433 4571 1754 4627 resurrexit.
1782 4572 1888 4636 Qui

319 4677 429 4732 dies
451 4692 573 4732 cum
591 4675 824 4730 Caesaris
852 4683 1094 4741 tempore
1116 4667 1425 4738 aequinoctii
1441 4667 1622 4730 medii,
1659 4681 1722 4721 ac
1748 4666 1889 4734 poli-

322 4769 405 4822 tici
440 4767 595 4822 sedes
623 4765 850 4825 fuisset,
879 4763 1038 4832 vulgo
1064 4773 1384 4830 persuasum
1415 4764 1571 4820 erat,
1607 4755 1888 4810 Christum

321 4859 370 4914 iu
407 4855 734 4926 aequinoctio
782 4851 1168 4908 resurrexisse.
1211 4847 1530 4903 Necessario
1583 4847 1672 4902 hic
1713 4862 1890 4901 annus

320 4963 432 5004 esse
457 4944 887 5002 debetJulianus
917 4943 1009 5008 76,
1045 4957 1167 4996 aerae
1211 4939 1552 5010 Dionysiana:
1584 4939 1684 5002 51,
1737 4939 1890 5008 cyclo

322 5041 455 5093 lunae
489 5053 608 5101 χιιι,
660 5036 792 5091 solis
837 5049 937 5096 xu,
966 5033 1144 5087 littera
1176 5031 1328 5085 Dom.
1375 5029 1438 5083 Ο.
1470 5029 1699 5084 Constat
1740 5029 1886 5081 enim

321 5131 595 5184 Christum
626 5126 759 5182 feria
786 5142 817 5178 v
841 5124 909 5178 ad
938 5138 1218 5194 vesperam
1241 5122 1697 5190 comprehensum
1725 5159 1740 5181 ,
1765 5134 1889 5188 pas-

324 5236 434 5275 sum
465 5234 540 5283 vt,
573 5227 628 5273 et
670 5217 951 5273 Dominica
991 5214 1376 5270 resurrexisse.
1428 5211 1498 5265 At
1554 5227 1733 5265 annus
1775 5212 1886 5272 iile,

324 5327 476 5380 quem
507 5310 642 5374 dixi,
670 5308 837 5364 ferias
878 5307 1016 5361 istas
1055 5303 1333 5373 praefinitis
1367 5317 1397 5357 a
1423 5301 1658 5356 concilio
1696 5301 1889 5354 diebus

323 5404 550 5459 exhibet.
583 5401 678 5456 Est
701 5401 866 5470 igitur
886 5397 1136 5453 Julianus
1161 5395 1250 5460 76,
1277 5395 1496 5449 Tiberio
1524 5409 1559 5449 v
1587 5401 1640 5448 et
1689 5391 1890 5461 Sejano

324 5509 479 5559 coss.,
508 5493 817 5564 cyclolume
835 5505 952 5544 xm.
983 5488 1250 5543 Caeterum
1275 5501 1397 5541 cum
1431 5484 1617 5554 cyclus
1637 5480 1890 5537 Nicaenus

324 5600 410 5638 xut
441 5581 780 5638 novilunium
807 5578 1062 5649 paschale
1088 5575 1445 5631 constitueret
1476 5571 1653 5625 Martii
1688 5585 1740 5624 xt
1772 5568 1889 5638 ple-

327 5674 582 5728 nilunium
622 5687 751 5738 xxv,
779 5686 845 5724 ex
871 5667 1086 5723 concilii
1123 5664 1446 5721 auctoritate
1474 5661 1750 5731 plerisque
1771 5673 1890 5729 per-

325 5781 536 5821 suasum
563 5764 684 5830 fuit,
719 5763 993 5818 Christum
1019 5757 1317 5832 plenilunio
1352 5758 1470 5829 ipso
1498 5755 1886 5814 resurrexisse.

1994 4587 2123 4626 vero
2153 4573 2394 4642 legitimo
2449 4574 2636 4642 utique
2687 4582 2931 4644 tempore
2963 4577 3274 4632 celebravit.
3329 4577 3567 4634 Proinde

1993 4679 2067 4718 xu
2102 4663 2318 4720 Nicaeua
2363 4665 2565 4722 Judazis
2592 4668 2644 4721 in
2690 4668 2783 4722 illo
2813 4669 3012 4724 vitioso
3033 4670 3185 4741 cyclo
3207 4685 3299 4724 xtv
3324 4674 3444 4724 esse
3471 4671 3568 4726 de-

1993 4755 2140 4820 buit,
2187 4765 2242 4811 et
2298 4759 2582 4826 sequenti,
2629 4757 2732 4814 hoc
2766 4769 2848 4814 est
2891 4775 2959 4813 xx
3013 4759 3214 4825 Martii,
3255 4761 3380 4813 luna
3443 4775 3562 4817 xv:

1990 4845 2234 4914 adeoque
2255 4844 2542 4900 Neomenia
2578 4846 2800 4903 Iudaica
2837 4848 3016 4904 Martii
3060 4865 3114 4904 vt
3162 4851 3436 4911 convenit,
3466 4847 3564 4902 Nl-

1993 4952 2139 4990 czena
2169 4953 2298 4991 vero
2321 4953 2437 4994 vtu.
2465 4936 2619 4992 Unde
2645 4953 2988 5008 consequens
3021 4949 3104 4995 est
3130 4956 3161 4994 a
3200 4938 3515 4996 coelestibus
3535 4966 3562 5006 ς

1991 5041 2056 5080 ac
2107 5024 2338 5082 Nicaanis
2390 5026 2646 5082 Judaicas
2701 5027 3028 5086 Neomenias
3057 5029 3222 5085 biduo
3252 5029 3560 5086 deerrasse.
3601 5028 3604 5032 ’

1989 5115 2092 5170 Per
2127 5118 2266 5172 idem
2296 5127 2511 5185 tempus
2535 5117 2704 5173 Judaei
2727 5126 2931 5174 certam
2968 5121 3041 5175 ob
3077 5135 3322 5182 causam,
3361 5121 3428 5174 de
3452 5133 3563 5189 qua

1987 5207 2152 5276 paulo
2183 5220 2304 5276 post
2331 5218 2539 5277 agetur,
2563 5209 2773 5265 Pascha
2801 5211 2854 5266 in
2890 5219 3204 5281 sequentem
3244 5227 3274 5264 a
3321 5211 3562 5278 legitimo

1989 5302 2155 5364 diem,
2189 5303 2291 5358 hoc
2321 5313 2405 5358 est
2431 5305 2482 5357 in
2516 5304 2835 5371 Sabbatum,
2865 5290 2990 5359 Osive
3035 5319 3127 5358 xxt
3165 5301 3340 5356 Martii
3378 5311 3562 5357 trans-

1990 5393 2254 5456 tulerunt,
2289 5409 2386 5448 nec
2413 5395 2600 5448 eodem
2626 5409 2735 5464 quo
2760 5394 3012 5450 Christus
3057 5392 3146 5448 die
3192 5392 3560 5450 celebrarunt.

1991 5482 2088 5537 llic
2108 5485 2252 5538 enim
2278 5481 2390 5560 ὲν
2422 5485 2529 5538 ἔδει
2554 5486 2702 5538 θύειν
2733 5485 2939 5557 ἡμέρᾳ,
2967 5486 3070 5540 hoc
3093 5492 3175 5538 est
3213 5498 3303 5536 xtv
3326 5483 3453 5536 luna
3479 5482 3562 5538 ci-

1990 5573 2081 5630 vili
2114 5591 2177 5630 ac
2198 5576 2418 5645 politica
2447 5575 2762 5636 celebravit,
2794 5589 2902 5628 non
2929 5573 3116 5643 utique
3139 5571 3371 5638 caelesti,
3394 5579 3561 5645 atque

1988 5681 2056 5721 ex
2099 5668 2303 5730 medio,
2356 5676 2409 5722 et
2441 5667 2811 5723 astronomico
2843 5665 3100 5726 .siderum
3151 5663 3440 5718 ratiocinio
3461 5660 3556 5716 de-

1988 5770 2258 5831 prompta,
2318 5758 2384 5813 de
2429 5773 2535 5831 qua
2565 5757 2702 5814 nihil
2733 5773 2763 5812 a
2812 5755 3118 5832 legislatore
3151 5753 3547 5826 prteseriptum.
