4118 6402
554 421 664 478 975

1703 421 1712 440 ⁷
1741 417 1914 474 PPEN
1927 417 2036 472 DIX
2073 417 2708 475 DISSERTATIONL'M.

3771 415 3896 472 9?6

555 537 628 591 At
657 535 831 592 Judasi
867 551 934 588 xv
961 535 1087 588 luna
1119 539 1382 602 sequente
1409 549 1496 586 xvt
1542 533 1748 588 Pascha
1793 543 2141 604 peregerunt.
2175 537 2222 594 Α
2249 532 2355 595 clo,
2393 547 2514 602 quae
2540 541 2656 586 erat
2685 529 2904 584 Nicmua
2943 543 3054 592 xu,
3091 527 3300 583 Christi
3345 543 3476 582 vero
3526 532 3770 584 smculo
3807 547 3892 602 ιι,

555 623 746 684 Ducit-te
779 639 909 679 vero
938 625 1088 678 solus
1117 625 1170 677 id
1199 625 1456 678 Christus
1488 625 1682 680 fecisse
1709 625 1940 684 videtur.
1977 635 2032 678 nt
2067 625 2144 678 le-

557 717 810 786 gitimum
857 725 1094 784 tempus,
1145 723 1198 770 et
1229 735 1256 769 a
1313 715 1420 770 Deo
1469 719 1855 776 constitutum.
1907 717 2144 772 inventis

558 807 847 864 hominum
897 807 1224 873 anteferret;
1257 809 1351 862 sed
1379 809 1470 861 alii
1509 807 1756 877 plerique
1805 808 1964 877 patrii
1995 808 2146 862 inst-i-

549 901 660 955 1uti
701 899 1006 954 tenaciores
1039 915 1100 954 ac
1129 901 1310 956 ritus:
1359 901 1502 955 unde
1543 901 1794 972 Οόρυϐος,
1835 913 1888 956 et
1923 911 2146 970 pertur-

559 989 710 1044 latio
737 991 790 1044 in
813 990 1129 1044 celebritate
1159 989 1272 1059 ipsa
1299 989 1582 1046 Paschalis
1603 999 1816 1044 exorta.
1837 989 1954 1044 Non
1979 991 2139 1044 aliam

561 1081 870 1152 Epiphanii,
919 1099 1042 1138 cum
1097 1082 1210 1136 haec
1259 1083 1547 1145 scriberet,
1587 1093 1823 1138 mentem
1879 1099 2001 1138 esse
2043 1085 2142 1138 de-

559 1174 764 1238 buisse,
800 1175 958 1230 facile
1018 1175 1192 1244 ipsius
1239 1175 1406 1230 verba
1451 1175 1850 1230 demonstrant.
1897 1177 1966 1230 At
1995 1176 2140 1230 enim

559 1267 748 1322 multis
805 1267 982 1322 modis
1037 1266 1406 1322 hallucinatur
1461 1266 1818 1336 Epiphanius.
1895 1267 2140 1322 Primum

559 1359 702 1412 enim
741 1357 1058 1414 neomenias
1102 1356 1352 1412 Nicrenas
1403 1357 1560 1418 fixas,
1608 1373 1674 1412 ac
1704 1367 1994 1428 perpetuas
2021 1373 2144 1413 esse

558 1449 750 1504 credit.
789 1446 992 1502 Deinde
1047 1447 1458 1517 aequinoctium,
1492 1447 1638 1516 quod
1681 1461 1748 1502 ex
1789 1447 2040 1502 Anatolio
2091 1457 2145 1504 et

559 1535 949 1592 vetustioribus
1001 1533 1272 1606 Egyptiis
1325 1535 1379 1588 in
1429 1549 1540 1588 χχιι
1579 1531 1760 1590 Martii
1814 1535 2139 1598 collocabat,

557 1627 750 1683 eodem
783 1627 870 1680 die
897 1625 1102 1681 Christi
1134 1627 1298 1681 etiam
1327 1634 1573 1696 tempore
1613 1625 1970 1682 commissum
1997 1627 2144 1680 arbi-

557 1729 754 1776 tratur.
786 1717 907 1786 Quo
939 1733 1004 1773 ex
1037 1733 1223 1774 errore
1261 1717 1465 1773 factum
1497 1726 1616 1784 est,
1663 1727 1722 1774 ut
1753 1735 1875 1788 quze
1919 1719 1974 1772 in
2005 1735 2142 1773 xxut

557 1813 758 1877 Martii,
817 1814 922 1868 hoc
965 1821 1048 1866 est
1084 1811 1301 1865 tertium
1352 1819 1476 1864 ante
1531 1809 1924 1880 :equinoctium
1973 1812 2140 1877 diem,

557 1911 928 1974 competerent
953 1942 966 1966 ,
1013 1917 1076 1958 ea
1109 1903 1174 1958 ad
1201 1901 1378 1957 Martii
1407 1917 1476 1958 xx
1509 1903 1870 1958 transtulerit.
1905 1902 2140 1959 Proinde

555 1991 742 2046 lunam
767 1992 912 2048 illam
945 1999 1104 2047 vocat
1127 1993 1397 2048 decimam
1421 1993 1670 2062 quintam
1720 1993 1774 2046 in
1801 1991 2020 2050 Nicaeae
2047 2009 2142 2065 cy-

2245 623 2426 678 Martii
2458 639 2568 678 χιιι
2599 643 2611 688 -,
2647 633 2698 676 et
2728 622 3078 676 characteres
3104 621 3338 684 dierum,
3369 621 3488 675 sive
3521 621 3714 676 ferias
3743 639 3892 678 con-

2246 717 2430 772 turbat
2459 735 2472 771 :
2501 717 2702 786 quippe
2729 715 2909 770 Martii
2951 731 3043 778 xx,
3091 731 3202 786 quo
3227 731 3448 786 passum
3495 714 3882 770 Salvatorem

2245 809 2462 872 asserit,
2497 806 2628 860 feria
2655 817 2768 862 tum
2803 815 2922 860 erat
2953 807 3148 872 tertia;
3187 817 3242 860 at
3285 823 3418 870 χχιι,
3455 805 3602 862 feria
3655 827 3712 864 v.
3759 807 3878 864 Sed

2245 901 2360 952 haec
2391 899 2574 952 minus
2603 907 2732 952 tunc
2779 897 3164 953 animadvertit
3193 897 3552 968 Epiphanius,
3585 901 3641 952 id
3675 916 3872 954 unum

2243 990 2516 1058 cogitans,
2545 989 3012 1058 quemadmodum
3031 989 3178 1042 bidui
3207 989 3384 1042 labem
3411 991 3560 1044 illam
3593 991 3870 1060 explica-

2243 1089 2344 1134 ret.
2373 1079 2518 1134 Sane
2559 1081 2700 1136 luna:
2729 1082 2845 1135 ista
2877 1079 3131 1142 Niczenae,
3157 1095 3294 1150 quas
3329 1081 3394 1134 ad
3455 1097 3670 1137 annum
3721 1097 3862 1150 pas-

2245 1171 2416 1224 sionis
2479 1169 2820 1240 Epiphanius
2869 1171 3272 1232 accommodat,
3307 1171 3460 1240 ryelo
3501 1186 3594 1224 ιιι-ι
3651 1186 3862 1226 conve-

2245 1262 2424 1324 niunt,
2483 1278 2590 1316 non
2653 1279 2772 1326 xm,
2827 1263 2932 1316 hoe
2979 1271 3064 1315 est
3111 1277 3254 1315 anno
3289 1261 3494 1318 Christi
3527 1263 3625 1317 51.
3673 1262 3860 1316 Feri'e

2243 1367 2374 1406 vero
2405 1354 2560 1424 cycla
2611 1353 2834 1410 Niezeno
2865 1355 3030 1410 solari
3059 1371 3148 1420 xv,
3205 1355 3308 1410 hoc
3335 1365 3418 1410 est
3445 1371 3596 1410 anno
3635 1357 3854 1410 Christi

2243 1445 2334 1500 53.
2371 1445 2524 1512 Quos
2575 1449 2779 1519 cyclos,
2837 1457 3002 1520 atque
3053 1463 3230 1503 annos
3293 1449 3526 1503 invicem
3573 1449 3854 1505 confusos

2245 1537 2484 1592 alienum
2515 1539 2568 1592 in
2603 1555 2806 1594 annum
2841 1541 3082 1596 intrusit.
3113 1541 3268 1606 Quod
3297 1541 3440 1594 enim
3471 1557 3604 1594 xxxi
3633 1559 3848 1596 annum

2245 1645 2366 1686 terte
2397 1629 2742 1700 Dionysiana:
2789 1631 3031 1700 passiuni
3071 1631 3358 1694 dicaverit,
3389 1645 3452 1685 ex
3492 1645 3642 1686 coss.
3699 1633 3850 1685 serie

2243 1721 2407 1792 paulo
2456 1729 2583 1776 ante
2634 1721 2976 1776 declaratum
3033 1731 3138 1776 est.
3203 1721 3384 1789 Atque
3437 1729 3496 1775 ut
3542 1721 3846 1790 Epiphanii

2246 1827 2422 1874 mens,
2451 1821 2504 1866 ct
2532 1813 2648 1867 lnec
2681 1823 2864 1867 nostra
2891 1811 3191 1882 disputatio
3227 1811 3400 1881 magis
3423 1813 3712 1880 perspicua
3749 1812 3844 1874 sit,

2247 1903 2523 1973 cyclorum
2560 1901 2930 1974 furiarumque
2991 1903 3455 1973 perturbationem
3481 1903 3584 1958 boc
3617 1903 3673 1956 in
3713 1903 3850 1956 Dia-

2249 2007 2551 2066 grainmate
2575 2011 2896 2066 proponam.

752 2163 1178 2209 LATERCULUM
1211 2165 1518 2208 ιυΝΑιιυιιι
1551 2164 1627 2206 AC
1669 2165 2028 2218 FERIABUM,
2070 2167 2141 2208 ΤΔ

2244 2169 2533 2210 γΕιιΑιιωι
2571 2169 2746 2220 QUAM
2787 2169 3194 2224 VITIOSARUM,
3235 2171 3363 2213 AUT
3397 2166 3632 2212 FALSI-

1641 2245 1799 2290 RUM.
1835 2245 2006 2288 ANNO
2047 2245 2381 2290 DOMINICE
2415 2248 2758 2291 PASSIONIS.

847 2363 850 2368 ·
1257 2343 1415 2397 Luna
1445 2340 1537 2396 Ni—
1617 2341 1768 2398 Luna
1801 2341 1898 2396 ΝΞ·
1971 2343 2126 2398 Luna
2153 2343 2249 2398 .Iu-
2323 2345 2476 2400 Luna
2508 2345 2605 2400 .Iu—
2813 2345 2962 2401 Luna
3465 2347 3633 2400 Furia!

749 2415 868 2470 Kal.
1007 2412 1184 2486 Martii
1261 2429 1409 2468 caena
1457 2427 1546 2466 ve-
1617 2413 1900 2486 caenaEpi-
1974 2417 2127 2468 daica
2158 2431 2252 2470 ve-
2323 2417 2479 2470 daica
2519 2435 2604 2470 re-
2707 2431 2771 2471 ex
2795 2418 2986 2471 vitiosa
3059 2417 3342 2472 Fcrimve—
3397 2415 3676 2486 Epiphau-

1015 2485 1154 2540 dics.
1374 2499 1456 2538 ra.
1656 2483 1864 2552 pluuii.
2081 2499 2160 2538 ra.
2329 2489 2444 2554 ipsa
2525 2503 2544 2538 \
2561 2487 2610 2540 i-
2723 2489 2964 2556 Epipuan
2985 2527 2998 2540 .
3167 2504 3262 2541 rte.
3444 2483 3456 2486 “
3479 2483 3652 2542 falsas.

2347 2565 2509 2610 tmsa.
2761 2567 2960 2610 mrnle.

559 2613 598 2648 ’⁵
767 2646 836 2702 ιθ
981 2643 1122 2699 xvn
1409 2643 1438 2694 7
1691 2645 1759 2698 ιο
2117 2644 2141 2696 s

2469 2649 2502 2700 9
2827 2649 2892 2703 η
3181 2650 3210 2700 7
3565 2650 3599 2701 ὃ

767 2717 836 2771 15
979 2713 1144 2768 XVIII
1403 2713 1436 2768 8
1690 2713 1746 2767 11
2115 2715 2141 2767 1

2431 2717 2498 2768 IU
2829 2721 2894 2773 I3
3185 2721 3204 2772 1
3569 2719 3606 2772 ι

770 2786 840 2840 14
981 2783 1102 2838 XIX
1399 2785 1432 2838 9
1689 2784 1756 2836 12
2113 2787 2141 2838 8

2433 2789 2489 2838 1-1
2829 2790 2892 2842 14
3177 2791 3212 2842 2
3571 2789 3603 2840 Ii

767 2857 840 2909 15
981 2855 1076 2908 XX
1369 2853 1438 2910 10
1689 2855 1757 2908 I3
2111 2859 2146 2910 9
2437 2855 2502 2910 I1).
2829 2860 2890 2913 l5
3175 2861 3210 2912 5
3569 2863 3602 2906 ti

769 2927 837 2980 I2
981 2921 1108 2978 XXI
1371 2925 1430 2977 11
1691 2923 1756 2976 14
2081 2927 2141 2978 HJ

2435 2927 2502 2980 15
3181 2933 3214 2980 4
3571 2931 3600 2982 Ἰ

769 2995 832 3048 11
985 2993 1127 3048 XXII
1369 2993 1437 3048 12
1690 2993 1758 3046 15
2081 2995 2138 3046 11

2438 2995 2590 3049 M-
3179 2999 3212 3050 ἒ)
3573 2999 3594 3052 1

801 3066 836 3119 0
983 3063 1150 3118 xxnl
1372 3052 1440 3118 is
2087 3063 2141 3116 is

2439 3068 2505 3118 15
3179 3071 3213 3121 6

802 3137 836 3190 9
985 3131 1153 3186 XXIV
1371 3136 1438 3186 H
2087 3135 2152 3186 15
2439 3135 2506 3191 I6
3181 3139 3213 3191 τ

803 3205 836 3258 8
983 3203 1126 3258 XXV
1371 3203 1446 3259 I5
1591 3225 1604 3238 ο
2079 3203 2141 3256 11

3177 3211 3204 3260 1

804 3275 836 3327 'l
979 3271 1149 3328 XXVI
2081 3273 2150 3326 I5

565 3429 746 3485 Habes
779 3429 831 3482 in
867 3429 969 3484 hac
1001 3428 1188 3484 tabula
1237 3429 1494 3482 lunarum
1541 3441 1606 3482 ac
1654 3425 1918 3482 feriarum
1961 3427 2146 3495 dispo—
2175 3433 2217 3490 C
2251 3443 2350 3483 xu.
2409 3428 2718 3486 Celebravit
2775 3435 2940 3500 por‘ro
3007 3431 3260 3486 Christus
3317 3432 3558 3502 typicum
3619 3427 3846 3486 Pascis

555 3523 754 3586 situm;
788 3519 1098 3590 cujusmedi
1137 3533 1284 3572 anno
1313 3518 1406 3572 illo
1441 3515 1662 3572 Iuliano
1705 3517 1771 3570 76
1809 3525 1918 3571 tam
1955 3531 2144 3572 revera

555 3609 678 3676 fuit,
710 3624 874 3678 quam
905 3617 962 3663 et
990 3625 1058 3663 ex
1093 3607 1296 3662 Nicmni
1329 3607 1548 3662 concilii
1589 3608 1842 3662 instituto
1883 3617 1939 3661 et
1971 3623 2036 3662 cx
2065 3609 2146 3662 vi-

554 3703 698 3756 tioso
725 3700 1040 3756 Iudaeorum
1087 3701 1261 3772 cyclo,
1313 3709 1368 3756 et
1415 3713 1700 3770 postremo
1737 3715 1806 3754 ex
1855 3699 2143 3770 Epiphanii

556 3805 720 3846 sensu
753 3803 874 3844 esse
915 3791 1108 3860 potuit.
1187 3793 1192 3798 '

556 3903 844 3972 Colligitur
897 3919 924 3956 ε
979 3902 1344 3972 superioribus
1396 3901 1684 3972 Epiphanii
1730 3901 1804 3955 de
1843 3915 1962 3954 vero
2001 3915 2141 3954 anno

941 3973 1218 4027 Passionis
1253 3989 1314 4026 ac
1351 3974 1436 4026 die
1470 3973 1749 4026 sententia.

565 4097 570 4100 -
633 4065 891 4135 Superest
929 4073 988 4118 ut
1031 4064 1098 4118 ad
1131 4079 1256 4119 eum
1295 4077 1454 4118 usum
1485 4061 1782 4131 finemque,
1811 4063 1972 4131 cujus
2013 4075 2141 4130 gras

556 4157 630 4211 tia
686 4155 962 4226 diSpntata
1013 4164 1161 4221 sunt,
1216 4155 1500 4224 superiora
1547 4153 1735 4208 omnia
1791 4163 2139 4209 revocentur.

555 4249 655 4304 Est
683 4257 865 4302 autem
900 4247 946 4300 is
987 4245 1358 4316 potissimum,
1414 4253 1475 4300 ut
1509 4259 1698 4299 verum
1733 4259 1800 4300 ex
1851 4243 2140 4313 Epiphanii

556 4337 882 4407 auctoritate
927 4337 1208 4392 Passionis
1255 4345 1473 4404 tempus
1507 4335 1802 4404 aliquando
1843 4345 2137 4390 statuatur.

557 4432 617 4486 Si
667 4431 791 4500 quis
838 4431 1004 4500 igitur
1049 4429 1390 4482 aberrantem
1435 4425 1771 4482 sanctissimi
1817 4425 1996 4482 Patris
2024 4428 2142 4496 epi-

555 4523 776 4576 nionem
807 4521 859 4574 in
893 4520 1034 4572 viam
1070 4517 1332 4572 reducere
1360 4517 1509 4580 velit,
1557 4525 1612 4572 et
1647 4518 1733 4573 his
1763 4517 2003 4572 tenebris
2043 4519 2143 4570 ob-

556 4611 786 4690 ductam.
823 4611 1104 4664 veritatem
1145 4609 1197 4662 in
1226 4609 1403 4663 lucem
1438 4609 1746 4670 extrahere,
1781 4609 1884 4664 hoc
1920 4625 1951 4663 c
1981 4624 2142 4678 supe-

555 4705 699 4758 riore
737 4711 924 4757 nostra
955 4702 1021 4754 de
1051 4699 1278 4753 Judaico
1305 4699 1457 4770 cyclo
1483 4699 1868 4753 dissertatione
1907 4697 1979 4751 ita
2009 4713 2141 4752 con-

2249 3519 2426 3576 Martii
2461 3537 2572 3576 xxlt
2603 3523 2667 3576 ad
2701 3539 3008 3592 vesperam,
3059 3531 3292 3578 exeunte
3337 3537 3428 3576 xtv
3479 3520 3729 3588 Iudaica,
3775 3537 3834 3576 et

2247 3612 2468 3668 ineunte
2499 3629 2586 3677 xv,
2637 3615 2696 3666 ὲν
2811 3615 2916 3667 ἔδει
2947 3614 3119 3667 θύειν.
3195 3613 3477 3677 Pharisaei,
3527 3629 3836 3683 eorumque

2245 3711 2543 3759 sectatores
2573 3703 2780 3759 Pascha
2813 3717 3138 3774 peregerunt
3181 3705 3358 3758 Martii
3395 3721 3531 3760 xxm
3557 3747 3571 3772 ,
3603 3707 3728 3758 luna
3761 3721 3832 3758 xv

2244 3803 2498 3858 exeunte,
2547 3793 2769 3848 ineunte
2799 3811 2912 3848 xvi.
2973 3793 3286 3850 Non'aliud
3349 3795 3661 3864 scripturus
3713 3805 3832 3847 erat

2243 3882 2604 3954 Epiphanius,
2637 3886 2682 3940 si
2730 3896 2822 3940 aut
2865 3887 3176 3957 mquinoctii
3211 3889 3517 3958 προήγησιν
3555 3889 3816 3955 agnovis-

2245 3985 2347 4040 set,
2379 3985 2473 4030 aut
2497 3977 2566 4031 de
2595 3977 2762 4032 solari
2799 3980 2978 4051 cyclo,
3015 3995 3077 4034 ac
3113 3979 3264 4033 feriis
3295 3980 3377 4033 vel
3414 3978 3690 4032 tantillum
3737 3993 3832 4031 0-)-

2245 4067 2491 4138 gitassct.
2541 4065 2648 4122 Sed
2705 4069 2794 4124 ille
2847 4070 3250 4140 qualiscunque
3283 4071 3500 4125 tandem
3531 4077 3616 4124 est
3647 4083 3830 4132 error,

2241 4157 2505 4226 praeclaro
2541 4173 2606 4214 ac
2665 4159 2929 4230 singuiari
2975 4161 3096 4230 ejus
3139 4161 3400 4217 doctrinae
3448 4161 3630 4216 fructu
3673 4177 3830 4216 com-

2241 4256 2526 4316 pensatur,
2583 4263 2690 4318 qua
2755 4265 2855 4304 nos
2897 4250 3028 4304 anni
3075 4248 3294 4304 Judaici
3355 4247 3842 4318 perturbationem-

2243 4351 2387 4391 unus
2417 4337 2618 4392 docuit.
2655 4337 2774 4402 Qua
2808 4353 2867 4393 re
2903 4339 3067 4408 longo
3099 4339 3386 4392 Intervallo
3421 4338 3830 4398 animadversa.

2243 4427 2477 4482 summis
2505 4427 2790 4494 molestiis,
2837 4436 2892 4480 et
2931 4427 3404 4482 iuextricabilibus
3453 4425 3830 4480 ditlicultatum

2242 4517 2455 4586 laqueis
2495 4518 2734 4586 expediti
2780 4529 3181 4588 sumina-atque
3227 4519 3341 4572 'boc
3369 4519 3590 4572 domum
3633 4517 3834 4572 didici-

2243 4621 2402 4660 mus:
2451 4621 2639 4660 verum
2669 4604 2968 4660 Dominicze
2997 4607 3271 4676 passionis
3317 4621 3521 4660 annum
3565 4605 3832 4660 hactenus

2243 4691 2447 4752 frustra
2486 4711 2580 4766 per
2609 4698 3006 4752 astronomicos
3037 4698 3262 4762 abacos,
3305 4703 3366 4752 et
3387 4697 3660 4751 cmlestcs.
3683 4697 3834 4752 side-

557 4801 840 4865 sequetur.
871 4791 1143 4858 Quoniam
1175 4788 1318 4860 apud
1341 4799 1549 4844 veteres
1581 4787 1800 4844 Jlttlt'BOS
1839 4805 1930 4844 xw
1969 4787 2138 4844 Nisau
2172 4775 2217 4834 Ῑ)
2247 4803 2370 4842 rum
2401 4797 2585 4842 motus
2612 4788 2922 4858 indagatum
2971 4789 3142 4843 fuisse
3172 4807 3186 4842 :
3239 4789 3388 4859 quod
3433 4798 3550 4842 tum
3591 4788 3850 4857 denique

555 4885 611 4938 in
653 4883 1036 4954 aequinoctium
1071 4879 1332 4943 cadebat,
1362 4879 1508 4948 quod
1551 4878 1757 4934 Christi
1798 4879 1998 4934 saeculo
2030 4895 2138 4934 xxv

555 4975 732 5030 Martii
768 4973 1062 5035 πολιτικῶς
1111 4971 1431 5042 quadrabat,
1469 4971 1656 5026 citima
1709 4971 2006 5026 neomenia-
2047 4969 2138 5024 Ni-

556 5075 656 5122 San
683 5065 936 5121 convenit
977 5063 1154 5118 Martii
1183 5077 1296 5129 xu;
1323 5077 1486 5134 quem
1518 5061 1571 5116 in
1604 5061 1746 5117 diem
1779 5063 1882 5118 sub
1921 5061 2138 5116 initium

561 5153 1356 5228 ogdoecontatessaraeteridos
1395 5155 1648 5211 incurrit.
1679 5153 1882 5208 Verum
1931 5153 2002 5208 ob
2045 5168 2138 5224 cy—

558 5251 627 5316 cli
656 5249 977 5320 pravitatem
1009 5245 1296 5301 neomenia
1331 5245 1534 5300 sensim
1563 5245 1630 5300 ad
1659 5261 1714 5298 Ix
1741 5243 1921 5299 Martii
1949 5259 2140 5314 perve-

557 5343 675 5408 nit;
725 5339 938 5400 decima
983 5347 1180 5408 quarta
1213 5351 1342 5391 vero
1383 5336 1512 5392 luna
1561 5335 1628 5389 ad
1661 5333 1840 5388 Martii
1887 5350 1998 5388 xxn
2034 5351 2048 5387 :
2083 5333 2150 5390 id-

558 5431 706 5504 quod
729 5445 875 5488 anno
903 5430 1040 5502 cycli
1071 5443 1258 5484 Lxxxu
1287 5426 1583 5497 contigisse
1607 5425 1932 5480 Laterculus
1957 5425 2137 5480 docet.

559 5525 691 5580 Erat
733 5532 916 5579 autem
963 5522 1011 5578 is
1039 5535 1218 5576 annus
1274 5533 1344 5574 ex
1396 5515 1684 5587 bypotbesi
1737 5515 1990 5571 Julianus
2033 5515 2150 5582 76',

2245 4893 2436 4932 verum
2479 4878 2640 4944 foret,
2670 4881 2715 4934 si
2745 4877 2915 4934 Judaei
2971 4879 3181 4934 lunaris
3225 4887 3282 4934 et
3317 4879 3513 4934 solaris
3559 4880 3692 4932 anni
3747 4895 3834 4933 ia-

2245 4977 2358 5023 tam
2402 4984 2468 5024 ac
2513 4977 2850 5024 constantem
2882 4973 3150 5024 rationem
3191 4969 3512 5025 tenuissent.
3551 4968 3660 5024 Sed
3701 4987 3832 5024 cum

2245 5061 2315 5116 ab
2339 5077 2404 5116 ea
2433 5063 2694 5132 majorem
2730 5061 2784 5116 in
2805 5061 3027 5116 modum
3055 5062 3393 5125 deﬂexerint,
3425 5073 3483 5116 ut
3511 5063 3675 5132 paulo
3707 5073 3846 5131 pest'

2245 5151 2891 5220 eopiose'declarabitur,
2945 5151 3076 5220 alia,
3123 5153 3170 5209 si
3221 5154 3486 5222 sapimus,
3521 5153 3833 5208 insistendt

2243 5241 2330 5296 via
2356 5251 2458 5306 est,
2493 5250 2554 5296 ut
2601 5242 2928 5298 auctoritate
2959 5245 3132 5313 magis
3183 5243 3514 5312 scriptorum
3557 5251 3848 5308 veterumr

2241 5349 2308 5389 ac
2353 5348 2650 5404 consensu,
2695 5349 2862 5404 quam
2915 5343 3176 5391 accurata
3231 5335 3540 5391 caelestium
3577 5343 3834 5390 motuum

2241 5425 2604 5495 descriptione
2633 5425 2894 5482 nitamur.

2309 5515 2380 5570 At
2412 5531 2537 5570 vero
2571 5515 2670 5571 fuit
2706 5517 2798 5572 illa
2829 5518 3068 5574 maxime
3103 5517 3415 5576 communis
3446 5518 3837 5587 antiquiorum

557 5615 814 5686 idemque
861 5613 1140 5670 Passionis
1185 5625 1386 5666 annus.
1447 5607 1716 5675 Quocirca
1777 5622 1974 5678 passus
2036 5607 2150 5662 erit.
2235 5607 2466 5676 opinio:
2515 5605 2798 5664 Christum
2833 5607 3039 5664 Tiberii
3075 5625 3220 5665 anno
3263 5626 3435 5678 xvm,
3483 5607 3709 5664 Iuliano
3763 5609 3838 5665 76

559 5705 811 5760 Christus
845 5703 1020 5758 Martii
1064 5717 1200 5756 χχιιι
1227 5740 1243 5766 ,
1294 5699 1428 5754 feria
1473 5713 1558 5766 vi,
1593 5697 1724 5752 luna
1771 5695 2000 5752 Judaica
2045 5711 2135 5761 xv,
2233 5711 2458 5767 passum
2487 5711 2644 5764 esse;
2675 5699 2819 5767 quod
2841 5693 3203 5769 ,Epiphanius
3234 5701 3519 5769 amplexus
3551 5709 3658 5764 est,
3699 5715 3838 5756 cum

557 5793 776 5850 Nicena
807 5809 941 5862 xm,
974 5807 1098 5866 quae
1137 5792 1329 5850 eadem
1359 5789 1560 5859 media,
1592 5803 1690 5848 seu
1735 5787 1974 5846 scelestis
2021 5796 2141 5846 erat
2233 5799 2440 5843 annum
2469 5785 2623 5844 illum
2655 5789 2980 5861 designavit,
3029 5805 3138 5861 quo
3169 5789 3430 5847 Tiberius
3459 5803 3538 5860 vt,
3581 5801 3640 5847 et
3669 5792 3838 5864 Seja-
