4118 6402
274 343 396 400 977

275 473 401 550 riius
428 476 575 520 coss.
612 465 855 537 fuerunt,
910 474 1063 546 cyclo
1105 477 1246 536 lunzc
1281 500 1411 550 xui,
1441 488 1575 545 solis
1620 508 1695 547 λιι
1725 512 1737 549 :

279 654 399 709 par
446 660 614 701 unum
644 664 790 707 coss.
849 655 905 709 in
944 657 1055 714 duo
1111 663 1445 724 distraxerit.
1482 670 1575 726 Est
1607 654 1785 730 autem
1837 679 1884 734 is

513 739 717 833 qunip.
757 745 884 814 202,
937 756 1208 811 secundus
1236 759 1445 827 exiens,
1486 779 1601 833 per.
1652 764 1883 824 Julianae

272 823 456 882 4714.
515 829 836 901 Cuiusmodi
896 854 1165 899 annorum
1245 823 1447 905 nexum
1486 823 1881 913 'certissiinum

272 930 437 980 esse,
469 921 742 979 rationum
768 930 1013 986 omnium
1054 950 1327 994 momenta
1356 943 1701 1010 persuadent.
1728 945 1881 1012 Quod

274 1017 474 1063 autem
506 1009 709 1069 Tiberii
745 1033 852 1073 xvii
880 1033 1133 1091 exeunte,
1179 1009 1402 1085 Juliano
1434 1033 1633 1091 76.hoc
1666 1009 1880 1109 εει-εγ-

275 1099 375 1199 clo
410 1117 508 1155 xui
540 1119 737 1172 passus
789 1111 880 1177 sit,
913 1114 1348 1175 demonstratum
1401 1133 1483 1179 est
1528 1141 1557 1181 a
1586 1099 1878 1199 plerisque.

275 1186 426 1253 Nos,
466 1196 726 1261 quoniam
755 1199 827 1256 ita
857 1218 1081 1262 necesse
1103 1217 1207 1271 est,
1245 1225 1460 1267 summa
1494 1186 1880 1283 probationum

271 1281 470 1350 capita
500 1285 812 1347 lihahimus.
1468 1338 1476 1347 -

358 1370 620 1468 Omnium
654 1382 832 1450 primo
871 1394 1029 1443 vetus
1077 1389 1167 1446 illa
1210 1394 1431 1451 traditio
1453 1405 1559 1466 est,
1613 1396 1776 1468 quam
1823 1400 1879 1457 in

274 1460 618 1561 Caesariensi
639 1474 875 1532 concilio
908 1489 1129 1537 secutos
1161 1499 1281 1540 esse
1295 1484 1485 1545 Patres
1513 1489 1877 1561 fragmentum

280 1551 428 1607 illud
466 1555 692 1626 indicat,
736 1565 882 1634 q'uod
926 1567 1070 1625 Beda
1103 1573 1440 1645 descripsit:
1507 1551 1879 1638 ubivChristus

278 1656 351 1696 ca
376 1658 539 1700 nocte
572 1651 805 1709 traditus
818 1655 1038 1726 dicitur,
1067 1675 1190 1731 qua:
1230 1667 1477 1735 sequitur
1499 1685 1554 1723 χι
1572 1668 1690 1724 Kal.
1710 1670 1874 1741 Apr.;

279 1749 490 1824 passus
515 1756 643 1797 vero
668 1744 838 1800 xKal.
864 1748 1191 1824 Apr.,atque
1209 1771 1305 1812 vni
1332 1756 1448 1813 Kal.
1483 1763 1874 1818 resurrexisse.

280 1821 465 1895 Igitur
492 1829 731 1889 litteram
759 1821 1027 1895 Dominic‘.
1065 1821 1237 1899 fuisse
1271 1846 1315 1901 G
1346 1864 1569 1905 necesse
1595 1861 1699 1916 est,
1728 1854 1879 1923 cyclo

280 1917 428 1974 solis
471 1937 585 1989 xu;
636 1940 800 1994 quem
874 1945 1053 1988 annus
1100 1933 1351 1994 Julianus
1385 1940 1455 1995 76
1508 1917 1884 2001 exhibet.'Sed

279 2012 438 2079 quod
480 2013 742 2074 Dckerius
773 2030 956 2077 noster
978 2024 1119 2083 hanc
1140 2027 1363 2085 Patrum
1399 2033 1715 2104 opinionem
1741 2037 1882 2091 sedis

278 2101 603 2163 apostolica
643 2105 1085 2179 declarationem,
1128 2133 1193 2170 ac
1232 2119 1367 2174 velut
1410 2101 1667 2178 Ecclesia:
1699 2124 1885 2194 deﬁni-

284 2191 490 2246 tionem
544 2199 802 2266 appellat,
858 2201 1027 2260 nihilo
1064 2206 1117 2260 id
1147 2210 1332 2266 verius
1377 2220 1482 2276 est,
1519 2228 1681 2283 quam
1736 2191 1882 2285 quod

282 2282 589 2339 eadein‘in
648 2290 858 2359 synodo
905 2295 1114 2350 dictum
1171 2308 1277 2366 est,
1324 2282 1718 2371 aequinoctium
1758 2282 1882 2360 ixxv

281 2372 796 2469 Martiicommitti,
829 2398 977 2441 anno
1026 2387 1229 2446 Christi
1264 2392 1397 2460 198;
1431 2403 1504 2462 et,
1537 2396 1681 2466 quod
1723 2397 1882 2469 longe

282 2466 586 2525 absurdius
622 2460 728 2540 esi,
771 2475 963 2531 eodem
996 2478 1090 2535 illo
1137 2481 1225 2536 die
1256 2482 1415 2540 initio
1465 2460 1674 2541 conditi
1728 2460 1881 2544 orbis

284 2559 542 2617 haesisse.
596 2561 797 2620 Notum
835 2569 986 2623 enim
1032 2583 1116 2626 est
1163 2575 1404 2631 rationes
1453 2578 1621 2646 ipsas,
1653 2594 1776 2648 quae
1824 2581 1879 2635 in

284 2654 543 2709 conciliis
599 2655 926 2722 afferuntur,
974 2676 1155 2733 neque
1210 2680 1369 2719 veras
1420 2655 1544 2722 esse
1590 2680 1878 2740 perpetuo,

286 2759 470 2814 neque
502 2744 643 2800 inter
674 2747 802 2803 ﬁdei
843 2750 1061 2806 decreta
1080 2740 1322 2810 censeri.
1368 2756 1540 2813 liabet
1566 2767 1744 2814 tamen
1777 2777 1879 2814 au-

288 2833 519 2889 ctoritas
559 2834 650 2887 illa
686 2851 1036 2904 communem
1088 2841 1156 2896 de
1201 2845 1472 2912 passionis
1516 2850 1878 2904 resurrectio-

290 2923 492 2993 nisque
514 2924 604 2979 die
651 2926 812 2982 ﬁdem
856 2932 1359 2988 vetustissimorum
1392 2943 1703 3013 temporum
1736 2956 1748 2992 :
1810 2939 1879 2994 ad

286 3028 454 3083 quam
499 3024 554 3070 et
595 3017 685 3072 illa
732 3019 1078 3091 adiungenda
1137 3026 1463 3105 testimonia
1497 3038 1645 3095 sunt,
1678 3030 1878 3099 quibus

287 3110 473 3177 passio
505 3107 720 3166 Domini
753 3114 805 3168 in
834 3119 900 3170 Α.
950 3115 1016 3170 D.
1052 3132 1085 3170 χ
1124 3116 1245 3172 Kal.
1282 3120 1443 3189 Apr.,
1477 3121 1582 3178 hoc
1612 3132 1697 3177 est
1739 3140 1874 3178 χχιιι

287 3199 500 3269 Martii;
563 3206 896 3261 resurrectio
942 3223 1074 3263 vero
1123 3210 1176 3264 in
1230 3227 1327 3266 vui
1384 3210 1505 3267 Kal.
1555 3192 1945 3285 conjicitur;c

289 3308 455 3362 quam
485 3293 690 3350 Grtecis
721 3297 911 3353 tribuit
936 3297 1142 3356 Paulus
1192 3299 1639 3372 F0roscmpron.,
1663 3313 1731 3364 et,
1773 3304 1877 3359 La-

288 3386 531 3441 ctantius
591 3398 815 3445 secutus
868 3399 955 3446 est
1006 3391 1101 3446 lib.
1144 3407 1217 3457 iv,
1249 3410 1371 3464 cap.
1425 3397 1492 3450 ill
1548 3396 1650 3452 Ubi
1678 3400 1877 3453 asserit

293 3493 440 3532 anno
467 3494 534 3533 xv
564 3479 791 3544 Tiberii,
830 3480 1077 3538 Geminis
1102 3483 1321 3541 duobus
1350 3498 1653 3550 coss.,aute
1673 3489 1816 3544 diem
1844 3506 1878 3545 ι

212 3626 215 3633 ,
292 3567 409 3624 Kal.
437 3571 570 3640 Apr.
619 3571 901 3628 Christum
936 3574 1089 3630 cruci
1138 3575 1382 3633 allixum.
1418 3577 1523 3635 Sed
1546 3594 1649 3649 pro
1682 3596 1714 3635 κ
1748 3579 1870 3639 Kal.

291 3661 510 3730 quidam
528 3664 745 3720 codices
769 3681 842 3721 vu
867 3665 1091 3722 habent.

362 3750 565 3810 Paulus
595 3771 725 3811 vero
756 3755 1112 3829 Forosempr.
1142 3768 1270 3816 ante
1303 3762 1449 3816 diem
1477 3762 1744 3820 decimam
1770 3764 1879 3822 Ka-

293 3845 576 3905 lendarum
627 3848 767 3903 idem
817 3864 940 3907 esse
986 3860 1172 3922 putat,
1205 3854 1354 3924 quod
1394 3870 1450 3910 χι
1484 3853 1697 3923 Kal.,et
1720 3856 1875 3912 Pauli

267 3935 585 4007 'juriscons.
620 3939 798 3995 verbis
835 3941 1034 4008 utitur,
1066 3943 1160 4012 qui
1205 3946 1283 3998 ait
1323 3961 1337 3997 :
1377 3942 1513 3999 Ante
1536 3946 1676 4000 diem
1700 3942 1732 3999 lt
1760 3945 1876 4001 Ka-

295 4027 587 4095 lendarum,
621 4039 670 4083 ct
709 4041 826 4100 post
859 4033 1000 4086 diem
1041 4049 1075 4087 κ
1100 4031 1333 4089 Kalend.
1361 4051 1506 4106 aeque
1527 4050 1747 4108 utroque
1768 4055 1878 4094 ser-

297 4136 441 4178 mone
466 4137 517 4174 χι
544 4122 655 4174 dies
677 4122 993 4191 signiﬁcari.
1023 4121 1221 4178 Verum
1258 4127 1521 4181 mendosa
1543 4126 1704 4183 lectio
1728 4127 1878 4183 Pau.

298 4214 406 4269 lum
456 4212 1072 4283 Forosemproniensem
1102 4215 1155 4269 in
1185 4230 1430 4271 errorem
1471 4220 1704 4273 induxit.
1733 4219 1877 4276 Nam

298 4306 332 4367 ι.
364 4304 484 4367 152,
525 4302 552 4374 §
587 4304 612 4358 1
652 4302 725 4358 De
756 4304 892 4358 verb.
935 4304 1118 4375 signif.
1164 4306 1597 4377 iurisconsultus
1637 4310 1709 4364 ita
1747 4325 1876 4380 pro-

299 4396 510 4453 nuntiat
538 4414 550 4450 :
577 4396 643 4451 Α.
669 4393 739 4450 D.
762 4411 795 4449 x
817 4395 943 4449 Kal.
971 4406 1087 4465 post
1112 4397 1252 4473 diem
1280 4414 1313 4452 x
1357 4398 1714 4455 Kuh-neutro
1767 4418 1879 4456 ser-

1226 368 1314 424 DE
1351 371 1539 430 ANNO
1579 375 1667 431 ET
1703 380 1813 434 DlE
1851 381 2202 440 DOMINICAS
2242 386 2618 450 PASSIONIS.

3470 407 3576 465 978

338 496 575 591 ῗδίζξωθυ
612 496 855 591 "icium,
910 496 1063 546 αγοιο
1105 496 1246 536 Imm
1281 500 1411 550 XIII.
1441 496 1575 545 solis
1620 508 1695 547 λιι
1725 512 1737 549 :
1781 496 1887 551 etsi
1918 503 1965 560 Α
1992 498 2070 553 illi
2103 501 2385 573 sull‘ragati
2414 518 2563 576 sunt,
2590 508 2685 580 qui
2715 525 2844 566 xvut
2872 504 3243 572 Tiberii'anno
3280 521 3577 591 contigisse

338 568 397 591 In
464 571 573 591 nam
623 573 652 591 Δ
771 564 1034 591 Ann-2n...“
1080 585 1193 591 _-_._
1224 589 1235 591 _
1264 589 1293 591 γε
1552 581 1586 591 ..
1869 589 1879 591 -

277 549 573 610 Vinicium
621 567 678 613 et
722 560 1037 635 Longinum
1079 585 1363 641 perperam
1425 581 1683 651 ascribat,
1739 549 1886 655 quod

1995 600 2241 647 narrant.
2273 592 2409 649 Nam
2440 594 2646 652 Tiberii
2695 614 2869 656 annos
2921 601 3172 673 Judaico,
3204 606 3287 662 vel
3313 610 3574 665 ecclesia-

1993 681 2133 736 stico
2172 698 2325 739 more
2356 686 2425 741 ah
2457 689 2810 759 antecedente
2854 690 3019 748 Nisan
3069 707 3380 757 numerant.
3408 699 3575 769 Αιιιιιι

1992 786 2136 829 anno
2163 774 2382 831 Juliano
2414 778 2503 844 76,
2541 780 2824 838 desinente
2842 784 3054 839 decimo
3080 778 3316 856 scptimd
3344 788 3569 857 Tiberii,

1991 885 2125 924 xviii
2151 870 2290 927 iniit.
2319 872 2460 941 Quin
2485 876 2649 931 etiam
2678 878 3012 948 Apollinaris
3062 880 3406 940 Laodicenus
3428 887 3572 954 apud

1991 959 2731 1034 Hieronymum.Connnent.
2763 970 2829 1023 ad
2862 986 2982 1040 cap.
3020 988 3073 1026 ιι
3103 971 3261 1040 Dan.,
3291 990 3414 1029 cum
3451 984 3576 1045 post

1989 1067 2193 1107 annum
2221 1053 2500 1113 Passionis
2526 1058 2820 1116 Dominicze
2867 1077 2963 1116 sex
2994 1061 3195 1119 Tiberii
3225 1079 3400 1122 annos
3432 1082 3571 1119 enu-

1990 1153 2187 1211 merat,
2223 1148 2454 1203 omnino
2511 1164 2736 1218 passum
2792 1153 3098 1210 arbitratur
3151 1168 3385 1213 exeunte
3435 1157 3590 1212 xvu.‘

1986 1236 2272 1295 Accedunt
2304 1250 2358 1295 et
2386 1252 2660 1299 certorum
2706 1244 2990 1301 intervalla
3027 1257 3357 1318 temporum,
3389 1266 3510 1320 qua:
3537 1266 3567 1304 a

1988 1327 2251 1384 Passione
2280 1340 2689 1399 computantur.
2716 1333 2791 1390 Ut
2830 1350 2955 1391 cum
2986 1335 3223 1393 Iacobus
3254 1338 3432 1393 minor
3461 1355 3569 1394 xxx

1988 1432 2163 1473 annos
2212 1416 2607 1491 Hierosolymis
2634 1422 2938 1492 praefuisse,
2970 1437 3023 1479 et
3051 1424 3285 1482 Neronis
3306 1445 3450 1485 anno
3485 1446 3573 1485 se~

1986 1511 2157 1578 ptimo
2191 1512 2294 1566 sub
2329 1514 2642 1581 paschalam
2684 1515 3054 1571 celebritatem
3097 1517 3417 1574 interiectus
3445 1534 3569 1574 esse

1985 1599 2185 1655 dicitur
2206 1600 2274 1655 ab
2298 1600 2631 1675 Hieronymo
2661 1606 2754 1660 lib.
2786 1605 2860 1660 De
2887 1608 3068 1678 script.
3088 1610 3449 1687 eccleswquod
3472 1611 3570 1665 Ju-

1987 1684 2134 1746 liano
2160 1692 2261 1747 106
2292 1695 2562 1764 congruit.
2594 1697 2766 1766 Igitur
2805 1714 2948 1753 anno
2994 1698 3060 1753 76
3095 1684 3312 1755 Juliano
3336 1718 3570 1771 praeesse

1986 1783 2169 1853 coepit.
2196 1783 2329 1840 ltem
2359 1784 2565 1841 Paulus
2606 1789 2887 1858 apostolus
2924 1791 3069 1860 apud
3094 1793 3345 1846 eumdem
3373 1792 3569 1848 Hiero--

1914 1866 1953 1920 Β
1986 1888 2209 1943 nymum
2258 1888 2406 1929 anno
2460 1891 2564 1930 xxv
2608 1888 2732 1947 post
2777 1877 3093 1936 Passionem
3127 1882 3365 1948 Domini,
3399 1883 3572 1939 Nero-

1987 1962 2071 2017 nis
2092 1964 2381 2024 u,vinctus
2417 1964 2646 2023 Romam
2679 1971 2917 2027 mittitur
2947 1991 2959 2027 :
2986 1973 3078 2028 ubi
3110 1983 3164 2029 et
3212 1973 3443 2030 Neronis
3470 1993 3569 2030 an-

1988 2069 2060 2109 no
2085 2070 2196 2121 xw,
2228 2066 2350 2124 post
2365 2056 2684 2115 Passionem
2708 2077 2918 2130 xxxvu,
2947 2065 3128 2134 capite
3154 2073 3438 2121 truncatus
3462 2077 3565 2130 est,

1988 2140 2254 2210 Capitone
2276 2143 2496 2213 et,Rul'o
2519 2161 2687 2214 coss.,
2708 2146 2926 2205 Juliano
2950 2151 3068 2206 112.
3090 2150 3324 2206 Neronis
3353 2153 3566 2208 initium

1986 2234 2214 2303 contigit
2248 2244 2371 2305 post
2402 2250 2637 2293 mortem
2684 2239 2898 2295 Claudii
2929 2282 2946 2309 ,
2974 2240 3194 2297 Juliano
3225 2242 3314 2306 99,
3353 2257 3474 2313 post
3506 2260 3568 2299 ιιι

1986 2320 2065 2376 Id.
2118 2321 2312 2379 Octob.
2344 2324 2486 2396 Ergo
2541 2343 2720 2385 annus
2747 2330 2839 2386 xw
2866 2331 3035 2402 coepit
3086 2335 3156 2388 ab
3185 2330 3406 2389 Octobri
3436 2335 3581 2390 anni.

1982 2411 2181 2470 Juliani
2221 2416 2345 2471 112.
2380 2417 2486 2473 Sed
2519 2417 2887 2492 Hieronymus
2929 2423 3218 2480 manifeste
3244 2440 3420 2481 annos
3467 2440 3568 2480 ex-

1983 2492 2197 2560 orditur
2245 2507 2315 2562 ab
2345 2511 2687 2564 antecedenti
2740 2510 3026 2569 Paschate.
3059 2513 3320 2584 Adeoque
3355 2530 3416 2570 ex
3447 2515 3567 2584 ejus

1983 2595 2272 2651 ratiocinio
2317 2595 2571 2653 Passieni
2602 2598 2814 2654 Domini
2850 2617 3030 2658 annus
3053 2605 3322 2659 astruitur
3368 2604 3453 2660 76.
3488 2604 3567 2659 Ita

1982 2683 2198 2751 Petrus,
2223 2688 2414 2743 eodem
2442 2686 2952 2762 Hieronymoteste,
2985 2708 3131 2749 anno
3163 2711 3199 2750 ιι
3222 2695 3430 2751 Claudii
3458 2696 3569 2752 Ro-

1984 2791 2129 2830 mam
2165 2776 2403 2842 advenit,
2451 2779 2540 2834 ubi
2566 2796 2672 2834 xxv
2717 2796 2891 2837 annos
2933 2783 3189 2840 Ecclesiae
3218 2785 3456 2854 praefuit,
3514 2795 3568 2842 ct

1983 2883 2166 2922 xxxvii
2185 2878 2308 2939 post
2326 2868 2645 2927 Passionem
2674 2887 2841 2939 anno,
2871 2872 3107 2931 Neronis
3125 2892 3372 2943 xiv,cum
3399 2878 3566 2934 Paulo

1984 2971 2209 3017 necatus
2241 2970 2345 3017 est.
2388 2961 2634 3034 Denique
2681 2963 3177 3038 Hierosolymitana
3202 2969 3384 3024 clades
3417 2972 3566 3025 acci-

1981 3050 2063 3103 dit
2096 3065 2242 3106 anno
2296 3067 2365 3107 xc
2415 3062 2535 3120 post
2568 3052 2910 3124 Passionem,
2944 3067 3004 3112 ut
3057 3068 3266 3114 veteres
3322 3061 3566 3131 plerique

1982 3147 2277 3205 testantur,
2336 3138 2721 3214 Hieronymus,
2751 3143 3021 3203 Eusebius
3057 3147 3092 3201 l.
3130 3164 3188 3202 ιιι
3227 3147 3400 3216 Hist.,
3431 3165 3481 3204 c.
3506 3153 3563 3218 8,

1979 3241 2032 3284 et
2053 3230 2146 3283 lib.
2186 3247 2236 3285 vn
2276 3232 2351 3285 De
2381 3233 2718 3302 demonst.,c.
2754 3235 2841 3301 16,
2865 3233 3314 3313 Chrysostomus,
3342 3255 3409 3296 ac
3437 3241 3566 3296 reli-

1979 3319 2093 3390 qui.
2125 3319 2325 3376 Eversa
2370 3331 2499 3377 sunt
2528 3332 2711 3380 autem
2736 3324 3107 3400 Hierosolyma
3145 3345 3290 3386 anno
3322 3332 3565 3388 secundo

1981 3408 2326 3481 Vespasiani,
2363 3412 2582 3470 Juliano
2637 3430 2784 3471 anno
2837 3418 2960 3484 115,
3010 3420 3239 3490 proinde
3287 3437 3433 3478 anno
3497 3421 3566 3481 76

1978 3501 2184 3557 Christi
2222 3501 2416 3559 Passio
2445 3504 2718 3576 congruit.
2754 3505 2962 3562 Caetera
3000 3522 3068 3563 ex
3116 3508 3339 3567 Dekerii
3376 3518 3433 3568 et
3457 3510 3567 3569 Ke-

1978 3593 2112 3663 pleri
2144 3592 2566 3650 Commentariis
2600 3598 2889 3668 repetenda
2916 3607 3065 3656 sunt.

2049 3686 2117 3741 At
2160 3701 2419 3758 urgemur
2448 3685 2763 3759 Phlegoutis
2791 3688 2844 3743 in
2881 3691 3097 3760 primis,
3123 3703 3174 3747 et
3203 3691 3379 3751 Thalli
3412 3697 3567 3753 testi-

1979 3779 2188 3843 monio,
2235 3778 2328 3848 qui
2378 3793 2523 3834 anno
2572 3793 2625 3833 iv
2671 3779 2876 3850 olymp.
2928 3779 3037 3840 202
3063 3781 3379 3839 horribilem
3431 3787 3564 3843 solis

1978 3863 2206 3933 eclipsin
2252 3864 2520 3921 accidisse
2574 3876 2903 3936 memorant,
2952 3868 3056 3926 hoc
3089 3880 3173 3926 est
3197 3869 3417 3931 Juliano
3447 3874 3516 3929 78
3545 3893 3575 3930 εν

1978 3971 2144 4026 quam
2195 3956 2343 4011 illam
2400 3958 2572 4027 ipsam
2605 3974 2748 4027 esse,
2777 3975 2901 4031 qua:
2955 3962 3058 4018 sub
3102 3963 3322 4019 Domini
3372 3983 3575 4023 necem

1979 4048 2228 4119 contigit,
2264 4050 2475 4120 antiqui
2518 4049 2709 4108 Patres
2763 4052 3213 4123 interpretantur,
3244 4057 3560 4130 Africanus,

1978 4136 2368 4211 Hieronymus,
2394 4139 2685 4208 Eusebius,
2717 4150 2772 4198 et
2802 4143 2914 4199 alii.
2964 4142 3077 4199 Hoc
3119 4157 3442 4216 argumento
3478 4149 3563 4202 in-

1979 4240 2127 4286 stant
2166 4231 2241 4286 illi
2282 4232 2554 4303 praecipue
2599 4233 2695 4304 qui
2744 4234 2897 4304 plura
2932 4250 3098 4307 quam
3140 4236 3241 4292 tria
3292 4236 3561 4295 Paschata

1981 4323 2273 4378 Dominum
2305 4327 2552 4396 exegisse
2596 4326 2956 4393 contendunt,
2985 4342 3164 4398 neque
3193 4329 3327 4384 satis
3353 4331 3563 4399 puden-

1980 4417 2050 4471 tis
2072 4430 2194 4471 esse
2226 4415 2468 4472 hominis
2495 4417 2832 4483 existimant,
2858 4425 3024 4473 tantae
3047 4419 3393 4475 auctoritatis
3421 4435 3562 4490 prae-

301 4505 442 4544 mone
466 4504 519 4543 ιι
548 4487 661 4543 dies
688 4488 1079 4560 signiﬁcantur.
1109 4487 1272 4546 Certe
1301 4490 1367 4545 A.
1402 4491 1468 4547 D.
1500 4508 1535 4546 χ
1567 4491 1687 4547 Kal.
1729 4493 1874 4549 idem
1907 4522 1956 4584 Β
1978 4504 2187 4575 judicio
2242 4518 2306 4560 ac
2362 4512 2440 4560 tot
2504 4505 2834 4576 scriptorum
2873 4508 3224 4564 consensioni
3271 4487 3565 4579 refragari.

299 4587 376 4633 est
403 4578 546 4649 quod
578 4595 607 4633 ιι
627 4576 771 4646 Kal,
801 4579 1266 4650 quemadmodum
1297 4590 1424 4637 ante
1453 4580 1575 4642 Kal.
1597 4584 1877 4654 proximas

307 4669 438 4724 idem
466 4678 551 4723 est
582 4670 726 4739 quod
751 4668 872 4723 Kal.
906 4670 1194 4739 proximis,
1225 4671 1264 4726 Ι.
1307 4670 1377 4726 56
1408 4670 1436 4743 §
1466 4671 1571 4738 Qui
1599 4675 1679 4728 ita
1708 4676 1878 4744 stipuo

303 4758 460 4833 latur,
494 4758 554 4815 D.
589 4760 657 4816 de
706 4759 868 4815 Veib.
903 4760 1027 4816 ΟΜ.
1087 4760 1427 4817 Subauditur
1451 4764 1598 4817 enim
1633 4764 1875 4834 aliquid;

305 4862 358 4908 ut
379 4853 449 4909 sit
481 4853 693 4924 integra
742 4855 985 4920 locutio,
1037 4863 1159 4909 ante
1203 4856 1345 4910 diem
1376 4855 1700 4912 absululum.
1739 4856 1879 4912 Hinc

303 4953 380 4999 Cal
418 4946 564 5015 quod
605 4934 902 5003 Gallicana:
932 4946 1649 5007 Ecclesiaallesurrectionis
1673 4950 1875 5006 festum

306 5036 353 5090 in
382 5051 488 5091 xxv
548 5035 729 5093 Martii
760 5038 1072 5106 deﬁxerint,
1109 5050 1169 5096 ut
1199 5051 1394 5098 auctor
1430 5050 1515 5099 est
1550 5041 1693 5097 Beda
1726 5057 1740 5095 :
1783 5043 1878 5111 qui

304 5135 353 5181 et
379 5127 491 5196 ipse
524 5128 619 5184 lib.
653 5128 730 5184 De
761 5140 917 5200 temp.
941 5142 1209 5203 rut.,cap.
1240 5134 1331 5200 67,
1357 5133 1571 5193 decimo
1601 5132 1723 5188 Kal.
1746 5148 1878 5205 pas-

307 5234 413 5274 sum
447 5222 727 5279 existimat
761 5224 1072 5291 Christum,
1124 5228 1226 5283 etsi
1256 5242 1378 5298 cap.
1421 5227 1513 5295 47,
1543 5228 1595 5282 id
1626 5244 1717 5283 vni
1753 5226 1879 5290 Kal.

308 5298 822 5374 facluni'asseveret.
852 5317 1015 5374 Plura
1048 5319 1190 5389 apud
1232 5318 1522 5375 Dekerium
1558 5320 1727 5375 videri
1750 5336 1878 5391 pos-

309 5416 440 5462 sunt.
479 5406 693 5475 Quibus
729 5411 1063 5466 testimoniis
1104 5411 1358 5474 ellicitur,
1412 5411 1632 5467 Juliano
1658 5412 1726 5466 76
1751 5428 1877 5482 pas-

309 5514 414 5557 sum
432 5516 555 5557 esse
582 5501 891 5570 Dominum,
921 5503 1101 5559 Martii
1134 5521 1290 5559 xxiii.
1320 5505 1499 5575 Atque
1522 5504 1636 5559 haec
1654 5506 1880 5575 insuper

308 5591 538 5649 Africani
581 5595 939 5651 vetustissimi
990 5596 1224 5667 theologi
1262 5596 1535 5652 sententia
1583 5594 1717 5660 fuit;
1782 5596 1878 5667 qui

311 5699 519 5757 passum
550 5686 722 5741 voluit
747 5686 1025 5743 Christum
1060 5702 1203 5742 anno
1237 5689 1263 5744 1
1303 5687 1508 5758 olymp.
1545 5680 1671 5753 9η,
1706 5696 1764 5742 ιιι
1796 5682 1878 5742 re-

313 5762 401 5835 l'ert
419 5777 685 5841 Eusebius
710 5778 789 5852 (in
818 5778 1013 5835 Chron.
1042 5777 1226 5841 Greco
1243 5794 1296 5852 p.
1324 5778 1437 5850 65).
1470 5778 1572 5833 Cui
1605 5790 1657 5834 et
1684 5779 1880 5836 Patres

1985 4592 2091 4649 Sed
2122 4594 2255 4648 illud
2286 4594 2555 4664 inprimis
2601 4596 2726 4651 volo
2776 4595 2909 4651 mihi
2959 4599 3342 4667 respondeant,
3392 4614 3558 4655 eosne

1982 4693 2193 4757 putent,
2211 4700 2241 4738 a
2265 4684 2465 4754 quibus
2495 4682 2811 4755 Phlegontis
2834 4686 3205 4743 testimonium
3228 4675 3556 4757 didicerunt,

1984 4776 2335 4848 Phlegontem
2382 4778 2561 4848 ipsum
2594 4777 2814 4849 legisse.
2866 4777 3022 4849 Quod
3047 4779 3137 4834 ubi
3172 4777 3409 4834 confessi
3438 4778 3559 4836 fue-

1982 4867 2123 4931 rint,
2156 4875 2270 4920 tum
2304 4867 2435 4936 quid
2466 4881 2649 4922 causa:
2686 4874 2760 4922 snt
2787 4868 3083 4937 explicent,
3109 4883 3210 4922 cur
3246 4866 3432 4932 iidem,
3462 4868 3559 4939 qui

1982 4958 2163 5014 solare
2188 4958 2510 5029 deliquium,
2542 4959 2689 5029 quod
2714 4956 3055 5031 aPhlegonte
3069 4965 3555 5035 commemoratur,

1979 5048 2111 5103 illud
2153 5065 2275 5104 esse
2330 5057 2601 5115 statuunt,
2653 5049 2803 5119 quod
2852 5050 2957 5104 sub
2993 5048 3197 5105 Christi
3234 5048 3560 5107 Passionem

1980 5139 2230 5210 contigit,
2260 5137 2515 5197 Passieni
2532 5148 2716 5195 tamen
2739 5138 2847 5209 ipsi
2869 5154 2979 5194 non
3005 5147 3258 5210 quartum
3294 5138 3561 5210 olympia-

1980 5231 2067 5288 dis
2114 5247 2319 5287 annum
2384 5230 2482 5287 sed
2523 5229 2849 5298 secundum,
2898 5229 3189 5285 tertiumve
3228 5228 3556 5299 praetiniant.

1981 5321 2272 5378 Africanus
2294 5322 2442 5377 enim
2469 5321 2614 5392 apud
2641 5319 3031 5393 Hieronymum
3067 5318 3123 5374 in
3153 5328 3390 5389 caputix
3421 5316 3558 5371 Dan.

1981 5420 2037 5467 et
2059 5413 2112 5466 in
2136 5411 2355 5467 Eusebii
2389 5410 2734 5484 fragmentis,
2762 5425 2886 5482 pag.
2911 5411 3001 5475 63,
3025 5409 3301 5464 Christum
3332 5420 3560 5477 passum

1982 5506 2220 5559 asseruit
2269 5517 2415 5558 anno
2439 5501 2682 5557 secundo
2741 5502 2946 5573 olymp.
2993 5499 3134 5566 202,
3169 5497 3439 5555 Eusebius
3508 5503 3566 5550 et

1984 5590 2353 5662 Hieronymus
2404 5605 2550 5646 anno
2614 5591 2799 5646 tertio.
2845 5589 2987 5657 Quid
3036 5597 3225 5644 autem
3269 5585 3565 5643 absurdius

1981 5695 2086 5748 est,
2113 5700 2278 5756 quam
2321 5683 2636 5754 Phlegontis
2660 5684 2922 5739 adversus
2955 5681 3183 5752 gentiles
3218 5674 3563 5743 auctoritate,

1981 5786 2145 5848 atque
2172 5775 2359 5848 eclipsi
2377 5776 2468 5831 illa
2502 5775 2634 5834 solis
2670 5783 2931 5839 utentem,
2973 5787 3137 5845 quam
3168 5772 3215 5827 is
3240 5776 3438 5841 quarto
3463 5781 3563 5825 att-
