4118 6402
551 407 658 476 9'79

1661 413 2012 474 APPENDIX
2053 409 2685 472 DlSSERTA'l'tONUM.

555 549 628 588 no
667 533 964 600 contigisse
989 531 1226 595 dixerat,
1261 547 1370 586 non
1417 533 1594 586 eidem
1634 547 1780 586 anno
1815 529 2136 584 Passionem
2167 533 2216 590 Α
2244 546 2390 586 anno
2424 533 2514 584 illo
2545 532 2614 584 δι
2653 533 2805 602 cyclo
2859 532 3002 586 lunae
3049 545 3162 596 xvs,
3199 531 3332 586 solis
3377 546 3444 584 xv
3473 529 3848 584 noviluniurn

553 623 836 678 tribuere?
868 621 1236 687 Quamobrem
1261 637 1328 676 ne
1375 623 1510 676 tanti
1561 620 1824 690 stuporis,
1866 629 2030 686 atque
2056 617 2142 670 in-

553 715 748 778 scitiae,
802 713 914 766 imo
961 712 1436 782 prmvaricationis
1483 710 1796 782 gravissimi
1829 709 1908 763 illi
1947 709 2142 760 Patres

551 813 879 874 arguantur,
927 819 993 858 eo
1037 805 1256 858 demutn
1325 804 1638 858 necessario
1695 801 2034 866 redigimur,
2081 809 2142 852 nt

551 894 870 964 Phlcgontis
921 897 1298 951 testimonium
1331 895 1464 950 illud
1515 895 1710 948 vitiose
1760 893 1830 946 ah
1875 889 2140 954 librariis,

553 999 650 1044 aut
693 987 1030 1060 Hieronymo
1063 989 1182 1058 ipso
1239 989 1490 1042 dicamus
1525 989 1578 1040 in
1611 983 1900 1040 Chronicis
1921 997 2144 1051 expres-

553 1095 700 1134 sum.
729 1079 874 1134 Sane
908 1095 960 1132 In
1006 1078 1198 1134 Graeco
1247 1079 1468 1132 Eusebii
1513 1077 1795 1140 Chronico,
1841 1089 1966 1142 pag.
2015 1069 2138 1134 118,

553 1171 628 1224 ita
681 1170 944 1239 scriptum
1017 1181 1152 1224 est:
1219 1168 1310 1238 Τῷ
1359 1169 1416 1222 δὲ
1473 1167 1582 1220 ἔτει
1637 1167 1739 1236 τῆς
1789 1163 1868 1234 σβ⁹
1944 1161 2141 1230 Ὀλυμ-

553 1261 762 1324 πιάδος·
797 1271 856 1314 ιιι
885 1269 1144 1330 appareat
1171 1260 1426 1314 extritam
1459 1257 1630 1312 fuisse
1681 1255 2018 1310 nutncralem
2045 1268 2144 1306 no-

557 1363 692 1418 tam,
741 1367 838 1421 pro
887 1367 996 1421 qna
1043 1359 1374 1420 anagnostes
1443 1347 1766 1418 Hieronymi
1834 1343 1899 1410 δ’,
1955 1345 2008 1398 id
2059 1352 2144 1397 est

553 1453 818 1512 quartum
869 1457 1078 1496 annum
1129 1441 1340 1511 legerit,
1383 1455 1508 1494 cum
1548 1447 1692 1493 esset
1725 1433 2042 1504 conjunctio
2061 1433 2138 1486 δέ.

553 1535 624 1586 At
653 1531 912 1602 Keplerus
929 1534 983 1586 in
1001 1529 1212 1600 Eclogis
1234 1527 1584 1599 Pblegontem
1615 1525 1926 1596 suspicatur
1949 1525 2016 1578 de
2035 1523 2141 1576 alia

557 1623 694 1677 solis
723 1623 912 1692 eclipsi
941 1623 1208 1686 locutum,
1253 1635 1377 1690 qua:
1409 1633 1554 1672 anno
1595 1617 1772 1688 primo
1810 1611 2143 1692 olympﬂgi

482 1767 500 1786 ,
557 1681 996 1784 remigia-Nov.
1053 1681 1204 1777 xxiv,
1254 1681 1401 1766 anno
1446 1681 1668 1764 Juliaiio
1699 1707 1788 1775 74,
1830 1681 2140 1778 ιιιιωιιιιοῖιι

555 1807 710 1870 Asia,
739 1807 824 1862 vel
859 1805 1016 1878 Syria
1055 1805 1240 1860 totalis
1269 1805 1392 1870 fuit,
1423 1803 1557 1858 hora
1587 1817 1716 1868 una,
1743 1814 1908 1870 atque
1967 1798 2140 1854 altera

557 1905 686 1950 ante
713 1897 1014 1951 meridiem.
1041 1893 1196 1962 Quod
1217 1909 1344 1950 cum
1391 1893 1702 1958 Africanus,
1731 1899 1784 1945 et
1809 1891 1898 1944 alii
1927 1889 1992 1942 ad
2017 1903 2139 1942 eam

557 1987 924 2058 olympiadem
947 2027 960 2048 ,
996 2001 1105 2056 qua
1157 2001 1352 2056 passus
1401 1993 1486 2038 est
1522 1983 1811 2044 Dominus,
1847 1981 2140 2036 convenire

557 2087 862 2140 cernerent,
891 2079 1034 2133 idem
1065 2079 1196 2132 illud
1217 2065 1531 2146 ‘deliquium
1565 2075 1697 2130 solis
1733 2089 1856 2128 esse
1883 2073 1984 2127 sibi
2021 2087 2141 2140 pcr-

557 2179 879 2234 waserunt,
909 2169 1074 2238 quod,
1107 2168 1330 2222 Christo
1358 2167 1622 2236 patiente,
1669 2173 1862 2234 prater
1885 2171 2138 2215 naturam

557 2269 836 2318 evenerat.
863 2261 1152 2316 Postremo
1186 2275 1312 2314 cum
1344 2259 1604 2314 obductio
1631 2257 1718 2310 illa
1743 2255 1884 2309 lueis
1915 2265 2141 2307 natura-

559 2353 626 2408 lis
657 2369 766 2407 non
807 2352 996 2418 fuerit,
1021 2367 1200 2420 neque
1223 2365 1291 2404 ex
1329 2347 1733 2403 mathematicis
1757 2345 1956 2400 tabulis
1986 2345 2140 2398 indu-

557 2443 674 2513 gari
699 2441 957 2514 potuerit,
991 2457 1098 2496 non
1131 2439 1350 2494 aliunde
1380 2439 1722 2509 Phlegon,‘si
1754 2437 1874 2505 ejus
1901 2435 2138 2488 mentio-

557 2551 683 2590 nem
719 2535 918 2606 attigit,
951 2551 1118 2604 quam
1171 2550 1236 2588 ex
1277 2535 1510 2590 aliorum
1553 2534 1935 2588 testiﬁcatione
1990 2531 2136 2584 illam

555 2629 866 2694 comperit:
903 2625 958 2679 in
989 2639 1099 2694 quo
1131 2624 1290 2680 facile
1317 2625 1472 2679 locus
1508 2625 1682 2678 errori
1719 2621 1842 2686 fuit,
1889 2630 1946 2675 ut
2003 2621 2139 2674 alter

559 2733 660 2787 pro
693 2719 866 2772 altero
917 2733 1098 2772 annos
1150 2717 1219 2770 ab
1269 2733 1336 2772 eo
1387 2716 1841 2772 substitueretur.
1878 2713 2036 2768 Aliud
2070 2729 2138 2766 ex

556 2807 802 2880 Dionysii
837 2808 1175 2877 Areopagitae
1209 2808 1438 2862 historia
1462 2807 1602 2863 solet
1633 2805 1821 2875 objici.
1859 2805 1957 2858 llic
1990 2805 2134 2857 enim

557 2897 718 2967 epist.
763 2914 840 2952 vn
889 2899 958 2952 ad
995 2895 1352 2968 Polyrarpum
1390 2913 1670 2967 exponens
1701 2915 1822 2967 qua:
1861 2899 1979 2965 ipso
2009 2896 2140 2949 Pas-

559 2989 736 3044 sionis
765 2995 1011 3060 tempore
1041 3005 1168 3044 cum
1198 2989 1576 3059 Apollophane
1609 2987 1874 3058 Heliopoli
1905 2987 2134 3050 viderat,

558 3079 916 3148 plenilunium
945 3090 1075 3136 tttne
1119 3079 1290 3135 fuisse
1331 3081 1625 3150 signiﬁcat.
1667 3079 1800 3133 Nam
1844 3087 1965 3148 post
2001 3077 2138 3132 ecli-

556 3171 704 3242 psin,
737 3172 832 3226 καὶ
862 3173 962 3242 τὴν
989 3171 1408 3243 ὲπιπρὸσθησιν,
1437 3173 1516 3234 εἰς
1545 3171 1606 3224 τὸ
1636 3171 1730 3224 τοῦ
1766 3171 1915 3242 ἡλίου
1945 3169 2137 3239 διάμε-

552 3281 684 3336 τρον
705 3263 1165 3334 ἀντικαταστῆναι
1199 3263 1386 3317 lunam
1423 3263 1642 3326 asserit,
1677 3263 1779 3316 hac
1805 3263 1966 3316 estin
2007 3275 2134 3315 eum

555 3355 680 3410 «teli
737 3355 920 3410 locum
972 3355 1308 3420 pervenisse,
1340 3355 1434 3422 qui
1469 3369 1500 3408 e
1539 3353 1806 3406 diametro
1853 3351 2021 3406 solem
2053 3367 2140 3405 rc-

554 3445 811 3514 spiceret.
834 3445 938 3501 Sed
969 3460 1032 3502 ex
1075 3445 1181 3498 illis
1220 3445 1464 3514 Dionysii
1491 3444 1670 3498 verbis
1692 3443 1826 3496 nihil
1861 3444 1926 3498 de
1965 3443 2140 3512 pleni-
2173 3433 2187 3448 “

555 3535 722 3590 itth
757 3535 1062 3605 colligitur;
1117 3543 1176 3590 ut
1231 3535 1378 3592 enim
1448 3535 1632 3588 lunam
1681 3543 1812 3588 tunc
1859 3535 2140 3604 ἀμφίκυρ-

551 3640 646 3678 τον
679 3623 847 3680 fuisse
883 3627 1096 3692 demus,
1120 3641 1244 3680 cum
1277 3643 1338 3682 ea
1380 3632 1506 3696 post
1527 3625 1924 3694 ἐπιπρόσθησιν
1959 3625 2139 3694 pristi-

553 3729 688 3767 num
721 3713 788 3766 ad
816 3713 995 3768 locum
1045 3703 1444 3786 regrederetur,
1476 3729 1571 3786 per
1598 3729 1718 3767 eam
1751 3713 1873 3768 caeli
1901 3713 2135 3784 plagam,

555 3821 680 3875 quae
713 3805 816 3860 soli
847 3821 914 3859 cx
933 3805 1162 3860 adverso
1195 3817 1316 3860 erat
1344 3805 1614 3876 opposita,
1649 3803 1935 3858 transiisse
1958 3804 2136 3858 solum

555 3899 782 3962 dicitur,
823 3913 931 3952 non
962 3903 1014 3952 in
1052 3913 1114 3952 ea
1143 3899 1480 3954 constitisse.
1505 3897 1636 3954 Plus
1666 3897 1812 3952 enim
1851 3893 2138 3949 dimidiato

559 3990 694 4046 orbe
737 3991 1026 4060 percurrit,
1071 3991 1340 4056 Quocirca
1373 3991 1508 4044 nihil
1541 3992 1786 4060 estquod
1824 3987 2136 4060 Epi‘phanii,

555 4083 802 4152 adeoque
842 4084 1122 4138 communi
1172 4083 1522 4152 antiquorum
1571 4081 1794 4136 Patrum
1851 4090 2136 4136 sentcntiae

555 4173 636 4230 de-
657 4189 786 4230 vero
837 4173 1120 4230 Passionis
1153 4191 1299 4230 anno
1333 4177 1609 4246 negotium
1657 4175 1916 4230 facessat.
1979 4173 2136 4229 Nunc

553 4267 798 4322 auctoris
849 4267 1024 4321 verba
1067 4267 1385 4338 singillatim
1417 4268 1827 4336 expendamus;
1871 4269 1914 4322 si
1957 4267 2132 4336 prius,

479 4388 492 4402 ο
553 4357 701 4429 quod
755 4360 1146 4429 propemodum
1173 4360 1472 4424 exciderat,
1529 4359 1742 4414 Onufrii
1781 4377 1848 4416 ex
1896 4361 2134 4416 Gaurico

553 4451 884 4507 sententiam
946 4451 1014 4506 de
1065 4451 1272 4507 Christi
1325 4449 1589 4506 Passione
1647 4451 1982 4506 refellanms.
2035 4451 2136 4508 l-lic

2245 641 2434 679 verum
2473 627 2662 680 incidit
2697 627 2750 680 in
2776 627 2954 680 Martii
2985 643 3062 690 ix,
3097 626 3248 682 horis
3281 641 3308 676 v
3331 641 3456 680 cum
3483 625 3688 679 triente
3719 623 3850 678 fere

2243 731 2272 769 a
2311 717 2486 769 media
2541 727 2719 780 nocte,
2771 727 2899 771 octo
2935 717 3154 772 circiter
3203 717 3354 770 horis
3411 723 3534 784 post
3583 713 3842 768 mediam

2239 805 2706 873 conjunctionetn,
2741 821 2864 874 qua:
2889 821 3070 860 veram
3099 805 3410 868 antecessit,
3433 805 3486 856 in
3517 801 3848 856 meridiano

2241 891 2760 964 liierosolymitano.
2797 893 2979 960 Quare
3031 895 3228 948 falsum
3281 903 3366 946 est
3405 891 3564 948 tertio
3595 891 3844 946 demum

2239 986 2348 1048 die,
2373 989 2474 1041 hoc
2495 996 2578 1041 est
2606 1003 2682 1042 xtl
2710 986 2910 1052 Martii,
2941 987 3286 1049 neomeniam
3313 1000 3434 1038 esse
3455 983 3720 1038 deﬁxam.

2309 1077 2430 1132 Col.
2457 1077 2561 1130 955
2595 1077 2654 1132 C.
2681 1079 2908 1148 Πάσχει
2931 1076 2996 1130 δὲ
3013 1079 3080 1130 ἐν
3096 1076 3168 1144 τῇ
3185 1076 3296 1144 πρὸ
3307 1074 3646 1142 δεκατριῶν.
3669 1071 3844 1126 Nulla

2245 1166 2463 1238 Sibylla:
2487 1165 2636 1234 folia,
2664 1185 2838 1236 neque
2869 1165 3130 1236 Sphingis
3169 1167 3456 1234 aenigmata
3479 1179 3604 1218 cum
3623 1179 3844 1218 eorum

2243 1275 2367 1328 qua:
2388 1269 2689 1327 sequuntur
2715 1259 3050 1314 obscuritate
3065 1257 3300 1312 conferri
3318 1265 3544 1326 possunt
3565 1274 3578 1308 :
3613 1271 3748 1324 quae
3765 1271 3846 1309 ne

2243 1349 2331 1403 ille
2367 1349 2587 1418 quidem
2636 1349 3046 1404 eruditissimus
3075 1349 3494 1402 mathematicus
3529 1359 3844 1402 assecutus

2241 1451 2351 1505 est,
2377 1441 2469 1511 qui
2497 1443 2640 1494 hunc
2661 1442 2874 1511 cyclum
2903 1441 3260 1496 solertissime
3279 1439 3594 1494 declaravit.
3619 1441 3680 1493 In
3729 1441 3846 1508 pri-

2241 1529 2347 1584 mis
2369 1531 2514 1584 enim
2539 1529 2758 1586 Iudaeos
2785 1529 2860 1584 ait
2889 1529 3211 1601 ὑπερϐἀσει,
3239 1530 3340 1586 hoc
3353 1539 3438 1584 est
3465 1529 3846 1584 translatione

2243 1619 2452 1676 Pascha
2473 1621 2849 1688 submovisse;
2876 1621 3156 1676 Christum
3183 1635 3313 1676 vero
3341 1635 3560 1688 passum
3579 1619 3716 1673 luna
3741 1635 3844 1672 xw

2243 1711 2534 1779 νυκτερινῇ
2555 1709 2713 1780 μέσῃ.
2734 1711 2946 1779 Optime
2965 1707 3424 1778 Kepleruslunam
3441 1709 3528 1762 hic
3539 1707 3844 1762 Nicaanam

2243 1800 2515 1869 intelligit.
2563 1799 2766 1856 Passus
2807 1809 2888 1854 est
2933 1810 3144 1864 autent,
3179 1809 3238 1854 ut
3261 1801 3433 1854 credit
3459 1799 3842 1870 Epiphanius,

2169 1871 2214 1928 Β
2247 1907 2347 1946 xm
2380 1891 2499 1946 Kal.
2532 1893 2684 1962 Aph,
2717 1893 2768 1946 id
2795 1903 2880 1946 est
2911 1891 3086 1946 Martii
3113 1909 3201 1946 xx.
3235 1893 3398 1962 Atqui
3431 1893 3556 1946 luna
3587 1901 3708 1946 tum
3739 1891 3842 1944 Ni-

2243 1999 2415 2047 caana,
2457 1985 2648 2039 eodem
2679 1983 2984 2054 Epiphanio
3013 1995 3260 2045 auctore.
3301 1985 3402 2038 fuit
3437 2001 3554 2050 xm,
3595 1986 3708 2038 sub
3743 2001 3842 2040 ve-

2243 2091 2460 2146 speram
2501 2085 2682 2130 autem
2715 2079 2880 2146 (repit
2913 2092 3023 2140 xiv,
3061 2091 3184 2130 cum
3225 2075 3276 2130 in
3309 2077 3461 2145 cyclo
3484 2075 3724 2130 Jodaico
3755 2077 3840 2128 vi-

2240 2171 2383 2225 tioso
2409 2180 2556 2244 esset
2592 2186 2682 2234 xv,
2719 2181 2980 2238 sequente
3009 2185 3124 2224 xu.
3153 2169 3258 2224 Sed
3281 2169 3402 2221 καθ’
3429 2167 3742 2237 ὑπέρϐασιν
3767 2168 3840 2220 ab

2244 2258 2439 2312 iisdem
2485 2273 2570 2310 xlv
2613 2256 2754 2311 facta
2797 2267 2898 2319 est,
2935 2273 3057 2310 cum
3089 2257 3144 2309 in
3178 2273 3298 2311 eam
3331 2255 3540 2309 Pascha
3573 2257 3698 2324 trajt
3723 2257 3838 2310 cis-

2243 2357 2384 2404 sent.
2417 2347 2616 2403 Verum
2661 2351 2726 2404 de
2771 2351 2872 2403 hac
2919 2350 3220 2418 posteriore
3247 2349 3420 2417 accipi
3455 2363 3560 2401 non
3593 2358 3788 2416 potest
3821 2367 3834 2402 :

2242 2441 2370 2510 quia
2401 2441 2720 2512 νυκτερινήν
2743 2443 2892 2496 illam
2926 2439 3323 2496 vocatJudteis
3349 2455 3477 2494 vero
3502 2449 3626 2508 post
3659 2441 3834 2508 μετὰ·

2243 2535 2400 2586 δαισιν
2424 2550 2508 2586 ιιιν
2536 2535 2696 2588 desiit
2719 2535 2770 2587 in
2799 2552 2894 2588 xv:
2917 2536 3146 2604 ideoque
3177 2533 3278 2588 fuit
3301 2535 3532 2605 ἡμερινή
3565 2549 3654 2588 xv.
3681 2533 3834 2588 Fieri

2242 2633 2442 2691 potest,
2475 2633 2534 2676 ut
2554 2627 2990 2679 emendationem
3015 2627 3104 2679 hic
3135 2627 3288 2680 locus
3317 2627 3514 2694 potius,
3539 2641 3711 2693 quam
3743 2627 3834 2678 in-

2241 2715 2686 2782 terpretationem
2715 2717 2989 2783 requirat:
3019 2717 3412 2785 legendumque
3435 2717 3536 2778 sit;
3566 2731 3832 2784 τρισκαι-

2239 2804 2440 2873 δεκάτη
2465 2805 2696 2876 ἡμερινὴ
2730 2808 2890 2876 μέση·
2936 2807 3038 2862 hoc
3057 2818 3142 2860 est
3171 2811 3294 2860 iuna
3323 2823 3439 2864 xm,
3463 2823 3584 2874 qua:
3607 2807 3678 2858 ab
3701 2816 3830 2859 ortu

2242 2897 2376 2951 Solis
2407 2899 2614 2967 incipit,
2651 2899 2886 2964 labente,
2923 2899 3033 2972 imo
3067 2898 3378 2968 μεσαζούσῃ
3410 2899 3512 2952 sub
3539 2899 3832 2962 meridiem

2241 2989 2492 3044 videlicet
2543 2989 2670 3055 diei,
2719 3005 2829 3058 quo
2871 2991 3102 3044 civiliter
3157 3005 3252 3043 xm
3299 2989 3424 3042 luna
3475 2997 3830 3041 numeratur.

2239 3079 2395 3145 Quod
2433 3081 2538 3136 nisi
2563 3081 2636 3134 ita
2663 3091 2767 3146 cst,
2801 3081 2935 3134 nihil
2975 3081 3214 3135 occurrit
3253 3080 3452 3148 aptius,
3481 3095 3646 3148 quam
3673 3079 3830 3148 quod

2247 3169 2475 3238 Keplero
2515 3171 2740 3239 placuit,
2783 3171 3049 3225 decimam
3097 3182 3341 3240 quartam
3383 3169 3683 3233 Nic-amant,
3733 3185 3830 3222 vo-

2197 3249 2211 3268 ⁸
2245 3261 2360 3316 cari
2402 3277 2534 3328 xm;
2575 3261 2720 3330 quod
2765 3263 2816 3315 in
2867 3279 2986 3316 eam
3021 3272 3236 3316 noctem
3269 3262 3498 3324 desinat,
3533 3278 3558 3313 a
3591 3277 3699 3330 qua
3735 3275 3832 3313 xiv

2243 3351 2458 3404 initium
2491 3353 2700 3419 acerpit
2725 3370 2736 3402 :
2767 3353 3226 3420 quemmlmodum
3251 3352 3369 3405 dies
3399 3353 3732 3419 Azymorum
3759 3351 3832 3402 ab

2241 3443 2590 3512 cvangelistis
2625 3441 2922 3496 l’arasceve
2965 3447 3080 3512 ipsa
3117 3443 3422 3506 Paschalis,
3465 3443 3578 3496 sive
3609 3441 3828 3495 decima

2240 3541 2436 3602 quarta
2479 3534 2684 3588 mensis
2719 3533 3024 3603 appellatur
3051 3535 3193 3588 κατὰ
3223 3533 3512 3604 πρόληψιν.
3565 3531 3672 3586 Sed
3705 3540 3828 3584 tum

2244 3623 2385 3694 μέση
2421 3641 2547 3690 vox,
2579 3625 2624 3680 si
2654 3625 2933 3679 meridiem
2961 3625 3250 3694 signiﬁcet.
3283 3640 3474 3693 parum
3497 3633 3620 3691 apte
3639 3623 3828 3677 cohae—

2241 3715 2400 3770 rebit.
2435 3715 2550 3769 Non
2583 3715 2726 3770 enim
2762 3725 2847 3770 est
2883 3714 3171 3786 νυκτερινὴ
3213 3714 3377 3784 μέση,
3427 3729 3548 3784 quae
3598 3713 3828 3767 nonnisi

2240 3817 2366 3878 post
2393 3823 2674 3877 vesperam
2704 3809 2889 3877 cmpit.
2938 3807 3043 3862 Sed
3087 3823 3266 3876 neque
3297 3806 3506 3860 medios
3539 3804 3606 3858 ad
3639 3813 3830 3860 motus

2240 3901 2641 3956 astronomicos
2685 3917 2804 3956 mea
2855 3901 3124 3955 sententia
3173 3899 3412 3969 respexit
3459 3897 3830 3968 Epiphanius.

2241 3993 2606 4060 Quamobrem
2632 3995 2692 4047 τὸ
2724 3995 2862 4065 μέση
2889 3995 3078 4049 abesse
3105 4009 3202 4064 per
3225 4009 3309 4048 me
3336 3993 3554 4062 quidem
3585 3999 3790 4059 potest.

2311 4084 2450 4140 ibid.
2479 4087 2824 4152 Προέλαεον
2855 4086 2985 4154 γὰρ,
3025 4087 3122 4138 καὶ
3143 4085 3388 4155 ἔφαγον.
3411 4085 3510 4140 llic
3537 4086 3624 4138 ille
3647 4085 3833 4140 nodus

2237 4188 2320 4234 est
2339 4177 2732 4249 propemodum
2749 4177 3161 4241 inextricabilis,
3179 4193 3338 4245 quem
3357 4176 3712 4231 acutissimus
3731 4177 3832 4230 ille

2237 4271 2659 4326 mathematicus
2705 4285 2814 4325 non
2846 4255 3118 4324 dissolvit.
3162 4267 3254 4322 Sic
3297 4268 3442 4322 enim
3491 4269 3831 4335 interpretat-

2237 4371 2326 4417 tur
2359 4383 2371 4417 :
2404 4363 2658 4418 Christus
2694 4378 2818 4438 eum
2853 4361 3056 4418 Judaais
3083 4361 3414 4433 quibusdam
3445 4358 3657 4414 Pascha
3687 4358 3834 4414 obiit

2239 4453 2366 4507 luna
2403 4451 2630 4508 Jndaica
2665 4455 2860 4508 vitiosa
2903 4471 2992 4508 xiv
3028 4463 3280 4516 exeunte,
3315 4451 3540 4508 Nicaeua
3569 4466 3670 4515 xu,
3711 4449 3830 4506 hoc

551 4541 700 4597 enim
738 4557 864 4596 cum
897 4558 1043 4598 anno
1071 4558 1194 4598 terte
1221 4541 1572 4614 Dionysiame
1604 4543 1673 4598 54
1698 4543 1844 4598 illam
1871 4545 2136 4600 accidisse
2163 4561 2212 4618 Β
2247 4553 2331 4597 est
2357 4559 2443 4596 xlv
2476 4543 2598 4599 Kal.
2639 4547 2795 4612 Apr.,
2829 4545 2999 4613 pridie
3043 4546 3162 4614 ejus
3203 4545 3309 4599 dici
3345 4559 3456 4612 quo
3481 4557 3679 4612 passus
3709 4549 3828 4598 est.

551 4635 858 4698 conﬁrmet,
889 4633 1068 4690 Martii
1097 4651 1247 4700 xxvr,
1271 4635 1401 4690 luna
1431 4652 1588 4703 xvm,
1622 4652 1744 4706 qua:
1779 4639 2135 4693 antecedente

553 4740 782 4794 vespera
807 4725 922 4794 jam
969 4725 1226 4782 inchoata
1261 4725 1462 4795 fuerat,
1502 4727 1720 4784 Judteos
1759 4732 1956 4786 asserit
1999 4747 2132 4786 neo-

551 4815 790 4870 meniam
821 4833 930 4872 non
950 4833 980 4870 a
1013 4817 1162 4872 coitu
1192 4817 1565 4886 luminarinm,
1605 4821 1698 4876 sed
1734 4837 1765 4876 a
1799 4823 2134 4877 corniculata

549 4907 727 4978 etiigie
755 4909 1012 4978 coepisse,
1061 4911 1166 4964 hoc
1188 4917 1276 4964 est
1295 4909 1454 4965 tertio
1486 4911 1574 4966 die
1598 4921 1720 4982 post
1751 4915 2092 4968 novilunium
2117 4931 2128 4944 -

547 4997 700 5069 quod
733 5015 786 5053 ix
817 5001 906 5053 die
939 4998 1116 5054 Martii
1149 5001 1298 5056 circa
1327 5003 1460 5057 solis
1486 5017 1742 5059 occasum
1773 5008 2130 5062 commissum

547 5099 654 5146 est.
711 5089 867 5145 Unde
920 5092 1099 5147 civilis
1151 5109 1340 5148 eorum
1390 5097 1676 5152 neomenia
1727 5097 1835 5150 ἀπὸ
1887 5100 1985 5169 τῆς
2025 5099 2132 5167 φά-

551 5195 692 5244 σεως
724 5180 846 5236 iniit
879 5180 1066 5236 Martii.
1091 5197 1190 5236 xtl.
1221 5182 1391 5253 Igitur
1430 5185 1640 5241 decima
1681 5187 1871 5257 quinta
1903 5189 2133 5242 incurrit

547 5271 604 5327 in
633 5287 758 5326 xxvr
783 5270 982 5327 Martii.
1009 5271 1134 5328 Haec
1166 5272 1453 5332 Onulrius.
1489 5275 1621 5344 Quae
1647 5293 1772 5333 cum
1803 5295 1868 5334 ex
1901 5279 2130 5336 Judaica

547 5361 796 5416 doctrina
823 5361 1076 5417 hausisse
1115 5377 1174 5418 se
1200 5363 1542 5434 proﬁteatur,
1575 5365 1810 5421 multum
1839 5375 2024 5423 tamen
2059 5370 2129 5424 ab

545 5467 611 5508 ea
634 5450 968 5522 discrepant.
992 5452 1179 5525 Neque
1211 5455 1358 5510 enim
1399 5458 1694 5513 neomenia
1723 5474 1849 5514 cum
1879 5461 1989 5513 ἀπὸ
2025 5462 2126 5532 τῆς

544 5545 763 5614 φάσεως
796 5546 1238 5616 constitueretur,
1261 5551 1440 5604 triduo
1463 5551 1534 5605 ab
1555 5567 1682 5608 vero
1713 5553 1857 5607 coitu
1883 5571 2125 5625 unquam

545 5636 742 5702 abfuit,
775 5638 870 5692 sed
916 5654 1026 5694 uno
1049 5639 1116 5694 ad
1171 5655 1440 5697 summam
1477 5643 1565 5698 die
1591 5653 1716 5714 post
1768 5645 1918 5699 illum
1949 5647 2126 5703 civilis

546 5729 830 5784 nemnenia
857 5729 1170 5786 denuntiari
1220 5733 1448 5798 solebat,
1479 5744 1538 5790 ut
1588 5751 1652 5790 ex
1685 5735 1752 5800 Β.
1791 5737 1938 5793 Mosc
1991 5756 2126 5794 con-

545 5828 672 5877 stat.
709 5818 783 5876 De
805 5837 914 5890 quo
947 5823 1066 5878 vide
1100 5823 1351 5882 Glossam
1383 5842 1504 5898 cap.
1547 5829 1572 5884 1
1629 5827 1923 5885 Kiddusch.
1959 5831 2122 5903 Atqui

2237 4635 2414 4689 Biduo
2467 4635 2944 4704 igitur'NicaJnam
2985 4638 3171 4691 lunam
3223 4637 3561 4706 anticipaiit.
3609 4634 3828 4688 Idcirco

2239 4729 2562 4800 προέλαϐον,
2597 4731 2772 4798 inquit
2798 4731 3154 4800 Epiphanius,
3187 4731 3280 4783 καὶ
3303 4730 3504 4798 ἔφαγον
3537 4728 3596 4781 τὸ
3623 4728 3830 4798 Πάσχα.

2235 4821 2404 4875 biduo
2433 4829 2557 4874 ante
2583 4821 2884 4890 legitimum
2913 4833 3146 4889 tempus,
3179 4821 3324 4890 quod
3343 4829 3460 4874 erat
3483 4834 3570 4872 xtv
3599 4815 3828 4872 Niczetta

2237 4913 2436 4967 cadens
2467 4912 2519 4964 in
2551 4928 2627 4965 xtt
2663 4911 2777 4964 Kal.
2803 4911 2972 4976 Quasi
2995 4914 3107 4966 haec
3131 4928 3212 4965 vel
3231 4913 3316 4976 ha,
3339 4910 3660 4982 προέλαϐον,
3685 4919 3825 4976 etc.,

2235 5017 2343 5055 non
2395 5001 2462 5056 de
2501 4999 2704 5056 Judteis
2746 5003 3002 5056 onmibus
3048 5001 3364 5070 accipienda
3409 5000 3551 5064 sint,
3605 4999 3700 5054 sed
3751 5001 3826 5053 de

2233 5093 2451 5148 Christo
2479 5103 2534 5148 et
2561 5094 2845 5164 apostolis,
2879 5109 2944 5148 ac
2975 5095 3021 5148 si
3067 5094 3162 5162 qui
3191 5103 3320 5147 sunt
3350 5093 3465 5158 alii,
3507 5091 3601 5160 qui
3642 5089 3826 5160 majo-

2233 5199 2354 5238 rum
2389 5186 2530 5238 ritus
2558 5187 2990 5240 observaverint.
3024 5183 3160 5238 Nam
3191 5183 3336 5253 quod
3368 5183 3434 5236 ad
3479 5179 3701 5234 Iudaeos
3733 5195 3826 5233 re-

2232 5274 2415 5346 liquos
2441 5276 2656 5343 attinet,
2685 5275 2898 5331 Pascha
2927 5292 3086 5330 suum
3119 5276 3172 5328 in
3201 5282 3477 5344 posterum
3507 5271 3674 5333 dicm,
3712 5271 3826 5324 hoc

2231 5378 2314 5424 est
2337 5385 2434 5424 xm
2463 5367 2733 5439 Kal.,quo
2773 5384 2970 5437 passus
2999 5377 3084 5424 est
3111 5367 3388 5432 Christus,
3417 5366 3538 5419 καθ’
3571 5363 3824 5435 ὑπέρϐα-

2234 5478 2316 5515 σιν
2359 5463 2714 5532 traiecerunt.
2763 5463 2917 5518 Unde
2950 5479 3060 5518 non
3089 5463 3276 5528 biduo,
3327 5471 3388 5516 ut
3427 5460 3540 5524 alii,
3571 5459 3666 5514 sed
3702 5473 3824 5511 uno

2231 5564 2444 5610 tantum
2473 5556 2562 5610 die
2591 5555 2868 5610 Nicaanam
2915 5573 3005 5611 xiv
3048 5555 3502 5624 anticipaverunt,
3542 5551 3670 5621 quia
3711 5546 3824 5603 Ju-

2221 5645 2390 5702 daiea-
2419 5646 2614 5700 vitiosa
2658 5661 2746 5710 xv,
2797 5644 3013 5699 Nicama
3063 5659 3160 5697 xm
3211 5643 3577 5697 celebrarunt.
3629 5636 3826 5704 Quare

2229 5739 2450 5809 scripsit
2499 5737 2859 5808 Epiphanius,
2921 5735 3380 5806 ὑπερϐεϐηκότων
3437 5733 3616 5788 αὐτῶν
3683 5731 3826 5800 μίαν

2229 5829 2462 5902 ἡμέραν
2497 5831 2642 5901 quod
2674 5841 2727 5886 ct
2765 5829 2966 5900 reperit
2998 5846 3149 5888 nam.
3185 5829 3270 5886 '27.
3315 5829 3512 5886 Verum
3549 5826 3700 5898 quod
3729 5841 3826 5882 se-
