4118 6402
342 405 479 466 981

1305 427 1393 481 DE
1433 411 1634 487 ANNO‘
1660 432 1749 488 ET
1789 434 1902 491 ou:
1960 436 2313 497 DOMINICAL‘
2352 442 2732 501 passmms.

3466 426 3662 510 ’ὁδε

345 527 601 636 initur,
635 527 772 636 feria
805 535 964 636 tertia
995 534 1206 597 Pascha
1228 548 1555 618 comedisse,
1583 555 1727 622 quod
1759 556 1897 614 feria
1927 576 1959 615 v
1988 568 2037 627 Α
2063 561 2172 618 hoc
2203 571 2389 620 tamen
2421 565 2735 636 signiﬁcare
2784 565 3020 632 videtur,
3068 562 3288 624 Jhdmos
3340 571 3656 634 nonnullos,

1542 612 1552 618 ,
1602 612 1614 622 ,
1941 612 1948 615 .
1988 612 2037 627 η
2065 612 2170 618 __--
2204 612 2389 620 -__-_-__
2421 612 2735 636 "0-.-"---
2796 612 3020 632 .-_--_.,
3068 612 3287 624 -..ηψπ
3341 612 3656 634 ..ν........υη,

348 612 584 727 factum
610 626 872 692 oportuit,
905 627 961 682 in
992 644 1156 699 quam
1192 651 1283 689 xtv
1314 639 1442 695 luna
1483 641 1752 713 ('Judalca,
1792 658 1847 705 et
1883 652 1966 706 vi-
2067 646 2320 711 videlicet
2351 657 2680 724 Pharisaeos,
2740 673 2805 714 ac
2851 656 3094 727 Scribas,
3129 675 3476 717 communem
3510 662 3657 718 hunc

348 706 543 811 tiosa)
571 726 924 780 convenerat.
961 737 1157 791 parum
1193 728 1294 783 sibi
1329 742 1585 791 constare
1621 750 1807 795 censet
1835 740 1964 811 Epi-

351 798 681 871 phanium;
717 808 810 877 qui
844 810 1066 880 quidem
1096 815 1233 872 feria
1263 822 1417 877 tertia
1449 824 1726 883 Christum
1751 798 1961 889 Pascha

354 890 655 960 peregisse
677 897 823 962 velit,
848 914 972 955 cum
996 903 1126 959 luna
1149 905 1202 959 in
1227 923 1317 962 xw
1338 915 1671 979 praestiterit.
1700 917 1796 975 Est
1814 922 1958 977 enim

355 989 568 1036 contra
598 980 881 1056 Evangelii
913 989 1095 1059 fidem,
1143 993 1422 1055 Christum
1463 1002 1601 1059 feria
1644 1022 1707 1062 ιιι
1751 1007 1963 1067 Pascha

355 1071 702 1131 celebrasse.
751 1076 1042 1150 Propterea
1087 1086 1161 1141 ita
1203 1090 1594 1163 corrigendum
1628 1100 1908 1157 existimat
1942 1122 1957 1158 :

356 1159 654 1220 Christum
684 1168 737 1224 id
768 1171 942 1240 egisse
967 1175 1100 1232 feria
1124 1194 1178 1247 v,
1212 1159 1687 1255 quodvoportuerit
1722 1208 1818 1250 vu.
1845 1195 1960 1266 Ego

359 1268 507 1349 vero
539 1272 664 1314 cum
706 1264 952 1319 nondum
991 1271 1303 1339 suspicarer
1337 1274 1701 1349 Epiphanium
1733 1286 1841 1341 alio
1874 1264 1959 1344 die

367 1341 654 1403 Christum
686 1351 844 1418 velle,
876 1370 1041 1424 quam
1074 1359 1211 1417 feria
1244 1378 1279 1418 ν
1307 1341 1516 1424 Pascha
1538 1385 1699 1427 suum
1729 1374 1954 1445 obiisse,

372 1436 494 1532 haec
530 1455 651 1532 quae
676 1443 743 1499 de
773 1459 857 1512 ιιι,
889 1462 942 1501 tv
977 1451 1300 1524 caaterisqu‘e
1338 1455 1493 1516 feriis
1527 1462 1722 1532 injicit,
1755 1436 1954 1524 simili;

373 1528 582 1628 tudinis
609 1548 775 1590 causa
803 1550 1061 1609 usurpata
1093 1545 1455 1606 credideram.
1498 1528 1633 1610 Nam
1665 1528 1795 1628 quia
1822 1561 1953 1617 luna

372 1617 596 1678 Judaica
629 1641 739 1692 xw,
771 1625 990 1686 Nicaeua
1018 1648 1149 1690 vero
1178 1653 1255 1692 xtt
1295 1617 1699 1713 celebraverat;
1731 1658 1791 1705 ut
1831 1648 1959 1708 eam'

373 1711 509 1783 cycli
555 1717 875 1784 pravitatem
907 1724 1082 1779 oculis
1108 1726 1424 1797 subjiceret,
1465 1733 1614 1791 hunc
1640 1711 1694 1792 in
1730 1743 1950 1810 modum

373 1802 653 1861 declarare
692 1808 969 1868 voluisse:
996 1815 1219 1883 perinde
1254 1819 1399 1876 istud
1439 1838 1580 1890 esse,
1618 1843 1682 1884 ac
1708 1804 1757 1885 si
1782 1831 1953 1904 finga-

372 1908 499 1949 mus
534 1894 825 1955 Judaicum
860 1905 1073 1974 cyclum
1104 1910 1218 1964 vuii
1253 1912 1386 1966 nihil
1419 1915 1698 1985 habuisse,
1734 1937 1955 1980 revera-
1988 1919 2030 1974 Β
2061 1894 2163 1985 hoc
2211 1930 2376 1987 modo
2425 1933 2809 1989 constituenda

371 1999 480 2053 que
501 1986 687 2043 lunam
714 2007 808 2046 xw
844 1992 1119 2052 Nieaeuam
1149 2000 1204 2054 in
1234 2001 1414 2058 Martii
1452 2021 1544 2061 xtx
1579 2008 1860 2079 incidisse,
1889 2030 1953 2071 ac

371 2083 489 2130 tum
517 2079 815 2149 cogitemus
845 2083 1125 2143 Christum
1155 2091 1323 2148 biduo
1349 2095 1496 2151 illam
1525 2108 1952 2161 antevertentem

371 2178 462 2219 xvr
488 2164 609 2223 Kal.
641 2169 758 2226 sive
772 2170 951 2229 Martii
981 2193 1094 2233 xvu
1126 2178 1331 2237 Pascha
1353 2185 1840 2256 comedisse,.feria
1864 2209 1949 2260 tu,

369 2257 518 2324 quod
549 2256 682 2314 feria
709 2277 760 2324 v,
798 2262 904 2318 hoc
932 2274 1015 2321 est
1040 2267 1220 2323 Martii
1252 2287 1365 2337 xtx,
1398 2272 1510 2328 fieri
1541 2256 1950 2337 decebat.'Tatn

369 2360 500 2415 ergo
526 2347 720 2404 vitiose
744 2352 932 2421 eyelus
954 2355 1045 2409 ille
1074 2354 1337 2415 Judaicus
1368 2361 1735 2421 deeimonono
1770 2367 1950 2425 Martii

368 2432 552 2490 lunam
592 2453 684 2494 xtv
717 2442 967 2498 exhibuit
996 2463 1010 2501 :
1039 2455 1262 2519 tamque
1287 2452 1570 2509 abnormis
1598 2472 1628 2509 a
1657 2474 1786 2513 vero
1808 2460 1952 2516 lunae

366 2526 657 2584 ratiocinio
699 2531 801 2587 fuit
842 2535 934 2591 illa
962 2552 996 2591 v
1027 2537 1162 2594 feria
1210 2540 1386 2596 Martii
1432 2561 1545 2610 xix,
1595 2563 1759 2617 quam
1792 2554 1949 2608 tertia

365 2634 493 2673 eum
520 2622 711 2690 quinta
734 2634 1085 2696 comparata;
1119 2632 1167 2685 si
1199 2631 1313 2687 haec
1338 2634 1454 2703 ipsa
1484 2635 1715 2694 Nieaena
1735 2640 1946 2698 fuisset.

365 2708 612 2806 Denique
651 2721 771 2770 tota
806 2717 921 2774 haec
962 2721 1251 2798 Epiphanii
1285 2725 1588 2794 diSputatio
1626 2730 1947 2806 ὑποθετική.

362 2809 421 2855 et
447 2800 607 2870 λόγου
638 2805 800 2877 χάριν
839 2821 1119 2882 assumpta
1165 2814 1298 2870 mihi
1334 2817 1642 2873 videbatur.
1677 2820 1821 2878 Sane
1852 2800 1951 2879 ne-

364 2892 481 2959 gari
513 2907 622 2946 non
655 2903 855 2963 potest,
891 2912 1058 2967 quam
1107 2901 1156 2960 si
1183 2900 1320 2958 feria
1365 2921 1396 2959 v
1437 2907 1744 2965 celebrasse
1789 2913 1948 2968 Chri-

365 2992 512 3034 stum
545 2981 966 3056 existimaverit,
999 2991 1356 3059 probabiliter
1386 2995 1494 3051 ista
1518 2998 1790 3056 dicantur.

438 3092 637 3150 Verum
683 3097 812 3154 dum
854 3101 972 3157 haec
1015 3106 1278 3163 attentius
1316 3119 1658 3180 perscrutor,
1704 3117 1946 3187 comperi

363 3185 525 3241 aliam
551 3190 885 3248 sanctissimi
916 3193 1095 3253 Patris
1116 3198 1429 3269 opinionem
1457 3200 1648 3271 fuisse,
1678 3209 1732 3261 et
1748 3185 1939 3262 falsam

363 3275 509 3331 illam
540 3280 787 3350 quidem,
831 3286 925 3340 sed
957 3286 1027 3341 ab
1055 3304 1124 3343 eo
1153 3301 1336 3347 tamen
1382 3293 1674 3365 aliquoties
1702 3296 1945 3355 inculca-

363 3374 472 3420 tam
499 3384 513 3420 :
551 3369 811 3426 nimirum
843 3373 1063 3433 Judaeos
1094 3379 1388 3452 plerosque
1419 3400 1544 3440 cum
1581 3386 1803 3445 Christo
1835 3389 1941 3446 Pa-

361 3458 496 3513 scha
522 3474 682 3516 suum
712 3465 918 3521 obiisse
948 3483 1056 3522 non
1088 3468 1227 3525 feria
1256 3488 1309 3538 v,
1337 3474 1451 3529 sive
1476 3475 1647 3544 pridie
1668 3479 1787 3548 ejus
1811 3481 1940 3549 diei,

359 3565 470 3617 quo
502 3565 700 3620 passus
722 3563 827 3621 est,
869 3557 965 3612 sed
1003 3557 1140 3614 feria
1170 3562 1348 3617 tertia.
1378 3563 1535 3630 Quod
1560 3565 1740 3636 ipsum
1762 3569 1942 3624 diser-

359 3641 587 3697 tissimis
610 3644 793 3700 verbis
822 3647 984 3703 docet
1012 3649 1066 3703 in
1093 3650 1242 3706 calce
1274 3651 1502 3708 Panarii
1536 3655 1722 3726 hujus,
1748 3657 1804 3712 in
1836 3659 1945 3714 Ex-

358 3733 631 3802 positione
680 3736 1010 3805 fidei,.num.
1052 3742 1144 3808 22,
1195 3745 1289 3801 ubi
1326 3747 1395 3801 de
1440 3745 1696 3803 Ecclesiae
1744 3751 1941 3808 ritibus

359 3838 526 3892 agens
547 3828 797 3883 m‘eminit
817 3832 959 3886 inter
979 3839 1179 3888 caetera
1206 3836 1400 3907 jejunii
1426 3848 1656 3907 quartae,
1688 3856 1752 3896 ac
1774 3853 1942 3899 sextae

360 3914 530 3982 ferite,
567 3919 725 3988 cujus
770 3922 1002 3978 instituti
1048 3940 1273 3983 causam
1320 3931 1541 4000 aperit:
1611 3933 1942 4007 Ἐπειδήπερ

358 4007 747 4080 ἐπιφωσκούσῃ
794 4014 1010 4086 τετράδι
1052 4018 1436 4096 συνελήφθηρὸ
1481 4022 1704 4094 Κύριος,
1736 4025 1832 4078 καὶ
1862 4025 1941 4096 τῷ

361 4097 726 4171 πωσαϐϐάτῳ
779 4102 1124 4178 ἐσταυρώθη.
1179 4092 1445 4173 Quoniam
1495 4092 1706 4168 ineunte
1745 4092 1941 4185 quarto

358 4188 497 4258 feria
528 4192 930 4261 comprehensus
978 4208 1056 4252 est
1106 4200 1384 4267 Dominus,
1419 4216 1469 4259 et
1508 4206 1644 4275 feria
1694 4225 1724 4263 ν
1766 4212 1942 4264 cruci-

358 4280 520 4347 ﬁxus.
558 4281 678 4348 Quo
709 4288 887 4354 posito
923 4303 1267 4360 consequens
1304 4303 1406 4359 cst,
1441 4296 1721 4355 Christum
1750 4316 1815 4356 ea
1841 4317 1941 4358 no-

357 4381 463 4439 cte,
495 4390 617 4445 quae
645 4374 833 4433 feriam
873 4396 932 4434 ιιι
965 4383 1233 4453 sequitur,
1265 4397 1318 4441 et
1348 4385 1573 4444 Judaice
1601 4389 1748 4448 feriae
1772 4408 1821 4447 tv
1846 4393 1941 4447 tri-

357 4466 564 4535 buitur,
601 4483 818 4539 captum
852 4488 994 4540 esse,
1029 4486 1153 4530 cum
1196 4478 1359 4546 paulo
1398 4491 1524 4537 ante
1554 4480 1762 4538 Pascha
1799 4486 1940 4541 cele-

2066 758 2310 802 errorem
2359 751 2651 805 emendare
2696 749 3221 820 cupientes,Pascha
3266 766 3429 808 suum
3478 754 3534 808 in
3585 770 3654 808 xx

2066 835 2243 892 Martii
2276 840 2421 895 diem
2451 840 2754 907 distulisse,
2800 856 2910 912 quo
2962 856 3160 913 passus
3213 852 3296 898 est
3350 844 3649 900 Christus:

2064 942 2177 998 quo
2210 930 2472 985 nimirum
2506 931 2732 1003 propius
2772 931 2841 987 ad
2879 932 3266 1003 aequinoctium
3307 936 3649 1004 accederent,

2062 1021 2149 1076 vel
2179 1023 2342 1078 etiam
2373 1010 2597 1081 cmleste
2623 1026 3012 1095 plenilunium.
3042 1024 3178 1081 Nam
3211 1028 3316 1082 hoc
3343 1029 3508 1082 verba
3531 1029 3648 1107 ipsa

2062 1112 2245 1168 tacite.
2270 1114 2655 1172 demonstrant
2684 1136 2698 1172 ε
2730 1119 2841 1172 Καὶ
2887 1118 3147 1188 ἰσημερίαι
3181 1119 3285 1189 πρὸ
3310 1119 3504 1175 ἕνδεκα
3532 1124 3653 1178 Κα-

2060 1201 2265 1258 λανδῶν
2313 1206 2658 1278 Ἀπριλλίων,
2704 1208 2772 1262 δι’
2813 1207 2881 1279 ἦν
2935 1207 3300 1280 πλανηθέντες
3343 1211 3650 1283 ὺπέρὸατον

2064 1294 2193 1364 μίαν
2227 1296 2440 1366 ἡμέραν
2482 1296 2767 1371 ἐποίησαν;
2815 1299 2958 1368 Ergo
2988 1299 3076 1378 διὰ
3117 1299 3215 1371 τὴν
3257 1303 3563 1374 ἰσημερίαν,
3594 1313 3661 1364 ει.

2058 1381 2294 1440 fortasse
2327 1396 2546 1456 propter
2569 1388 2754 1443 lunam
2781 1389 2973 1454 etiam,
3004 1405 3072 1445 ne
3094 1398 3379 1460 tant0pene
3402 1392 3470 1447 ab
3496 1403 3650 1448 utro-

2056 1490 2164 1545 que
2196 1480 2530 1546 recederent,
2560 1479 2701 1535 diem
2731 1480 3104 1549 ,diﬂ'uderant.
3135 1481 3353 1537 Poterat
3383 1484 3527 1538 enim
3561 1486 3648 1542 vel

2056 1566 2176 1637 ipse
2223 1567 2421 1624 sideris
2479 1580 2731 1639 aspectus
2778 1571 2900 1627 vitii
2950 1572 3075 1628 illos
3122 1574 3447 1641 admonere;
3497 1576 3645 1646 quod

2056 1658 2248 1714 saltem
2287 1660 2645 1717 minuendum
2676 1678 2797 1720 esse
2828 1664 3213 1721 decreverunt.

2125 1748 2264 1805 Cum
2310 1752 2428 1807 haec
2460 1751 2801 1824 Epiphanius
2847 1754 3136 1812 manifeste
3180 1757 3402 1823 sentiat,
3448 1764 3655 1813 etetera

2055 1855 2179 1910 quae
2217 1842 2286 1898 ab
2328 1858 2395 1899 eo
2434 1843 2691 1899 dicuntur
2735 1845 2924 1900 eodem
2973 1846 3256 1917 dirigenda
3298 1860 3448 1913 sunt,
3479 1861 3644 1918 atque

2851 1951 2865 1988 :
2918 1934 3172 1990 Christus
3221 1937 3391 2006 legale
3430 1936 3643 1995 Pascha

2059 2022 2348 2078 celebravit
2380 2039 2504 2078 cum
2530 2025 2813 2096 plerisque
2839 2024 3044 2081 Judaais
3073 2042 3162 2080 xvr
3201 2027 3320 2080 Kal.
3348 2028 3639 2097 Apr.,feria

2059 2128 2143 2177 ιιι,
2174 2114 2304 2169 luna
2337 2113 2567 2171 Judaica
2606 2118 2801 2172 vitiosa
2843 2133 2947 2184 xu,
2972 2134 3095 2174 cum
3138 2116 3272 2173 feria
3307 2135 3340 2171 v
3375 2119 3503 2173 luna
3548 2136 3640 2174 xtv

2056 2204 2250 2261 vitiosa
2288 2207 2474 2277 perlici
2506 2207 2776 2262 debuerit.
2809 2209 2983 2263 Biduo
3030 2210 3196 2280 igitur
3230 2213 3539 2267 antevertit.
3569 2214 3639 2267 At

2053 2292 2344 2360 Pharisaei,
2373 2294 2660 2367 Judtuique
2687 2298 2779 2352 alii
2812 2298 2940 2353 luna
2977 2298 3202 2354 Judaica
3230 2315 3299 2354 xv
3331 2299 3509 2355 Martii
3542 2317 3635 2364 xx,

2054 2400 2164 2456 quo
2204 2387 2291 2441 die
2334 2402 2528 2456 paSSuS
2565 2399 2650 2443 est
2693 2388 2965 2456 Christus,
3008 2389 3129 2443 καθ’
3182 2391 3486 2460 ὑπέρϐασιν
3529 2391 3636 2447 dici

2054 2480 2219 2532 unius
2250 2493 2280 2532 a
2306 2479 2434 2533 luna
2466 2495 2555 2533 xw
2588 2481 2653 2534 ad
2684 2497 2783 2537 xv.
2813 2480 2891 2535 Ex
2923 2482 2992 2535 iis
3023 2481 3190 2536 falsos
3210 2496 3308 2537 eos
3339 2496 3460 2536 esse
3501 2497 3635 2537 con-

2054 2577 2187 2633 stat,
2236 2568 2330 2638 qui
2373 2568 2683 2640 Epiphanio
2730 2570 3044 2627 Graecorum
3089 2573 3414 2631 sententiam
3463 2575 3635 2629 ascri-

2054 2658 2224 2725 bunt;
2265 2661 2412 2728 quod
2451 2661 2704 2717 Christus
2747 2659 2954 2716 Pascha
3002 2663 3129 2716 luna
3178 2677 3278 2717 χιιι
3321 2663 3632 2727 celebrarit,

2052 2760 2179 2806 ante
2205 2749 2444 2817 Jutlatos,
2485 2753 2578 2822 qui
2614 2752 2665 2807 id
2689 2752 2950 2823 postridie
2976 2755 3300 2826 percgerint.
3334 2753 3452 2809 Non
3485 2756 3631 2810 enim

2051 2854 2149 2893 χιιι
2173 2839 2325 2905 luna,
2359 2840 2453 2895 sed
2480 2857 2556 2894 xu
2586 2841 2867 2897 Christum
2902 2842 2956 2898 id
2983 2847 3161 2912 egisse
3196 2851 3406 2908 censet,
3433 2854 3629 2914 quate-

2052 2947 2157 2986 nus
2185 2930 2318 2986 feria
2348 2946 2410 2986 ιιι
2445 2932 2741 3002 contigisse
2766 2940 2939 3002 putat.
2975 2933 3131 2999 Quod
3161 2933 3207 2989 si
3235 2949 3302 2988 ex
3328 2935 3641 2998 communi.~

2049 3004 2468 3092 certissimaque
2497 3024 2767 3078 sententia
2792 3023 2926 3079 feria
2957 3040 2989 3078 v
3021 3025 3329 3080 celebrasse
3348 3024 3630 3081 Christum

2049 3110 2350 3165 arbitratus
2386 3121 2553 3176 esset,
2592 3126 2701 3167 non
2748 3113 2855 3167 alia
2898 3112 3050 3178 luna,
3094 3129 3259 3184 quam
3289 3129 3413 3184 qua:
3446 3116 3629 3169 ervi-

2048 3200 2191 3255 tioso
2230 3201 2383 3271 cyclo
2425 3218 2518 3256 xw
2567 3200 2728 3266 foret,
2769 3201 2973 3257 factum
3028 3211 3315 3258 assereret.
3363 3202 3519 3259 Unde
3556 3218 3629 3258 ex

2047 3289 2382 3360 castigatiori
2404 3289 2692 3361 Epiphanii
2713 3291 2924 3361 judicio
2946 3292 3313 3347 definiendum
3335 3301 3438 3356 est,
3464 3291 3625 3348 Chri-

2046 3390 2188 3436 stum
2223 3380 2356 3437 l‘eria
2387 3399 2440 3447 v,
2471 3383 2601 3438 luna
2634 3399 2725 3438 xw
2751 3397 2878 3438 cum
2904 3383 3181 3438 nonnullis
3204 3380 3432 3447 Iudaeis,
3464 3393 3625 3439 caete-

2044 3487 2137 3528 ros
2177 3489 2302 3529 vero
2334 3490 2458 3530 eum
2483 3474 2797 3540 Pharisaeis,
2825 3475 2957 3531 feria
2976 3491 3038 3529 vt
3063 3473 3271 3531 Pascha
3295 3476 3621 3532 comedisse.

2044 3564 2160 3630 Qua
2201 3580 2268 3620 ex
2317 3565 2609 3635 Epiphanii
2649 3567 2909 3637 opinione
2950 3569 3059 3622 duo
3101 3568 3453 3638 colliguntur,
3501 3583 3624 3639 qum

2043 3667 2167 3708 eum
2196 3653 2263 3709 de
2296 3652 2578 3711 Passionis
2617 3670 2762 3710 anno
2801 3654 3089 3725 quaeritur,
3126 3655 3393 3713 acerrime
3434 3657 3623 3726 dispu-

2043 3743 2146 3797 tari
2187 3742 2364 3798 solent
2399 3760 2412 3797 :
2446 3743 2681 3798 alterum
2725 3742 3042 3800 Iudaeorum
3076 3746 3355 3816 principes
3387 3761 3495 3802 non
3528 3762 3633 3804 e02,

2040 3833 2163 3888 dem
2191 3849 2316 3889 cum
2344 3832 2564 3890 Christo
2584 3834 2673 3890 die
2693 3835 2931 3905 legitimo
2948 3836 3072 3906 agni
3092 3838 3253 3907 epulo
3272 3837 3619 3908 perfunctos;

2043 3924 2273 3978 alterum
2302 3939 2427 3979 cum
2460 3924 2582 3980 sine
2618 3925 3045 3981 commutatione
3086 3927 3291 3995 aliqua.
3311 3937 3618 3998 temporum

2043 4030 2105 4071 ac
2146 4013 2409 4069 festorum
2453 4015 2506 4070 id
2554 4014 2805 4071 accidere
2846 4029 2956 4069 non
2998 4016 3258 4086 potuerit,
3304 4019 3620 4075 translatio:

2040 4121 2162 4160 nem
2212 4106 2449 4175 aliquant
2493 4105 2601 4161 illis
2632 4105 2968 4176 temporibus
3007 4106 3304 4162 exstitisse.
3329 4106 3517 4176 Quare
3549 4108 3619 4162 ad

2043 4196 2185 4250 hanc
2204 4194 2494 4265 Epiphanii
2522 4195 2963 4266 disputationem.
2978 4197 3359 4255 illustrandam
3393 4200 3619 4255 totidem

2043 4284 2149 4339 illae
2175 4284 2506 4355 quaestiones
2531 4284 2721 4355 paucis
2745 4285 2851 4341 hoc
2887 4284 3008 4341 loco
3035 4286 3400 4357 disceptandas
3429 4297 3580 4344 sunt.

2048 4394 2237 4449 Utrum
2260 4394 2436 4450 Iudrei
2460 4396 2810 4451 translatione
2841 4396 3098 4466 festorum
3122 4398 3249 4453 olim
3282 4400 3366 4454 usi
3393 4400 3615 4470 fuerint.

2110 4484 2169 4538 in
2196 4486 2485 4539 recentiori
2506 4484 2820 4541 Iudaeorum
2852 4495 3112 4558 computo
3151 4489 3529 4559 scrupulosus,
3562 4500 3618 4545 et

358 4558 591 4618 brasset.
627 4562 887 4619 Audierat
917 4566 1121 4637 itaque,
1153 4577 1209 4622 et
1243 4585 1275 4625 a
1310 4572 1612 4641 majoribus
1652 4588 1934 4647 acceperat

2047 4576 2240 4629 anxius
2273 4575 2496 4645 quidam
2540 4586 2621 4631 est
2661 4576 2873 4633 dierum
2910 4577 3154 4633 delectus
3184 4579 3250 4633 ad
3298 4581 3616 4636 ncomenias

356 4648 717 4720 Epiphanius,
769 4655 907 4712 duas
953 4657 1074 4713 illas
1126 4658 1293 4716 ferias
1331 4660 1628 4721 Dominicae
1677 4666 1934 4725 Passioni

357 4746 660 4801 recolendas
681 4752 1015 4818 prmstitutas
1038 4750 1230 4818 fuisse,
1253 4769 1316 4809 ac
1331 4755 1544 4826 jejunio
1563 4770 1932 4827 consecratas.

355 4834 492 4891 Cum
538 4849 719 4893 autem
767 4851 918 4897 certo
943 4853 1245 4911 constaret,
1295 4846 1431 4903 feria
1465 4865 1515 4903 vt
1550 4850 1603 4904 itt
1634 4867 1796 4908 cruce
1823 4853 1939 4909 suf-

357 4927 526 4981 lixuut
556 4944 697 4997 esse,
715 4932 870 4998 nulla
904 4935 1178 5003 passionis
1205 4937 1325 5007 ejus
1350 4949 1555 4995 restare
1587 4943 1699 4998 visa
1724 4953 1809 4998 est
1831 4946 1936 5001 alia

357 5028 502 5085 pars,
535 5032 701 5087 quam
736 5022 1177 5091 comprehensio,
1207 5035 1261 5080 et
1294 5027 1554 5097 alligatio.
1593 5029 1825 5087 Proinde
1856 5032 1938 5089 fe-

356 5104 437 5158 ria
467 5121 520 5159 w
559 5116 845 5176 appetente
878 5121 1096 5182 eaptun
1139 5123 1304 5184 atque
1333 5116 1575 5171 vinctum
1604 5133 1727 5175 esse
1757 5118 1938 5175 Domi-

357 5208 490 5248 num
520 5197 770 5252 credidit.
803 5196 992 5269 Neque
1034 5216 1164 5257 vero
1201 5203 1310 5257 alio
1344 5212 1607 5275 tempore,
1632 5223 1796 5277 quam
1825 5225 1936 5279 quo

356 5282 528 5340 Judaei
553 5287 820 5359 plerique,
850 5291 1126 5360 celebrare
1154 5295 1346 5351 voluit.
1377 5296 1543 5368 Igitur
1571 5299 1737 5354 etiam
1758 5298 1937 5357 Judaei

358 5373 493 5430 feria
543 5379 700 5433 tertia
758 5392 1106 5453 peregerunt.
1163 5383 1392 5453 Vitiose,
1424 5389 1548 5457 quis
1580 5390 1793 5461 negat?’
1832 5392 1939 5450 Sed

355 5462 502 5533 quod
533 5465 770 5529 maxima
800 5483 929 5538 pars
952 5485 1019 5526 eo
1055 5471 1145 5528 die
1168 5472 1376 5530 Pascha
1409 5477 1737 5546 comederet,
1768 5481 1936 5537 biduo

330 5567 479 5607 cum
514 5553 621 5610 illis
657 5558 996 5629 anticipavit.
1030 5561 1162 5617 Erat
1184 5565 1332 5618 enim
1380 5564 1512 5621 feria
1544 5583 1573 5618 ν
1617 5567 1796 5625 Martii
1844 5589 1936 5628 xix

354 5643 761 5713 celebrandum,
791 5664 919 5705 cum
948 5651 1006 5707 in
1034 5653 1182 5709 hunc
1207 5654 1350 5709 diem
1379 5671 1468 5712 xw
1493 5655 1718 5714 Judaica
1743 5662 1938 5720 vitiosa

354 5748 725 5794 concurreret.
750 5739 863 5797 Cur
888 5754 1069 5799 autem
1103 5745 1238 5802 adeo
1275 5762 1617 5820 praepropere
1642 5751 1818 5810 Judaei
1844 5759 1934 5812 isti

357 5822 566 5885 Pascha
619 5831 985 5905 comederent,
1038 5851 1264 5896 causam
1316 5840 1496 5899 attulit
1551 5844 1777 5902 nullam.
1828 5846 1932 5906 Sed

2040 4665 2304 4736 ﬁgendas.
2339 4664 2417 4720 De
2443 4680 2548 4735 quo
2574 4665 2743 4721 multa
2775 4667 2829 4720 in
2856 4665 3235 4724 Thalmudicis
3272 4677 3616 4725 commenta-

2034 4756 2154 4817 riis,
2190 4753 2447 4808 Tractatu
2480 4757 2541 4809 de
2570 4758 2697 4811 anni
2732 4759 2924 4827 capite,
2952 4766 3008 4815 et
3036 4759 3090 4812 in
3116 4767 3262 4813 tomo
3305 4760 3484 4829 primo
3515 4760 3617 4817 Jad

2040 4845 2104 4900 Β.
2130 4843 2299 4907 Mose,
2333 4844 2513 4901 Tract.
2542 4843 2818 4902 Kiddusclt
2846 4846 3172 4902 haklzodesch
3192 4862 3212 4901 :
3245 4864 3453 4905 necnon
3483 4860 3539 4905 et
3558 4851 3615 4906 iu

2039 4942 2187 4995 cum
2214 4944 2356 5001 ’τηαν
2390 4933 2456 4989 Β.
2483 4934 2725 5001 lsaehar,
2759 4938 2862 4991 ben
2902 4936 3235 5004 Mordecbai,
3277 4940 3511 5010 aliisque
3550 4941 3617 4996 li-

1988 5015 1991 5019 .
2037 5029 2153 5085 bris
2181 5044 2194 5082 :
2230 5029 2286 5082 in
2317 5028 2520 5099 quibus
2552 5030 2778 5084 infinita:
2810 5030 3030 5099 regulae,
3060 5045 3124 5085 ac
3157 5031 3440 5088 cautiones
3474 5047 3613 5102 prae-

2038 5121 2252 5192 scriptte
2278 5130 2425 5175 sunt.
2462 5119 2704 5175 Duorum
2734 5134 2862 5175 vero
2912 5120 3206 5185 mensium,
3237 5119 3381 5177 Tisri
3416 5136 3483 5177 ac
3513 5120 3614 5178 Ni-

2038 5227 2158 5280 san,
2192 5213 2248 5267 in
2266 5213 2457 5283 primis
2498 5211 2796 5267 neomeniae
2828 5211 2896 5266 ab
2925 5210 3034 5267 illis
3063 5211 3447 5280 observantur,
3473 5227 3613 5284 qua-

2037 5319 2161 5360 rum
2188 5303 2692 5360 transferendarum
2711 5317 2880 5358 causa
2901 5302 3100 5372 duplex
3121 5303 3322 5359 ibidem
3344 5302 3570 5359 affertur
3593 5323 3610 5361 :

2037 5396 2327 5462 naturalis,
2364 5405 2458 5450 aut
2485 5394 2676 5451 civilis.
2711 5392 2925 5449 Etenim
2959 5407 3087 5449 cum
3114 5409 3281 5464 supra
3310 5393 3476 5450 ferias
3510 5410 3612 5451 exv

2038 5496 2322 5543 currentes
2351 5487 2597 5542 minutiae
2644 5485 2713 5541 ad
2747 5486 2913 5541 horas
2960 5485 3027 5540 18
3057 5487 3402 5556 perveniunt,
3443 5497 3497 5543 et
3524 5489 3612 5543 lu.—

2039 5578 2189 5635 naris
2216 5577 2498 5648 ψηφισμός
2542 5576 2825 5631 meridiem
2862 5574 2970 5631 diei
3016 5575 3355 5646 insequentis
3396 5578 3625 5649 attingit

2041 5671 2187 5739 (nam
2235 5667 2408 5723 Judaei
2441 5668 2587 5722 diem
2636 5668 2705 5723 ab
2740 5667 2898 5722 initio
2947 5667 3123 5723 noctis
3163 5670 3542 5738 auspicantur,
3578 5685 3612 5726 ι

2038 5774 2147 5829 quo
2180 5759 2247 5813 18
2281 5759 2430 5814 horas
2464 5765 2791 5829 computata
2819 5756 2928 5813 diei
2963 5758 3138 5814 civilis
3178 5760 3457 5843 sequentis
3491 5774 3610 5827 me-

2039 5851 2231 5907 ridiem
2264 5849 2688 5921 assequuntur);
2716 5856 2828 5906 tum
2856 5849 2910 5908 in
2951 5850 3176 5907 alteram
3208 5848 3398 5909 feriam
3435 5858 3602 5910 natue-
