4054 6404
523 409 629 477 9'79

1633 413 1984 474 APPENDlX
2025 409 2655 473 DlSSERTA'l'lONUM’.

527 550 600 590 uo
639 534 936 601 contigisse
961 517 1196 596 dixerat,
1233 548 1342 588 non
1389 533 1565 587 eidem
1605 547 1751 586 anno
1786 529 2108 586 Passionem
2139 533 2186 591 Α
2215 547 2361 586 anno
2395 533 2484 584 illo
2517 533 2586 584 δι
2625 533 2776 602 cyclo
2829 532 2972 586 lunae
3019 545 3132 596 xvi,
3169 531 3303 586 solis
3346 546 3414 584 xv
3445 529 3818 584 noviluniuln

524 625 808 678 tribuere?
839 623 1207 688 Quamobrem
1231 638 1298 677 ne
1347 623 1481 677 tauti
1533 621 1795 691 stuporis,
1837 629 2000 686 atque
2027 618 2112 672 in-

525 715 720 779 scitiae,
774 715 886 768 imo
933 713 1406 784 praevaricationis
1453 711 1767 782 gravissimi
1801 711 1878 764 illi
1917 709 2113 762 Patres

523 813 850 874 arguantur,
899 819 964 859 eo
1008 805 1228 860 demum
1295 804 1610 860 necessario
1665 801 2004 868 redigimur,
2051 809 2114 853 ut

525 895 842 964 Phlegontis
893 898 1269 952 testimonium
1302 895 1434 950 illud
1487 895 1682 949 vitiose
1732 893 1802 946 ah
1847 891 2110 955 librariis,

525 999 621 1044 aut
667 988 1000 1060 Hieronymo
1033 989 1154 1060 ipso
1211 990 1461 1043 dicamus
1497 989 1550 1040 in
1583 983 1872 1042 Chronicis
1891 997 2114 1051 expres-

525 1096 672 1134 sum.
701 1079 846 1135 Sane
879 1095 931 1134 ιιι
977 1079 1169 1134 Graeco
1217 1079 1440 1133 Eusebii
1485 1077 1766 1140 Chronico,
1813 1089 1937 1142 pag.
1986 1069 2110 1134 U8,

525 1171 598 1226 ita
653 1171 916 1239 scriptum
988 1181 1124 1224 est:
1190 1169 1280 1239 Τῷ
1331 1169 1386 1222 δὲ
1445 1168 1554 1220 ἔτει
1609 1168 1710 1236 τῆς
1761 1164 1840 1234 σβ¹
1915 1161 2112 1230 Ὀλυμ-

525 1262 733 1324 πιάδοςο
768 1271 827 1315 ut
856 1269 1116 1330 appareat
1143 1260 1397 1314 extritam
1431 1259 1601 1312 fuisse
1653 1254 1990 1311 numeralcm
2015 1269 2114 1306 no-

528 1363 663 1418 tam,
711 1367 809 1422 pro
859 1367 966 1422 qua
1015 1361 1346 1421 anagnostes
1415 1347 1738 1418 Hieronymi
1805 1343 1870 1410 δ’,
1926 1345 1979 1398 id
2030 1353 2114 1398 est

523 1454 790 1512 quartum
841 1457 1049 1496 annum
1099 1441 1311 1512 legerit,
1355 1455 1480 1495 cum
1519 1447 1664 1494 esset
1697 1433 2014 1504 coniunctio
2031 1433 2109 1486 δέ.

524 1537 595 1587 At
623 1532 882 1602 Keplcrus
900 1534 954 1586 in
974 1529 1182 1601 Eclogis
1205 1529 1556 1599 Phlegontem
1587 1526 1898 1596 suspicatur
1921 1525 1987 1578 de
2005 1523 2112 1578 alia

527 1623 664 1678 solis
693 1623 884 1692 eclipsi
913 1622 1178 1687 locutum,
1225 1635 1348 1690 quae
1380 1633 1525 1672 anno
1566 1619 1742 1688 primo
1781 1611 2114 1692 olymp.292

453 1767 472 1786 .
527 1681 968 1786 contigitiNov.
1023 1681 1176 1778 xxiv,
1225 1681 1372 1767 anno
1417 1681 1639 1766 Juliano
1670 1708 1759 1776 74,
1801 1681 2110 1778 quau—lucio

527 1807 682 1871 Asia,
709 1807 796 1862 vel
831 1807 988 1878 Syria
1026 1806 1212 1862 totalis
1241 1805 1364 1871 fuit,
1393 1805 1528 1858 hora
1557 1817 1686 1868 una,
1715 1814 1878 1870 atque
1937 1799 2111 1854 altera

2217 641 2404 680 verum
2443 628 2632 680 incidit
2667 628 2721 680 in
2746 627 2924 680 Martii
2955 643 3032 690 ix,
3067 625 3218 682 horis
3251 640 3278 676 v
3301 641 3426 680 cum
3453 625 3658 678 triente
3689 623 3820 678 fere

2215 733 2244 770 a
2281 717 2456 769 media
2511 727 2689 780 nocte,
2741 727 2869 772 octo
2905 718 3125 772 circiter
3174 717 3324 770 horis
3381 723 3504 784 post
3553 713 3812 768 mediam

2211 806 2677 873 conjunctiouem,
2711 821 2834 876 qua:
2859 821 3040 860 veram
3068 805 3380 868 antecessit,
3405 805 3458 857 in
3487 801 3818 856 meridiano

2212 891 2730 965 l-lierosolymitano.
2767 894 2950 961 Quare
3001 895 3198 948 falsum
3251 904 3338 948 est
3377 893 3536 948 tertio
3567 891 3814 946 demum

2210 986 2320 1049 die,
2343 989 2445 1042 hoc
2465 997 2549 1042 est
2577 1005 2652 1043 xu
2680 987 2879 1052 Martii,
2911 989 3256 1050 neomcuiam
3283 1001 3406 1040 esse
3427 984 3690 1040 deﬁxam.

2280 1078 2400 1132 Col.
2427 1078 2532 1132 933
2565 1079 2624 1132 C.
2651 1079 2878 1148 Πάσχει
2901 1077 2967 1131 δὲ
2983 1079 3050 1131 ἐν
3067 1077 3138 1146 τῇ
3155 1077 3266 1146 πρὸ
3277 1075 3616 1144 δεκατριῶφκ
3640 1073 3812 1128 Nulla

2216 1167 2434 1238 Sibylla:
2457 1166 2606 1234 folia,
2635 1185 2808 1238 neque
2839 1167 3100 1238 Sphingis
3139 1168 3426 1236 aenigmata
3449 1182 3574 1219 cum
3595 1179 3812 1219 eorum

2214 1275 2338 1328 qua:
2359 1269 2661 1328 sequuntur
2685 1260 3020 1314 obscuritate
3035 1257 3271 1314 conferri
3289 1267 3514 1327 possunt
3535 1275 3550 1310 :
3583 1273 3719 1326 quae
3735 1271 3814 1312 ne

2213 1349 2302 1404 ille
2339 1349 2558 1419 quidem
2607 1351 3016 1404 eruditissimus
3045 1349 3464 1404 mathematicus
3499 1359 3812 1403 assecutus

2212 1451 2322 1506 est,
2349 1441 2440 1512 qui
2467 1443 2610 1496 hunc
2631 1442 2844 1512 cyclum
2873 1442 3230 1496 solertissime
3251 1441 3564 1496 declaravit.
3591 1442 3650 1494 In
3699 1441 3816 1508 pri-

2213 1531 2318 1585 mis
2341 1531 2485 1584 euim
2511 1529 2728 1587 Iudaeos
2755 1530 2832 1584 ait
2859 1530 3182 1602 ὑπερϐάσει,
3209 1531 3310 1586 hoc
3325 1540 3408 1584 est
3435 1531 3814 1584 translatione

2214 1620 2424 1676 Pascha
2445 1621 2820 1688 submovisse;
2847 1621 3126 1676 Christum
3155 1636 3284 1676 vero
3313 1636 3531 1690 passum
3551 1620 3688 1674 luna
3711 1635 3814 1673 xw

2214 1712 2504 1780 νυκτερινῇ
2525 1709 2684 1780 μέσῃ.
2705 1711 2916 1780 Optime
2935 1707 3394 1780 Kepleruslunam
3413 1709 3500 1763 hic
3511 1707 3814 1762 Nicatnam

2213 1801 2486 1869 intelligit.
2535 1799 2738 1856 Passus
2777 1809 2858 1854 est
2905 1811 3114 1864 autem,
3149 1809 3208 1854 ut
3233 1803 3404 1854 credit
3429 1799 3812 1870 Epiphanius,

529 1905 658 1951 ante
685 1871 984 1952 meridiem.
1012 1895 1166 1962 Quod
1189 1911 1316 1950 cum
1361 1895 1674 1958 Africanus,
1701 1899 1754 1946 et
1780 1892 1870 1944 alii
1898 1891 1963 1942 ad
1988 1903 2110 1944 eam
2141 1871 2185 1928 Β
2219 1909 2318 1946 xm
2351 1892 2470 1947 Kal.
2503 1894 2655 1962 Apr.,
2687 1893 2738 1946 id
2765 1903 2850 1948 est
2883 1892 3056 1947 Martii
3083 1910 3172 1946 xx.
3207 1893 3368 1962 Atqui
3401 1894 3529 1946 luna
3559 1901 3680 1946 tum
3711 1892 3814 1946 Pii-

529 1987 894 2058 olympiadem
918 2027 931 2048 .
967 2003 1078 2058 qua
1129 2002 1323 2056 passus
1371 1995 1457 2040 est
1495 1983 1782 2046 Dominus,
1817 1983 2111 2036 convenire

529 2087 832 2140 cernerent.
863 2079 1005 2134 idem
1037 2080 1168 2132 illud
1189 2067 1502 2146 'deliquium
1537 2076 1668 2130 solis
1705 2089 1827 2129 esse
1854 2075 1954 2128 sibi
1991 2087 2112 2142 pcr-

529 2180 850 2236 suaserunt,
881 2171 1046 2239 quod,
1078 2169 1302 2224 Christo
1329 2167 1594 2238 patiente,
1641 2174 1834 2234 praeter
1855 2173 2108 2216 naturam

529 2269 806 2318 evenerat.
835 2261 1124 2317 Postremo
1157 2275 1284 2315 cum
1315 2260 1575 2315 obductio
1601 2259 1689 2310 illa
1715 2257 1854 2310 lucis
1887 2267 2111 2308 natura—

529 2353 597 2408 lis
629 2369 736 2408 non
779 2352 967 2418 fuerit,
993 2367 1172 2420 neque
1195 2365 1262 2404 ex
1301 2348 1704 2404 mathematicis
1727 2347 1926 2401 tabulis
1957 2347 2111 2398 inda—

529 2445 646 2512 gari
671 2441 928 2514 potuerit,
963 2457 1070 2496 non
1102 2441 1321 2495 aliunde
1351 2439 1694 2509 Phlegou,-si
1725 2437 1844 2506 ejus
1873 2435 2108 2490 tuentiu-

529 2551 654 2591 nem
690 2536 888 2606 attigit,
923 2551 1094 2604 quam
1142 2551 1208 2589 ex
1249 2535 1482 2590 aliorum
1525 2534 1906 2588 testiﬁcatione
1961 2532 2107 2584 illam

527 2628 838 2695 comperit:
875 2625 930 2679 in
961 2639 1070 2695 quo
1103 2624 1261 2680 facile
1288 2625 1444 2680 locus
1479 2625 1652 2678 errori
1691 2621 1814 2686 fuit,
1859 2629 1916 2676 ut
1973 2623 2110 2674 alter

529 2734 630 2788 pro
665 2719 838 2772 altero
889 2733 1070 2772 anuus
1121 2719 1191 2771 ab
1241 2733 1308 2771 eo
1359 2717 1812 2772 substitueretur.
1849 2713 2006 2768 Aliud
2041 2729 2108 2768 ex

528 2807 774 2880 Dionysii
808 2808 1146 2878 Areopagitae
1181 2807 1408 2863 historia
1432 2809 1572 2864 solet
1604 2806 1792 2876 objici.
1831 2805 1928 2859 llic
1961 2805 2104 2858 enim

529 2898 688 2968 epist.
733 2915 811 2954 vn
861 2899 930 2953 ad
967 2895 1324 2969 Polycarpum
1361 2913 1642 2968 exponens
1671 2915 1792 2968 (pne
1833 2899 1950 2966 ipso
1981 2896 2110 2950 Pas-

529 2990 706 3045 siouis
737 2995 982 3060 tempore
1013 3005 1139 3044 cum
1170 2991 1547 3059 Apollophane
1579 2988 1846 3058 Heliopoli
1875 2988 2105 3050 viderat,

529 3080 888 3149 plenilunium
916 3091 1047 3136 tunc
1091 3081 1262 3136 fuisse
1303 3082 1596 3150 signiﬁcat.
1639 3079 1772 3133 Nam
1815 3087 1936 3149 post
1973 3077 2108 3132 ccli-

527 3171 676 3242 psin,
709 3173 804 3226 καὶ
833 3173 932 3243 τὴν
960 3173 1378 3243 ἐπιπρόσοηςιν,
1408 3173 1488 3234 εἰς
1515 3173 1576 3224 τὸ
1607 3171 1701 3224 τοῦ
1737 3171 1886 3242 ἡλίου
1916 3170 2108 3240 διάμε-

523 3282 655 3336 τρον
677 3263 1136 3334 ἀντικαταστῆναι
1171 3264 1357 3318 lunam
1393 3263 1612 3327 asserit,
1647 3263 1750 3316 hoc
1776 3273 1858 3316 est
1883 3263 1938 3314 in
1977 3276 2104 3314 eum

527 3355 651 3411 (εωΙὶ
709 3355 892 3410 locum
944 3355 1279 3421 pervenisse,
1311 3355 1405 3423 qui
1441 3369 1471 3408 e
1509 3353 1776 3408 diametro
1825 3351 1992 3406 solem
2025 3367 2111 3405 re-

525 3446 782 3515 spiceret.
805 3445 908 3502 Sed
940 3461 1002 3503 es
1047 3445 1152 3498 illis
1192 3445 1440 3515 Dionysii
1463 3445 1641 3498 verbis
1663 3443 1798 3497 nihil
1831 3444 1898 3498 de
1937 3443 2111 3512 pleni-
2143 3433 2158 3448 “

525 3537 692 3590 linito
727 3536 1034 3606 colligitur;
1088 3544 1146 3591 ut
1203 3535 1349 3592 enim
1419 3535 1604 3588 lunam
1651 3543 1782 3588 tunc
1829 3535 2112 3604 ἀμφίκυρ-

523 3641 618 3678 τον
649 3625 818 3682 fuisse
855 3628 1067 3692 demus,
1092 3643 1216 3681 cum
1247 3643 1308 3682 ea
1351 3633 1476 3697 post
1498 3625 1894 3695 ὲπιπρόσϐησιν
1931 3625 2111 3694 pristi-

525 3729 660 3768 num
692 3714 758 3768 ad
787 3713 966 3769 locum
1017 3704 1414 3786 regrederetur,
1447 3729 1542 3787 per
1569 3729 1687 3767 eam
1721 3713 1844 3768 coeli
1871 3714 2106 3784 plagam,

527 3821 652 3876 quae
684 3807 786 3861 soli
819 3821 886 3860 ex
903 3807 1133 3861 adverso
1166 3817 1287 3862 erat
1315 3805 1584 3876 opposita,
1621 3805 1906 3858 transiisse
1929 3804 2107 3858 solum

525 3899 753 3964 dicitur,
794 3913 902 3952 non
933 3903 984 3952 in
1023 3913 1086 3952 ea
1113 3899 1450 3955 constitisse.
1477 3898 1608 3954 Plus
1637 3897 1782 3953 enim
1821 3895 2109 3949 dimidiato

529 3991 665 4048 orbe
707 3993 996 4061 percurrit.
1041 3991 1311 4057 Quocirca
1343 3992 1479 4046 nihil
1511 3993 1758 4062 estquod
1795 3988 2106 4060 Epiphanii,

525 4083 772 4152 adeoque
813 4085 1093 4139 communi
1143 4083 1494 4152 antiquorum
1541 4081 1766 4136 Patrum
1823 4091 2108 4137 sententia:

525 4173 756 4230 (le-vero
808 4175 1092 4231 Passionis
1124 4191 1270 4231 anno
1304 4178 1580 4247 negotium
1627 4175 1887 4230 facessat.
1949 4173 2106 4230 Nunc

523 4267 769 4322 auctoris
820 4267 984 4322 verba
1037 4267 1356 4338 singillatim
1389 4269 1798 4337 expendemus;
1842 4269 1885 4322 si
1928 4269 2102 4336 prius,

449 4389 462 4402 -
523 4358 671 4430 quod
725 4360 1116 4430 propemodum
1143 4361 1443 4425 exciderat,
1499 4359 1714 4416 Onufrii
1752 4377 1820 4416 ex
1867 4361 2105 4416 Gaurico

523 4451 854 4507 sententiam
917 4452 984 4506 de
1035 4451 1243 4508 Christi
1295 4449 1560 4507 Passione
1619 4452 1952 4506 refellamus.
2005 4451 2108 4509 Hic

2215 1999 2385 2048 caena,
2428 1985 2618 2040 eodem
2649 1985 2955 2054 Epiphanio
2985 1995 3230 2046 auctore,
3271 1985 3372 2039 fuit
3407 2002 3526 2052 xm,
3567 1987 3679 2039 sub
3715 2001 3814 2040 ve-

2213 2092 2430 2146 speram
2472 2087 2652 2130 autem
2686 2079 2850 2146 (ωνὶι
2883 2093 2994 2140 xw,
3031 2093 3154 2130 cum
3195 2077 3248 2130 in
3280 2079 3432 2147 cyclo
3455 2075 3696 2130 Judaico
3726 2077 3812 2128 vi-

2211 2171 2354 2226 tioso
2380 2181 2528 2246 esset
2563 2187 2653 2234 xv,
2689 2181 2951 2240 sequente
2981 2187 3094 2226 xvn.
3124 2170 3228 2225 Sed
3251 2170 3372 2222 καθ’
3401 2167 3714 2238 ὑπέρϐασιν
3739 2169 3812 2222 ab

2215 2259 2409 2312 iisdem
2456 2275 2541 2310 xlv
2585 2257 2725 2311 facta
2767 2269 2869 2320 est,
2905 2275 3028 2311 cum
3061 2258 3116 2310 in
3149 2273 3269 2312 eam
3303 2256 3511 2311 Pascha
3545 2257 3810 2326 ll‘athiS-

2213 2358 2354 2405 sent.
2387 2349 2588 2404 Verum
2631 2351 2696 2404 de
2741 2353 2843 2404 hac
2889 2351 3191 2420 posteriore
3219 2350 3390 2418 accipi
3425 2365 3532 2403 non
3563 2359 3760 2418 potest
3791 2369 3806 2402 :

2213 2443 2340 2510 quia
2372 2443 2691 2513 νυκτερινήν
2715 2443 2864 2497 illam
2897 2451 3070 2497 vocat.
3089 2439 3294 2496 ludatis
3321 2457 3447 2496 vero
3473 2449 3596 2510 post
3629 2442 3806 2510 μετά-

2214 2535 2370 2588 6ππιν
2395 2551 2478 2588 xiv
2507 2535 2667 2588 desiit
2689 2536 2742 2588 in
2771 2553 2865 2590 xv:
2889 2537 3116 2606 ideoque
3147 2535 3249 2589 fuit
3273 2536 3504 2606 ἡμερινή
3537 2551 3626 2588 xv.
3651 2533 3806 2589 Fieri

2213 2633 2414 2692 potest,
2447 2627 2962 2680 utememlationem
2987 2628 3076 2680 hic
3107 2629 3259 2682 locus
3287 2628 3486 2696 potius,
3511 2643 3682 2694 quam
3715 2628 3806 2679 in-

2211 2717 2656 2783 terpretationem
2687 2719 2961 2784 requirat:
2989 2707 3384 2786 legendumque
3405 2719 3508 2779 sit;
3537 2733 3804 2785 τρισκαι-

2210 2805 2410 2874 δεκάτη
2435 2807 2666 2877 ἡμερινὴ
2701 2809 2864 2878 μέσηυ
2907 2809 3008 2862 hoc
3029 2819 3112 2862 est
3142 2811 3264 2861 iuna
3293 2823 3410 2868 xui.
3435 2823 3556 2875 qua:
3579 2809 3649 2859 ab
3673 2817 3802 2860 ortu

2213 2898 2346 2952 Solis
2379 2899 2586 2968 incipit,
2623 2901 2858 2966 labente,
2894 2900 3004 2974 imo
3039 2899 3350 2969 μεσαζούσῃ
3381 2899 3484 2952 suh
3509 2899 3802 2962 meridiem

2211 2990 2464 3044 videlicet
2513 2990 2641 3056 diei,
2691 3005 2800 3059 quo
2842 2991 3073 3044 civiliter
3127 3007 3224 3044 xm
3268 2990 3395 3042 luna
3445 2998 3802 3042 numeratur.

2211 3081 2366 3145 Quod
2403 3081 2508 3136 uisi
2535 3081 2606 3134 ita
2634 3093 2738 3146 est,
2771 3081 2906 3134 nihil
2947 3083 3185 3136 occurrit
3225 3081 3424 3148 aptius,
3452 3095 3618 3148 quam
3645 3079 3801 3149 quod

2217 3169 2446 3239 Keplero
2486 3171 2711 3240 placuit,
2754 3172 3020 3226 decimam
3068 3183 3312 3241 quartam
3355 3169 3654 3232 Nicacuam,
3705 3185 3801 3224 vo-

2169 3249 2182 3268 ¹
2215 3262 2331 3316 cari
2373 3277 2505 3328 xm;
2547 3262 2692 3331 quod
2737 3263 2787 3316 in
2839 3278 2958 3316 eam
2993 3273 3208 3316 noctem
3239 3263 3470 3324 desinat,
3503 3279 3528 3313 a
3561 3277 3670 3330 qua
3707 3277 3802 3314 xiv

2213 3351 2428 3404 initium
2463 3353 2706 3420 acet-pit:
2739 3353 3198 3420 quemadmodum
3223 3353 3340 3406 dies
3371 3353 3704 3420 Azymorum
3731 3351 3802 3403 ab

2211 3443 2561 3512 evangelistis
2595 3441 2894 3498 Parasccve
2937 3447 3050 3512 ipsa
3089 3443 3394 3508 Paschalis,
3437 3443 3548 3497 sive
3581 3442 3800 3495 decima

2211 3542 2406 3602 quarta
2449 3534 2655 3590 mensis
2691 3535 2995 3604 appellatur
3023 3535 3164 3588 κατὰ
3195 3533 3483 3605 πρόληψιν.
3537 3532 3644 3586 Sed
3675 3541 3799 3584 tum

2215 3625 2356 3696 μέση
2393 3641 2518 3691 vox,
2551 3627 2596 3680 si
2625 3626 2904 3680 meridiem
2933 3625 3221 3695 signiticet.
3253 3641 3446 3693 parum
3469 3633 3592 3692 apte
3609 3623 3800 3677 cohae-

2211 3716 2371 3771 rebit.
2407 3715 2521 3770 Non
2554 3717 2698 3770 enim
2733 3725 2818 3772 est
2855 3715 3142 3787 νυκτερινὴ
3185 3715 3348 3785 μέση,
3399 3730 3519 3784 quae
3569 3713 3800 3767 nonnisi

2211 3817 2338 3878 post
2364 3823 2646 3878 vesperam
2676 3809 2860 3878 carpit.
2909 3807 3014 3864 Sed
3058 3823 3237 3877 neque
3269 3807 3476 3860 medios
3509 3805 3578 3859 ad
3611 3815 3802 3861 motus

2211 3903 2612 3957 astronomicos
2655 3917 2775 3956 mea
2825 3903 3096 3956 sententia
3145 3901 3384 3970 respexit
3430 3897 3800 3968 Epiphanius.

2212 3993 2576 4060 Quamobrem
2603 3995 2663 4047 τὸ
2695 3995 2833 4066 μέση
2860 3995 3050 4050 abesse
3077 4011 3172 4064 per
3195 4009 3280 4047 me
3307 3993 3526 4063 quidem
3555 4001 3762 4059 potest.

2283 4085 2420 4140 ibid.
2449 4087 2795 4154 Προέλαϐον
2826 4087 2956 4156 γὰρ,
2996 4087 3092 4140 καὶ
3113 4086 3360 4156 ἔφαγον.
3382 4085 3481 4140 Hic
3507 4087 3595 4139 ille
3619 4086 3804 4141 nodus

2208 4189 2292 4235 est
2310 4177 2704 4250 propemodum
2719 4177 2884 4232 incxt:
2901 4179 3133 4241 icahilis,
3149 4193 3310 4246 quem
3330 4177 3684 4232 acutissimus
3705 4177 3804 4232 ille

2209 4272 2630 4327 mathematicus
2675 4285 2784 4326 non
2817 4255 3088 4324 dissolvit.
3133 4267 3225 4323 Sic
3269 4269 3414 4322 enim
3462 4269 3804 4336 interpreta-

2209 4371 2297 4418 tur
2331 4384 2342 4418 :
2375 4364 2630 4419 Christus
2665 4379 2788 4438 cum
2823 4362 3027 4419 Judaeis
3053 4362 3386 4433 quibusdam
3417 4359 3630 4415 Pascha
3659 4359 3808 4416 obiit

2210 4454 2337 4507 luna
2374 4453 2600 4509 .Iudaica
2635 4455 2831 4508 vitiosa
2874 4471 2962 4508 xiv
2999 4463 3252 4518 exeunte,
3286 4452 3511 4510 Nicaeua
3541 4467 3642 4516 xu,
3683 4451 3804 4507 hoc

521 4541 670 4596 enim
709 4557 835 4596 cum
869 4559 1013 4598 anno
1041 4559 1165 4598 atrae
1191 4541 1544 4614 Dionysiame
1575 4543 1644 4598 54
1669 4545 1816 4599 illam
1842 4546 2106 4600 accidiSse
2134 4561 2184 4619 Β
2217 4555 2302 4598 est
2327 4560 2414 4596 xlv
2447 4543 2568 4600 Kal.
2611 4547 2765 4614 Apr.,
2798 4546 2969 4614 pridie
3013 4546 3134 4615 ejus
3175 4546 3280 4600 diei
3317 4561 3428 4614 quo
3453 4559 3651 4614 passus
3681 4551 3802 4599 est.

521 4636 828 4699 continuet,
859 4633 1038 4690 Martii
1068 4651 1218 4701 xxvr,
1243 4637 1372 4690 luna
1403 4653 1558 4704 xvm,
1593 4653 1716 4708 qua:
1750 4640 2106 4694 antecedente

523 4739 751 4794 vespera
777 4725 892 4795 jam
941 4727 1197 4782 inchoata
1231 4726 1432 4795 fuerat,
1473 4727 1692 4785 Judaeos
1731 4733 1928 4787 asserit
1970 4747 2103 4786 neo-

521 4815 760 4871 meniam
791 4833 900 4872 non
921 4833 951 4871 a
985 4817 1134 4872 coitu
1163 4817 1536 4886 luminarium,
1577 4821 1670 4876 sed
1706 4837 1736 4876 a
1771 4823 2104 4878 corniculata

520 4905 698 4978 cliigie
725 4909 983 4977 cwpisse,
1032 4911 1136 4964 hoc
1159 4917 1246 4964 est
1265 4909 1426 4965 tertio
1457 4911 1545 4966 die
1571 4921 1690 4981 post
1723 4915 2063 4968 novilunium
2087 4932 2100 4945 -

518 4997 670 5068 quod
703 5015 758 5053 ix
788 5001 877 5054 die
909 4997 1087 5054 Martii
1121 5001 1268 5056 circa
1299 5001 1432 5058 solis
1457 5017 1713 5059 occasum
1745 5007 2102 5062 commissum

519 5099 624 5146 est.
682 5089 838 5145 Unde
891 5091 1070 5146 civilis
1122 5108 1312 5148 eorum
1362 5097 1648 5152 neomeuia
1699 5096 1807 5150 ἀπὸ
1858 5099 1956 5169 τῆς
1996 5101 2104 5168 φά-

521 5195 662 5243 σεως
695 5180 818 5236 iuiit
851 5179 1036 5235 Martii
1062 5197 1160 5236 xu.
1192 5181 1363 5252 Igitur
1401 5185 1612 5240 decima
1652 5187 1843 5257 quinta
1875 5189 2104 5243 incurrit

519 5271 574 5328 in
604 5287 728 5326 xxvr
754 5270 952 5326 Martii.
980 5271 1106 5328 Hac
1138 5271 1424 5331 Onuirius.
1460 5275 1593 5343 Quae
1618 5293 1744 5333 cum
1774 5295 1840 5334 ex
1873 5279 2102 5335 Judaica

517 5361 768 5416 doctrina
795 5361 1048 5417 hausisse
1086 5377 1146 5418 se
1171 5363 1512 5434 proﬁteatur,
1547 5365 1782 5420 multum
1809 5375 1994 5423 tamen
2031 5369 2100 5425 ab

517 5467 582 5508 ea
605 5451 940 5522 discrepant.
965 5451 1150 5525 Neque
1183 5455 1330 5510 enim
1371 5459 1664 5513 neomenia
1695 5475 1821 5514 cum
1851 5461 1960 5514 ἀπὸ
1997 5462 2098 5533 τῆς

515 5544 734 5614 φάσεως
767 5546 1208 5616 constitueretur,
1233 5551 1410 5604 triduo
1435 5551 1506 5605 ab
1526 5567 1654 5608 vero
1685 5553 1829 5608 coitu
1855 5571 2096 5625 unquam

516 5636 713 5703 abfuit,
747 5637 841 5693 sed
887 5655 997 5694 uno
1019 5639 1088 5694 ad
1143 5655 1412 5697 summam
1449 5643 1537 5698 die
1563 5653 1687 5713 post
1740 5645 1890 5699 illum
1921 5648 2098 5704 civilis

517 5729 801 5786 neomenia
829 5730 1140 5786 denuntiari
1191 5734 1420 5797 solebat,
1450 5745 1510 5790 ut
1560 5751 1624 5790 ex
1657 5735 1724 5801 Β.
1761 5737 1910 5794 Mose
1963 5756 2098 5794 con-

515 5828 643 5878 ﬁat.
680 5819 754 5876 De
775 5835 886 5892 quo
918 5823 1039 5879 vide
1071 5823 1323 5882 Glossam
1355 5843 1476 5899 cap.
1519 5829 1544 5883 1
1601 5827 1895 5885 Kidduscli.
1931 5832 2094 5904 Atqui

2209 4635 2384 4690 Biduo
2437 4637 2604 4706 igitur
2637 4637 2914 4691 Nieaeuam
2956 4639 3142 4692 lunam
3194 4638 3532 4706 anticipatit.
3581 4635 3804 4690 idcirco

2210 4729 2532 4801 προέλαϐον,
2568 4733 2742 4798 inquit
2769 4731 3126 4801 Epiphanius,
3159 4733 3252 4784 καὶ
3274 4731 3474 4800 ἔφαγον
3507 4729 3567 4783 τὸ
3595 4729 3804 4799 Πάσχα

2207 4821 2375 4875 biduo
2404 4831 2528 4876 ante
2555 4823 2854 4890 legitimum
2883 4833 3117 4890 tempus,
3151 4822 3296 4892 quod
3315 4830 3432 4875 erat
3455 4835 3542 4873 xiv
3569 4817 3802 4873 Nicaeus

2208 4913 2407 4968 cadens
2439 4913 2490 4966 in
2523 4929 2598 4966 xu
2635 4911 2748 4966 Kal.
2774 4912 2941 4976 Quasi
2966 4913 3077 4966 hinc
3101 4915 3287 4977 verba,
3312 4911 3631 4984 προέλαϐον,
3659 4921 3800 4976 etc.,

2207 5019 2313 5056 non
2365 5001 2432 5057 de
2471 5001 2674 5057 Iudaeis
2717 5003 2973 5058 omnibus
3019 5002 3336 5072 accipienda
3381 5001 3523 5064 sint,
3577 5001 3673 5055 sed
3727 5001 3802 5055 de

2205 5095 2422 5150 Christo
2449 5104 2504 5150 et
2531 5096 2815 5165 apostolis,
2850 5111 2914 5149 ac
2945 5095 2990 5150 si
3039 5095 3132 5162 qui
3163 5104 3291 5149 sunt
3321 5093 3436 5159 alii,
3477 5091 3572 5161 qui
3615 5092 3800 5161 majo-

2205 5200 2326 5238 rum
2361 5187 2501 5240 ritus
2529 5187 2960 5240 observaverint.
2995 5183 3131 5238 Nam
3162 5184 3308 5253 quod
3340 5183 3406 5237 ad
3451 5179 3672 5235 Judaeos
3703 5197 3802 5234 re-

2203 5275 2386 5347 liquos
2413 5277 2626 5344 attinet,
2655 5275 2868 5332 Pascha
2898 5292 3057 5331 suum
3089 5277 3143 5330 in
3173 5283 3450 5345 posterum
3479 5272 3645 5334 dicm,
3683 5271 3800 5326 hoc

2203 5379 2285 5425 est
2308 5385 2406 5424 xm
2435 5369 2703 5440 Kal.,quo
2743 5385 2940 5439 passus
2969 5378 3055 5425 est
3083 5367 3360 5434 Christus,
3389 5367 3511 5420 καθ’
3543 5364 3798 5436 ὑπέρδα-

2205 5479 2287 5515 σιν
2330 5465 2684 5534 trajecerunt.
2733 5465 2888 5520 Unde
2921 5479 3029 5518 non
3059 5465 3248 5528 biduo,
3299 5471 3360 5516 ut
3399 5462 3512 5524 alii,
3543 5460 3639 5514 sed
3673 5474 3799 5512 uno

2203 5565 2416 5612 tantum
2445 5557 2532 5611 die
2561 5555 2839 5611 Nicaenam
2887 5573 2975 5612 xiv
3017 5557 3474 5625 anticipaverunt,
3513 5551 3644 5622 quia
3681 5547 3798 5605 Ju-

2193 5647 2361 5703 daica-
2389 5648 2585 5700 vitiosa
2629 5663 2716 5710 xv,
2767 5645 2983 5700 Mea-na
3033 5659 3132 5698 xm
3183 5643 3550 5698 celebrarunt.
3601 5637 3802 5706 Quare

2201 5740 2422 5810 scripsit
2469 5738 2829 5809 Epiphanius,
2893 5735 3351 5807 ὑπερϐεϐηκότων
3409 5733 3588 5788 αὐτῶν
3655 5733 3800 5802 μίαν

2201 5830 2433 5903 ἡμέραν·
2467 5832 2614 5902 quod
2645 5841 2698 5888 ct
2736 5831 2936 5901 reperit
2968 5846 3120 5888 num.
3155 5829 3241 5886 '27.
3285 5830 3484 5887 Verum
3521 5827 3674 5899 quod
3701 5843 3802 5884 se~
