4054 6404
309 408 418 468 981
1244 424 1333 478 DE
1372 408 1573 483 ANNO'
1600 428 1688 485 ET
1729 430 1840 486 DIE
1899 431 2251 491 DOMlNlCIE
2291 435 2671 493 PASSIONIS.
3494 418 3601 498 ὁδε

310 528 540 628 alimur.
574 527 711 586 feria
744 534 903 628 tertia
934 533 1145 595 Pascha
1167 545 1494 614 comedisse,
1522 550 1666 618 quod
1698 551 1836 609 feria
1866 570 1899 609 v
1927 562 1976 621 Λ
2002 555 2111 612 hoc
2142 565 2329 613 tamen
2360 557 2675 628 signiﬁcare
2724 556 2959 622 videtur,
3007 554 3227 614 J‘udams
3280 559 3595 622 nonnullos,

311 616 523 710 factum
550 625 812 691 oportuit,
845 626 900 681 in
932 642 1097 698 quam
1132 648 1222 687 xtv
1253 636 1382 691 luna
1423 616 1691 710 (Judalca,
1731 653 1787 699 et
1824 646 1905 700 vi-

309 708 483 806 tiosa)
510 725 864 779 convenerat,
901 735 1097 789 parum
1133 725 1234 780 sibi
1269 708 1525 787 constare
1561 745 1747 791 censet
1775 735 1905 806 Epi-

311 800 621 871 phanium;
657 807 750 876 qui
784 808 1006 879 quidem
1036 814 1173 870 feria
1204 819 1358 873 tertia
1389 820 1666 879 Christum
1691 800 1902 883 Pascha

310 890 595 961 peregisse
616 896 763 962 velit,
788 913 913 954 cum
936 901 1067 957 luna
1089 903 1142 957 in
1168 921 1257 959 xtv
1278 911 1612 975 praestiterit.
1640 912 1736 970 Est
1755 917 1899 972 enim

311 989 508 1036 contra
539 980 821 1055 Evangelii
853 988 1036 1057 fidem,
1084 991 1363 1052 Christum
1403 998 1542 1055 feria
1586 1017 1648 1058 ιιι
1692 1002 1906 1062 Pascha

312 1072 643 1131 celebrasse.
692 1075 983 1149 Propterea
1028 1084 1103 1139 ita
1143 1088 1536 1160 corrigendum
1569 1095 1850 1152 existimat
1884 1116 1898 1153 :

312 1160 595 1221 Christum
626 1168 678 1223 id
709 1170 884 1240 egisse
909 1173 1042 1230 feria
1066 1192 1119 1244 ν,
1153 1180 1298 1249 quod
1327 1186 1629 1251 oportuerit
1664 1204 1760 1244 vtt.
1787 1190 1902 1261 Ego

310 1269 449 1345 vero
481 1273 607 1314 cum
648 1263 894 1319 nondum
933 1268 1244 1337 suspicarer
1280 1272 1644 1345 Epiphanium
1675 1281 1783 1336 alio
1816 1284 1901 1338 die

313 1342 595 1403 Christum
628 1350 786 1418 velle,
818 1369 983 1423 quam
1017 1357 1153 1414 feria
1186 1376 1221 1415 v
1250 1342 1459 1420 Pascha
1481 1382 1643 1423 suum
1671 1370 1897 1439 obiisse,

314 1437 436 1494 haec
472 1455 594 1509 qua
618 1443 686 1498 de
715 1458 800 1512 ιιι,
832 1461 885 1501 tv
919 1450 1243 1521 ereterisqu‘e
1280 1452 1436 1513 feriis
1470 1458 1665 1528 injicit,
1698 1437 1897 1518 simili?

314 1528 525 1624 tudinis
551 1548 718 1589 causa
746 1548 1005 1608 usurpata
1035 1543 1398 1603 credideram.
1440 1547 1577 1605 Nam
1609 1554 1739 1624 quia
1766 1556 1897 1611 luna

313 1618 539 1679 Judaica
572 1641 683 1692 xtv,
715 1625 934 1685 Nicmna
961 1646 1093 1689 vero
1121 1650 1199 1689 χιι
1238 1618 1643 1708 celebraverat;
1676 1654 1735 1700 ut
1775 1644 1903 1702 cant'

314 1712 453 1804 cycli
498 1717 819 1785 pravitatem
851 1722 1026 1777 oculis
1052 1724 1368 1794 subjiceret,
1409 1730 1558 1787 hunc
1584 1733 1639 1787 in
1676 1738 1894 1804 modum

315 1803 598 1861 declarare
636 1808 914 1866 voluisse:
941 1814 1163 1882 perinde
1198 1817 1343 1873 istud
1383 1835 1524 1886 esse,
1562 1838 1626 1879 ac
1653 1803 1701 1880 si
1727 1825 1898 1898 finga-

314 1909 443 1950 mus
478 1895 768 1954 Iudaicum
804 1904 1018 1974 cyclum
1049 1908 1163 1961 vitii
1197 1910 1331 1963 nihil
1363 1911 1643 1981 habuisse,
1680 1895 1900 1974 revera-
1933 1913 1975 1967 Β
2005 1895 2108 1979 hoc
2156 1923 2322 1980 modo
2370 1925 2753 1981 constituenda

312 2000 424 2054 que
445 1986 632 2043 lunam
659 2007 752 2046 xtv
788 1992 1064 2050 Nicaeuaut
1094 1997 1149 2051 itt
1179 1998 1360 2055 Martii
1397 2018 1489 2058 xtx
1524 2004 1805 2074 incidisse,
1834 2024 1898 2066 ac

313 2085 433 2131 tum
461 2079 760 2149 cogitemus
789 2082 1070 2141 Christum
1100 2089 1268 2145 biduo
1294 2091 1441 2148 illam
1470 2104 1899 2155 antevertentetn

314 2179 407 2220 xvt
433 2164 555 2223 Kal.
586 2169 702 2225 sive
718 2170 897 2227 Martii
926 2191 1039 2231 xvu
1072 2176 1277 2235 Pascha
1298 2182 1786 2252 comedisse,.feria
1810 2204 1895 2255 ttt,

312 2257 464 2325 quod
494 2256 627 2314 feria
655 2276 706 2324 v,
744 2261 849 2317 hoc
878 2272 962 2319 est
986 2265 1165 2321 Martii
1199 2285 1311 2334 xtx,
1344 2269 1456 2325 fieri
1487 2269 1896 2331 decebat.'Tatn

313 2360 446 2415 ergo
472 2347 666 2403 vitiose
689 2351 878 2420 cyclus
900 2353 991 2407 ille
1020 2352 1284 2413 Iudaicus
1314 2358 1682 2417 deeimononn
1717 2362 1897 2420 Martii

313 2432 498 2491 lunam
538 2454 630 2493 tttv
663 2441 913 2497 exhibuit
943 2462 956 2499 :
985 2454 1208 2517 tamque
1233 2449 1517 2506 abnormis
1545 2467 1575 2507 a
1604 2469 1732 2509 vero
1755 2455 1900 2510 lunae

312 2527 604 2584 ratiocinio
646 2531 748 2587 fuit
789 2534 881 2590 illa
910 2551 943 2590 v
974 2536 1109 2592 feria
1157 2537 1333 2593 Martii
1379 2558 1493 2607 xtx,
1542 2559 1706 2613 quam
1740 2549 1897 2603 tertia

310 2634 441 2674 eum
467 2622 658 2690 quinta
681 2633 1032 2695 comparata;
1066 2629 1114 2683 si
1146 2629 1260 2685 haec
1286 2631 1401 2700 ipsa
1431 2631 1649 2690 Nicaena
1683 2636 1894 2693 fuisset.

311 2709 560 2781 Denique
598 2721 720 2770 tota
754 2717 869 2773 haec
910 2719 1198 2789 Epiphauii
1233 2722 1536 2792 disputatio
1574 2726 1894 2800 ὑποθετική,

308 2810 367 2856 et
395 2801 555 2871 λόγου
586 2804 748 2877 χάριν
787 2819 1067 2880 assumpta
1113 2811 1246 2867 mihi
1283 2815 1590 2870 videbatur.
1625 2816 1769 2873 Sane
1800 2836 1899 2874 ne-

310 2892 429 2960 gari
461 2908 570 2947 non
604 2903 804 2962 potest,
839 2912 1006 2966 quam
1055 2898 1104 2957 si
1132 2898 1269 2955 feria
1313 2918 1345 2957 v
1384 2904 1693 2961 celebrasse
1737 2908 1897 2963 Chris-

312 2993 460 3035 stum
494 2982 914 3054 existimaverit,
948 2988 1305 3057 probabiliter
1334 2992 1442 3048 ista
1466 2994 1739 3052 dicantur.

387 3092 586 3150 Verum
631 3097 761 3153 dum
804 3099 920 3156 haec
963 3104 1227 3160 attentius
1266 3115 1606 3176 perscrutor,
1653 3111 1896 3183 comperi

311 3186 475 3241 aliam
500 3190 834 3249 sanctissimi
866 3192 1044 3251 Patris
1066 3196 1378 3267 opinionem
1406 3197 1598 3267 fuisse,
1628 3206 1682 3257 et
1698 3201 1888 3258 falsam

311 3276 459 3332 illam
490 3280 737 3349 quidem,
780 3284 875 3339 sed
907 3285 977 3340 ab
1005 3302 1073 3342 eo
1102 3298 1286 3345 tamen
1331 3291 1624 3362 aliquoties
1653 3292 1895 3350 inculca-

312 3375 422 3421 tam
448 3384 463 3421 :
502 3369 762 3426 nimirum
793 3372 1014 3432 Iudaeos
1045 3377 1338 3450 plerosque
1369 3397 1495 3437 cum
1531 3382 1753 3441 Christo
1786 3385 1891 3441 Pa-

312 3459 447 3513 scha
472 3475 633 3515 suum
662 3464 869 3520 obiisse
899 3482 1006 3521 nou
1039 3466 1177 3523 feria
1206 3485 1260 3535 v,
1288 3472 1401 3526 sive
1426 3472 1598 3541 pridie
1619 3475 1737 3544 ejus
1761 3477 1890 3544 diei,

310 3566 421 3619 quo
453 3566 651 3621 passus
673 3563 777 3621 est,
820 3556 916 3611 sed
954 3556 1091 3612 feria
1121 3560 1300 3615 tertia.
1329 3560 1486 3627 Quod
1512 3562 1691 3632 ipsum
1714 3564 1892 3620 diser-

311 3642 538 3697 tissimis
561 3644 744 3699 verbis
773 3646 935 3701 docet
963 3648 1017 3701 in
1044 3649 1193 3704 calce
1225 3648 1455 3705 Ponat-ii
1486 3652 1674 3723 hujus,
1700 3653 1755 3709 itt
1787 3653 1895 3709 Ex-

311 3734 583 3804 positione
632 3736 962 3804 ﬁdei,.num.
1004 3740 1096 3806 22,
1146 3742 1241 3798 ubi
1278 3744 1347 3799 de
1392 3742 1647 3800 Ecclesiae
1696 3746 1893 3803 ritibus

313 3839 478 3893 agens
500 3827 749 3882 m‘eminit
770 3831 911 3884 inter
931 3838 1131 3887 caetera
1158 3833 1353 3905 jejunii
1379 3845 1609 3904 quartae,
1640 3852 1704 3892 ac
1727 3849 1894 3894 sextae

314 3915 483 3983 feriae,
520 3920 677 3988 cujus
722 3921 955 3977 instituti
1000 3939 1226 3980 causam
1273 3928 1494 3997 aperit:
1563 3928 1894 4003 Ἐπειδήπερ

313 4009 700 4080 ἐπιφωσκούσῃ
747 4012 962 4085 τετράδι
1005 4016 1315 4090 συνελήφθη
1340 4019 1389 4093 Δὸ
1434 4018 1658 4090 Κύριος,
1689 4020 1785 4074 καὶ
1814 4020 1894 4092 τῷ

316 4098 680 4171 προσαϐϐάτῳ
733 4102 1077 4176 ἐσταυρώθη.
1133 4107 1399 4171 Quoniam
1448 4110 1659 4164 ineunte
1698 4120 1895 4180 quarta

314 4189 451 4260 feria
482 4193 884 4261 comprehensus
931 4207 1009 4250 est
1060 4198 1338 4264 Dominus,
1373 4213 1422 4256 et
1462 4203 1599 4271 feria
1647 4221 1678 4259 v
1720 4207 1895 4259 cruci-

315 4282 474 4345 ﬁxus.
512 4282 632 4349 Quo
663 4286 841 4354 posito
877 4303 1221 4359 consequens
1258 4300 1361 4357 est,
1395 4294 1676 4351 Christum
1705 4312 1769 4352 ea
1796 4313 1895 4353 tto-

315 4383 418 4440 cte,
449 4392 571 4446 quae
599 4375 787 4433 feriam
828 4395 886 4434 ιιι
919 4382 1187 4452 sequitur,
1219 4395 1272 4439 et
1302 4382 1528 4441 Judaiee
1555 4385 1703 4444 feriae
1726 4404 1775 4444 tv
1801 4389 1895 4443 tri-

315 4467 518 4536 buitur,
555 4483 772 4539 captum
806 4487 949 4539 esse,
984 4488 1108 4529 cum
1151 4476 1312 4544 paulo
1353 4487 1478 4533 ante
1508 4477 1717 4535 Pascha
1754 4482 1894 4536 cele-

2007 640 2260 705 videlicet
2290 650 2620 717 Pharismos,
2680 665 2745 706 ac
2792 648 3034 717 Scribas,
3069 665 3417 707 communem
3450 651 3597 707 hunc

2006 753 2250 796 errorem
2299 743 2592 798 emendare
2636 740 3161 812 cupientes,Paseha
3206 743 3474 796 suumin
3525 758 3594 797 xx

2007 829 2184 886 Martii
2217 833 2361 888 diem
2391 833 2695 899 distulisse,
2740 847 2851 903 quo
2902 847 3101 904 passus
3152 842 3237 888 est
3291 833 3589 889 Christus:

2005 936 2118 992 quo
2152 923 2413 977 nimirum
2447 923 2673 995 propius
2714 922 2782 978 ad
2820 923 3206 994 aequinoctium
3247 925 3590 993 accederent,

2004 1015 2090 1070 vel
2121 1016 2283 1071 etiam
2314 1018 2536 1073 caeleste
2564 1018 2953 1087 plenilunium.
2983 1014 3119 1071 Nam
3152 1017 3257 1072 hoc
3284 1018 3449 1073 verba
3473 1018 3589 1089 ipsa

2003 1106 2169 1162 tacite
2212 1107 2596 1164 demonstrant
2626 1128 2639 1164 :
2672 1109 2782 1164 Καὶ
2829 1108 3089 1179 ἰσημερίαι
3123 1108 3227 1179 πρὸ
3252 1109 3446 1164 ἕνδεκα
3475 1112 3594 1166 Κα-

2002 1196 2207 1251 λανδῶν
2255 1199 2600 1271 Ἀπριλλίων,
2647 1200 2715 1254 δι’
2755 1198 2823 1271 ἦν
2877 1197 3243 1270 πλανηθέντες
3286 1200 3592 1272 ὑπέρϐατον

2007 1287 2136 1358 μίαν
2170 1289 2382 1359 ἡμέραν
2424 1291 2710 1363 ἐποίησαν.
2757 1290 2901 1359 Ergo
2931 1289 3019 1367 διὰ
3059 1289 3158 1361 τὴν
3199 1292 3506 1364 ἰσημερίαν.
3536 1300 3594 1351 et

2001 1374 2237 1433 fortasse
2270 1388 2489 1449 propter
2512 1380 2697 1434 lunam
2724 1380 2916 1445 etiam,
2947 1396 3015 1436 ne
3037 1388 3321 1450 tantopere
3346 1381 3414 1436 ab
3438 1392 3593 1436 utro-

2000 1484 2108 1539 que
2140 1473 2474 1538 recederent,
2503 1471 2645 1526 diem
2674 1471 3046 1541 ,diﬂ‘uderant.
3078 1471 3297 1528 Poterat
3326 1473 3470 1526 enim
3504 1474 3591 1529 vel

2000 1559 2119 1630 ipse
2167 1560 2365 1617 sideris
2422 1572 2675 1631 aspectus
2722 1562 2844 1618 vitii
2893 1563 3019 1619 illos
3066 1564 3391 1631 admonere;
3441 1564 3589 1635 quod

2000 1652 2193 1708 saltem
2231 1653 2589 1709 minuendum
2620 1669 2742 1711 esse
2772 1656 3157 1711 decreverunt.

2070 1741 2209 1799 Cum
2254 1745 2373 1800 haec
2405 1744 2745 1816 Epiphanius
2791 1744 3080 1803 manifeste
3124 1746 3346 1812 sentiat,
3392 1753 3597 1801 ctetera

2000 1849 2124 1904 quas
2161 1836 2231 1891 ab
2273 1850 2339 1892 eo
2379 1836 2636 1891 dicuntur
2680 1836 2869 1891 eodem
2918 1836 3200 1907 dirigenda
3243 1849 3392 1902 sunt,
3424 1850 3589 1906 atque

2796 1942 2810 1978 :
2863 1925 3118 1980 Christus
3166 1926 3336 1995 legale
3375 1925 3588 1983 Pascha

2004 2016 2293 2071 celebravit
2325 2032 2449 2071 eum
2475 2017 2759 2087 plerisque
2784 2015 2989 2071 Judaais
3019 2032 3107 2071 xvt
3147 2016 3265 2070 Kal.
3294 2017 3584 2086 Apr.,feria

2005 2123 2089 2171 ιιι,
2119 2108 2249 2163 luna
2283 2106 2513 2163 Judaica
2551 2109 2747 2163 vitiosa
2788 2124 2893 2175 xtt,
2918 2124 3041 2165 cum
3084 2106 3217 2162 feria
3254 2124 3285 2161 v
3320 2108 3448 2162 luna
3494 2124 3586 2162 xtv

2001 2199 2196 2254 vitiosa
2234 2200 2420 2270 perlici
2452 2199 2723 2254 debuerit.
2755 2200 2929 2254 Biduo
2976 2201 3142 2271 igitur
3176 2201 3485 2256 antevertit.
3515 2202 3585 2255 At

1999 2286 2291 2353 Pharisati,
2319 2287 2606 2359 Judmique
2633 2289 2725 2343 alii
2759 2290 2887 2344 luna
2924 2288 3148 2344 Judaica
3178 2305 3245 2343 xv
3278 2288 3456 2345 Martii
3488 2305 3581 2352 xx,

2000 2394 2111 2450 quo
2150 2380 2237 2434 die
2280 2395 2475 2449 passus
2511 2390 2597 2435 est
2640 2380 2911 2446 Christus,
2955 2380 3076 2434 καθ’
3129 2380 3432 2450 ὑπέρϐασιν
3475 2380 3583 2435 diei

2001 2474 2166 2526 unius
2197 2488 2227 2525 a
2253 2472 2380 2526 luna
2412 2488 2502 2526 xtv
2535 2473 2600 2526 ad
2631 2489 2727 2529 xv.
2760 2472 2838 2526 Ex
2870 2473 2939 2527 iis
2971 2471 3137 2526 falsos
3157 2485 3255 2527 eos
3286 2485 3407 2526 esse
3448 2486 3581 2526 con-

2001 2571 2134 2626 stat,
2183 2562 2278 2632 qui
2321 2561 2631 2632 Epiphanio
2677 2563 2991 2619 Graecorum
3036 2563 3361 2623 sententiam
3410 2564 3582 2618 ascri-

2002 2652 2172 2718 bunt;
2213 2653 2360 2721 quod
2399 2652 2652 2708 Christus
2694 2651 2903 2708 Pascha
2949 2654 3077 2707 luna
3126 2667 3225 2708 xttt
3269 2653 3580 2716 celebrarit,

2001 2754 2127 2799 ante
2153 2743 2392 2810 Jutlatos,
2433 2745 2527 2815 qui
2562 2745 2614 2798 id
2637 2744 2898 2815 postridie
2925 2746 3248 2816 peregerint.
3282 2742 3400 2798 Non
3433 2745 3579 2798 enim

1999 2847 2097 2887 χιιι
2121 2833 2274 2899 luna,
2307 2834 2402 2888 sed
2429 2849 2505 2887 xu
2534 2833 2815 2888 Christum
2850 2834 2904 2889 id
2931 2838 3109 2903 egisse
3144 2840 3355 2898 censet,
3382 2843 3577 2902 quate-

2001 2940 2105 2980 nus
2134 2924 2267 2979 feria
2296 2939 2359 2978 ιιι
2393 2924 2690 2994 contigisse
2715 2932 2888 2994 putat.
2924 2923 3079 2991 Quod
3110 2923 3155 2979 si
3184 2938 3251 2978 ex
3276 2924 3589 2987 communi,

1998 2999 2417 3086 certissimaqtte
2446 3016 2717 3070 sententia
2742 3014 2875 3071 feria
2906 3030 2938 3069 v
2970 3015 3277 3070 celebrasse
3297 3014 3578 3070 Christum

1999 3104 2299 3159 arbitratus
2336 3114 2502 3169 esset,
2542 3118 2651 3159 non
2698 3105 2804 3159 alia
2848 3104 2999 3169 luna,
3044 3119 3208 3174 quam
3238 3118 3362 3173 quae
3395 3104 3578 3159 exvio

1998 3194 2140 3250 tioso
2179 3195 2333 3266 cyclo
2376 3211 2468 3249 xtv
2517 3192 2678 3259 foret,
2719 3193 2923 3248 factum
2978 3201 3265 3249 assereret.
3314 3192 3469 3249 Unde
3506 3206 3577 3247 ex

1996 3283 2332 3353 castigatiori
2355 3283 2643 3354 Epiphanii
2663 3284 2874 3354 judicio
2896 3282 3263 3337 deﬁniendum
3285 3291 3388 3345 cst,
3413 3280 3575 3337 Chri-

1996 3386 2139 3431 stum
2173 3375 2307 3431 feria
2338 3392 2390 3440 v,
2422 3377 2552 3430 luna
2584 3391 2676 3429 xtv
2701 3389 2829 3430 cum
2854 3374 3132 3429 nonnullis
3154 3371 3382 3436 Iudaeis,
3414 3382 3575 3428 caete—

1994 3482 2087 3523 ros
2128 3483 2253 3523 vero
2285 3484 2409 3523 cum
2434 3467 2749 3531 Pbarisasis,
2774 3466 2908 3521 feria
2927 3482 2989 3521 Vt
3014 3464 3222 3520 Pascha
3246 3465 3572 3521 comedisse.

1994 3559 2112 3624 Quo
2153 3574 2221 3613 ex
2269 3558 2561 3629 Epiphanii
2600 3558 2861 3628 opinione
2901 3560 3011 3613 duo
3052 3558 3404 3629 colliguntur,
3452 3572 3575 3628 qua

1994 3662 2119 3703 eum
2148 3647 2214 3703 de
2248 3645 2530 3703 Passionis
2568 3661 2713 3702 anno
2753 3645 3041 3717 quaeritur,
3078 3645 3344 3702 acerrime
3386 3645 3575 3716 dispu-

1994 3737 2097 3792 tari
2139 3736 2316 3793 solent
2351 3753 2364 3791 :
2399 3736 2632 3791 alterum
2677 3734 2994 3792 Iudaeorum
3028 3735 3307 3806 principes
3339 3750 3446 3791 non
3480 3750 3585 3792 εοτ,

1993 3828 2115 3883 dem
2143 3842 2268 3884 cum
2295 3826 2516 3889 Christo
2536 3827 2625 3883 die
2644 3826 2884 3897 legitimo
2900 3827 3025 3897 agni
3044 3828 3206 3897 epulo
3225 3826 3572 3897 perfunctos;

1995 3919 2226 3973 alterum
2255 3933 2380 3973 cum
2413 3918 2534 3973 sine
2570 3916 2997 3972 commutatione
3039 3917 3243 3985 aliqua.
3264 3926 3571 3987 temporum

1995 4024 2058 4065 ac
2098 4007 2362 4063 festorum
2406 4008 2459 4063 id
2507 4006 2757 4063 accidere
2799 4020 2910 4061 non
2952 4007 3211 4077 potuerit,
3257 4008 3573 4065 translatio:

1993 4116 2115 4155 nem
2165 4100 2402 4169 aliquant
2446 4098 2554 4154 illis
2585 4098 2922 4168 temporibus
2961 4096 3258 4152 exstitisse.
3283 4095 3471 4164 Quare.
3502 4096 3573 4150 ad

1997 4191 2138 4244 hanc
2158 4188 2447 4259 Epiphanii
2475 4188 2917 4259 disputationem,
2933 4188 3313 4245 illustrandum
3346 4188 3573 4244 totidem

1997 4278 2102 4334 illae
2130 4278 2460 4349 quaestiones
2486 4277 2675 4348 paucis
2698 4277 2805 4333 hoc
2841 4276 2963 4333 loco
2989 4277 3354 4348 disceptandas
3383 4287 3534 4333 sunt.

2002 4388 2190 4444 Utrum
2215 4388 2390 4444 Judaei
2414 4388 2764 4443 translatione
2796 4388 3053 4458 festorum
3077 4388 3204 4443 olim
3238 4390 3320 4443 usi
3348 4390 3569 4459 fuerint.

2065 4479 2123 4533 la
2151 4479 2439 4533 recentiori
2461 4477 2775 4533 J-udaeorum
2806 4486 3067 4548 computo
3107 4479 3483 4548 scrupulosus,
3516 4488 3572 4533 ct

316 4560 545 4618 brasset.
582 4562 842 4620 Audierat
872 4565 1076 4636 itaque,
1107 4576 1163 4621 et
1198 4583 1230 4623 a
1265 4570 1567 4639 majoribus
1607 4584 1889 4642 acceperat
1925 4589 1966 4644 ι)
1997 4570 2195 4623 anxius
2228 4568 2451 4638 quidam
2494 4578 2576 4623 est
2616 4568 2827 4625 dierum
2865 4568 3109 4623 ἀθὶθοῐυε
3138 4569 3206 4623 ad
3254 4569 3570 4625 Ileomenias

315 4649 672 4721 Epiphanius,
724 4656 863 4711 duas
908 4656 1030 4712 illas
1080 4656 1248 4715 ferias
1287 4658 1583 4717 Dominicae
1633 4662 1890 4720 Passieni

316 4747 616 4801 recolendte
637 4752 970 4818 prmstitutas
993 4749 1186 4816 fuisse,
1209 4767 1272 4806 ac
1287 4752 1500 4823 jejunio
1520 4765 1889 4823 consecratas.

315 4836 448 4892 Cum
494 4849 675 4893 autem
722 4850 874 4897 certo
899 4852 1201 4908 constaret,
1252 4844 1387 4900 feria
1421 4862 1472 4900 vt
1506 4848 1559 4901 itt
1590 4863 1753 4903 cruce
1780 4848 1895 4904 suf-

316 4928 481 4982 llxutn
512 4945 653 4997 esse,
679 4932 827 4987 nulla
859 4934 1134 5002 passionis
1162 4935 1282 5005 ejus
1306 4946 1512 4992 restare
1543 4938 1656 4994 visa
1680 4948 1765 4994 est
1788 4941 1894 4996 alia
1946 5012 1949 5013 ν

318 5030 459 5087 pars,
491 5034 657 5089 quam
692 5022 1134 5092 comprehensio,
1163 5032 1218 5079 et
1250 5025 1511 5095 alligatio.
1550 5026 1782 5083 Proinde
1813 5027 1895 5085 fe-

317 5105 394 5159 ria
425 5121 478 5159 tv
515 5116 802 5176 appetente
834 5122 1052 5182 captuu
1096 5122 1261 5183 atque
1290 5114 1533 5170 vinctum
1561 5130 1684 5171 esse
1715 5114 1897 5171 Durni-

318 5209 447 5248 num
478 5197 727 5251 credidit.
760 5196 949 5269 Neque
991 5215 1122 5256 vero
1158 5202 1268 5255 alio
1302 5210 1564 5273 tempore,
1590 5220 1753 5274 quam
1782 5221 1894 5276 quo

318 5282 486 5340 Judaei
512 5286 778 5358 plerique,
808 5290 1084 5359 celebrare
1112 5293 1304 5349 voluit.
1333 5294 1501 5366 Igitur
1529 5297 1694 5351 etiam
1716 5296 1896 5353 Judaei

320 5373 451 5431 feria
501 5378 658 5432 tertia
716 5391 1065 5451 peregerunt.
1122 5381 1350 5451 Vitiose,
1382 5387 1507 5455 quis
1539 5387 1747 5458 negat?-
1790 5388 1897 5445 Sed

318 5462 461 5534 quod
491 5465 729 5527 maxima
759 5481 887 5536 pars
911 5484 978 5524 eo
1014 5470 1105 5527 die
1127 5471 1335 5528 Pascha
1367 5474 1695 5542 comederet,
1727 5477 1895 5533 biduo

298 5568 438 5608 eum
473 5552 580 5609 illis
616 5557 956 5628 anticipavit.
990 5558 1123 5615 Erat
1144 5563 1292 5617 enim
1340 5562 1471 5618 feria
1503 5580 1532 5616 ν
1576 5564 1755 5621 Martii
1804 5585 1895 5624 xtx

318 5644 721 5712 celebrandum,
751 5663 878 5704 cum
908 5650 966 5705 in
994 5651 1143 5707 hunc
1168 5652 1310 5707 diem
1340 5669 1428 5708 xiv
1453 5652 1678 5710 Judaica
1702 5658 1897 5715 vitiosa

319 5747 684 5793 concurreret.
709 5738 822 5795 Cur
849 5752 1030 5797 autem
1063 5742 1199 5800 adeo
1236 5759 1577 5817 praepropere
1603 5746 1778 5806 Judaei
1804 5754 1894 5807 isti

322 5823 526 5886 Pascha
579 5831 945 5904 comederent,
999 5849 1225 5894 causam
1277 5837 1456 5895 attulit
1511 5840 1738 5898 nullam.
1788 5840 1893 5901 Sed

1996 4659 2259 4730 ﬁgendas.
2295 4657 2372 4713 De
2398 4673 2504 4728 quo
2529 4658 2699 4713 multa
2729 4659 2784 4712 in
2811 4657 3191 4713 Thalmudicis
3228 4666 3571 4714 commenta-

1990 4750 2110 4811 riis,
2146 4747 2402 4802 Tractatu
2435 4750 2497 4803 de
2525 4750 2653 4803 anni
2687 4751 2880 4819 capite,
2908 4757 2964 4805 et
2992 4749 3047 4803 in
3071 4757 3218 4804 tomo
3262 4750 3440 4818 primo
3470 4749 3573 4806 Jad

1995 4839 2060 4894 Β.
2087 4837 2256 4900 Mose,
2290 4837 2468 4894 Tract.
2499 4836 2774 4894 Kiddusch
2802 4837 3127 4893 haklzodesclt
3149 4852 3169 4891 :
3201 4853 3409 4894 necnon
3439 4840 3571 4895 etin

1995 4937 2144 4989 nutu
2171 4938 2313 4995 my
2346 4927 2412 4982 Β,
2439 4927 2681 4992 lsaehar,
2715 4931 2819 4983 ben
2858 4927 3192 4994 Mordechai,
3234 4930 3468 4999 aliisque
3507 4929 3574 4985 li-

1994 5024 2110 5079 bris
2138 5039 2151 5076 :
2187 5023 2243 5076 in
2274 5021 2477 5092 quibus
2507 5022 2735 5076 infinita:
2767 5021 2987 5091 regulae,
3016 5036 3081 5075 ac
3113 5020 3397 5077 cautiones
3430 5035 3570 5091 pra:-

1996 5115 2209 5186 scriptte
2235 5122 2382 5169 sunt.
2420 5111 2660 5168 Duorum
2691 5126 2819 5167 vero
2869 5110 3164 5176 mensium,
3194 5108 3338 5166 Tisri
3373 5125 3441 5166 ac
3471 5108 3572 5166 Ni-

1995 5222 2116 5274 san,
2149 5206 2206 5261 in
2224 5206 2415 5277 primis
2455 5203 2754 5260 neomeniae
2786 5202 2854 5257 ab
2883 5201 2992 5258 illis
3020 5201 3404 5269 observantur,
3431 5216 3571 5272 qua-

1994 5313 2119 5355 rum
2146 5296 2650 5354 transferendarum
2669 5309 2838 5350 causa
2859 5294 3058 5363 duplex
3078 5293 3281 5349 ibidem
3302 5292 3528 5348 affertur
3550 5311 3568 5349 :

1995 5391 2286 5456 naturalis,
2322 5397 2416 5444 aut
2444 5387 2635 5444 civilis.
2669 5384 2883 5441 Etenim
2917 5398 3045 5440 eum
3072 5399 3239 5455 supra
3268 5382 3434 5440 ferias
3469 5398 3570 5440 ex-

1997 5490 2281 5539 currentes
2310 5480 2556 5535 minutiae
2602 5478 2671 5533 ad
2705 5479 2871 5533 horas
2918 5476 2986 5531 t8
3016 5477 3361 5547 perveniunt,
3401 5486 3456 5532 et
3482 5477 3571 5532 lu;-

1997 5572 2148 5629 naris
2175 5571 2457 5642 ψηφισμός
2501 5568 2785 5623 meridiem
2821 5566 2929 5622 diei
2975 5567 3315 5637 insequentis
3355 5566 3575 5637 attingit

2000 5666 2146 5734 (nam
2194 5662 2368 5717 Judaei
2401 5661 2547 5715 diem
2595 5660 2664 5714 ab
2699 5659 2857 5713 initio
2905 5658 3083 5714 noctis
3123 5659 3502 5729 auspicantur,
3537 5673 3572 5714 ι

1998 5769 2107 5824 quo
2140 5754 2207 5807 l8
2242 5753 2390 5808 horas
2424 5757 2751 5821 computata
2778 5748 2887 5805 diei
2923 5749 3099 5805 civilis
3139 5749 3418 5820 sequentis
3450 5762 3570 5816 me-

1999 5845 2191 5902 ridiem
2224 5841 2648 5914 assequuntur);
2676 5849 2788 5899 tum
2816 5841 2870 5900 in
2911 5841 3137 5899 alteram
3169 5828 3358 5901 feriam
3395 5847 3563 5899 natu-
