4054 6404
490 409 596 480 983

1593 422 1942 487 ΛΡΡΕΝῡΙΧ
1985 427 2630 486 οιεεειιιἈΤιοΝυιι.

3655 430 3778 491 984

494 535 627 591 ralis
683 538 986 594 neomcnia:
1035 542 1324 598 translatio
1372 542 1485 598 fleri
1523 542 1747 602 dicitur.
1789 547 1894 604 Sed
1942 567 2065 606 cum
2098 557 2141 614 Α
2173 552 2376 621 scphus
2417 553 2684 606 decimam
2733 561 2984 620 quartam
3031 549 3198 614 Nisan
3247 550 3569 606 convenisse
3611 552 3779 607 dicat.

492 629 919 698 opportunitatis
965 631 1199 702 alicujus
1245 635 1421 705 gratia
1463 635 1579 691 dies
1611 637 1957 707 diffunditur,
1993 643 2072 696 ci-

490 722 597 774 vile
646 722 747 776 hoc
788 730 957 777 totum
996 736 1106 791 est,
1151 735 1205 780 ct
1250 726 1318 780 ab
1361 727 1642 782 hominum
1685 731 1964 787 voluntate
2018 741 2072 787 et

492 811 830 868 institutione
864 814 1146 889 dependet.
1181 815 1257 870 Ex
1295 816 1398 872 hoc
1433 816 1583 873 fonte
1623 819 1880 874 feriarum
1915 821 2061 891 apud

488 900 706 956 Iudaeos
747 911 875 957 sunt
901 912 1024 957 nata
1048 904 1317 972 divortia;
1349 922 1473 960 nam
1501 907 1619 962 alia:
1641 908 1880 974 rejicnlae
1902 919 2066 976 sunt;

490 996 610 1050 aliae
659 996 873 1064 probae,
917 1011 980 1051 ac
1024 997 1301 1068 legitimae.
1347 997 1614 1076 Rejicula,
1663 1016 1784 1069 qua:
1825 985 1957 1060 ι)Ὃὲ
1999 1001 2069 1056 ab

490 1085 600 1140 illis
640 1085 859 1150 dicitur,
897 1096 981 1141 est
1024 1087 1219 1158 triplex
1247 1104 1369 1158 qua:
1413 1089 1468 1142 in
1513 1088 1658 1143 Tisri
1699 1090 1935 1161 τεχνικῴ
1964 1091 2068 1146 hoc

488 1179 752 1233 vocabulo
785 1179 1096 1234 continetur
1118 1186 1242 1238 τ’Ἰκ
1279 1181 1419 1234 Adit.
1455 1179 1642 1251 Itaque
1667 1179 1806 1236 Tisri
1839 1197 2066 1236 neotneo

488 1265 579 1340 nia
620 1284 900 1338 nunquam
936 1261 1126 1339 incipit
1161 1258 1198 1324 an
1227 1269 1360 1331 feria
1392 1287 1431 1330 ι.
1476 1288 1528 1325 ιν
1561 1272 1642 1340 vel
1698 1289 1771 1327 vt.
1805 1271 1862 1326 In
1896 1271 2065 1327 Nisan

487 1374 618 1413 vero
657 1369 740 1414 est
767 1367 889 1424 1'1:
929 1361 1083 1415 Badu
1116 1379 1132 1415 :.
1166 1363 1541 1432 significatque
1577 1365 1919 1418 neomeniam
1968 1362 2064 1416 Ni-

488 1467 586 1505 san
618 1469 897 1521 nunquam
936 1455 988 1507 in
1016 1453 1203 1508 feriant
1251 1457 1447 1512 cadere
1486 1473 1546 1518 tt,
1611 1473 1659 1510 tv
1700 1457 1782 1510 vel
1818 1473 1890 1510 vt.
1921 1455 2068 1512 Reli-

489 1559 610 1612 quas
634 1555 869 1613 quatuor
888 1544 1036 1600 feriae
1062 1555 1265 1631 mea]:
1289 1546 1582 1608 Kebilthotlt
1610 1550 1894 1612 dicuntur;
1917 1548 2064 1619 quod

488 1634 542 1687 ιιι
568 1635 634 1688 iis
666 1636 924 1706 ﬁgantur,
956 1639 1404 1708 retineantur-que
1439 1643 1755 1694 neomenim.
1779 1640 2064 1712 Negligcn—

475 1725 679 1789 ,tlarum
719 1743 884 1798 porro
914 1728 1174 1783 feriarum
1211 1733 1396 1786 cautio
1428 1733 1552 1786 inde
1594 1732 1920 1802 proﬂuxisse
1963 1749 2032 1802 ptt
2055 1762 2066 1772 -

487 1823 654 1879 tatur,
687 1830 832 1886 quoa
859 1818 968 1872 duo
997 1816 1260 1891 Sabbala,
1287 1821 1401 1874 sive
1431 1819 1567 1874 festa
1604 1821 1657 1874 in
1696 1820 1839 1875 Tisri
1867 1821 2061 1891 praeci-

485 1921 590 1975 pne
613 1910 872 1963 continua
889 1925 1009 1964 esse
1040 1910 1268 1975 nollent,
1293 1911 1439 1981 quod
1463 1912 1511 1966 is
1538 1913 1742 1967 mensis
1773 1890 1916 1967 totus
1947 1912 2057 1967 fere
2093 1890 2136 1945 Β

487 2001 926 2054 solemnitatibus
953 2012 1291 2072 occupatur:
1326 2019 1452 2058 nam
1482 2003 1528 2058 si
1562 2003 1705 2063 Tisri
1741 2005 1797 2059 in
1829 2003 2015 2058 feriam
2042 2020 2057 2056 ι

488 2092 712 2163 incidat,
737 2091 950 2170 decima
973 2094 1162 2162 quinta
1186 2095 1274 2150 die
1301 2097 1408 2150 erit
1437 2094 1792 2167 Scenopegia,
1809 2095 2062 2166 proxime

485 2191 610 2250 post
647 2179 948 2236 Sabbatum
976 2199 991 2247 ;
1021 2184 1065 2239 si
1099 2183 1151 2237 in
1178 2199 1253 2248 tv,
1278 2184 1490 2240 decima
1519 2185 1657 2253 dies,
1698 2201 1822 2257 quae
1859 2184 2058 2240 festum

485 2273 915 2346 est,Kippurim,
948 2277 1001 2328 in
1034 2291 1086 2329 Vl
1113 2275 1302 2330 feriam
1340 2277 1580 2332 incurret
1609 2295 1623 2341 ;
1651 2279 1696 2332 si
1735 2278 1789 2332 in
1824 2294 1875 2331 vr
1904 2277 2061 2332 deni-

486 2381 592 2430 que
614 2365 894 2442 ceciderit,
917 2365 1255 2437 Seenopegia
1280 2384 1333 2439 vt
1355 2368 1486 2424 feria
1507 2371 1752 2439 proxime
1775 2379 1901 2424 ante
1926 2367 2064 2423 Sab-

488 2456 674 2533 latum
723 2457 1020 2533 continget.
1072 2455 1129 2510 In
1176 2456 1346 2514 Nisan
1386 2460 1490 2514 alia
1543 2475 1711 2515 causa
1752 2468 1856 2525 est,
1894 2473 2060 2528 quam

485 2532 718 2606 duorum
757 2545 1124 2622 sabbatorum
1158 2548 1536 2618 continuatio;
1567 2565 1694 2605 nam
1735 2558 1789 2606 et
1813 2565 1876 2604 ea
1908 2549 2063 2604 deri-

486 2637 591 2703 tari
623 2637 794 2691 nihilo
827 2639 1002 2708 magis
1047 2641 1269 2709 poterit,
1299 2649 1360 2695 ut
1383 2657 1509 2696 cum
1557 2643 1845 2696 neomenia
1889 2639 2059 2695 Nisau

485 2722 677 2797 incipit
709 2719 738 2782 a
775 2727 906 2784 feria
943 2746 980 2794 t,
1017 2719 1139 2799 qua:
1182 2731 1422 2801 legitima
1457 2742 1573 2796 est;
1614 2733 1826 2786 decima
1860 2741 2057 2801 quatta

485 2813 574 2873 die
610 2819 905 2875 Sabbatutn
935 2834 1036 2884 est,
1065 2832 1117 2875 et
1147 2823 1396 2890 sequenti
1429 2823 1675 2878 solemne
1702 2823 2056 2894 Azymorum.

485 2907 689 2966 Caetera
737 2928 862 2966 cum
909 2911 1052 2981 apud
1088 2911 1367 2978 Hebraeos,
1399 2923 1511 2970 tum
1555 2929 1623 2970 ex
1667 2913 1879 2968 Latinis
1915 2911 2060 2984 apud

484 3001 711 3072 Paulum
733 3001 1157 3074 Forosempron.
1195 3005 1294 3060 lib.
1324 3021 1444 3072 vttt,
1470 3020 1587 3076 par.
1620 3021 1682 3071 ιι,
1719 3004 2060 3060 Munsterum

486 3089 828 3158 in'lt'alend.,
866 3112 1077 3152 necnon
1105 3106 1159 3152 et
1210 3095 1411 3168 Scalig.
1439 3115 1478 3152 ιι
1504 3106 1558 3152 et
1599 3112 1675 3152 vu
1727 3097 1802 3152 De
1849 3096 2055 3150 emend.

484 3197 642 3278 temp.
671 3189 775 3259 legi
809 3198 1082 3257 poterunt,
1115 3189 1316 3259 quibus
1344 3194 1537 3244 merito
1569 3190 2012 3260 supersedemus.
2089 3220 2132 3278 ο

497 3271 504 3280 ’
557 3281 710 3344 Nunc
761 3283 890 3336 illttd
935 3283 988 3336 in
1035 3281 1476 3352 disquisitionem
1521 3279 1774 3348 vocatur,
1821 3280 2059 3334 fueritne

484 3371 682 3438 priscis
734 3365 996 3440 usurpata
1049 3371 1384 3438 temporibus
1429 3371 1644 3426 dierum
1687 3387 1752 3426 ac
1795 3370 2058 3425 feriarum

485 3464 576 3516 illa
603 3463 882 3519 distinctio
909 3449 1086 3518 zadeo
1123 3472 1185 3527 ut
1223 3477 1333 3532 quo
1377 3478 1522 3517 anno
1553 3478 1750 3532 passus
1782 3471 1867 3518 est
1898 3461 2061 3518 Chri-

483 3537 623 3618 stus,
648 3555 819 3610 Judaei
845 3570 908 3610 ex
946 3542 1258 3626 praescripta
1300 3556 1535 3611 formula
1571 3555 1781 3626 Pascha
1812 3564 2057 3610 transtu-

484 3648 668 3702 leriut.
704 3645 1163 3715 Antiquissimum
1201 3648 1347 3702 hunc
1371 3662 1580 3701 morem
1628 3647 1796 3701 fuisse
1840 3655 1895 3700 et
1935 3655 2061 3701 ante

483 3739 893 3804 Seleucidarum
930 3748 1173 3808 tempora
1203 3747 1504 3808 receptum,
1535 3736 2058 3814 defenditScaliger,

407 3827 414 3832 ’
480 3839 536 3883 et
566 3839 665 3883 cur
695 3829 746 3883 id
788 3829 844 3883 in
881 3827 1025 3898 Tisri
1069 3821 1370 3899 praisertim
1416 3830 1770 3885 observatum
1805 3831 1896 3894 sit,
1927 3844 2060 3884 cau-

481 3936 598 3974 sam
629 3935 751 3974 esse
796 3930 968 3989 putat,
997 3921 1258 3990 quoniam
1293 3937 1435 3992 aegre
1481 3929 1666 3976 coctos
1706 3922 1859 3975 cibos
1888 3920 2057 3974 biduo

480 4027 702 4064 servare
741 4021 963 4080 possent
1007 4012 1060 4064 itt
1105 4012 1216 4066 illis
1249 4013 1585 4082 regionibus,
1627 4028 1748 4081 quae
1791 4021 2060 4065 autumno

481 4087 906 4158 ferventissimae
933 4119 1055 4160 esse
1087 4105 1288 4160 solent.
1326 4104 1460 4171 Quae
1487 4104 1629 4159 ratio
1672 4103 1834 4157 tacite
1877 4102 1932 4156 id
1969 4119 2062 4178 su-_

480 4193 600 4258 mit,
635 4191 782 4261 quod
813 4193 921 4247 alio
960 4193 1082 4248 loco
1124 4193 1423 4249 refutatum
1467 4202 1583 4257 est;
1625 4192 1792 4248 nullis
1831 4193 2059 4246 omnino

479 4282 636 4354 festis
662 4283 854 4339 diebus
879 4282 1086 4340 cibaria
1118 4301 1355 4355 coquere
1385 4270 1591 4356 Judéis
1614 4285 1696 4341 fas
1719 4285 1909 4341 fuisse.
1945 4284 2061 4340 Hoc

481 4391 612 4452 vero
639 4375 706 4430 de
736 4363 870 4432 solis
896 4376 1151 4432 Sabbatis
1179 4387 1293 4441 aut,
1320 4379 1363 4433 si
1388 4365 1550 4444 forte,
1576 4378 1861 4448 Kippurim
1892 4379 2058 4434 etiam

479 4464 567 4516 die
597 4451 926 4534 praeceptum
969 4467 1024 4519 in
1065 4459 1180 4536 lege
1217 4467 1387 4521 veteri
1419 4467 1920 4524 demonstravimus
1953 4487 1966 4522 :
2003 4468 2057 4522 in

2177 659 2300 698 eum
2345 659 2430 696 xtv
2464 643 2670 696 mensis
2701 640 2929 696 Juliani.
2962 640 3092 696 Erat
3121 657 3298 697 annus
3329 642 3539 710 primus
3567 657 3621 695 Vl
3664 658 3775 710 pe—

2174 734 2310 788 riodi
2352 745 2740 788 contractuum
2774 751 2789 788 :
2823 731 2968 787 Tisri
3000 749 3051 785 Vl
3105 731 3440 804 Sept.,feria
3485 750 3558 796 tv,
3595 734 3773 804 cyclo

2173 824 2308 877 solis
2341 838 2476 877 χχιι.
2502 821 2794 876 Translata
2833 823 3015 890 itaque
3053 837 3338 875 neomema
3377 823 3430 874 in
3467 838 3494 874 v
3520 821 3708 874 feriant
3743 839 3765 874 :

2171 923 2224 970 et
2247 923 2532 984 propterea
2554 912 2722 967 Nisan
2752 927 2783 966 a
2809 927 2881 966 vtt
2914 911 2968 966 itt
2995 927 3034 978 I,
3059 927 3169 982 qua
3194 910 3315 965 Kal.
3342 913 3444 983 Ap.
3476 912 3763 974 convenit,

2171 1006 2325 1076 cyclo
2361 1005 2494 1060 solis
2525 1020 2686 1070 χχιιι,
2714 1003 3006 1059 traductus
3037 1013 3141 1058 est.

2243 1094 2440 1154 Verum
2471 1095 2523 1149 in
2556 1103 2788 1166 utraque
2821 1093 3287 1150 demonstratione
3318 1094 3402 1148 sui
3444 1092 3641 1146 similis
3672 1101 3766 1147 est

2171 1186 2430 1258 Scaliger,
2475 1196 2530 1241 et
2564 1186 2630 1242 ad
2662 1187 2716 1241 id
2775 1186 2921 1256 quod
2952 1185 3177 1244 dubium
3209 1191 3294 1238 est
3337 1183 3760 1263 approbandutn

2167 1280 2331 1335 dubia
2371 1280 2544 1351 magis
2571 1280 2749 1345 affert,
2776 1287 2829 1334 et
2860 1278 3090 1332 incerta.
3135 1275 3271 1342 Quis
3309 1275 3455 1329 enim
3494 1276 3592 1328 hoc
3639 1275 3761 1342 pri-

2167 1387 2316 1425 mum
2342 1372 2417 1426 illi
2445 1371 2799 1432 concesserit,
2837 1383 3043 1423 annum
3092 1383 3213 1422 esse
3258 1365 3537 1424 Passionis
3569 1365 3752 1427 illum,

2166 1477 2327 1531 quem
2389 1461 2502 1530 ipse
2565 1461 2790 1524 statuit,
2859 1457 3139 1513 Juliannm
3200 1455 3296 1519 78,
3368 1470 3489 1508 tene
3549 1453 3758 1522 Diony-

2167 1551 2333 1606 sianae
2363 1551 2472 1604 53?
2500 1550 2639 1615 Quid
2684 1550 2728 1604 si
2779 1559 3031 1617 praeterea
3090 1562 3157 1599 ne
3194 1544 3587 1613 Alexandream
3623 1542 3751 1609 qni-

2167 1642 2288 1696 dem
2320 1643 2477 1697 istam
2507 1641 2788 1710 periodum
2834 1637 3007 1705 Judaei
3051 1651 3292 1706 unquam
3329 1633 3560 1706 amplexi
3593 1629 3748 1683 sint?

2167 1736 2219 1789 id
2249 1734 2392 1804 quod
2425 1741 2581 1792 antea
2619 1732 2722 1785 disi
2745 1730 3002 1786 ussimtts.
3035 1728 3214 1793 Quare
3243 1725 3327 1779 vel
3349 1725 3617 1780 levissima
3657 1721 3750 1785 ιιι-τ

2164 1825 2438 1880 ﬁciatione
2485 1822 2878 1876 demonstratio
2947 1818 3321 1889 Scaligeriana
3381 1813 3743 1879 convellitur,

2165 1934 2326 1987 neque
2349 1917 2560 1986 proﬁcit
2585 1914 2775 1971 hilum.
2799 1911 2985 1982 Neque
3011 1926 3142 1966 vero
3173 1909 3420 1971 solidior,
3452 1923 3514 1960 ac
3534 1906 3748 1960 ﬁrmior

2164 2019 2247 2063 est
2287 2008 2479 2068 altera,
2526 2021 2624 2060 nec
2657 2006 2841 2059 minus
2875 2002 3050 2069 falsis,
3081 2011 3134 2056 et
3163 2000 3413 2055 obscuris
3451 1997 3744 2067 postulatis

2163 2097 2432 2168 innititur.
2467 2093 2603 2149 Nam
2637 2094 2781 2164 quod
2812 2091 3105 2162 Josephum
3145 2091 3222 2144 ait
3257 2105 3346 2143 xtv
3385 2087 3554 2142 Nisan
3611 2100 3743 2146 cum

2163 2187 2365 2256 Aprilis
2403 2201 2491 2252 x_tv
2524 2200 2670 2239 anno
2718 2182 2918 2238 excidii
2961 2179 3176 2238 Iudaici
3212 2181 3566 2250 conjungere,
3597 2193 3743 2232 nun-

2163 2293 2326 2347 quam
2367 2278 2418 2331 id
2447 2276 2720 2346 Iosephus
2748 2276 2885 2330 dixit
2923 2293 2935 2328 :
2984 2274 3079 2329 sed
3109 2274 3442 2344 Azymornm
3478 2273 3619 2325 diem
3649 2284 3744 2323 xtx

2167 2369 2421 2424 Xunthici
2452 2368 2655 2423 mensis
2710 2367 2974 2421 accidisse
3033 2367 3194 2420 docet
3252 2365 3349 2418 lib.
3399 2379 3433 2417 v
3481 2363 3554 2416 De
3597 2378 3740 2425 επ..

2163 2479 2213 2529 e.
2269 2463 2326 2514 Η
2377 2461 2538 2516 :Kal
2584 2459 2686 2528 τῆς
2741 2458 2850 2511 τῶν
2897 2456 3148 2526 Ἀζύμων
3183 2455 3449 2522 ἐνστάσης
3503 2452 3742 2522 ἡμέρας,

2161 2549 2732 2622 τεσσαρεσκαιδεκάτῃ
2769 2545 3036 2601 Ξανθικοῦ
3089 2546 3278 2616 μηνὸς,
3320 2546 3376 2597 ὲν
3491 2541 3743 2594 δοκοῦσιν

2175 2642 2420 2696 Ἰουδαῖοι
2445 2640 2537 2693 τὸν
2558 2638 2772 2709 πρῶτον
2791 2637 3171 2706 ἀπαλλαγῆναι.
3197 2634 3388 2705 καιρὸν
3405 2629 3740 2699 Αἰγυπτίων.

2154 2717 2493 2788 ’Χιιιιιιίἰριιιιι
2525 2731 2629 2786 hoc
2661 2730 2782 2783 loco
2807 2727 3084 2784 Julianum
3112 2727 3352 2796 Aprilem
3383 2741 3503 2779 esse
3535 2723 3746 2777 divinat

2167 2825 2411 2896 Scaliger
2446 2842 2458 2877 :
2506 2823 2663 2893 quasi
2705 2830 2964 2893 perpetuo
3000 2820 3378 2874 Macedotticas
3421 2817 3544 2871 illas
3585 2830 3742 2869 men-

2165 2919 2306 2992 sium
2370 2917 2761 2986 appellationes
2818 2913 3053 2969 Julianis
3110 2913 3392 2968 mensibus
3439 2909 3739 2964 indiderit:

2164 3007 2310 3076 quod
2339 2997 2421 3060 est
2451 3005 2831 3058 falsissimum.
2858 3002 2994 3056 Nam
3026 3002 3338 3056 Xanthicus
3359 3011 3742 3070 saepenumero

2147 3096 2306 3150 .itletn
2349 3105 2432 3150 est
2478 3111 2543 3149 ac
2584 3094 2775 3160 Nisan,
2824 3104 2882 3148 ut
2919 3094 3012 3147 lib.
3056 3109 3115 3146 ιιι
3171 3092 3346 3161 0rig.,
3399 3107 3450 3146 c.
3500 3088 3565 3142 10
3598 3106 3611 3141 :
3647 3087 3739 3156 Τῷ

2164 3189 2221 3241 δὲ
2275 3189 2405 3258 μηνὶ
2456 3186 2532 3257 τῷ
2575 3184 2846 3255 Ξανθικῷ,
2886 3185 2945 3246 ὃς
2985 3184 3196 3238 Νισσὰν
3231 3181 3361 3253 παρ’
3391 3183 3520 3251 ἡμῖν
3562 3179 3748 3232 κα.λεῖ⁴

2165 3303 2287 3350 ται,
2348 3284 2442 3348 καὶ
2487 3281 2582 3336 τοῦ
2641 3281 2797 3346 ἔτους
2849 3280 2997 3332 ἐστὶν
3048 3279 3225 3350 ἀρχὴ,
3293 3275 3746 3346 τεσσαρεσκαιδε-

2165 3376 2306 3448 κάτῃ
2351 3373 2492 3428 κατὰ
2532 3372 2783 3443 σελήνην,
2827 3371 2884 3422 ὲν
2935 3368 3076 3441 κριῷ
3119 3367 3214 3422 τοῦ
3260 3368 3412 3439 ἡλίου
3463 3365 3746 3419 καθεστῶ-

2161 3485 2275 3531 τος,
2316 3464 2674 3523 etc..Pascba
2705 3462 2967 3520 celebrari
2996 3461 3188 3520 scribit
3224 3480 3237 3515 :
3265 3461 3410 3532 quod
3435 3469 3559 3516 etc.
3593 3459 3651 3523 9,
3680 3457 3749 3512 de

2163 3571 2354 3612 mense
2385 3555 2618 3608 dixerat.

2234 3646 2679 3707 Translationum
2711 3653 3033 3706 vetustatem
3063 3645 3262 3700 asserit
3288 3653 3342 3698 et
3368 3642 3573 3697 Paulus
3601 3641 3744 3695 Mid-

2162 3737 2538 3807 delburgensis
2575 3737 2670 3790 lib.
2704 3751 2800 3790 vttt
2835 3737 3006 3806 partis
3051 3751 3112 3802 ιι,
3149 3752 3213 3790 ex
3254 3719 3428 3804 eaque
3465 3734 3746 3788 Passionis

2163 3832 2378 3889 Domini
2438 3841 2652 3899 tempus
2707 3830 2980 3899 explorat.
3033 3828 3140 3883 Sed
3204 3828 3259 3882 in
3320 3825 3615 3879 Antiatibus
3676 3824 3745 3878 ad

2162 3943 2215 3982 a.
2251 3928 2343 3990 54,
2376 3942 2431 3980 n.
2471 3925 2564 3984 '54.
2589 3926 2853 3979 acerrime
2879 3937 3004 3977 eum
3029 3922 3095 3976 iis
3123 3921 3497 3990 expostulatur
3524 3918 3616 3986 qui
3648 3932 3747 3970 no-

2160 4033 2285 4077 vam
2327 4017 2395 4070 de
2445 4015 2710 4068 translato
2755 4012 3022 4067 Paschate
3073 4010 3128 4075 in
3175 4008 3472 4063 Eeclesiam
3524 4006 3613 4059 Dei
3664 4006 3748 4058 in-

2161 4086 2425 4181 vexerunt
2453 4106 2765 4176 Opinionem
2787 4143 2801 4166 ,
2838 4118 2964 4157 cum
2995 4101 3049 4156 id
3079 4100 3224 4154 Deus
3255 4099 3577 4170 gravissime
3606 4111 3748 4166 pra)-

2162 4201 2386 4271 ceperit,
2419 4213 2488 4252 ne
2531 4197 2638 4252 alia
2677 4196 2786 4259 die,
2823 4209 2987 4264 quam
3029 4208 3122 4246 xtv
3166 4191 3296 4246 luna
3345 4189 3414 4244 ad
3459 4202 3746 4257 vesperam

2162 4307 2380 4349 sacrum
2427 4288 2637 4344 Pascha
2688 4287 3078 4342 celebraretur.
3120 4281 3274 4338 Unde
3310 4282 3406 4353 qui
3459 4289 3746 4352 propterea

2162 4366 2323 4450 quod
2359 4378 2627 4434 immundi
2650 4383 2867 4437 essent,
2911 4389 3002 4429 xw
3025 4373 3128 4444 .die
3164 4372 3324 4443 primi
3367 4371 3573 4426 mensis
3615 4383 3746 4438 per-

2162 4485 2323 4542 agere
2361 4469 2708 4538 nequissent,
2757 4481 2865 4525 non
2897 4464 2953 4520 in
2986 4473 3325 4535 sequentem,
3357 4472 3452 4517 aut
3495 4461 3744 4525 tertium,

479 4554 709 4626 reliquis
733 4555 1074 4610 solemnibus
1104 4555 1362 4628 servilem
1397 4571 1621 4624 operam
1664 4557 1932 4611 duntaxat
1961 4569 2059 4610 ex-
2091 4566 2134 4622 ι)
2161 4565 2485 4628 quartumve
2508 4557 2672 4621 diem,
2700 4555 2794 4611 sed
2834 4555 2889 4608 in
2919 4569 3012 4608 xw
3042 4555 3230 4608 lunam
3269 4553 3480 4608 mensis
3513 4550 3745 4606 secundi

479 4652 726 4722 eeptam;
757 4652 812 4698 at
850 4660 970 4714 quae
1016 4646 1098 4715 ad,
1130 4647 1331 4702 victum
1375 4647 1612 4719 attinent
1657 4647 1805 4712 licite
1849 4663 2062 4718 praepa—

479 4749 652 4806 rasse.
679 4733 782 4788 Sed
817 4730 1177 4792 nihilominus
1202 4737 1618 4794 translationem
1643 4741 2058 4798 characterismi

478 4820 624 4894 Tisri
653 4822 755 4876 Sub
791 4821 1090 4880 Seleucidis
1133 4824 1478 4878 observatam
1508 4827 1709 4894 probat
1740 4826 1833 4880 lib.
1866 4842 1926 4891 tt,
1965 4828 2058 4880 ubi

481 4906 550 4987 de
577 4901 822 4982 periodo
857 4913 1173 4989 .ludaaorutn
1212 4916 1556 4974 Alexandrea
1598 4919 1842 4983 disserit,
1891 4904 2058 4988 idque

479 5007 689 5078 aliquot
709 4993 974 5077 exemplis
999 5007 1300 5086 confirmat.
1336 5009 1494 5064 Velut
1522 5011 1666 5080 quod
1699 5027 1844 5066 anno
1867 5000 2058 5065 Domi-

479 5099 620 5153 nica:
665 5092 949 5176 Passionis
985 5099 1166 5164 Tisri,
1201 5115 1327 5155 cum
1367 5102 1420 5156 itt
1460 5117 1591 5157 xxtv
1629 5099 1803 5172 Sept.,
1827 5101 1961 5157 feria
2008 5117 2060 5177 tv

481 5188 800 5251 incidisset,
843 5188 898 5246 itt
936 5188 1186 5258 quintam
1235 5192 1563 5262 translatum
1613 5200 1728 5257 est;
1776 5186 2059 5266 propterea

479 5277 625 5350 quod
656 5276 823 5333 Nisan
869 5277 925 5333 in
957 5277 1279 5344 Sabbatum,
1306 5280 1410 5336 hoc
1437 5291 1519 5336 est
1562 5297 1592 5336 a
1631 5297 1684 5334 vt
1723 5280 1857 5334 feria
1887 5282 1938 5334 in
1982 5270 2064 5335 νιι
2099 5278 2107 5286 ’

481 5367 787 5422 transierit.
830 5364 965 5423 Nam
1005 5375 1126 5430 erat
1165 5382 1345 5424 annus
1387 5369 1764 5426 Alexandreus
1815 5370 1954 5436 544,
2005 5377 2060 5440 et

477 5453 710 5524 proinde
742 5469 812 5508 xt.
849 5455 1060 5523 periodi
1092 5471 1143 5509 v.
1194 5454 1288 5511 Sic
1335 5471 1480 5512 anno
1527 5457 1732 5513 Christi
1776 5452 1880 5512 Lxx
1917 5457 2059 5514 Neo-

480 5543 660 5615 menia
693 5542 859 5600 Nisan
893 5559 1015 5600 cum
1049 5561 1115 5600 ex
1139 5546 1483 5602 Alexandreo
1509 5547 1661 5618 cyclo
1685 5548 1737 5602 in
1763 5547 1956 5603 feriam
1979 5564 2056 5602 vn

479 5636 819 5720 conveniret,
853 5635 909 5706 in
940 5651 956 5690 ι
993 5638 1260 5692 translata
1291 5647 1391 5694 est.
1431 5639 1574 5710 Ergo
1597 5647 1652 5694 et
1689 5638 1829 5695 Tisri
1866 5655 1894 5694 a
1920 5639 2057 5696 feria

479 5744 533 5805 ιγ
579 5727 634 5782 in
678 5743 730 5793 v,
769 5741 915 5783 anno
952 5729 1296 5784 embolimeeo
1332 5727 1620 5786 defective.
1665 5729 1824 5796 Quod
1872 5739 2054 5787 autem

483 5817 650 5895 flisan
683 5818 817 5874 feria
849 5820 1022 5890 prima
1061 5820 1288 5890 coeperit
1319 5835 1383 5876 ex
1413 5837 1478 5878 eo
1510 5822 1748 5893 colligit,
1785 5825 1930 5895 quod
1959 5823 2056 5881 Jo-

2109 4649 2114 4651 ’
2165 4649 2351 4719 rejecti
2402 4658 2552 4712 sunt,
2595 4648 2739 4717 quod
2784 4657 2840 4702 et
2881 4646 3128 4708 Ezechiae
3166 4647 3312 4716 regis
3364 4644 3614 4714 exemplo
3645 4642 3747 4699 de-

2164 4748 2434 4794 monstrat
2473 4738 2516 4791 ll
2563 4738 2743 4792 Paral.
2791 4753 2913 4808 cap.
2957 4753 3087 4794 xxx.
3121 4737 3287 4807 Atqui
3319 4735 3424 4790 hoc
3455 4749 3747 4804 argumen-

2164 4841 2277 4905 tu‘rn
2305 4840 2494 4886 contra
2525 4829 2791 4884 festorum
2847 4829 3258 4883 translationem
3296 4827 3412 4880 leve
3449 4825 3747 4879 admodum

2162 4923 2400 4982 videtur.
2442 4920 2706 4986 Primum,
2755 4920 2885 4990 quia
2919 4906 3194 4990 nusquam
3228 4918 3285 4972 in
3317 4918 3490 4972 sacris
3521 4915 3747 4972 Litteris

2161 5021 2491 5088 praeceptum
2521 5019 2624 5076 est,
2661 5019 2720 5064 ιιι
2759 5011 2892 5064 luna
2917 5025 3011 5064 xtv
3040 5008 3250 5064 Pascha
3295 5007 3618 5069 celebretur,
3651 5021 3746 5060 ne-

2159 5121 2266 5176 que
2296 5106 2440 5159 lunae
2473 5103 2677 5171 mentio
2710 5102 2789 5168 ﬁt,
2820 5101 2915 5158 sed
2947 5101 3176 5156 decimae
3199 5109 3406 5169 quartae
3445 5099 3554 5152 diei
3579 5097 3748 5168 primi

2161 5195 2386 5250 mensis.
2418 5195 2499 5248 An
2531 5207 2662 5248 vero
2685 5193 2871 5262 lunam
2904 5206 2994 5246 xrv
3017 5193 3100 5258 sic
3124 5190 3472 5266 observatam
3501 5204 3622 5243 esse
3646 5205 3749 5257 pu-

2160 5285 2295 5353 tabit
2329 5283 2548 5352 aliquis,
2579 5290 2641 5338 ut
2672 5283 2806 5346 veri,
2829 5283 2917 5338 vel
2945 5281 3111 5336 medii
3135 5281 3328 5336 saltem
3361 5279 3556 5334 sideris
3577 5279 3749 5349 hujus

2158 5383 2341 5430 motus
2369 5373 2689 5442 explorandi
2727 5371 2970 5428 fuerint?
2997 5369 3117 5427 Non
3161 5370 3306 5426 enim
3349 5370 3455 5425 hoc
3483 5370 3539 5423 in
3570 5370 3748 5436 civili,

2157 5473 2212 5522 et
2240 5463 2495 5535 aequabili
2527 5478 2630 5527 usu
2655 5463 2906 5532 praestari
2932 5462 3133 5532 potuit.
3161 5456 3277 5516 Hoc
3303 5468 3483 5515 autem
3506 5469 3748 5527 remoto,

2158 5544 2296 5614 nihil
2343 5553 2596 5623 superior
2632 5553 2737 5608 ista
2776 5552 3124 5608 ratiocinatio
3163 5551 3370 5622 colligit
3411 5568 3424 5605 :
3468 5565 3597 5604 nam
3648 5553 3750 5620 qui

2159 5644 2454 5700 translatas
2488 5657 2608 5699 esse
2647 5643 2811 5700 ferias
2858 5643 3179 5710 defendunt,
3216 5658 3326 5699 non
3371 5642 3424 5696 id
3459 5651 3747 5707 asserunt,

2158 5736 2266 5790 alio
2284 5733 2391 5802 die,
2421 5751 2583 5804 quam
2610 5751 2702 5790 xtv
2731 5735 2800 5790 ad
2830 5749 3117 5806 vesperam
3146 5733 3351 5790 Pascha
3375 5733 3749 5802 celebratum;

2159 5827 2253 5882 sed
2292 5828 2636 5885 neomeniam
2680 5827 2877 5898 ipsam,
2912 5843 2941 5883 a
2967 5842 3075 5899 qua
3110 5843 3201 5886 xtv
3243 5826 3361 5887 dies
3394 5837 3746 5905 numeratur,
