4054 6404
320 360 460 420 985

1275 364 1366 419 DE
1404 362 1594 427 ANNO
1651 365 1740 420 ΕΤ
1780 365 1892 429 DIE
1936 366 2290 424 DOMINICJE
2329 360 2707 429 PASSIONIS.

3484 362 3641 437 .985

327 478 586 533 alterum
628 478 681 535 in
721 479 865 534 diem
915 462 1197 551 trajectam
1243 483 1585 539 existimant.
1642 482 1756 539 Hoc
1798 500 1930 540 vero
1960 492 2176 550 Asent.
2230 484 2401 541 Erant
2450 485 2487 538 ii
2536 482 2748 552 Nisan,
2812 480 2916 548 Ab,
2966 479 3112 546 Elul,
3166 479 3335 542 'l’isri,
3393 478 3628 547 Caeseu,

327 578 589 639 negant,
634 584 861 626 necesse
905 570 1109 637 fuisse,
1157 582 1217 627 ut
1256 573 1498 630 instante
1543 575 1662 645 ipSO
1701 576 1942 633 cmlestis

308 653 640 723 'plenilunii
681 658 770 711 die
808 656 1080 715 festivitas
1122 662 1376 730 iniretur,
1416 679 1539 719 cum
1573 665 1658 720 vel
1694 680 1762 720 ex
1802 668 1941 737 cyeli

338 744 567 801 lunaris
598 748 754 815 vitio,
785 750 868 804 vel
906 766 973 805 ex
1002 752 1221 821 φάσεως
1256 754 1660 824 observatione,
1686 772 1791 816 ,ειν
1823 757 1942 813 dies

340 839 587 904 mensis,
620 840 745 895 luna
780 857 871 909 xv,
918 852 1015 899 aut
1041 860 1132 900 xvr
1159 860 1282 901 esse
1314 847 1574 916 potuerit.

432 930 556 986 llaec
588 931 821 986 dixerim
857 947 966 988 non
1002 942 1063 988 ut
1087 936 1234 992 illico
1265 938 1540 1007 politicam
1583 937 1726 992 illam
1755 953 1946 993 recen-

339 1021 515 1077 tioris
547 1024 788 1094 computi
819 1026 1233 1082 translationem
1261 1029 1403 1098 apud
1445 1028 1666 1086 Judaeos
1705 1040 1938 1098 veteres,

340 1112 606 1182 adeoque
643 1114 847 1169 Christi
878 1123 1123 1186 tempore
1153 1130 1473 1190 usurpatam
1505 1137 1628 1177 esse
1658 1122 1938 1177 definiam.

343 1200 474 1259 Hoc
505 1205 648 1259 enim
670 1206 754 1260 vel
779 1204 951 1261 Judaei
982 1208 1087 1279 ipsi
1115 1220 1338 1280 negant.
1376 1212 1658 1280 Siquidem
1694 1213 1760 1269 R.
1792 1212 1945 1269 Mose

349 1293 463 1350 ben
520 1294 760 1351 Maimon
814 1313 936 1369 cap.
987 1300 1018 1352 7
1080 1288 1362 1358 Kidduseh
1410 1302 1779 1377 hakbodesch,
1823 1304 1851 1376 §
1908 1305 1941 1363 7

354 1395 412 1440 et
448 1385 503 1450 8,
539 1387 889 1457 rejectionem
937 1390 1201 1447 feriarum
1244 1403 1429 1449 natam
1477 1409 1546 1450 ex
1590 1409 1656 1449 eo
1701 1404 1943 1465 tempore

356 1491 481 1531 esse
527 1488 700 1547 putat,
743 1495 855 1549 quo
906 1480 973 1535 ad
1022 1482 1234 1540 medios
1277 1493 1482 1550 motus,
1530 1487 1675 1542 veris
1713 1496 1942 1556 pra-ter-

358 1567 562 1630 missis,
593 1581 909 1638 computum
953 1585 1115 1626 suum
1161 1574 1399 1644 dirigere
1437 1587 1752 1645 cmperunt:
1779 1583 1940 1645 7:57:31

355 1666 620 1754 rimante
655 1646 748 1720 ’ΞΒ
782 1668 910 1754 rp:
954 1670 1092 1723 um:
1131 1675 1198 1725 m
1240 1673 1454 1754 imm:
1501 1675 1685 1754 puniri
1734 1677 1820 1754 ps:
1855 1646 1944 1728 ni:

357 1734 431 1809 ss
466 1758 696 1814 ἰητωκη
745 1738 955 1813 cia-itm
1002 1764 1219 1842 inpiam
1247 1734 1411 1817 ’τι-νη
1461 1734 1661 1842 γῆωρς
1704 1734 1804 1819 κέτι
1839 1771 1943 1820 mn

358 1847 470 1901 nm
505 1850 684 1929 nvrnp
712 1850 799 1903 ur
820 1830 1111 1929 πων-ρ’θὸ
1132 1856 1364 1932 jus—mw
1390 1830 1495 1906 τιοό
1519 1830 1712 1908 vniam
1749 1856 1944 1932 mpm

361 1943 377 1988 :
418 1938 613 1990 imam
649 1912 798 2019 qui:
844 1912 982 1992 uri
1009 1912 1167 1997 91.195
1207 1943 1293 1994 ri:
1324 1934 1690 2000 n”n‘1.Quam
1723 1937 1784 1990 ob
1814 1912 1944 1990 ἓαιι-

359 2036 473 2072 sam
512 2020 565 2072 in
607 2021 706 2074 hoc
739 2031 986 2089 computo
1034 2025 1373 2078 neameniam
1426 2041 1530 2078 non
1582 2025 1845 2080 collocant
1885 2028 1943 2087 in

359 2108 495 2176 feria
527 2126 566 2176 ι,
611 2126 665 2165 iv
698 2121 749 2165 et
789 2128 840 2167 vi
872 2113 1091 2183 (nempe
1128 2113 1182 2167 in
1218 2113 1433 2186 Tisri)?
1469 2115 1547 2170 οι»
1586 2116 1641 2169 id
1678 2116 1940 2184 videlicet,

365 2202 510 2271 quod
566 2212 848 2272 computus
905 2206 1004 2258 iste
1066 2209 1505 2260 accommodatus
1549 2216 1624 2261 est
1670 2194 1751 2261 ad
1818 2225 1944 2262 con-

354 2295 654 2363 iunctiones
698 2297 827 2351 solis
854 2315 916 2352 ac
946 2299 1111 2358 laute.
1156 2298 1450 2353 secundum
1481 2301 1714 2355 medium
1742 2310 1945 2356 motum

359 2387 575 2442 illorum
601 2390 864 2455 siderum,
901 2407 1004 2445 non
1042 2390 1229 2445 habita
1262 2391 1469 2445 ratione
1503 2392 1610 2445 veri
1640 2393 1944 2447 earumdem

360 2479 482 2547 loci,
531 2484 670 2552 quod
703 2482 823 2551 jam
870 2482 1221 2537 ostendimus.
1280 2484 1569 2552 Propterea
1611 2483 1725 2538 dies
1776 2492 1943 2540 certas

360 2573 746 2641 prazﬁnierunt,
784 2575 979 2643 quibus
1016 2575 1320 2629 neomenias
1355 2573 1665 2644 deﬁgerent,
1710 2583 1759 2627 et
1804 2574 1943 2629 alios

361 2663 630 2733 rejiculos,
664 2674 721 2717 ut
746 2680 808 2718 ea
839 2665 1048 2718 ratione
1084 2680 1261 2718 ueram
1288 2663 1715 2732 conjunctionem
1737 2664 1945 2734 assequi

360 2763 592 2825 possent.
628 2754 997 2821 Quamobrem
1028 2770 1152 2809 cum
1180 2770 1247 2809 ex
1278 2756 1665 2810 observatione
1701 2758 1803 2826 τῆς
1841 2756 1946 2825 φά-

365 2860 522 2909 σεως,
556 2852 612 2900 et
644 2846 758 2900 veri
789 2855 972 2901 motus
1002 2846 1308 2901 ratiociniis
1344 2854 1470 2901 ante
1496 2854 1550 2900 et
1585 2854 1712 2915 post
1741 2846 1943 2900 Christi

363 2938 675 3007 passionem
705 2938 910 3007 aliquot
948 2939 1109 2993 annis
1170 2938 1492 2995 neomenias
1530 2938 1846 3005 indixerint,
1887 2945 1946 2993 ut

364 3029 506 3084 idem
547 3039 737 3084 auctor
758 3038 842 3084 est
875 3029 1075 3092 Moses,
1114 3044 1464 3126 consequen.s
1496 3038 1578 3084 est
1615 3029 1708 3084 diu
1752 3037 1944 3099 postea

363 3121 806 3189 superstitionem
839 3121 987 3174 illam
1020 3120 1445 3176 introductam.’
1528 3132 1536 3137 ‘

438 3209 635 3267 Verum
672 3212 799 3282 quia
833 3227 895 3265 ex
939 3210 1253 3281 Epiphanii,
1290 3211 1632 3289 aliorumque
1676 3210 1941 3281 gravissie

363 3317 579 3369 morum
613 3300 989 3371 theOlogorum
1020 3302 1310 3368 sententia,
1343 3300 1598 3357 Christus
1623 3302 1800 3371 pridie
1823 3302 1943 3372 ejus

361 3393 490 3455 diei,
547 3408 658 3464 quo
697 3393 902 3448 Scriba:
937 3400 993 3448 et
1024 3391 1287 3448 Pharisaei
1325 3391 1538 3448 Pascha
1570 3393 1942 3461 celebrarunt,

362 3484 557 3538 ultimo
579 3482 865 3547 Paschate,
892 3498 956 3539 ac
977 3482 1315 3538 solemnibus
1347 3482 1690 3539 caeremoniis
1721 3482 1944 3538 functus

362 3582 481 3640 est;
523 3574 757 3629 ineunda
797 3573 1098 3643 probabilis
1147 3574 1331 3644 aliqua
1383 3575 1527 3629 ratio
1572 3586 1676 3639 est,
1726 3585 1946 3645 propter

362 3681 528 3743 quam
576 3665 750 3721 Judaei
798 3666 1006 3721 Pascha
1043 3681 1074 3720 a
1109 3666 1354 3734 legitimo
1403 3666 1493 3721 die
1529 3668 1582 3721 in
1624 3676 1944 3737 sequentem

365 3757 711 3828 contulerint.
752 3756 846 3812 Est
878 3772 940 3810 ea
980 3771 1130 3823 vero,
1161 3758 1266 3811 nisi
1297 3757 1479 3822 fallor,
1512 3757 1655 3811 haud
1685 3758 1944 3822 absurda,

365 3848 524 3917 cujus
564 3863 630 3902 ex
675 3849 1033 3903 rahbinorum
1083 3850 1500 3905 columentariis
1566 3848 1944 3919 conjecturam

367 3940 633 4009 cepimus.

439 4030 702 4086 Scribunt
734 4032 834 4097 illi,
877 4035 1130 4106 interque
1161 4044 1390 4091 caeteros
1430 4030 1495 4086 Β.
1540 4030 1720 4086 Moses
1760 4030 1813 4084 in
1856 4029 1948 4093 illo

368 4129 625 4187 tractatu,
665 4137 831 4193 quem
887 4139 1030 4195 saepe
1072 4124 1408 4190 memoravi,
1453 4120 1739 4177 differendi
1784 4119 1948 4189 primi

367 4213 594 4277 mensis,
619 4227 685 4268 ac
710 4211 1001 4269 Paschatis
1050 4228 1250 4273 causas
1296 4212 1427 4267 olim
1473 4211 1752 4266 exstitisse
1793 4223 1950 4264 com-

366 4303 573 4374 plures,
622 4318 763 4374 quas
801 4314 960 4360 antea
994 4302 1422 4375 perstrinximus
1457 4320 1471 4356 :
1505 4309 1566 4355 ut
1599 4316 1724 4356 cum
1764 4300 1949 4369 fruges

369 4380 697 4452 arborumve
754 4394 967 4453 fructus
1025 4396 1266 4451 nondum
1328 4394 1530 4449 maturi
1592 4393 1947 4457 viderentur;

2044 575 2191 631 Adar
2224 594 2239 631 :
2267 577 2336 631 de
2363 577 2566 646 quibus
2609 590 2732 646 cap.
2764 575 2799 630 5
2825 573 3003 630 Moses
3039 573 3281 628 disserit.
3318 569 3412 625 llis
3450 577 3632 626 stante

2044 669 2244 740 templo
2296 678 2515 739 propter
2571 667 2780 724 Pascha
2836 667 3055 731 minus,
3124 663 3234 734 ljar
3296 668 3626 719 accesserat.

2044 761 2212 832 Igitur
2246 768 2605 833 posteaquam
2655 759 2882 825 auditis,
2918 756 3344 829 approbatisque
3375 753 3626 820 testibus,

2043 855 2137 924 qui
2167 869 2224 910 se
2256 862 2568 917 nascentem
2593 854 2781 908 lunam
2806 852 3011 907 vidisse
3042 847 3474 912 conﬁrmabant,
3497 857 3631 901 neo-

2043 947 2225 1000 menia
2251 946 2587 1002 sanctiﬁcata
2615 943 2815 1009 fuerat,
2843 944 2897 998 in
2923 942 3069 1008 Tisri
3096 956 3161 996 ac
3188 938 3359 995 Nisan
3389 979 3404 1003 ,
3448 937 3630 1009 primo

2044 1036 2165 1108 ipso
2188 1038 2275 1093 die
2299 1045 2423 1108 post
2448 1037 2581 1092 solis
2621 1044 2803 1091 ortum
2834 1034 3041 1107 egressi
3078 1032 3279 1099 nuntii,
3301 1041 3355 1086 et
3380 1029 3630 1085 Palaesti-

2045 1143 2173 1185 nam
2210 1130 2496 1197 obeuntes,
2526 1130 2746 1200 longius
2771 1127 3158 1191 excurrebant,
3192 1139 3257 1180 ac
3281 1123 3627 1178 neomeniam

2044 1220 2377 1299 indicebant.
2431 1219 2489 1276 ln
2544 1218 2907 1294 vicinioribus
2969 1217 3219 1287 oppidis,
3271 1232 3382 1284 quo
3448 1213 3629 1268 nuntii
3726 1232 3737 1241 ·

2043 1313 2209 1368 citius
2239 1314 2576 1383 aspirabant,
2602 1329 2711 1368 uno
2731 1320 2944 1367 tantum
2974 1310 3064 1366 die
3090 1326 3104 1375 ;
3141 1310 3196 1364 in
3228 1304 3631 1378 longinquiori-

2046 1405 2150 1461 bus
2183 1395 2351 1460 biduo
2390 1405 2715 1460 neomenias
2741 1404 2995 1474 agebant,
3028 1402 3176 1471 quod
3204 1399 3394 1454 incerti
3423 1404 3628 1461 essent,

2043 1510 2206 1564 quem
2252 1494 2394 1549 diem
2442 1494 2771 1566 Synedrium
2828 1488 3175 1563 przelixis'set.
3218 1489 3293 1545 De
3344 1503 3455 1559 quo
3508 1486 3633 1542 vide

2045 1601 2165 1655 cap.
2195 1585 2229 1640 5
2260 1586 2548 1643 Tractatns
2574 1586 2640 1643 Β.
2676 1585 3041 1640 Μξιίηὶοηὶἀω.
3098 1585 3277 1654 Atque
3304 1583 3407 1637 hoc
3436 1578 3630 1635 hodie—

2044 1692 2152 1747 que
2176 1675 2348 1733 Judaei
2391 1679 2450 1732 ὲν
2487 1680 2555 1748 τῇ
2589 1678 2861 1748 διασπορᾷ
2896 1676 3154 1737 retinent,
3186 1683 3242 1729 et
3278 1673 3377 1737 τὰς
3416 1673 3634 1742 temur,-

2045 1769 2167 1830 νίας
2203 1768 2371 1824 biduo
2412 1769 2711 1833 celebrant,
2763 1769 2867 1823 hoe
2906 1775 2990 1823 est
3027 1767 3126 1837 τὴν
3174 1763 3462 1837 τριακάδα,
3515 1762 3632 1817 sive

1976 1825 2018 1879 Β
2048 1825 2176 1928 ἐνηξο
2256 1859 2351 1913 καὶ
2389 1858 2551 1930 νέάν,
2601 1873 2665 1914 ac
2699 1825 3025 1930 ’νουμηνίαψ
3077 1825 3234 1910 Unde
3285 1855 3354 1909 ab
3407 1850 3632 1907 lloratio

2044 1949 2251 2005 dictum
2277 1968 2291 2006 :

2234 2083 2704 2139 HodieAtricestma
2736 2081 2990 2149 Sabbata.

2118 2216 2190 2273 Ut
2222 2228 2401 2273 autem
2435 2216 2744 2274 evidentius
2784 2223 3036 2278 constet,
3075 2230 3239 2286 quam
3284 2214 3628 2279 inconstans,

2045 2317 2101 2366 et
2141 2310 2423 2365 mutabilis
2473 2317 2621 2368 esset
2679 2309 3091 2363 neomeniaruin
3146 2306 3432 2371 definitio,
3475 2306 3632 2362 lucu-

2047 2404 2227 2460 lentus
2306 2402 2529 2472 quidam
2592 2402 2746 2456 locus
2805 2408 2890 2454 est
2948 2400 3005 2453 in
3064 2413 3185 2469 cap.
3250 2398 3285 2451 ὅ
3338 2396 3630 2472 Tractutns

2045 2469 2345 2566 ejusdem,§
2372 2494 2437 2547 15
2464 2500 2517 2549 et
2550 2492 2810 2565 l6,quem
2845 2492 2932 2546 hic
2975 2491 3201 2545 totidem
3235 2490 3415 2545 verbis
3453 2469 3631 2543 ascri-

2047 2588 2193 2644 bam.
2253 2583 2398 2638 Nihil
2454 2584 2601 2640 enim
2656 2583 2723 2637 ad
2785 2582 3158 2651 conjecturam
3217 2590 3464 2635 nostram
3521 2581 3631 2637 dici

2046 2686 2225 2751 pou-si
2282 2678 2486 2747 aptius.
2538 2685 2639 2735 in:
2687 2658 2782 2733 s51
2817 2658 2865 2734 ’ὃ
2902 2682 3018 2733 :nv
3056 2657 3121 2732 Β)
3152 2656 3341 2731 iamne
3372 2680 3630 2759 pri-v3

2044 2778 2268 2831 uanae:
2323 2778 2428 2828 πω)
2470 2777 2658 2827 tzmnn
2702 2778 2786 2824 ns
2829 2775 2990 2828 τπιυπ
3023 2773 3182 2848 qua:
3213 2770 3457 2822 πεπτω-ι
3493 2770 3634 2826 nm:

2043 2868 2224 2944 Tl’ili'ij
2262 2867 2470 2944 D’P‘u'l".
2509 2867 2665 2944 Q3137,
2685 2868 2788 2944 Ἴβέ
2822 2863 2960 2914 D’DV
2998 2860 3050 2910 ’.Ἴ
3086 2863 3150 2912 1R
3187 2859 3236 2911 ’Ἴ
3269 2863 3414 2912 mm
3449 2863 3514 2909 m
3542 2860 3635 2913 '53

2043 2955 2147 3007 is:
2181 2928 2357 3005 ὑπεδιῆ
2394 2929 2620 3004 number
2653 2928 2742 3002 Βνὸ
2781 2952 2935 3001 sine
2959 2952 3122 3000 iam:
3138 2950 3323 3000 mina
3358 2952 3440 2999 nn
3476 2949 3635 2997 πκηῖγ

2046 3048 2341 3098 omnem
2393 3022 2512 3097 5m
2568 3043 2699 3094 ars
2748 3018 2931 3151 Lumbi:
2978 3043 3215 3118 pinum:
3256 3042 3442 3151 ιέηπτη
3493 3042 3634 3114 me:

1969 3152 2012 3210 ο
2043 3137 2308 3219 ῙςΡ-τΕ-ςῃπ
2354 3138 2592 3215 1mm:
2641 3112 2818 3190 mihi
2866 3108 3137 3219 pinv-Hum
3196 3108 3427 3219 rubum
3484 3108 3571 3181 εὴ
3595 3139 3635 3182 κ

2044 3200 2175 3279 sibi
2196 3203 2351 3277 Sim-1
2388 3200 2452 3275 τὰ
2486 3226 2634 3275 smn
2671 3223 2837 3301 1:01P?
2874 3200 2996 3274 seu:
3028 3215 3114 3274 ’δἐι
3148 3200 3427 3299 τνῦπῖιιεντεπ
3464 3258 3475 3267 .
3503 3222 3636 3275 Tm:

2043 3318 2241 3369 ῙὫῚἸΞὩ
2275 3313 2502 3367 ΠΝΥὩΣἾ
2518 3316 2735 3370 D11“??-
2755 3316 2933 3369 D’Tb’i‘l
2958 3314 3101 3368 ΊΊῚΞὩ
3129 3316 3238 3364 om
3261 3319 3274 3362 ε
3297 3314 3484 3368 “12.1373
3510 3314 3636 3362 1.22:7

2042 3410 2217 3464 nm?!
2276 3408 2484 3483 ΓΓἾΪὫΓΡΊ
2534 3405 2739 3455 Ε’ΠἸΞΣἹ
2802 3405 2985 3458 D’YTI"
3038 3404 3226 3453 D7371):
3274 3403 3452 3457 D’Wo'l
3512 3403 3636 3454 ΊἿΠΊ

2043 3500 2229 3574 κεν-ζητῇ
2290 3472 2454 3547 πήκὸ
2504 3495 2673 3574 pangi
2735 3495 2978 3574 manu.
3022 3493 3149 3545 ams
3196 3491 3419 3574 pur-ipp
3472 3492 3634 3541 una:

2043 3558 2194 3641 1535:
2223 3587 2367 3641 min
2401 3558 2569 3638 riu-{:1
2622 3562 2777 3637 Sum
2818 3558 3052 3663 pnm‘w
3117 3558 3277 3633 D1932.
3332 3558 3631 3663 'P'osiquain

2047 3671 2369 3742 Synedrium
2420 3678 2530 3723 toto
2582 3669 2668 3723 die
2702 3660 2965 3721 tricesimo
2993 3665 3256 3730 consedit;
3297 3681 3458 3734 neque
3489 3660 3634 3719 testis

2046 3761 2189 3816 ullus
2227 3761 2461 3824 advenit,
2489 3774 2695 3821 summa
2738 3756 2975 3812 diluculo
3020 3765 3268 3827 surgunt,
3313 3770 3359 3809 et
3404 3767 3633 3808 mensem

2047 3852 2367 3920 intercalant
2384 3866 2405 3925 ς
2436 3848 2882 3922 quemadmodum
2913 3848 2969 3902 in
3001 3849 3099 3901 Itoc
3130 3848 3304 3916 capite
3331 3846 3629 3900 declaravi-

2047 3960 2185 3998 mus.
2238 3943 2392 4007 Quod
2432 3943 2479 3994 si
2523 3950 2641 4011 post
2673 3935 2924 4009 quartum
2988 3939 3292 4009 quintumve
3334 3938 3472 3991 diem
3517 3938 3635 3993 lon-

2049 4036 2228 4107 ginqui
2256 4044 2408 4089 testes
2437 4035 2712 4096 accedant,
2747 4048 2809 4085 ac
2837 4047 2893 4085 se
2924 4030 3108 4084 lunam
3141 4045 3236 4084 suo
3263 4040 3488 4099 tempore
3510 4045 3635 4099 pro-

2049 4128 2284 4197 spexisse
2332 4125 2667 4194 conﬁrment,
2711 4122 2809 4176 hoc
2846 4131 2924 4175 est
2972 4122 3242 4175 tricesima
3292 4128 3476 4183 nocte;
3526 4120 3633 4173 imo

2048 4232 2169 4277 vero
2211 4215 2425 4269 etiamsi
2471 4213 2568 4267 sub
2611 4213 2769 4281 ﬁnem
2811 4211 3009 4265 mensis
3057 4210 3362 4272 adveniant,
3403 4210 3634 4278 primum

2049 4304 2260 4379 quidem
2291 4318 2540 4373 magnum
2578 4301 2686 4363 illis
2729 4310 2982 4354 terrorem
3018 4298 3297 4368 objiciunt,
3327 4310 3374 4353 et
3408 4301 3636 4356 interro-1

2052 4394 2356 4468 gationibus
2390 4396 2679 4459 lacessunt,
2708 4408 2770 4445 ac
2804 4393 3068 4445 morosius
3104 4390 3481 4461 interrogando
3507 4390 3638 4459 Ῑαιίφ

367 4492 412 4550 si
452 4493 741 4562 interrupti
775 4500 971 4563 pontes
1016 4501 1219 4563 essent,
1274 4491 1595 4547 fornacesve
1635 4488 1851 4552 dirutae,
1883 4502 1949 4543 ac
1979 4500 2024 4554 ι)
2051 4496 2213 4559 gant;
2249 4496 2298 4541 et
2343 4485 2561 4541 illorum
2604 4483 2963 4538 testiinonium
3009 4483 3373 4552 scrupulosius
3422 4481 3633 4536 exami-

367 4583 574 4651 reliqua
622 4582 674 4636 id
721 4598 924 4652 genus,
974 4598 1098 4652 quae
1149 4574 1556 4636 solemnitatem
1603 4577 1950 4647 impedirent.

368 4672 445 4729 De
469 4674 671 4743 quibus
699 4688 995 4729 consessus
1019 4673 1190 4735 illius,
1224 4686 1384 4742 quem
1408 4678 1488 4758 "Tt
1514 4678 1620 4728 nt:
1642 4669 1947 4734 nominant,

368 4766 645 4821 decretum
664 4762 1342 4835 eratexspectandutn.-lta
1359 4762 1539 4826 fiebat,
1562 4770 1622 4815 ut
1639 4762 1846 4815 incerta
1862 4774 1950 4816 res

373 4858 665 4912 admodum
687 4866 832 4913 esset
846 4857 1007 4926 primi
1023 4856 1251 4917 mensis,
1267 4871 1329 4910 ac
1354 4853 1635 4909 Paschatis
1650 4861 1884 4922 tempus,
1896 4859 1952 4906 et

369 4950 425 5004 in
445 4950 663 5006 illorum
684 4949 948 5005 arbitratu
968 4949 1145 5019 posita
1168 4966 1183 5002 :
1209 4948 1669 5018 quemadmodum
1687 4945 1830 5015 apud
1847 4942 1953 4999 “0-.

371 5055 566 5096 manes
584 5058 649 5095 ex
670 5040 986 5110 pontificum
1010 5040 1234 5094 libidine
1254 5039 1526 5103 contrahi,
1548 5048 1643 5092 aut
1661 5037 1952 5091 intercala—

370 5131 520 5209 tione
549 5132 779 5202 proferri
821 5147 1094 5187 annorum
1144 5131 1319 5200 spatia
1358 5131 1626 5185 solebant.
1676 5129 1860 5194 Quare
1892 5136 1953 5183 ut

371 5219 536 5297 iidem
579 5220 974 5299 isti'pontillces
1017 5220 1296 5290 mensibus
1331 5218 1560 5288 singulis
1596 5215 1813 5281 Kalare,
1849 5216 1955 5270 hoc

371 5321 458 5369 est
493 5312 766 5368 Kalendas
800 5310 1127 5383 denuntiare
1150 5310 1436 5365 solebant:
1462 5308 1542 5364 sic
1563 5308 1705 5377 apud
1734 5305 1954 5360 Iudaeos

373 5403 724 5477 Synedrium,
757 5404 904 5473 quod
944 5402 1269 5457 ordinandis
1306 5398 1651 5469 temporibus
1697 5403 1949 5467 praeerat,

370 5505 646 5551 certorum
697 5495 971 5550 mensium
1011 5492 1330 5547 neomenias
1374 5507 1470 5561 per
1525 5489 1772 5555 nuntios,
1812 5503 1953 5559 quos

377 5569 593 5647 mnich
660 5585 949 5650 vocabant,
1014 5583 1257 5638 indicere
1326 5590 1706 5645 consueverat,
1760 5592 1951 5633 eorum

372 5671 628 5733 videlicet
667 5675 964 5740 mensium,
1003 5675 1206 5746 quibus
1234 5673 1502 5730 solemnia
1532 5671 1783 5742 quaedam
1814 5670 1953 5725 festa

374 5769 794 5843 peragebantur,
823 5781 1056 5840 quorum
1085 5775 1329 5837 tempora
1361 5762 1571 5819 d‘imcile
1599 5760 1800 5831 conjici
1825 5773 1953 5833 pos-

2056 4589 2207 4646 nant,
2244 4588 2400 4646 atque
2433 4578 2491 4630 in
2537 4594 2714 4631 omnes
2747 4592 2802 4629 se
2829 4585 3006 4646 partes
3037 4585 3268 4645 versant,
3298 4589 3401 4644 quo
3445 4589 3634 4629 novam

2053 4670 2207 4724 illam
2262 4669 2739 4739 sanctiﬁcatione»:
2778 4669 3075 4733 declinent,
3157 4675 3436 4736 postquam
3476 4665 3635 4721 semel

2052 4761 2431 4821 intercalatum
2473 4771 2572 4815 est.
2619 4759 2810 4813 Verum
2849 4761 2897 4813 si
2933 4769 3086 4814 testes
3129 4758 3214 4812 illi
3246 4759 3303 4811 in
3336 4758 3634 4812 testimonia

2053 4873 2149 4915 suo
2181 4862 2479 4909 constantes
2527 4851 2748 4920 fuerint,
2782 4851 2940 4920 idque
2968 4864 3148 4905 verum
3194 4849 3405 4901 omnino
3445 4845 3633 4915 depre-

2053 4949 2270 5003 hensum
2302 4945 2500 5016 fuerit;
2540 4944 2629 4997 sed
2673 4954 2722 4996 et
2760 4943 2858 5011 ipsi
2905 4949 3058 4994 testes
3100 4940 3213 4994 noti
3247 4955 3309 4992 ac
3353 4939 3632 5008 prudentes

2053 5041 2195 5103 sint;
2230 5053 2291 5090 ac
2318 5018 2541 5105 denique
2567 5034 2690 5096 rite,
2728 5042 2779 5086 et
2810 5040 2869 5085 ut
2898 5047 2997 5100 par
3031 5041 3108 5084 est
3150 5030 3483 5098 exploratum
3512 5026 3636 5080 illo-

2054 5140 2174 5178 rum
2204 5121 2566 5177 testimonium
2598 5120 2781 5189 fuerit,
2813 5117 2878 5172 de
2921 5118 3125 5188 integro
3165 5117 3488 5171 neomeniam
3541 5116 3634 5168 de-

2054 5215 2272 5284 ﬁniunt,
2303 5229 2364 5265 ac
2397 5225 2626 5264 mensem
2673 5208 2828 5262 illuni
2862 5216 3212 5270 retexenter,a
3256 5206 3521 5259 tricesimo
3549 5204 3635 5258 die

2053 5305 2340 5376 superioris
2372 5312 2680 5371 computare
2726 5301 2837 5353 dies
2878 5297 3026 5352 illius
3070 5297 3365 5365 incipiunt:
3393 5294 3626 5366 quando-

2054 5398 2264 5469 quidem
2293 5412 2391 5448 sua
2421 5396 2476 5447 in
2507 5402 2656 5446 nocte
2685 5393 2814 5444 luna
2849 5397 3129 5459 conspecta
3153 5398 3253 5442 est.
3283 5386 3633 5441 Manifestum

2054 5491 2225 5538 estex
2249 5483 2390 5547 loco,
2421 5479 2629 5535 Christi
2656 5476 2870 5531 Domini
2903 5485 3145 5546 tempore
3186 5473 3503 5529 neomenias
3522 5487 3633 5525 non

2055 5581 2167 5628 tam
2199 5580 2349 5628 certo
2376 5571 2699 5627 constitutas
2722 5568 2917 5634 fuisse,
2952 5575 3013 5621 ut
3045 5581 3153 5620 non
3182 5566 3266 5621 vel
3294 5564 3489 5620 aﬂ‘eeto
3516 5563 3630 5634 jam

2055 5679 2244 5721 mense
2266 5672 2534 5725 retexere,
2560 5675 2626 5716 ac
2663 5668 2961 5715 retractare
2994 5657 3206 5712 licitum
3249 5663 3429 5720 esset,
3467 5653 3634 5708 adeo-

2057 5771 2164 5827 que
2208 5753 2583 5815 solemnitates
2627 5752 2800 5833 ipsas,
2832 5765 2955 5823 quae
2996 5764 3028 5813 α
3063 5748 3274 5808 mensis
3296 5747 3474 5814 capite
3503 5759 3639 5813 pen-
