4054 6404
337 389 444 448 987

1434 382 1780 445 ΔΡΡΕΝΟΙΧ
1819 382 2458 443 DISSERTATIONUM.

3512 385 3622 443 038

341 500 556 570 dererit,
589 500 644 557 in
685 503 826 559 alios
865 499 984 557 dies
1030 499 1310 556 incidisse.
1351 499 1533 570 Quare
1569 515 1694 557 eum
1741 508 1917 556 totum
1951 504 2002 562 Α
2027 502 2278 557 ctoritate
2305 503 2575 566 nituntur,
2609 499 2869 563 Matthxi,
2896 499 3061 556 Marci
3116 515 3179 554 ac
3218 499 3396 555 Lucae.
3445 500 3598 566 Quo-

343 592 452 650 hoc
478 595 760 664 negotium
811 607 1098 662 perperam
1123 607 1153 646 a
1185 592 1566 648 stolidissimis
1595 593 1931 664 magistrati-

344 684 469 748 bus,
495 695 550 740 et
576 692 767 740 contra
787 683 1058 752 majorum
1084 683 1224 737 ritus
1250 683 1752 748 administraretur,
1780 698 1934 753 gras-

346 789 504 832 sante
535 775 946 846 superstitione,
979 775 1532 845 eorruptissimisqne
1569 775 1930 846 temporibus,

343 867 640 920 verisimile
675 875 759 922 est
799 866 1015 934 aliquos
1057 875 1325 934 repertos,
1363 867 1457 935 qui
1497 867 1640 922 hanc
1678 882 1934 922 caeremo-

345 959 600 1020 niarum,
647 959 966 1028 rituumque
1005 958 1510 1027 perturbationem,
1555 970 1830 1028 quatenus
1875 961 1928 1014 in

347 1047 482 1116 ipsis
521 1055 674 1108 erat,
720 1047 1014 1101 emendare
1063 1048 1370 1114 studerent,
1416 1058 1470 1102 et
1509 1065 1632 1117 quae
1677 1050 1930 1119 privatim

347 1139 500 1190 obire
532 1146 785 1206 poterant
820 1153 976 1191 sacra
1025 1138 1285 1207 legitimis
1336 1140 1675 1208 temporibus
1711 1141 1934 1209 perlice-

345 1237 486 1282 rent.
519 1229 843 1298 anusmodi
887 1230 1163 1298 paschalis
1205 1231 1329 1300 agni
1379 1245 1536 1285 caena
1573 1230 1675 1286 fuit
1719 1248 1932 1302 :quam

347 1334 492 1373 anno
518 1336 632 1374 sua:
663 1319 943 1376 Passionis
973 1321 1226 1375 Christus
1267 1337 1394 1375 cum
1447 1323 1733 1391 apostolis,
1767 1335 1932 1393 atque

346 1411 472 1465 aliis
497 1413 662 1465 etiam
701 1411 934 1466 fortasse
954 1411 1153 1466 Judtcis
1183 1413 1380 1482 pridie,
1399 1429 1564 1484 quam
1587 1415 1767 1470 caeteri
1799 1431 1933 1485 prae-

350 1508 573 1567 postere
621 1499 672 1552 id
723 1499 988 1565 facerent,
1028 1517 1295 1570 usurpare
1348 1503 1561 1557 maluit.
1601 1502 1787 1573 Neque
1832 1505 1933 1559 hoc

347 1588 537 1651 unius,
579 1588 874 1644 alteriusve
917 1590 1024 1643 diei
1059 1591 1356 1644 discrimen
1405 1591 1783 1648 admirabilius
1812 1609 1934 1650 esse

348 1675 533 1742 debet,
568 1693 734 1747 quam
761 1677 906 1747 quod
932 1677 1264 1734 Christianis
1299 1679 1434 1748 ipsis
1470 1695 1577 1734 non
1617 1682 1780 1736 modo
1808 1692 1935 1739 ante

347 1763 588 1822 Victoris
630 1782 783 1837 papae
816 1767 1120 1834 decretum,
1163 1779 1258 1823 aut
1286 1768 1566 1826 Nicaanum
1600 1772 1930 1836 concilium;

2039 609 2159 648 rum
2209 593 2418 663 primus
2469 608 2588 662 cap.
2649 608 2794 657 xxvr,
2827 592 2860 646 5
2895 611 2908 646 :
2959 593 3036 662 Τῇ
3077 587 3140 644 δὲ
3175 590 3385 665 πρώτῃ.
3415 592 3635 661 inquit,-

2037 684 2145 736 τῶν
2187 683 2436 753 Ἀζύμων
2472 681 2775 752 προσῆλθον
2803 683 2850 734 οἱ
2871 681 3129 752 μαθηται,
3162 681 3347 734 Prima
3377 682 3460 734 die
3487 697 3617 751 azy-

2038 792 2242 828 morum
2272 785 2599 828 accesserunt
2624 773 2913 842 discipuli;
2944 772 3160 827 Marcus
3193 789 3320 827 vero
3350 789 3471 842 cap.
3507 789 3617 842 xiv,

2041 866 2109 918 1‘2.
2130 885 2140 918 :
2165 867 2274 918 Καὶ
2296 869 2359 936 τῇ
2385 863 2573 936 πρώτῃ
2596 863 2778 934 ἡμέρᾳ
2805 862 2913 915 τῶν
2951 862 3221 932 Ἀζύμων,
3243 863 3331 914 ὅτε
3353 862 3414 915 τὸ
3431 863 3618 932 Πάσχα

2040 953 2217 1016 ἔθυον,
2253 953 2440 1006 Prima
2464 953 2548 1006 die
2581 967 2926 1021 azymorum,
2960 951 3170 1020 quando
3201 951 3410 1004 Pascha
3449 953 3617 1004 sacri-

2038 1046 2306 1116 ﬁcabant;
2331 1044 2564 1112 denique
2582 1042 2759 1096 Lucas
2788 1058 2907 1110 cap.
2939 1057 3030 1106 xx,
3059 1041 3090 1091 7
3117 1059 3132 1094 :
3160 1037 3328 1092 Ἦλθε
3358 1039 3413 1091 δὲ
3436 1040 3621 1110 ἡμέρα

2038 1135 2146 1188 τῶν
2182 1135 2451 1205 ’Λζύμων,
2482 1137 2540 1188 ὲν
2630 1133 2738 1186 ἔδει
2765 1131 2986 1186 Θύεσθαι
3018 1133 3079 1184 τὸ
3110 1133 3318 1201 Πάσχα,
3343 1129 3487 1184 Venit
3507 1132 3616 1184 dies

2039 1242 2369 1296 azymorum,
2399 1228 2455 1278 in
2483 1242 2586 1295 qua
2623 1225 2896 1293 oportebat
2940 1223 3219 1276 immolare
3247 1221 3473 1276 Pascha.
3504 1221 3618 1275 Ma-

2039 1317 2235 1371 nifeste
2275 1317 2506 1386 primam
2542 1316 2877 1386 Azymorum
2898 1313 3191 1384 appellant,
3222 1329 3344 1382 qua:
3376 1329 3406 1366 a
3433 1329 3619 1382 vespe-

2040 1424 2097 1462 ra
2120 1408 2267 1461 ferite
2290 1423 2319 1460 v
2345 1407 2528 1476 erepit,
2558 1422 2664 1476 qua
2701 1406 2788 1460 die
2817 1403 3026 1460 Pascha
3071 1405 3138 1460 de
3172 1419 3323 1459 more
3374 1406 3442 1458 ab
3489 1417 3621 1472 apo-

2040 1499 2197 1554 stolis
2247 1506 2648 1568 pra-paratum,
2701 1509 2752 1553 et
2804 1494 3186 1566 patrifamilias
3239 1494 3618 1549 denuntiatum

2039 1591 2274 1645 videtur.

2109 1681 2214 1735 Alii
2241 1695 2389 1742 vero,
2415 1679 2507 1749 qui
2533 1694 2657 1734 eum
2690 1676 3022 1747 Epiphanio,
3057 1677 3380 1745 caaterisque
3407 1678 3620 1748 gravis-

2040 1772 2194 1829 simis
2243 1771 2603 1840 scriptoribus
2658 1777 2859 1839 negant
2891 1768 3080 1823 eodem
3122 1768 3210 1822 die
3243 1766 3453 1823 Pascha
3477 1773 3622 1824 cete-

347 1869 538 1912 verum
581 1857 746 1912 etiam
780 1859 993 1928 aliquot
1033 1870 1220 1929 postea
1269 1864 1487 1919 saeculis
1531 1865 1748 1931 accidit,
1783 1867 1929 1920 utin
1963 1859 2272 1928 Bbratum,
2318 1861 2548 1917 Joannis
2609 1860 2986 1916 testimonium
3045 1857 3369 1929 proferunt;
3421 1859 3513 1928 qui
3566 1850 3654 1932 id:

350 1947 773 2019 religiosissima
812 1949 1098 2006 Paschalis
1129 1953 1442 2008 celebritate
1471 1971 1581 2010 uno
1613 1957 1933 2027 plerumque

351 2053 564 2102 mense,
599 2055 994 2110 nonnunquam
1025 2043 1218 2097 diebus
1249 2060 1345 2107 vn,
1385 2061 1414 2098 a
1467 2060 1522 2099 se
1556 2046 1784 2101 invicem
1824 2048 1932 2101 dif-

351 2127 580 2184 ferrent.
617 2130 692 2184 De
723 2147 834 2200 quo
867 2133 1129 2186 nonnulla
1167 2134 1232 2187 ad
1268 2133 1555 2203 Nicephori
1592 2135 1931 2193 Breviarium

354 2221 411 2276 in
436 2222 758 2302 Προρεωρίᾳ
783 2225 914 2278 olim
943 2226 1342 2281 adnotavimus.
1375 2227 1477 2281 Ubi
1506 2245 1613 2284 non
1644 2232 1818 2286 solum
1851 2232 1934 2285 iu-

351 2321 434 2367 ter
468 2315 774 2380 haaretieos,
807 2316 919 2369 sive
947 2315 1475 2381 Quartadecimanos
1514 2329 1568 2374 et
1602 2322 1929 2388 catholicos,

351 2403 447 2459 sed
473 2405 614 2457 inter
643 2405 982 2460 orthodoxos
1011 2406 1161 2475 ipsos
1190 2406 1451 2477 ﬂagrasse
1475 2409 1790 2466 istiusmodi
1821 2411 1934 2468 dis-

352 2493 494 2548 sidia
527 2495 752 2564 planum
790 2494 1043 2552 fecimus.

357 2605 547 2664 Utrum
579 2608 824 2664 Christus
854 2611 1032 2664 eodeni
1061 2627 1160 2678 quo
1190 2609 1571 2666 Jndwi‘cwlcri
1600 2613 1684 2666 die
1719 2611 1937 2668 Pascha

497 2711 506 2720 -
1001 2680 1135 2732 caleb
1144 2683 1251 2733 rari
1259 2691 1299 2735 ι.

421 2767 706 2823 Celebrem
735 2786 829 2837 per
862 2786 982 2825 sese
1019 2773 1382 2839 quaestionem
1423 2773 1778 2843 insigniorem
1813 2775 1934 2829 red-

353 2858 489 2914 didit
525 2859 841 2915 Graecorum
875 2861 1306 2932 Latinorumque
1347 2867 1718 2920 controversia
1761 2884 1775 2920 :
1810 2883 1935 2922 nam

355 2950 456 3016 illi,
491 2961 549 3005 ut
580 2967 694 3005 sum
727 2952 794 3006 de
829 2952 1158 3007 fermentato
1185 2969 1326 3023 pane
1371 2957 1658 3010 sententiae
1693 2958 1934 3026 patroci-

355 3051 576 3126 nentur,
604 3042 882 3097 Christum
916 3043 1210 3098 Dominum
1240 3061 1348 3100 non
1390 3047 1522 3100 luna
1557 3063 1667 3111 xw,
1699 3050 1790 3103 sed
1812 3065 1933 3116 xm,

354 3132 565 3188 Pascha
592 3135 772 3204 egisse
805 3137 1249 3204 pertinacissime
1277 3127 1603 3203 defendunt,
1631 3157 1755 3194 cum
1791 3157 1933 3196 non.

353 3224 483 3278 dum
522 3224 695 3280 Judzei
747 3228 956 3297 azymis
1006 3239 1312 3283 uterentur.
1360 3230 1561 3285 Contra
1614 3231 1818 3299 Latini,
1866 3250 1936 3290 ne

357 3314 462 3368 hoc
491 3314 596 3370 sibi
639 3321 706 3370 de
736 3317 954 3370 Domini
987 3321 1237 3388 exemplo
1272 3323 1587 3388 praesidium
1619 3327 1935 3394 extorqueri

357 3403 622 3466 sinerent,
668 3415 941 3474 negarunt
983 3407 1114 3470 alio,
1164 3424 1331 3476 quam
1366 3425 1475 3478 quo
1518 3409 1688 3466 Judaei
1729 3417 1934 3481 caeleri,

354 3493 462 3558 die,
497 3495 797 3564 legitimum
827 3513 1028 3566 agnum
1059 3500 1384 3564 comedisse,
1424 3503 1527 3557 hoc
1571 3514 1656 3558 est
1687 3521 1775 3558 xuv
1810 3507 1938 3561 lnna

357 3585 461 3640 sub
494 3601 795 3654 vesperam.
841 3586 947 3641 Sed
977 3589 1078 3642 ista
1107 3588 1370 3644 Graecula:
1403 3590 1552 3648 faecis
1579 3596 1785 3663 Opinio,
1810 3613 1940 3666 qua-

358 3683 517 3731 tenus
542 3677 825 3732 Christum
863 3679 983 3733 sine
1015 3674 1224 3750 azyinis
1251 3682 1559 3739 celebrasse
1605 3685 1814 3742 Pascha
1839 3689 1938 3742 do-

357 3774 463 3827 cet.
491 3767 721 3822 inscitiae
745 3777 799 3822 et
819 3769 1177 3825 absurditatis
1198 3771 1361 3828 habet
1385 3776 1703 3844 plurimum.
1726 3777 1937 3833 Etenim

357 3877 692 3933 quocunque
740 3865 958 3918 tandem
1005 3865 1093 3920 die
1155 3866 1361 3922 Pascha
1418 3869 1670 3925 Christus
1717 3873 1935 3937 ohierit,

357 3965 484 4006 cum
520 3968 625 4006 una
657 3962 712 4007 et
736 3955 1067 4024 Azymorum
1092 3955 1415 4012 solemnitas
1437 3958 1727 4014 delibanda
1751 3960 1934 4024 fuerit,

357 4057 469 4097 non
519 4043 698 4111 magis
747 4044 865 4098 sine
911 4047 1119 4114 azymis
1167 4049 1362 4115 potuit,
1405 4065 1564 4118 quam
1615 4053 1734 4105 sine
1775 4067 1936 4121 agno,

359 4133 592 4189 solemni
642 4135 772 4189 huic
815 4135 1064 4204 religioni
1139 4138 1478 4194 satisfacere.
1533 4140 1766 4196 Proinde
1828 4159 1939 4196 non

360 4219 686 4276 fermentato
725 4237 861 4278 usus
894 4234 999 4287 est,
1035 4240 1102 4278 ne
1151 4226 1345 4294 legem,
1391 4229 1550 4297 cujus
1581 4240 1776 4284 auctor
1800 4241 1938 4300 erat,

358 4310 700 4382 infringeret.
737 4313 855 4368 Sed
892 4329 1069 4384 neque
1109 4331 1294 4370 verum
1341 4330 1445 4383 est,
1479 4321 1621 4388 quod
1655 4320 1849 4386 Graeci,
1888 4332 1942 4378 et

359 4401 500 4456 inter
523 4413 749 4459 caeteros
797 4406 1099 4469 Cedrenus,
1140 4421 1204 4461 ac
1251 4407 1591 4478 Nicephorus
1636 4412 1936 4480 afﬁrmant,

2035 1964 2237 2025 aperte,
2273 1971 2336 2009 ae
2366 1954 2500 2008 citra
2539 1953 2799 2023 ambages
2842 1951 3114 2020 signifieat
3147 1965 3160 2000 :
3209 1948 3446 2020 primum
3495 1967 3617 2018 cap.

2036 2046 2196 2109 xm,l
2225 2062 2238 2098 :
2270 2044 2382 2113 Πρὸ
2420 2043 2518 2112 τῆς
2539 2041 2732 2111 ἑορτῆς
2756 2040 2848 2093 τοῦ
2875 2039 3088 2109 Πάσχα,
3116 2039 3306 2094 scribit
3337 2039 3618 2093 Christum

2033 2137 2290 2205 paschate
2332 2149 2431 2189 suo
2466 2133 2782 2188 defunctum
2814 2173 2828 2196 ,
2879 2133 2931 2187 id
2975 2141 3060 2186 est
3092 2134 3228 2186 Ante
3275 2129 3469 2199 festum
3507 2129 3621 2182 Pa-

2034 2228 2190 2280 sclta'.
2225 2225 2356 2280 Item
2388 2241 2508 2294 cap.
2547 2241 2708 2289 xvm,
2737 2224 2828 2288 28,
2857 2223 3076 2278 Judaeos
3105 2224 3184 2277 ait
3236 2223 3359 2292 ipso
3397 2223 3487 2276 die
3520 2235 3623 2291 pa-

2033 2332 2283 2371 rasceves
2312 2315 2515 2384 ingredi
2538 2315 2768 2368 noluisse
2791 2314 3132 2382 praetorium,
3180 2327 3241 2365 ne
3280 2311 3620 2364 contamina-

2044 2415 2247 2468 rentur,
2281 2405 2371 2458 sed
2392 2413 2447 2455 ut
2471 2404 2794 2456 comederent
2832 2401 3059 2456 Pascha.
3098 2401 3178 2454 Ad
3203 2400 3316 2455 haec
3344 2414 3464 2469 cap.
3505 2385 3624 2464 xIx,

2037 2499 2121 2554 Li:
2158 2499 2783 2564 Eratautemparasceee
2819 2492 3058 2555 Patre/rw,
3089 2492 3220 2544 liora
3261 2493 3417 2562 quasi
3450 2503 3623 2546 sexta.

2033 2590 2242 2644 Caetera
2291 2589 2374 2642 vel
2434 2586 2770 2649 testimonia,
2821 2585 2908 2640 vel
2958 2590 3287 2652 argumenta
3337 2591 3621 2651 praetereo.

2038 2685 2178 2738 Sunt
2207 2684 2350 2738 enim
2381 2683 2483 2738 ista
2527 2682 2824 2752 prazcipua.

2103 2775 2225 2830 Jam
2264 2776 2316 2828 in
2354 2784 2504 2829 tanto
2567 2773 2887 2842 Opinionnm
2929 2771 3429 2838 auctoritatnmque
3484 2782 3621 2822 con-

2036 2867 2206 2929 flictu,
2225 2867 2277 2920 in
2302 2881 2367 2919 eo
2393 2864 2736 2934 potissimum
2757 2861 3217 2932 acquiescendum
3238 2861 3446 2929 judico,
3474 2863 3623 2930 quod

2037 2958 2106 3010 iis
2149 2955 2482 3010 testimoniis
2527 2953 2864 3022 approbatur
2891 2992 2904 3017 ,
2960 2967 3082 3021 qua:
3112 2951 3166 3004 in
3203 2951 3430 3004 alteram
3481 2949 3626 3002 trahi

2037 3047 2362 3101 sententiam
2397 3052 2693 3114 nequeant,
2740 3059 2864 3098 cum
2926 3052 3143 3107 caetera,
3196 3057 3318 3111 qua:
3345 3039 3624 3094 contraria

2039 3138 2310 3203 videntur,
2350 3129 2629 3190 conciliari
2661 3135 3035 3204 explicarique
3096 3132 3331 3202 possiul.
3377 3131 3444 3185 At
3476 3131 3628 3200 ejus-

2045 3230 2190 3284 modi
2224 3239 2305 3283 est
2334 3227 2600 3298 posterior
2633 3227 2745 3291 illa,
2800 3241 2964 3294 quam
3019 3223 3358 3293 Epiphanius
3406 3231 3628 3276 secutus

2039 3329 2142 3385 est,
2168 3320 2434 3374 sententia
2461 3337 2474 3372 :
2507 3317 2726 3372 cuinon
2760 3317 2946 3385 pauci,
3001 3316 3273 3384 iidemque
3303 3314 3629 3368 auctoritate

2039 3421 2091 3466 et
2119 3413 2422 3466 eruditione
2465 3411 2736 3480 principes
2765 3409 3046 3478 suﬂragati
3081 3417 3249 3463 sunt:
3285 3407 3628 3475 maximeque

2042 3502 2242 3556 Paulus
2273 3501 2595 3570 Bnrgensis;
2633 3499 2836 3554 Paulus
2881 3498 3456 3568 Forosemproniensis
3512 3499 3628 3567 epi-

2041 3609 2274 3660 scapus;
2304 3590 2544 3645 Joannes
2566 3590 2821 3667 Lucidus,
2847 3589 3137 3653 Onnfrius,
3162 3589 3477 3653 Jansenius,
3499 3588 3628 3644 Mal-

2041 3685 2276 3738 douatus
2313 3691 2514 3746 noster,
2565 3689 2620 3734 et
2647 3681 2760 3734 alii.
2797 3679 3122 3750 Quanquam
3163 3692 3216 3734 et
3248 3681 3306 3747 ii,
3338 3690 3392 3734 et
3432 3695 3627 3734 omnes

2041 3774 2293 3843 fore,qui
2343 3775 2605 3827 hactenus
2651 3773 2790 3825 hanc
2836 3771 3154 3840 Opinionem
3188 3773 3424 3842 amplexi
3474 3781 3626 3836 sunt,

2041 3867 2107 3921 ad
2139 3867 2407 3935 vulgatam
2444 3865 2591 3918 illam
2619 3863 2881 3918 festorum
2917 3866 3355 3931 translationem,
3380 3875 3433 3920 et
3464 3865 3628 3919 feria-

2044 3971 2164 4009 rum
2195 3955 2461 4008 delectum
2485 3951 2778 4019 confugere
2799 3954 2998 4020 solent,
3040 3956 3478 4023 existimantqne
3514 3953 3627 4022 pri-

2043 4062 2192 4100 mum
2225 4061 2542 4116 azymorum
2573 4045 2716 4099 diem
2767 4061 3048 4113 nunquam
3085 4061 3114 4099 a
3146 4045 3350 4100 Judaeis
3403 4046 3535 4099 feria
3574 4059 3626 4098 vt

2042 4135 2394 4190 celebratum.
2427 4134 2630 4190 Verum
2661 4135 2903 4188 nondum
2951 4134 3097 4189 istud
3134 4133 3338 4188 Christi
3373 4143 3622 4202 tempore

2042 4228 2396 4283 constitutum
2429 4226 2618 4292 fuisse,
2643 4228 2841 4283 docent
2874 4227 3095 4297 ipsimet
3124 4223 3362 4278 Hebraei.
3393 4224 3472 4277 Ac
3495 4237 3625 4292 pro-

2044 4320 2186 4374 feeto
2217 4321 2262 4375 si
2296 4320 2734 4390 rejiciendarum,
2769 4319 3326 4387 asciseendarumque
3363 4315 3623 4370 feriarum

2043 4411 2314 4465 ordinaria
2347 4399 2536 4466 fuisset
2564 4412 2654 4464 illa
2684 4411 2851 4477 ratio,
2883 4420 3047 4480 atque
3077 4409 3146 4463 ab
3180 4408 3450 4462 universis
3477 4423 3628 4460 rere-

359 4491 639 4549 Christum
667 4497 756 4550 die
774 4498 978 4552 mensis
1002 4515 1121 4566 xm,
1148 4516 1255 4554 non
1295 4516 1384 4554 xlv
1407 4502 1713 4570 pasehalem
1739 4505 1940 4560 obiisse
1973 4508 2016 4560 ι)
2048 4513 2158 4573 pta,
2186 4520 2361 4573 neque
2382 4503 2637 4558 Christus
2664 4503 2948 4568 Dominus,
2975 4519 3077 4558 nec
3095 4503 3188 4556 ulli
3211 4503 3434 4556 omnino
3451 4501 3624 4555 Judzri

360 4600 622 4642 cenam:
673 4603 852 4658 neque
891 4591 943 4644 id
994 4590 1333 4661 Epiphanius
1396 4594 1595 4660 sentit;
1654 4604 1711 4648 ut
1755 4599 1935 4667 magni

361 4676 582 4745 quidam
613 4679 718 4732 viri
752 4681 1125 4736 crediderunt.
1154 4681 1269 4738 lmo
1313 4699 1440 4738 vero
1473 4685 1635 4738 etiam
1676 4697 1804 4742 ante
1838 4704 1934 4742 xm

360 4769 549 4824 lunam
580 4771 761 4842 egisse
801 4771 1010 4827 Pascha
1049 4777 1260 4841 statuit,
1299 4777 1402 4833 hoc
1439 4787 1526 4833 est
1566 4789 1796 4835 exclude
1816 4779 1936 4854 .Ju-

361 4861 516 4918 daica
547 4862 677 4916 luna
714 4879 834 4926 xli,~
857 4863 1072 4920 Merena
1104 4882 1234 4921 vero
1269 4883 1345 4932 χι,
1380 4878 1440 4923 ιιι
1478 4885 1580 4924 suo
1610 4871 1730 4926 loco
1759 4872 1940 4926 decla-

360 4959 542 5007 ratum
571 4960 674 5007 est.
712 4952 816 5008 Sed
857 4955 1162 5011 obscuritas
1208 4959 1312 5012 loci
1353 4958 1504 5026 facit,
1545 4972 1606 5014 ut
1637 4961 1702 5014 iis
1743 4978 1939 5018 conce-

359 5043 536 5098 denda
579 5045 735 5098 venia
779 5047 873 5110 sit,
933 5048 1028 5115 qui
1079 5039 1218 5102 falso
1270 5048 1557 5119 Epiphanii
1612 5054 1934 5107 sententiam

360 5134 700 5204 interpretati
725 5147 874 5192 sunt.
910 5138 1112 5194 Verum
1146 5143 1349 5197 omissa
1385 5143 1759 5199 Graeculorum
1799 5161 1936 5200 con--

359 5226 652 5291 trmersia,
686 5243 809 5296 quin
838 5228 1172 5285 difﬁcultatis
1222 5231 1385 5286 habet
1431 5233 1588 5299 nihil,
1636 5234 1688 5288 in
1726 5236 1937 5306 reliqua

356 5316 506 5370 omni
559 5319 863 5386 quaestione
920 5323 1206 5377 tractanda
1256 5338 1322 5378 eo
1379 5324 1657 5381 breviores
1705 5328 1933 5397 erimus,

357 5409 502 5474 quod
533 5410 776 5479 plerique
803 5411 919 5467 suis
948 5413 1096 5468 illam
1131 5415 1354 5484 scriptis
1388 5416 1676 5486 diligenter
1701 5420 1939 5488 explica-

359 5505 504 5550 runt.
542 5497 908 5563 Quamobrem
941 5503 1231 5573 utriusque
1271 5505 1444 5572 partis
1473 5506 1715 5563 rationes
1744 5511 1935 5578 paucis

261 5647 264 5649 Α
357 5586 691 5644 ωειὶιιιειιιόω
711 5598 862 5645 sunt.

429 5677 532 5743 Qui
562 5679 748 5736 eadem
779 5682 886 5746 die,
918 5699 1025 5754 qua
1068 5685 1246 5742 Judaei
1286 5688 1491 5751 caeteri,
1527 5689 1730 5746 Pascha
1787 5695 1934 5750 cele-

361 5771 546 5825 brasse
578 5771 862 5828 Christum
882 5777 1105 5844 volunt,
1135 5779 1590 5847 evangelistarum
1630 5787 1790 5838 trium
1830 5804 1930 5841 au-

2048 4596 2388 4659 neomcnias,
2448 4585 2725 4665 festosque
2767 4596 2886 4649 dies
2943 4595 3101 4650 aliter
3126 4633 3140 4658 ,
3177 4610 3340 4664 quam
3371 4610 3435 4648 ex
3491 4594 3625 4663 legis

2048 4687 2206 4742 istius
2240 4686 2552 4756 praescripto
2593 4687 2981 4741 celebrassent.
3012 4685 3130 4738 Non
3168 4686 3314 4739 enim
3361 4700 3622 4753 prmceps,

2048 4795 2147 4832 nec
2170 4779 2397 4845 abrupta
2433 4778 2534 4832 fuit
2559 4777 2816 4832 feriarum
2847 4778 2937 4831 illa
2963 4778 3214 4838 mutatio,
3245 4777 3338 4830 sed
3361 4777 3472 4844 jam
3508 4786 3624 4828 tum

2046 4868 2100 4921 in
2137 4868 2256 4936 ipso
2286 4868 2411 4920 anni
2461 4867 2635 4935 capite
2662 4866 2935 4935 provideri
3006 4882 3070 4919 ae
3098 4865 3369 4933 designari
3393 4876 3627 4916 consue-

2046 4967 2214 5012 verat.
2241 4958 2393 5012 Velut
2423 4973 2566 5010 anno
2597 4957 2870 5025 passionis
2892 4955 3096 5010 factum
3127 4971 3248 5010 esse
3273 4970 3339 5007 ex
3366 4953 3628 5022 opinione

2051 5049 2312 5118 Scaligeri
2343 5066 2506 5119 supra
2532 5049 2774 5102 diximus
2815 5065 2828 5102 :
2879 5047 2932 5102 in
2957 5064 3067 5117 quo
3103 5062 3227 5101 cum
3254 5045 3394 5100 Tisri
3430 5059 3460 5098 a
3487 5043 3624 5098 feria

2047 5157 2099 5196 IV
2127 5142 2178 5195 in
2209 5157 2239 5195 v
2274 5142 2607 5204 transiisset,
2641 5154 2986 5209 consequens
3013 5137 3136 5203 fuit,
3164 5147 3294 5192 utet
3318 5135 3484 5190 Nisan
3515 5152 3545 5189 a
3571 5151 3625 5190 vr

2058 5234 2474 5293 submoveretur
2520 5234 2574 5287 in
2604 5247 2698 5286 vn.
2733 5229 2847 5285 iloe
2875 5232 3035 5300 igitur
3070 5231 3114 5285 si
3142 5230 3362 5300 vulgare
3397 5245 3462 5284 ac
3499 5243 3626 5297 per-

2046 5334 2269 5394 petuum
2301 5335 2470 5389 esset,
2498 5339 2660 5378 nemo
2682 5339 2712 5377 a
2740 5323 3022 5378 communi
3047 5323 3442 5378 consuetudine
3473 5335 3625 5376 rece-

2045 5419 2215 5472 deret.
2250 5416 2520 5483 Quocirea
2547 5415 3036 5471 extraordinariam
3072 5415 3387 5484 quamdam,
3418 5422 3474 5468 et
3508 5413 3625 5468 sin-

2047 5508 2290 5578 gularem
2329 5509 2790 5576 perturbationem
2835 5507 3115 5561 exstitisse
3167 5505 3462 5559 verisimile
3515 5514 3622 5569 est,

2061 5617 2166 5671 [uae
2201 5616 2266 5656 eo
2313 5601 2579 5656 duntaxat
2622 5614 2809 5654 mense
2861 5600 3172 5669 contigerit,
3223 5614 3334 5667 quo
3364 5597 3624 5652 Christus

2047 5711 2243 5765 passus
2268 5703 2353 5750 est
2385 5712 2397 5749 :
2426 5693 2561 5748 adeo
2591 5703 2648 5746 ut
2689 5707 2794 5748 non
2829 5693 2943 5761 ipse
2972 5693 3148 5747 solum
3181 5706 3305 5745 eum
3339 5690 3622 5756 apostolis,

2046 5789 2136 5844 sed
2166 5798 2214 5842 et
2243 5788 2333 5841 alii
2358 5785 2574 5840 diverso
2604 5801 2638 5838 a
2663 5785 2871 5839 czclcris
2897 5785 2982 5840 die
3009 5785 3356 5839 celebrarint.
3397 5780 3544 5837 Nam.
3566 5791 3624 5836 et
