4054 6404
1350 382 1436 439 DE
1476 379 1665 439 ANNO
1706 378 1796 436 ET
1836 381 1948 436 DIE
1989 377 2343 435 DOMINICA!
2387 374 2789 442 PASSIONIS._

3577 369 3685 429 990

419 507 555 564 illud
586 505 877 577 Epiphanii
905 507 1069 560 verba
1101 506 1216 576 ipsa
1248 506 1550 572 declarant,
1586 520 1712 559 cum
1747 502 1995 574 θόρυϐον,
2031 510 2073 563 Α
2100 499 2451 571 evangelistis
2502 506 2695 554 contra
2750 494 2892 548 hanc
2940 488 3254 560 opinionem
3308 485 3682 554 adducuntur,

418 611 486 652 ac
511 596 908 651 dissensionem
966 595 1022 648 in
1078 596 1328 651 obeunda
1385 593 1700 650 celebritate
1741 590 1999 647 incidisse

417 685 748 757 significant.

488 777 647 832 Hunc
681 778 737 831 in
784 776 1009 832 modum
1054 776 1327 846 explicata
1367 792 1397 832 a
1428 777 1590 835 nobis
1653 794 1719 834 ac
1775 776 1997 833 defensa

418 868 728 923 communis
758 868 849 922 illa
893 867 1160 922 sententia
1196 868 1368 922 multo
1402 884 1566 937 quam
1599 868 1765 923 altera
1800 868 2000 938 proba-

417 959 586 1015 bilior
632 958 769 1014 mihi
799 959 1036 1025 videtur,
1064 973 1191 1013 cum
1239 967 1347 1013 tam
1378 959 1582 1014 diserta
1630 973 1997 1027 expressaque

415 1049 643 1106 Joannis
688 1050 1000 1106 testimonia
1038 1050 1183 1114 sint,
1236 1050 1383 1104 nulla
1431 1064 1492 1104 ut
1525 1049 1797 1104 cavillatio
1826 1048 2023 1118 possit.

415 1140 656 1195 eludere.
687 1138 843 1206 Quod
889 1140 1033 1194 enim
1063 1139 1204 1193 diem
1232 1138 1452 1219 festum'
1479 1137 1700 1197 Pascha:
1728 1154 1825 1207 pro
1852 1137 1995 1191 civili

416 1231 538 1301 ipso
568 1230 656 1285 die
677 1271 693 1296 ,
728 1245 792 1284 ac
823 1228 917 1283 τοῦ
950 1228 1298 1300 νυχθημέρου
1338 1226 1630 1298 posteriori
1669 1234 1824 1297 parte
1850 1224 1993 1281 sumi

414 1320 637 1389 quidam
672 1320 1010 1384 existimant,
1045 1334 1221 1390 qutea
1250 1319 1499 1389 sequenti
1528 1325 1653 1372 ortu
1689 1316 1821 1371 solis
1859 1315 1997 1369 inci-

412 1422 566 1481 peret
594 1429 607 1466 :
640 1410 694 1474 id
723 1411 815 1465 alii
841 1411 1036 1466 merito
1065 1409 1374 1480 repudiarit.
1422 1406 1613 1476 Neque
1656 1407 1804 1462 enim
1834 1420 1992 1460 com-

413 1502 610 1558 modus
641 1502 731 1557 hic
782 1516 980 1557 sensus
1016 1501 1234 1556 videtur
1261 1516 1274 1551 :
1303 1500 1453 1567 Ante,
1484 1499 1678 1569 festum
1712 1488 1995 1551 Paschatis

412 1593 659 1650 Christus
687 1592 903 1647 Pascha
932 1592 1215 1647 celebravit
1239 1608 1258 1646 :
1289 1592 1431 1662 quod
1455 1606 1522 1646 ex
1541 1591 1646 1645 ista
1678 1588 1992 1658 responsiov

411 1699 482 1740 ne
513 1684 782 1755 sequitur.
826 1683 1047 1739 Falsum
1088 1693 1144 1737 et
1168 1681 1301 1737 illud
1332 1693 1441 1748 est,
1472 1681 1620 1751 quod
1653 1681 1721 1735 de
1752 1679 2000 1735 secundo

409 1773 643 1833 Joannis
674 1776 992 1831 testimonio
1020 1773 1223 1830 dicitur
1255 1792 1270 1828 :
1301 1773 1633 1827 Manducare
1664 1771 1896 1838 Pascha,
1925 1771 1995 1824 de

2106 591 2257 646 nullo
2286 590 2506 658 negotio
2538 586 2925 642 conciliantur.
2957 579 3198 634 Primam
3230 577 3376 632 enim
3408 577 3484 632 illi
3535 577 3682 634 diem

2105 683 2437 753 Azymorum
2474 686 2674 733 vocant
2713 690 2847 730 eamv
2867 671 3094 736 scilicet,
3121 670 3281 738 cujus
3314 668 3370 722 in
3397 682 3683 735 vesperam

2104 772 2330 826 Pascha:
2361 770 2656 826 celebritas
2681 807 2696 832 ,
2726 775 2781 820 et
2809 763 3143 834 Azymorum
3172 759 3388 813 initium
3432 759 3685 815 incurro-

2105 872 2207 926 ret,
2236 862 2426 927 utique
2455 875 2522 915 ex
2549 859 2685 927 lege,
2727 853 3107 921 majorumque
3143 847 3499 918 praescripto:
3534 846 3680 916 quod

2104 954 2545 1008 animadvertens
2588 947 2765 1001 Lucas
2808 941 3104 1014 prudenter
3150 935 3376 1007 adjecit,
3407 928 3528 1008 ὲνῇ
3573 933 3684 987 ἔδει

2105 1044 2348 1109 θύεσθαι,
2378 1042 2538 1112 quasi
2575 1038 2800 1094 Scrihas
2831 1050 2896 1090 ac
2934 1031 3241 1088 Pharisaeos
3274 1029 3493 1098 oblique
3531 1036 3685 1082 nota-

2103 1145 2207 1202 ret,
2242 1134 2337 1205 qui
2367 1136 2425 1186 ὲν
2458 1127 2492 1205 ᾖ
2528 1131 2630 1184 οὐκ
2649 1128 2757 1182 ἔδει
2783 1125 3246 1182 sacriﬁcaverant.
3271 1119 3507 1188 Adjuvat
3526 1132 3683 1172 coms

2102 1238 2327 1280 munem
2360 1222 2505 1277 hanc
2552 1217 3063 1288 interpretationem
3114 1210 3434 1280 conjectura
3467 1207 3558 1262 illa
3588 1221 3686 1263 no-

2101 1323 2239 1377 stra,
2295 1328 2463 1384 quam
2527 1318 2689 1365 antea
2746 1304 3174 1377 preposuimus:
3224 1298 3495 1369 ejusmodi
3552 1305 3680 1353 tunc

2101 1404 2270 1460 fuisse
2300 1403 2670 1459 celebritatem
2707 1396 3022 1460 Paschatis,
3064 1401 3124 1449 ut
3178 1405 3304 1447 cum
3353 1396 3684 1460 praepostere

2100 1508 2166 1549 ac
2198 1492 2513 1562 perturbate
2555 1504 2585 1544 a
2618 1486 2855 1544 concilio
2885 1482 3270 1539 denuntiatum
3298 1486 3464 1543 esset,
3515 1484 3682 1546 atque

2100 1583 2265 1640 etiam
2295 1582 2372 1637 illi
2401 1582 2640 1636 fortasse
2659 1577 3023 1648 praestitutam
3056 1571 3426 1633 neomeniam,
3449 1567 3678 1623 Pascha-

2101 1674 2280 1743 tisque
2312 1672 2458 1727 diem
2493 1667 2888 1730 retexuissent,
2921 1662 3169 1733 plerique
3190 1674 3326 1741 cum
3372 1656 3597 1713 Christo
3624 1661 3682 1711 et

2099 1761 2364 1831 apostolis
2404 1760 2546 1815 diem
2579 1758 2734 1812 illum
2755 1751 3156 1810 observandum
3206 1747 3541 1819 putaverint,
3566 1758 3680 1816 quo

409 1882 741 1940 quocunque
781 1866 1127 1922 victimarum
1160 1868 1419 1935 usurpari
1469 1879 1668 1935 genere
1690 1905 1705 1930 ,
1743 1878 1865 1933 quae
1898 1876 1992 1931 per
2023 1860 2064 1914 Β
2095 1854 2267 1925 prius,
2299 1860 2355 1906 et
2376 1850 2597 1919 quidem
2622 1846 2867 1918 legitimo
2896 1852 3141 1912 tempore
3173 1839 3352 1894 fuerat
3385 1837 3676 1939 indictum,

411 1968 671 2030 septenos
695 1957 811 2013 dies
836 1956 1211 2011 immolantur.
1252 1954 1411 2022 Quod
1449 1970 1517 2009 ex
1548 1953 1842 2008 Deuteron.
1876 1968 1989 2017 xvi,

410 2048 468 2114 2,
500 2058 555 2104 et
589 2047 629 2102 ll
662 2047 925 2117 Paralip.,
969 2060 1090 2116 cap.
1138 2060 1245 2099 xxx
1333 2059 1398 2100 ac
1456 2041 1993 2111 xxxv,comprobare

410 2139 628 2193 nititur.
648 2136 841 2193 Nullus
866 2146 950 2192 est
970 2136 1116 2191 enim
1137 2135 1434 2204 Scriptura:
1455 2135 1629 2199 locus,
1647 2133 1737 2187 ubi
1759 2130 1995 2186 Pascha-

411 2231 504 2296 tis,
533 2230 648 2285 sive
696 2228 872 2284 Phase
918 2227 1182 2282 vocabulo
1234 2226 1557 2281 holocausta
1607 2221 1994 2279 ac-sacriﬁcia

410 2329 606 2378 cetera
668 2320 1076 2391 signiﬁcentur,
1132 2325 1192 2372 ut
1224 2318 1296 2372 sit
1356 2317 1496 2371 idem
1538 2314 1868 2378 sacriﬁcare,
1910 2311 1994 2367 vel

410 2413 748 2469 manducare
778 2410 979 2477 Phase,
1015 2410 1165 2481 quod
1222 2401 1635 2464 easimmolare
1672 2421 1737 2460 ac
1765 2403 1995 2459 mandu-

410 2522 537 2561 care
566 2506 840 2571 victimas,
865 2518 989 2573 quaa
1016 2518 1111 2572 per
1138 2511 1398 2572 septenos
1428 2512 1748 2570 azymorum
1778 2496 1895 2551 dies
1936 2494 1992 2549 in

411 2597 615 2667 templo
646 2595 1046 2651 ntaclabanlur.
1094 2592 1174 2648 Ac
1223 2589 1633 2646 Deuteronomii
1664 2588 1883 2658 quidem
1912 2585 1994 2641 lo-

412 2701 512 2740 cus
538 2685 611 2738 ita
636 2683 1024 2752 concipiendus
1064 2691 1149 2738 est
1178 2698 1191 2733 :
1233 2680 1647 2749 Immolabisque
1678 2677 1854 2731 Phase
1882 2675 1993 2729 Do-
2062 2735 2073 2745 ,

411 2778 556 2830 mino
606 2775 712 2829 Deo
746 2784 872 2829 tuo:
905 2789 1045 2839 oves,
1097 2782 1145 2827 et
1193 2774 1362 2826 boves.
1390 2770 1558 2834 LXX,
1581 2769 1685 2822 Kal.
1721 2767 1905 2830 θύσεις
1930 2767 1992 2819 τὸ

412 2866 608 2938 Πάσχα
626 2867 816 2939 Κυρίῳ
846 2865 927 2936 τῷ
957 2864 1075 2934 Θεῷ
1102 2881 1217 2927 σου,
1246 2863 1488 2934 πρόϐατα
1519 2860 1611 2914 καὶ
1642 2859 1787 2930 βόας.
1831 2858 1994 2914 Jubet

413 2959 677 3013 nimirum
709 2968 900 3026 praeter
928 2955 1141 3011 Pascha
1175 2958 1339 3010 etiam
1373 2955 1511 3008 alias
1538 2952 1811 3006 immolari
1833 2952 1992 3006 victi-

415 3065 535 3104 mas
561 3067 576 3117 ;
603 3065 710 3103 non
736 3059 916 3103 autem
941 3064 1034 3104 eas
1064 3047 1316 3102 victimas
1345 3045 1580 3115 appellat
1620 3042 1815 3097 Pbasc.
1870 3040 1990 3095 Jam

412 3140 569 3207 illud,
600 3141 742 3210 quod
774 3140 816 3194 ll
848 3138 1123 3206 Paral.,c.
1171 3137 1615 3207 xxxv,scriptum
1674 3133 1946 3188 afﬁrmant
1974 3150 1989 3199 ;

412 3233 552 3302 quod
579 3248 651 3285 vti
678 3231 860 3284 diebus
891 3228 1142 3299 agebalur
1168 3226 1361 3289 Phase,
1397 3235 1444 3279 et
1468 3223 1994 3279 comedebaturP/ta-

413 3340 489 3386 se,
511 3324 655 3378 unde
685 3322 995 3390 acceperint
1030 3320 1240 3374 nescio.
1275 3317 1553 3387 Nusquam
1583 3318 1730 3370 enim
1778 3317 1829 3369 id
1860 3316 1993 3384 legi-

413 3423 523 3469 tur.
555 3412 698 3480 Quin
734 3413 918 3483 potius
942 3410 1156 3467 Pascha
1186 3408 1398 3463 caeteris
1437 3408 1506 3461 ab
1548 3406 1835 3461 sacriﬁciis
1879 3421 1994 3460 ma-

413 3505 610 3560 nifeste
644 3504 1007 3570 discernitur,
1051 3517 1172 3572 cap.
1203 3517 1336 3566 xxx,
1363 3514 1508 3555 com.
1540 3497 1626 3564 i5,
1659 3507 1712 3554 et
1743 3513 1791 3553 c.
1826 3513 1992 3565 xxxv,

412 3612 554 3654 com.
596 3597 663 3653 16
682 3606 737 3652 ει
769 3596 856 3650 17.

486 3689 767 3745 Postremo
813 3687 1173 3742 Parascevem
1226 3684 1452 3740 Paschze
1481 3683 1727 3739 inaudita
1757 3683 1993 3753 quadam

414 3782 672 3852 loquendi
712 3780 928 3835 ratione
978 3780 1181 3833 dictam
1233 3777 1426 3831 volunt
1467 3775 1825 3831 Parascevem
1856 3773 1994 3829 Sab-

414 3875 551 3936 bati,
586 3889 707 3942 quae
734 3873 924 3926 eadem
948 3880 1003 3925 et
1021 3870 1250 3935 Pascha,
1285 3869 1403 3924 sive
1427 3868 1605 3937 prima
1634 3867 1751 3922 dies
1772 3881 1995 3936 azymo-

418 3981 538 4020 rntn
569 3974 732 4019 esset.
754 3963 944 4033 Neque
965 3962 1110 4015 enim
1127 3960 1415 4015 Paschalis
1442 3958 1608 4013 ullam
1637 3955 1992 4013 Parascevem

415 4055 588 4112 fuisse
628 4065 879 4117 censent;
919 4052 1178 4122 quoniam
1211 4051 1361 4104 nulla
1410 4049 1584 4118 pridie
1610 4047 1885 4102 illiusdiei
1916 4046 1995 4101 ci—

414 4147 568 4203 baria
600 4145 952 4214 parabantur,
978 4157 1103 4196 cum
1136 4142 1189 4196 id
1234 4142 1355 4210 ipso
1416 4139 1555 4195 festo
1580 4139 1770 4193 liceret
1812 4152 1989 4207 agere.

414 4234 618 4293 Verum
652 4234 776 4304 quis
803 4242 908 4299 est,
932 4232 1027 4303 qui
1057 4231 1398 4287 tolerabilem
1429 4232 1572 4285 hanc
1595 4229 1853 4299 loquendi
1889 4227 1997 4282 for-

414 4344 559 4384 tnam
594 4335 744 4396 putet
797 4340 939 4392 esse,
974 4332 1035 4378 ut
1065 4322 1373 4378 Parasceve
1404 4320 1693 4377 Paschalis
1726 4321 1799 4377 sit
1829 4319 1995 4374 Para-

414 4435 575 4477 βεειέ
608 4416 853 4480 Sabbati,
882 4416 937 4469 in
988 4430 1153 4484 quam
1183 4414 1437 4468 inciderit
1474 4412 1727 4468 Pascha?
1752 4410 1991 4467 Nimium

2095 1960 2275 2016 neque
2326 1958 2522 1998 vanam
2578 1941 2727 1994 illam
2790 1936 3178 2006 magistrorum
3230 1929 3679 1986 retractationem

2094 2036 2428 2094 curaverint.
2472 2033 2549 2087 Ex
2592 2047 2703 2103 quo
2734 2029 2940 2083 factum
2975 2026 3046 2081 sit
3075 2066 3090 2090 ,
3123 2032 3185 2078 ut
3218 2021 3456 2093 apostoli
3489 2025 3679 2090 parata

2100 2129 2243 2199 apud
2273 2127 2424 2180 illum
2452 2123 2724 2193 hospitem
2756 2117 2944 2174 omnia
2978 2113 3306 2185 repererint.

2163 2217 2281 2273 Col.
2299 2216 2404 2271 955
2424 2215 2486 2270 D.
2509 2181 2997 2280 EiJJJajté’drr-xat
3013 2181 3081 2260 δῖὲ
3103 2204 3177 2272 τῇ
3201 2203 3389 2271 τρίτῃ.
3412 2181 3533 2256 Iam
3555 2200 3675 2256 haec

2094 2306 2276 2363 facilia
2328 2314 2475 2367 sunt,
2535 2301 2809 2357 intellecta
2839 2297 3003 2352 semel
3039 2292 3340 2365 ;Epiphanii
3385 2291 3673 2347 sententia.

2094 2399 2418 2467 Qiannqnam
2443 2393 2791 2449 librariorum
2815 2389 2973 2458 culpa
2995 2387 3242 2455 quaedam
3267 2397 3395 2439 sunt
3415 2390 3676 2448 concepta

2096 2504 2412 2562 perperam;
2439 2501 2562 2555 quae
2581 2484 2981 2552 Diagrammate
2995 2475 3313 2545 corrigenda
3331 2482 3479 2527 sunt.
3501 2470 3678 2527 Caete-

2096 2599 2217 2636 rum
2243 2579 2513 2651 ὴμερινήν
2565 2590 2685 2629 eam
2731 2573 2918 2627 lunam
2948 2575 3129 2633 vocat,
3182 2582 3305 2635 quae
3341 2563 3572 2619 civiliter
3602 2568 3674 2623 ab

2097 2681 2220 2727 ortu
2247 2671 2378 2725 solis
2411 2667 2478 2720 ad
2521 2678 2777 2721 occasum
2817 2660 3163 2730 perducitur;
3196 2655 3515 2726 νυκτερινήν
3543 2666 3675 2708 vero

2103 2776 2227 2832 quae
2273 2767 2488 2813 noctein
2524 2760 2772 2819 OCCUpai.
2805 2748 2925 2817 Qua
2955 2763 3023 2804 ex
3066 2744 3450 2801 observatione
3481 2756 3675 2797 corru-

2094 2830 2199 2921 pta:
2226 2847 2476 2904 lectionis
2508 2845 2699 2898 vitium
2740 2856 2840 2913 per
2866 2854 2987 2894 sese
3025 2835 3293 2907 proditur.
3348 2831 3541 2888 Scribe
3571 2830 3675 2918 igi-

2094 2914 2185 2997 iur
2208 2981 2222 3007 ,
2260 2947 2487 2994 auctore
2526 2933 2797 3004 Keplero:
2849 2929 3084 3000 Πέμπτη
3131 2925 3550 2998 τρισκαιδεκάτῃ
3578 2914 3677 2979 vu-

2094 3029 2341 3103 κτερινὴ,
2364 3025 2604 3098 ἡμερινὴ
2627 3024 2684 3077 δὲ
2727 3021 3029 3089 δωδεκάτη.
3060 3018 3216 3084 Quod
3260 3017 3450 3084 utique
3484 3029 3677 3103 neces-

2094 3096 2436 3182 sarium’est,
2467 3096 2512 3173 si
2546 3115 2745 3187 τετράς
2794 3112 2981 3176 fuerit,
3014 3108 3290 3179 δωδεκάτη
3322 3096 3673 3177 ’νυκτερινή,

2018 3191 2060 3248 c
2094 3229 2218 3267 nam
2254 3212 2335 3265 hae
2363 3210 2465 3264 sibi
2508 3207 2741 3261 invicem
2788 3201 3110 3265 succedunt,
3161 3208 3219 3252 nt
3236 3212 3358 3266 quae
3384 3198 3673 3268 νυκτερινή

2095 3304 2281 3366 fuerit,
2317 3302 2410 3355 fiat
2445 3298 2699 3370 ήμερινή.
2726 3294 2922 3348 Notum
2949 3293 3094 3351 enim
3127 3298 3212 3345 est
3256 3287 3477 3344 Iudaeos
3514 3302 3544 3341 a
3576 3303 3676 3342 no-

2094 3404 2179 3451 cte
2211 3395 2352 3449 diem
2374 3390 2668 3460 auspicari.
2687 3388 2924 3444 Deinde:
2962 3383 3349 3456 Προσάὅϐατον
3375 3388 3677 3454 τεσσαρεσ·

2097 3484 2397 3553 καιδεκάτη
2418 3479 2705 3551 νυκτερινὴ
2746 3478 2854 3550 πρὸ
2881 3466 3178 3547 δεκατριῶν
3206 3472 3345 3528 Kal.
3396 3471 3535 3527 Nam
3581 3487 3677 3530 su-

2092 3578 2277 3648 perior
2322 3576 2438 3642 dies
2483 3572 2592 3644 πρὸ
2638 3570 3053 3640 δεκατεσσάρων
3101 3567 3218 3638 jam
3277 3565 3487 3620 habuit.
3538 3562 3675 3620 Item

2093 3668 2369 3723 Σάϐϐατον
2398 3661 2856 3731 πεντεκαιδεκάτη
2872 3659 3184 3730 νυκτερινὴ.
3203 3654 3340 3712 Nam
3362 3657 3431 3712 de
3455 3654 3676 3711 Nicena

2095 3760 2222 3814 luna
2249 3756 2507 3827 loquitur,
2532 3769 2641 3807 non
2675 3752 2742 3808 de
2762 3749 3011 3805 Iudaica.
3047 3747 3182 3814 Qua:
3213 3747 3398 3802 omnia
3417 3761 3486 3802 ex
3519 3759 3677 3818 supe-

2093 3850 2225 3907 riori
2255 3848 2520 3905 laterculo
2551 3843 2842 3917 repetenda
2877 3849 3027 3899 sunt.

2164 3962 2303 4019 lbid.
2315 3959 2779 4030 Ἐπιερώσκοὺσα
2794 3955 3080 4027 Κυριακή.
3097 3955 3201 4022 Qui
3212 3955 3362 4015 hunc
3384 3952 3674 4023 Epiphanil

2094 4056 2275 4111 locum
2308 4052 2601 4124 percurrit,
2632 4051 2918 4120 diligenter
2947 4044 2999 4105 id
3022 4046 3455 4103 animadvertere
3480 4045 3673 4113 debet;

2094 4143 2238 4214 quod
2266 4140 2539 4213 superiori
2572 4139 2962 4195 dissertatione
3008 4137 3232 4207 copiose
3262 4134 3521 4189 traditum
3550 4141 3670 4200 est;

2094 4234 2234 4290 falsa
2262 4237 2375 4289 haec
2400 4248 2543 4296 esse,
2569 4246 2691 4302 quae
2721 4230 2789 4285 de
2817 4229 2946 4285 luna
2993 4229 3251 4284 dicuntur
3296 4226 3505 4290 omnia,
3529 4231 3584 4279 et
3607 4239 3673 4279 ex

2094 4324 2386 4395 Epiphanii
2415 4321 2844 4377 hallucinatione
2860 4318 3101 4390 profecta
3127 4337 3142 4386 ;
3168 4318 3262 4389 qui
3281 4316 3674 4387 aequinoctium

2101 4433 2131 4471 a
2159 4433 2263 4470 xxv
2319 4413 2501 4469 Martii
2533 4413 2599 4468 ad
2629 4427 2744 4466 χχιι
2772 4427 2791 4475 ;
2816 4409 3175 4480 plenilunium
3205 4422 3335 4464 vero
3383 4407 3453 4461 ab
3482 4406 3673 4462 eadem

414 4511 519 4567 hoc
547 4508 842 4565 absurdum
874 4514 978 4562 est.
1006 4505 1112 4560 Sed
1144 4513 1200 4559 et
1228 4505 1359 4558 illud
1396 4504 1776 4569 falsissimum,
1802 4503 1993 4572 prima;
2023 4520 2068 4575 υ
2097 4523 2203 4562 xxv
2229 4506 2317 4561 die
2338 4521 2403 4559 ex
2434 4502 2652 4558 Nica'na
2694 4500 2952 4574 formula,
2987 4500 3069 4556 vel
3097 4500 3278 4570 potius
3305 4513 3337 4554 a
3372 4512 3500 4554 xxvi
3548 4512 3674 4567 per-

412 4601 520 4658 diei
550 4601 904 4672 Azymorum,
939 4606 1375 4665 cmterorumque
1416 4594 1685 4651 festorum
1731 4594 1993 4649 Parasce-

412 4707 534 4748 vem
565 4691 770 4745 nullam
796 4688 988 4753 fuisse,
1022 4687 1168 4757 quod
1192 4701 1257 4741 ex
1283 4684 1638 4741 Hebraeorum
1678 4686 1898 4757 scriptis
1922 4687 1992 4742 ab

413 4784 538 4841 aliis
568 4782 864 4838 refutatum
895 4788 999 4845 est,
1031 4787 1091 4833 ut
1121 4783 1173 4833 in
1196 4794 1265 4834 eo
1288 4778 1616 4834 commorari
1637 4779 1775 4832 nihil
1800 4779 1872 4833 sit
1897 4792 1993 4833 ne-

412 4890 589 4932 cesse.
623 4871 722 4927 Est
744 4869 877 4926 illud
908 4869 1129 4940 quidem
1157 4877 1302 4923 recte
1333 4868 1387 4921 in
1420 4867 1715 4922 Annalibus
1740 4869 1994 4924 observa-

413 4978 553 5032 tum,
584 4965 732 5020 nulla
754 4963 1055 5018 Parasceve
1079 4959 1148 5015 ad
1178 4960 1333 5016 cibos
1359 4962 1412 5014 in
1437 4959 1633 5015 festum
1654 4962 1796 5015 diem
1828 4977 1995 5031 appa-

410 5060 614 5116 randos
640 5072 780 5128 opus
811 5057 1002 5121 fuisse,
1035 5052 1184 5125 quod
1208 5053 1263 5106 in
1293 5053 1426 5108 solis
1470 5052 1724 5108 Sabbatis
1754 5067 1993 5123 coquere

411 5149 567 5205 cibos
621 5148 969 5204 interdictum
1009 5152 1178 5208 esset,
1210 5143 1401 5199 liceret
1429 5143 1484 5196 in
1518 5142 1764 5210 caeteris,
1796 5143 1853 5197 in
1879 5157 1992 5213 quo

411 5239 706 5309 plerosque
729 5238 880 5292 viros
927 5236 1171 5291 eruditos
1207 5234 1572 5289 hallucinatos
1617 5248 1741 5290 esse
1773 5234 1992 5289 monui-

410 5343 557 5385 mus.
587 5328 691 5384 εει
720 5338 916 5397 prater
955 5326 1160 5382 cibaria
1191 5333 1408 5382 constat
1440 5325 1546 5380 alia
1576 5326 1824 5395 quaedam
1852 5340 1992 5396 prte-

409 5419 592 5491 parari
640 5418 992 5488 oportuisse,
1045 5433 1168 5488 qua:
1200 5424 1296 5472 aut
1343 5417 1548 5486 absque
1598 5417 1781 5472 servili
1825 5431 1991 5488 opere

408 5508 662 5581 praestari
691 5523 800 5562 non
827 5516 1072 5577 possent,
1092 5518 1186 5562 aut
1215 5506 1287 5562 ad‘
1320 5507 1495 5576 ipsius
1533 5507 1656 5563 festi
1704 5509 1991 5564 celebrita-

407 5613 518 5658 tem
550 5601 847 5655 ineundam
885 5600 1153 5655 anteverti
1192 5600 1471 5656 deberent.
1534 5599 1804 5666 Quocirca
1853 5600 1990 5657 nihil

405 5701 517 5757 est,
554 5692 704 5763 quod
729 5692 993 5748 adversus
1021 5700 1132 5747 tam
1163 5691 1467 5748 evidentem
1503 5690 1731 5749 Joannis
1756 5695 1989 5751 auctori-

322 5844 332 5857 ,
408 5794 574 5843 tatem
615 5786 788 5858 possit
837 5785 1035 5858 excipi.
1075 5784 1144 5842 At
1202 5801 1331 5848 vero
1377 5802 1499 5883 qua:
1525 5803 1590 5845 ex
1635 5788 1756 5849 aliis
1808 5788 1983 5846 tribus

2094 4600 2221 4654 inde
2251 4598 2316 4652 ad
2342 4612 2456 4651 xxii
2487 4594 2843 4650 transtulerit.
2880 4592 3001 4660 Quo
3025 4593 3224 4663 posito,
3256 4591 3531 4663 cyclorum
3553 4605 3672 4646 om-

2094 4691 2246 4744 nium
2276 4703 2341 4743 ac
2367 4686 2628 4741 feriarum
2654 4685 2922 4750 rationem
2960 4682 3284 4754 permiscuit
3315 4697 3328 4733 :
3371 4697 3495 4751 quae
3533 4696 3672 4751 quo-

2092 4797 2218 4837 nam
2257 4789 2420 4851 pacto
2451 4777 2653 4847 corrigi
2679 4784 2932 4843 possent,
2966 4783 3021 4830 et
3069 4774 3123 4829 in
3172 4773 3317 4828 viam
3369 4772 3440 4827 ah
3485 4786 3673 4827 errore

2092 4862 2309 4937 deduci,
2334 4884 2500 4939 supra
2533 4868 2955 4923 declaravimus.
2990 4864 3160 4935 Igitur
3207 4879 3273 4920 ex
3304 4872 3384 4919 tot
3419 4877 3672 4919 errorum

2093 4961 2429 5035 argumentis
2453 4968 2581 5014 nata
2615 4967 2701 5013 est
2723 4959 2921 5012 vitiosa
2965 4956 3059 5011 illa
3110 4954 3246 5011 feria
3284 4968 3427 5008 anno
3451 4952 3672 5008 Juliano

2095 5054 2184 5122 76,
2218 5053 2322 5107 hoc
2344 5060 2421 5105 est
2451 5046 2734 5105 Dominica
2765 5047 2945 5102 Martii
2970 5062 3109 5111 χιιι,
3134 5060 3259 5102 cum
3290 5059 3481 5098 revera
3527 5053 3672 5098 esset

2091 5145 2229 5201 feria
2263 5159 2317 5199 v.
2344 5140 2766 5213 Ἐπιφώσκουσα
2791 5154 2922 5208 ergo
2967 5137 3223 5208 Κυριακή
3267 5135 3452 5189 lunam
3480 5134 3673 5190 habuit

2094 5252 2159 5291 xv
2206 5234 2486 5290 diurnam.
2538 5229 2641 5287 llic
2694 5227 3083 5299 ὲπιφώσκουσα
3142 5225 3359 5297 proprie
3408 5225 3666 5280 sumitur.

2093 5328 2304 5398 Quippe
2337 5341 2453 5380 xxn
2478 5324 2568 5380 die
2584 5323 2650 5378 ab
2670 5334 2794 5377 ortu
2816 5322 2951 5377 solis
2979 5319 3146 5390 coepit
3171 5335 3240 5374 xv
3269 5317 3501 5373 diurna:
3526 5315 3670 5370 unde

2093 5421 2326 5492 ἡμερινή
2377 5433 2473 5489 pro
2531 5417 2818 5486 νυκτερινὴ
2873 5398 3279 5468 substituimus.
3331 5406 3588 5478 Alioquin
3633 5406 3668 5477 ἡ

2091 5510 2347 5583 Κυριακὴ
2375 5525 2441 5563 xv
2466 5507 2750 5579 νυκτερινὴ
2784 5505 2891 5561 dici
2913 5513 3111 5574 potest,
3135 5503 3183 5558 si
3213 5501 3333 5571 ejus
3351 5498 3565 5554 initium
3598 5497 3669 5553 ob

2092 5600 2446 5656 antecedente
2499 5609 2659 5653 nocte
2704 5602 3007 5667 reputatur.
3068 5591 3256 5663 Neque
3304 5604 3410 5645 vox
3452 5584 3662 5657 ἐπιφώο

2094 5707 2302 5746 σκουσα
2328 5689 2632 5760 quidquam
2668 5687 2890 5753 obstat;
2928 5700 3049 5757 qua
3088 5695 3329 5755 persaepe
3369 5678 3438 5735 de
3477 5678 3665 5734 illuce-

2092 5793 2277 5843 scente
2312 5783 2419 5850 dic,
2452 5795 2843 5853 nonnunquam
2880 5788 2933 5836 et
2956 5778 3022 5836 de
3063 5776 3170 5833 dici
3206 5772 3435 5833 Iudaico
3463 5771 3663 5843 princi-
