4054 6404
406 389 503 451 991

1511 389 1738 448 ΔΡΡΕΝ
1751 389 1864 448 DLK
1903 389 1963 444 Di
1977 389 2412 448 SSERTATION
2423 390 2541 448 ΠΜ,

3577 395 3682 452 991

409 506 520 578 pio,
551 506 664 560 sive
689 513 850 562 nocte
876 505 1228 562 antecedente
1251 507 1682 578 soletusurpari.
1707 505 1824 564 Non
1845 506 1990 577 quod
2021 514 2066 574 Α
2095 505 2450 562 Alexandrini
2511 505 2810 578 scriptores
2849 521 2928 560 xu
2967 505 3112 571 Καὶ,
3141 505 3245 562 hoc
3275 519 3358 562 est
3383 523 3471 561 xxi
3505 505 3682 568 Martii

409 593 500 649 lux
526 593 706 663 aliqua
752 595 868 650 sive
921 595 1084 662 lunae,
1117 596 1228 650 sive
1277 597 1558 652 stellarum
1589 598 1780 652 saltem
1805 597 1992 654 oriens

411 695 684 756 utcunque
738 687 883 742 diem
932 687 1268 758 auspicetur,
1330 690 1474 759 quod
1531 689 1889 746 Casaubonus
1939 691 1994 746 in

411 771 646 832 Exercit.
691 776 775 842 l6,
811 793 962 832 num.
997 781 1280 850 15,vcrum
1307 781 1604 846 existimat,
1640 790 1694 836 ut
1729 797 1854 836 cum
1885 781 1996 837 Lu-

411 883 508 924 cas
541 869 615 922 ait
647 881 769 940 cap.
819 885 977 934 xxm,
1012 871 1082 926 54
1113 889 1125 923 :
1195 875 1306 928 Καὶ
1345 874 1622 928 Σάϐϐα-ιον
1682 875 1995 944 ὲπὲφωσκε,

412 961 492 1016 sic
517 961 892 1030 accipiendum
919 963 1010 1026 sit,
1044 971 1102 1016 ut
1155 965 1198 1017 si
1246 965 1624 1028 dixissrt,Ka.i.
1674 967 1998 1036 ἐπέφωσκεν

412 1052 448 1122 ὴ
480 1051 732 1124 σε).ήνηή
765 1053 974 1122 ἄγουσα
1005 1055 1066 1108 τὸ
1094 1056 1394 1112 Σάδϐατον.
1429 1055 1554 1112 Haec
1591 1058 1736 1112 enim
1777 1069 2000 1114 senten-

413 1142 488 1196 tia
513 1142 854 1198 subabsurda
876 1153 932 1199 et
949 1161 1352 1214 supervacanea
1379 1149 1618 1202 videtur.
1641 1149 1841 1204 Verum
1871 1149 2002 1204 sime

413 1233 646 1302 pliciter,
679 1246 734 1288 et
772 1236 923 1288 nullo
957 1238 1066 1290 alio
1095 1237 1756 1308 subaudito,*.m<p¢bauaw
1789 1249 1874 1296 est
1905 1258 2002 1310 ap-

414 1333 608 1391 petere,
637 1324 718 1378 vel
741 1325 896 1390 inire,
921 1328 1224 1380 adventare.
1255 1326 1370 1384 Hoc
1401 1340 1582 1383 autem
1605 1347 1672 1384 ex
1705 1345 1772 1386 eo
1809 1341 2000 1388 natum

417 1417 678 1484 arbitror,
699 1419 845 1486 quod
877 1435 1000 1474 cum
1033 1421 1232 1489 prima,
1267 1435 1332 1474 ac
1365 1430 1574 1487 natura
1613 1424 1852 1478 maxime
1869 1441 2002 1478 con-

418 1517 678 1562 sentanc‘a
701 1509 806 1564 diei
847 1510 1136 1578 appellatio
1159 1511 1336 1566 lucem
1355 1511 1646 1582 signiticet,
1679 1521 2003 1584 tempusque

418 1599 488 1652 ab
515 1608 640 1654 ortu
677 1601 809 1656 solis
839 1601 906 1654 ad
929 1615 1226 1668 occasum;
1259 1603 1518 1673 pleraque
1539 1613 1724 1672 postea
1751 1605 2002 1659 nationes

419 1691 590 1746 variis
633 1701 939 1762 temporum
969 1693 1140 1750 initiis
1172 1697 1490 1750 constitutis
1525 1697 1668 1750 diem
1725 1697 2004 1752 nihilomi-

420 1767 900 1854 nusappellarunl,
925 1786 1160 1855 spatium
1187 1787 1318 1842 illud
1349 1789 1630 1856 temporis,
1661 1789 1804 1858 quod
1843 1790 1910 1844 ab
1937 1805 2004 1844 eo

2096 599 2484 668 aequinoctium
2511 597 2784 664 ﬁxerunt,
2823 607 2882 652 ut
2907 597 3051 652 inter
3085 599 3224 652 alios
3250 597 3530 652 Proterius
3555 598 3680 651 Ale-

2099 690 2398 746 xandrinus
2464 688 2602 758 apud
2655 688 2858 743 Bedam
2891 689 2986 742 lib.
3049 689 3127 742 De
3171 691 3426 758 wquinoc.
3461 690 3680 754 vernali,

2097 783 2192 852 qui
2246 791 2328 836 est
2361 791 2510 835 temo
2547 780 2632 834 Ill.
2678 779 2749 844 Is,
2777 781 3026 850 inquam,
3059 795 3166 834 xxv
3199 779 3563 842 Phamenoth,
3589 782 3682 849 qui

2098 883 2180 928 est
2215 889 2288 928 xu
2323 871 2444 926 Kal.
2481 871 2636 942 Apr.,
2675 871 3067 940 aequinoctium
3129 871 3452 932 collocavit,
3487 872 3684 926 Leonis

2099 981 2252 1036 papae
2294 964 2652 1035 temporibus.
2687 962 2876 1032 Itaque
2909 963 3244 1034 μνημονικόν
3271 973 3354 1018 est
3383 963 3688 1033 ἁμάρτημα

2101 1057 2460 1110 eruditissimi
2497 1053 2737 1124 Kepleri,
2757 1055 2886 1110 dum
2919 1055 2972 1108 in
2991 1053 3364 1125 Eclogis,pag.
3396 1055 3518 1112 195.
3549 1053 3682 1108 Pro-

2103 1149 2298 1202 terium
2325 1149 2400 1204 ait
2423 1149 2570 1204 circa
2603 1149 2822 1202 initium
2863 1148 3192 1202 Diocletiani
3217 1149 3608 1217 aequinoctium
3633 1165 3684 1202 xt

2103 1239 2220 1294 Kal.
2253 1241 2553 1302 deiiniissv;
2579 1241 2674 1294 sed
2699 1240 2956 1296 Anatolio
2987 1240 3041 1294 id
3073 1241 3350 1302 cenvenit,
3379 1239 3538 1304 cujus
3565 1240 3691 1294 illu-

2103 1343 2214 1386 stre
2277 1330 2638 1402 fragmentum
2685 1331 2952 1386 describit
2985 1329 3257 1384 Eusebius
3287 1330 3380 1384 lib.
3435 1347 3534 1394 vn,
3565 1346 3688 1394 cap.

2103 1422 2270 1490 26,“
2297 1423 2542 1488 ejusdem
2563 1421 2924 1477 Paschalibus
2945 1422 3272 1485 canouibus,
3299 1420 3446 1490 quod
3475 1429 3529 1475 et
3547 1420 3686 1473 Beda

2103 1521 2500 1570 commemorat
2549 1513 2641 1568 lib.
2695 1512 2775 1568 De
2811 1515 3128 1583 wqainoctio
3157 1529 3175 1566 :
3227 1513 3318 1570 ubi
3345 1521 3402 1567 ct
3451 1513 3688 1566 Anatolii

2105 1605 2269 1660 verba
2325 1621 2390 1659 ex
2467 1605 2924 1675 depravatissima
3003 1604 3186 1660 Ruﬁni
3247 1604 3690 1672 interpretatione

2103 1713 2388 1768 perperam
2412 1708 2632 1764 accepta
2667 1698 2902 1752 alienam
2933 1697 2988 1750 in
3015 1695 3340 1750 sententiam
3377 1695 3680 1764 detorquet.

2105 1787 2301 1860 Quare.
2331 1802 2456 1840 cum
2510 1803 2574 1841 ex
2609 1803 2676 1841 eo
2707 1787 2944 1840 Anatolii
2993 1786 3212 1840 decreto
3239 1827 3253 1848 ,
3307 1793 3564 1853 tanquam
3617 1799 3686 1842 ex

421 1887 646 1946 puncto,
673 1878 818 1946 quod
849 1879 952 1932 sibi
981 1887 1306 1942 statuerant,
1336 1881 1401 1932 ad
1439 1879 1580 1934 idem
1617 1893 1878 1950 punctum
1913 1898 2004 1936 re-
2037 1870 2078 1925 Β
2111 1883 2260 1936 fonte
2283 1879 2568 1950 Epiphanii
2593 1881 2840 1934 doctrina
2867 1877 3210 1948 proﬂuxerit,
3234 1878 3392 1932 nobis
3417 1879 3682 1945 integrum

423 1966 679 2020 volvitur.
709 1967 890 2032 Quare
917 1977 976 2022 ut
1007 1969 1061 2022 in
1093 1970 1354 2038 primaria
1387 1971 1498 2032 illa,
1539 1987 1606 2026 ac
1634 1975 1871 2028 naturali
1895 1975 2004 2030 diei

424 2057 648 2112 nelione
681 2060 1014 2127 ὲπιφὼσκειν
1041 2061 1256 2129 proprie
1285 2061 1402 2115 dies
1435 2061 1636 2115 dicitur
1664 2103 1678 2126 ,
1709 2063 1853 2132 quod
1884 2063 2006 2130 ejus

425 2145 582 2200 initio
615 2147 692 2198 sol
727 2147 922 2210 oritur,
977 2159 1036 2200 ut
1067 2157 1121 2201 et
1155 2147 1359 2220 ἡμέρα,
1406 2149 1514 2210 ἀπὸ
1569 2150 1668 2220 τῆς
1723 2149 1886 2220 ἠοῦς,
1930 2153 2006 2206 ita

423 2237 706 2292 translatis
750 2238 817 2292 ad
857 2241 1096 2307 reliquas
1133 2239 1338 2294 formas
1374 2241 1480 2294 diei
1521 2241 2004 2311 appellationibus,

424 2326 570 2382 idem
590 2328 694 2382 hoc
725 2337 1050 2399 usurpatum
1081 2329 1222 2384 initii
1251 2332 1576 2386 vocabulum
1607 2342 1691 2387 est
1725 2351 1738 2386 :
1767 2333 1870 2388 etsi
1903 2332 2004 2386 ini-.-

425 2435 532 2476 nus
561 2436 726 2490 quam
760 2421 872 2475 illic
903 2423 1140 2491 proprie.
1182 2419 1308 2476 Sive
1345 2421 1510 2491 igitur
1538 2441 1568 2477 a
1604 2423 1782 2476 media
1819 2433 2004 2490 nocte,

425 2515 544 2572 sive
577 2529 606 2568 a
647 2515 896 2580 meridie,
933 2516 1048 2569 sive
1079 2516 1148 2570 ab
1179 2515 1334 2570 initio
1357 2515 1557 2578 noctis,
1591 2515 1696 2568 diei
1731 2524 2010 2582 repetatur

425 2605 733 2670 exordium,
763 2603 1102 2674 ὲπιφώσκειν
1127 2606 1330 2676 ubique
1356 2607 1494 2668 dies,
1522 2606 1624 2660 hoc
1654 2617 1736 2659 est
1759 2605 2010 2660 inchoari

425 2701 482 2750 et
505 2695 644 2750 inire
667 2695 988 2764 simpliciter
1017 2697 1250 2750 dicetur.
1287 2694 1762 2762 Quemadmodum
1803 2711 2010 2765 νουμη-

426 2785 550 2850 νίας
581 2801 682 2840 \ox
732 2802 854 2841 cum
893 2796 1206 2842 nascentem
1241 2787 1424 2840 lunatn
1459 2785 1678 2854 proprie
1717 2783 2006 2856 signiticet,

429 2877 706 2932 ad‘omnia
761 2881 1035 2933 mensium
1069 2879 1246 2942 initia,
1273 2880 1440 2933 etiam
1480 2879 1706 2932 minime
1731 2877 2010 2932 lunarium

431 2967 776 3032 transfertur,
807 2981 934 3038 puta
967 2971 1383 3024 tricenariorum
1442 2979 1496 3023 et
1527 2969 2004 3040 ngyptiacorum.

431 3055 585 3120 Unde
610 3059 713 3114 alia
747 3069 828 3114 est
855 3061 1122 3131 νουμηνία
1161 3060 1300 3114 κατὰ
1333 3063 1599 3133 σελήνην,
1639 3063 1745 3117 alia
1769 3063 1830 3116 οὐ
1866 3061 2012 3116 κατὰ

433 3149 680 3220 σελήνην.
713 3149 826 3206 Hoc
854 3167 955 3220 ego
986 3167 1150 3206 sensu
1175 3152 1252 3222 τῷ
1277 3153 1614 3222 ὲπιφώσκειν
1647 3155 2009 3226 evangelistas

432 3243 753 3311 simpliciter
771 3259 901 3298 usus
921 3243 1178 3308 arbitror,
1207 3253 1267 3296 ut
1289 3260 1414 3298 cum
1444 3244 1634 3298 Matth.
1657 3260 1777 3314 cap.
1815 3261 2009 3311 xxvut,

433 3333 486 3396 1,
515 3335 584 3386 ita
619 3335 858 3402 loquitur
891 3351 904 3388 :
959 3334 1085 3404 Ὀψὲ
1109 3334 1166 3388 δὲ
1196 3334 1305 3386 τῶν
1351 3335 1670 3401 Σαϐϐάτων,
1715 3337 1781 3406 τῇ
1807 3339 2015 3406 ἐπιφω-

436 3428 640 3500 σκούσῃ
654 3431 732 3492 εἰς
751 3429 878 3498 μίαν
891 3429 1000 3482 τῶν
1025 3429 1338 3484 Σαϐϐἁτων.
1357 3429 1458 3485 Ubi
1494 3429 1638 3484 nulla
1661 3438 2016 3500 argumenta~

447 3519 597 3572 tione
619 3533 758 3588 opus
784 3527 866 3573 cst
891 3529 948 3573 ut
967 3519 1184 3574 veldies
1213 3519 1330 3588 ipsa
1357 3535 1388 3572 a
1418 3527 1578 3573 nocte
1609 3519 1873 3588 incipiens
1899 3529 2017 3572 tum

434 3609 676 3670 demum,
709 3623 832 3663 cum
869 3609 952 3664 sol
987 3609 1532 3678 υι·ἰιιιι·,ὲπιφώσκε,ιν
1555 3611 1810 3676 dicatur;
1847 3611 1930 3665 vel
1959 3619 2018 3666 ut

435 3701 562 3756 luna
593 3711 686 3755 aut
720 3701 900 3756 sidera
920 3701 1338 3756 subaudiantur.
1371 3700 1507 3756 Nam
1540 3702 1628 3755 hic
1661 3716 1782 3766 meo
1809 3702 2018 3772 judicio

437 3807 636 3850 sensus
693 3802 812 3848 est:
871 3791 1138 3847 Confectis
1175 3793 1452 3858 Sabbatis,
1503 3793 1618 3856 sive
1675 3793 2018 3848 hebdomada

437 3892 684 3953 peracta,
718 3883 804 3937 die
833 3885 1101 3950 sequenti,
1127 3897 1248 3951 qua:
1278 3883 1450 3936 inibat
1485 3897 1608 3936 cum
1643 3881 1776 3937 feria
1807 3885 2016 3953 prima;

437 3975 584 4044 quod
614 3973 855 4044 apertius
881 3972 1038 4028 Lucae
1065 3989 1185 4044 cap.
1214 3991 1370 4036 χχιιι,
1408 3973 1495 4038 54,
1526 3973 1870 4042 declaratur;
1909 3975 2020 4027 Καὶ

443 4067 628 4138 ἡμέρα
651 4063 718 4136 ἦν
749 4066 1094 4136 παρασκευὴ.
1127 4067 1221 4118 καὶ
1255 4065 1531 4120 Σάϐϐατον
1553 4067 1864 4134 ἐπέιρωσκε.
1915 4065 2020 4120 Ubi

439 4159 666 4213 verbum
723 4158 1011 4227 ἑπέφωσκε
1073 4159 1276 4212 nullam
1314 4151 1492 4213 lucem
1554 4159 1862 4228 significat,
1924 4159 2022 4214 sed

439 4249 680 4312 initium.
711 4251 781 4303 At
809 4251 948 4318 apud
981 4249 1345 4319 Epiphaniam
1395 4253 1448 4304 in
1491 4247 1830 4320 Expositione
1853 4251 1978 4320 ﬁdei
2003 4291 2018 4316 ,

438 4355 592 4396 num.
609 4340 701 4404 22,
727 4340 870 4396 circa
895 4341 1226 4411 gallicinium
1255 4341 1356 4411 τῆς
1373 4345 1658 4414 Κυριακῆς
1679 4329 2022 4412 ἐπιφωσκού-

441 4447 542 4502 σης
581 4433 714 4486 solvi
767 4425 1022 4501 paschale
1059 4432 1328 4501 jejunium
1364 4435 1584 4499 dicitur,
1629 4439 1732 4488 hoc
1781 4445 1865 4489 est
1901 4443 2024 4504 post

2105 1982 2214 2021 non
2248 1977 2352 2030 est,
2389 1977 2499 2020 tam
2527 1967 2796 2022 illustrem
2827 1967 3262 2036 disputationem
3295 1966 3518 2020 silentio
3555 1980 3694 2035 prae-.-

2107 2059 2434 2114 termittere.

2375 2211 2619 2268 Anatolii
2654 2213 2879 2285 insignis
2905 2213 3054 2268 locus
3089 2213 3425 2284 cxpenditur.

2185 2345 2334 2401 Vixit
2361 2345 2654 2402 Anatolius
2695 2345 3024 2402 Diocletiani
3067 2345 3182 2402 fere
3209 2355 3472 2417 tempore,
3503 2361 3700 2416 genere

2111 2438 2537 2500 Alexandrinus,
2563 2437 2659 2506 qui
2687 2453 2812 2492 cum
2839 2438 2906 2490 ad
2933 2438 3204 2509 synodum
3239 2437 3544 2492 Antiochiae
3567 2453 3700 2492 con-

2111 2539 2193 2584 tra
2223 2529 2452 2584 Paulum
2505 2527 2930 2583 Samosatenum
2980 2529 3244 2595 habitam,
3283 2528 3548 2584 Laodicea
3599 2528 3702 2582 iter

2113 2621 2375 2686 haberet,
2411 2621 2696 2691 episcopos
2747 2637 2776 2676 a
2817 2621 3144 2678 Laodicenis
3193 2623 3398 2676 electus
3437 2630 3536 2676 est.
3573 2619 3702 2675 Flo-

2115 2713 2225 2766 ruit
2279 2713 2446 2783 igitur
2499 2713 2603 2768 sub
2641 2713 2926 2768 Aureliani
2959 2729 3022 2769 ac
3071 2713 3394 2768 Diocletiani
3429 2723 3700 2781 tempora,

2115 2803 2198 2856 vir
2227 2803 2280 2856 in
2325 2803 2518 2872 primis
2565 2803 2816 2860 eruditus
2844 2845 2858 2870 ,
2917 2815 2970 2858 et
3027 2803 3432 2858 mathematicis
3489 2803 3722 2868 artibus

2115 2895 2389 2950 excultus.

2187 2988 2292 3055 Qui
2319 2989 2462 3042 inter
2489 2995 2701 3044 caetera
2729 3001 2970 3044 canones
3003 2983 3304 3042 Paschales
3329 2985 3600 3050 condidit;
3633 2999 3702 3040 ex

2117 3083 2317 3152 quibus
2343 3082 2456 3136 haec
2471 3064 2750 3135 Eusebius
2800 3080 3063 3149 exeripsit
3095 3099 3107 3134 :
3148 3079 3303 3150 Ἔχει
3325 3079 3506 3132 τοξνυν
3535 3081 3594 3130 ἐν
3623 3077 3704 3146 τῷ

2119 3173 2320 3244 πρώτῳ
2349 3173 2458 3225 ἔτει
2482 3171 2582 3243 τὴν
2611 3171 2916 3242 νουμηνίαν
2949 3170 3044 3223 τοῦ
3091 3170 3310 3242 πρώτου
3347 3171 3516 3240 μηνός
3535 3187 3548 3202 ·
3578 3153 3705 3237 ἥτις

2120 3265 2338 3334 ἁπάσης
2379 3261 2528 3315 ἐστὶν
2565 3263 2664 3333 τῆς
2701 3262 3342 3332 ὲννεακαιδεκαετηρίδος
3365 3301 3379 3323 ,
3427 3261 3530 3330 τῆς
3579 3261 3704 3314 κατ’

2117 3355 2448 3424 Αἰγυπτίους
2503 3355 2600 3424 μὲν
2643 3355 2906 3424 Φαμενὼθ
2963 3355 3095 3426 ἕκτῃ
3169 3355 3265 3408 καὶ
3315 3353 3513 3418 εἰκάδι,
3557 3354 3706 3406 γατᾶ

2118 3447 2176 3501 δὲ
2223 3447 2349 3510 τοὺς
2407 3445 2736 3499 Μακεδόνων
2801 3446 2976 3516 μῆνας
3035 3445 3276 3515 Δύστρου
3328 3445 3558 3514 δευτέρα
3609 3445 3707 3496 καὶ

2119 3539 2328 3602 εἰκάδι,
2382 3538 2458 3601 ὡς
2520 3537 2565 3590 δ’
2619 3538 2684 3591 ἃν
2733 3537 2936 3590 εἴποιεν
2997 3538 3292 3607 Ῥωμαῖοι,
3347 3538 3452 3606 πρὸ
3509 3538 3708 3588 ἕνδεκα

2119 3628 2412 3684 Καλανδῶν
2459 3628 2802 3698 Ἀπριλλίων.
2853 3627 3186 3698 Εὑρίσκεται
3219 3629 3274 3680 δὲ
3303 3631 3329 3681 ὁ
3359 3631 3512 3697 ἥλιος
3546 3631 3604 3679 ἐν
3637 3631 3706 3698 τῇ

2121 3719 2456 3792 προκειμένῃ
2481 3719 2741 3787 Φαμενὼθ
2780 3719 2915 3791 ἕκτῃ
2953 3719 3048 3772 καὶ
3077 3720 3276 3782 εἰκάδι,
3305 3721 3365 3772 οὐ
3397 3721 3556 3788 μόνον
3585 3721 3710 3770 ἐπι-

2121 3811 2223 3874 ϐὰς
2261 3810 2356 3863 τοῦ
2399 3809 2618 3881 πρώτου
2667 3811 2977 3880 τμήματος,
3013 3811 3128 3862 ἀλλ’
3171 3811 3271 3881 ἤδη
3305 3813 3400 3863 καὶ
3433 3811 3709 3880 τετάρτην

2121 3903 2336 3974 ἡμέραν
2369 3904 2426 3955 ὲν
2461 3901 2608 3972 αὐτῷ
2631 3903 3112 3973 διαπορευόμενος.
3147 3902 3401 3972 Τοῦτοιδὲ
3424 3903 3486 3954 τὸ
3511 3904 3711 3972 τμῆμα

2122 3994 2340 4064 πρῶτον
2363 3994 2858 4065 δωδεκατημόριον,
2885 3996 2979 4048 καὶ
3017 3995 3356 4064 ἰσημερινὸν,
3394 3995 3489 4047 καὶ
3519 3995 3710 4065 μηνῶν

2123 4084 2318 4156 ᾴρχὴν,
2355 4087 2448 4138 καὶ
2477 4085 2717 4156 κεφαλὴν
2747 4086 2840 4139 τοῦ
2873 4087 3092 4148 κύκλου,
3135 4085 3230 4139 καὶ
3259 4086 3454 4155 ἄφεσιν
3477 4085 3572 4138 τοῦ
3599 4087 3710 4138 τῶν

2123 4176 2412 4247 πλανητῶν
2435 4177 2636 4248 δρόμου
2682 4178 2868 4231 καλεῖν
2891 4175 3114 4230 εἰώθασι
3134 4192 3148 4206 ⁸
3183 4177 3244 4230 τὸ
3271 4178 3326 4230 δὲ
3359 4177 3466 4250 πρὸ
3487 4177 3707 4242 τούτου,

2128 4268 2316 4338 μηνῶν
2359 4269 2604 4338 ἔσχατον,
2641 4269 2736 4321 καὶ
2769 4269 2968 4340 τμῆμα
3009 4269 3332 4332 δωδέκατον,
3383 4269 3476 4322 καὶ
3519 4269 3704 4320 τελευ-

2124 4361 2272 4410 ταῖον
2304 4358 2804 4430 δωδεκατημόριον,
2837 4360 2930 4412 καὶ
2967 4359 3118 4422 τέλος
3144 4363 3246 4430 τῆς
3275 4359 3383 4411 τῶν
3417 4357 3709 4428 πλανητῶν

2125 4449 2358 4502 ἑπιὸδου.
2397 4449 2486 4500 se
2517 4451 2611 4502 καὶ
2650 4451 2775 4513 τοὺς
2807 4453 2864 4502 ἐν
2895 4451 3041 4520 αὐτῷ
3069 4450 3386 4520 τιθεμένους
3423 4449 3513 4501 τὸν
3551 4448 3710 4516 πρῶ-

440 4525 674 4579 mediam
709 4533 944 4590 noctem,
983 4541 1014 4580 a
1051 4541 1158 4594 qua
1193 4527 1336 4580 diem
1373 4527 1671 4580 Christiani
1734 4527 2011 4583 inclinant.

2123 4555 2214 4590 τον
2247 4539 2410 4608 μῆνα,
2459 4541 2552 4590 καὶ
2587 4540 2685 4608 τὴν
2731 4540 3328 4610 τεσσαρεσκαιδεκάτην
3369 4537 3460 4590 τοῦ
3513 4537 3712 4606 Πάσχα

439 4615 570 4680 ltem
603 4617 764 4686 paulo
793 4627 915 4688 post
955 4619 1144 4674 scribit
1171 4619 1468 4674 nonnullos
1519 4619 1856 4675 hebdomade
1889 4637 2019 4675 sau-

439 4716 530 4762 cta
560 4709 781 4778 vigilare
835 4710 934 4779 τὴν
995 4709 1134 4780 μετὰ
1181 4710 1279 4780 τὴν
1310 4711 1568 4782 πέμπτην
1599 4711 2019 4779 ἐπιφώσκουσαν

439 4799 522 4859 εἰς
548 4798 608 4849 τὸ
631 4798 1028 4868 προσάϐϐατον.
1066 4797 1166 4853 Ubi
1197 4789 1530 4868 ὲπιφώσκειν
1557 4800 1774 4856 videtur
1799 4803 2021 4872 proprie

441 4891 764 4958 sumpsisse,
798 4892 950 4960 quasi
981 4905 1089 4944 nox
1121 4893 1380 4961 postridie
1412 4892 1674 4961 lucescat,
1713 4895 1820 4952 hoc
1853 4905 1936 4950 est
1965 4897 2020 4950 in

441 4978 618 5032 lucem
657 4981 894 5034 desinat.
926 4977 1151 5036 Noctem
1185 4981 1330 5035 enim
1387 4982 1658 5054 intelligit,
1691 4999 1814 5054 quae
1852 4984 2022 5040 Para-

439 5083 652 5126 Bcevem
683 5070 952 5138 praecedit.

509 5159 632 5216 Col.
653 5161 758 5216 954
777 5161 964 5216 1).Καὶ
991 5162 1082 5216 ὅτι
1117 5161 1456 5229 ἀνάστασις
1486 5163 1584 5219 καὶ
1611 5166 1905 5235 ἰσημερίαι.
1940 5167 2020 5222 En

441 5251 646 5306 erroris
683 5260 1086 5323 argumentum.
1131 5253 1408 5311 Christum
1443 5258 1610 5319 enim.
1653 5273 1814 5327 quem
1852 5260 2024 5328 requi-

441 5345 628 5398 noetio
643 5345 760 5413 ipso
776 5345 1142 5428 resurrexisse
1159 5347 1440 5414 didicerat,
1468 5349 1569 5406 hoc
1589 5360 1674 5406 est
1694 5367 1800 5406 xxv
1819 5351 2020 5419 Martii,

440 5451 512 5492 eo
529 5437 615 5492 die
637 5441 1007 5514 resurrexisse
1033 5441 1280 5508 credidit,
1298 5459 1408 5512 quo
1425 5441 1745 5498 Diocletiani
1775 5453 2021 5514 tempore

441 5529 832 5598 aequinoctium
889 5530 1112 5600 incidit;
1165 5548 1291 5588 nam
1322 5549 1388 5588 ex
1418 5535 1688 5599 Anatolio,
1723 5543 1783 5590 ut
1805 5537 2020 5603 opinor,

443 5635 500 5680 et
533 5625 914 5682 Alexandrinis
963 5628 1240 5682 veteribus
1283 5628 1670 5699 aequinoctium
1696 5628 1874 5684 Martii
1911 5643 2022 5684 χχιι

449 5717 658 5784 statuit,
686 5733 810 5773 cum
835 5717 1113 5774 Niczenum
1162 5721 1371 5790 aliquot
1393 5721 1550 5775 annis
1577 5729 1762 5790 postea
1793 5724 1845 5775 in
1875 5721 2022 5776 vice-

447 5807 646 5864 simum
693 5809 930 5879 primum
984 5811 1245 5868 intulerit.
1309 5811 1458 5868 Unde
1508 5814 1598 5885 qui
1632 5821 2020 5881 successerunt

2123 4631 2242 4681 κατ’
2273 4628 2440 4699 αὐτὴν
2467 4626 2844 4699 λαμϐἁνοντας
2887 4631 2947 4682 οὐ
2992 4631 3227 4700 μικρῶς,
3269 4629 3378 4682 οὐδ’
3407 4629 3483 4691 ὡς
3516 4627 3714 4696 ἔτυχεν

2123 4722 2458 4790 ἁμαρτάνειν
2487 4721 2690 4790 φαμέν.
2721 4719 2846 4774 Haec
2873 4735 2972 4774 nos
3006 4721 3196 4774 Latine
3223 4721 3294 4773 ila
3325 4719 3664 4773 reddidimus
3695 4736 3708 4772 :

2127 4811 2296 4865 liabet
2325 4827 2480 4868 porro
2511 4812 2567 4864 in
2595 4827 2732 4865 anno
2761 4812 2930 4880 primo
2953 4813 3144 4864 mensis
3161 4811 3318 4878 primi
3339 4809 3664 4863 neomeuiam
3689 4829 3710 4875 ;

2123 4919 2238 4974 quae
2261 4905 2419 4958 totius
2455 4901 2976 4957 enneadecaeteridos
3009 4901 3221 4954 initium
3243 4911 3350 4964 est,
3377 4898 3714 4952 Pltamenoth

2123 4995 2409 5048 secundant
2475 4993 2758 5066 zEgyptios
2827 5007 2990 5055 “Vt,
3053 4989 3342 5046 secundum
3387 4989 3712 5044 Macedones

2129 5083 2307 5156 Dystri
2359 5099 2493 5148 xm,
2521 5093 2578 5136 ut
2613 5093 2788 5136 autent
2817 5082 3211 5136 Romanomore
3237 5081 3448 5148 loquar,
3485 5096 3536 5133 ιιι
3569 5077 3708 5135 Kal.

2123 5175 2254 5244 Apr.
2287 5175 2404 5240 Quo
2429 5174 2634 5244 quidem
2665 5175 2750 5227 die
2771 5189 2898 5230 xxvr
2930 5172 3282 5235 Phamenoth,
3307 5171 3388 5224 sol
3408 5187 3512 5224 non
3551 5171 3718 5224 modo

2125 5267 2351 5336 primum
2375 5266 2614 5336 signiferi
2652 5274 2972 5335 segmentum
2994 5265 3258 5332 ingressus
3295 5262 3586 5329 reperitur,
3616 5261 3718 5318 sed

2124 5359 2282 5412 etiam
2319 5366 2566 5426 quartum
2593 5355 2711 5424 jam
2741 5357 2796 5410 in
2827 5355 2922 5408 illo
2967 5357 3107 5407 diem
3152 5355 3493 5422 percurrisse.
3541 5355 3720 5420 Atque

2125 5449 2220 5502 hoc
2267 5448 2498 5516 primum
2549 5453 2872 5514 segmentum
2929 5443 3410 5508 dodecatcmoriou,
3450 5454 3497 5494 et
3551 5444 3720 5510 tequio

2129 5539 2370 5604 noctiale,
2405 5547 2452 5591 et
2478 5537 2734 5590 mensium
2774 5535 3147 5605 primordium,
3185 5549 3248 5586 ac
3283 5534 3415 5602 rycli
3446 5543 3628 5600 caput,
3659 5545 3717 5586 et

2127 5629 2385 5700 quosdam
2419 5627 2558 5681 velut
2603 5625 2938 5696 planetarum
2969 5627 3227 5680 circuitus
3257 5639 3494 5676 carceres
3526 5623 3721 5690 appel-

2129 5721 2240 5774 lare
2271 5720 2461 5774 solent.
2515 5717 2866 5782 Quamobrem
2901 5717 2990 5786 qui
3019 5716 3074 5770 in
3111 5730 3171 5769 eo
3209 5717 3443 5786 primum
3481 5729 3722 5768 mensem

2131 5813 2480 5878 constituunt,
2523 5819 2572 5864 et
2623 5810 2676 5863 in
2715 5826 2774 5864 eo
2819 5809 3084 5864 decimam
3123 5815 3370 5862 auat-tam
3411 5809 3719 5862 vastitatem
