4054 6404
355 370 462 427 993

1283 375 1370 429 DE
1408 372 1596 429 ANNO
1639 374 1727 428 ET
1766 375 1892 478 DIE.
1915 375 2270 436 DOMINICE
2305 381 2690 442 PASSIONIS.

3522 387 3630 445 99A

356 495 638 554 usurpant,
683 503 767 541 eos
805 503 908 542 non
953 488 1290 544 mediocriter
1331 491 1582 546 aberrare
1629 492 1940 548 statuimus.
1973 493 2019 552 Δ
2047 498 2190 563 poris
2217 507 2478 553 momento
2508 500 2606 554 illa
2641 510 2833 571 quarta
2866 517 2992 570 pars
3030 501 3156 565 diei,
3193 480 3316 570 quae
3349 503 3628 555 annuatim

351 578 492 634 Cum
523 580 690 649 igitur
717 581 1108 650 aequinoctium
1151 581 1333 637 Martii
1377 600 1492 638 xxn
1531 583 1766 650 ﬁxisset,
1809 599 1940 652 ρει-δ

352 672 555 726 mirum
585 672 687 726 hoc
723 673 1000 743 plerisque
1033 675 1212 730 visum
1241 684 1345 734 est.
1387 676 1480 745 qui
1517 685 1572 730 et
1603 676 1939 733 recentiores

351 763 757 819 Alexandrinos
784 767 1100 835 scriptores,
1135 777 1208 829 et,
1251 769 1394 839 quod
1441 778 1601 838 caput
1627 779 1727 831 est,
1759 767 1936 824 Nicaeo

351 872 482 912 nam
519 857 791 926 synodum
829 858 1095 913 vicesimo
1140 860 1320 929 primo
1362 859 1542 914 Martii
1584 861 1937 916 constituisse

351 950 738 1003 meminerant.
775 948 892 1014 Qua
917 950 984 1003 de
1015 965 1072 1002 re
1115 949 1258 1002 Beda
1287 949 1579 1003 consultus
1607 963 1936 1019 magnopere

350 1049 581 1104 mstuat;
622 1049 678 1094 et
724 1027 757 1094 ai
793 1039 990 1094 Ruﬁno
1039 1051 1329 1110 corrupta,
1387 1041 1463 1094 uti
1509 1041 1653 1106 dixi,
1700 1042 1934 1095 Anatolii

347 1133 513 1186 verba
540 1132 842 1202 proferens,
887 1134 1126 1188 alienmn
1170 1135 1236 1188 iis
1279 1149 1497 1187 sensum
1535 1135 1931 1189 accommodat.

350 1223 582 1278 Ruﬁnus
606 1223 751 1277 enim
797 1223 872 1277 ita
907 1224 1090 1293 priora
1126 1223 1361 1278 reddidit
1401 1241 1414 1276 :
1451 1221 1548 1275 Est
1575 1239 1698 1292 ergo
1732 1224 1787 1276 in
1821 1224 1934 1291 pri-

349 1331 434 1368 mo
473 1330 611 1368 anno
639 1315 853 1367 initium
884 1304 1043 1383 primi
1083 1315 1296 1378 mensis,
1329 1313 1541 1384 quando
1572 1326 1648 1368 est
1679 1315 1852 1367 decem
1883 1322 1931 1367 et

349 1423 529 1460 novem
561 1423 819 1479 annorum
845 1406 1386 1470 initiunt,.secundum
1414 1405 1700 1476 Egyptios
1723 1405 1932 1477 quidem

347 1498 680 1554 Phamenoth
714 1513 881 1564 xxvr;
920 1499 1206 1551 secundum
1238 1497 1500 1550 Romanos
1531 1513 1648 1549 vero
1689 1512 1741 1549 XI
1798 1494 1936 1548 Kal.

348 1596 481 1662 Apr.
525 1592 588 1645 lu
607 1608 710 1662 qua
739 1592 823 1644 die
852 1590 1119 1644 invenitur
1142 1588 1222 1643 sol
1242 1605 1345 1642 non
1374 1589 1540 1642 solum
1568 1590 1931 1642 conscendisse

345 1693 572 1762 primaut
611 1697 835 1758 portent,
875 1702 1050 1741 rerum
1081 1686 1242 1739 etiam
1262 1694 1508 1755 quartam
1528 1685 1644 1753 jam
1669 1685 1722 1738 in
1745 1687 1928 1738 cadent

345 1781 428 1835 die
455 1781 667 1843 habere,
702 1779 755 1832 id
782 1787 858 1832 est
889 1778 944 1832 in
976 1777 1151 1844 prima
1178 1792 1242 1828 ea:
1272 1791 1348 1829 ιιι
1380 1777 1642 1845 partibus,
1671 1785 1774 1830 etc.
1797 1776 1926 1841 Qum

345 1865 487 1926 Beda
513 1872 592 1926 sic
630 1871 830 1939 accipit
869 1866 1310 1938 :IEquinoctium
1326 1872 1395 1924 ob
1420 1867 1719 1922 bissextum
1756 1869 1926 1920 inter-
1961 1848 2002 1903 Β

344 1963 473 2018 dum
510 1963 563 2016 in
596 1977 670 2016 xu
708 1959 1133 2024 Kal.,interdum
1158 1960 1210 2013 in
1254 1975 1306 2013 xl
1340 1959 1595 2012 incurrit.
1629 1956 1764 2011 Nam
1801 1974 1925 2012 cum

342 2053 598 2108 Julianus
629 2066 810 2106 annus
845 2049 1228 2120 Egyptiacum
1266 2057 1320 2103 et
1361 2049 1662 2117 simplicem
1696 2049 1846 2103 horis
1873 2064 1923 2102 vt

345 2121 588 2215 superet.
632 2141 945 2211 aequinoctii
983 2139 1370 2211 μετέμπτωσις
1407 2140 1464 2192 lit
1498 2139 1550 2192 in
1588 2153 1732 2191 anno
1769 2153 1924 2193 Com-

345 2235 520 2290 muni.
571 2233 752 2300 Quare
809 2232 880 2287 sit
916 2230 1305 2302 atquinoctium
1361 2244 1507 2283 anno
1538 2230 1654 2299 ipso
1713 2229 1924 2284 bissex-

345 2328 423 2384 tili
454 2341 548 2381 xxt
588 2325 791 2390 Martii,
832 2337 997 2379 mane
1049 2337 1195 2377 anno
1230 2322 1406 2392 primo
1445 2330 1570 2392 post
1621 2321 1924 2376 bissextum

342 2418 548 2475 incidet
574 2419 628 2474 in
661 2417 944 2474 meridiem
985 2435 998 2472 :
1037 2431 1183 2470 anno
1209 2431 1245 2469 ιι
1275 2425 1399 2485 post
1418 2415 1718 2470 bissextum
1745 2415 1798 2468 in
1828 2429 1926 2469 oc-

339 2527 529 2566 casum
587 2511 692 2567 diei
751 2524 882 2574 xxt,
945 2524 1096 2564 anno
1145 2524 1204 2562 ιιι
1257 2508 1312 2561 in
1382 2507 1618 2562 mediam
1672 2517 1920 2570 noetem;

341 2619 490 2659 anno
525 2619 576 2656 tv
610 2619 706 2672 per
731 2601 1206 2656 intercalationem
1243 2615 1272 2653 a
1306 2615 1418 2652 uti
1453 2599 1648 2652 iterum
1679 2598 1732 2651 in
1763 2613 1850 2650 xxi
1872 2604 1926 2651 et

341 2693 674 2748 matutinum
710 2701 926 2761 tempus
962 2691 1196 2746 recedet.
1239 2690 1376 2743 Cum
1416 2690 1582 2759 igitur
1625 2689 1678 2742 in
1731 2703 1922 2757 vespe-

343 2799 482 2848 ram,
523 2783 609 2837 vel
649 2783 883 2838 mediam
931 2789 1149 2836 noctem
1193 2781 1406 2845 incidit,
1452 2779 1520 2832 ad
1555 2793 1605 2832 xl
1652 2777 1772 2833 Kal.
1801 2793 1925 2848 per-

345 2872 508 2938 tinet;
533 2888 597 2925 eo
613 2872 759 2942 quod
790 2886 898 2925 nox
924 2871 1042 2940 ipsa
1067 2869 1512 2926 Christianorum
1541 2869 1647 2921 ritu
1673 2869 1921 2937 sequenti

343 2963 492 3019 ferite
530 2964 806 3018 tribuitur.
848 2963 984 3017 Cum
1024 2973 1205 3016 autem
1253 2961 1318 3014 ad
1371 2959 1650 3014 meridiem
1684 2959 1768 3012 vel
1807 2975 1925 3014 ma-

342 3056 579 3109 tutinum
616 3064 829 3124 tempus
867 3054 1134 3125 pervenit,
1161 3051 1340 3106 Martii
1377 3067 1489 3117 ut,
1517 3051 1632 3106 sive
1659 3066 1736 3104 xu
1793 3050 1918 3104 Kal.

341 3149 469 3217 Apr.
517 3155 822 3214 arrogatur.
880 3144 1050 3209 Unde,
1097 3143 1298 3213 inquit,
1355 3143 1590 3198 consulte
1641 3143 1921 3198 Anatolius

340 3254 444 3291 non
469 3245 606 3292 vetat
633 3238 686 3292 in
725 3253 797 3299 χι,
831 3240 923 3290 sed
951 3246 1071 3290 ante
1104 3253 1156 3289 ιιι
1188 3234 1318 3289 Kal.
1381 3237 1518 3305 Apr.
1547 3235 1756 3288 Pascha
1799 3234 1924 3287 cele-

341 3329 504 3382 brari.
537 3328 658 3381 Non
685 3329 822 3381 enim
851 3331 1021 3390 prima
1067 3327 1205 3382 sedis
1245 3327 1630 3398 azquinoctt'alis
1663 3338 1920 3394 tempora,

338 3419 429 3469 sed
461 3417 650 3470 ultima
689 3419 915 3488 signavit
959 3435 977 3471 :
1022 3419 1120 3470 hoc
1166 3429 1240 3472 est
1283 3435 1366 3481 ea,
1413 3435 1444 3470 a
1483 3417 1670 3486 quibus
1701 3416 1922 3470 Pascha?

339 3508 740 3560 celebrationem
778 3509 1006 3576 incipere
1043 3524 1194 3576 posse
1242 3518 1478 3562 noverat.
1525 3508 1658 3561 Cum
1701 3509 1840 3562 enim
1883 3523 1918 3560 ιι

341 3601 418 3652 ecl
437 3616 492 3651 ιιι
521 3616 658 3652 anno
681 3611 794 3668 post
826 3600 1114 3654 bissextum
1147 3599 1370 3654 Pascha:
1392 3600 1503 3653 dies
1539 3599 1842 3652 Dontiuicus
1867 3601 1921 3652 in

340 3707 393 3746 λι
428 3690 556 3746 Kal.
591 3693 718 3761 Apr.
756 3695 1069 3757 occurrerit,
1101 3701 1310 3746 constat
1335 3694 1608 3758 nimirum,
1632 3693 1770 3763 quod
1801 3708 1921 3745 cum

340 3786 652 3849 equinoctio
677 3784 901 3840 Pascha?
922 3787 1032 3839 dies
1060 3786 1380 3838 inchoatur:
1411 3783 1564 3852 cujus
1595 3784 1922 3837 cceremonice

340 3887 515 3948 partes
551 3878 882 3932 celebrantur
905 3880 1076 3948 prima
1093 3889 1240 3932 nocte
1253 3895 1272 3943 ;
1297 3894 1414 3930 cum
1429 3877 1611 3931 eadem
1633 3876 1918 3938 mediante,

341 3972 418 4024 vel
446 3969 721 4022 inchoante
744 3969 1052 4037 perﬁciatur
1081 3969 1474 4039 tequinoctium.
1515 3963 1648 4021 Tum
1676 3983 1793 4020 vero
1820 3968 1921 4020 rite

342 4060 550 4119 Pascha
578 4061 882 4130 peragitur;
936 4063 1060 4130 quia
1094 4059 1515 4124 resurrectionis,
1541 4075 1657 4128 qua:
1681 4058 1920 4111 diluculo

341 4155 487 4223 facta
513 4164 610 4218 est,
640 4155 914 4223 prrecipua-
952 4169 1075 4221 pars
1113 4161 1228 4221 post
1270 4152 1644 4221 a’quinoctium
1687 4152 1920 4204 celebra-

341 4254 446 4299 tur.
478 4245 601 4299 llzec
644 4246 753 4298 fere
786 4244 926 4298 Beda
953 4245 1048 4297 lib.
1084 4243 1155 4297 De
1195 4245 1390 4313 a’quin.
1426 4243 1528 4308 Qui
1563 4243 1643 4298 sic
1674 4242 1916 4297 Anatolii

340 4340 504 4393 verba
531 4329 769 4391 declarat
802 4355 814 4391 :
849 4337 986 4390 Cum
1021 4337 1130 4391 duo
1154 4336 1264 4391 sint
1292 4337 1634 4406 aequinoctio
1665 4337 1918 4391 attributi

339 4433 478 4497 dies,
511 4431 825 4486 Anatolium
864 4429 931 4484 de
959 4429 1264 4498 posteriore
1294 4429 1475 4498 loqui;
1529 4429 1584 4482 in
1625 4443 1737 4498 quo
1770 4429 1919 4485 scili-

2048 602 2344 642 accrescere
2385 589 2540 654 solet,
2597 593 2882 646 secundum
2946 604 3193 645 naturam
3238 593 3471 662 perfecta
3517 609 3630 648 esse

2047 679 2398 750 dignoscitur.
2457 681 2639 748 Quare
2682 684 2766 738 sol
2814 700 2937 738 cum
2980 684 3371 754 mquinoctium
3422 686 3624 754 attigit,

2040 769 2154 839 jam
2203 771 2308 825 diei
2366 775 2724 842 quadrantem
2785 775 3038 829 absolvit.
3085 775 3253 840 Quasi
3299 775 3445 830 dicat
3493 777 3628 831 :Ab

2043 861 2370 932 aequinoctio
2407 879 2516 917 uno
2544 879 2720 920 verno
2747 867 2811 920 ad
2847 868 3103 929 alterum.
3133 869 3250 923 dies
3281 870 3629 926 intercedunt

2044 953 2198 1006 solidi
2234 967 2458 1020 cccuv,
2505 963 2560 1010 ct
2595 956 2744 1011 hora:
2788 973 2861 1011 vr.
2911 958 3116 1013 Verum
3159 969 3218 1014 ut
3262 970 3524 1031 quantum
3557 962 3626 1016 ab

2041 1040 2280 1096 Anatolii
2325 1058 2488 1098 sensu
2545 1045 2836 1111 deerrarit,
2889 1048 3184 1118 intelligas,
3231 1049 3466 1120 insignis
3511 1051 3625 1120 pri-

2043 1148 2194 1187 mum
2229 1134 2320 1189 illc
2353 1135 2508 1191 locus
2544 1151 2574 1190 a
2612 1139 2771 1192 nobis
2809 1140 3192 1209 explanandus
3225 1149 3327 1195 est.

2109 1223 2308 1279 Censet
2361 1225 2524 1296 igitur
2571 1227 2864 1284 Anatolius
2914 1245 3159 1285 mensem
3215 1231 3453 1300 primum
3488 1232 3622 1287 anni

2039 1316 2207 1383 primi
2241 1317 2406 1372 totius
2447 1320 2582 1389 cycli
2618 1321 3136 1377 decemnovennalis
3180 1324 3481 1394 νουμηνίαν
3520 1324 3622 1378 ha-

2037 1403 2167 1458 bere
2206 1405 2258 1458 in
2307 1422 2432 1460 xxvr
2484 1407 2848 1474 Phamenoth,
2903 1412 3017 1468 sive
3065 1411 3243 1467 Martii
3279 1429 3412 1477 χχιι,
3450 1414 3531 1468 vel
3564 1429 3621 1468 χι

2038 1492 2158 1548 Kal.
2195 1496 2352 1566 Apr.,
2395 1514 2505 1568 qua
2539 1499 2624 1554 die
2655 1501 2736 1556 sol
2773 1503 3008 1571 primmn
3035 1504 3245 1558 zodiaci
3281 1514 3618 1574 segmentum

2037 1578 2323 1654 percurrit.
2353 1588 2511 1654 Quod
2559 1593 3192 1662 segmentum,primum
3234 1591 3618 1662 δωδεκατημό-

2040 1692 2172 1746 ριον,
2216 1687 2270 1733 et
2321 1679 2665 1752 ἰσημερινόν,
2712 1689 2766 1736 et
2804 1683 3132 1754 principium
3171 1685 3479 1750 mensium,
3525 1684 3622 1738 ad-

2034 1782 2209 1837 eoque
2260 1771 2396 1841 cycli
2453 1774 2626 1828 totius
2689 1775 2961 1844 appellat,
3009 1784 3062 1830 et
3111 1775 3304 1844 ἄφεσιν
3360 1775 3455 1828 τοῦ
3508 1773 3618 1827 τῶν

2035 1859 2324 1928 πλανητῶν
2351 1861 2553 1933 δρόμου
2574 1905 2588 1927 ,
2627 1865 2729 1919 hoc
2761 1875 2866 1927 est,
2898 1867 3065 1920 velut.
3088 1881 3338 1921 carceres
3379 1881 3445 1920 ex
3499 1866 3621 1934 qui-

2034 1949 2140 2004 bus
2180 1953 2527 2008 emittuntur.
2574 1952 2714 2009 Nam
2771 1957 3159 2011 absolutionem
3223 1957 3456 2012 Ruﬁnus
3506 1972 3616 2011 non

2033 2053 2180 2098 recte
2209 2045 2597 2114 interpretatus
2626 2057 2736 2110 est,
2771 2049 2878 2102 nisi
2913 2048 3119 2104 absolvi
3143 2048 3328 2103 stellas
3354 2048 3426 2103 sit
3449 2047 3616 2106 idem.

2033 2137 2176 2205 quod
2199 2137 2394 2191 emitti.
2423 2137 2748 2207 Quanquam
2796 2139 3005 2209 epocha
3047 2139 3159 2203 illa,
3198 2140 3313 2194 sive
3351 2148 3614 2209 punctum

2033 2230 2600 2300 aaquinoctialeddem
2635 2233 2916 2302 sequentis
2946 2246 3143 2287 cursus
3175 2231 3389 2286 initium
3421 2240 3524 2292 est,
3561 2239 3618 2285 et

2032 2321 2408 2377 antecedentis
2438 2322 2706 2376 terminus
2739 2338 2754 2376 :
2791 2323 2937 2376 unde
2972 2322 3325 2376 vehementer
3355 2336 3453 2377 eos
3498 2321 3618 2377 119'-

2031 2415 2264 2470 lu'cinari
2323 2413 2523 2478 docet,
2589 2414 2684 2484 qui
2765 2413 2820 2468 in
2890 2415 3168 2469 anteriore
3228 2423 3616 2484 postremoque

2032 2513 2312 2575 segmento
2376 2519 2618 2560 mensem
2692 2505 2929 2574 primum
2953 2541 2973 2570 ,ι
3029 2514 3082 2560 et
3149 2521 3240 2558 xiv
3301 2505 3614 2574 paschalem

2031 2596 2392 2650 constituunt.
2437 2593 2625 2651 Graeca
2664 2595 2810 2649 enim
2843 2599 2910 2650 atl
2944 2596 3090 2650 hunc
3130 2611 3354 2651 sensum
3391 2609 3616 2650 accom.

2031 2688 2303 2742 modanda
2351 2702 2474 2742 esse
2517 2688 2692 2743 series
2745 2690 2863 2758 ipsa
2914 2687 3183 2742 orationis
3238 2687 3485 2743 iudicat:
3525 2689 3618 2740 Διὸ

2031 2780 2126 2834 καὶ
2151 2780 2278 2843 τοὺς
2301 2780 2360 2832 ὲν
2383 2779 2532 2850 αὑτῷ
2555 2780 2876 2851 τιθεμένους
2907 2776 3003 2834 τὸν
3032 2781 3248 2856 πρῶτον
3285 2766 3450 2852 μῆνα.
3481 2781 3618 2834 Pro-

2032 2885 2229 2925 nomen
2260 2870 2411 2940 αὑτῷ
2437 2873 2504 2924 ad
2527 2871 2836 2936 τελευταῖον
2861 2871 3357 2944 δωδεκατημόριον,
3385 2881 3438 2926 et
3463 2873 3616 2935 τέλος

2030 2963 2130 3032 τῆς
2179 2962 2287 3015 τῶν
2348 2962 2634 3032 πλανητῶν
2691 2963 2942 3033 περιόδου
2995 2965 3250 3032 pertinet.
3302 2962 3412 3018 Nec
3470 2975 3614 3017 recte

2031 3052 2253 3122 quidam
2301 3052 2596 3106 emendant
2650 3050 2756 3122 πρὸ
2804 3050 2994 3105 αὐτοῦ.
3050 3050 3185 3106 Nam
3230 3053 3298 3108 de
3335 3061 3616 3119 postremo
3665 3057 3667 3059 ’

2034 3152 2314 3214 segmento
2345 3144 2608 3214 loquitur.
2649 3143 2835 3212 Pergit
2870 3144 3065 3198 deinde
3099 3159 3114 3196 :
3152 3145 3262 3197 Καὶ
3291 3144 3390 3215 τὴν
3423 3145 3480 3198 ιδ’
3519 3145 3612 3199 τοῦ

2027 3237 2219 3307 Πάσχα
2259 3238 2379 3290 κατ’
2411 3237 2583 3305 αὐτὴν
2624 3236 3007 3308 λαμϐάνοντας
3035 3237 3096 3288 οὐ
3131 3235 3366 3306 μικρῶς,
3396 3237 3504 3290 οὐδ’
3537 3237 3614 3301 ὡς

2024 3328 2214 3398 ἔτυχεν
2266 3329 2604 3398 ἁμαρτάνειν
2654 3327 2855 3398 φαμέν.
2917 3327 3021 3381 Pro
3075 3327 3201 3380 κατ’
3258 3327 3431 3396 αὑτήν
3487 3344 3611 3382 om-

2025 3419 2158 3473 nino
2207 3417 2326 3471 κατ’
2379 3417 2512 3470 αὐτό
2561 3417 2882 3487 legendum
2924 3418 3151 3472 allirmo.
3181 3415 3328 3471 Nihil
3354 3419 3498 3473 enim
3529 3429 3613 3475 est

2023 3525 2134 3580 quo
2213 3509 2502 3565 commode
2578 3525 2883 3579 pronomen
2958 3509 3091 3564 illud
3181 3509 3471 3565 referatur.
3510 3502 3613 3565 'At

2023 3603 2273 3673 proxime
2317 3601 2551 3661 dixerat,
2606 3601 2732 3663 τοὺς
2771 3602 2830 3652 ὲν
2881 3598 3029 3671 αὐτῷ
3070 3599 3410 3670 τιθεμένους,
3457 3600 3612 3655 vide-

2023 3695 2148 3748 licet
2179 3692 2468 3763 τελευταίῳ
2503 3694 2776 3764 τμήματι.
2817 3691 2974 3758 Quod
3026 3692 3073 3746 si
3121 3692 3349 3763 quisad
3383 3707 3446 3746 ea
3488 3707 3611 3760 qua:

2022 3787 2317 3841 remotiora
2355 3795 2506 3850 sunt,
2539 3795 2668 3856 puta
2705 3784 2893 3856 μηνῶν
2925 3785 3120 3856 ἀρχὴν,
3156 3794 3210 3839 et
3247 3784 3512 3856 κεφαλήν,
3557 3793 3612 3838 et

2022 3878 2218 3947 ἄφεσιν
2273 3877 2544 3948 pertinere
2594 3877 2936 3942 contendat;
2991 3877 3335 3930 contrarium
3385 3877 3606 3946 quidem

2021 3971 2163 4040 ejus,
2209 3969 2358 4040 quod
2409 3983 2753 4039 pugnamus,
2794 3967 3054 4037 quodque
3111 3969 3427 4023 Anatolium
3483 3984 3610 4022 sen-

2023 4063 2164 4117 sisse
2200 4062 2479 4127 volumus,
2509 4074 2574 4115 ex
2616 4075 2680 4115 ea
2709 4060 2962 4115 oratione
3007 4071 3290 4128 sequetur.
3336 4057 3606 4114 Nimirum

2021 4169 2130 4208 non
2184 4153 2347 4208 licere
2411 4168 2502 4206 xw
2572 4152 2886 4221 paschalem
2947 4151 3128 4220 primo
3183 4149 3276 4205 illo
3320 4150 3442 4216 die,
3499 4165 3618 4220 quo

2021 4243 2406 4313 aequinoctium
2437 4230 2750 4305 conﬁcitur,
2803 4241 2897 4296 sed
2952 4242 3007 4296 in
3048 4242 3320 4311 superiori
3352 4251 3610 4297 tmemate

2022 4334 2287 4404 deﬁgere;
2341 4333 2573 4401 ideoque
2612 4331 2823 4386 Pascha
2858 4347 2983 4385 xxtt‘
3009 4333 3096 4386 die
3125 4333 3389 4387 celebrari
3420 4347 3604 4403 posse.

2024 4423 2084 4478 Si
2101 4423 2248 4478 enim
2274 4421 2430 4478 nefas
2453 4431 2536 4476 est
2565 4421 2688 4475 κατ’
2716 4422 2889 4494 αὑεὴν
2910 4422 3008 4493 τὴν
3035 4422 3247 4494 ἡμέραν
3269 4424 3606 4493 aequinoctii,

340 4534 428 4580 cet
452 4532 608 4578 nocte
639 4523 752 4587 illa,
778 4537 900 4592 qua:
929 4536 1019 4574 im
1043 4519 1222 4575 Martii
1249 4520 1396 4575 diem
1439 4519 1710 4590 sequitur,
1747 4518 1918 4588 atqui-
1947 4526 2114 4582 B-xw
2155 4514 2462 4584 paschalem
2511 4529 2714 4583 ponere
2732 4545 2764 4577 ,-
2796 4514 2920 4568 licet
2981 4514 3147 4582 igitur
3191 4514 3440 4582 proximo
3479 4523 3616 4570 ante

339 4617 581 4671 noctium
613 4613 900 4682 contingit.
936 4609 1050 4664 imo
1095 4625 1224 4665 vero
1255 4611 1324 4664 de
1357 4609 1663 4679 vespertino
1697 4607 1918 4678 potissi-

339 4721 492 4761 mum
529 4704 858 4773 aequinoctio
900 4701 1185 4771 intelligit;
1229 4700 1377 4770 quod
1431 4697 1721 4754 Anatolius
1773 4699 1920 4754 dicat

339 4797 724 4852 celebrandum
761 4795 968 4850 Pascha
993 4835 1008 4860 ,
1049 4791 1270 4862 quando
1304 4791 1432 4846 luna
1467 4791 1568 4845 soli
1613 4790 1862 4860 opposita
1889 4803 1919 4843 e

341 4891 563 4958 regione
589 4884 1036 4957 deprehenditur,
1091 4885 1172 4938 sic
1219 4893 1278 4937 ut
1319 4875 1557 4937 vernalis
1603 4876 1917 4950 aequinoctii

341 4986 551 5048 partem
587 4976 668 5029 sol
712 4975 992 5039 obtineat;
1033 4973 1164 5027 luna
1195 4987 1326 5026 vero
1365 4971 1699 5026 autumnalis
1729 4989 1742 5023 :
1773 4969 1922 5035 Quid.

340 5085 487 5138 ergo,
515 5068 711 5136 inquit,
749 5065 1074 5129 mirandum,
1122 5067 1167 5120 si
1210 5065 1266 5118 in
1295 5081 1350 5118 XI
1401 5063 1522 5119 Kal.
1561 5065 1756 5133 atquin.
1799 5063 1921 5133 fieri

342 5160 504 5222 dicat,
539 5174 658 5210 cum
703 5157 765 5210 de
820 5155 916 5209 illa
959 5156 1100 5226 loqui
1134 5172 1189 5209 se
1237 5157 1370 5209 hora
1409 5154 1664 5215 declaret,
1705 5155 1919 5224 quando

343 5249 612 5302 occidente
658 5248 726 5300 ad
767 5264 1033 5316 uesperam
1070 5247 1177 5300 sole
1216 5247 1345 5300 luna
1382 5263 1409 5300 e
1447 5247 1716 5299 contrario
1762 5261 1916 5299 suum

341 5339 544 5393 attollit
569 5342 851 5393 exortum?
877 5337 1061 5406 Pergit
1093 5337 1312 5400 deinde,
1352 5346 1406 5391 et
1441 5337 1586 5406 quod
1630 5337 1920 5390 Anatolius

343 5431 648 5498 scripserat
683 5448 695 5482 :
728 5431 784 5482 in
812 5446 864 5483 XI
901 5425 1026 5484 Kal.
1062 5429 1192 5498 Apr.
1229 5429 1393 5483 solem
1424 5444 1525 5482 non
1570 5435 1776 5481 tantum
1809 5429 1920 5496 pri~

343 5537 486 5573 mam
527 5530 728 5588 partem
767 5519 860 5572 τοῦ
897 5518 1371 5589 δωδεκατημορίου
1414 5519 1797 5581 conscendisse,
1831 5535 1919 5571 ve-

344 5625 461 5662 rum
504 5609 662 5662 etiam
696 5616 946 5678 quartam
985 5607 1106 5676 jam
1145 5609 1199 5660 in
1241 5607 1430 5660 eodem-
1457 5608 1554 5660 die'
1580 5609 1800 5671 habere;
1840 5611 1920 5666 sic

341 5700 597 5768 exponit:
628 5697 769 5764 Quia
787 5699 992 5768 quoties
1025 5697 1396 5765 teguiuoctiale
1428 5709 1629 5767 tempus
1649 5699 1811 5768 juxta
1837 5718 1920 5755 ra-

343 5790 537 5847 tionem
563 5790 845 5862 praefatam
867 5790 920 5843 in
935 5804 990 5844 ιι
1018 5787 1146 5844 Kal.
1177 5789 1386 5858 incidit,
1411 5791 1561 5846 toties
1587 5793 1639 5844 iu
1659 5793 1772 5863 ipso
1795 5801 1920 5847 tem-

2024 4606 2175 4660 illam
2221 4606 2330 4672 die,
2368 4615 2428 4660 ut
2473 4605 2724 4660 citimutn
2767 4603 2981 4659 Pascha
3023 4620 3136 4660 ιλιι
3171 4603 3351 4659 Martii
3400 4607 3607 4661 consti»

2025 4707 2230 4766 tuatur,
2283 4697 2428 4768 quod
2484 4705 2539 4752 et
2585 4712 2774 4752 verum
2824 4705 2909 4753 est
2964 4705 3088 4767 post
3137 4695 3342 4751 Nicaeni
3387 4697 3606 4752 concilii

2025 4797 2270 4860 tempora
2290 4788 2500 4844 licitum
2525 4804 2666 4845 esse.
2710 4789 2910 4845 Verum
2935 4790 3040 4844 hoc
3066 4789 3379 4844 Anatolium
3409 4790 3607 4844 existia

1985 4896 1991 4900 ·
2024 4894 2224 4942 massc,
2250 4887 2346 4934 aut
2367 4880 2431 4933 ad
2450 4887 2826 4936 eam-mentem
2854 4881 2998 4934 illius
3021 4879 3394 4935 rcferriverha
3418 4898 3614 4951 posser

2023 4969 2080 5024 id
2109 4985 2236 5024 vero
2277 4977 2591 5024 constanter
2620 4986 2776 5041 nego.
2810 4969 2866 5023 In
2902 4971 3095 5039 primis
3125 4973 3271 5026 enim
3303 4973 3613 5028 absurdum

2023 5071 2128 5126 est,
2184 5077 2485 5132 pronomen
2542 5063 2712 5133 αὐτήν
2766 5078 2892 5117 eutn
2944 5063 3012 5119 iis
3066 5063 3428 5134 conjungere,
3483 5079 3617 5134 quar

2027 5162 2180 5209 tanto
2211 5163 2337 5210 ante
2367 5155 2636 5210 orationis
2670 5155 2954 5210 intervallo
3000 5156 3175 5225 posita
3217 5162 3362 5210 sunt.
3398 5153 3614 5210 Deinde

2024 5245 2222 5302 refellit
2265 5261 2361 5302 eos
2403 5245 2711 5314 Anatolius,
2761 5247 2855 5317 qui
2893 5256 3019 5302 ante
3061 5247 3296 5316 primum
3352 5261 3614 5316 segmen-r

2025 5347 2163 5404 tum,
2195 5347 2248 5392 et
2277 5339 2588 5409 aequinoctii
2613 5340 2758 5394 diem
2796 5340 3031 5409 primum
3063 5354 3307 5393 mensem
3355 5340 3604 5393 celebra-

2023 5427 2192 5494 bant;
2221 5429 2364 5498 quod
2407 5444 2515 5484 non
2556 5427 2883 5494 facerent,si
2928 5444 3020 5482 xw
3061 5427 3368 5497 paschalem
3401 5427 3453 5479 in
3487 5426 3618 5495 ipso

2024 5517 2389 5587 aequinoctiali
2411 5517 2496 5571 die
2531 5518 2860 5573 collocarent
2891 5536 2904 5573 :
2941 5518 3046 5572 hoc
3073 5516 3410 5586 enim‘primi
3446 5530 3608 5569 men-—

2024 5610 2100 5665 sis
2131 5609 2345 5664 initium
2379 5617 2482 5664 est.
2519 5608 2599 5664 Ad
2636 5609 2751 5665 haec
2793 5625 2918 5680 quae
2947 5624 3013 5664 ex
3047 5607 3362 5662 Iudaeorum
3391 5604 3618 5676 placitis

2023 5703 2092 5758 ad
2117 5717 2270 5759 suam
2306 5702 2452 5755 illam
2490 5701 2830 5779 probandum
2877 5702 3204 5757 sententiam
3251 5697 3426 5760 aﬁert,
3478 5697 3614 5752 nul-r

2025 5793 2139 5850 lum
2181 5791 2465 5849 dubitandi
2499 5791 2680 5848 locum
2728 5793 3065 5864 relinquunt.
3101 5789 3431 5848 Statucbant
3459 5788 3618 5844 enim
