4054 6404
451 342 560 403 995

1536 318 1886 397 serestus
1928 335 2567 394 DISSER'I‘A'I'IONUM.

3600 331 3709 388 996

452 460 698 521 seniores
734 458 844 525 illi,
897 466 1023 528 post
1068 456 1423 514 commissum
1473 454 1892 526 aequinoctium,
1956 452 2025 507 ad
2054 457 2099 515 Α
2127 430 2270 508 Βὲᾶα
2310 453 2494 508 minus
2536 449 3033 515 animadvertisset,
3070 446 3206 503 falso
3241 444 3472 503 credidit
3502 444 3709 498 Anato-

451 566 759 622 vesperam,
807 565 917 620 quo
951 559 1195 618 tempore
1218 549 1346 603 luna
1377 551 1431 603 in
1484 547 1656 601 altero
1696 545 2025 614 aequinoctio

451 660 485 701 e
524 643 746 713 regione
804 642 975 698 solem
1027 640 1286 708 respicit,
1357 639 1456 710 τὴν
1500 637 1609 690 τῶν
1658 635 2028 706 διαϐατηρίων

453 733 670 804 ἑορτήν,
703 732 808 785 hoc
841 736 925 784 est
955 728 1164 782 Pascha
1196 726 1504 781 Judaicum.
1525 725 1609 795 agi
1657 724 1872 777 debere.
1920 720 2031 775 Hoc

455 830 637 874 autem
698 832 790 871 ιιν
850 816 975 870 luna
1040 815 1107 868 ad
1168 829 1468 884 vesperam-
1534 812 1864 867 celebratum
1923 818 2028 863 est.

460 911 601 981 Ergo
641 925 731 964 xiv
774 909 827 963 in
863 908 1040 978 ipsum
1068 908 1452 976 aequinoctium
1486 906 1680 958 cadere
1712 902 1891 965 debet,
1924 915 2031 954 non

460 1000 765 1072 praecedere
816 1017 829 1053 :
877 999 1005 1068 quia
1063 997 1202 1070 μετὰ
1239 996 1338 1068 τὴν
1392 994 1703 1066 ἰσημερίαν,
1739 1002 1801 1046 ιιι
1834 992 2034 1060 saepius

427 1089 677 1158 irepetit,
707 1086 931 1141 iudaice
958 1086 1168 1140 Pascha
1198 1085 1563 1155 peragendum
1586 1091 1690 1138 est.

425 1158 439 1251 ξ
526 1180 664 1235 Cum
684 1176 916 1249 igiturid
929 1179 1073 1247 quod
1091 1178 1305 1231 dixerat
1324 1192 1387 1230 ex
1407 1173 1726 1228 Judasorum
1749 1172 2035 1227 doctorum

458 1269 730 1325 sententia
775 1266 1080 1338 profectum
1116 1275 1367 1331 asserat;
1400 1263 1575 1318 Judaei
1612 1278 1778 1333 porro
1819 1277 1909 1315 xtv
1940 1276 2039 1314 ne-

461 1368 589 1429 gent
628 1370 754 1413 ante
793 1359 1184 1427 aequinoctium
1234 1356 1398 1409 indici
1449 1351 2037 1424 posseamanil‘estum

460 1459 563 1516 est,
611 1450 926 1504 Anatolium
976 1449 1123 1502 nolle
1172 1435 1440 1500 stv'ante
1490 1444 1667 1512 ipsum
1724 1440 2038 1511 aequinoctii

461 1541 605 1595 diem
639 1550 899 1596 statuere.
945 1537 1259 1593 Praesertim
1307 1550 1432 1590 cum
1477 1532 1933 1588 Christiana'xrv
1974 1546 2043 1585 ex

462 1631 829 1685 vetustissima
865 1627 1161 1683 traditione
1189 1630 1245 1680 itt
1286 1623 1678 1694 aequinoctium
1706 1622 1905 1689 ipsum,
1931 1633 2042 1673 non

477 1731 605 1776 ante
645 1720 795 1774 hunc
831 1719 975 1774 diem
1012 1719 1256 1773 incidere
1298 1716 1509 1771 debeat.
1549 1712 1817 1779 Quocirca
1850 1710 2041 1764 vitiosa

2128 544 2259 598 lium
2288 558 2408 596 eam
2435 542 2594 611 primi
2652 540 2859 595 mensis
2890 540 3232 593 neomeniam
3259 534 3629 592 constituisse.
3652 534 3706 585 in

2129 647 2294 702 quam
2320 632 2564 684 eitimum
2608 629 2815 683 Pascha
2861 628 3201 681 conveniret.
3241 623 3377 677 Nam
3421 622 3514 690 qui
3549 628 3713 688 negat

2130 737 2220 776 ιιν
2255 722 2563 791 paschalem
2597 729 2722 774 ante
2749 719 2966 772 initium
3005 717 3167 787 primi
3201 715 3408 769 mensis
3442 712 3709 777 incidere,

2131 812 2296 881 idque
2336 812 2513 881 ipsum
2573 810 2781 864 mensis
2820 809 3036 862 initium
3076 822 3132 861 ιι
3174 805 3296 861 Kal.
3339 805 3490 875 ﬁgit,
3532 802 3711 857 mani-

2138 901 2275 977 I’este
2298 901 2551 971 prohibet
2583 901 2703 969 ipso
2730 900 2936 954 mensis
2975 897 3134 951 initio
3161 894 3373 951 Pascha
3404 894 3668 950 celebrari
3695 908 3712 958 ;

2135 993 2281 1061 quod
2324 992 2369 1045 si
2412 992 2523 1055 ﬁat,
2560 991 2673 1060 jam
2728 1006 2819 1044 xrv
2871 997 3025 1042 extra
3073 987 3275 1057 prioris
3323 986 3528 1041 mensis
3574 983 3715 1037 ﬁnes

2136 1082 2324 1152 egredi
2355 1090 2408 1135 et
2439 1081 2490 1133 in
2524 1080 2774 1133 ultimum
2807 1078 2958 1144 rejici
2994 1090 3216 1131 necesse
3241 1076 3332 1131 sit.

2210 1169 2345 1225 Nam
2397 1171 2542 1239 quod
2589 1170 2919 1238 aequinoctio
2968 1168 3192 1221 biduum
3237 1164 3403 1218 tribui
3461 1172 3717 1232 oportere

2137 1271 2347 1325 narrat,
2396 1275 2570 1330 eoque
2615 1261 2710 1329 qui
2755 1259 3025 1329 posterior
3060 1265 3147 1312 est
3195 1257 3283 1311 die
3320 1254 3526 1309 Pascha
3569 1252 3718 1307 cele-

2141 1354 2309 1419 brari,
2333 1355 2400 1408 de
2442 1368 2552 1423 quo
2586 1360 2641 1407 et
2686 1350 2997 1405 Anatolium
3040 1348 3191 1420 loqui
3222 1356 3396 1417 putat,
3433 1359 3619 1399 verum
3664 1343 3719 1397 id

2141 1446 2361 1516 quidem
2385 1453 2470 1499 est
2496 1444 2882 1513 aequinoctium
2905 1437 3285 1510 μετεμπτώσει
3311 1437 3364 1490 in
3397 1442 3719 1505 sequentem

2142 1537 2287 1590 diem
2317 1548 2608 1589 excurrere
2637 1549 2653 1587 :
2686 1534 2779 1588 sed
2816 1548 2881 1587 ex
2910 1531 3178 1584 ambobus
3203 1528 3421 1598 politice
3454 1526 3518 1579 ad
3546 1523 3722 1593 aequi-

2144 1626 2313 1679 noctii
2348 1626 2567 1688 sedem,
2600 1623 2840 1692 annique
2886 1621 3167 1675 cardinem
3217 1618 3308 1671 ille
3352 1616 3626 1685 deligitur,
3661 1614 3718 1666 in

2146 1730 2256 1784 quo
2305 1716 2602 1784 praecipue,
2633 1723 2688 1767 et
2718 1712 2958 1766 maxima
3006 1709 3270 1778 temporis
3304 1716 3455 1777 parte
3497 1704 3722 1759 retineri

464 1819 551 1866 est
585 1811 803 1880 vulgata
834 1810 925 1863 illa
960 1809 1122 1863 lectio
1159 1808 1279 1862 κατ’
1317 1806 1507 1874 αὐτὴν,
1542 1811 1596 1857 et
1637 1802 1756 1855 κατ’
1790 1801 1921 1855 αὑτό
1956 1814 2040 1853 re-

2152 1807 2386 1860 creditur
2420 1823 2434 1859 :
2472 1820 2578 1859 non
2612 1805 2658 1858 is
2705 1805 2758 1856 in
2788 1817 2950 1872 quem
2982 1800 3249 1867 evagandi
3286 1797 3503 1852 licentia
3539 1795 3727 1862 paula-

470 1903 839 1959 scribendum.
882 1898 1039 1954 Hunc
1072 1898 1315 1952 Anatolii
1354 1895 1536 1950 locum
1586 1892 1921 1947 novissimus
1952 1890 2037 1943 in-

469 2004 681 2064 terpres
714 1994 862 2062 (nam
899 1991 967 2046 de
1020 1989 1220 2044 Ruﬁno
1251 1986 1600 2058 postmodum
1645 1983 1893 2053 agemus)
1924 1995 2041 2063 ma-

470 2052 1079 2157 gnopere‘depravavit.
1124 2078 1217 2133 Sic
1251 2052 1408 2131 enim
1468 2077 1659 2130 vertit:
1690 2052 2042 2140 Quapropter

360 2176 381 2203 “
463 2177 555 2240 qui
583 2175 901 2244 principium
928 2172 1087 2241 primi
1118 2170 1312 2224 mensis
1342 2170 1398 2221 in
1427 2166 1520 2220 illo
1552 2182 1677 2219 xxvi
1702 2167 1784 2216 die
1812 2164 2041 2216 Phame-

394 2274 399 2279 ‘
467 2268 593 2320 natlt
630 2282 741 2320 esse
785 2271 998 2334 putant,
1052 2262 1121 2314 ad
1157 2275 1244 2313 xw
1286 2259 1425 2311 diem
1474 2257 1714 2325 proxime
1754 2254 2042 2309 secundum

468 2356 646 2421 illum,
692 2356 885 2424 festum
920 2351 1206 2406 Paschalis
1251 2348 1623 2404 celebrandum
1660 2356 1925 2410 statuunt,
1956 2360 2043 2398 eos

470 2447 794 2501 vehementer
832 2460 1013 2499 errare
1054 2443 1303 2496 dicimus.
1339 2438 1557 2493 Putavit
1602 2437 1749 2507 αὐτῷ
1792 2437 1862 2496 ad
1915 2450 2046 2489 xxvt

471 2539 614 2593 diem
642 2537 932 2606 pertinere,
950 2550 1076 2588 cum
1101 2533 1167 2587 de
1196 2540 1472 2601 postremo
1492 2528 1737 2597 signiferi
1763 2535 2046 2597 segmento

474 2631 548 2685 sit
569 2627 967 2697 accipiendum.
987 2624 1355 2691 Quamobrem
1381 2637 1447 2676 ex
1469 2622 1759 2689 disputatis
1782 2620 2047 2672 hactenus

473 2730 718 2792 apparet,
763 2720 999 2789 primum
1042 2731 1285 2771 mensem
1316 2714 1645 2783 'l‘ropicum,
1670 2713 1784 2766 sive
1822 2710 2046 2781 Κριῶνα

475 2813 566 2868 hic
593 2812 662 2866 ab
700 2809 967 2864 Anatolio
994 2806 1242 2877 intelligi.
1282 2804 1469 2874 Neque
1503 2804 1650 2857 enim
1683 2802 1893 2856 lunaris
1927 2816 2049 2855 esse

473 2912 675 2976 potest,
710 2916 834 2957 cum
868 2902 923 2955 iu
962 2897 1334 2953 Alexandrino
1365 2897 1517 2966 cyclo
1565 2892 1851 2947 neomenia
1887 2889 2050 2960 primi

474 2995 683 3050 mensis
721 2992 873 3063 cyclo
905 2990 1083 3061 primo
1117 2992 1190 3043 sit
1222 2986 1403 3040 Martii
1438 3000 1615 3039 xxrtt:
1654 2998 1779 3036 nam
1820 2982 2051 3034 Alexan-

474 3087 620 3142 drini
651 3085 787 3155 cycli
813 3097 991 3137 annus
1022 3080 1234 3150 primus
1262 3078 1574 3147 paschalem
1608 3072 1954 3128 neomeniam
1983 3071 2050 3123 ab

2141 1898 2238 1950 tim
2274 1897 2603 1961 ell‘unditur;
2640 1909 2739 1948 nec
2781 1894 2834 1947 iu
2869 1908 2935 1947 eo
2982 1900 3160 1944 tamen
3208 1889 3415 1942 diutius
3447 1886 3721 1944 consistlt,

2141 2003 2332 2043 verum
2385 1987 2803 2041 intercalatione
2829 1981 3064 2037 subinde
3096 1980 3243 2033 velut
3282 1977 3518 2048 quodam
3562 1973 3723 2028 freno

2143 2087 2430 2132 revocatur
2472 2094 2486 2130 :
2539 2073 2850 2143 cujusmodi
2899 2086 2968 2125 ex
3014 2069 3252 2123 Anatolii
3303 2067 3559 2136 opinione
3601 2078 3722 2126 ult

2143 2170 2323 2225 Martii
2352 2169 2630 2224 exstitisse
2672 2163 2816 2229 Beda
2852 2171 3060 2217 narrat.
3085 2161 3243 2229 Quod
3272 2173 3432 2214 secus
3454 2172 3511 2211 se
3534 2156 3722 2209 habet.

2145 2263 2359 2331 Alioqui
2407 2260 2453 2315 si
2501 2260 2824 2329 plerumque
2876 2256 2930 2308 in
2980 2268 3075 2307 ιιι
3114 2251 3291 2305 Martii
3334 2248 3723 2318 aequinoctium

2144 2353 2542 2417 contineretur,
2578 2365 2645 2405 ac
2683 2347 2903 2402 nonnisi
2949 2344 3213 2408 secundo,
3268 2343 3350 2396 vel
3393 2341 3551 2394 tertio
3596 2347 3729 2407 post

2146 2447 2443 2499 bissextum
2461 2455 2605 2495 anno
2630 2440 2697 2494 ad
2716 2454 2829 2492 χιιι
2855 2438 3136 2492 accederet
3160 2453 3175 2489 :
3204 2435 3315 2487 imo
3337 2447 3468 2486 vero
3487 2447 3555 2484 ne
3577 2438 3729 2484 utro-
3768 2451 3775 2456 -

2145 2552 2253 2613 que
2282 2536 2375 2590 illo
2405 2548 2550 2588 anno
2576 2533 2798 2601 quidem
2824 2529 3005 2585 cisilis
3031 2526 3137 2581 diei
3173 2536 3352 2579 metas
3385 2523 3673 2591 attingeret
3707 2535 3723 2569 :

2148 2610 2251 2682 hoc
2282 2634 2365 2681 est
2386 2640 2493 2679 non
2528 2624 2666 2678 ultra
2700 2621 2933 2676 mediam
2965 2628 3179 2673 noctem
3212 2632 3262 2670 a.
3288 2616 3344 2669 d.
3371 2631 3422 2668 ιι
3446 2613 3562 2666 Kal.
3586 2610 3723 2678 Apr.

2149 2731 2426 2787 nunquam
2462 2714 2749 2768 Anatolius
2765 2726 2881 2766 xxu
2910 2710 3093 2779 potius
3146 2720 3310 2775 quam
3338 2718 3429 2757 ιιι
3460 2702 3585 2755 anni
3607 2714 3727 2753 car-

2147 2810 2353 2870 dinem,
2385 2822 2447 2859 ac
2477 2805 2789 2875 paschalem
2820 2801 3113 2855 terminum
3138 2795 3490 2865 assignasset.
3519 2790 3724 2856 Quem-

2150 2898 2443 2953 admodum
2513 2897 2616 2948 hoc
2663 2903 2915 2961 tempore
2961 2897 3085 2959 post
3118 2887 3509 2957 Gregorianam
3535 2894 3725 2934 recen-

2151 2993 2386 3051 sionem,
2430 2987 2561 3041 licet
2601 2983 2989 3054 aequinoctium
3038 2978 3181 3033 κατὰ
3233 2976 3613 3047 μετέμπτωσιν
3666 2970 3723 3024 in

2152 3078 2406 3149 aequabili
2441 3092 2586 3131 anno
2626 3076 2691 3143 ad
2726 3073 2960 3127 mediam
3017 3070 3131 3124 fere
3173 3076 3410 3129 noctem,
3446 3078 3567 3132 qum
3604 3075 3723 3115 ιιιι

476 3181 581 3235 hoc
606 3178 692 3232 die
719 3175 927 3244 incipit,
962 3172 1280 3226 Latinorum
1310 3183 1439 3223 vero
1466 3174 1589 3237 post
1619 3163 2049 3218 Alexandrinum
2077 3139 2120 3196 ο
2154 3139 2426 3225 animt-dii
2448 3208 2463 3232 ,
2512 3139 2823 3236 percenim;
2861 3161 3220 3216 nihilominus
3260 3160 3315 3210 in
3357 3171 3447 3209 ut
3487 3154 3726 3208 deﬁxum

478 3276 752 3338 receptum
781 3267 988 3335 primus
1014 3263 1201 3333 cyclus
1219 3260 1342 3315 iniit
1356 3261 1485 3328 Apr.
1509 3273 1583 3321 tv,
1606 3257 1700 3326 qui
1719 3264 1803 3310 est
1825 3254 2054 3307 Alexan—

475 3360 670 3416 drinus
715 3358 899 3428 cyclus
932 3355 1177 3417 ultimus,
1211 3361 1271 3405 ut
1313 3350 1465 3414 alibi,
1507 3347 1619 3403 Deo
1652 3349 1834 3407 dante,
1872 3344 2051 3398 fusius

476 3450 812 3506 docebimus.
840 3448 977 3501 Cum
1012 3444 1181 3515 igitur
1217 3441 1507 3497 neomenia
1536 3438 1701 3508 primi
1737 3436 1944 3490 mensis
1971 3435 2054 3488 Iu-

476 3542 630 3598 naris
668 3554 732 3594 ea
775 3539 880 3603 sit,
920 3550 1042 3606 quae
1080 3541 1204 3604 post
1244 3530 1637 3601 aequinoctium
1678 3527 1925 3597 proxime
1967 3539 2052 3578 se-

478 3633 688 3704 quitur,
727 3636 953 3699 apparet
986 3640 1086 3680 cur
1120 3621 1500 3685 Alexandrini,
1536 3627 1592 3674 et
1622 3633 1718 3673 eos
1754 3615 1925 3671 secuti
1957 3613 2054 3668 Ni—

481 3724 620 3780 caani
650 3721 838 3775 Patres
878 3717 1090 3788 cyclum
1119 3730 1133 3769 I
1162 3713 1343 3769 Martii
1380 3727 1517 3767 xxtu
1548 3710 1838 3766 statuerint
1867 3725 1880 3761 :
1907 3706 2053 3776 quod

480 3816 735 3875 videlicet
784 3812 1059 3875 Anatolii,
1107 3819 1544 3877 ceterorumque
1590 3803 1866 3875 paschalis
1914 3801 2052 3872 cyeli

479 3908 822 3966 conditorum
853 3904 935 3958 vel
963 3912 1227 3973 tempore,
1255 3900 1341 3954 vel
1374 3898 1595 3953 decreto
1623 3893 1942 3965 aequinoctii
1977 3906 2058 3946 se-

480 4001 576 4056 des
605 4006 752 4054 esset
789 3996 965 4051 Martii
1012 4008 1153 4050 ιιιι.
1190 3990 1347 4047 Unde
1396 3991 1526 4045 licet
1561 3986 1949 4058 mquinoctium
1998 3982 2054 4037 in

480 4104 579 4146 ιιι
603 4098 787 4160 postea
817 4084 1114 4148 transierit,
1136 4099 1237 4138 nec
1258 4083 1442 4137 citima
1465 4079 1755 4134 neomenia
1777 4091 1890 4130 xxu
1913 4074 2058 4129 Mar-

483 4182 545 4236 tii
583 4179 896 4249 contigerit,
952 4175 1311 4231 nihilominus
1339 4173 1552 4243 cyelum
1604 4169 1840 4240 primum
1889 4165 2057 4222 veteri

482 4272 715 4330 statione
741 4284 850 4326 non
873 4269 1242 4324 dimovet-unt.
1269 4264 1454 4333 Quare
1486 4260 1775 4318 neomenia
1794 4259 2054 4324 Krionos,

481 4366 598 4421 sive
649 4362 857 4417 mensis
907 4359 1071 4430 primi
1124 4358 1326 4413 solaris
1378 4361 1464 4409 est
1515 4353 1740 4406 citimus
1790 4349 2059 4404 terminus

482 4454 781 4526 paschalis,
821 4453 936 4508 sive
969 4466 1079 4514 xiv,
1116 4464 1238 4520 qua:
1274 4463 1341 4502 ex
1370 4444 1607 4499 Anatolii
1641 4443 1778 4498 scito
1802 4439 2060 4496 convenit

483 4547 638 4619 cyclo
683 4561 716 4598 v
752 4562 767 4599 :
822 4557 947 4597 nam
990 4541 1176 4613 cyclus
1224 4534 1759 4596 decemnovennalis,
1806 4532 1920 4585 sive
1965 4544 2061 4599 pa-

484 4636 708 4701 schalis,
760 4641 985 4689 auctore
1028 4631 1194 4694 Beda,
1236 4630 1305 4683 ad
1350 4627 1635 4688 terminos,
1660 4624 1777 4679 sive
1817 4621 2060 4675 decimas

484 4737 712 4800 quartas
755 4728 978 4780 lunares
1023 4720 1432 4793 investigandas
1487 4715 1936 4796 accommodatus
1977 4718 2062 4767 est

484 4821 562 4875 uti
588 4819 774 4890 cyclus
803 4816 1013 4871 lunaris
1045 4813 1110 4868 ad
1141 4812 1444 4867 novilunia.
1472 4809 1705 4877 Ideoque
1733 4790 1928 4859 merito
1951 4801 2062 4872 pri-

434 4976 443 4987 ,
484 4927 611 4968 mus
636 4909 912 4981 paschalis
951 4906 1154 4962 mensis
1201 4920 1230 4958 a
1272 4903 1449 4974 prima
1490 4914 1580 4953 xlv
1616 4897 1818 4967 erepit,
1854 4896 1955 4949 hoc
1979 4900 2062 4948 est

486 5004 556 5058 ab
598 5000 911 5071 aequinoctii
954 4998 1075 5064 die;
1101 4995 1246 5067 quod
1289 4984 1579 5048 Anatolius
1623 4989 1677 5042 in
1728 4986 1908 5041 Martii
1945 4997 2060 5038 xxu

487 5090 869 5148 constituerat.
898 5084 1139 5156 Indeque
1178 5091 1400 5139 constat
1436 5096 1548 5135 non
1592 5080 1647 5133 in
1679 5076 1932 5132 omnibus
1968 5088 2063 5145 pa-

487 5180 690 5236 schalis
730 5177 937 5233 mensis
973 5175 1169 5231 diebus
1199 5172 1409 5229 Pascha
1438 5169 1703 5226 celebrari
1740 5181 1939 5237 posse:
1966 5165 2060 5221 sed

486 5271 831 5328 neomeniam
862 5269 982 5338 ejus
1024 5268 1227 5338 excipi,
1260 5280 1381 5336 quas
1406 5273 1509 5327 est,
1547 5262 1629 5317 uti
1668 5259 1805 5321 dixi,
1834 5273 1925 5310 κεν
1971 5271 2063 5327 cy-

484 5363 556 5419 cli
586 5378 637 5418 v.
661 5360 819 5428 Quod
851 5361 1027 5430 ipsum
1056 5367 1111 5414 et
1133 5357 1422 5411 Anatolius
1458 5353 1685 5413 indicat,
1709 5363 1833 5403 cum
1860 5362 1954 5402 eos
1982 5361 2061 5400 re-

487 5453 793 5526 prehendit,
819 5450 912 5521 qui
941 5450 995 5505 in
1020 5449 1288 5520 superiori
1310 5454 1613 5517 segmento,
1636 5439 1781 5511 quod
1807 5439 2059 5494 ultimum

485 5552 594 5608 est,
624 5544 860 5613 primum
912 5557 1181 5605 mensem,
1220 5550 1275 5595 et
1327 5553 1416 5593 stv
1472 5537 1718 5589 lunarem
1768 5532 2059 5586 collocant.

487 5633 843 5705 Consequens
876 5634 1020 5688 enim
1050 5641 1131 5688 est
1163 5632 1406 5686 decimas
1433 5634 1661 5697 quartas
1693 5623 1915 5677 lunares
1945 5636 2066 5674 om-

491 5739 590 5785 nes
611 5726 749 5782 intra
772 5726 931 5796 primi
962 5726 1169 5782 mensis
1191 5723 1455 5794 epocham
1477 5714 1738 5775 coerceri.
1759 5714 1915 5782 Quod
1936 5730 2062 5771 cum

2087 4474 2135 4534 D

2152 3269 2270 3326 est;
2298 3259 2443 3329 quod
2480 3272 2604 3309 eum
2645 3255 2792 3309 diem
2832 3260 2945 3306 toto
2986 3250 3097 3304 fere
3120 3248 3341 3302 Iuliano
3367 3242 3729 3315 quadriennio

2152 3349 2441 3419 percurrit.
2488 3345 2602 3400 Non
2641 3356 2724 3400 est
2763 3345 2929 3412 igitur
2966 3339 3325 3394 dubitandum
3351 3375 3367 3397 ,
3409 3334 3540 3405 quin
3583 3334 3730 3385 Ana~

2153 3441 2322 3494 tolius
2363 3455 2416 3493 ιι
2459 3437 2580 3491 Kal.
2616 3437 2750 3506 Apr.
2775 3432 3161 3504 :equinoctium
3194 3429 3358 3483 civile
3383 3424 3635 3481 statuerit
3659 3422 3726 3476 ad
3759 3431 3765 3437 '

2153 3545 2279 3586 eum
2312 3530 2560 3592 modum,
2619 3541 2729 3597 quo
2771 3534 2897 3596 post
2927 3522 3209 3577 Nicaenum
3246 3518 3537 3574 concilium
3568 3515 3623 3569 in
3651 3529 3729 3567 ιιι

2156 3622 2387 3677 Kalend.
2438 3621 2764 3674 translatum
2800 3627 2885 3672 est
2930 3636 2944 3670 :
2986 3615 3123 3670 adeo
3152 3622 3213 3667 ut
3250 3611 3396 3665 nulla
3444 3623 3536 3663 xsv
3576 3606 3729 3673 luna,

2155 3729 2277 3785 quae
2316 3721 2440 3767 ante
2481 3728 2532 3765 XI
2569 3710 2690 3765 Kal.
2733 3709 3024 3770 accideret,
3073 3703 3355 3775 paschalis
3416 3700 3727 3755 haberetur.

2156 3808 2215 3861 Id
2246 3806 2391 3860 enim
2420 3804 2659 3857 Anatolii
2691 3802 2856 3856 verba
2880 3797 3243 3854 disertissime
3280 3805 3570 3849 testantur.

2229 3896 2373 3951 Sane
2411 3895 2456 3950 si
2490 3893 2725 3949 mediam
2753 3890 2884 3945 anni
2922 3888 3123 3958 tropici
3153 3887 3387 3941 formam
3425 3883 3733 3953 sequimur,
3794 3903 3803 3909 -

2157 3987 2468 4060 cuiusmodi
2505 3997 2588 4041 est
2645 3981 3010 4055 Alphonsina,
3049 3995 3171 4051 quae
3207 3976 3421 4034 catteris
3448 3974 3737 4043 anteponi-

2159 4088 2268 4141 tur,
2310 4074 2549 4129 Anatolii
2592 4083 2835 4142 tempore
2866 4068 3258 4141 aequinoctium
3304 4065 3595 4132 utriusque
3626 4061 3734 4116 diei

2159 4177 2365 4239 partem
2398 4181 2465 4219 ex
2499 4178 2657 4233 aequo
2691 4162 2799 4218 sibi
2839 4162 3171 4216 vindicabat.
3205 4157 3356 4212 Vixit
3381 4159 3526 4212 enim
3554 4155 3735 4210 medio

2160 4256 2274 4311 fere
2327 4254 2487 4309 tertio
2540 4260 2665 4322 post
2714 4261 2894 4306 ortum
2942 4249 3149 4304 Christi
3200 4247 3424 4303 saeculo.
3487 4244 3739 4314 Cumque

2161 4361 2305 4399 anno
2346 4343 2550 4399 Christi
2589 4340 2698 4395 200
2734 4340 3128 4410 aequinoctium
3168 4352 3394 4391 vernum
3448 4334 3736 4405 contigerit

2162 4435 2336 4490 Martii
2361 4448 2473 4497 xxi,
2505 4433 2654 4488 horis
2675 4431 2939 4498 7.16315"
2959 4438 3083 4499 post
3109 4428 3412 4493 meridiem,
3434 4439 3579 4480 anno
3603 4439 3735 4480 vero

2162 4526 2268 4581 500
2297 4523 2473 4578 Martii
2508 4539 2599 4586 xx,
2642 4521 2794 4576 horis
2833 4522 2921 4583 15,
2952 4518 3164 4585 22’,5ὂ”
3193 4537 3207 4573 :
3246 4518 3294 4573 si
3328 4532 3616 4572 excessum
3646 4517 3739 4573 Al-

2161 4616 2495 4687 phonsinum
2535 4628 2603 4667 ex
2642 4627 2801 4682 aequo
2841 4611 3124 4683 partiaris,
3165 4609 3411 4664 invenies
3441 4623 3472 4663 a
3511 4608 3738 4663 meridie

2163 4707 2334 4762 {crine
2378 4720 2471 4759 ut
2518 4703 2695 4759 Martii
2731 4703 2800 4757 ad
2849 4701 3135 4756 meridiem
3186 4715 3299 4754 ιιιι
3346 4699 3736 4769 aequinoctium

2163 4800 2306 4853 ultro
2344 4796 2588 4866 citroque
2620 4807 2978 4850 commeasse.
3009 4791 3116 4847 Sed
3157 4792 3445 4846 Anatolius
3490 4790 3739 4861 aequino-

2162 4891 2328 4944 ctium
2370 4888 2522 4951 illud,
2564 4887 2707 4955 quod
2748 4901 2778 4939 a
2822 4884 3126 4953 majoribus
3178 4891 3485 4953 acceperat,
3526 4882 3580 4935 in
3627 4895 3736 4934 ιιιι

2163 4980 2406 5042 retinuit,
2439 4994 2563 5033 cum
2596 4976 2920 5032 Ptolemaeus
2962 4985 3076 5030 toto
3113 4982 3242 5028 ante
3275 4973 3477 5028 sarculo
3507 4984 3737 5025 vernum

2162 5070 2553 5140 aequinoctium
2600 5083 2714 5122 xxtt
2766 5064 2944 5121 Martii
2992 5067 3048 5119 in
3097 5064 3327 5119 meridie
3369 5064 3739 5122 observassct,

2163 5176 2308 5215 anno
2354 5158 2559 5214 Christi
2589 5159 2711 5223 ιω,
2755 5157 3065 5214 bissextili.
3108 5165 3164 5211 ιιι
3199 5155 3303 5209 hac
3339 5155 3551 5208 ratione
3598 5153 3741 5207 inter

2163 5252 2442 5307 meridiem
2473 5266 2586 5304 ιιιι
2636 5259 2691 5304 et
2715 5264 2854 5302 xxttt
2885 5246 3511 5317 progrederetur.'Quod
3544 5246 3590 5298 si
3620 5243 3742 5298 Pto-

2164 5341 2381 5396 lemaici
2435 5348 2490 5394 et
2518 5338 2846 5408 llipparcltei
2877 5338 3008 5391 anni
3041 5334 3298 5401 formam,
3334 5351 3458 5405 quae
3496 5334 3606 5389 300
3642 5350 3742 5388 au-

2164 5432 2251 5488 nis
2288 5433 2431 5485 diem
2477 5445 2647 5483 unum
2688 5428 2931 5497 perimit,
2966 5426 3257 5480 Anatolius
3307 5425 3592 5494 amplexus
3636 5423 3739 5489 sit;

2162 5540 2286 5580 cum
2320 5524 2627 5595 προήγησις
2660 5521 2782 5590 plus
2809 5521 2993 5573 minus
3020 5532 3290 5571 annorum
3331 5523 3551 5569 centum
3576 5514 3744 5567 horas

2162 5630 2262 5671 vrtt
2316 5615 2574 5686 postulet,
2632 5612 2881 5666 invenies
2923 5608 3157 5663 Anatolii
3196 5621 3313 5661 :rvo
3347 5605 3740 5675 aequinoctium

2165 5712 2219 5769 iu
2260 5722 2406 5764 anno
2425 5705 2693 5765 bissextili
2721 5704 3019 5775 contigisse
3046 5710 3171 5756 octo
3200 5699 3419 5755 circiter
3445 5696 3595 5751 horis
3618 5709 3745 5749 ante
