4054 6404
218 359 368 438 ’99Ἱ

1222 369 1311 426 DE
1349 371 1538 431 ANNO
1573 374 1663 431 ET
1703 375 1819 430 DIE
1856 375 2211 439 aestimem
2246 374 2623 444 rassroms.

3433 400 3540 458 998

257 479 540 535 meridiem
567 482 675 538 diei
702 499 839 552 xm,
868 487 1208 560 proindeque
1242 491 1549 551 bellissime
1583 497 1736 553 hunc
1765 497 1848 569 ip-
1879 499 1923 556 A
1952 498 2146 557 Latina
2185 503 2374 589 Ruﬁni
2421 509 2673 565 versione
2728 511 2994 567 celebrari
3025 523 3227 586 potest.
3259 517 3537 591 Scriptum

257 586 379 625 sum
403 573 547 627 diem
582 575 799 630 civilem
815 578 1149 647 :rquinoetio
1176 585 1575 652 prmstitutum.
1603 588 1847 645 Tametsi

256 660 373 716 ﬁeri
407 673 606 731 potest,
645 674 703 719 ut
733 668 1000 738 tropicam
1034 670 1181 725 illam
1213 675 1602 747 προέμπτωσιν
1629 681 1847 749 penitus

255 750 714 819 dissimulaverit,
754 768 812 811 ut
849 768 971 828 post
997 758 1277 816 Niemnum
1310 766 1606 823 concilium
1637 770 1849 839 aliquot

257 845 476 899 stecttlis
523 847 833 917 ignoratam
871 864 998 904 esse
1043 860 1297 917 constat;
1334 865 1389 910 et
1438 858 1508 912 ab
1549 859 1669 929 ipso
1705 860 1846 917 Beda

247 936 532 1005 praecipue
561 955 575 991 :
609 939 702 1008 qui
727 950 1020 1010 propterea
1053 945 1242 1000 multis
1273 949 1452 1004 modis
1476 950 1846 1009 hallucinatus

257 1035 362 1088 est,
394 1040 520 1078 nam
563 1042 628 1081 ex
670 1029 861 1083 eadem
901 1030 1192 1101 hypothesi
1234 1034 1394 1091 Bedae
1433 1042 1635 1093 smeulo
1673 1045 1841 1112 aequi-

258 1116 500 1171 noctium
542 1118 760 1189 longius
790 1136 820 1175 a
848 1137 959 1176 xxn
991 1136 1314 1192 recesserat,
1358 1136 1412 1183 et
1444 1130 1510 1184 ad
1549 1148 1685 1185 xvm
1722 1150 1846 1203 per-

254 1213 501 1259 venerat.
531 1206 595 1260 Et
621 1215 802 1262 tamen
837 1210 905 1264 ad
960 1211 1369 1284 horologiorum
1398 1232 1848 1290 gnomonumque

256 1292 416 1347 ﬁdem
451 1306 740 1364 provocat;
776 1307 836 1354 ut
873 1301 1266 1370 aequinoctium
1294 1304 1533 1364 Niczenis
1564 1310 1697 1380 ipsis
1722 1327 1847 1367 car-

256 1385 478 1442 dinibus
515 1389 772 1445 ascribat.

266 1495 499 1571 Insignis
554 1519 725 1568 error,
787 1505 894 1559 imo
937 1507 1150 1563 hwresis
1188 1509 1464 1567 Scotorum
1513 1516 1743 1570 maxime
1781 1533 1846 1571 ea:

331 1568 476 1651 falsa
516 1571 707 1651 βαβιιὶ
772 1575 1202 1651 interpretatione
1246 1593 1374 1637 nata
1429 1568 1757 1651 declaratur,
1785 1568 1844 1641 νεῖ

329 1642 611 1696 Anatolius
641 1661 674 1696 a
707 1642 975 1700 calumnia
1001 1648 1279 1705 liberatur.

330 1752 530 1811 Verum
550 1770 608 1813 ut
630 1766 738 1813 tam
763 1761 1016 1816 absurdae
1041 1762 1510 1835 interpretationis
1532 1769 1848 1838 errorisque

254 1843 461 1902 fontem
515 1852 864 1918 aperiamus,
912 1855 1055 1910 scito
1097 1871 1203 1910 non
1246 1865 1354 1911 tam
1394 1873 1513 1912 eam
1551 1858 1708 1915 Beda
1747 1862 1846 1915 ho-

254 1938 421 1994 minis
449 1936 835 2006 eruditissitni',
865 1952 920 1997 et
950 1943 1002 1998 in
1047 1960 1114 1998 eo
1155 1961 1355 2015 genere
1403 1950 1846 2010 exercitatissimi

256 2031 474 2099 culpant
506 2047 650 2095 esse,
678 2035 771 2104 qui
795 2034 1032 2090 Anatolii
1057 2036 1246 2092 erca
1275 2054 1384 2092 non
1413 2040 1645 2104 viderat,
1673 2058 1838 2113 quam

255 2119 441 2193 Ruﬁni
491 2124 793 2193 scriptoris,
882 2134 941 2181 ut
993 2143 1184 2182 omnes
1235 2139 1459 2194 norunt,
1490 2131 1842 2202 ineptissimi,

253 2213 349 2282 qui
390 2214 446 2268 in
488 2216 802 2272 mutilandis
831 2218 1305 2289 depravandisque
1333 2230 1580 2276 veterum
1622 2225 1844 2295 scriptis

253 2306 438 2374 potius
469 2322 633 2375 quam
694 2308 1118 2378 interpretandis
1152 2312 1353 2382 stylum
1378 2329 1539 2367 suum
1574 2317 1840 2370 exercuit.

217 2395 221 2398 ’
256 2394 356 2450 llic
378 2398 523 2451 enim
550 2414 614 2452 ex
650 2398 890 2452 Anatolii
924 2400 1110 2455 verbis
1147 2403 1412 2458 nonnulla
1444 2405 1686 2473 sustulit,
1719 2422 1844 2476 qua:

256 2494 366 2542 tam
396 2486 555 2542 Beda:
586 2506 751 2558 quam
784 2491 909 2545 aliis
941 2492 1271 2558 quibusdam
1300 2496 1605 2563 turpissimi
1638 2499 1843 2554 erroris

253 2579 598 2634 occasionem
627 2580 915 2645 dederunt.
948 2581 1086 2637 Cum
1119 2584 1567 2641 enimAnatolius
1600 2587 1842 2656 scripse-

254 2671 366 2725 rit:
396 2671 487 2724 Διὸ
526 2673 617 2726 καὶ
656 2672 782 2737 τοὺς
827 2674 886 2727 ἐν
923 2673 1073 2745 αὐτῷ
1118 2674 1436 2746 τιθεμένους
1488 2676 1581 2730 τὸν
1627 2677 1843 2748 πρῶτον

257 2763 423 2833 μῆνα,
458 2765 553 2817 καὶ
583 2764 682 2834 τὴν
719 2765 1323 2838 τεσσαρεσκαιδεκάτην
1364 2766 1459 2820 τοῦ
1494 2767 1688 2839 Πάσχα
1719 2770 1840 2822 κατ’

254 2852 423 2923 αὐτὴν
449 2851 826 2923 λαμϐάνοντας
854 2855 913 2908 οὐ
952 2856 1184 2927 μικρῶς,
1213 2857 1321 2909 οὐδ’
1343 2857 1418 2920 ὡς
1441 2856 1630 2927 ἔτυχεν
1662 2858 1842 2929 ἁμαρ-

252 2943 433 2997 τάνειν
458 2943 657 3014 φαμέν.
688 2945 800 3001 Hoc
829 2955 912 3002 est
938 2966 950 3001 :
978 2948 1112 3002 Cum
1138 2958 1436 3018 postremus
1464 2950 1686 3013 mensis,
1711 2948 1842 3003 ulti-

255 3051 498 3105 mumque
534 3036 740 3091 zodiaci
794 3051 1115 3109 segmentum
1166 3042 1405 3109 proxime
1454 3044 1649 3113 τμῆμα
1696 3042 1841 3095 istud

258 3123 573 3195 ἰσημερινόν
610 3123 927 3192 antecedat,‘
942 3129 1264 3185 vehementer
1290 3130 1613 3183 hallucinari
1636 3146 1840 3185 necesse

253 3226 330 3270 est
362 3234 471 3283 eos,
499 3219 589 3287 qui
614 3219 845 3287 primunt
872 3237 1119 3286 mensem,
1150 3229 1200 3275 et
1230 3236 1319 3275 le
1354 3222 1635 3276 Paschalis
1668 3222 1721 3275 in
1747 3221 1838 3274 illo

254 3309 433 3378 utique
464 3320 726 3378 postremo
766 3320 1029 3381 segmento
1073 3312 1359 3367 collocant.
1408 3311 1545 3366 Nam
1587 3327 1687 3382 pro
1717 3313 1836 3366 κατ’

254 3401 447 3471 αὐτὴν,
484 3403 606 3455 κατ’
628 3403 760 3457 αὐτό
798 3404 1086 3474 legendum
1128 3419 1272 3469 esse,
1306 3420 1486 3469 nemo,
1527 3413 1586 3459 ut
1621 3405 1834 3474 opinor,

255 3493 531 3560 negaverit
561 3508 724 3547 :cum
760 3494 894 3561 hate,
939 3496 1188 3565 inquam,
1236 3496 1403 3567 hujus
1432 3497 1537 3552 loci
1570 3498 1837 3552 sententia

254 3581 346 3644 sit,
376 3581 607 3639 Rulinus
661 3585 737 3639 ita
769 3585 934 3640 vertit
962 3604 976 3641 :
1012 3585 1080 3640 Et
1102 3587 1219 3642 ideo
1251 3603 1354 3642 non
1387 3604 1575 3656 parum
1607 3588 1836 3642 dicimus

248 3673 554 3743 delinquere
580 3692 690 3742 eos,
715 3677 806 3746 qui
827 3687 949 3732 ante
977 3678 1196 3733 initium
1220 3679 1315 3733 hoc
1338 3681 1455 3734 novi
1475 3680 1603 3734 anni
1624 3679 1838 3734 Pascha

252 3776 442 3835 putant
475 3783 587 3822 esse
632 3768 1030 3825 celebrandum.
1077 3768 1181 3825 Ubi
1223 3770 1339 3827 hare
1385 3771 1549 3826 verba
1600 3771 1694 3824 καὶ
1736 3770 1836 3841 τὴν

251 3872 577 3928 τεσσαρεσκ.
603 3858 699 3912 τοῦ
735 3860 950 3933 Πάσχα,
987 3876 1054 3916 ac
1087 3877 1179 3916 xtv
1202 3861 1477 3932 paschalis
1503 3861 1834 3917 mentionem

253 3959 472 4001 omnem
522 3947 957 4020 ﬂagitiosissimo
1009 3950 1257 4006 sustulit.
1327 3950 1497 4021 Atqui
1548 3950 1835 4020 expunctis

252 4036 448 4106 paucis
491 4035 600 4092 illis
632 4039 865 4103 voculis,
914 4037 1048 4095 falsa
1095 4049 1149 4095 et
1174 4039 1416 4097 absurda
1450 4040 1740 4107 sententia,
1772 4055 1838 4095 ac

253 4142 363 4182 non
384 4127 544 4182 modo
562 4129 803 4184 Anatolii
837 4130 1078 4199 decreto,
1107 4133 1202 4188 sed
1229 4140 1283 4187 et
1302 4131 1577 4187 catholico
1594 4131 1835 4202 dogmati

252 4220 531 4274 contraria
557 4221 808 4290 sequitur
840 4239 854 4277 :
887 4222 1147 4276 nimirum
1167 4222 1377 4278 Pascha
1410 4222 1464 4276 in
1490 4222 1638 4278 civili
1667 4222 1837 4292 aequi-

254 4310 424 4365 noctii
470 4311 580 4373 die,
631 4312 885 4383 atquein
918 4313 1037 4384 ipso
1068 4315 1304 4369 termino
1346 4315 1610 4370 celebrari
1651 4330 1829 4385 posse.

254 4401 392 4466 Quid
432 4411 517 4458 est
545 4403 671 4458 luna
708 4421 799 4460 xrv
829 4405 1141 4475 paschalis?
1171 4404 1247 4461 Ea
1271 4406 1551 4471 nimirum,
1591 4420 1713 4477 quae
1743 4415 1838 4461 aut

256 4493 311 4546 in
336 4496 656 4564 aequinoctii
680 4496 823 4551 diem
852 4497 1035 4567 ipsum
1062 4497 1282 4559 incidit,
1316 4505 1409 4551 aut
1436 4497 1683 4567 proxime
1712 4506 1835 4567 post
1869 4514 1910 4568 ι)

252 4583 453 4655 ipsum.
491 4585 651 4653 Quod
678 4587 823 4643 enim
857 4595 984 4657 post
1010 4587 1426 4658 aequinoctium,
1461 4603 1568 4642 non
1618 4592 1672 4642 in
1715 4589 1836 4657 ipso

251 4678 584 4749 aequinoctio
616 4681 986 4752 peragendum
1030 4694 1152 4736 esse
1195 4679 1407 4736 Pascha
1443 4690 1602 4751 putet
1628 4680 1835 4737 Anato-

253 4768 381 4834 lius,
437 4779 625 4839 aperte
681 4772 867 4825 eodem
918 4771 971 4824 in
1020 4771 1140 4826 loco
1186 4773 1493 4842 proﬁtetur,
1556 4788 1680 4828 cum
1731 4771 1836 4827 hoc

253 4859 454 4929 ipsum,
493 4861 639 4931 quod
679 4861 746 4916 de
781 4860 1066 4918 Paschatis
1097 4864 1482 4919 observatione
1510 4865 1829 4933 scripserat,

250 4949 468 5007 Judteos
488 4960 640 5007 tanto
666 4962 792 5008 ante
823 4956 1211 5024 pronuntiasse
1236 4946 1389 5022 dicit,
1417 4956 1687 5021 videlicet,
1723 4955 1835 5008 δεῖν

250 5043 319 5097 τὰ
349 5044 688 5117 Διασατήρια
708 5044 855 5099 θύειν
880 5046 1076 5117 ἐπίσης
1097 5046 1346 5110 ἅπαντας
1371 5046 1510 5119 μετὰ
1539 5045 1833 5118 ἰσημερίαν

252 5136 495 5207 ἐαρινὴν,
535 5135 827 5207 μεσοῦντος
867 5137 961 5191 τοῦ
1000 5137 1219 5209 πρώτου
1268 5139 1457 5210 μηνός.
1511 5137 1679 5208 Igitur
1713 5146 1834 5208 post

254 5226 564 5297 ἰσημερίαν,
621 5241 730 5282 non
781 5228 837 5283 in
881 5229 1145 5301 ίσημερίᾳ
1183 5229 1393 5284 Pascha
1443 5236 1555 5284 tam
1605 5228 1831 5297 Judaeis,

254 5334 418 5388 quam
451 5319 785 5375 Christianis
819 5320 1080 5386 incurrit;
1114 5321 1260 5390 quod
1284 5330 1339 5376 et
1373 5321 1608 5378 subinde
1642 5337 1834 5378 rursus

250 5409 510 5475 inculcat,
537 5409 639 5482 τὴν
664 5408 761 5464 τοῦ
800 5410 994 5485 Πάσχα
1023 5410 1116 5464 καὶ
1142 5410 1253 5465 τῶν
1268 5411 1520 5482 Ἀζὺμων
1552 5411 1662 5464 δεῖν
1693 5411 1833 5466 πάν-

196 5528 202 5534 ·
250 5518 359 5566 τως
394 5505 513 5574 μετ’
562 5503 853 5575 ἰσημερίαν
900 5502 1152 5572 ἄγεσθαι.
1192 5503 1356 5573 Atqui
1405 5503 1505 5575 τὴν
1541 5505 1833 5576 ἰσημερίαν

251 5591 533 5648 Anatolius
565 5592 902 5649 Phamenotb
929 5607 1058 5647 χχιιι
1086 5592 1201 5648 sive
1225 5609 1279 5647 χι
1313 5591 1435 5647 Kal.
1463 5595 1594 5663 Apr.
1621 5594 1834 5649 consti-

250 5683 377 5744 tuit,
408 5680 718 5751 ibidemque
746 5681 908 5751 primi
947 5681 1158 5739 mensis
1190 5683 1500 5737 exordium.
1534 5682 1704 5755 Negat
1733 5685 1834 5754 igi-

250 5782 341 5829 tur
366 5774 609 5846 illoipso
636 5774 724 5830 die
756 5774 969 5832 Pascha
1014 5773 1116 5830 rite
1162 5774 1449 5831 celebrari.
1491 5776 1562 5832 At
1596 5791 1728 5832 vero
1761 5792 1827 5834 ex

1948 598 2035 645 est
2060 593 2237 661 enim,
2301 596 2548 651 aberrare
2565 598 2900 656 uehementer
2925 619 3033 669 eos,
3055 607 3147 673 qui
3169 616 3289 661 ante
3315 608 3412 664 hoc
3432 610 3541 666 ini-

1950 680 2081 734 tium
2129 686 2291 750 primi
2336 689 2529 759 mensis
2584 687 2794 744 Pascha
2852 692 3140 748 celebrant.
3185 694 3368 763 Quare
3414 701 3536 772 ipso

1948 771 2156 826 mensis
2189 772 2347 826 initio
2377 775 2537 841 licet;
2581 777 2684 833 hoc
2717 789 2899 834 autem
2939 791 3025 836 est
3059 799 3153 837 xrv
3182 785 3312 841 luna
3344 802 3412 844 ex
3440 771 3537 846 su-

1946 861 2150 930 periori
2201 863 2539 931 deﬁnitione,
2600 884 2765 937 quam
2812 868 3091 927 Nicaznum
3124 877 3441 945 concilium,
3482 890 3538 938 et

1947 953 2212 1007 catholica
2251 957 2435 1012 omnis
2466 957 2710 1015 Ecclesia
2750 962 2948 1017 scivit:
2982 966 3118 1020 tanti
3152 967 3413 1025 nimirum
3448 982 3537 1028 est

1946 1054 2072 1094 cum
2115 1044 2325 1098 caeteris
2361 1045 2415 1099 in
2448 1047 2609 1102 rebus
2641 1058 2696 1104 et
2735 1050 2949 1117 ofﬁciis,
3001 1063 3118 1109 tum
3150 1056 3204 1109 in
3242 1059 3534 1129 scriptori-

1946 1130 2053 1186 bus
2090 1133 2514 1204 interpretandis
2549 1148 2810 1208 praestare
2848 1142 3048 1210 tidem;
3091 1146 3241 1215 quod
3276 1163 3422 1219 satpe
3450 1150 3537 1204 in-

1947 1230 2160 1293 terpres
2195 1226 2298 1280 iste
2333 1229 2592 1298 neglexit.
2624 1229 2866 1287 Proinde
2900 1234 2984 1288 vel
3012 1250 3079 1290 eo
3105 1238 3329 1294 nomine
3352 1240 3530 1309 pessi-

1947 1326 2036 1366 me
2090 1314 2158 1369 de
2212 1316 2490 1385 Anatolio,
2539 1320 2716 1390 deque
2753 1323 3028 1379 catholico
3067 1325 3341 1397 dogmate,
3369 1338 3535 1401 atque

1881 1411 1891 1421 '
1947 1404 2097 1457 omni
2124 1408 2445 1474 posteritate
2468 1412 2704 1478 meruit;
2743 1413 2871 1468 dum
2900 1416 3311 1473 sanctissimum
3342 1423 3530 1477 erudi-

1946 1492 2333 1568 tissimumque
2357 1499 2569 1572 Patrem
2593 1503 2977 1560 absurdissimi
3004 1509 3272 1565 fautorem
3303 1513 3531 1583 dogma-

1892 1634 1895 1639 .
1946 1583 2040 1651 tis,
2091 1595 2255 1657 atque
2312 1590 2586 1648 haereseos
2615 1603 2894 1650 auctorem
2935 1600 3237 1654 constituit.
3266 1601 3423 1668 Quod
3463 1617 3533 1659 no

1947 1674 2071 1743 quis
2107 1690 2137 1729 a
2171 1692 2258 1748 me
2290 1677 2616 1737 iracundius
2643 1699 2806 1752 quam
2837 1687 3020 1741 verius
3058 1688 3316 1746 atlirmari
3352 1699 3527 1761 putet,

1949 1768 2201 1822 consulat
2243 1786 2366 1841 quae
2405 1775 2470 1827 de
2516 1772 2807 1830 Scotorum
2866 1784 2921 1832 et
2965 1783 3532 1853 τεσσαρεσδεκατιτῶν

1950 1856 2399 1918 altercationibus
2451 1879 2483 1919 a
2528 1864 2672 1921 Beda
2714 1869 2769 1922 in
2808 1869 3010 1925 Eccles.
3048 1873 3174 1926 hist.
3210 1886 3526 1933 narrantur.

1949 1946 2026 2027 Ex
2059 1950 2257 2019 quibus
2300 1952 2583 2026 intelliget,
2616 1959 2711 2028 qui
2738 1960 2866 2016 huic
2911 1965 3082 2016 errori
3121 1968 3530 2035 patrocinaren-

1948 2045 2057 2103 tur,
2110 2041 2274 2096 unius
2320 2045 2667 2113 potissimum
2725 2052 3052 2108 auctoritate
3084 2052 3253 2110 fretos
3291 2056 3529 2114 Anatolii

1946 2125 2261 2186 Christiano
2292 2132 2530 2203 dogmati
2560 2138 2850 2193 restitisse.
2875 2138 3050 2207 Quam
3082 2144 3302 2213 quidem
3334 2160 3528 2202 aucto-

1948 2217 2164 2273 ritatem
2190 2237 2297 2275 non
2325 2239 2391 2277 ex
2424 2225 2561 2294 ipsis
2588 2229 2830 2284 Anatolii
2862 2231 3124 2299 fontibus,
3159 2236 3253 2291 sed
3277 2252 3345 2292 ex
3372 2238 3527 2294 lacu-

1945 2307 2033 2364 nis
2068 2308 2371 2367 Rutiniana:
2428 2316 2894 2386 interpretationis
2927 2322 3243 2381 hauserant.

2017 2393 2321 2449 Luculenta
2346 2411 2479 2451 sane
2501 2399 2568 2453 de
2592 2398 2858 2457 Paschate
2882 2406 3255 2460 controversia
3281 2405 3372 2460 illa
3402 2404 3528 2470 fuit,

1943 2501 2106 2556 quam
2164 2487 2373 2558 ingenti
2408 2490 2722 2547 animorum
2762 2496 3118 2550 contentione
3151 2498 3314 2552 totirs
3344 2498 3525 2565 agita-

1943 2584 2052 2629 tum
2085 2575 2263 2632 fuisse
2288 2580 2431 2647 apud
2466 2582 2669 2651 Anglos
2706 2598 2770 2640 ac
2804 2583 2999 2640 Scotos
3026 2597 3217 2641 auctor
3241 2595 3326 2642 est
3361 2586 3528 2641 Beda.

1940 2667 2045 2722 Sed
2080 2668 2133 2722 in
2163 2670 2357 2738 primis
2377 2671 2473 2725 lib.
2510 2687 2592 2737 ιιι,
2628 2688 2749 2743 cap.
2784 2674 2856 2731 25
2884 2677 3229 2734 nobilissima
3281 2677 3524 2733 Wilfridi

1942 2756 2245 2829 presbyteri
2295 2761 2573 2828 catholici,
2607 2774 2662 2817 et
2700 2765 2951 2821 Colmani
2986 2772 3228 2840 episcopi
3260 2770 3410 2826 Scoti
3432 2788 3525 2827 co-

1941 2861 2060 2900 ram
2094 2863 2220 2917 rege
2253 2851 2435 2905 habita
2469 2855 2693 2909 collatio
2741 2856 3094 2915 describitur.
3142 2860 3201 2915 In
3246 2878 3351 2932 qua
3399 2879 3524 2918 cum

1944 2938 2048 2994 hoc
2083 2940 2261 2996 Scotis
2295 2932 2582 3000 Wilfridus
2620 2947 2903 3017 ohjiceret,
2944 2952 3093 3020 quod
3134 2962 3324 3008 contra
3353 2952 3526 3011 Nicae-

1942 3042 2074 3082 num
2106 3045 2392 3097 canonem,
2423 3042 2478 3087 et
2514 3033 2775 3092 Romanae
2806 3037 3063 3098 Ecclesiae
3101 3043 3378 3099 decretum
3417 3044 3525 3100 Pa-

1866 3165 1912 3224 C
1946 3121 2076 3174 scha
2115 3136 2148 3175 a
2183 3122 2311 3177 luna
2348 3140 2440 3179 xw
2485 3127 2551 3180 ad
2588 3129 3037 3224 xx'celebrarent
3119 3134 3416 3191 Colmanus
3447 3137 3523 3191 ita

1897 3204 1912 3225 ⁸
1946 3211 2166 3266 demum
2200 3217 2439 3271 occurrit
2471 3236 2485 3272 :
2524 3215 2779 3290 Nunquid
2804 3222 3083 3276 Anatolius
3109 3225 3188 3278 vir
3212 3236 3448 3294 sanctus,
3473 3238 3523 3282 et

1946 3304 2000 3355 in
2034 3304 2263 3374 prtrfata
2299 3307 2528 3362 historia
2588 3310 2953 3383 ecclesiastica
3002 3314 3230 3370 multum
3272 3317 3523 3372 laudatus

1945 3394 2047 3465 legi
2074 3397 2152 3448 vel
2194 3394 2480 3467 Evangelia
2515 3402 2787 3455 contraria
2813 3404 3013 3471 sapuit,
3043 3406 3133 3473 qui
3187 3422 3219 3458 a
3249 3422 3339 3459 xw
3367 3422 3522 3477 usque

1944 3487 2013 3540 ad
2048 3502 2117 3541 xx
2167 3484 2378 3542 Pascha
2417 3489 2788 3545 celebrandum
2830 3495 3085 3562 scripsit?
3123 3494 3229 3550 Sed
3270 3505 3326 3551 et
3370 3506 3522 3552 antra

1945 3593 2065 3648 cap.
2095 3580 2128 3633 5
2152 3578 2396 3647 ejusdem
2428 3580 2553 3635 libri
2585 3584 2652 3638 de
2687 3584 2905 3638 Aiduno
2926 3586 3187 3656 episcopo
3217 3587 3287 3641 ab
3316 3586 3522 3643 Oswal-

1943 3670 2016 3725 do
2050 3686 2174 3741 rege
2205 3672 2258 3724 in
2288 3671 2539 3741 Angliam
2572 3689 2602 3729 e
2630 3674 2814 3729 Scotia
2853 3678 3118 3732 arcessito
3148 3664 3416 3745 scribens,
3450 3680 3524 3736 ait

1944 3758 2097 3813 illum
2137 3760 2343 3814 Pascha
2380 3778 2522 3816 more
2550 3780 2662 3817 suae
2694 3767 2864 3835 gentis
2894 3783 2928 3820 a
2954 3783 3044 3821 xtv
3074 3768 3202 3823 luna
3231 3771 3301 3822 ad
3339 3785 3411 3824 xx
3441 3786 3524 3824 ce-

1943 3849 2194 3915 lebrasse,
2229 3853 2368 3922 quod
2398 3854 2537 3907 idem
2566 3853 2848 3909 Scotorum
2875 3874 2939 3911 ac
2973 3857 3247 3913 Pictorum
3275 3861 3420 3914 natio
3442 3862 3525 3930 {ao-

1944 3949 2100 4005 ceret,
2125 3941 2439 3996 existimans
2463 3959 2518 3996 se
2539 3944 2592 3996 in
2616 3945 2716 3998 hac
2741 3946 3074 4001 observantia
3096 3950 3268 4003 sancti
3287 3967 3349 4003 ac
3370 3950 3525 4007 laude

1943 4013 2090 4102 digni
2114 4030 2298 4087 Patris
2346 4033 2590 4088 Anatolii
2640 4036 2844 4106 scripta
2886 4047 3148 4094 secutum.
3174 4038 3370 4107 'Vides,
3406 4044 3524 4112 opi-

1944 4135 2069 4187 nor,
2101 4123 2487 4180 schismaticos
2519 4124 2641 4181 illos
2668 4140 2864 4183 omnes
2905 4130 3242 4199 praecipuum
3284 4131 3524 4200 pervica-

1944 4212 2062 4279 ciaa,
2113 4206 2497 4285 opinionisque
2549 4231 2663 4272 suae
2698 4219 3011 4287 praesidium
3049 4220 3102 4274 in
3136 4220 3373 4276 Anatolii
3420 4237 3524 4277 au-

1944 4307 2197 4360 ctoritate
2223 4307 2496 4375 posuisse,
2523 4323 2631 4363 non
2658 4310 2748 4363 illa
2774 4310 3018 4380 quidem,
3045 4320 3103 4365 ut
3128 4312 3264 4379 dixi,
3286 4328 3352 4368 ex
3377 4314 3525 4370 illius

1945 4397 2184 4467 scriptis,
2221 4414 2345 4469 quae
2380 4415 2663 4470 nunquam
2699 4401 2969 4467 viderant,
3011 4404 3106 4459 sed
3143 4419 3210 4459 ex
3249 4404 3524 4461 Ecclesia-

1943 4488 2091 4542 sticaz
2124 4489 2384 4555 historiae,
2405 4490 2509 4546 hoc
2537 4499 2623 4546 est
2654 4507 2682 4545 a
2711 4491 2908 4547 Ruﬁno
2950 4494 3310 4563 interpolatae,
3334 4498 3440 4553 tlde
3460 4512 3523 4553 ac

1943 4580 2260 4637 testimonio
2304 4575 2649 4654 deprompta.
2695 4582 2879 4639 Redeo
2929 4587 2998 4640 ad
3037 4586 3374 4651 Wilfridnm,
3428 4588 3521 4657 qui

1938 4672 2252 4727 Anatolium
2292 4674 2367 4728 ita
2405 4686 2621 4747 purgat,
2674 4686 2735 4733 ut
2767 4678 2820 4731 in
2847 4692 3015 4734 causa
3056 4679 3237 4749 potius
3264 4681 3532 4750 praevari-'

1938 4765 2051 4819 cari
2082 4760 2373 4820 'videatur.
2424 4768 2584 4823 Certe
2638 4768 2780 4824 hanc
2825 4769 2905 4825 illi
2956 4770 3267 4840 Opinionem
3308 4771 3519 4836 tribuit,

1937 4871 2102 4927 quam
2137 4873 2203 4913 ne
2224 4859 2517 4914 somniavit
2543 4860 2763 4930 quidem
2790 4877 3030 4933 unquam
3052 4879 3066 4929 ;
3094 4862 3206 4917 imo
3228 4879 3379 4928 Vero,
3401 4879 3522 4933 qua:

1938 4949 2143 5019 ipsum,
2179 4950 2323 5020 quod
2368 4949 2515 5005 Scoti
2564 4951 2903 5022 pugnabant,
2938 4953 3293 5022 oppugnabat
3335 4961 3520 5006 autem

1937 5041 2251 5108 Wilfridus,
2300 5039 2521 5109 elﬁciat,
2568 5042 2716 5112 quod
2763 5054 2850 5098 est
2903 5042 3147 5113 profecto
3195 5043 3517 5099 ridiculum.

1938 5133 2179 5201 Constat,
2233 5133 2433 5204 inquit,
2498 5133 2812 5188 Anatolium
2862 5135 3034 5188 virum
3095 5135 3516 5202 sanctissimum,

1937 5204 2324 5290 doctissimum,
2358 5242 2421 5280 ac
2451 5225 2611 5280 laude
2630 5243 2743 5283 esse
2772 5226 3167 5298 dignissimum,
3206 5236 3314 5283 etc.
3348 5226 3469 5283 Mox
3501 5246 3517 5284 :

1938 5318 2041 5373 Ille
2062 5321 2139 5373 sic
2163 5320 2219 5372 in
2244 5316 2477 5373 Paschte‘
2496 5317 2833 5372 Dominicum
2860 5334 2948 5372 xnv
2970 5316 3153 5371 lunam
3174 5320 3518 5388 computavit,

1937 5421 1994 5466 ut
2023 5412 2158 5466 hanc
2188 5411 2371 5465 eadem
2403 5412 2519 5480 ipsa
2547 5411 2633 5464 die
2664 5427 2806 5465 more
2837 5409 3212 5480 /Egyptiorum
3243 5426 3309 5465 xv
3334 5410 3518 5464 lunam

1937 5505 2006 5558 ad
2036 5517 2301 5572 vesperam
2327 5518 2439 5557 esse
2464 5503 2740 5571 fateretur.
2777 5500 2867 5557 Sic
2894 5502 3037 5555 idem
3069 5517 3140 5556 xx
3169 5503 3309 5556 diem
3338 5498 3518 5555 Domi-

1938 5597 2054 5650 nico
2099 5594 2316 5649 Pascha
2359 5596 2658 5659 annotavit,
2708 5605 2764 5648 ut
2813 5594 2969 5659 hanc,
3023 5593 3289 5649 declinata
3335 5593 3518 5645 cadens

1937 5689 2041 5750 die,
2078 5702 2188 5742 esse
2220 5702 2310 5740 ut
2358 5686 2613 5740 crederet.
2661 5685 2827 5756 Cujus
2878 5685 3116 5757 regulam
3159 5683 3518 5739 distinctionis

1938 5795 2027 5836 vos
2070 5780 2341 5850 ignorasse
2382 5778 2590 5850 probat,
2628 5779 2768 5850 quod
2795 5778 3077 5849 aliquoties
3113 5774 3322 5831 Pascha
3343 5772 3525 5860 metti:
