4054 6404
563 351 668 414 999

1675 341 2024 404 APPENDIX
2067 317 2706 397 msssnrimonuu.

3692 340 3831 396 ιουυ

565 469 843 536 festissima
875 478 996 523 ante
1023 469 1396 538 plenilunium,
1435 441 1590 523 idest
1618 469 1673 522 in
1711 483 1810 522 xm
1834 467 1961 519 (una
1996 462 2134 533 faci-
2167 464 2210 522 Α
2242 459 2496 517 Ecclesia:
2535 464 2806 518 terminus
2848 476 3094 532 unquam
3159 461 3436 532 paschalis
3493 459 3677 525 fuerit,
3731 475 3831 517 nec

567 564 652 614 lis.
689 559 831 631 Ergo
869 561 1237 620 idAnatolius
1275 560 1476 623 sanxit,
1513 560 1643 613 luna
1676 575 1764 614 xiv
1798 558 2061 628 ἡμερινῇ,
2087 562 2147 609 ιιι

568 653 804 722 loquitur
838 651 1194 721 Epiphanius,
1244 654 1533 722 νυκτερινῇ
1583 651 1640 704 δὲ
1683 648 2149 720 πεντεκαιδεκάτῃ

571 744 778 797 Pascha
809 743 908 796 rite
944 741 1152 812 perlici,
1191 741 1338 810 quod
1381 756 1594 795 merum
1630 750 1718 796 est
1769 740 2060 793 Scotorum
2096 745 2151 790 et

570 834 1188 899 Quartadecimanorum
1212 833 1432 902 dogma,
1475 833 1694 893 borum,
1733 832 1980 901 inquam,
2011 829 2152 882 dun-

582 923 752 978 taxat,
777 915 868 984 qui
893 918 992 970 etsi
1025 917 1364 972 Dominicum
1407 918 1550 971 diem
1599 917 1898 972 celebritati
1933 914 2169 984 praeﬁni-

586 1015 726 1073 rent,
777 1023 884 1060 non
927 1009 1252 1064 dubitabant
1287 995 1750 1078 tantem-quoties
1792 1007 2074 1061 Dominica
2111 1006 2167 1060 in

582 1113 673 1152 xlv
729 1099 1008 1160 incideret,
1059 1117 1126 1152 eo
1168 1100 1257 1154 die
1322 1099 1521 1154 festum
1575 1100 1830 1154 incidere.
1862 1095 1980 1150 Non
2015 1094 2166 1149 aliud

583 1189 822 1243 sensisse
854 1189 935 1242 vel
962 1188 1177 1253 Scotos,
1208 1189 1289 1243 vel
1321 1198 1549 1243 caeteros
1571 1189 1814 1254 ejusdem
1849 1185 2076 1241 lireresis
2101 1199 2165 1239 ac

580 1279 837 1335 factionis
877 1281 1390 1344 lioiriines,'notius
1423 1287 1528 1345 est,
1565 1295 1729 1349 quam
1761 1289 1818 1334 ut
1845 1295 1933 1333 res
1958 1277 2164 1347 proba-

581 1374 728 1428 tione
745 1380 919 1441 egeat.
941 1373 1098 1427 Certe
1122 1370 1316 1427 Scotos
1340 1373 1489 1442 ipsos
1517 1389 1543 1426 a
1569 1389 1658 1426 xiv
1688 1373 1817 1426 luna
1842 1372 1906 1424 ad
1931 1387 1998 1424 xx
2029 1369 2164 1425 Pas-

575 1466 681 1519 cha
709 1465 1018 1520 celebrasse
1041 1463 1184 1518 Beda
1213 1465 1454 1532 scripsit,
1491 1481 1614 1519 cum
1646 1464 1900 1519 catholici
1936 1479 1965 1516 a
1994 1471 2061 1516 tv
2092 1461 2162 1516 ad

579 1569 669 1607 xxi
696 1553 746 1606 id
771 1553 1001 1622 egerint,
1029 1561 1089 1607 ut
1114 1554 1276 1608 unius
1299 1554 1405 1607 diei
1435 1554 1729 1609 discrimen
1762 1553 1944 1607 fuerit.
1976 1551 2041 1605 Ut
2063 1551 2164 1621 igi-

577 1653 668 1698 tur
695 1645 980 1700 catholicis
1008 1661 1077 1699 xv
1102 1646 1375 1720 paschalis
1401 1661 1464 1701 ea
1502 1656 1606 1712 εει,
1643 1661 1765 1716 quae
1817 1647 1870 1700 in
1897 1660 1983 1699 xvr
2015 1642 2164 1699 desi-

578 1736 677 1800 nit,
700 1743 891 1806 estque
918 1739 1387 1809 πεντεκαιδεκάτη
1417 1739 1673 1810 ἡμερινή,
1701 1739 1773 1793 ita
1802 1735 2164 1807 τεσσαρεσδε-

579 1825 823 1891 ueritati;
845 1842 935 1882 xlv
954 1829 1177 1900 perinde
1196 1830 1453 1902 ὴμερινὴ,
1482 1830 1782 1902 νυκτερινὴ
1805 1844 1931 1885 vero
1949 1845 2015 1883 xv
2040 1841 2162 1883 esse

578 1917 783 1974 debuit.

653 2013 787 2065 Nam
820 2015 863 2066 si
909 2027 1004 2066 xm
1062 2013 1297 2082 ἡμερινῇ
1337 2007 1548 2064 Pascha
1594 2017 2014 2072 anteverterent,
2056 2018 2163 2063 nOn

585 2119 694 2157 uno
728 2103 837 2167 die,
873 2103 967 2157 scd
1010 2102 1176 2156 biduo
1212 2117 1242 2155 a
1290 2101 1576 2155 catholicis
1620 2100 1924 2154 dilferrent.
1964 2098 2164 2153 Verum

580 2213 645 2251 ex
686 2198 751 2251 iis
780 2212 902 2266 qure
941 2197 1125 2251 statim
1179 2195 1320 2248 idem
1371 2191 1663 2246 Willridus
1703 2192 1914 2260 objicit,
1968 2190 2166 2259 conjici

585 2296 783 2357 potest,
815 2285 945 2355 quid
977 2294 1071 2339 aut
1117 2284 1232 2353 ipse
1260 2282 1518 2343 senserit,
1555 2289 1650 2335 aut
1687 2281 1928 2336 sensisse
1957 2280 2166 2334 Anato-

583 2381 716 2434 lium
748 2380 1052 2441 existimet,
1092 2393 1218 2432 cum
1271 2377 1349 2430 ait
1379 2376 1573 2430 Scotos
1607 2375 1926 2444 plerumque
1963 2373 2167 2428 Pascha

585 2473 714 2525 luna
778 2487 874 2524 xm
909 2481 1035 2524 ante
1081 2467 1442 2538 plenilunium
1497 2467 1821 2521 celebrasse.
1860 2465 1984 2518 Fuit
2022 2466 2167 2518 enim

588 2565 702 2618 haec
736 2560 1044 2630 Theophili,
1101 2558 1290 2627 Cyl-illi
1345 2572 1408 2611 ac
1456 2555 1614 2610 Beda:
1658 2558 1828 2625 ipsius
1862 2554 1997 2608 adeo
2045 2569 2171 2608 sen-

587 2654 754 2708 tentia
785 2668 798 2705 :
829 2654 1012 2705 lunam
1059 2665 1252 2704 novam
1310 2649 1513 2702 nullam
1557 2647 1685 2712 dici,
1738 2663 1852 2717 qua:
1899 2662 2000 2698 non
2050 2655 2171 2698 ante

587 2759 833 2798 occasum
868 2743 994 2797 solis
1021 2741 1342 2794 accendatur
1371 2754 1389 2792 :
1422 2739 1558 2793 adeo
1591 2749 1649 2792 ut
1686 2738 1731 2791 si
1763 2747 1882 2805 post
1915 2750 2170 2790 occasum

587 2837 854 2889 duntaxat
885 2833 1015 2889 solis
1043 2847 1274 2886 accensa
1305 2832 1396 2896 sit,
1432 2830 1536 2884 hoc
1578 2836 1663 2883 est
1697 2843 1820 2881 cum
1868 2827 1982 2880 sole
2039 2841 2173 2881 con-

587 2927 794 2996 juncta,
827 2924 1045 2978 tametsi
1069 2924 1140 2977 25
1165 2923 1316 2976 1ιοι·ἱε
1341 2931 1526 2991 postea
1557 2920 1778 2982 luxerit,
1807 2917 1974 2982 illam,
2004 2932 2170 2986 quam

589 3019 872 3073 occi-iente
900 3017 1014 3071 sole
1044 3016 1255 3076 habuit,
1297 3013 1715 3083 appellationem
1741 3014 1992 3065 retineat.
2029 3009 2097 3064 Ut
2124 3011 2171 3064 si

592 3107 830 3164 Sabbato
880 3116 1000 3176 post
1035 3121 1293 3161 occasum
1352 3105 1489 3158 solis
1551 3102 1866 3172 conjunctio
1903 3104 2014 3166 liat,
2059 3117 2167 3155 non

591 3207 852 3270 sequente
884 3196 1301 3260 Dominica,sed
1328 3195 1459 3249 feria
1492 3203 1528 3247 ιι
1561 3193 1844 3247 neomenia
1884 3192 2169 3246 statuenda

590 3293 661 3346 sit
695 3311 707 3346 :
739 3292 883 3361 quod
929 3291 1022 3344 lib.
1059 3288 1132 3343 lle
1165 3299 1387 3357 tempor.
1413 3296 1516 3340 rat.
1555 3301 1675 3355 cap.
1712 3285 1802 3350 41,
1836 3300 1862 3337 a
1897 3284 2034 3338 Beda
2063 3294 2172 3337 tra-

590 3384 762 3438 ditum
800 3389 882 3435 est
913 3397 978 3435 ex
997 3380 1364 3436 recentiorum
1395 3377 1892 3432 Alexandrinorum
1937 3376 2171 3445 placitis.

593 3472 672 3526 Ex
709 3488 774 3526 eo
805 3486 966 3540 porro
1019 3471 1161 3540 quod
1200 3470 1485 3525 neomenia
1527 3483 1919 3536 nonnunquam
1963 3469 2174 3534 integro

592 3563 682 3616 die
729 3563 1109 3626 submovetur,
1185 3574 1409 3614 necesse
1461 3568 1545 3613 est
1585 3569 1813 3613 cmteros
1863 3558 2004 3611 lunre
2057 3557 2174 3610 dies

593 3653 807 3707 tardius
869 3652 1207 3718 succedere;
1268 3661 1432 3720 atquc
1497 3651 1569 3704 ita
1617 3654 1666 3705 si
1709 3650 1939 3719 cmnpli
1986 3663 2172 3714 causa,

596 3741 837 3796 Sabbato
897 3743 1081 3796 statim
1139 3749 1262 3810 post
1323 3741 1457 3795 solis
1513 3755 1770 3794 occasum
1815 3740 2173 3809 plenilunium

596 3833 952 3886 commissum
1005 3831 1095 3896 sit,
1143 3829 1504 3899 appellabitur
1551 3830 1906 3883 nihilominus
1953 3839 2058 3882 tota
2087 3831 2174 3882 illa

595 3921 712 3976 dies
753 3923 1014 3986 xlvluna,
1074 3938 1180 4002 non
1238 3921 1632 3992 plenilunium:
1669 3922 1811 3976 unde
1841 3931 1892 3975 et
1936 3922 2177 3975 anterior

595 4013 713 4069 dies
755 4031 852 4069 xm
916 4030 1024 4068 non
1059 4031 1146 4068 xlv
1174 4014 1600 4082 computabitur.
1648 4012 1772 4068 Haec
1820 4013 1954 4076 fuit,
1993 4014 2068 4066 uti
2095 4012 2176 4066 di-

597 4114 745 4159 ctum
776 4113 883 4167 est,
916 4106 1410 4159 Alexandrinorum
1457 4106 1747 4167 sententia,
1777 4120 1941 4174 quam
1983 4113 2038 4158 et
2069 4102 2176 4156 lle-

598 4193 727 4252 brazi
779 4197 999 4266 quidam
1045 4196 1276 4262 amplexi
1309 4204 1456 4250 sunt.
1490 4194 1624 4250 Nam
1656 4196 1709 4249 in
1755 4195 1948 4250 Glossa
1984 4209 2105 4262 cap.
2144 4193 2174 4244 7

601 4279 779 4341 Tract.
815 4285 1089 4339 ll'tddusrh
1116 4287 1409 4340 Italiodesclt
1455 4287 1648 4342 tomol
1701 4285 2178 4343 JadsMaimonidze

600 4378 763 4432 Variae
794 4379 1076 4432 doctorum
1111 4380 1392 4433 sententiae
1443 4378 1510 4432 de
1536 4394 1598 4432 ea
1635 4393 1692 4432 re
1741 4393 2176 4433 commemoran-

2251 555 2304 607 in
2345 570 2456 607 xxn
2485 555 2662 609 lunari
2687 554 2913 608 dilatum
2939 549 3146 609 Pascha
3174 566 3186 606 :
3217 568 3339 623 quae
3368 562 3452 607 est
3477 551 3830 606 hallucinatio
3927 552 3942 573 ⁴

2253 645 2515 718 Scaligeri
2559 663 2589 702 a
2630 646 2821 701 Clario
2850 655 3062 710 nostro,
3106 657 3162 701 et
3215 644 3572 700 novissime-a
3597 641 3832 698 Guldino

2249 739 2496 806 ejusdem
2553 738 2835 794 societatis
2887 738 3223 793 validissime
3288 735 3544 790 refulala.
3608 734 3714 789 Sed
3769 734 3831 788 ad

2251 829 2489 896 priorem
2509 843 2730 883 sensum
2746 829 2836 883 illa
2849 827 3091 883 Willridi
3107 827 3405 897 disputatio
3425 825 3676 894 pertinet.
3696 823 3830 878 Nam

2255 917 2436 974 Scotis
2469 921 2783 989 exprobrat,
2816 921 2961 991 quod
2989 934 3114 974 cum
3159 919 3213 972 in
3239 928 3326 972 xw
3347 917 3554 971 Pascha
3575 916 3831 970 "celebra-

2254 1019 2394 1072 rent,
2426 1026 2532 1064 non
2569 1025 2688 1065 eam
2717 1023 2898 1066 tamen
2935 1025 3027 1066 xlv
3059 1009 3330 1079 paschalis
3357 1007 3623 1060 rationem
3664 1005 3833 1057 habe-

2255 1111 2395 1165 rent,
2432 1117 2596 1171 quam
2621 1103 2908 1158 Anatolius
2945 1101 3370 1172 prazscripserat.
3423 1097 3521 1152 llic
3551 1098 3696 1151 enim
3749 1110 3833 1148 xlv

2257 1197 2403 1250 illam
2449 1196 2755 1263 paschalem
2812 1195 3080 1247 duntaxat
3112 1206 3233 1246 esse
3273 1190 3535 1252 voluerat,
3577 1202 3746 1256 quam
3777 1185 3834 1239 ad

2259 1303 2542 1358 vesperam
2571 1285 2933 1356 plenilunium
2962 1287 3258 1354 exciperet,
3293 1281 3396 1336 hoc
3422 1289 3525 1342 est,
3549 1289 3676 1342 ante
3711 1277 3836 1331 solis

2259 1395 2548 1445 occasum;
2607 1376 2811 1446 alioqui
2861 1391 2956 1430 xm
2994 1390 3102 1428 non
3132 1389 3224 1428 xiv
3266 1373 3558 1427 diceretur.
3593 1373 3659 1423 At
3691 1369 3839 1424 Scoti

2260 1475 2412 1531 nullo
2470 1470 2782 1527 istiusmodi
2831 1469 3064 1532 delectu,
3095 1482 3185 1521 xlv
3227 1466 3373 1520 illam
3407 1464 3648 1534 paschali
3701 1463 3840 1516 cele-

2260 1561 2446 1619 britati
2478 1559 2896 1622 consecrabant,
2935 1571 3059 1626 quae
3101 1556 3156 1609 in
3191 1570 3316 1609 eum
3357 1553 3499 1607 diem
3555 1551 3840 1614 incideret,

2262 1665 2386 1724 post
2434 1653 2592 1722 cujus
2625 1660 2807 1706 ortum
2860 1649 3227 1718 subsequente
3251 1646 3515 1699 duntaxat
3542 1653 3704 1697 nocte
3735 1643 3841 1711 ple-

2263 1748 2535 1802 nilunium
2594 1743 3074 1807 committeretur;
3151 1747 3546 1809 propteicaque
3607 1751 3722 1789 non
3783 1749 3842 1786 xv

2267 1839 2414 1903 luna,
2443 1837 2536 1890 sed
2583 1847 2676 1889 xlv
2705 1841 3013 1896 vocaretdr,
3067 1845 3131 1885 ea
3163 1843 3314 1892 vero,
3346 1843 3453 1897 qua
3487 1825 3696 1880 Pascha
3731 1839 3845 1893 per-

2266 1941 2450 1984 actum
2481 1927 2677 1990 fuerat,
2702 1941 2824 1980 xm.
2856 1923 2983 1978 Haec
3014 1931 3099 1978 est
3125 1921 3351 1975 omnino
3367 1917 3669 1972 diliiciilimi
3703 1916 3845 1968 illius

2268 2020 2372 2074 loci
2407 2018 2715 2078 sententia;
2765 2013 3063 2067 secundum
3097 2025 3263 2080 quam
3314 2008 3601 2063 Anatolius
3633 2021 3848 2058 τεσσα-

2271 2106 2757 2183 ρεσκαιδεκατιτῶν
2817 2105 2991 2164 errori
3046 2102 3466 2173 patrocinatur;
3523 2098 3656 2152 dum
3719 2096 3844 2150 illud

2269 2202 2529 2258 statuitur
2559 2219 2572 2254 ε
2605 2198 2923 2253 Paschalem
2971 2210 3038 2250 ex
3093 2194 3211 2264 ejus
3242 2192 3498 2246 instituto
3549 2203 3638 2240 xuv
3701 2187 3846 2240 illam

2269 2309 2411 2359 esse,
2449 2308 2571 2363 qua:
2630 2293 2682 2346 in
2729 2288 3091 2362 plenilunium
3143 2286 3365 2342 desinit.
3403 2283 3535 2363 Quae
3580 2296 3727 2336 nova
3770 2287 3849 2334 est

2273 2389 2504 2443 istorum
2540 2383 2916 2444 hallucinatio,
2946 2391 3001 2435 et
3045 2380 3100 2432 in
3131 2362 3730 2444 Anatolium‘conjecta
3763 2387 3849 2426 ca-

2273 2479 2500 2533 lmnnia.
2532 2476 2703 2544 (lujus
2757 2471 3104 2528 occasionem
3145 2469 3271 2524 inde
3302 2468 3542 2520 oblatam
3576 2464 3845 2532 suspicor,

2273 2571 2416 2642 quod
2464 2585 2589 2624 cum
2636 2583 2703 2620 cx
2758 2564 3072 2620 Iudaeorum
3128 2560 3408 2636 magistris
3434 2557 3540 2611 τῶν
3577 2555 3849 2623 iit-26am,-

2275 2664 2428 2734 ρῐων,
2467 2661 2570 2714 hoc
2604 2667 2687 2713 εει
2727 2656 2891 2726 typici
2946 2652 3229 2708 Paschatis
3283 2664 3548 2706 canouem
3590 2648 3747 2701 illum
3787 2647 3849 2700 a.l

2275 2752 2657 2811 illustrandam
2705 2745 3004 2803 Christiani
3037 2742 3341 2799 doctrinam
3389 2739 3678 2794 Paschalis
3711 2747 3851 2791 attu-

2275 2849 2448 2910 lisset,
2501 2860 2610 2914 quo
2667 2841 2999 2912 praecipitur,
3040 2850 3100 2891 ut
3161 2851 3250 2890 xlv
3301 2836 3429 2889 luna
3466 2834 3530 2886 ad
3572 2846 3852 2900 vesperam

2274 2937 2485 2992 Pascha
2517 2934 2841 2996 celebretur,
2884 2931 2987 2984 sub
3011 2930 3188 2998 ipsum
3236 2925 3615 2995 Oppositionis,
3645 2939 3712 2977 ac
3746 2922 3853 2992 ple.

2276 3027 2470 3082 nilunii
2516 3036 2756 3094 tempus,
2803 3023 2910 3076 hoc
2966 3020 3044 3074 illi
3115 3019 3180 3072 ad
3226 3017 3598 3072 Christianum
3646 3013 3855 3068 Pascha

2278 3117 2696 3181 transtulerunt,
2734 3115 2840 3168 rati
2888 3128 2955 3166 ex
3006 3109 3242 3164 Anatolii
3287 3109 3504 3162 decreto
3541 3120 3630 3158 xlv
3655 3106 3746 3160 die
3772 3119 3856 3159 ce-

2273 3210 2478 3265 lebrari
2515 3224 2676 3278 posse
2715 3222 2726 3256 :
2767 3215 2822 3260 et
2865 3206 3086 3274 quidem
3131 3205 3419 3264 maturius,
3459 3215 3624 3268 quam
3654 3199 3855 3253 Judaais

2277 3302 2457 3363 liceat,
2489 3300 2634 3370 quod
2668 3308 2751 3353 cst
2786 3297 3113 3359 inauditum,
3153 3305 3207 3351 et
3231 3295 3483 3348 Anatolio
3513 3308 3744 3364 prorsus
3776 3293 3853 3345 in-

2277 3383 2524 3464 dign-mn.

2476 3525 2725 3596 Pergitur
2750 3525 2804 3578 in
2847 3522 3179 3591 explicandis
3213 3521 3451 3573 Anatolii
3473 3518 3664 3572 verbis.

2351 3661 2456 3716 Sed
2490 3659 2622 3714 illud
2658 3658 2713 3712 in
2741 3654 2980 3710 Anatolii
3012 3656 3134 3708 loco
3158 3653 3249 3708 illo
3279 3651 3679 3713 dilﬁciliusest,
3716 3646 3850 3718 quod

2278 3751 2427 3806 addit
2457 3751 2544 3804 die
2591 3747 2764 3801 Martii
2805 3763 2873 3799 xx
2904 3744 3076 3800 solem
3115 3757 3223 3797 nou
3264 3751 3474 3796 tantum
3517 3749 3853 3810 segmentum

2277 3843 2484 3896 zodiaci
2544 3841 2777 3908 primum
2844 3838 3153 3907 ingressum
3204 3848 3363 3895 esse,
3440 3828 3560 3883 ἀλλ’
3615 3830 3721 3900 ἥδη
3771 3828 3853 3882 καὶ

2277 3934 2544 4004 τετάρτην
2576 3931 2788 4002 ἡμέραν
2831 3931 2887 3981 ὲν
2915 3925 3064 3996 αὑτῴ
3107 3923 3544 3996 διαπορεύεσθαι.
3579 3921 3849 3975 Ruﬁnus:

2280 4025 2343 4080 In
2386 4043 2488 4094 qua
2527 4023 2613 4077 die
2648 4022 2728 4076 sol
2773 4021 3098 4074 inveniretur
3128 4034 3231 4071 non
3281 4017 3454 4070 solum
3493 4013 3852 4069 conscendisse

2276 4117 2502 4186 primam
2537 4123 2763 4183 partem,
2792 4126 2968 4164 rerum
3001 4111 3163 4163 etiam
3191 4115 3436 4176 quartam
3454 4105 3573 4174 jam
3596 4105 3656 4157 in
3696 4120 3757 4157 eo
3783 4102 3858 4156 die

2279 4209 2468 4260 habere
2502 4222 2519 4258 :
2553 4205 2605 4259 id
2665 4213 2770 4268 cst,
2805 4203 2858 4256 in
2895 4201 3071 4271 prima
3102 4215 3167 4255 ex
3195 4215 3273 4252 xu
3305 4197 3574 4268 partibus.
3601 4194 3684 4249 lla
3725 4193 3858 4264 apud

2280 4298 2477 4352 Bedam
2513 4295 2728 4364 legitur,
2766 4301 2826 4346 ut
2860 4303 2913 4346 et
2959 4291 3014 4344 in
3045 4289 3279 4360 vulgatis
3313 4287 3496 4341 Ruﬁni
3554 4287 3859 4341 codicibus.

2280 4391 2453 4445 Porro
2502 4388 2644 4442 Beda
2701 4401 2795 4455 per
2827 4395 3099 4455 quartam,
3128 4381 3261 4445 sive,
3321 4388 3380 4434 ιιι
3419 4379 3658 4433 subinde
3689 4389 3862 4438 vocat,

600 4477 708 4526 tur.
776 4471 1035 4525 Eamdem
1090 4487 1116 4524 a
1155 4470 1297 4525 Beda
1364 4480 1786 4541 propugnatam,
1845 4481 1900 4524 et
1934 4488 1962 4525 a
2004 4470 2171 4524 Foro-

2279 4496 2375 4551 per
2400 4477 2684 4549 quadram,
2712 4474 2994 4529 Julianum
3032 4472 3390 4540 quadrantem
3419 4469 3720 4536 intelligit;
3748 4481 3868 4519 nam

601 4578 803 4631 sempr.
847 4561 1132 4616 relutatam
1162 4561 1256 4615 lib.
1291 4577 1372 4622 ιιι,
1409 4571 1549 4630 part.
1580 4579 1640 4626 ιι,
1674 4562 1920 4632 pluribus
1955 4562 2174 4627 astruit,

599 4655 940 4724 explicatqne
991 4653 1182 4707 Petrus
1232 4652 1438 4708 Pilatus
1487 4651 1685 4708 Veron.
1747 4668 1870 4722 cap.
1934 4654 1967 4707 4
2016 4663 2068 4708 ει
2111 4651 2180 4706 l5

602 4749 737 4802 Can.
775 4747 944 4800 Pasch
975 4746 1238 4812 ;i".cclesia
1267 4761 1395 4800 vero
1429 4747 1699 4801 catholica
1734 4747 1960 4800 minime
1989 4747 2178 4816 sequi-

602 4851 712 4904 tur,
751 4855 870 4906 quae
901 4839 1174 4908 paschalis
1211 4836 1331 4891 festi
1361 4837 1648 4892 ratiocinia
1679 4839 1742 4891 ad
1767 4839 1980 4892 civilem
2019 4853 2178 4892 nsum

602 4942 656 4988 ct
684 4932 1004 5001 mquabilem
1037 4931 1272 5000 cyclum,
1306 4945 1415 4984 non
1469 4930 1536 4984 ad
1589 4931 1894 4984 mediorum
1931 4942 2178 4987 motuum

602 5021 1011 5077 observationes
1039 5019 1312 5089 astringit.
1362 5018 1630 5074 Czeterum
1681 5037 1746 5075 ex
1781 5022 1882 5076 hac
1909 5023 2025 5091 ipsa
2063 5023 2181 5092 epi-

603 5113 771 5168 nione
817 5113 1087 5181 sequitur,
1122 5112 1306 5166 lunam
1342 5127 1432 5166 xlv
1477 5127 1874 5183 nonnunquam
1926 5117 1978 5168 in
2013 5117 2184 5184 pleni-

601 5204 810 5270 lunium
845 5203 1110 5270 incidere;
1154 5204 1226 5257 ob
1261 5203 1424 5272 idque
1451 5203 1812 5272 plenilunium
1844 5206 1986 5274 apud
2015 5221 2184 5274 quos-

601 5297 726 5350 dam
769 5298 1062 5365 scriptores
1124 5296 1384 5364 appellari
1417 5311 1528 5350 xlv.
1553 5295 1710 5362 Quod
1755 5309 1808 5351 et
1843 5308 2064 5367 propter
2095 5298 2182 5351 lu-

600 5403 789 5443 narem
826 5389 1132 5460 προήγησιν
1166 5397 1285 5455 post
1324 5383 1604 5440 Nicmnum
1639 5388 1932 5442 concilium
1960 5389 2182 5454 accidit,

601 5489 721 5549 post
755 5480 856 5534 tria
889 5480 1103 5534 circiter
1127 5481 1345 5535 szecula.
1378 5478 1517 5532 Tmn
1544 5481 1688 5534 enim
1727 5480 1908 5536 aureis
1941 5482 2185 5537 nmneris

603 5573 794 5626 iisdem
824 5572 1017 5626 diebus
1051 5572 1406 5637 haerentibus,
1450 5586 1538 5623 xlv
1568 5569 1785 5625 Nicaena
1823 5572 2183 5641 plenilunium

601 5671 686 5716 est
737 5661 900 5728 facta,
952 5663 1115 5731 idque
1157 5662 1299 5715 κατὰ
1350 5662 1696 5732 συμὸεδηκός
1751 5663 1820 5717 ob
1867 5664 2184 5734 ἀνωμαλίαν

551 5755 560 5760 ”
603 5751 822 5818 sideris,
865 5769 989 5808 cum
1019 5754 1221 5824 alioqui
1259 5769 1434 5824 neque
1452 5753 1809 5824 plenilunium
1841 5771 1901 5809 ex
1935 5757 2183 5814 instituto

2281 4586 2403 4626 cum
2473 4569 2556 4624 sol
2613 4567 2852 4636 primum
2905 4563 3106 4618 Arietis
3147 4570 3486 4630 segmentum
3535 4560 3866 4625 ingreditur,

2277 4663 2390 4732 jam
2417 4662 2472 4715 in
2501 4675 2566 4714 ea
2593 4660 2679 4712 die
2708 4656 3070 4726 quadrantem
3098 4650 3358 4707 confecit.
3398 4649 3504 4703 Sed
3541 4649 3670 4703 hec
3707 4649 3872 4701 inter-

2281 4754 2512 4826 pretatio
2541 4750 2805 4821 jocularis
2843 4757 2946 4804 est.
2983 4745 3170 4816 Neque
3206 4746 3351 4800 enim
3382 4743 3572 4798 Graeco
3603 4742 3722 4811 ipsi
3751 4755 3874 4794 con-

2281 4847 2447 4901 venit.
2510 4843 2713 4899 Scribit
2768 4839 3057 4896 Anatolius
3085 4837 3352 4908 τετάρτην
3381 4834 3599 4904 ἡμέραν
3645 4836 3710 4888 ὲν
3736 4830 3874 4899 αὐτῷ

2281 4933 2736 5006 διαπορευόμενος
2771 4973 2786 4996 ,
2811 4931 2914 4984 Ιιοε
2957 4937 3042 4984 est
3058 4936 3316 4997 quartam
3332 4925 3450 4995 jam
3479 4923 3664 4988 diem;
3691 4941 3876 4994 quem-

2281 5026 2575 5080 admodum
2607 5021 2749 5091 apud
2781 5019 3041 5073 Rulinum
3083 5017 3482 5072 restituendum
3529 5029 3673 5083 esse
3692 5029 3877 5070 emen-

2282 5117 2494 5170 datiora
2569 5112 2819 5182 quaedam
2888 5108 3225 5178 exemplaria
3291 5104 3664 5176 persuadent.
3747 5105 3876 5159 Tum

2284 5206 2418 5260 illud
2479 5201 2738 5271 ὲνάὑτῷ,
2775 5200 2841 5254 ad
2884 5198 3134 5270 τμήματι
3168 5194 3428 5260 refertur,
3473 5208 3594 5249 non
3641 5197 3717 5250 ad
3753 5194 3880 5266 ἠμέν

2286 5315 2421 5369 ραν,
2477 5307 2535 5350 ιιι
2570 5293 2764 5347 Latine
2802 5289 3224 5361 concipiendum
3271 5288 3365 5353 sit,
3395 5298 3664 5356 quartum
3691 5289 3882 5358 jamin

2282 5406 2348 5444 ea
2368 5389 2526 5442 diem.
2557 5383 2670 5440 lloc
2703 5384 2870 5454 igitur
2899 5391 3085 5437 censet
3109 5379 3397 5434 Anatolius
3423 5395 3438 5430 :
3467 5378 3657 5432 solem
3689 5396 3747 5433 xi
3773 5377 3879 5431 Kal.

2285 5481 2415 5550 Apr.
2453 5487 2710 5548 quartum
2735 5477 2849 5547 jam
2882 5475 2942 5529 in
2996 5474 3177 5544 primo
3223 5471 3476 5541 τμήματι
3514 5469 3621 5523 τοῦ
3653 5472 3887 5525 δωδεκα-

2284 5569 2547 5641 τημορίου
2588 5569 2731 5622 diem
2785 5580 2966 5636 agere.
2999 5563 3157 5630 Quod
3217 5561 3421 5616 mirum
3461 5560 3610 5615 mihi
3653 5562 3887 5616 videtur.

2252 5663 2420 5723 .Nam
2455 5664 2556 5716 hac
2612 5661 2823 5716 ratione
2854 5659 3028 5714 solem
3075 5655 3413 5712 existimavit
3455 5654 3719 5724 primum
3761 5671 3889 5723 pon-

2287 5765 2434 5812 ctum
2474 5751 2675 5809 Arietis
2742 5749 2951 5821 ingredi
3007 5763 3098 5803 xlv
3138 5747 3265 5802 Kal.
3317 5746 3482 5814 Apr.,
3519 5744 3639 5802 hoc
3681 5756 3775 5802 est
3813 5759 3888 5799 xu
