4054 6404
281 315 408 369 1001

1219 314 1305 368 DE
1341 313 1527 369 ANNO
1567 313 1654 371 ET
1695 312 1807 371 DIE
1844 311 2199 369 DOMINlCE
2234 312 2613 369 PASSIONlS.

3396 318 3532 374 100‘!

277 434 477 489 Martii.
512 432 591 487 Ex
614 449 724 504 quo
758 433 890 489 illud
916 436 1185 506 suspicari
1236 452 1531 506 possumus
1566 459 1576 492 :
1610 436 1856 507 aequino-
1886 438 1933 499 Α
1958 437 2274 491 eorumdem
2302 436 2819 500 Alexandrinorum,
2852 434 3174 489 Latinorum
3214 445 3301 492 est
3331 452 3383 492 ν.
3426 436 3529 503 Qui

275 526 489 582 ctialem
543 528 822 581 cardinem
877 542 985 582 non
1042 528 1099 582 in
1157 530 1333 599 primo
1374 530 1575 584 Arietis
1622 539 1854 601 puncto,

277 620 371 674 sed
412 618 463 672 in
501 633 551 672 iv
582 620 651 673 ab
695 635 761 677 eo
788 621 1176 675 constitutum.
1206 620 1680 688 Quemadmodum
1708 631 1858 676 vete-

275 726 364 767 res
399 708 535 766 olim'
558 712 613 767 in
636 727 733 767 vni
758 714 1039 779 signorum
1078 723 1231 783 parte
1266 716 1504 769 solstitia
1533 724 1588 771 et
1612 716 1857 786 asquino-

275 804 384 858 ctia
414 804 530 859 fieri
590 806 880 875 putabant,
939 815 1002 860 ut
1044 800 1279 860 testatur
1313 806 1525 863 Plinius
1564 809 1661 863 lib.
1698 825 1854 872 xvni,

276 910 397 966 cap.
433 896 527 963 25,
574 905 630 952 et
681 896 985 952 Columella
1026 898 1122 954 lib.
1171 916 1245 961 ix,
1272 916 1393 970 cap.
1432 900 1608 979 15,‘cx
1643 900 1855 957 Eudoxi

275 996 331 1043 et
380 988 612 1045 Metonis
673 988 891 1055 Fastis;
923 992 1069 1062 quod
1094 1002 1148 1047 et
1178 993 1473 1064 Sosigenes
1512 998 1857 1066 persuasisse

277 1078 480 1135 Caesari
516 1079 760 1142 videtur;
786 1096 911 1134 nam
950 1082 1102 1137 initia
1144 1085 1417 1138 mensium
1441 1098 1701 1155 quatuor,
1734 1101 1857 1156 quae

275 1171 597 1227 cardinibus
632 1171 884 1242 proxima
915 1182 1065 1235 sunt,
1103 1175 1173 1229 ab
1214 1191 1311 1228 vni
1351 1175 1463 1231 fere
1488 1187 1640 1245 parte
1680 1178 1858 1248 signo—

278 1278 399 1317 rum
423 1262 759 1334 incipiebant
792 1272 955 1318 tetate
991 1262 1245 1321 Caesaris.
1286 1267 1443 1336 Apud
1484 1268 1770 1324 Geminum
1800 1270 1856 1323 at

275 1355 477 1426 τροπαὶ
505 1354 811 1426 χειμεριναί
835 1371 901 1411 ex
927 1355 1156 1411 Eudoxo
1180 1367 1377 1428 quarto
1400 1358 1487 1413 die
1507 1361 1853 1432 contingunt,

275 1464 343 1501 ex
367 1463 480 1519 quo
504 1448 999 1519 solCaprieornum
1026 1453 1305 1523 ingressus
1339 1462 1442 1509 est.
1474 1454 1855 1511 Atsecundum

277 1539 668 1613 Euctemonem
695 1542 871 1611 primo
902 1544 1020 1614 ipso
1049 1545 1156 1600 die.
1196 1543 1431 1601 Vernum
1462 1556 1642 1603 autem
1688 1550 1858 1620 tequi-

277 1631 521 1685 noctium
579 1642 737 1689 sexto
786 1634 855 1689 ab
890 1634 1139 1704 ingressu
1171 1637 1375 1694 Arietis
1414 1639 1503 1695 die
1556 1642 1855 1695 secundum

278 1722 589 1790 Eudoxum,
617 1741 740 1780 cum
768 1741 836 1781 ex
860 1726 1071 1799 Calippi
1102 1728 1499 1801 Parapegmate
1524 1734 1704 1803 primo
1736 1734 1855 1804 ipso

276 1818 363 1873 die
377 1818 771 1873 committatur.
804 1796 1167 1875 Utrum—vero
1195 1796 1343 1877 idem
1373 1824 1440 1879 de
1480 1796 1539 1877 w'
1572 1796 1855 1890 signorinm
1887 1796 1929 1852 Β

278 1918 430 1977 parte
469 1910 573 1963 sibi
614 1911 947 1979 persuaserit
997 1912 1304 1977 Anatolius,
1346 1916 1699 1984 cogitandum
1743 1933 1860 1971 am-

279 2000 423 2071 plius
462 2008 547 2055 est
593 2017 608 2053 :
661 2016 788 2055 nam
828 2003 918 2058 illa
959 2002 1120 2075 Beda:
1158 2005 1300 2060 ratio
1340 2007 1492 2062 nullo
1524 2008 1689 2061 modo
1738 2024 1863 2078 pro-

279 2092 475 2147 babilis
509 2103 624 2157 est;
678 2094 989 2150 Anatolium
1034 2112 1158 2151 cum
1233 2114 1286 2152 χι
1328 2098 1447 2154 Kal.
1503 2100 1633 2171 Apr.
1699 2106 1864 2172 (cqui—

279 2185 521 2240 noctium
575 2186 708 2259 figit,
754 2188 821 2243 de
857 2190 1170 2259 vespertino
1229 2192 1493 2247 duntaxat
1544 2194 1712 2264 loqui,
1756 2198 1861 2253 hoc

275 2288 362 2331 est
386 2279 454 2332 de
492 2294 578 2344 eo,
613 2281 758 2349 quod
797 2282 995 2337 accidit
1025 2298 1148 2337 cum
1175 2284 1302 2338 luna
1335 2285 1437 2339 sub
1466 2300 1723 2343 occasum
1756 2290 1859 2343 soli

277 2372 525 2439 opposita
561 2380 679 2437 est;
724 2382 1009 2443 propterea
1042 2377 1188 2444 quod
1218 2391 1285 2432 ex
1323 2376 1678 2447 antiquorum
1733 2395 1862 2434 sen-

277 2463 444 2516 tentia
463 2462 686 2517 Patrum
722 2465 998 2521 statuitad
1028 2468 1336 2537 paschalem
1361 2470 1725 2526 celebritatem
1749 2490 1859 2528 non

280 2557 439 2611 modo
468 2558 640 2613 solem
681 2558 735 2611 in
777 2560 1105 2628 aequinoctio
1131 2576 1323 2627 verno,
1364 2564 1458 2617 sed
1491 2573 1545 2618 et
1575 2565 1757 2619 lunam
1802 2567 1855 2619 in

277 2650 580 2704 autumnali
612 2650 772 2705 sitam
794 2666 917 2707 esse
942 2651 1140 2707 debere
1164 2654 1338 2723 :quod
1380 2665 1493 2708 tum
1547 2656 1606 2709 fit
1640 2658 1860 2725 quando

279 2743 661 2809 aequinoctiali:
700 2752 963 2814 punctum
1023 2745 1127 2800 sub
1172 2761 1429 2801 occasum
1478 2747 1610 2801 solis
1645 2748 1855 2803 incidit.

282 2830 525 2889 Primum
558 2834 704 2889 enim
728 2851 835 2889 non
859 2837 927 2890 de
963 2835 1277 2892 Christiano
1318 2837 1580 2893 Paschate
1613 2854 1679 2893 ex
1712 2840 1853 2894 anti-

279 2937 516 2992 quorum
592 2922 811 2979 Patrum
864 2925 1108 2994 scriptis,
1139 2927 1230 2981 sed
1270 2926 1498 2982 Judaico
1530 2944 1598 2983 ex
1642 2931 1858 2984 Aristo-

282 3016 393 3069 buii
420 3015 742 3071 auctoritate
780 3016 923 3073 istud
957 3020 1139 3074 attulit
1169 3039 1182 3075 :
1215 3020 1291 3084 ὡς
1317 3019 1401 3092 εἴη
1430 3020 1490 3085 ἐξ
1524 3022 1769 3094 ἀνάγκης
1788 3024 1854 3094 τῇ

1959 530 2068 584 duo
2094 530 2445 598 posteriores,
2475 529 2579 582 hoc
2605 535 2690 582 est
2715 526 3172 581 Alexandrinixrx
3205 540 3260 582 et
3289 544 3385 583 vin
3408 540 3532 582 cum

1958 622 2101 691 apud
2131 622 2281 691 ipsos
2335 620 2664 676 embolimari
2702 617 2902 681 forent,
2931 619 3073 689 apud
3109 619 3355 683 Latinos,
3384 630 3444 675 ut
3482 632 3535 675 et

1959 714 2101 783 apud
2125 711 2366 777 Iudaeos,
2395 724 2551 767 erant
2591 713 2863 780 simplices
2897 719 3085 765 :erant
3109 712 3253 767 enim
3287 729 3374 768 xvr
3401 722 3455 768 ct
3477 729 3532 769 γ.

1958 804 2034 858 Ita
2076 804 2255 858 Latini
2288 805 2491 859 Pascha
2516 805 2570 859 in
2598 802 2762 858 Nisan
2790 802 3041 870 Jndaico,
3084 804 3435 860 Alexandrini
3480 808 3534 861 in

1959 895 2064 961 ljar
2127 897 2498 952 celebrabant.
2554 895 2845 966 Propterea
2905 898 3176 967 paschalis
3245 900 3534 954 neomenia

1960 986 2283 1041 Latinorum
2334 997 2509 1042 erata
2541 1003 2601 1043 ιιι
2658 986 2799 1041 Non.
2851 986 3080 1051 Martiis,
3125 989 3239 1044 sive
3267 988 3446 1044 Martii
3480 1008 3533 1054 v,

1957 1078 2022 1130 ad
2056 1077 2256 1146 Aprilis
2290 1093 2351 1142 ιι,
2390 1094 2516 1133 cum
2547 1077 2765 1134 Niceena
2801 1079 2870 1135 ab
2909 1096 3003 1134 \‘lll
3038 1082 3304 1136 duntaxat
3356 1080 3534 1137 Martii

1958 1170 2024 1223 a-l
2080 1168 2263 1225 Nonas
2323 1170 2445 1241 Apr.
2475 1171 2819 1226 extendatur.
2864 1172 3017 1228 Unde
3048 1182 3102 1228 et
3140 1190 3227 1228 xiv
3261 1173 3535 1244 paschalis

1958 1262 2144 1316 citima
2199 1261 2521 1317 Latinorum
2568 1273 2687 1319 erat
2737 1263 2915 1320 Martii
2970 1282 3125 1329 xviii,
3165 1266 3532 1321 remotissima

1959 1370 2049 1407 xvi
2098 1353 2321 1423 Aprilis,
2358 1371 2482 1411 cum
2530 1356 3009 1413 Alexandrinze‘et
3040 1358 3271 1415 Nicarnie
3311 1362 3536 1415 decimas

1957 1453 2166 1514 quarta:
2223 1460 2253 1498 a
2306 1462 2396 1499 χχι
2447 1445 2627 1501 Martii
2659 1448 2727 1503 ad
2774 1465 2866 1503 xiv
2906 1438 3141 1504 Kalend.
3182 1450 3374 1517 Maias,
3420 1452 3535 1505 sive

1958 1534 2089 1604 Apr.
2128 1551 2262 1589 xvm
2288 1536 2620 1605 pertineant.
2662 1535 2817 1604 Quod
2855 1554 2922 1593 ex
2961 1539 3101 1594 Beda
3124 1540 3407 1603 discimus,
3439 1540 3533 1611 qui

1957 1645 2077 1699 cap.
2128 1646 2255 1684 xux
2316 1630 2391 1684 De
2424 1640 2579 1701 temp.
2625 1640 2727 1684 rat.
2776 1629 3095 1686 Latinorum
3148 1631 3346 1687 refellit
3383 1646 3535 1687 erro-

1961 1738 2098 1785 rem,
2122 1738 2421 1793 eorumque
2452 1721 2697 1792 signiferi
2728 1721 3013 1791 Victorini,
3048 1741 3207 1795 quem
3230 1724 3531 1779 Victorium

1958 1814 2240 1879 nominat;
2282 1815 2441 1885 cujus
2471 1816 2636 1869 etiam
2658 1813 3023 1888 fragmentum
3054 1825 3234 1872 exstat
3264 1817 3317 1871 in
3339 1818 3532 1873 eodem

1959 1904 2115 1959 Beda:
2144 1906 2340 1976 capite.
2388 1905 2671 1961 Undenam
2719 1907 2885 1978 igitur
2924 1923 3178 1964 manasse
3227 1910 3529 1980 putandum

1958 2004 2061 2060 est,
2092 1998 2235 2065 quod
2279 1995 2455 2050 Latini
2494 1998 2654 2065 primi
2696 1998 2903 2053 mensis
2959 2000 3299 2055 neomeniam
3345 2000 3397 2054 in
3436 2016 3527 2054 xix

1959 2086 2134 2141 Martii
2201 2088 2606 2155 collocaverint,
2660 2090 2767 2144 nisi
2811 2105 2878 2144 ex
2915 2092 3156 2146 Anatolii
3190 2093 3432 2157 decreto,
3471 2104 3533 2147 ut

1960 2179 2178 2247 quidem
2207 2180 2368 2250 vulgo
2395 2189 2718 2246 conceptum
2754 2190 2838 2235 est
2876 2198 3025 2251 :quo
3065 2183 3297 2251 primum
3331 2184 3532 2238 Arietis

1961 2270 2269 2340 ingressum
2326 2274 2378 2326 in
2416 2289 2508 2326 xix
2543 2272 2719 2327 Martii
2760 2273 3030 2344 conjicere
3060 2275 3209 2330 visus
3244 2274 3364 2329 est?
3396 2274 3533 2330 Hinc

1961 2363 2108 2416 enim
2145 2364 2457 2433 paschalem
2508 2365 2802 2419 terminum
2851 2382 2973 2436 quae
3009 2365 3113 2420 fuit
3141 2366 3279 2435 apud
3310 2366 3534 2422 Latinos

1960 2469 2051 2519 xv,
2117 2472 2222 2509 non
2260 2472 2371 2522 xw,
2405 2456 2457 2510 in
2511 2455 2688 2510 Martii
2733 2473 2824 2511 xix
2871 2457 3239 2513 contulerunt.
3274 2454 3433 2523 Nam,
3479 2470 3537 2510 ut

1962 2546 2118 2599 initio
2152 2545 2286 2603 fassi
2321 2564 2533 2614 sumus,
2559 2550 2829 2604 obscurus
2870 2549 3163 2606 admodum
3202 2559 3255 2605 et
3294 2551 3535 2623 implica-

1961 2647 2051 2693 tus
2083 2649 2167 2694 est
2193 2640 2431 2694 Anatolii
2463 2641 2618 2695 locus
2650 2660 2664 2695 :
2690 2642 2958 2711 siquidem
3003 2643 3096 2697 illo
3135 2643 3255 2713 ipso
3287 2644 3395 2710 die,
3423 2662 3536 2715 quo

1962 2732 2350 2801 aequinoctium
2379 2734 2589 2798 statuit,
2626 2733 2802 2789 Martii
2830 2737 3080 2791 videlicet
3110 2753 3247 2801 χχιι,
3276 2748 3533 2807 quartum

1956 2822 2070 2892 jam
2111 2824 2271 2893 primi
2292 2826 2554 2895 segmenti
2578 2827 2805 2896 gradum
2831 2828 3078 2898 attigisse
3103 2829 3275 2884 solem
3312 2830 3533 2885 indicat.

1959 2913 2075 2970 Hoc
2100 2926 2280 2971 autem
2298 2926 2634 2987 segmentum
2660 2918 2895 2986 primum
2921 2919 3410 2991 δωδεκατημόριον,
3442 2926 3537 2977 καὶ

1962 3006 2147 3078 μηνῶν
2179 3009 2352 3079 ἀρχήν
2388 3018 2545 3063 vocat
2577 3028 2589 3063 :
2618 3009 2679 3061 τὸ
2705 3010 2761 3063 δὲ
2797 3009 2903 3080 πρὸ
2924 3011 3133 3074 τούτου,
3170 3013 3353 3084 μηνῶν
3378 3015 3538 3085 ἔσχα-

281 3105 391 3159 τῶν
416 3106 780 3179 διαὸατηρξων
806 3108 965 3180 ἑορτῇ
996 3110 1072 3181 μὴ
1108 3111 1267 3182 μόνον
1292 3112 1384 3165 τὸν
1412 3112 1562 3183 ἥλιον
1586 3113 1647 3166 τὸ
1670 3115 1859 3186 ἰσημε-

1962 3111 2071 3160 τον,
2111 3096 2206 3150 καὶ
2233 3097 2426 3168 τμῆμα
2454 3096 2773 3154 δωδέκατον.
2809 3097 2949 3169 Ergo
2976 3110 3029 3155 et
3072 3110 3182 3156 tres
3213 3102 3290 3155 illi
3311 3104 3532 3173 gradus,

287 3199 431 3271 ρινδν
450 3198 890 3271 διαπορεύεσθαι.
912 3199 1114 3256 Deinde
1133 3218 1201 3257 ne
1228 3203 1329 3257 hoc
1348 3204 1567 3271 quidem
1590 3206 1779 3271 voluit,
1804 3208 1861 3261 in

283 3291 760 3361 aquiuoctialibus
785 3293 1004 3362 punctis
1017 3293 1268 3363 opposita
1292 3295 1394 3349 sibi
1423 3296 1650 3351 invicem
1680 3298 1861 3355 sidera

284 3384 375 3437 illa
397 3398 520 3439 esse
547 3393 833 3453 oportere;
868 3384 960 3439 sed
987 3386 1046 3438 ὲν
1069 3387 1342 3457 τμήμασι,
1375 3402 1497 3457 quae
1521 3388 1859 3446 latitudinem

288 3477 489 3530 habent
514 3493 543 3529 ε·
569 3486 628 3532 ut
660 3477 913 3533 videlicet
938 3480 991 3532 in
1020 3480 1199 3549 primo
1221 3480 1432 3536 zodiaci
1469 3493 1771 3553 segmento,
1806 3492 1865 3538 et

286 3569 340 3622 in
393 3567 514 3635 ejus
567 3567 749 3637 aliqua
811 3577 964 3637 parte
1002 3568 1106 3632 sol,
1163 3569 1291 3623 luna
1349 3584 1477 3624 vero
1514 3570 1567 3623 in
1627 3572 1863 3639 septimo

283 3666 555 3714 versetur.
581 3657 826 3728 Denique
851 3658 1063 3727 quoties
1085 3660 1476 3729 aiquinoctium
1503 3661 1558 3716 in
1586 3678 1695 3717 χιιι
1717 3662 1861 3717 diem

285 3750 499 3814 incidit,
531 3767 640 3806 non
683 3760 769 3807 est
816 3767 1040 3807 necesse
1092 3768 1185 3806 xiv
1245 3753 1453 3816 lunam,
1486 3762 1580 3809 aut
1624 3770 1692 3809 xv
1732 3772 1858 3810 cum

283 3858 352 3899 eo
388 3858 739 3899 concurrere.
772 3843 827 3898 ld
849 3844 993 3898 enim
1022 3852 1135 3898 toto
1170 3843 1223 3897 in
1262 3843 1415 3914 cyclo
1450 3852 1661 3899 tantum
1694 3848 1862 3901 semel

283 3936 535 3991 accidere
562 3946 758 4005 potest.
778 3935 919 4005 Quid
946 3944 1127 3991 autem
1168 3935 1481 4003 absurdius,
1521 3952 1685 4008 quam
1720 3941 1864 3994 Ana-

284 4026 477 4081 tolium
502 4026 757 4080 arbitrari
780 4025 848 4082 de
871 4042 939 4082 eo
961 4036 1174 4081 tantum
1192 4028 1557 4095 equinoctiali
1574 4029 1661 4084 die
1691 4028 1859 4099 loqui,

286 4117 379 4184 qui
419 4132 530 4171 non
586 4118 840 4188 amplius,
877 4135 1044 4189 quam
1094 4121 1263 4175 semel
1306 4130 1421 4175 toto
1457 4122 1862 4177 deeemnoven-

286 4208 396 4261 nali
436 4208 592 4276 cyclo
633 4211 809 4279 possit
854 4212 1216 4283 contingere?
1250 4212 1477 4269 Frustra
1513 4215 1679 4284 igitur
1718 4216 1862 4272 alius

285 4300 407 4369 ejus
433 4300 557 4364 loci,
615 4302 659 4357 si
689 4301 906 4368 quidem
934 4304 1159 4359 minime
1191 4306 1489 4363 mendosus
1519 4317 1624 4372 est,
1661 4323 1859 4363 sensus

282 4394 550 4461 quaeritur
583 4395 653 4449 ab
691 4410 777 4461 eo,
810 4411 973 4465 quem
1002 4397 1118 4466 ipsa
1146 4413 1256 4467 pra
1283 4413 1344 4453 se
1370 4399 1533 4453 verba
1559 4398 1765 4462 ferunt,
1801 4409 1863 4455 ut

1961 3204 2102 3258 quos
2126 3189 2302 3244 Martii
2322 3206 2433 3249 χιχ.
2463 3206 2555 3255 xx,
2587 3206 2700 3255 xxi,
2726 3192 2810 3246 sol
2839 3192 3080 3259 conficit,
3112 3208 3238 3248 cum
3268 3194 3323 3248 in
3358 3196 3536 3265 primo

1963 3291 2243 3353 segmento
2294 3283 2426 3349 sint,
2479 3293 2534 3340 et
2561 3293 2710 3339 extra
2762 3294 3122 3354 postremum,
3174 3287 3241 3342 ad
3288 3303 3532 3345 mensem

1962 3378 2201 3445 primum
2269 3376 2563 3445 pertinent.
2636 3375 2904 3444 Quocirca
2958 3380 3302 3450 prorOganda
3373 3392 3536 3438 erunt

1964 3468 2168 3523 mensis
2198 3468 2358 3539 primi
2388 3470 2585 3537 spatia,
2621 3478 2680 3523 ut
2716 3484 2810 3524 xix
2839 3470 2981 3524 diem
3008 3472 3171 3526 etiam
3200 3473 3538 3543 amplectan-

1965 3568 2074 3616 tur.
2108 3558 2178 3614 Et
2226 3576 2353 3616 cum
2402 3560 2659 3630 subiicit:
2693 3578 2801 3618 non
2834 3563 3181 3619 mediocriter
3210 3565 3533 3623 hallucinari

1962 3664 2058 3707 eos
2081 3666 2294 3715 omnes,
2323 3652 2415 3721 qui
2435 3653 2670 3722 primum
2702 3669 2968 3719 mensem,
3013 3665 3069 3710 et
3102 3672 3192 3710 xiv
3224 3658 3531 3725 paschali-ni

1964 3744 2017 3797 in
2038 3743 2230 3797 ultimo
2248 3743 2340 3796 illo
2358 3753 2638 3814 segmento
2649 3745 2941 3811 collocant,
2964 3746 3102 3799 intra
3120 3747 3355 3818 primum
3372 3747 3535 3802 δωδε-

1964 3836 2323 3907 κατημόριον,
2358 3836 2462 3890 hoc
2510 3846 2595 3892 est
2620 3853 2648 3890 a
2674 3853 2766 3892 xix
2807 3836 2981 3892 Martii
3030 3840 3132 3893 rite
3168 3855 3257 3894 xiv
3288 3840 3536 3896 inchoari

1962 3942 2123 3997 posse
2160 3927 2449 3998 significat.

2034 4021 2223 4090 itaque
2247 4035 2438 4089 parum
2466 4019 2580 4075 haec
2607 4020 2883 4076 cohaerere
2931 4022 3201 4077 videntur.
3227 4023 3331 4080 Sed
3364 4036 3422 4080 ut
3444 4027 3537 4081 ob-

1963 4115 2179 4169 scurior
2227 4114 2498 4185 appendix
2550 4114 2637 4167 illa
2685 4114 2776 4179 sit,
2826 4124 2991 4185 caput
3047 4116 3222 4185 ipsum
3252 4120 3527 4187 opinionis

1964 4206 2352 4276 propemodum
2383 4212 2597 4261 constat
2652 4224 2665 4258 :
2708 4206 2966 4261 nimirum
3006 4209 3282 4264 cardinem
3329 4221 3381 4267 et
3405 4227 3534 4282 epo-

1962 4299 2123 4352 cham
2155 4298 2283 4352 anni
2309 4313 2383 4352 χιι
2413 4312 2532 4353 esse
2564 4295 2763 4360 Martii,
2798 4314 2960 4369 quam
2994 4309 3049 4354 et
3076 4302 3320 4372 κεφαλὴν
3348 4305 3534 4357 ἐννεα-

1962 4391 2338 4464 δεκαετηρίδος
2358 4401 2536 4447 vocat.
2565 4390 2735 4464 Igitur
2761 4394 3333 4467 ἐννεακαιδεκαετηρίς
3361 4414 3538 4468 neque

284 4486 590 4557 ingressum
622 4487 677 4541 in
701 4486 944 4543 Arietem
976 4488 1263 4545 Anatolius
1284 4489 1340 4544 in
1372 4488 1550 4545 Martii
1602 4508 1693 4547 xix
1726 4507 1853 4547 con-

1968 4484 2039 4537 ab
2088 4482 2321 4538 Eusebio
2370 4493 2605 4552 reperta,
2653 4492 2713 4539 ut
2749 4483 2893 4540 Beda
2950 4486 3045 4540 lib.
3083 4486 3161 4541 De
3209 4497 3364 4557 temp.
3428 4503 3535 4545 rat.

286 4579 498 4634 tulerit.

357 4670 476 4737 Qua
504 4686 572 4725 ex
609 4670 867 4740 opinione
910 4672 1057 4729 aliud
1099 4674 1375 4743 quoddam
1410 4676 1653 4746 πόρισμα
1706 4675 1861 4745 sequi

284 4764 525 4825 videtur.
557 4764 702 4834 quod
742 4764 830 4820 hic
864 4766 1056 4835 paucis
1088 4768 1361 4836 explicare
1408 4783 1589 4838 operae
1627 4770 1859 4838 pretium

283 4858 542 4912 arbitror.
601 4856 759 4925 Quod
817 4858 960 4912 enim
1010 4874 1076 4913 ex
1116 4859 1350 4916 Anatolii
1394 4862 1574 4917 verbis
1612 4861 1860 4925 eﬂicilur,

284 4956 547 5020 punctum
594 4948 771 5017 ipsum
796 4948 896 5019 τῆς
925 4948 1161 5020 παρόδου
1192 4950 1245 5004 in
1290 4950 1492 5006 Arietis
1521 4960 1861 5021 segmentum

284 5041 582 5095 convenire
600 5038 777 5095 Martii
803 5056 915 5107 xix,
932 5043 1200 5112 suspicari
1221 5042 1347 5097 licet
1365 5040 1742 5098 Occidentales
1761 5042 1865 5111 ple-

282 5146 488 5202 rosque
508 5146 574 5186 ac
598 5130 823 5187 Latinos
850 5133 1114 5202 epocham
1145 5136 1295 5195 anni,
1331 5136 1446 5190 sive
1475 5134 1636 5205 primi
1656 5134 1864 5190 mensis

285 5226 630 5278 nemneniam
696 5226 748 5278 in
805 5240 895 5279 xix
932 5224 1109 5280 Martii
1146 5228 1479 5294 contulisse;
1520 5227 1705 5296 itaque
1743 5226 1864 5281 citi—

285 5331 434 5367 mum
491 5316 785 5370 terminum
851 5317 905 5370 in
959 5332 1027 5371 eo
1076 5319 1164 5373 die
1209 5319 1414 5385 fixisse,
1458 5321 1537 5373 uti
1577 5320 1864 5373 Anatolius

282 5406 338 5458 in
369 5421 506 5459 xxii.
546 5404 682 5461 Nam
730 5406 910 5462 Latini
943 5409 1038 5463 diu
1077 5411 1447 5466 Alexandrino
1474 5413 1628 5483 cyclo
1661 5416 1864 5485 rejecto

281 5491 569 5549 Judaicum
625 5498 1005 5554 retinuerunt:
1042 5501 1137 5571 qui
1170 5502 1383 5557 lunaris
1404 5520 1433 5558 a
1464 5503 1608 5560 Beda
1653 5515 1709 5561 et
1737 5508 1865 5562 aliis

282 5586 510 5652 dicitur,
565 5600 620 5643 et
670 5590 905 5645 triennio
942 5593 1127 5649 diliert
1172 5595 1242 5649 ab
1278 5596 1670 5655 Alexandrino.
1725 5598 1861 5654 Nam

284 5678 778 5737 Alexandrinorum
818 5685 1029 5752 primus
1084 5696 1169 5740 cst
1209 5703 1317 5742 xvii
1378 5688 1729 5756 Latinorum;
1772 5708 1863 5746 χιχ

284 5781 467 5825 autent
500 5773 1019 5837 Alexandrinorum,
1060 5775 1378 5832 Latinorum
1408 5791 1493 5835 est
1532 5798 1659 5845 xw;
1693 5792 1744 5833 (οι
1769 5797 1863 5835 rut

614 5873 881 5932 Parnm.
929 5875 1045 5933 (in.
1100 5875 1143 5933 Χ
1161 5876 1228 5933 Ll
1244 5878 1286 5935 l.

1967 4592 2091 4645 cap.
2127 4575 2217 4639 42,
2250 4590 2425 4645 neque
2460 4591 2490 4630 a
2513 4574 2733 4631 Nicaeno
2764 4577 3019 4643 concilio,
3046 4587 3104 4633 ut
3128 4580 3351 4649 quidam
3387 4598 3539 4638 asse-

1966 4677 2117 4732 runt,
2144 4684 2267 4723 cum
2299 4668 2585 4724 Anatolius
2621 4669 2744 4738 ejus
2783 4670 3115 4737 meminerit,
3148 4687 3213 4726 ac
3241 4673 3331 4728 diu
3362 4684 3537 4731 antea

1966 4762 2179 4816 Metone
2198 4770 2253 4815 et
2285 4760 2617 4816 Euctemone
2644 4763 2879 4831 primum
2915 4765 3222 4835 excogitata
3256 4764 3440 4831 fuerit,
3480 4780 3540 4821 ut

1967 4852 2235 4908 Diodorus
2248 4852 2486 4914 Siculus.
2510 4853 2772 4909 Geminus
2791 4864 2845 4908 et
2865 4854 3197 4911 Censorinus
3242 4855 3536 4912 afﬁrmant.

1964 4947 2291 5015 Quanquam
2334 4946 2439 4999 alia
2476 4945 2685 5001 lunaris
2731 4946 2860 5000 anni
2904 4962 2968 5001 ac
3001 4948 3272 5003 mensium
3303 4950 3537 5018 disposi-

1967 5038 2043 5092 tio
2094 5045 2210 5090 tum
2270 5036 2391 5091 fuit.
2436 5037 2776 5106 Quapropter
2836 5038 3134 5093 verisimile
3191 5048 3275 5095 est
3327 5039 3538 5095 Latinis

1968 5130 2114 5184 hunc
2160 5128 2397 5183 Anatolii
2450 5129 2627 5184 locum
2658 5129 2834 5183 fraudi
2882 5127 3052 5185 fuisse
3088 5132 3275 5199 :atqui
3310 5131 3539 5185 ridicule

1967 5222 2259 5278 admodum
2284 5222 2591 5293 paschalem
2621 5222 2768 5277 illum
2796 5239 2955 5277 suum
2999 5238 3263 5279 canonem
3294 5226 3539 5293 condidit

1967 5312 2306 5376 Victorinus,
2334 5330 2443 5368 non
2476 5314 2676 5380 solum,
2702 5316 2846 5385 quod
2874 5314 3082 5371 Pascha
3117 5331 3204 5373 xvr
3240 5318 3365 5371 luna
3398 5316 3537 5371 dun-

1970 5413 2122 5459 taxat
2142 5404 2405 5459 celebrari
2451 5404 2662 5474 jubeat,
2697 5406 2843 5475 quod
2891 5409 3089 5462 cauoni
3129 5416 3413 5478 repugnat,
3448 5423 3540 5462 ve-

1969 5512 2088 5550 rum
2114 5498 2278 5551 etiam
2309 5495 2454 5565 quod
2490 5497 2710 5552 inutiles
2736 5498 2945 5567 aliquot
2967 5500 3229 5554 terminos
3245 5508 3301 5554 et
3328 5500 3539 5554 otiosos

1968 5590 2236 5645 habuerit.
2271 5588 2455 5645 Prima
2510 5591 2728 5646 illorum
2776 5608 2871 5645 xiv
2918 5590 3042 5658 fuit,
3096 5603 3155 5647 ut
3193 5593 3397 5647 dictum
3431 5601 3538 5652 est,

1970 5681 2147 5737 Martii
2199 5698 2355 5746 xvnt,
2407 5683 2618 5738 decima
2664 5684 2853 5753 quinta
2914 5698 3045 5738 vero
3075 5685 3249 5753 prima
3289 5683 3526 5739 omniuu‘

1969 5775 2146 5830 Martii
2195 5792 2311 5841 xix,
2338 5792 2499 5845 quem
2529 5787 2582 5830 et
2613 5776 2901 5831 terminum
2944 5778 3197 5832 tlxcrunt.
3248 5776 3313 5831 Et
3359 5787 3538 5833 tamen

3148 5874 3225 5933 32
