4054 6404
550 329 571 381 ι
587 328 686 382 003

1687 329 2032 386 APPENDIX
2077 329 2712 389 DlSSERTATlONUM.

3662 331 3792 385 100$

548 461 822 516 nunquam
855 459 977 502 ante
1013 465 1126 504 xxtt
1179 450 1388 506 Pascha
1425 449 1812 516 celebrabant;
1856 465 1979 503 cum
2010 449 2100 504 citi

2230 449 2422 514 εἰκάδι,
2456 449 2618 521 ἐνάτῃ
2651 467 2743 503 και
2784 451 2958 505 εἰκάδι
2991 448 3298 520 scripseris,
3325 447 3622 502 bellissime
3653 447 3793 502 hunc

547 559 696 596 mmn
725 541 934 596 Pascha
965 543 1214 598 debuerit
1261 559 1382 598 esse
1411 541 1717 596 xx'Martii.
1747 541 1927 606 Quare
1945 550 2038 594 aut
2069 541 2123 594 in

547 649 662 688 nu
697 635 880 689 lunam
913 635 1304 704 prorogabant,
1328 636 1494 690 autin
1523 633 1824 688 secundum
1858 647 2120 688 mensem.

547 725 780 780 Causam
809 726 972 796 hujus
1001 727 1370 782 stolidissime
1391 725 1619 781 rationis
1643 725 1784 780 Beda
1803 734 1955 796 putat
1981 741 2121 790 esse,

545 817 690 886 quod
707 827 834 872 ante
861 819 1250 888 aequinoctium
1271 819 1547 874 celebrare
1577 817 1822 888 religioni
1840 817 2120 872 ducerent.

545 908 657 977 Ego
681 926 810 964 vero
842 927 964 964 cum
995 912 1256 974 Anatolii,
1287 921 1400 966 tum
1425 911 1779 966 Ctesariensis
1836 927 1900 964 ac
1919 908 2120 964 Nicaeui

544 1004 760 1058 concilii
790 1003 1010 1060 decreto
1037 1005 1288 1074 paruisse
1317 1005 1442 1058 illos
1472 1005 1730 1068 arbitror,
1777 1021 1956 1074 neque
1987 1019 2123 1074 prte-

544 1095 779 1164 scriptos
835 1095 902 1150 ab
951 1097 1080 1158 illis.
1123 1111 1188 1150 ac
1222 1097 1500 1151 communi
1549 1110 1820 1152 consensu
1871 1105 2122 1164 receptos

541 1185 829 1244 l'aschalis
864 1189 1066 1244 limites
1097 1190 1404 1260 transgredi
1447 1203 1612 1244 ausos
1643 1203 1765 1242 esse
1803 1203 1815 1238 :
1854 1197 2029 1254 atque-
2049 1187 2122 1240 ita

541 1273 747 1332 Paulus
792 1277 1108 1348 Forosemp.
1150 1279 1309 1347 cujus
1351 1287 1406 1332 tu
1440 1278 1531 1332 lib.
1563 1295 1594 1332 v
1629 1277 1874 1338 consule.
1913 1276 2001 1330 ubi
2033 1276 2124 1329 ali-

543 1375 676 1434 quot
698 1367 944 1438 exempla
977 1369 1313 1437 paschalium
1359 1367 1696 1440 διαστροφῶν
1728 1383 1790 1421 ac
1818 1367 2120 1422 dissensio-

543 1475 674 1512 num
707 1461 982 1528 proponit.

613 1549 898 1604 Postremo
931 1552 1094 1606 etiam
1147 1561 1310 1620 atque
1344 1550 1506 1604 etiam
1564 1549 1884 1614 videndum,
1920 1564 1986 1602 an
2019 1547 2119 1601 Ju-

542 1642 666 1708 daei,
703 1644 794 1712 qui
825 1643 1113 1714 Epiphanii
1149 1653 1389 1714 tempore
1427 1647 1703 1710 vixerunt,
1745 1644 1795 1695 in
1825 1659 1914 1696 xix
1941 1641 2020 1694 vel
2053 1655 2120 1694 xx

542 1729 718 1784 Martii
767 1733 1030 1800 cpocham
1085 1733 1210 1786 anni
1255 1731 1710 1802 :eqninoctiumve
1783 1731 2116 1794 statuerint;

2227 541 2406 596 locum
2435 543 2757 598 restitueris.
2795 542 3140 607 Invenimus,
3173 541 3370 612 inquit,
3393 542 3450 592 ὲν
3473 541 3538 610 τῇ
3575 555 3796 610 προκει-

2221 621 2363 702 ’μὲνῃ
2409 633 2673 704 Φαμενὼθ
2700 635 2864 706 ἐνάτῃ
2907 634 3000 688 καὶ
3035 633 3206 688 εἰκάδι
3237 635 3317 700 (ὲν
3343 634 3409 702 τῇ
3441 631 3790 702 προκειμένῃ,

2228 739 2388 790 quam
2423 723 2490 777 ad
2522 726 2944 794 oppugnandum
2977 725 3080 780 sibi
3109 731 3488 795 proposuerat,
3531 721 3793 790 cujusque

2226 815 2280 870 in
2316 817 2687 886 superioribus
2737 819 3079 884 meminerat)
3121 817 3290 872 solem
3325 831 3374 868 tv
3407 815 3520 884 jam
3568 813 3707 866 diem
3743 814 3794 865 in

2227 919 2510 978 segmento
2535 909 2738 964 Arietis
2759 910 3112 978 processisse.
3131 907 3333 962 Firmat
3359 907 3502 960 hanc
3523 904 3764 974 conjecta
3779 935 3796 944 -

2225 1013 2341 1052 ram
2377 1011 2650 1064 nostram,
2673 999 2818 1070 quod
2849 999 3161 1055 Anatolium
3193 1007 3400 1055 certum
3431 1005 3516 1051 est
3541 997 3606 1050 de
3627 997 3792 1065 aequi-

2225 1092 2448 1146 noctiali
2497 1103 2737 1162 tempore
2805 1107 3040 1147 canones
3095 1093 3217 1148 illos
3279 1091 3602 1145 instituisse.
3657 1088 3792 1142 Hinc

2224 1179 2562 1252 Nicephorus
2605 1183 2699 1238 lib.
2740 1199 2812 1247 rt,
2847 1199 2966 1252 cap.
3011 1181 3080 1237 36
3118 1201 3130 1236 :
3165 1183 3273 1236 Καὶ
3307 1181 3436 1252 περὶ
3468 1181 3564 1248 τῆς
3604 1181 3790 1249 ἰσημε-

2228 1267 2347 1338 ρίας
2393 1265 2483 1319 τοῦ
2527 1267 2717 1337 Πάσχα.
2756 1266 3180 1337 ἀκριϐεστάτους
3225 1267 3383 1338 ὅρους
3419 1263 3680 1327 ὑπέδειξε.
3717 1260 3793 1315 Dc

2225 1357 2536 1426 (equinoctio
2583 1359 2824 1428 paschali
2853 1359 3283 1413 accuratissima:
3332 1373 3554 1410 canones
3599 1354 3792 1407 sanxit.

2223 1447 2486 1504 Videlicet.
2518 1465 2640 1504 cum
2693 1451 2786 1516 id,
2837 1449 2982 1520 quod
3037 1451 3089 1504 in
3141 1449 3467 1506 Cmsariensi
3513 1446 3718 1518 synodo
3761 1459 3794 1498 a

2225 1537 2528 1609 Tbeophilo
2557 1542 2735 1596 habita
2769 1543 3111 1612 propositum
3159 1541 3358 1605 fuerat,
3407 1541 3569 1609 vulgo
3605 1553 3792 1592 omnes

2225 1631 2624 1701 opinarentur,
2677 1635 3066 1704 aequinoctium
3125 1649 3234 1689 xxv
3285 1633 3464 1689 Martii
3505 1633 3790 1694 committi,

2225 1725 2327 1780 hoc
2383 1726 2560 1795 ipsum
2623 1729 2902 1798 corrigens
2948 1728 3234 1783 Anatolius
3281 1725 3670 1796 aequinoctium
3721 1739 3788 1777 ex

540 1824 688 1892 quod
747 1821 1083 1892 Epiphanius
1115 1825 1180 1879 ad
1211 1793 1416 1878 Christi
1469 1833 1712 1894 tempora
1752 1822 2113 1880 transferens.
2154 1793 2193 1846 Β
2224 1815 2566 1873 Ptolemaicis
2595 1820 3088 1889 astronomicisque
3125 1819 3370 1874 fontibus
3396 1820 3450 1872 in
3475 1833 3586 1872 xxtt
3617 1813 3792 1869 Martii

541 1929 688 1968 anno
727 1915 838 1982 illo,
871 1931 981 1984 quo
1033 1931 1227 1986 passus
1251 1926 1354 1982 est,
1398 1913 1688 1970 crediderit
1721 1915 2110 1983 aequinoctium

539 2006 596 2060 in
623 2007 811 2062 eodem
841 2009 1063 2064 haesisse
1086 2011 1195 2074 die,
1221 2026 1331 2080 quo
1367 2010 1562 2064 abillis
1598 2025 1698 2064 suo
1732 2019 1970 2078 tempore
2003 2019 2115 2062 sta-

539 2107 714 2152 tutum
772 2099 1003 2154 videbat.
1050 2091 1364 2154 Cum'enitn
1418 2098 1609 2164 Judaei,
1663 2109 1720 2152 ut
1762 2115 1827 2152 ex
1849 2087 2115 2165 'Josepho,

537 2187 786 2254 Philone,
809 2201 862 2244 et
889 2193 954 2246 iis
983 2193 1386 2262 antiquioribus
1409 2191 1758 2256 Aristobulis,
1789 2197 1844 2242 et
1877 2189 2115 2258 Agatho-

537 2279 667 2334 bnlo
721 2291 956 2348 constat,
989 2299 1095 2336 non
1135 2294 1262 2336 ante
1293 2283 1678 2350 aequinoctium
1711 2281 1918 2335 Pascha
1953 2297 2112 2335 suum

533 2369 812 2424 celebrare
842 2373 1129 2436 voluerint,
1163 2382 1370 2426 certum
1402 2373 1470 2426 sit
1493 2379 1672 2424 autem
1700 2363 1901 2424 annum
1938 2388 2028 2424 xix
2059 2381 2114 2425 et

535 2475 629 2514 vm
654 2461 810 2534 cycli,
838 2463 930 2532 qui
948 2464 1330 2518 Alexandrinis
1352 2465 1726 2518 embolimaeus
1747 2471 1883 2524 erat,
1907 2459 2114 2518 Iudicis

531 2565 878 2605 communem
897 2553 1192 2618 exstitisse,
1213 2553 1542 2624 conjecturae
1565 2553 1716 2607 locus
1743 2554 1843 2617 est,
1867 2567 1895 2606 a
1919 2549 2113 2606 iudicis

533 2641 846 2711 aequinoctii
896 2643 1038 2698 diem
1104 2647 1264 2714 paulo
1305 2655 1429 2700 ante
1477 2643 1696 2700 Nicaena
1753 2654 2018 2713 tempora,
2059 2653 2112 2697 et

535 2733 838 2788 secundum
865 2749 948 2798 ea.
983 2751 1072 2790 xtx
1109 2735 1284 2790 Martii
1313 2737 1574 2791 tributum
1609 2735 1798 2792 fuisse.
1837 2735 2010 2802 Quam
2045 2737 2112 2788 ab

535 2820 644 2876 illis
671 2825 980 2894 opinionem
1017 2827 1193 2882 Latini
1229 2843 1338 2881 una
1377 2843 1500 2882 cum
1535 2827 1714 2882 lunari
1747 2829 1898 2898 cyclo
1943 2831 2111 2882 tradi-

535 2925 646 2968 tam
663 2919 996 2986 acceperint,
1017 2919 1256 2973 Anatolii
1283 2921 1580 2988 praesertim
1609 2920 1932 2974 auctoritate
1963 2919 2108 2984 freti,

533 3011 626 3084 qui
680 3011 915 3082 primum
965 3011 1165 3065 Arietis
1207 3011 1508 3080 ingressum
1546 3011 1734 3064 eodem
1771 3011 1860 3064 illo
1883 3009 1968 3064 die
1997 3011 2110 3064 col-

533 3105 716 3158 locare
746 3103 893 3156 visus
915 3111 1019 3156 est.
1049 3101 1190 3155 Sane
1223 3117 1330 3157 non
1375 3101 1478 3154 alia
1519 3100 1851 3170 probabilior
1891 3101 2109 3154 investi-

533 3195 646 3264 gari
699 3211 864 3250 causa
917 3203 1114 3262 potest,
1173 3209 1272 3247 cur
1317 3193 1401 3245 vel
1435 3189 1628 3258 Judaei,
1667 3192 1751 3245 vel
1781 3189 1959 3245 Latini
1998 3204 2109 3246 tam

533 3287 815 3358 praefracte
841 3286 1080 3340 decimas
1118 3293 1343 3354 quartas
1381 3285 1434 3338 in
1475 3283 1652 3337 Martii
1687 3299 1819 3338 xvm
1869 3283 2111 3338 retinue-

533 3379 665 3444 rint,
690 3377 794 3432 nisi
820 3377 963 3448 quod
989 3375 1373 3446 aequinoctium
1416 3377 1580 3430 citius
1622 3373 1912 3437 committi,
1945 3389 2106 3444 quam

532 3469 916 3525 Alexandrinis
969 3469 1267 3538 placuerat,
1337 3467 1472 3522 falso
1528 3467 1632 3523 sibi
1681 3466 2104 3536 persuasissent.

545 3559 755 3628 Quippe
784 3572 906 3612 cum
936 3567 987 3609 et
1007 3553 1312 3609 Judzeorum
1339 3553 1550 3608 Pascha
1577 3554 1629 3606 in
1663 3555 1837 3621 ipsum
1865 3551 2108 3620 :equino—

489 3653 494 3660 '
533 3651 622 3704 etii
655 3659 936 3720 punctum,
965 3655 1059 3701 aut
1083 3647 1328 3715 proxime
1355 3646 1546 3700 saltem
1574 3659 1638 3698 ex
1674 3643 1894 3698 decreto
1924 3641 2106 3694 senio-

533 3757 652 3795 rum
712 3739 951 3794 incidere
1011 3747 1285 3808 0portcat;
1341 3737 1515 3790 Latini
1573 3751 1701 3790 vero
1743 3743 1863 3806 post
1903 3731 2106 3786 Nicmni

533 3831 748 3887 concilii
804 3831 1138 3886 sanctionem
1197 3829 1506 3899 paschalem
1581 3829 1874 3883 terminum
1917 3825 2106 3880 tandin

528 3932 656 3979 ante
699 3925 1084 3993 aequinoctium
1131 3923 1358 3978 delinire
1401 3921 1555 3976 nefas
1602 3935 1724 3976 esse
1763 3919 2102 3975 didicissent.

533 4039 737 4104 Altera,
787 4048 837 4093 et
886 4038 1207 4108 probabilior
1241 4039 1303 4090 de
1347 4025 1586 4118 Anatolii
1634 4035 1748 4088 loco
1795 4035 2104 4104 conjectura

1139 4115 1472 4176 proponitur.

603 4199 706 4253 Sed
739 4200 852 4254 haee
902 4209 1082 4253 nostra
1114 4198 1429 4266 conjectura
1462 4195 1506 4249 si
1553 4196 1734 4248 minus
1761 4193 2103 4248 eruditorum

531 4290 814 4343 hominum
864 4291 1238 4343 assensionetn
1287 4287 1600 4347 obtinuerit,
1655 4283 1914 4338 invidiam
1957 4293 2106 4337 certe

530 4396 596 4435 ac
623 4379 1099 4450 reprehensionem
1133 4396 1238 4432 non
1273 4389 1538 4433 meretur.
1572 4367 1692 4443 Quo
1725 4375 1942 4430 lectoris
1974 4391 2106 4430 can-

2226 1911 2529 1964 transtulit.
2567 1909 2725 1966 Vides
2759 1911 2860 1966 levi
2917 1913 3120 1967 voculae
3161 1912 3324 1966 unius
3357 1911 3790 1966 commutatione

2224 2011 2426 2068 quanta
2461 2001 2878 2070 impeditissimo
2927 2003 3059 2057 huic
3095 2003 3212 2058 loco
3263 2003 3356 2056 lux
3387 2003 3578 2056 oborta
3605 2002 3696 2064 sit,
3729 2009 3794 2054 ut

2225 2093 2420 2147 merito
2470 2093 2741 2162 posterius
2795 2093 2898 2150 hoc
2931 2094 3313 2160 verissimum,
3345 2105 3400 2149 et
3446 2096 3509 2150 ad
3555 2095 3792 2148 Anatolii

2223 2193 2458 2236 mentem
2507 2185 2853 2252 aptissimum
2903 2199 3024 2239 esse
3077 2185 3316 2258 judicem
3373 2185 3540 2239 :dua:
3591 2187 3794 2255 quippe

2223 2273 2503 2328 l’ascltatis
2545 2275 2866 2345 διαστροφαε
2915 2275 3141 2330 totidem
3192 2291 3259 2330 ex
3313 2276 3788 2346 aequinoctialibus

2223 2367 2471 2421 terminis
2507 2367 2560 2420 in
2603 2383 2765 2420 usum
2799 2367 3228 2422 ecclesiasticum
3263 2367 3626 2438 irrepserant;
3661 2383 3786 2420 nam

2222 2457 2312 2510 alii
2377 2473 2503 2510 cum
2549 2459 2916 2527 προηγήσεως
2961 2459 3228 2528 τροπικῆς
3285 2457 3460 2528 ignari
3509 2458 3790 2512 cardinem

2217 2565 2448 2603 vernum
2481 2549 2576 2614 ibi,
2612 2551 2698 2603 tibi
2730 2565 2760 2604 a
2821 2551 3086 2620 Sosigene
3127 2552 3292 2604 semel
3325 2553 3543 2620 positus
3591 2549 3792 2612 fuerat.

2220 2643 2540 2716 retinerent,
2587 2641 2796 2698 Pascha
2852 2651 2978 2697 ante
3025 2659 3128 2696 xxv
3173 2642 3353 2698 Martii
3401 2645 3790 2700 celebrandum

2219 2735 2444 2790 minime
2478 2737 2775 2806 putabant:
2826 2737 3027 2805 quibus
3057 2737 3270 2791 obviam
3327 2737 3459 2792 itum
3479 2745 3569 2793 "est
3607 2739 3792 2794 Caesa-

2219 2828 2416 2882 riensis
2449 2829 2670 2882 concilii
2704 2827 2942 2883 decreto.
2981 2829 3106 2891 Alii,
3137 2838 3197 2882 ut
3220 2829 3392 2885 Judaei
3429 2833 3788 2896 recentiores,

2218 2929 2270 2974 et
2302 2919 2394 2990 qui
2421 2917 2641 2976 Judzeos
2667 2921 3055 2990 sequebantur,
3079 2938 3203 2976 cum
3239 2923 3382 2978 haud
3413 2925 3576 2978 dubie
3615 2927 3792 2994 acqui-

2204 3013 2498 3078 ‘noetium,
2535 3013 2619 3067 vel
2671 3013 2976 3082 ingressum
3023 3015 3153 3068 solis
3199 3015 3252 3068 in
3307 3015 3539 3071 Arietem
3580 3018 3792 3088 aliquot

2217 3113 2342 3158 ante
2373 3104 2570 3158 diebus
2601 3105 2856 3159 accidere
2885 3115 3158 3174 putarent,
3203 3105 3414 3161 Pascha
3444 3125 3602 3162 suum
3647 3112 3792 3164 anti-

2214 3193 2484 3262 cipabant.
2517 3191 2788 3263 Utrosque
2808 3196 2859 3247 in
2891 3193 3038 3249 hisce
3069 3196 3368 3250 canonihus
3397 3195 3590 3252 refellit
3641 3201 3789 3253 Ana-

2213 3285 2375 3340 tolius
2406 3303 2419 3338 :
2467 3285 2682 3355 priores
2741 3287 2960 3354 quidem
2997 3303 3082 3349 ea,
3131 3303 3293 3356 quam
3323 3289 3580 3353 diximus,
3617 3293 3792 3361 acqui-

2213 3377 2379 3430 noctii
2407 3377 2612 3444 epocha
2643 3376 2882 3430 stabilita
2913 3395 2924 3430 :
2968 3379 3297 3446 posteriores
3327 3396 3476 3446 vero,
3511 3397 3638 3436 cum
3677 3385 3792 3437 dis—

2214 3472 2382 3535 putat
2423 3465 2658 3533 primum
2710 3481 2952 3520 mensem
2997 3467 3173 3535 primo
3205 3468 3450 3538 signiferi
3487 3471 3788 3526 dodecate—

2215 3557 2391 3610 morio
2411 3559 2656 3624 deliniri;
2692 3569 2854 3620 supra
2880 3573 3040 3626 quem
3073 3571 3405 3627 postremum
3437 3562 3509 3615 sit
3534 3578 3790 3632 segmen-

2213 3658 2348 3716 tum,
2379 3652 2690 3720 mensisque
2725 3659 3032 3720 postretnus
3064 3669 3078 3703 :
3121 3652 3172 3704 in
3201 3667 3309 3720 quo
3341 3655 3656 3722 paschalem
3689 3673 3788 3708 xiv

2211 3755 2426 3796 sumere
2455 3743 2713 3796 can0uica
2749 3744 2957 3797 sanetio
3010 3743 3284 3812 prohibet;
3323 3748 3470 3815 quia,
3509 3757 3568 3801 ut
3597 3749 3788 3802 hacte-

2211 3847 2316 3885 nus
2359 3833 2644 3900 probatum
2676 3841 2791 3894 est,
2843 3833 3065 3887 citimus
3107 3835 3372 3888 terminus
3431 3837 3484 3889 in
3536 3838 3786 3906 :equino-

2211 3924 2376 3976 ctium
2405 3925 2658 3978 incurrit.
2693 3924 2758 3977 Et
2789 3939 2846 3977 ιιι
2875 3927 3150 3994 posterior
3180 3929 3362 3982 cautio
3393 3929 3460 3982 ad
3491 3927 3710 3984 Judteos
3737 3943 3794 3984 et

2208 4013 2552 4070 Christianos
2613 4015 3009 4079 ἰουδαΐζοντας,
3071 4017 3260 4085 quales
3307 4017 3687 4074 Occidentales
3737 4031 3794 4074 et

2209 4105 2390 4160 Latini
2417 4107 2654 4173 fuerunt,
2683 4109 2902 4178 proprie
2927 4109 3159 4177 pertinet
3189 4129 3202 4162 :
3235 4110 3309 4164 ita
3343 4113 3493 4180 prior
3521 4112 3794 4167 adversus

2211 4197 2300 4250 illa
2329 4209 2552 4268 pugnat,
2573 4215 2694 4267 qua:
2722 4199 2773 4251 in
2805 4198 2952 4254 Actis
2985 4199 3339 4255 thsariensis
3363 4203 3560 4272 synodi
3589 4205 3794 4273 legun-

2209 4297 2300 4342 tur
2333 4308 2345 4342 :
2377 4305 2613 4358 quorum
2651 4289 3018 4359 fragmentum
3071 4292 3216 4360 apud
3261 4291 3460 4346 Bedam
3511 4297 3796 4363 reperitur

2208 4388 2330 4447 post
2373 4379 2612 4432 libellum
2663 4379 2740 4432 De
2793 4380 3128 4449 atquinoctio.
3177 4380 3236 4434 In
3289 4382 3486 4449 quibus
3539 4384 3792 4450 primum

531 4469 666 4524 dore
694 4477 748 4523 et
779 4470 1115 4523 humanitate
1148 4469 1387 4522 confisus
1420 4467 1580 4521 aliam
1614 4467 1681 4520 de
1727 4465 1830 4520 hoc
1857 4465 2096 4519 Anatolii
2137 4487 2179 4540 ο
2207 4471 2595 4539 ωψιίιιοριίιιιῃ
2653 4469 2830 4524 Martii
2879 4487 2986 4524 xxv
3037 4472 3428 4538 constituitur;
3479 4481 3598 4526 tum
3653 4489 3797 4527 vero

527 4559 652 4616 loco
707 4559 1074 4629 suspicionem
1116 4557 1412 4629 proferam,
1465 4573 1588 4627 qua:
1631 4557 1788 4618 mihi,
1827 4569 1951 4610 eum
1985 4555 2102 4608 haec

529 4653 849 4712 scriberem,
904 4649 1156 4704 veniebat
1183 4650 1234 4702 in
1266 4661 1520 4702 mentem.
1554 4645 1891 4701 Crediderim
1940 4645 2098 4714 equiv

528 4741 650 4794 dem
695 4741 744 4793 in
779 4741 866 4802 iis,
900 4755 1019 4808 quae
1057 4741 1237 4792 locum
1263 4739 1414 4792 illum
1447 4747 1875 4801 antecesserant,
1911 4737 2100 4807 dispu-

529 4842 675 4886 tasse
709 4833 971 4884 adversus
1021 4831 1142 4884 illos
1171 4829 1505 4894 Anatolium,
1536 4831 1629 4898 qui
1657 4839 1812 4883 vetus
1847 4830 2098 4899 aequino-

497 4929 500 4932 ’
528 4923 718 4986 ctium,
750 4923 852 4974 hoc
875 4919 1276 4982 estJuIianum,
1307 4920 1395 4973 die
1423 4919 1600 4973 Martii
1627 4935 1736 4972 xxv
1765 4919 2095 4984 retinebant,

495 5023 628 5068 ‘nec
661 5021 784 5066 ante
815 5029 910 5065 vrn
953 5013 1072 5065 Kal.
1109 5011 1368 5065 celebrari
1417 5009 1614 5065 festum
1663 5011 1935 5074 sinebant,
1975 5025 2096 5079 quae

525 5115 610 5158 est
651 5121 778 5158 xxix
831 5103 1209 5169 Phamenoth;
1254 5104 1551 5173 praesertim
1595 5104 1742 5173 quod
1777 5103 1966 5158 eodem
2010 5102 2098 5155 die

524 5197 806 5250 Christum
833 5197 1198 5250 resurrexisse
1223 5211 1540 5264 persuasum
1568 5195 1847 5259 haberent,
1876 5211 1938 5249 ex
1963 5211 2097 5250 con-

527 5287 639 5340 cilii
659 5287 1017 5342 Caesariensis
1045 5289 1170 5351 fide,
1199 5289 1264 5342 de
1281 5304 1391 5358 quo
1417 5297 1625 5356 postea.
1654 5287 1896 5353 Quorum
1925 5299 1985 5344 ut
2011 5305 2096 5344 er-

525 5393 702 5433 rorem
774 5381 1070 5449 corrigeret
1141 5379 1542 5435 mathematicis
1601 5383 2096 5451 astronomicisque

489 5471 793 5524 dot-trinis
843 5471 1142 5540 perpolitus
1215 5471 1531 5536 Anatolius,
1591 5473 1976 5540 aequinoctium
2040 5476 2092 5527 in

491 5583 494 5586 ·
526 5581 640 5618 xm
673 5563 848 5616 Martii
883 5564 1146 5616 committi
1183 5565 1383 5618 docuit.
1421 5563 1540 5629 Quo
1583 5565 1784 5632 posito,
1817 5581 1920 5616 xxv
1955 5563 2096 5620 Mar-

525 5655 610 5716 tii.
645 5655 758 5710 sive
803 5653 1141 5708 Pltamenoth
1177 5673 1328 5721 xxrx,
1352 5667 1607 5725 quartum
1641 5657 1752 5724 jatn
1789 5657 1840 5708 in
1891 5657 2096 5710 Arietis

532 5755 816 5816 augmento
845 5745 988 5798 diem
1028 5748 1153 5814 agit.
1193 5748 1558 5810 Quamobrem
1610 5749 1652 5799 si
1704 5761 1800 5814 pro
1835 5750 1966 5815 ἕκτῃ
2003 5747 2096 5798 καὶ

2211 4561 2468 4630 quoniam
2517 4561 2771 4616 Christus
2821 4562 3012 4615 eodem
3047 4561 3140 4614 illo
3171 4561 3544 4616 resurrexisse
3585 4562 3698 4626 die,
3735 4573 3796 4615 et

2205 4653 2275 4706 ab
2303 4668 2352 4704 xi
2388 4651 2507 4704 Kal.
2547 4667 2741 4716 passus
2768 4651 3113 4717 credebatur,
3144 4651 3265 4705 ideo
3294 4651 3536 4704 triduum
3579 4653 3646 4705 ad
3685 4667 3800 4721 pa—

2205 4743 2420 4796 schales
2470 4741 2729 4795 terminos
2781 4751 3102 4812 arrogatur,
3147 4757 3210 4796 ea
3257 4742 3374 4812 lege
3435 4743 3790 4812 praescripta,

2205 4843 2265 4886 ut
2294 4835 2362 4887 ab
2399 4849 2452 4886 ιιι
2491 4833 2608 4886 Kal.
2653 4833 2785 4902 Apr.
2827 4833 2892 4886 ad
2921 4850 2973 4886 χι
3011 4833 3128 4886 Kal.
3163 4833 3334 4887 Maias
3367 4833 3642 4898 paschalis
3695 4851 3794 4889 ce—

2205 4925 2430 4978 lebritas
2458 4924 2598 4976 obiri
2623 4925 2816 4992 possit.
2857 4940 2920 4994 nc
2953 4932 3161 4977 tantum
3189 4925 3452 4994 passionis
3476 4941 3798 4979 sacramen—

2205 5024 2317 5068 tum
2347 5025 2496 5068 extra
2527 4991 2748 5068 limitem
2781 4991 3118 5068 excludatur.

2276 5105 2381 5160 Sed
2409 5115 2466 5159 ut
2494 5105 2560 5158 de
2587 5106 2942 5175 synodalibus
2973 5105 3082 5160 illis
3109 5105 3260 5160 Actis
3287 5105 3464 5160 dicam
3491 5107 3642 5176 quod
3671 5123 3802 5163 sen-

2204 5198 2280 5252 tio
2320 5215 2333 5251 :
2375 5197 2480 5250 fuit
2515 5197 2660 5251 istud
2715 5198 2936 5266 quidem
2975 5199 3308 5266 provinciale
3350 5199 3652 5252 concilium
3705 5201 3804 5254 γε-

2201 5288 2370 5342 eloris
2393 5304 2546 5357 papa:
2569 5289 2726 5357 jussu
2753 5305 2782 5342 a
2816 5287 3118 5358 Theophilo
3143 5289 3472 5344 Caesariensi
3503 5301 3800 5354 coactura,

2201 5394 2311 5448 quo
2343 5389 2586 5447 tempore
2607 5383 2977 5436 controversia
3007 5382 3100 5436 illa
3130 5383 3197 5436 de
3225 5379 3497 5435 Paschate
3519 5382 3806 5436 Christia—

2201 5487 2332 5524 num
2361 5473 2552 5526 orbem
2589 5473 2940 5526 vehementer
2965 5474 3300 5544 exagitabat.
3335 5471 3443 5527 Sed
3497 5488 3608 5529 non
3667 5489 3804 5527 oni-

2201 5563 2314 5627 nia,
2351 5579 2472 5632 qua:
2509 5564 2562 5617 in
2587 5564 2740 5618 Actis
2769 5563 2879 5619 illis
2907 5565 3476 5634 comprehenduntur,
3513 5581 3620 5634 pro
3659 5561 3800 5620 ﬁdei

2200 5655 2436 5708 decretis
2463 5655 2710 5709 habenda
2741 5664 2900 5722 sunt;
2933 5671 3122 5710 verum
3157 5658 3400 5710 rationes
3456 5656 3730 5725 privatim
3777 5671 3806 5707 a

2201 5743 2455 5798 Pati-ibus
2487 5747 2660 5800 allatae
2699 5758 2830 5803 sunt
2865 5747 3152 5818 ploratque,
3201 5749 3400 5816 quibus
3455 5749 3810 5802 sententiam
