4054 6404
328 324 463 381 I005

1245 325 1334 383 DE
1373 324 1562 381 ANNO
1598 323 1687 379 ET
1727 322 1839 378 DIE
1879 321 2235 381 DOMINICAE
2275 321 2655 380 PASSIONIS.

3442 319 3580 378 ΝΜ

319 450 475 491 suam
505 435 863 504 illustrarent,
889 455 1011 511 qua:
1032 453 1138 494 non
1172 438 1304 509 ipsa:
1333 439 1476 495 inter
1496 438 1617 493 fidei
1642 437 1895 508 dogmata

2068 434 2188 491 Col.
2239 436 2344 491 954
2396 435 2456 490 D.
2497 436 2667 498 Ἢτις
2695 434 2971 503 ἐμπίπτει
3003 432 3100 488 διὰ
3159 430 3308 485 ἐτῶν
3381 430 3578 501 τριῶν.

319 537 633 581 censentur.
684 525 823 582 Tum
876 530 1020 600 quod
1054 528 1325 585 Eusebius
1370 529 1465 584 lib.
1528 545 1595 593 v,
1647 543 1767 598 cap.
1828 526 1900 580 ‘22

319 627 531 683 narrat,
564 634 660 689 per
712 620 853 676 idem
887 630 1105 687 tempus
1158 635 1280 674 cum
1325 619 1452 674 alibi
1505 619 1733 689 passim,
1781 626 1898 673 tum

318 706 513 765 Roma:
542 729 570 764 a
597 709 814 767 Victore
848 712 915 767 de
946 711 1135 767 eadem
1161 711 1460 782 quaestione
1490 710 1771 782 synodalia
1800 710 1898 765 de-

319 814 466 857 creta
504 804 650 860 edita
698 803 894 866 fuisse,
933 818 1057 875 qua:
1112 805 1166 858 in
1216 804 1460 859 eamdem
1510 808 1578 857 de
1628 801 1895 856 Paschate

320 894 652 951 celebrando
679 896 1065 966 conspirarent
1096 896 1448 957 sententiam,
1482 910 1592 948 non
1627 896 1707 948 sic
1740 894 1901 947 intel-

323 985 599 1054 ligendum
631 994 734 1050 est,
767 994 824 1040 ut
854 1001 972 1055 qua:
1000 986 1052 1039 in
1078 985 1228 1040 Actis
1259 985 1366 1038 illis
1393 985 1753 1055 allegarcntur
1782 997 1902 1035 om—

322 1076 412 1128 nia
469 1090 499 1129 a
554 1076 810 1144 pontifice
833 1104 837 1108 »
860 1073 1110 1129 Romano
1148 1074 1375 1144 probata
1426 1072 1556 1135 sint,
1594 1079 1647 1125 et
1682 1086 1780 1140 pro
1810 1085 1901 1123 ca-

322 1165 543 1222 tholicis
571 1166 922 1238 dogmatibus
955 1176 1207 1236 recepta;
1239 1167 1331 1221 sed
1361 1180 1424 1219 ea
1458 1166 1745 1226 duntaxat,
1778 1177 1901 1231 quae

324 1273 390 1311 ex
419 1257 574 1313 falsis
603 1259 712 1314 illis
738 1257 1022 1330 principiis
1054 1272 1334 1329 utcunque
1364 1255 1621 1322 deducta,
1655 1269 1782 1309 vera
1811 1269 1900 1309 so.

322 1351 543 1422 lidaque
596 1362 810 1423 reperta
847 1361 997 1408 sunt.
1043 1351 1365 1422 Cujusmodi
1422 1350 1736 1406 sanctiones
1796 1349 1902 1403 ilhc

324 1443 546 1498 fuerunt
583 1466 594 1500 :
632 1441 705 1499 Ut
736 1460 911 1514 neque
939 1447 994 1499 in
1040 1461 1132 1499 xw
1160 1446 1284 1499 luna
1333 1442 1540 1498 Pascha
1578 1441 1768 1506 tieret;
1801 1456 1902 1497 nec

321 1535 454 1596 alio,
487 1550 653 1605 quam
686 1534 977 1591 Dominico
1009 1534 1098 1590 die
1146 1552 1159 1588 :
1203 1535 1350 1605 quod
1383 1542 1503 1587 erat
1534 1532 1897 1602 propositum.

324 1625 576 1698 Reliqua,
612 1642 734 1697 qua:
759 1626 1054 1683 incidentia
1097 1624 1206 1680 dici
1251 1633 1502 1694 possunt,
1535 1637 1661 1678 cum
1700 1620 1899 1692 partim

322 1717 612 1786 perspicue
655 1717 816 1779 falsa,
850 1719 1046 1787 partim
1081 1716 1270 1779 dubia,
1299 1725 1355 1770 et
1396 1713 1784 1770 ecclesiasticis
1810 1726 1902 1767 ca-

2008 525 2269 598 Keplerus
2311 521 2454 600 ᾗτινι
2492 527 2640 598 legit.

2077 620 2194 675 Col.
2221 619 2327 675 935
2347 621 2411 672 A.
2440 619 2548 672 Kal
2565 619 2759 684 ἄλλοις
2777 618 2901 671 κατ’
2922 617 3056 684 ἔτος
3077 619 3377 685 τέσσαρας
3405 613 3578 684 ὥρας.

2006 712 2323 782 Cuiusmodi
2378 727 2452 766 χιι
2504 720 2719 767 constat
2746 710 2807 764 τὸ
2858 710 3218 781 νυχθήμερον.
3271 708 3407 762 Nam
3449 710 3583 761 hora

2009 803 2148 873 apud
2175 802 2535 873 Epiphaninm
2571 804 2691 857 duae
2722 813 2848 857 sunt
2867 801 3276 871 aequinoctiales
3306 802 3470 854 horae.

2079 891 2214 947 Ibid.
2248 890 2607 959 Ὠςεῗναιεῑς
2620 891 2693 946 τὰ
2717 892 2849 961 τρία
2866 893 2996 960 ἐτη.
3029 888 3162 944 Vide
3188 905 3308 959 quae
3330 889 3584 958 superius

2010 984 2407 1040 adnotavimus.

2079 1076 2213 1131 Ibid.
2234 1076 2330 1130 Διὸ
2349 1075 2485 1145 παρ’
2511 1075 2715 1141 αὐτοῖς
2740 1074 2918 1128 πέντε
2935 1073 3147 1143 μῆνες.
3166 1073 3453 1127 Causativa
3478 1072 3583 1128 ista

2009 1169 2276 1238 particula
2315 1184 2458 1239 aegre
2507 1184 2626 1224 eum
2675 1166 3055 1238 superioribus
3087 1166 3363 1221 cohaeret.
3422 1163 3587 1220 Forte

2010 1260 2153 1315 idem
2185 1270 2270 1315 est
2292 1261 2436 1330 quod
2456 1260 2589 1314 διότι
2608 1259 2695 1314 vel
2716 1260 2819 1322 ὅτι,
2853 1274 2953 1314 nec
2970 1258 3238 1313 inferendi
3268 1259 3374 1312 vim
3401 1259 3582 1323 habet,

2008 1353 2102 1409 sed
2134 1369 2330 1408 novam
2379 1352 2704 1409 sententiain
2736 1352 2995 1418 inchoat,
3025 1365 3133 1421 qua
3182 1366 3272 1404 xw
3312 1365 3583 1404 annorum

2008 1444 2194 1514 cyclus
2219 1444 2531 1514 exponitur.
2565 1442 2720 1509 Quod
2756 1443 2801 1497 si
2836 1443 3096 1497 illativam
3127 1457 3250 1497 esse
3285 1442 3480 1505 mavis,
3515 1441 3584 1495 ad

2008 1536 2377 1590 antecedentia
2421 1535 2748 1606 pertinebit;
2793 1550 2918 1589 nam
2968 1535 3095 1605 quia
3145 1535 3353 1588 lunaris
3404 1548 3584 1588 annus

2007 1627 2124 1682 dies
2157 1628 2319 1682 habet
2350 1643 2558 1693 CCCLw,
2588 1628 2647 1682 lit
2674 1635 2734 1681 ut
2761 1626 2923 1681 tertio
2952 1636 3006 1681 et
3032 1636 3186 1681 sexto
3209 1641 3354 1680 anno
3383 1624 3583 1695 singuli

2009 1736 2248 1784 menses,
2275 1731 2328 1776 et
2359 1720 2412 1775 in
2445 1730 2621 1775 totum
2655 1736 2747 1774 xw
2779 1720 2961 1781 annis,
2991 1719 3233 1790 quinque
3260 1734 3477 1774 menses
3499 1733 3587 1773 tn-

329 1808 566 1864 nonibus
630 1810 906 1864 contraria
961 1809 1106 1872 sint,
1164 1808 1368 1863 nullius
1434 1805 1777 1862 auctoritatis
1834 1819 1903 1859 ne
1934 1800 1976 1859 Β
2007 1812 2359 1877 tercalenlur,
2391 1812 2538 1882 quod
2574 1827 2628 1865 xl
2665 1810 2861 1866 diebus
2889 1811 3087 1865 solaris
3121 1824 3300 1865 annus
3332 1809 3582 1864 lunarem

323 1899 689 1955 Caesarienses
725 1901 945 1971 quidem
999 1900 1100 1971 ipsi
1157 1899 1350 1954 Patres
1399 1914 1520 1954 esse
1572 1899 1898 1963 voluerunt;

328 2005 511 2059 neque
539 1988 725 2046 Victor
752 2006 989 2062 unquam
1021 1990 1355 2063 approbavit.
1387 1987 1463 2043 De
1488 2002 1597 2058 qua
1625 2003 1684 2042 re
1714 2001 1897 2057 supra,

324 2096 451 2134 cum
485 2081 553 2137 de
588 2080 886 2137 Dominica:
938 2091 1182 2153 tempore
1224 2080 1507 2136 Passionis
1555 2087 1737 2135 actum
1791 2087 1898 2144 est,

323 2174 590 2231 adversus
621 2177 985 2246 quorumdam
1020 2175 1457 2246 superstitiosam
1503 2174 1668 2228 nimis
1707 2171 1902 2226 credu-

324 2264 532 2322 litatem
582 2267 963 2324 disseruimus.
1018 2262 1176 2323 Nunc
1214 2267 1383 2333 aliud,
1439 2267 1586 2337 quod
1639 2267 1901 2321 instituta:

324 2361 717 2429 disputationis
752 2363 927 2435 magis
965 2363 1248 2433 proprium
1280 2370 1383 2424 est,
1428 2361 1481 2415 in
1528 2361 1721 2416 iisdem
1750 2359 1900 2415 Actis

324 2455 661 2510 notabimus.
719 2456 954 2511 Censent
1003 2456 1151 2510 enim
1198 2453 1290 2508 illa
1345 2452 1738 2523 aequinoctium
1794 2467 1902 2506 xxv

323 2545 500 2603 Martii
550 2548 703 2614 ﬁeri,
756 2562 868 2619 quo
913 2548 1031 2603 haec
1082 2545 1579 2616 pronuntiabantur
1631 2554 1895 2615 tempore,

325 2641 433 2696 hoc
464 2651 548 2696 est
570 2655 718 2695 anno
744 2638 950 2695 Christi
977 2637 1106 2693 298.
1138 2636 1295 2704 Quod
1325 2651 1489 2705 quam
1546 2635 1687 2691 falso
1719 2634 1903 2688 credi-

326 2742 443 2786 tum
476 2733 570 2797 sit,
616 2732 698 2786 vel
740 2729 1154 2787 observationes
1187 2730 1318 2799 ipsae
1348 2727 1626 2783 Ptolemaai
1676 2742 1741 2781 ac
1774 2741 1894 2781 ma-

328 2824 636 2879 thematicae
672 2822 871 2878 tabulae
905 2822 1308 2884 demonstrant,
1343 2836 1410 2876 ex
1463 2818 1662 2890 quibus
1710 2831 1900 2871 norum

327 2924 433 2979 est,
465 2915 852 2986 aequinoctium
899 2923 1028 2969 tunc
1064 2914 1117 2967 in
1149 2927 1285 2977 xm,
1317 2913 1428 2967 imo
1466 2913 1630 2966 etiam
1676 2923 1769 2963 xxt
1820 2909 1903 2961 in-

328 3009 550 3065 cidisse.
584 3008 689 3064 Sed
726 3010 830 3064 hoc
876 3022 985 3063 non
1022 3020 1209 3077 urgeo.
1257 3004 1388 3061 Esto
1430 3019 1538 3057 xxv
1576 3000 1752 3056 Martii
1784 3000 1902 3055 dies

329 3100 666 3170 :equinoctii.
688 3098 807 3155 Jam
837 3099 961 3170 quis
991 3097 1447 3153 absurdissimum
1477 3109 1618 3160 esse,
1645 3102 1699 3147 et
1728 3092 1903 3146 eccle-

329 3192 571 3248 siasticae
595 3191 902 3261 disciplina:
941 3205 1248 3260 repugnare
1293 3202 1402 3243 non
1434 3187 1602 3247 videt,
1640 3184 1785 3254 quod
1829 3182 1903 3236 illi

331 3283 597 3347 sciscurit,
637 3279 849 3336 Pascha
891 3280 1073 3334 triduo
1110 3291 1236 3334 ante
1269 3276 1660 3347 aequinoctium
1694 3271 1907 3327 indici?

332 3373 502 3431 Vetus
533 3383 617 3430 est
640 3390 837 3436 canon,
880 3375 973 3444 qui
1004 3373 1145 3426 inter
1175 3369 1505 3441 apostolicos
1532 3364 1767 3422 refertur
1805 3383 1817 3418 :
1844 3362 1913 3416 Εἴ

329 3481 414 3530 τις
446 3465 839 3538 πρεσῦύτερος,
872 3465 905 3537 ἢ
951 3464 1196 3527 διάκονος
1229 3462 1327 3533 τὴν
1368 3459 1528 3527 ἁγίαν
1571 3456 1664 3512 τοῦ
1715 3456 1908 3528 Πάσχα

329 3557 545 3628 ἡμέραν
573 3556 678 3628 πρὸ
713 3556 812 3625 τῆς
837 3555 1080 3627 εἰαρινῆς
1118 3552 1407 3624 ἰσημερίας
1443 3550 1580 3622 μετὰ
1637 3548 1906 3602 Ἰουδαίων

333 3648 653 3713 ἐπιτελέσει,
705 3647 1094 3719 καθαιρείσθω.
1136 3648 1316 3713 Quare
1361 3642 1663 3714 deponendi
1717 3640 1907 3695 Patres

330 3755 523 3793 omnes
556 3739 633 3792 illi
666 3738 908 3805 fuerunt,
946 3739 990 3793 si
1038 3752 1161 3792 vere
1191 3736 1636 3807 pronuntiarunt,
1663 3732 1909 3802 aequino-

330 3833 499 3885 ctiutn
534 3832 587 3885 in
612 3847 719 3886 xxv
752 3831 931 3887 Martii
959 3832 1098 3885 fieri.

401 3964 479 4019 Ac
510 3981 577 4020 ne
601 3966 734 4021 satis
784 3967 1005 4036 quidem
1039 3973 1294 4021 accurate
1337 3963 1469 4018 mihi
1501 3961 1775 4032 paschalis
1806 3968 1911 4015 ter-

332 4057 516 4113 minus
550 4073 644 4128 per
669 4059 802 4114 illud
837 4069 1053 4129 tempus
1080 4059 1134 4113 in
1170 4073 1259 4112 xu
1301 4055 1482 4110 Martii
1512 4055 1728 4126 positus
1756 4053 1907 4108 vide-

335 4160 443 4202 tur.
492 4147 704 4203 Etenim
755 4165 902 4202 anno
934 4149 1134 4202 Christi
1180 4148 1286 4202 500
1327 4163 1392 4202 ex
1423 4144 1764 4217 Alphonsina
1793 4159 1909 4198 tne-

332 4240 502 4295 thodo
532 4242 920 4310 aequinoctium
953 4241 1004 4293 in
1036 4241 1213 4293 noctis
1247 4240 1460 4293 initium
1487 4237 1652 4302 cadit,
1687 4236 1792 4291 hoc
1823 4243 1909 4289 est

337 4332 525 4385 horam
554 4348 629 4387 vn
665 4347 694 4385 a
731 4332 956 4386 meridie
990 4347 1104 4394 xxi,
1140 4332 1212 4384 ita
1246 4343 1304 4385 ut
1345 4331 1604 4399 spatium,
1638 4344 1733 4399 per
1761 4327 1907 4398 quod

333 4433 670 4487 excurreret,
720 4423 887 4478 fuerit
917 4440 1029 4479 χιιι
1077 4423 1253 4478 Martii
1294 4423 1429 4477 dies.
1468 4420 1689 4477 Rectius
1737 4420 1906 4490 igitur

334 4513 544 4569 Pascha
570 4516 816 4570 citimum
852 4516 909 4569 in
942 4532 1078 4571 χχιιι
1120 4514 1298 4569 Martii
1330 4514 1537 4569 haerere
1568 4514 1767 4586 potuit,
1809 4512 1901 4566 ubi

335 4617 391 4663 et
416 4607 703 4665 Anatolius
728 4608 936 4679 aliique
954 4608 1361 4664 constituerunt
1407 4628 1419 4662 :
1456 4621 1596 4677 quos
1624 4604 1907 4660 Nicaauum

335 4700 628 4755 concilium
673 4709 861 4769 postea
910 4708 1192 4764 secutum,
1255 4697 1578 4766 usurpandae
1623 4694 1909 4750 vetustatis

334 4793 509 4863 gratia
540 4807 648 4847 non
680 4794 902 4863 quidem
933 4793 1180 4848 citimum
1213 4788 1442 4855 Pascha,
1470 4788 1565 4844 sed
1587 4787 1715 4843 anni
1744 4785 1905 4856 primi

332 4886 433 4956 τῆς
466 4883 1102 4956 ὲννεακαιδεκαετηρίδος
1145 4883 1360 4937 initium
1392 4882 1584 4937 eodem
1620 4881 1674 4934 iu
1705 4879 1799 4934 illo
1820 4877 1909 4933 die

336 4994 472 5033 χχιιι
502 4977 744 5048 reliquit.
767 4976 885 5031 Non
907 4977 1047 5031 male
1075 4975 1237 5046 igitur
1261 4975 1527 5029 hactenus
1556 4986 1780 5041 operam
1807 4984 1908 5040 po-

335 5072 571 5134 suimus,
600 5070 691 5139 qui
712 5079 766 5123 et
786 5068 1192 5122 nobilissimum
1224 5066 1463 5120 Anatolii
1512 5064 1906 5135 fragmentum,

335 5163 587 5232 idemque
629 5161 1020 5231 perobscurunt
1045 5198 1061 5223 ,
1113 5159 1400 5229 diligenter
1431 5157 1820 5226 exposuimus,
1855 5162 1911 5210 et

333 5256 404 5308 ah
467 5254 686 5325 egregio
738 5252 1201 5322 sanctissimoque
1249 5250 1409 5306 Patre
1473 5258 1582 5303 tam
1636 5248 1907 5318 insignem

333 5345 666 5400 calumniam
735 5354 899 5415 atque
955 5344 1211 5415 iniuriam
1270 5343 1598 5412 depulimus.
1662 5339 1783 5407 Qua
1839 5340 1895 5394 in

333 5435 637 5506 qurestione
690 5435 1173 5504 controversiaque
1222 5433 1577 5503 disceptanda
1627 5433 1909 5503 longiores

335 5524 671 5595 nosfuisse,
696 5540 873 5596 neque
902 5540 1000 5580 nos
1033 5524 1204 5591 ipsos,
1233 5524 1325 5594 qui
1355 5525 1408 5577 id
1441 5523 1750 5578 necessario
1776 5522 1909 5577 feci-

335 5633 482 5682 mus,
516 5619 782 5688 paenitere
814 5617 1085 5679 convenit,
1116 5631 1291 5687 neque
1321 5616 1531 5681 lectori,
1568 5616 1656 5671 cui
1681 5618 1908 5672 consul-

334 5723 450 5769 tum
469 5712 762 5778 voluimus,
793 5711 1100 5781 displicere.

2005 1915 2240 1975 superet.
2274 1903 2563 1974 Utcunque
2584 1903 2675 1967 sit,
2703 1918 2791 1957 xw
2819 1917 3090 1957 annorum
3112 1903 3323 1973 cyclum
3344 1901 3586 1957 iudicare

2004 1998 2233 2060 videtur,
2261 1997 2313 2050 in
2343 2011 2454 2065 quo
2477 1994 2633 2066 quini
2664 2008 2881 2049 menses
2908 1994 3246 2049 inseruntur.
3273 1992 3376 2048 Sed
3400 2003 3583 2048 utrum

2005 2091 2058 2145 in
2092 2105 2193 2143 usu
2225 2088 2451 2160 politico
2480 2087 2806 2144 observatus
2842 2087 2933 2141 ille
2963 2086 3148 2157 cyclus
3175 2084 3360 2151 fuerit,
3393 2099 3460 2139 an
3486 2099 3582 2154 pe-

2004 2196 2103 2235 nes
2166 2177 2492 2250 Synedrium
2524 2187 2767 2234 retentus
2816 2187 2869 2232 et
2901 2176 2969 2232 ad
3003 2177 3315 2232 methodum
3359 2175 3583 2230 confor-

2003 2282 2218 2334 matus,
2252 2285 2377 2325 cum
2411 2269 2699 2340 plenorum
2736 2283 3110 2338 cavorumque
3153 2267 3422 2323 tneusium
3460 2283 3585 2337 per-

2004 2374 2169 2436 petua
2216 2362 2568 2420 successione
2613 2361 2920 2418 communis
2970 2377 3150 2417 annus
3205 2362 3580 2425 evolveretur,

2003 2464 2161 2510 antea
2195 2455 2588 2511 dubitavimus.

2006 2587 2011 2593 .
2072 2542 2209 2600 Ibid.
2225 2543 2329 2600 Διά
2341 2544 2409 2599 τὸ
2424 2542 2805 2614 ἀφαιρεῖσθαι
2819 2543 2938 2599 ἀπὸ
2954 2543 3060 2599 τοῦ
3076 2543 3353 2612 ἡλιακοῦ.
3367 2543 3479 2599 Cur
3494 2559 3584 2598 xw

2003 2652 2275 2692 annorum
2316 2637 2449 2692 orbe
2499 2636 2797 2692 neomeniae
2849 2636 3122 2693 conclusae
3158 2637 3303 2702 sint,
3358 2652 3580 2691 causam

2003 2727 2106 2783 ista
2147 2728 2416 2795 reddunt;
2447 2729 2541 2786 sed
2586 2744 2686 2800 pro
2719 2730 2873 2785 varia
2908 2729 3045 2801 cycli
3090 2728 3453 2801 dispositione
3496 2730 3583 2784 di-

2003 2836 2163 2877 versa
2207 2821 2336 2892 tingi
2375 2831 2573 2891 p0test.
2613 2821 2724 2878 Nos
2756 2822 2960 2893 duplici
2995 2823 3208 2878 ratione
3248 2822 3458 2895 cyclum
3488 2838 3585 2878 ex-

2004 2913 2197 2983 plicari
2226 2927 2389 2982 posse
2423 2913 2705 2969 diximus:
2736 2914 2912 2984 prima
2941 2925 3059 2981 est,
3095 2925 3155 2971 ut
3185 2916 3344 2971 annis
3378 2915 3585 2970 lunari-

2005 3004 2109 3059 bus
2138 3004 2361 3074 praecise
2392 3007 2618 3061 trecenti
2645 3014 2700 3061 et
2732 3005 3129 3077 quinquaginta
3165 3016 3402 3077 quatuor
3439 3008 3581 3072 dies,

2007 3095 2158 3150 horae
2185 3106 2309 3151 octo
2346 3095 2693 3165 tribuantur;
2726 3114 2817 3152 xw
2850 3107 3031 3152 autem
3068 3100 3227 3155 annis
3260 3100 3377 3156 dies
3418 3100 3580 3167 5108,

2010 3187 2159 3242 hora:
2184 3187 2238 3241 4.
2270 3186 2385 3243 Hoc
2417 3191 2679 3259 temporis
2709 3188 2888 3259 spatio
2917 3191 3128 3260 cyclum
3152 3191 3581 3260 constituebant,

2010 3281 2064 3335 in
2103 3296 2212 3351 quo
2246 3282 2415 3338 solius
2440 3281 2648 3338 lunaris
2671 3283 3164 3347 ἀποκαταστάσεως
3187 3284 3452 3340 rationem
3486 3286 3585 3341 ha-

2008 3369 2229 3436 bebant,
2257 3387 2356 3426 nec
2386 3371 2534 3426 illius
2556 3371 2847 3426 ratiocinia
2875 3386 3001 3426 cum
3025 3370 3140 3426 sole
3167 3373 3579 3442 comparabant.

2009 3461 2190 3528 Quare
2223 3462 2290 3517 de
2319 3462 2511 3517 ultimo
2532 3503 2546 3527 ,
2571 3461 2679 3517 hoc
2711 3471 2799 3518 est
2829 3478 2919 3516 xw
2947 3477 3092 3516 anno
3139 3462 3306 3517 solari
3330 3501 3346 3527 ,
3375 3470 3431 3517 et
3461 3463 3587 3534 qui-

2009 3553 2130 3608 dem
2170 3553 2415 3624 politico,
2448 3553 2544 3623 qui
2574 3563 2657 3609 est
2694 3569 2898 3608 CCCva
2930 3552 3165 3620 dierum,
3193 3553 3310 3610 dies
3343 3556 3587 3627 quinque

2008 3654 2063 3700 et
2095 3647 2285 3699 horam
2319 3660 2485 3699 unam
2514 3644 2878 3700 detrahebant
2906 3664 2921 3700 :
2951 3652 3238 3716 propterea
3266 3646 3410 3717 quod
3443 3648 3489 3703 si
3516 3663 3586 3703 ex

2009 3735 2170 3797 5104,
2212 3735 2247 3789 4
2276 3733 2524 3789 Julianos
2550 3735 2618 3788 15
2648 3736 2879 3801 eximas,
2921 3735 3168 3792 decimus
3209 3744 3440 3808 quartus
3469 3737 3586 3794 dies

2010 3822 2231 3878 habebit
2251 3839 2441 3889 CCCLx,
2470 3840 2578 3879 una
2612 3824 2751 3879 hora
2783 3825 3005 3893 minus;
3043 3842 3155 3897 quo
3186 3827 3473 3884 intervallo
3503 3829 3586 3884 lu-

2010 3931 2171 3972 nares
2226 3916 2543 3973 neomenias
2600 3917 2814 3974 restitui
2879 3918 3174 3974 credebant
3232 3939 3247 3975 :
3300 3921 3394 3976 sed
3469 3922 3587 3977 haec

2007 4009 2269 4081 τεχνικῶς
2323 4010 2625 4077 duntaxat,
2668 4027 2776 4066 non
2821 4013 3049 4082 politico
3098 4030 3235 4079 usu;
3281 4016 3582 4070 secundum

2009 4119 2194 4172 quem,
2230 4104 2275 4158 si
2307 4104 2487 4167 minor
2520 4104 2610 4159 hic
2644 4105 2831 4177 cyclus
2862 4120 3162 4176 usurpatus
3207 4105 3392 4175 fuerit,
3438 4108 3588 4163 hora:

2008 4195 2115 4249 illae
2144 4211 2194 4249 ιν
2229 4196 2555 4266 appendices
2593 4196 2646 4251 in
2675 4197 2836 4253 linem
2866 4199 3005 4270 cycli
3032 4198 3244 4268 reiecta:
3288 4208 3436 4255 sunt.
3477 4199 3587 4257 Ita-

2008 4302 2116 4357 que
2143 4303 2267 4343 cum
2297 4296 2423 4358 post
2448 4289 2660 4360 cyclum
2692 4290 2942 4345 lunarem
2967 4306 3057 4344 xtv
3083 4306 3378 4360 annorum,
3402 4294 3469 4350 de
3499 4311 3587 4351 so-

2008 4379 2078 4437 lis
2107 4382 2410 4438 rationibus
2441 4383 2688 4454 quinque
2718 4384 2872 4450 dies,
2902 4384 3052 4441 hom
3083 4396 3211 4441 octo
3250 4388 3471 4460 reliquae
3504 4392 3587 4445 l'o—

1936 4482 1985 4542 D
2015 4485 2155 4536 rent,
2185 4474 2428 4544 quinque
2457 4472 2576 4530 dies
2613 4475 2881 4530 duntaxat
2908 4490 3198 4546 superesse
3226 4479 3328 4533 sibi
3357 4495 3586 4549 persua-

2012 4572 2198 4621 serant
2244 4583 2256 4618 :
2312 4567 2514 4637 quibus
2566 4568 2893 4635 reservatis,
2949 4578 3075 4639 post
3114 4571 3295 4642 cyclos
3344 4575 3588 4630 minores

2011 4667 2227 4713 sextum
2275 4673 2519 4714 mensem
2573 4660 2812 4716 solidum
2865 4661 3284 4719 intercalabant.
3340 4663 3418 4721 Ita
3471 4667 3587 4722 dies

2012 4749 2212 4804 fiebant
2242 4748 2447 4817 50679;
2492 4765 2727 4821 quorum
2755 4753 3066 4825 οἰκονομίαν
3098 4767 3258 4825 typus
3307 4754 3395 4811 ille
3427 4767 3587 4812 antea

2009 4841 2323 4910 propositus
2345 4843 2604 4895 Ostendit.

2084 4932 2267 4987 Altera
2301 4933 2440 4987 ratio
2467 4950 2479 4985 :
2509 4933 2555 4988 si
2579 4934 2823 5003 quinque
2856 4935 2973 4991 dies
3004 4937 3163 4992 solidi
3193 4953 3258 4992 ex
3284 4937 3432 4993 horis
3461 4950 3586 4994 octo

2013 5024 2232 5079 conflati
2264 5038 2356 5077 xw
2388 5024 2549 5078 annis
2588 5035 2935 5095 arrogentur.
2984 5026 3116 5094 Quae
3138 5030 3321 5083 omnia
3352 5029 3579 5101 diligen-

2015 5124 2095 5169 ter
2125 5114 2293 5171 habes
2315 5115 2582 5186 explicata
2610 5118 2886 5187 superius,
2917 5118 3008 5174 ubi
3033 5131 3088 5175 et
3113 5135 3181 5175 ex
3212 5130 3444 5192 utraque
3471 5140 3585 5177 mc-

2016 5207 2182 5262 thodo
2219 5196 2508 5276 Epiphanii
2541 5208 2703 5262 verba
2729 5209 3090 5265 correximus.

2083 5299 2218 5355 Ibid.
2249 5297 2360 5354 Τοῦ
2387 5299 2794 5370 ὀγδοηκοστοῦ
2815 5301 3097 5371 τετάρτου
3122 5302 3319 5370 ἔτους.
3345 5303 3583 5359 Mensem

2013 5388 2165 5442 illum
2200 5386 2553 5440 embolimum
2582 5403 2731 5449 xxxi,
2752 5403 2875 5442 cum
2904 5387 2956 5441 in
2994 5389 3098 5443 line
3126 5405 3327 5443 Lxxxw
3354 5390 3482 5444 anni
3503 5390 3585 5443 in-

2013 5476 2263 5532 tercalari
2297 5475 2575 5541 debuerit,
2612 5476 2665 5531 in
2702 5478 2982 5547 sequentis
3025 5480 3162 5551 cycli
3192 5480 3430 5550 primum
3483 5495 3585 5532 an-

2013 5586 2143 5623 num
2184 5566 2418 5637 conjici,
2465 5567 2623 5622 docet
2661 5566 3022 5639 Epiphanius.
3059 5571 3221 5641 Atqui
3267 5582 3584 5626 tessaracze-

2012 5661 2223 5716 decaet.
2272 5667 2584 5730 postremus
2637 5675 2815 5713 annus
2856 5661 3079 5731 proprio
3119 5661 3232 5731 jam
3288 5660 3585 5716 embolimo

2013 5753 2273 5822 praeditus
2311 5762 2412 5808 est.
2451 5749 2569 5807 Duo
2621 5751 2784 5822 igitur
2809 5753 3135 5808 embolimzei
3180 5768 3299 5808 sese
3338 5737 3585 5821 proxime
