4054 6404
493 345 630 398 100⁷

1594 337 1940 396 APPENDIX
1978 336 2618 396 DISSERTATIONUM.

3606 338 3740 398 100.8

490 468 792 531 sequentur
845 475 860 511 :
911 457 1057 528 quod
1104 456 1233 512 olim
1291 456 1492 512 factum
1537 471 1661 512 esse
1715 454 2066 510 Hebraeorum
2095 463 2142 522 Α
2174 456 2583 526 interpretanda
2619 455 2836 511 videtur
2867 473 2880 510 :
2912 455 3100 511 ἕνεκεν
3127 457 3340 522 τούτου,
3369 458 3474 515 hoc
3507 469 3592 515 est
3614 475 3740 515 cum

489 555 744 608 doctores
785 560 1057 607 asserunt.
1091 549 1207 604 lino
1237 564 1370 604 vero
1397 564 1612 604 menses
1652 549 1753 611 ipsi
1783 549 2063 603 embolimi
2164 548 2458 617 depravata
2514 549 2604 603 illa
2642 548 2901 604 methudo
2941 564 3006 604 ac
3048 549 3183 621 cycli
3227 550 3588 619 dispositione
3620 559 3738 607 ute-

490 641 604 697 duo
647 642 809 697 simul
853 641 1312 704 inculcabuntur;
1357 648 1625 710 eruntque
1667 639 1769 694 tria
1817 639 2062 694 Adarim.

494 730 600 785 Sed
647 731 838 786 tertius
880 733 1007 785 anni
1056 746 1228 785 Lxxxv
1266 729 1485 783 initium
1525 729 1662 794 erit;
1704 745 1773 784 ne
1819 730 1866 784 si
1897 727 2066 784 Nisan

491 838 592 893 pro
630 824 776 878 Adar
816 824 1205 884 substituatur,
1251 823 1458 891 cpocha
1497 821 1721 885 relicta,
1779 821 2067 875 neomenia

493 919 548 973 in
583 916 856 972 anteriora
903 915 1085 971 laxius
1131 925 1410 986 evagetur.
1454 915 1531 970 De
1574 915 1791 971 duobus
1839 915 2068 970 emboli-

490 1011 647 1067 maeis
697 1009 943 1079 proxime
995 1009 1461 1079 consequentibus
1520 1009 1722 1064 fatetur
1769 1007 2068 1078 Keplerus;

488 1103 804 1172 posterius,
857 1101 926 1156 de
985 1101 1164 1156 tribus
1224 1101 1447 1156 Adarim
1496 1079 1904 1172 objici'potest.
1963 1100 2070 1155 Sed

491 1201 788 1259 utrumque
843 1207 911 1247 ex
971 1190 1259 1247 Laterculo
1303 1201 1359 1247 et
1400 1192 1668 1262 superiori
1707 1190 2073 1262 disputatione

489 1285 938 1340 commodissime
988 1284 1342 1350 dissolvitur;
1395 1301 1520 1340 nam
1587 1284 1733 1340 aliud
1779 1298 1862 1340 εει
1904 1294 2075 1340 tessa-

492 1374 957 1428 resdecaeteridas
992 1376 1221 1429 scorsim
1259 1390 1321 1428 ac
1353 1383 1636 1437 separatas
1665 1374 1889 1440 intueri,
1927 1373 2074 1428 aliud

493 1465 550 1518 in
575 1465 782 1531 maiore
818 1465 969 1534 cyclo
1001 1477 1157 1535 aptas
1182 1466 1411 1521 invicem
1460 1476 1514 1520 et
1541 1476 1844 1521 consertas.
1881 1465 2058 1520 Mino-

495 1571 586 1610 res
613 1556 751 1626 cycli
791 1557 989 1626 singuli
1031 1573 1124 1626 per
1162 1573 1281 1612 sese
1322 1573 1353 1611 v
1382 1573 1596 1613 menses
1635 1557 1959 1612 embolimos
2007 1557 2062 1612 in

497 1664 580 1714 Ill,
617 1663 695 1712 vt,
734 1663 853 1712 vut,
887 1665 962 1714 xi,
995 1664 1108 1712 xiv,
1139 1649 1300 1703 annis
1324 1649 1637 1719 postulant;
1680 1648 1772 1703 sed
1815 1648 1868 1702 iu
1903 1647 2081 1703 conti-

2169 647 2382 704 rentur,
2411 641 2717 696 secundum
2759 654 2925 711 quam
2957 657 3047 696 xiv
3075 642 3204 696 luna
3247 643 3413 698 biduo
3439 644 3741 708 caelestem,

2170 732 2274 787 hoc
2307 745 2391 788 est
2426 733 2701 789 Nicaznam
2737 735 3102 800 antevenirct,
3152 735 3526 791 animadversa
3584 735 3705 790 labe
3727 778 3742 801 ,

2170 821 2499 890 Phariszeos,
2532 823 2715 894 quoad
2748 824 3109 896 plenilunium
3149 826 3375 895 propius
3405 827 3744 891 accederent,

2171 912 2382 971 Pascha
2415 919 2469 971 in
2503 933 2570 971 xv
2605 918 2790 971 lunam
2815 917 3113 973 distulisse.
3148 916 3335 990 Itaque
3356 918 3645 991 dupliciter
3667 920 3743 974 vi-

2173 1006 2313 1062 tiosa
2343 1005 2625 1065 Paschatis
2653 1009 2938 1064 celebritas
2963 1008 3065 1065 fuit
3111 1028 3126 1065 :
3165 1014 3400 1080 primum
3446 1013 3588 1081 apud
3617 1026 3744 1074 eos.

2174 1099 2269 1168 qui
2313 1097 2449 1154 feria
2484 1115 2546 1154 ιιι
2592 1100 2722 1155 luna
2750 1117 2826 1156 xu
2869 1099 3089 1157 Iudaica
3129 1102 3336 1158 Pascha
3370 1103 3743 1165 comederunt,

2175 1191 2321 1261 quod
2352 1189 2488 1247 feria
2543 1206 2576 1246 v
2630 1192 2758 1248 luna
2786 1209 2877 1248 xiv
2916 1194 3223 1250 faciendum
3250 1206 3368 1250 erat
3410 1212 3425 1250 :
3459 1204 3573 1251 tum
3605 1199 3746 1266 apud

2176 1280 2508 1349 Pharisaeos,
2570 1286 2664 1355 qui
2713 1285 3012 1357 ὑπερϐάσει
3066 1298 3284 1357 recepta
3337 1303 3430 1342 xtv
3481 1288 3613 1359 cycli
3663 1286 3745 1343 sui

2177 1376 2546 1448 praetergressi
2574 1387 2720 1432 sunt.
2761 1379 3014 1434 Christus
3044 1394 3210 1450 porro
3255 1394 3381 1434 cum
3431 1380 3618 1450 majori
3654 1395 3749 1448 po-

2179 1467 2290 1537 puli
2327 1477 2481 1538 parte
2520 1467 2654 1524 feria
2707 1471 2869 1526 tertia
2896 1471 3210 1527 celebravit.
3255 1470 3332 1526 Ita
3363 1471 3580 1542 quidem
3623 1469 3749 1541 Epi-

2180 1562 2441 1631 phanius,
2474 1578 2576 1618 nec
2598 1563 2757 1619 aliter
2786 1564 3131 1632 interpretari
3155 1564 3300 1629 licet,
3332 1573 3429 1618 aut
3459 1565 3528 1618 ab
3567 1575 3750 1618 errore

2183 1650 2478 1706 vindicare.
2523 1651 2711 1722 Neque
2736 1653 2884 1708 enim
2918 1651 3268 1720 feria‘tertia,
3301 1654 3404 1708 hoc
3429 1663 3513 1710 est
3555 1665 3751 1724 quarto

496 1756 604 1794 uua
645 1739 786 1794 serie
823 1747 877 1793 et
926 1739 979 1792 in
1015 1739 1220 1809 majore
1249 1739 1399 1809 cyclo
1434 1756 1541 1794 non
1580 1755 1798 1809 semper
1845 1755 1934 1793 xlv
1966 1754 2082 1794 em-
2184 1751 2310 1797 ante
2330 1739 2650 1798 Passionem
2692 1743 2781 1800 die
2806 1744 3061 1800 Christus
3087 1742 3351 1800 Paschate
3381 1743 3600 1799 functus
3628 1754 3746 1808 est;

496 1830 785 1885 holimaaus
820 1839 905 1885 est
951 1847 962 1882 :

497 1931 806 1992 postremus
831 1936 959 1976 vero
999 1921 1175 1974 ultimi
1216 1921 1350 1992 cycli
1388 1936 1588 1985 annus,
1614 1920 1709 1991 qui
1753 1930 1835 1976 est
1859 1934 2075 1986 txxxtv,

497 2013 644 2066 Adar
675 2011 894 2082 quidem
923 2011 1154 2064 alterum
1195 2010 1296 2065 sibi
1330 2011 1605 2077 vindicat;
1633 2025 1699 2064 eo
1743 2010 1891 2080 quod
1927 2025 2080 2066 men-

499 2105 578 2158 sis
602 2104 649 2158 ei
685 2118 814 2158 xxxi
849 2116 914 2157 ex
947 2101 1152 2171 epactis
1182 2103 1460 2173 cyclurum
1487 2101 1786 2166 accrescit;
1819 2101 2077 2172 proinde—

498 2210 607 2264 que
638 2210 688 2248 vi
731 2193 1104 2250 embolimzeos
1153 2193 1352 2246 habere
1390 2193 1574 2257 debet,
1629 2201 1689 2246 ut
1731 2207 1857 2246 cum
1910 2189 2079 2245 sola-ri

500 2301 648 2340 anno
693 2295 969 2355 utcunque
999 2285 1210 2339 lunaris
1261 2285 1599 2352 aquuetur.
1631 2278 1836 2336 Verum
1889 2294 2080 2336 auctor

499 2391 585 2432 est
613 2375 956 2446 Epiphanius
986 2377 1040 2430 in
1071 2392 1248 2430 Lxxxv
1279 2391 1484 2429 annum
1510 2390 1752 2430 mensem
1779 2374 1931 2428 illum
1957 2386 2080 2427 esse

501 2469 729 2522 dilatum
753 2486 768 2534 ;
796 2468 891 2538 qui
921 2483 1046 2522 cum
1076 2483 1264 2522 revera
1303 2468 1377 2522 sit
1409 2467 1576 2529 Adar,
1602 2464 1770 2521 Nisan
1798 2482 1828 2520 a
1852 2463 2076 2530 Judaais,

503 2570 564 2616 ut
597 2559 824 2629 opinor,
869 2568 952 2613 est
995 2557 1194 2614 factus.
1237 2557 1366 2612 Inde
1411 2560 1658 2621 accedit,
1710 2566 1769 2611 ut
1813 2559 2080 2628 epocham

511 2652 642 2706 anni
673 2651 755 2707 sui
778 2650 1184 2713 anteverterint,
1217 2662 1271 2704 et
1294 2650 1346 2703 in
1369 2649 1562 2704 eodem
1591 2665 1735 2704 anno
1759 2650 1843 2704 bis
1867 2647 2080 2704 Pascha

506 2743 918 2801 celebraverint.
945 2741 1100 2809 Quod
1127 2741 1399 2796 uberrime
1425 2751 1583 2796 antea
1605 2741 1940 2797 declaratum
1963 2751 2067 2795 est.

573 2835 690 2890 Col.
719 2835 822 2889 936
845 2836 908 2888 A.
947 2835 1176 2900 ΟΖτινες
1215 2833 1472 2902 ὤφειλον
1490 2830 1664 2887 εἶναι.
1704 2833 1955 2887 Mendum
1994 2832 2080 2887 hic

503 2945 626 2983 esse
647 2939 701 2984 et
743 2929 954 2998 quidem
998 2928 1194 2998 duplex
1237 2927 1520 2996 superiora
1567 2927 1700 2981 satis
1730 2926 2024 2981 ostendunt
2061 2942 2074 2979 :

506 3022 742 3090 primum
758 3022 1048 3093 τριάκοντα
1070 3021 1234 3094 μῆνες
1260 3021 1564 3092 legendum,
1583 3035 1690 3074 non
1707 3017 2079 3092 τριακονταεὶς

509 3117 647 3187 μήν·
677 3115 872 3170 deinde
901 3114 1095 3169 falsum
1126 3123 1212 3169 est
1251 3129 1412 3184 supra
1449 3129 1552 3167 xxx
1589 3127 1808 3167 menses
1837 3112 2078 3181 reliquos

505 3224 630 3264 esse
666 3209 784 3264 dies
821 3223 970 3273 xxiv,
1002 3209 1164 3262 horas
1199 3222 1248 3260 vI
1285 3225 1298 3260 :
1331 3207 1535 3276 alioqui
1563 3221 1628 3260 ex
1658 3205 2078 3260 tessaradecaet.

506 3301 720 3355 Juliana
749 3300 958 3355 dierum
991 3300 1161 3364 5115,
1193 3299 1282 3360 12.
1306 3296 1930 3368 relinquitautummodo
1965 3295 2084 3351 dies

507 3402 783 3463 oporteret
813 3403 1079 3463 quatuor,
1115 3395 1302 3448 horam
1333 3406 1496 3446 unam
1517 3431 1532 3454 ,
1571 3398 1824 3460 essetque
1861 3389 2073 3444 lunaris

509 3487 926 3542 tessaradecaet.
999 3485 1206 3539 dierum
1253 3483 1529 3547 5109,11.
1572 3481 1814 3554 Syzygia:
1858 3479 2086 3550 singulae

507 3587 600 3652 29,
648 3586 736 3649 η,
777 3585 882 3649 49,
910 3584 1027 3652 3S",
1060 3576 1313 3655 {—.}{.Aut
1360 3587 1404 3639 si
1435 3585 1502 3640 de
1532 3599 1622 3638 xiv
1653 3583 1882 3639 Iulianis
1923 3583 2084 3638 annis

510 3680 824 3734 eximantur
852 3679 999 3733 hora:
1026 3679 1168 3742 duae,
1207 3686 1265 3731 ut
1294 3677 1400 3731 sint
1428 3678 1546 3732 dies
1573 3677 1738 3742 5115,
1770 3674 1860 3739 10,
1909 3684 2084 3730 tessa-

512 3775 804 3838 radecaet.,
838 3773 1060 3827 lunares
1093 3772 1319 3841 singulae
1349 3773 1466 3826 dies
1513 3771 1790 3825 habebunt
1824 3767 1990 3831 5109,
2025 3768 2082 3832 9,

513 3877 748 3948 syzygia:
766 3875 859 3941 9.9,
892 3875 980 3937 12,
1023 3874 1127 3939 18',
1164 3873 1259 3928 51"
1447 3871 1601 3940 Quod
1625 3887 1725 3943 ego
1755 3886 1942 3925 verum
1977 3885 2086 3925 non

513 3968 774 4021 arbitror.
810 3964 1178 4034 Corrigendus
1228 3965 1411 4032 itaque
1451 3961 1762 4032 Epiphanii,
1795 3971 1889 4015 aut
1921 3960 2087 4014 libra-

515 4059 580 4113 rii
608 4059 781 4128 ipsius
811 4073 989 4121 error,
1018 4066 1074 4111 et
1097 4057 1176 4110 vel
1203 4056 1372 4109 εἴκοσι
1403 4053 1546 4108 ὀκτὼ
1575 4054 1797 4124 ἡμέραι,
1825 4052 1908 4107 vel
1944 4052 2086 4104 εἴκο-

515 4170 569 4206 σι
597 4151 742 4206 ὀκτὼ
777 4151 871 4205 καὶ
902 4144 1040 4222 ὧραι
1075 4153 1224 4221 τρεῖς
1257 4149 1361 4204 hoc
1391 4149 1511 4202 loco
1549 4145 1917 4203 scribendum.
1951 4141 2086 4198 Vide

514 4259 636 4312 quae
664 4256 820 4298 antea
852 4241 1112 4296 diximus.

575 4333 712 4388 Ibid.
732 4331 1261 4387 Β.Ἔνεκεντοίνυυν
1276 4324 1632 4382 τούτου.Νοη
1648 4326 1777 4381 illud
1792 4325 2083 4396 significat,

514 4423 660 4492 quod
689 4423 986 4478 arbitratur
1010 4419 1291 4489 chlerus,
1315 4419 1526 4488 etquod
1545 4419 1720 4488 prima
1750 4417 1928 4486 specie
1952 4405 2086 4470 velle

513 4514 749 4578 videtur,
791 4528 858 4567 ex
893 4511 1054 4581 hujus
1091 4511 1222 4583 cycli
1273 4511 1534 4579 pravitate
1568 4507 1733 4562 biduo
1773 4505 2083 4561 Iudaeorum
2118 4517 2164 4573 υ

515 4605 724 4661 Pascha
761 4603 1061 4675 legitimum
1097 4612 1311 4672 tempus
1353 4600 1714 4655 antecessisse
1743 4618 1758 4654 :
1801 4599 1960 4670 quasi
1996 4599 2082 4653 bi-

515 4698 610 4752 dui
637 4705 842 4750 tantum
891 4695 1194 4766 προήγησις
1227 4710 1256 4747 a
1285 4707 1413 4746 vera
1454 4707 1544 4745 xtv
1584 4692 1726 4745 facta
1761 4692 1860 4754 sit;
1896 4691 2088 4745 Phari-

517 4805 658 4846 saaos
682 4806 810 4845 vero
847 4791 952 4845 diei
985 4790 1151 4844 unius
1183 4787 1482 4859 ὑπερϐάσει
1517 4787 1834 4846 constituta,
1862 4800 1970 4838 uno
2003 4785 2091 4839 die

516 4881 786 4934 duntaxat
835 4880 1203 4948 anticipasse;
1252 4893 1377 4933 cum
1419 4877 1584 4931 biduo
1634 4875 1809 4930 solido
1839 4873 2090 4930 Christus

517 4970 793 5026 Nicaenam
837 4986 926 5024 xiv
967 4970 1345 5034 anteverterit;
1386 4983 1511 5022 nam
1561 4968 1750 5022 eodem
1795 4983 1959 5022 sensu
1987 4967 2092 5022 hoc

517 5067 639 5122 loco
670 5065 809 5120 dixit
841 5062 1058 5119 Iudaeos
1109 5061 1400 5134 προλαϐεῖν
1441 5062 1654 5132 ἡμέρας
1679 5060 1790 5124 δύο,
1842 5075 1952 5130 quo
1991 5075 2088 5114 su-

517 5159 734 5230 periore
763 5173 1011 5219 numero,
1041 5155 1244 5225 ἔφαγον
1284 5155 1345 5206 τὸ
1384 5154 1576 5224 Πάσχα
1606 5154 1714 5226 πρὸ
1745 5153 1839 5207 δύο
1867 5152 2091 5225 ἡμερῶν

515 5250 611 5305 τοῦ
658 5252 871 5319 φαγεῖν.
910 5248 982 5302 At
1034 5248 1146 5302 illic
1185 5247 1333 5300 bidui
1381 5245 1698 5314 anticipatio
1745 5259 2088 5314 nequaquam

516 5346 584 5400 ad
634 5343 907 5398 Nicamam
961 5357 1074 5402 xw,
1133 5337 1228 5394 sed
1277 5339 1342 5391 ad
1384 5335 1666 5391 Iudaicam
1728 5335 2091 5406 vitiosamque

517 5447 886 5506 comparatur,
918 5451 1039 5503 qua:
1065 5449 1190 5486 cum
1239 5432 1294 5484 in
1328 5430 1514 5484 feriam
1565 5445 1594 5482 v
1622 5427 1797 5482 Martii
1831 5445 1921 5482 xIx
1956 5429 2092 5483 inci-

515 5533 689 5591 deret,
716 5525 972 5581 Christus
998 5539 1121 5578 cum
1157 5521 1470 5576 Judzeorunt
1501 5520 1664 5589 vulgo
1685 5518 1817 5573 feria
1841 5535 1920 5584 Ill,
1948 5517 2091 5573 Mar-

516 5620 578 5673 tii
616 5632 724 5671 xvu
761 5614 980 5669 Pascha
1025 5613 1338 5668 celebravit.
1383 5611 1565 5677 Quare
1611 5625 1788 5679 neque
1827 5611 1929 5664 hoc
1973 5611 2091 5664 loco

514 5711 610 5764 δύο
633 5708 848 5780 ’ἡμέρας
876 5705 1179 5778 προῦλαϐεν
1221 5702 1496 5759 Nicmuam
1542 5717 1656 5764 xxv,
1706 5701 1797 5756 sed
1833 5717 1896 5756 ex
1937 5703 2091 5772 cyclo

518 5799 797 5854 communi
826 5796 1129 5852 Iudaicam.
1171 5793 1464 5866 Propterea
1493 5793 1572 5849 sic
1613 5791 1904 5864 Epiphanii
1934 5809 2089 5851 mens

2100 3165 2150 3224 'C

1015 1831 1158 1884 unde
1197 1845 1374 1898 neque
1414 1830 1554 1885 duos
1597 1830 1819 1884 Adartm
1869 1829 2076 1900 exigit;
2109 1815 2153 1874 Β
2183 1849 2361 1906 neque
2385 1836 2552 1891 biduo
2578 1837 2633 1892 in
2663 1838 2900 1894 vinculis
2940 1837 3196 1904 habitus,
3231 1838 3376 1909 quod
3408 1837 3607 1894 frustra
3633 1853 3750 1892 cre-

2179 1928 2316 1983 didit
2369 1927 2712 2000 Epiphanius
2758 1948 2770 1985 :
2825 1947 2952 1986 nam
2997 1932 3065 1986 de
3112 1931 3470 2004 σταυρώσεως
3513 1942 3750 2001 tempore

2178 2019 2466 2076 nobiscum
2513 2023 2700 2077 sentit.
2741 2020 3131 2078 Emendandus
3174 2023 3340 2094 igitur
3384 2031 3469 2077 est
3515 2023 3580 2078 ad
3625 2037 3751 2078 eum

2178 2111 2402 2165 modum
2430 2128 2592 2182 quem
2627 2129 2792 2183 supra
2827 2114 3329 2170 demonstravimus
3367 2131 3489 2187 pag.
3523 2114 3639 2170 172.

2250 2201 2388 2256 Ibid.
2412 2203 2521 2256 Kal
2536 2203 2662 2256 ἐκεῖ
2681 2204 2746 2260 τὸ
2774 2204 3011 2274 Πάσχα.
3042 2204 3184 2271 Quid
3215 2205 3302 2260 hic
3318 2205 3518 2260 audio?
3540 2206 3670 2267 ἐκεῖ,
3694 2202 3751 2258 id

2179 2304 2263 2348 est
2286 2294 2340 2348 iu
2366 2293 2527 2348 Iiortn
2545 2295 2752 2351 Pascha
2771 2295 3400 2353 manducasseﬂlinime
3425 2297 3474 2350 id
3501 2296 3752 2366 quidem;

2181 2389 2274 2443 sed
2307 2389 2393 2443 vel
2434 2389 2552 2442 ἐκεῖ
2591 2389 2656 2442 ad
2694 2391 2977 2458 superiora
3018 2390 3270 2457 pertinet,
3305 2389 3389 2441 vel
3439 2388 3755 2458 trajectione

2180 2489 2369 2550 peccat
2389 2481 2481 2535 hic
2509 2481 2682 2535 locus.
2706 2479 2862 2546 Quod
2885 2479 3105 2550 subjicit
3136 2498 3148 2524 ε
3178 2480 3277 2532 οὐκ
3299 2479 3473 2544 ἄλλως
3501 2481 3754 2550 ποιήσας,

2179 2573 2459 2628 Christum
2485 2583 2732 2640 excusat,
2759 2588 2858 2628 cur
2885 2589 2990 2627 non
3017 2573 3257 2644 legitimo
3280 2582 3524 2642 tempore
3549 2570 3755 2626 Pascha

2180 2665 2484 2735 peregerit;
2516 2664 2662 2734 quod
2707 2665 2773 2718 ad
2819 2664 3098 2734 publicum
3127 2673 3182 2719 et
3208 2679 3556 2719 communem
3593 2677 3756 2718 usum

2181 2753 2604 2808 accommodare
2627 2771 2684 2810 se
2706 2755 2978 2808 maluerit.

2240 2846 2378 2901 Ibid.
2391 2845 2453 2899 D.
2464 2847 2660 2913 Εὐθὺς
2671 2845 2900 2914 πρῶτος
2908 2844 3322 2912 Οὑαλεντῖνος.
3335 2844 3457 2900 Haec
3471 2860 3534 2899 ex
3553 2844 3762 2899 lrenao

2180 2955 2441 3010 expressa
2477 2950 2603 2994 sunt
2637 2958 2650 2995 :
2690 2940 2782 3008 qui
2830 2940 2925 2993 lib.
2964 2953 3024 3001 rt,
3064 2954 3182 3008 cap.
3229 2940 3319 3006 '58,
3349 2936 3761 2992 Valentinianus

2181 3032 2402 3096 refutat,
2443 3031 2536 3101 qui
2577 3046 2682 3084 xxx
2736 3027 2981 3083 JEonum
3024 3030 3306 3100 collegium
3342 3030 3443 3084 hoc
3489 3042 3759 3082 annorum

2181 3121 2387 3178 Christi
2427 3136 2656 3176 numero
2688 3120 2987 3176 fulciebant
3020 3139 3033 3174 :
3065 3122 3265 3191 quippe
3299 3120 3580 3175 Christum
3606 3135 3762 3175 asse-

2189 3214 2380 3269 rebant
2425 3229 2572 3268 anno
2618 3213 2795 3268 aetatis
2843 3229 2952 3268 xxx
3001 3228 3220 3284 passum
3259 3229 3401 3279 esse,
3445 3228 3631 3268 mense
3661 3227 3762 3267 xu.

2180 3307 2389 3362 Contra
2417 3321 2556 3377 qu0s
2580 3322 2697 3376 (ap.
2742 3306 2812 3360 39
2839 3307 3198 3368 demonstrat,
3226 3305 3444 3359 biennio
3475 3315 3528 3360 et
3554 3305 3765 3375 aliquot

2187 3400 2470 3477 mensibus
2489 3400 2834 3470 praedicasse.
2859 3396 3220 3468 Posteaquam
3248 3397 3412 3467 igitur
3445 3397 3511 3451 de
3532 3406 3765 3466 utroque

2186 3509 2356 3556 anno,
2390 3502 2499 3547 tam
2531 3509 2642 3563 quo
2659 3503 2822 3548 natus
2839 3507 3002 3562 quam
3028 3507 3138 3562 quo
3155 3507 3350 3562 passus
3376 3500 3457 3546 est
3477 3489 3762 3552 Dominus.

2191 3585 2597 3640 accuratissime
2611 3584 3028 3654 disputavimus,
3051 3595 3478 3639 consentaneum
3497 3594 3599 3646 est,
3623 3585 3764 3638 utde

2189 3677 2542 3743 Paschatum,
2588 3693 2711 3746 qua:
2751 3686 2874 3748 post
2915 3677 3244 3746 baptismum
3292 3673 3548 3728 Christus
3591 3674 3760 3736 obiit,

2189 3787 2422 3828 numero
2502 3770 2874 3826 diﬂicillimam
2960 3768 3317 3840 quazstionern
3406 3766 3755 3835 explicemus.

2189 3863 2365 3932 Quam
2405 3880 2508 3918 nos
2536 3865 2682 3918 hunc
2703 3864 2879 3934 ipsum
2909 3863 2963 3917 in
2989 3863 3168 3917 locum
3199 3863 3395 3917 merito
3421 3859 3765 3919 distulimus.

2187 3955 2338 4028 quod
2388 3972 2514 4010 cum
2562 3954 2831 4026 superiori
2875 3955 2944 4009 de
2979 3952 3242 4008 Passione
3283 3951 3487 4008 Christi
3516 3951 3768 4022 disputa-

2187 4049 2340 4104 tione
2363 4063 2608 4104 connexa
2640 4059 2805 4118 atque
2829 4047 3102 4116 implicata
3130 4047 3422 4102 videretur.

2189 4184 2328 4250 Quot
2392 4183 2675 4238 secundum
2771 4182 3088 4306 baptibsmnzn
3157 4180 3425 4235 Paschata
3518 4181 3770 4236 Christus

2869 4269 2898 4306 ο
2937 4270 3032 4306 ten
3059 4291 3073 4306 .

2869 4269 3073 4307 ουιεηι.

2262 4409 2416 4464 Mitto
2445 4419 2651 4465 veteres
2679 4409 2824 4472 illos,
2857 4422 2964 4462 non
2995 4407 3279 4461 haereticos
3320 4405 3522 4471 solum,
3551 4415 3612 4459 ut
3654 4403 3768 4458 Va-

2192 4500 2542 4567 lentiuianos,
2573 4501 2667 4555 sed
2700 4499 2864 4555 etiam
2911 4498 3122 4563 Patres,
3151 4499 3244 4569 qui
3277 4514 3422 4553 anno
3451 4500 3626 4554 .etatis
3659 4514 3768 4553 xxx

2192 4607 2415 4665 passum
2465 4591 2755 4645 Dominum
2801 4593 3076 4645 memoriae
3129 4589 3486 4660 prodiderunt
3517 4606 3532 4643 :
3562 4590 3772 4658 quique

2189 4698 2362 4740 unum
2410 4683 2461 4738 ei
2493 4684 2760 4736 duntaxat
2812 4681 3215 4752 praedicationis
3268 4696 3472 4734 annum
3520 4679 3772 4750 assigna-

2191 4785 2340 4837 runt,
2374 4785 2432 4830 ut
2470 4777 2609 4831 inter
2651 4776 2790 4830 alios
2836 4773 3044 4829 Tertul.
3077 4775 3172 4828 lib.
3207 4783 3348 4828 cont.
3372 4772 3505 4830 Iud.
3553 4788 3676 4843 cap.
3707 4773 3768 4828 8.

2190 4869 2320 4924 Item
2349 4869 2666 4925 Lactantius
2703 4869 2799 4924 lib.
2833 4884 2908 4936 Iv,
2945 4884 3068 4938 cap.
3100 4869 3200 4935 10;
3231 4867 3402 4922 Clem.
3433 4868 3587 4922 Alex.
3621 4868 3718 4922 lib.
3753 4885 3768 4922 ι

2191 4972 2245 5018 et
2273 4980 2325 5017 vi
2347 4960 2571 5029 Strom.;
2603 4962 2895 5017 Africanus
2911 4964 3054 5034 apud
3088 4961 3237 5017 Hier.
3266 4964 3322 5016 in
3355 4963 3496 5018 Dan.
3530 4978 3653 5032 cap.
3687 4979 3769 5018 Ix.

2263 5054 2385 5121 His,
2427 5055 2674 5124 inquam,
2709 5054 3116 5124 praetermissis,
3162 5069 3401 5124 quorum
3430 5054 3615 5124 opinio
3647 5069 3772 5108 ma-

2192 5145 2390 5202 nifeste
2439 5162 2564 5201 cum
2596 5144 2825 5200 Joannis
2874 5160 2939 5200 ac
2972 5155 3293 5200 canet-orum
3343 5142 3638 5215 Evangelia
3669 5161 3774 5214 pu-

2191 5247 2342 5309 gnat,
2375 5246 2485 5292 tres
2531 5245 2661 5292 sunt
2705 5235 2991 5306 praecipua:
3033 5235 3102 5289 de
3152 5234 3484 5290 Paschatum
3538 5250 3774 5289 numero

2191 5332 2473 5388 sententiae
2506 5349 2519 5385 :
2568 5345 2694 5384 nam
2738 5331 2820 5384 vel
2849 5331 2975 5396 tria,
3005 5330 3090 5384 vel
3119 5338 3379 5399 quatuor,
3412 5335 3498 5384 vel
3527 5329 3776 5400 quinque

2193 5429 2540 5486 statuuntur;
2577 5435 2812 5490 quorum
2846 5430 3183 5489 postremum
3228 5419 3361 5474 illud
3396 5429 3501 5486 est,
3532 5420 3587 5474 in
3617 5434 3728 5489 quo
3756 5463 3770 5478 .

2193 5512 2277 5568 vel
2299 5513 2403 5568 sub
2434 5511 2582 5582 quod
2609 5511 2862 5567 Christus
2895 5512 2948 5567 in
2995 5527 3160 5566 cruce
3205 5512 3434 5566 tullixus
3459 5521 3543 5567 est
3576 5530 3592 5578 ;
3622 5513 3769 5583 quod

2193 5606 2419 5676 proinde
2447 5604 2828 5677 σταυρώσιμον
2853 5606 3071 5661 dicitur.
3104 5605 3182 5660 Ex
3215 5607 3282 5661 iis
3314 5609 3550 5662 secunda
3577 5609 3776 5664 media:

2191 5701 2511 5765 vetustatis,
2572 5700 2727 5755 tertia
2779 5698 2950 5754 infimi
3005 5700 3240 5755 saeculi:
3297 5701 3474 5771 prima
3521 5713 3774 5758 veterum

2195 5794 2586 5866 propemodum
2643 5796 2890 5851 omnium
2923 5805 3025 5852 est.
3080 5795 3145 5850 Ut
3193 5797 3354 5869 igitur
3399 5803 3553 5870 plura
3595 5799 3780 5857 tribus
