4054 6404
323 463 463 524 1009

1248 466 1333 521 DE
1370 466 1559 523 ANNO
1592 466 1679 521 ΕΤ
1722 466 1833 523 DIE
1872 466 2223 527 DOMINICJS
2258 472 2640 530 PASSIONIS.

3438 476 3577 535 4010

321 588 592 644 Paschata
619 592 745 657 post
770 585 1103 655 baptismum
1143 586 1329 655 elapsa
1371 588 1686 651 credantur,
1719 587 1899 643 Evan-
1928 591 1976 649 Δ
2005 590 2330 658 prtedicarit.
2367 592 2442 646 Ex
2477 609 2587 663 quo
2628 591 2937 647 ratiocinati
2971 598 3106 647 sunt
3150 590 3380 647 alterum
3406 595 3456 648 ei
3490 610 3576 651 r2-

319 681 585 749 geliorum
621 679 937 735 testimonio
988 688 1165 734 ratum
1222 682 1339 736 fieri
1389 682 1623 749 videtur,
1678 684 1731 738 in
1780 684 1892 753 pri-

311 776 537 844 misque
575 770 825 838 Joannis,
885 775 979 843 qui
1026 773 1339 830 distinctius
1379 788 1444 830 ea
1476 774 1689 830 caeteris
1719 775 1893 831 tribus

322 868 760 936 nominatimque
821 866 1159 937 perscripsit.
1235 868 1389 937 Apud
1443 883 1605 937 quem
1657 868 1892 937 primum

320 957 532 1012 Pascha
585 957 747 1026 paulo
798 967 920 1026 post
963 957 1291 1026 baptismum
1345 967 1399 1011 ct
1450 958 1771 1013 miraculum
1838 959 1891 1012 in

319 1052 467 1103 Cana
507 1048 710 1104 factum
754 1064 874 1117 cap.
907 1064 968 1114 tt,
1012 1063 1155 1103 com.
1190 1049 1257 1103 15
1305 1060 1649 1114 recensetur;
1698 1064 1895 1104 secun-

318 1144 450 1197 dum
484 1157 606 1211 cap.
661 1157 716 1208 v,
765 1155 909 1195 com.
959 1141 1011 1207 1,
1047 1141 1139 1196 ubi
1189 1140 1385 1196 festum
1422 1142 1567 1196 diem
1612 1156 1643 1196 a
1688 1140 1893 1197 Judaris

319 1234 652 1289 celebratum
697 1232 771 1286 ait
806 1250 819 1285 :
853 1231 999 1302 quod
1034 1232 1101 1286 de
1135 1231 1399 1287 Paschate
1424 1231 1660 1288 lrenaeus
1695 1233 1894 1301 accipit

322 1330 416 1384 lib.
452 1346 514 1391 tt,
556 1344 679 1397 cap.
722 1326 825 1390 '59;
881 1323 1098 1379 tertium
1153 1334 1236 1378 est
1267 1340 1386 1394 cap.
1420 1340 1473 1390 v,
1510 1340 1653 1378 com.
1687 1324 1722 1378 4
1769 1332 1893 1395 post

320 1428 564 1474 saturata
592 1418 835 1487 quinque
868 1415 1036 1469 millia
1069 1413 1303 1485 panibus
1355 1416 1598 1485 quinque
1656 1430 1721 1470 ac
1749 1417 1891 1470 duo-

320 1516 423 1569 hus
448 1512 727 1583 piscibus;
757 1516 1012 1579 quartum
1036 1516 1122 1562 est
1149 1506 1304 1574 illud,
1336 1509 1390 1562 in
1432 1524 1541 1579 quo
1565 1523 1761 1579 passus
1785 1520 1888 1562 est.

316 1607 399 1661 Ad
432 1608 572 1660 hanc
598 1602 830 1659 Joannis
854 1601 1162 1667 historiam,
1198 1610 1252 1655 et
1274 1601 1554 1656 intervalla
1586 1609 1890 1671 temporum

319 1698 653 1767 reliquorum
732 1694 1107 1758 narrationes,
1163 1708 1286 1763 quae
1341 1692 1523 1748 minus
1574 1693 1889 1748 distinctam

322 1791 520 1845 habent
551 1788 976 1857 descriptionem
1012 1796 1342 1857 temporum,
1372 1786 1520 1841 velut
1550 1786 1616 1841 ad
1646 1785 1888 1856 regulam

320 1879 742 1939 accommodare
774 1883 1021 1933 nituntur
1052 1893 1214 1934 :nam
1255 1882 1491 1948 primum
1534 1876 1752 1946 quidem
1783 1875 1888 1930 Pa-

322 1976 455 2033 scha
494 1975 671 2029 solum
725 1971 995 2028 Joannem
1030 1984 1492 2026 commemorasse
1517 1977 1709 2039 putant
1745 1988 1758 2023 :
1805 1984 1894 2023 se-
1926 1952 1968 2008 Β

321 2069 561 2125 cundum
611 2068 756 2138 quod
799 2064 1037 2121 Joannes
1080 2065 1259 2119 adhuc
1310 2063 1617 2133 baptizasse
1674 2062 1892 2132 legitur.

321 2159 481 2216 Joan.
544 2172 627 2223 ιιι,
681 2157 772 2212 25.
801 2158 920 2223 Quo
949 2157 1000 2210 in
1030 2155 1243 2209 vincula
1295 2154 1545 2224 conjecto
1600 2153 1896 2224 praedicare

321 2249 575 2306 Christus
596 2248 781 2318 coepit,
812 2247 1003 2303 Matth.
1038 2263 1109 2312 tv,
1147 2246 1201 2310 2,
1235 2254 1289 2301 et
1308 2245 1476 2301 Marc.
1512 2262 1551 2313 ι,
1580 2246 1646 2301 l4
1678 2264 1691 2301 :
1725 2261 1754 2301 a
1784 2262 1895 2316 quo

322 2354 566 2414 tempore
600 2352 711 2397 tres
748 2340 924 2396 caeteri
960 2354 1049 2394 res
1075 2354 1102 2392 a
1147 2338 1369 2394 Christo
1410 2345 1591 2408 gestas
1630 2337 1779 2390 velut
1825 2336 1895 2391 ab

322 2437 480 2491 initio
510 2436 807 2490 deducunt.
856 2430 1119 2502 Sequitur
1162 2444 1293 2501 ergo
1330 2430 1537 2485 Pascha
1569 2430 1889 2492 secundum,

319 2528 465 2599 quod
490 2544 614 2583 cum
644 2525 799 2582 Joan.
825 2542 878 2593 ν,
904 2535 1019 2580 tum
1046 2524 1235 2579 Matth.
1263 2541 1362 2590 xu,
1382 2523 1547 2578 Marc.
1581 2539 1641 2589 tt,
1677 2522 1809 2578 Luc.
1839 2538 1894 2578 vt

320 2624 481 2677 tacite
518 2621 875 2690 signiﬁcatur,
918 2634 983 2672 eo
1026 2618 1171 2686 quod
1214 2615 1453 2671 Sabbato
1509 2616 1894 2687 deuteroproto

320 2727 416 2783 per
446 2721 562 2767 sata
606 2711 873 2765 transisse
897 2709 1157 2765 dicuntur
1198 2709 1450 2778 apostoli,
1487 2717 1540 2763 et
1570 2709 1750 2777 spicas
1780 2708 1893 2762 vel-

320 2804 519 2859 licasse
551 2822 565 2856 :
595 2802 743 2872 quod
790 2811 1006 2869 tempus
1056 2800 1108 2854 in
1160 2801 1310 2870 ipsas
1358 2800 1687 2871 Azymorum
1728 2797 1894 2855 ferias

322 2894 569 2950 incurrit.
627 2891 747 2948 Jam
798 2893 1017 2947 tertium
1078 2900 1273 2961 praeter
1316 2888 1582 2944 Joannem
1630 2904 1755 2961 cap.
1813 2904 1890 2952 νι.

317 2988 481 3043 etiam
511 2985 701 3041 Matth.
743 2999 853 3051 xtv,
895 2983 1062 3038 Marc.
1091 3000 1167 3049 vt,
1201 2981 1331 3038 Luc.
1364 2999 1442 3048 ιχ,
1490 2982 1848 3054 prodiderunt
1876 3000 1890 3037 :

318 3078 520 3148 quippe
575 3076 901 3131 miraculum
957 3073 1090 3129 illud
1145 3073 1630 3144 multiplicatorum
1691 3087 1891 3142 panum

318 3170 617 3239 exponunt,
652 3167 797 3236 quod
828 3165 1068 3221 Joannes
1095 3164 1199 3219 sub
1241 3165 1420 3235 ipsum
1465 3162 1676 3218 Pascha
1711 3163 1890 3221 conti-

319 3258 465 3330 gisse
495 3258 704 3314 scribit.
734 3255 890 3312 Hunc
936 3257 990 3310 in
1023 3256 1243 3311 modum
1271 3271 1399 3310 vere
1430 3256 1589 3326 vulgo
1621 3253 1889 3313 Paschata
1919 3288 1962 3346 ε

318 3352 590 3422 digerunt,
655 3348 746 3419 qui
798 3346 1116 3403 harmonias
1176 3346 1517 3417 evangelicas
1572 3355 1889 3410 eontexnnt,

319 3440 425 3496 nisi
485 3438 615 3510 quid
666 3440 828 3510 paulo
876 3440 946 3494 ab
996 3438 1118 3494 aliis
1167 3438 1325 3493 aliter
1369 3436 1695 3507 explicatur,
1747 3437 1892 3507 quod

318 3530 693 3602 scrupulosius
718 3532 1049 3601 perscrutari
1080 3531 1315 3586 Otiosum
1345 3530 1601 3585 arbitror.

387 3625 458 3679 At
484 3623 734 3694 Scaliger‘
768 3624 824 3678 in
872 3623 965 3677 lib.
1002 3638 1058 3678 vt
1094 3622 1170 3676 De
1201 3623 1409 3676 emend.
1459 3622 1704 3691 quinque
1733 3632 1893 3691 repe-

318 3714 416 3768 riri
475 3713 745 3769 Paschata
800 3711 1175 3769 vehementius
1228 3723 1437 3783 pugnat
1477 3731 1490 3766 :
1527 3728 1648 3766 nam
1700 3721 1895 3781 praeter

319 3789 556 3875 primum
583 3803 744 3859 Joan.
777 3821 834 3869 tt,
871 3807 1102 3860 alterum
1128 3805 1262 3860 illud
1290 3819 1411 3860 esse
1445 3805 1655 3871 statuit,
1688 3804 1754 3858 de
1781 3818 1894 3874 quo

319 3895 477 3954 lean.
510 3913 564 3952 v.
592 3896 692 3952 Cui
733 3898 953 3953 tertium
983 3897 1229 3969 adiungit
1256 3897 1419 3963 illud,
1440 3912 1470 3952 a
1502 3912 1613 3967 quo
1652 3912 1747 3967 per
1774 3907 1893 3951 sata

320 3992 423 4046 iter
451 3991 707 4047 habuisse
737 3990 989 4046 feruntur
1019 3991 1283 4061 apostoli;
1330 4000 1587 4061 quartum
1617 4001 1701 4045 est
1732 3988 1891 4044 Joan.

320 4099 408 4150 vt;
439 4082 691 4153 quintum
719 4083 781 4137 τὸ
802 4082 1202 4155 σταυρώσιμον.
1238 4085 1509 4153 Additque
1553 4084 1891 4147 singulorum

320 4174 662 4229 characteres
710 4190 775 4229 ac
819 4175 1221 4231 delineationes
1270 4193 1283 4228 :
1326 4175 1487 4246 cuius
1508 4173 1895 4247 ἀκριϐολογίας

321 4270 614 4324 vanitatem
640 4269 861 4340 copiose
886 4280 1012 4324 ante
1039 4270 1441 4341 redarguimus.

395 4360 615 4416 Veteres
643 4370 849 4428 autem,
878 4361 957 4415 uti
988 4361 1193 4415 dictum
1226 4373 1331 4425 est,
1368 4362 1435 4416 ad
1476 4378 1643 4417 unum
1677 4377 1891 4422 omnes,

322 4452 427 4507 nisi
470 4453 564 4522 qui
611 4452 891 4507 tricesimo
924 4455 1100 4508 aetatis
1133 4469 1276 4508 anno
1312 4469 1531 4522 passum
1564 4463 1757 4525 putant
1786 4452 1894 4508 Do-

321 4546 552 4610 minum,
586 4545 1001 4600 tria-duntaxat
1031 4543 1311 4601 Paschata
1328 4557 1617 4600 numerant
1653 4564 1667 4601 :
1698 4545 1752 4599 in
1778 4545 1892 4614 pri-

2002 684 2269 751 spondere
2295 689 2391 739 τδν
2435 685 2867 756 ἀντιλεγόμενον.
2922 683 2999 739 Ita
3038 684 3184 739 enim
3238 684 3575 755 Epiphanius

2002 777 2301 843 praesertim
2335 794 2392 832 n.
2418 778 2509 833 25.
2541 779 2609 832 At
2638 777 3164 847 longetolerahilius
3190 793 3312 832 meo
3352 775 3570 848 quidem

1997 867 2210 945 judicio
2239 870 2414 925 Clem.
2462 871 2615 926 Alex.
2661 871 2897 940 aliique,
2946 871 3037 940 qui
3074 886 3141 925 ex
3175 870 3326 925 Isaiae
3372 871 3569 930 verbis.
3670 903 3675 909 -

2004 980 2069 1022 ac
2102 962 2398 1032 singularis
2433 963 2560 1015 anni
2592 962 2868 1016 mentione
2897 959 3101 1015 Christi
3133 961 3569 1030 praedicationem

2001 1071 2184 1112 annuo
2215 1054 2394 1124 spatio
2430 1052 2777 1107 definierunt.
2823 1051 2957 1107 Nam
2992 1052 3096 1107 hoc
3142 1060 3298 1120 pacto
3328 1053 3572 1115 ἐνιαυτὸς

1999 1146 2187 1209 δεκτός
2210 1159 2318 1199 non
2351 1143 2665 1199 Judaaorum
2697 1143 3128 1215 comparatione,
3159 1144 3252 1198 sed
3285 1143 3572 1213 ipsiusmi-t

2000 1238 2093 1293 Dei
2147 1237 2464 1302 vocabitur;
2509 1252 2619 1306 quo
2667 1251 2829 1291 sensu
2888 1234 3014 1291 Isai.
3056 1218 3212 1294 της-ινῆ
3254 1243 3379 1316 την-ι
3417 1243 3573 1294 πω

1998 1331 2155 1385 dixit.
2189 1328 2322 1396 Qua:
2342 1339 2487 1383 recte
2524 1330 2578 1382 ι).
2609 1326 2831 1383 Hieron.
2866 1328 3058 1391 vertit,
3096 1343 3293 1380 annum
3326 1338 3571 1395 accepta-

2000 1425 2155 1478 bilem
2178 1423 2421 1477 Domino.
2457 1421 2708 1489 Idemque
2740 1422 2793 1475 in
2823 1420 3035 1476 Comm.
3067 1436 3263 1473 annum
3281 1419 3573 1488 acceptabi-

1998 1517 2119 1579 lem,
2150 1524 2199 1569 et
2228 1515 2366 1568 diem
2397 1514 2779 1579 retributionis,
2812 1529 2961 1566 omne
3008 1512 3404 1581 praedicationis
3434 1511 3568 1579 ejus.

1996 1622 2098 1676 quo
2126 1606 2180 1657 in
2214 1620 2370 1657 carne
2401 1613 2634 1657 versatus
2661 1613 2762 1665 est,
2793 1612 2991 1672 tempus
3016 1603 3325 1673 significare
3363 1601 3567 1655 docuit.

1999 1695 2119 1762 Quo
2138 1705 2191 1751 et
2219 1696 2501 1765 apostolus
2521 1693 2725 1750 Paulus
2754 1695 3018 1765 respexit,
3045 1710 3171 1749 cum
3200 1692 3243 1747 ll
3266 1693 3333 1749 ad
3359 1691 3487 1749 Cor.
3517 1710 3599 1750 vt.
3636 1706 3640 1709 '

1999 1786 2134 1842 dixit
2165 1807 2178 1843 :
2210 1785 2343 1840 Ecce
2373 1802 2509 1839 nunc
2548 1782 2754 1855 tempus
2787 1786 3127 1854 acceptabile.
3171 1785 3296 1842 Haec
3342 1784 3566 1841 Hieron.

1999 1878 2154 1946 Quod
2182 1888 2232 1934 et
2263 1892 2388 1932 ante
2413 1880 2589 1947 ipsum
2622 1875 2759 1932 lren.
2793 1878 2886 1931 lib.
2914 1894 2974 1944 ιι,
2998 1894 3120 1949 cap.
3144 1878 3242 1945 38,.
3265 1878 3521 1933 docuerat
3554 1897 3600 1933 :~

1996 1988 2200 2027 annum
2239 1972 2515 2036 videlicet,
2560 1986 2722 2041 quem
2769 1972 3034 2041 propheta
3067 1981 3228 2027 vocat
3259 1972 3569 2043 acceptabi-

1998 2065 2124 2129 lem,
2158 2079 2321 2118 omne
2355 2063 2423 2117 ab
2454 2064 2691 2118 adventu
2720 2063 2926 2117 Christi
2975 2071 3191 2133 tempus
3217 2066 3282 2117 ad
3312 2079 3571 2119 consum-

1996 2154 2293 2208 mationem
2317 2167 2487 2222 usque
2504 2152 2835 2222 significare.
2872 2151 2982 2208 Nec
3007 2154 3150 2207 aliud
3176 2154 3347 2210 Isaias
3373 2154 3569 2209 voluit.

1997 2244 2177 2312 Quare
2215 2245 2360 2315 quod
2403 2259 2470 2299 ex
2521 2258 2589 2299 eo
2634 2243 2739 2299 PP.
2773 2245 2994 2315 quidam
3025 2254 3479 2316 argumentantur
3505 2248 3595 2302 de.

1997 2349 2105 2389 uno
2148 2335 2232 2390 vel
2294 2333 2470 2388 altero
2501 2333 2911 2404 praedicationis
2940 2350 3105 2401 anno,
3137 2336 3281 2406 quod
3316 2351 3424 2391 non
3452 2336 3595 2391 sine-

1994 2424 2167 2480 veniae
2197 2424 2520 2495 praefatione
2546 2424 2759 2478 dictum
2803 2424 2897 2489 sit,
2926 2424 2995 2478 ab
3027 2423 3178 2478 Isaia:
3207 2434 3387 2483 mente
3413 2439 3570 2495 prov-

1998 2534 2095 2573 sus
2120 2518 2359 2572 alienum
2395 2516 2631 2571 videtur.
2664 2516 2743 2571 Ac
2775 2515 3017 2586 profecto
3060 2517 3106 2571 si
3156 2517 3265 2570 duo
3304 2517 3572 2571 duntaxat

1995 2617 2122 2662 ante
2168 2617 2502 2678 postremum
2556 2608 2709 2671 illud,
2738 2619 2794 2663 et
2840 2606 3245 2683 σταυρώσιμον,
3305 2608 3573 2664 Paschata

1996 2700 2319 2770 transegerit
2346 2699 2600 2755 Christus
2622 2738 2638 2765 ,
2669 2699 2785 2757 fieri
2830 2714 2955 2754 non.
2985 2710 3196 2769 potest,
3238 2707 3298 2753 ut
3332 2701 3570 2770 priorem

1994 2806 2202 2846 annum
2268 2790 2388 2845 sine
2437 2790 2604 2845 ullius
2654 2788 2954 2846 offensione
3023 2806 3087 2846 ac
3143 2791 3574 2847 contradictione

1994 2888 2426 2958 consumpserit;
2455 2888 2654 2943 multas
2677 2888 2823 2943 enim
2849 2898 2905 2943 et
2954 2888 3183 2944 hostiles
3214 2889 3529 2945 vexationes
3554 2929 3569 2950 .

1994 2978 2244 3045 insidias,
2285 2980 2645 3035 contumelias
2673 2981 2727 3034 in
2752 2996 2877 3036 eum
2903 2996 3107 3036 annum
3127 2981 3328 3051 conjici
3351 2997 3575 3038 necesse

1992 3078 2097 3132 est,
2124 3076 2185 3123 ut
2213 3078 2402 3139 postea
2437 3070 2828 3137 declarabitur,
2855 3086 3168 3141 quanquam
3193 3087 3263 3126 ne
3287 3073 3572 3127 commoda

1993 3158 2209 3228 quidem
2244 3160 2313 3213 ab
2347 3159 2455 3214 illis
2497 3158 2832 3214 Paschatum
2874 3174 2938 3214 ac
2968 3167 3275 3228 temporum
3319 3159 3573 3215 instituta

1994 3250 2330 3306 distributio.
2373 3249 2632 3307 lrenaeus.
2655 3251 2893 3322 primum
2923 3249 3129 3306 Pascha
3176 3252 3368 3307 statuit
3417 3251 3571 3315 illud,

2002 3341 2159 3411 cujus
2195 3342 2446 3397 meminit
2483 3340 2640 3398 Joan.
2687 3357 2809 3413 cap.
2840 3359 2900 3405 ιι,
2941 3358 3087 3397 com.
3124 3344 3225 3409 15;
3271 3343 3571 3398 secundum

2002 3449 2130 3488 vero
2160 3450 2226 3488 ex
2262 3433 2420 3490 Joan.
2455 3450 2507 3499 v,
2539 3449 2680 3490 com.
2725 3435 2777 3500 1,
2801 3436 3039 3499 deducit,
3072 3436 3163 3490 ubi
3195 3435 3338 3491 diem
3375 3434 3573 3490 festum

1999 3525 2311 3582 Judaeorum
2346 3528 2594 3593 nominat
2645 3546 2658 3582 :
2694 3543 2929 3597 quocum
2969 3529 3199 3582 alterum
3261 3528 3458 3597 capitis
3496 3542 3574 3590 vt,

2000 3635 2145 3675 com.
2181 3620 2234 3684 4,
2263 3618 2578 3687 confundit;
2614 3629 2740 3674 ante
2786 3620 2931 3690 quod
2965 3620 3450 3689 multiplicatorum
3475 3635 3576 3691 pa-

2002 3728 2130 3767 num
2156 3712 2461 3781 prodigium
2486 3712 2682 3768 accidit
2706 3731 2719 3766 :
2749 3713 2834 3767 his
2858 3711 3070 3768 duobus
3090 3711 3389 3782 subjicitcb
3408 3728 3576 3766 σταυ-

2005 3803 2263 3875 ρώσιμον.
2308 3803 2476 3859 Miror
2519 3805 2662 3859 hunc
2694 3805 2882 3860 lrentei
2926 3805 3106 3861 locum
3146 3820 3255 3860 non
3299 3805 3433 3860 satis
3474 3820 3575 3860 ex-

2000 3897 2272 3966 pendisse,
2300 3898 2393 3966 qui
2418 3896 2719 3951 secundum
2746 3897 2955 3952 Pascha
2980 3913 3046 3952 ex
3073 3897 3222 3953 illius
3240 3898 3577 3953 auctoritate

2001 3988 2337 4043 constituunt
2366 3987 2511 4042 istud
2543 3989 2742 4059 ipsum,
2774 3989 2841 4044 de
2863 4004 2972 4059 quo
2994 3989 3153 4044 Joan.
3188 4005 3311 4059 cap.
3335 4007 3388 4055 ν,
3419 3990 3491 4047 ita
3518 4001 3579 4047 ut

2001 4080 2218 4135 tertium
2250 4082 2325 4136 sit
2345 4082 2504 4152 cujus
2532 4079 2693 4136 Joan.
2719 4097 2795 4148 Vl,
2824 4084 3029 4137 mentio
3053 4083 3129 4137 tit.
3160 4083 3372 4138 Etenim
3396 4084 3444 4140 si
3468 4083 3603 4141 duo.

2003 4172 2118 4227 haec
2148 4172 2283 4228 festa
2316 4173 2572 4228 distincta
2612 4189 2736 4229 esse
2777 4173 3103 4230 credidisset
3132 4174 3371 4231 lrenaus
3394 4215 3409 4239 ,
3449 4191 3577 4232 cum

2003 4267 2196 4335 triplex
2253 4266 2521 4321 duntaxat
2580 4265 2789 4321 Pascha
2840 4268 3219 4337 praedicationi
3272 4269 3575 4333 tribueret.

2003 4372 2280 4427 nunquam
2321 4358 2472 4426 prius
2508 4358 2641 4412 illud
2677 4358 2872 4413 festum
2916 4357 3076 4414 Joan.
3113 4376 3190 4424 v,,
3217 4360 3428 4417 Pascha
3456 4374 3604 4416 esse.

2003 4447 2251 4502 dixisset.
2287 4446 2395 4502 Sed
2436 4448 2643 4518 largius
2676 4458 2864 4517 peccat
2892 4447 3226 4519 Epiphanius
3250 4490 3264 4515 ,
3297 4451 3388 4522 qui
3422 4466 3573 4506 num.

2001 4539 2073 4593 25
2096 4539 2339 4607 primum
2388 4539 2594 4595 Pascha
2647 4540 2846 4596 festum
2888 4542 3020 4597 illud
3059 4543 3211 4608 facit,
3244 4543 3299 4597 in
3335 4558 3446 4614 quo
3479 4557 3577 4598 vo-

323 4632 429 4687 mis
464 4630 697 4688 lrenazus
734 4635 852 4689 loco
898 4634 1106 4700 citato;
1166 4644 1278 4689 tum
1309 4635 1639 4705 Apollinaris
1669 4634 1892 4691 Laodic.
1927 4648 1973 4704 ι)
2003 4630 2261 4687 ciferatus
2285 4640 2370 4687 est
2400 4632 2652 4689 Christus
2689 4651 2704 4689 :
2736 4632 2793 4689 Si
2826 4637 2942 4703 quis
2968 4637 3115 4702 sitit,
3150 4638 3321 4690 veniat
3360 4636 3437 4690 ad.
3474 4652 3575 4699 me,

322 4721 463 4791 apud
488 4721 710 4777 Hieron.
738 4724 795 4777 in
820 4740 937 4793 cap.
972 4739 1027 4778 ix
1054 4723 1219 4791 Dom;
1268 4724 1531 4793 Origenes
1556 4726 1652 4781 lib.
1686 4742 1723 4781 ιι
1754 4735 1897 4780 cont.

325 4815 463 4878 σει..
492 4816 586 4871 ubi
614 4814 810 4872 Judant
840 4834 952 4872 non
983 4818 1215 4873 solidum
1249 4820 1544 4874 triennium
1572 4820 1750 4890 egisse
1773 4836 1897 4875 cum

323 4907 545 4963 Christo
596 4909 819 4975 scribit;
854 4907 1133 4963 Eusebius
1154 4910 1210 4963 in
1243 4909 1507 4965 Chronico
1532 4910 1646 4977 ubi,
1683 4920 1807 4980 post
1833 4928 1902 4967 xv

324 4998 549 5059 Tiberii.
574 5015 638 5056 ac
687 5000 903 5056 Domini
958 5002 1287 5073 baptismum
1337 5001 1528 5075 τριετῆ
1558 5002 1749 5074 χρόνον
1801 5002 1901 5072 τῆς

323 5090 668 5157 διδασκαλίας
708 5092 1048 5162 διαγενέσθαι
1078 5109 1142 5148 ex
1176 5092 1403 5150 Joannis
1443 5095 1736 5166 Evangelia
1769 5108 1902 5149 con-

328 5183 524 5238 firmat.
554 5183 766 5251 Quibus
794 5185 1004 5240 accedit
1029 5184 1388 5257 Epiphanius.

400 5276 503 5334 Sed
546 5293 740 5333 eorum
789 5279 956 5349 aliqui
1002 5279 1142 5333 haud
1186 5280 1320 5334 satis
1366 5280 1521 5337 firma
1552 5279 1765 5333 ratione
1816 5278 1902 5331 in-

325 5366 475 5421 ducti
524 5367 803 5432 videntur,
859 5378 920 5423 ut
980 5370 1198 5424 biennio
1235 5370 1560 5439 praedicasse
1615 5368 1895 5423 Christum

325 5469 703 5514 asseverarent
728 5479 741 5513 :
771 5461 1029 5514 nimirum
1055 5461 1202 5530 quod
1233 5460 1376 5531 apud
1412 5461 1608 5514 Isaiam
1634 5474 1754 5529 cap.
1780 5472 1897 5524 ut,

324 5564 469 5605 com.
519 5551 575 5612 2,
634 5551 850 5622 legitur,
883 5550 973 5605 ubi
1006 5549 1258 5607 Christus
1308 5552 1537 5605 missum
1586 5565 1647 5604 se
1673 5564 1707 5602 a
1742 5548 1900 5604 Patre

325 5643 629 5711 proﬁtetur,
685 5644 911 5698 καλέσαι
972 5643 1216 5697 ἐνιαυτὸν
1267 5643 1475 5715 Κυρίου
1524 5642 1745 5707 δεκτὺν,
1806 5644 1899 5695 καὶ

324 5731 539 5804 ἡμέραν
565 5734 990 5798 ὰνταποδόσεως,
1023 5734 1280 5804 suspicati
1316 5744 1444 5790 sunt
1465 5734 1714 5787 ἐνιαυτόν
1745 5733 1895 5788 illum

324 5829 531 5893 δεκτόν,
605 5844 802 5881 annum
852 5828 1247 5893 acccptabifem,
1305 5843 1539 5897 priorem
1591 5848 1621 5883 e
1675 5829 1892 5883 duobus

326 5935 478 5987 esse;
530 5922 583 5977 in
643 5938 751 5988 quo
807 5923 1208 5980 contradicente
1261 5923 1478 5979 nemine
1544 5920 1893 5993 Evangelium

1999 4732 2050 4778 et
2083 4722 2250 4786 bibat,
2284 4722 2441 4779 Joan.
2484 4740 2579 4788 vu,
2623 4726 2733 4792 57;
2782 4727 3012 4781 alterum
3062 4741 3213 4789 vero.
3258 4728 3327 4782 de
3371 4742 3483 4796 quo
3521 4730 3576 4782 in

2000 4816 2188 4871 eodem
2236 4831 2357 4886 cap.
2406 4817 2546 4871 dixit
2597 4834 2611 4871 :
2656 4817 2780 4871 Non
2834 4819 3057 4874 ascendo
3091 4819 3337 4873 od.diem
3384 4820 3577 4889 festum

2002 4909 2165 4962 istum
2196 4926 2216 4963 :
2253 4909 2305 4961 in
2340 4923 2451 4978 quo
2481 4909 2645 4964 etiam
2676 4925 2802 4965 cum
2827 4908 3089 4966 Pharisaei
3115 4911 3578 4980 comprehendere

2002 5001 2155 5056 illum
2182 5010 2466 5071 cuperent,
2498 5012 2644 5057 metu
2678 5004 2910 5072 repressi
2941 5011 3090 5069 sunt,
3117 5018 3264 5059 com.
3290 5004 3378 5058 44.
3409 5002 3577 5058 Multa

2002 5101 2131 5149 sunt
2167 5108 2198 5147 a
2234 5082 2597 5149 sanctissimis
2636 5093 2890 5149 Patribus
2943 5109 3339 5164 nonnunquam
3384 5108 3576 5164 parum

2001 5196 2132 5237 vere
2168 5191 2482 5255 attenteque
2537 5184 2740 5253 scripta
2793 5202 2807 5237 :
2863 5198 2986 5253 qua:
3043 5185 3261 5253 quidem
3318 5193 3578 5255 praestare

2003 5274 2159 5333 velle.
2192 5273 2434 5344 religiosi
2476 5272 2711 5331 fortasse
2731 5318 2745 5339 ,
2778 5277 2870 5332 sed
2902 5292 3097 5345 parum
3132 5276 3417 5345 prudentis
3456 5291 3577 5332 ease

2004 5365 2240 5420 arbitror
2274 5366 2693 5430 :vehementius
2722 5377 2905 5423 autem
2942 5384 3237 5433 accusare,
3273 5384 3450 5439 neque
3492 5382 3579 5423 re-

2002 5458 2203 5529 ligiosi,
2234 5472 2414 5528 neque
2443 5459 2749 5527 prudentis.
2791 5459 2905 5515 Nos
2944 5476 3027 5523 ea,
3059 5475 3167 5530 qua
3202 5475 3301 5530 par
3325 5469 3428 5526 est,
3461 5474 3567 5515 mo-

2002 5551 2283 5605 deratione
2315 5551 2367 5605 in
2395 5551 2711 5608 divinorum
2757 5553 3040 5607 hominum
3063 5597 3079 5621 ,
3115 5552 3211 5609 sed
3257 5553 3538 5606 hominum
3559 5591 3576 5614 ,

2001 5658 2218 5698 errores
2243 5659 2307 5699 ac
2330 5644 2513 5713 lapsus
2546 5659 2655 5699 non
2688 5653 2798 5698 tam
2830 5645 3189 5715 inquirimus,
3232 5659 3395 5714 quam
3424 5642 3579 5704 obla-

2004 5747 2090 5792 tos
2120 5738 2266 5793 ultro
2310 5753 2375 5793 ac
2428 5738 2511 5793 vel
2540 5738 2726 5793 invitis
2754 5751 3140 5806 occurrentes,
3174 5755 3241 5793 ne
3279 5738 3367 5794 cui
3397 5733 3575 5791 fraudi

2005 5831 2135 5893 sint,
2159 5829 2516 5900 patefecimus
2543 5849 2557 5895 ;
2607 5832 2744 5885 tueri
2777 5842 2957 5887 autem
2987 5848 3051 5886 ac
3076 5830 3368 5886 defendere
3400 5829 3574 5884 nihito

2004 5929 2175 5990 magis
2234 5938 2395 5993 quant
2444 5939 2631 5978 eorum
2671 5922 2797 5978 vitia
2822 5964 2837 5992 ,
2880 5937 2927 5977 si
2952 5938 3073 5993 qua:
3102 5922 3339 5990 fuerint,
3369 5921 3574 5976 itnitan
