  <div class='ocr_page' id='page_1' title='image "/cluster/home/n/w/nwhite01/storage/ocr_20150623/42/nnc1.0046978682/543.png"; bbox 0 0 4054 6404; ppageno 0'>
   <div class='ocr_carea' id='block_1_1' title="bbox 500 451 630 509">
    <p class='ocr_par' dir='ltr' id='par_1_1' title="bbox 500 451 630 509">
     <span class='ocr_line' id='line_1_1' title="bbox 500 451 630 509; baseline 0 -3"><span class='ocrx_word' id='word_1_1' title='bbox 500 451 630 509; x_wconf 78' lang='grc' dir='ltr'><strong>ΙθΗ</strong></span> 
     </span>
    </p>
   </div>
   <div class='ocr_carea' id='block_1_2' title="bbox 1597 457 2602 517">
    <p class='ocr_par' dir='ltr' id='par_1_2' title="bbox 1597 457 2602 517">
     <span class='ocr_line' id='line_1_2' title="bbox 1597 457 2602 517; baseline 0 -3"><span class='ocrx_word' id='word_1_2' title='bbox 1597 457 1939 514; x_wconf 81' lang='lat' dir='ltr'><strong>APPENDIX</strong></span> <span class='ocrx_word' id='word_1_3' title='bbox 1983 457 2602 517; x_wconf 78' lang='lat' dir='ltr'><strong>DISSERTATIONUM.</strong></span> 
     </span>
    </p>
   </div>
   <div class='ocr_carea' id='block_1_3' title="bbox 3607 460 3754 515">
    <p class='ocr_par' dir='ltr' id='par_1_3' title="bbox 3607 460 3754 515">
     <span class='ocr_line' id='line_1_3' title="bbox 3607 460 3754 515; baseline 0.027 -3"><span class='ocrx_word' id='word_1_4' title='bbox 3607 460 3754 515; x_wconf 69' lang='lat' dir='ltr'><strong>i012</strong></span> 
     </span>
    </p>
   </div>
   <div class='ocr_carea' id='block_1_4' title="bbox 496 566 3753 642">
    <p class='ocr_par' dir='ltr' id='par_1_4' title="bbox 496 566 3753 642">
     <span class='ocr_line' id='line_1_4' title="bbox 496 566 3753 642; baseline 0.001 -19"><span class='ocrx_word' id='word_1_5' title='bbox 496 567 780 623; x_wconf 77' lang='lat' dir='ltr'><strong>debemus.</strong></span> <span class='ocrx_word' id='word_1_6' title='bbox 827 566 1106 638; x_wconf 84' lang='lat' dir='ltr'><strong>Ejusmodi</strong></span> <span class='ocrx_word' id='word_1_7' title='bbox 1154 577 1284 625; x_wconf 86' lang='lat' dir='ltr'><strong>sunt</strong></span> <span class='ocrx_word' id='word_1_8' title='bbox 1323 571 1376 624; x_wconf 91' lang='lat' dir='ltr'><strong>in</strong></span> <span class='ocrx_word' id='word_1_9' title='bbox 1419 571 1522 626; x_wconf 92' lang='lat' dir='ltr'><strong>hoe</strong></span> <span class='ocrx_word' id='word_1_10' title='bbox 1576 575 1842 642; x_wconf 74' lang='lat' dir='ltr'><strong>scriptore</strong></span> <span class='ocrx_word' id='word_1_11' title='bbox 1885 582 2076 628; x_wconf 90' lang='lat' dir='ltr'><strong>nostro</strong></span> <span class='ocrx_word' id='word_1_12' title='bbox 2105 582 2148 635; x_wconf 79' lang='grc' dir='ltr'><strong>Α</strong></span> <span class='ocrx_word' id='word_1_13' title='bbox 2179 573 2451 628; x_wconf 90' lang='lat' dir='ltr'><strong>levissima</strong></span> <span class='ocrx_word' id='word_1_14' title='bbox 2482 583 2611 629; x_wconf 88' lang='lat' dir='ltr'><strong>sunt</strong></span> <span class='ocrx_word' id='word_1_15' title='bbox 2640 591 2654 639; x_wconf 95' lang='lat'><strong>;</strong></span> <span class='ocrx_word' id='word_1_16' title='bbox 2689 589 2814 627; x_wconf 90' lang='lat' dir='ltr'><strong>nam</strong></span> <span class='ocrx_word' id='word_1_17' title='bbox 2856 581 2913 626; x_wconf 94' lang='lat' dir='ltr'><strong>ut</strong></span> <span class='ocrx_word' id='word_1_18' title='bbox 2942 573 3188 628; x_wconf 89' lang='lat' dir='ltr'><strong>omittam</strong></span> <span class='ocrx_word' id='word_1_19' title='bbox 3224 572 3370 642; x_wconf 91' lang='lat' dir='ltr'><strong>quod</strong></span> <span class='ocrx_word' id='word_1_20' title='bbox 3402 570 3753 627; x_wconf 77' lang='lat' dir='ltr'><strong>Maldonatus</strong></span> 
     </span>
    </p>
   </div>
   <div class='ocr_carea' id='block_1_5' title="bbox 497 660 2072 721">
    <p class='ocr_par' dir='ltr' id='par_1_5' title="bbox 497 660 2072 721">
     <span class='ocr_line' id='line_1_5' title="bbox 497 660 2072 721; baseline 0.004 -7"><span class='ocrx_word' id='word_1_21' title='bbox 497 661 733 714; x_wconf 76' lang='lat' dir='ltr'><strong>fortasse</strong></span> <span class='ocrx_word' id='word_1_22' title='bbox 779 660 1004 716; x_wconf 89' lang='lat' dir='ltr'><strong>nimium</strong></span> <span class='ocrx_word' id='word_1_23' title='bbox 1038 662 1228 717; x_wconf 90' lang='lat' dir='ltr'><strong>multa.</strong></span> <span class='ocrx_word' id='word_1_24' title='bbox 1283 662 1388 718; x_wconf 87' lang='lat' dir='ltr'><strong>Sed</strong></span> <span class='ocrx_word' id='word_1_25' title='bbox 1438 664 1581 719; x_wconf 90' lang='lat' dir='ltr'><strong>inter</strong></span> <span class='ocrx_word' id='word_1_26' title='bbox 1619 680 1683 719; x_wconf 90' lang='lat' dir='ltr'><strong>ea</strong></span> <span class='ocrx_word' id='word_1_27' title='bbox 1727 666 1858 718; x_wconf 93' lang='lat' dir='ltr'><strong>nihil</strong></span> <span class='ocrx_word' id='word_1_28' title='bbox 1891 667 2072 721; x_wconf 89' lang='lat' dir='ltr'><strong>minus</strong></span> 
     </span>
    </p>
   </div>
   <div class='ocr_carea' id='block_1_6' title="bbox 495 749 2068 821">
    <p class='ocr_par' dir='ltr' id='par_1_6' title="bbox 495 749 2068 821">
     <span class='ocr_line' id='line_1_6' title="bbox 495 749 2068 821; baseline 0.003 -18"><span class='ocrx_word' id='word_1_29' title='bbox 495 749 949 804; x_wconf 83' lang='lat' dir='ltr'><strong>dissimulandum</strong></span> <span class='ocrx_word' id='word_1_30' title='bbox 973 761 1075 816; x_wconf 92' lang='lat' dir='ltr'><strong>est,</strong></span> <span class='ocrx_word' id='word_1_31' title='bbox 1101 767 1265 821; x_wconf 87' lang='lat' dir='ltr'><strong>quam</strong></span> <span class='ocrx_word' id='word_1_32' title='bbox 1295 752 1384 808; x_wconf 91' lang='lat' dir='ltr'><strong>illa</strong></span> <span class='ocrx_word' id='word_1_33' title='bbox 1417 751 1746 808; x_wconf 89' lang='lat' dir='ltr'><strong>Paschatum</strong></span> <span class='ocrx_word' id='word_1_34' title='bbox 1774 754 2068 810; x_wconf 76' lang='lat' dir='ltr'><strong>distinctio.</strong></span> 
     </span>
    </p>
   </div>
   <div class='ocr_carea' id='block_1_7' title="bbox 494 838 2073 916">
    <p class='ocr_par' dir='ltr' id='par_1_7' title="bbox 494 838 2073 916">
     <span class='ocr_line' id='line_1_7' title="bbox 494 838 2073 916; baseline 0.003 -22"><span class='ocrx_word' id='word_1_35' title='bbox 494 838 739 895; x_wconf 87' lang='lat' dir='ltr'><strong>Primum</strong></span> <span class='ocrx_word' id='word_1_36' title='bbox 770 842 912 894; x_wconf 89' lang='lat' dir='ltr'><strong>enim</strong></span> <span class='ocrx_word' id='word_1_37' title='bbox 948 842 1058 898; x_wconf 91' lang='lat' dir='ltr'><strong>duo</strong></span> <span class='ocrx_word' id='word_1_38' title='bbox 1089 845 1201 904; x_wconf 85' lang='lat' dir='ltr'><strong>illa,</strong></span> <span class='ocrx_word' id='word_1_39' title='bbox 1233 860 1355 914; x_wconf 63' lang='lat' dir='ltr'><strong>qua;</strong></span> <span class='ocrx_word' id='word_1_40' title='bbox 1375 860 1497 914; x_wconf 87' lang='lat' dir='ltr'><strong>cap.</strong></span> <span class='ocrx_word' id='word_1_41' title='bbox 1528 861 1601 899; x_wconf 88' lang='lat' dir='ltr'><strong>vtl</strong></span> <span class='ocrx_word' id='word_1_42' title='bbox 1629 861 1659 899; x_wconf 92' lang='lat' dir='ltr'><strong>a</strong></span> <span class='ocrx_word' id='word_1_43' title='bbox 1693 845 1917 901; x_wconf 91' lang='lat' dir='ltr'><strong>Christo</strong></span> <span class='ocrx_word' id='word_1_44' title='bbox 1943 862 2073 916; x_wconf 84' lang='lat' dir='ltr'><strong>pro-</strong></span> 
     </span>
    </p>
   </div>
   <div class='ocr_carea' id='block_1_8' title="bbox 493 934 2072 1004">
    <p class='ocr_par' dir='ltr' id='par_1_8' title="bbox 493 934 2072 1004">
     <span class='ocr_line' id='line_1_8' title="bbox 493 934 2072 1004; baseline 0.002 -16"><span class='ocrx_word' id='word_1_45' title='bbox 493 934 740 988; x_wconf 89' lang='lat' dir='ltr'><strong>nuntiata</strong></span> <span class='ocrx_word' id='word_1_46' title='bbox 777 935 1056 1001; x_wconf 89' lang='lat' dir='ltr'><strong>dicuntur,</strong></span> <span class='ocrx_word' id='word_1_47' title='bbox 1089 936 1158 990; x_wconf 90' lang='lat' dir='ltr'><strong>ad</strong></span> <span class='ocrx_word' id='word_1_48' title='bbox 1189 937 1328 991; x_wconf 90' lang='lat' dir='ltr'><strong>idem</strong></span> <span class='ocrx_word' id='word_1_49' title='bbox 1356 936 1554 992; x_wconf 82' lang='lat' dir='ltr'><strong>festum</strong></span> <span class='ocrx_word' id='word_1_50' title='bbox 1589 939 1850 1004; x_wconf 87' lang='lat' dir='ltr'><strong>attinent;</strong></span> <span class='ocrx_word' id='word_1_51' title='bbox 1877 937 2072 992; x_wconf 90' lang='lat' dir='ltr'><strong>deinde</strong></span> 
     </span>
    </p>
   </div>
   <div class='ocr_carea' id='block_1_9' title="bbox 492 1027 2070 1101">
    <p class='ocr_par' dir='ltr' id='par_1_9' title="bbox 492 1027 2070 1101">
     <span class='ocr_line' id='line_1_9' title="bbox 492 1027 2070 1101; baseline 0.003 -21"><span class='ocrx_word' id='word_1_52' title='bbox 492 1042 600 1081; x_wconf 93' lang='lat' dir='ltr'><strong>non</strong></span> <span class='ocrx_word' id='word_1_53' title='bbox 633 1027 763 1081; x_wconf 92' lang='lat' dir='ltr'><strong>illud</strong></span> <span class='ocrx_word' id='word_1_54' title='bbox 794 1027 1000 1082; x_wconf 79' lang='lat' dir='ltr'><strong>Pascha</strong></span> <span class='ocrx_word' id='word_1_55' title='bbox 1031 1027 1222 1092; x_wconf 78' lang='lat' dir='ltr'><strong>fuis-e,</strong></span> <span class='ocrx_word' id='word_1_56' title='bbox 1253 1031 1347 1085; x_wconf 90' lang='lat' dir='ltr'><strong>sed</strong></span> <span class='ocrx_word' id='word_1_57' title='bbox 1371 1030 1720 1101; x_wconf 70' lang='lat' dir='ltr'><strong>Scenopegiae</strong></span> <span class='ocrx_word' id='word_1_58' title='bbox 1741 1029 1938 1087; x_wconf 84' lang='lat' dir='ltr'><strong>festum</strong></span> <span class='ocrx_word' id='word_1_59' title='bbox 1969 1031 2070 1084; x_wconf 83' lang='lat' dir='ltr'><strong>do-</strong></span> 
     </span>
    </p>
   </div>
   <div class='ocr_carea' id='block_1_10' title="bbox 491 1119 2070 1194">
    <p class='ocr_par' dir='ltr' id='par_1_10' title="bbox 491 1119 2070 1194">
     <span class='ocr_line' id='line_1_10' title="bbox 491 1119 2070 1194; baseline 0.003 -22"><span class='ocrx_word' id='word_1_60' title='bbox 491 1129 596 1182; x_wconf 85' lang='lat' dir='ltr'><strong>cet,</strong></span> <span class='ocrx_word' id='word_1_61' title='bbox 623 1134 768 1174; x_wconf 91' lang='lat' dir='ltr'><strong>com.</strong></span> <span class='ocrx_word' id='word_1_62' title='bbox 811 1119 881 1184; x_wconf 73' lang='lat'><strong>2;</strong></span> <span class='ocrx_word' id='word_1_63' title='bbox 920 1121 1080 1176; x_wconf 89' lang='lat' dir='ltr'><strong>tertio</strong></span> <span class='ocrx_word' id='word_1_64' title='bbox 1109 1133 1437 1192; x_wconf 74' lang='lat' dir='ltr'><strong>praepostere</strong></span> <span class='ocrx_word' id='word_1_65' title='bbox 1462 1125 1574 1180; x_wconf 61' lang='lat' dir='ltr'><strong>hate</strong></span> <span class='ocrx_word' id='word_1_66' title='bbox 1604 1124 1937 1194; x_wconf 82' lang='lat' dir='ltr'><strong>Epiphanius</strong></span> <span class='ocrx_word' id='word_1_67' title='bbox 1975 1136 2070 1176; x_wconf 89' lang='lat' dir='ltr'><strong>ae-</strong></span> 
     </span>
    </p>
   </div>
   <div class='ocr_carea' id='block_1_11' title="bbox 489 1211 2071 1282">
    <p class='ocr_par' dir='ltr' id='par_1_11' title="bbox 489 1211 2071 1282">
     <span class='ocr_line' id='line_1_11' title="bbox 489 1211 2071 1282; baseline 0.002 -17"><span class='ocrx_word' id='word_1_68' title='bbox 489 1211 633 1279; x_wconf 86' lang='lat' dir='ltr'><strong>cepit</strong></span> <span class='ocrx_word' id='word_1_69' title='bbox 669 1230 681 1265; x_wconf 95' lang='lat'>:</span> <span class='ocrx_word' id='word_1_70' title='bbox 710 1227 834 1264; x_wconf 90' lang='lat' dir='ltr'><strong>natu</strong></span> <span class='ocrx_word' id='word_1_71' title='bbox 862 1227 983 1282; x_wconf 69' lang='lat' dir='ltr'><strong>qua:</strong></span> <span class='ocrx_word' id='word_1_72' title='bbox 1013 1214 1189 1282; x_wconf 90' lang='lat' dir='ltr'><strong>primo</strong></span> <span class='ocrx_word' id='word_1_73' title='bbox 1211 1215 1331 1270; x_wconf 90' lang='lat' dir='ltr'><strong>loco</strong></span> <span class='ocrx_word' id='word_1_74' title='bbox 1357 1213 1502 1270; x_wconf 89' lang='lat' dir='ltr'><strong>dicta</strong></span> <span class='ocrx_word' id='word_1_75' title='bbox 1526 1225 1814 1278; x_wconf 85' lang='lat' dir='ltr'><strong>memorat,</strong></span> <span class='ocrx_word' id='word_1_76' title='bbox 1839 1222 2071 1269; x_wconf 81' lang='lat' dir='ltr'><strong>exeunte</strong></span> 
     </span>
    </p>
   </div>
   <div class='ocr_carea' id='block_1_12' title="bbox 491 1301 2070 1375">
    <p class='ocr_par' dir='ltr' id='par_1_12' title="bbox 491 1301 2070 1375">
     <span class='ocr_line' id='line_1_12' title="bbox 491 1301 2070 1375; baseline 0.003 -20"><span class='ocrx_word' id='word_1_77' title='bbox 491 1301 653 1365; x_wconf 77' lang='lat' dir='ltr'><strong>festo,</strong></span> <span class='ocrx_word' id='word_1_78' title='bbox 708 1317 831 1372; x_wconf 71' lang='lat' dir='ltr'><strong>qua:</strong></span> <span class='ocrx_word' id='word_1_79' title='bbox 862 1304 1165 1372; x_wconf 88' lang='lat' dir='ltr'><strong>posteriora</strong></span> <span class='ocrx_word' id='word_1_80' title='bbox 1197 1306 1382 1375; x_wconf 87' lang='lat' dir='ltr'><strong>ponit,</strong></span> <span class='ocrx_word' id='word_1_81' title='bbox 1425 1319 1550 1361; x_wconf 90' lang='lat' dir='ltr'><strong>ante</strong></span> <span class='ocrx_word' id='word_1_82' title='bbox 1578 1306 1775 1361; x_wconf 83' lang='lat' dir='ltr'><strong>festum</strong></span> <span class='ocrx_word' id='word_1_83' title='bbox 1809 1312 2070 1375; x_wconf 89' lang='lat' dir='ltr'><strong>usurpata</strong></span> 
     </span>
    </p>
   </div>
   <div class='ocr_carea' id='block_1_13' title="bbox 493 1393 2067 1463">
    <p class='ocr_par' dir='ltr' id='par_1_13' title="bbox 493 1393 2067 1463">
     <span class='ocr_line' id='line_1_13' title="bbox 493 1393 2067 1463; baseline 0.003 -17"><span class='ocrx_word' id='word_1_84' title='bbox 493 1393 772 1463; x_wconf 88' lang='lat' dir='ltr'><strong>leguntur.</strong></span> <span class='ocrx_word' id='word_1_85' title='bbox 806 1393 1015 1449; x_wconf 91' lang='lat' dir='ltr'><strong>Omitto</strong></span> <span class='ocrx_word' id='word_1_86' title='bbox 1044 1406 1236 1452; x_wconf 80' lang='lat' dir='ltr'><strong>caetera</strong></span> <span class='ocrx_word' id='word_1_87' title='bbox 1266 1414 1406 1463; x_wconf 88' lang='lat' dir='ltr'><strong>;nec</strong></span> <span class='ocrx_word' id='word_1_88' title='bbox 1433 1399 1577 1454; x_wconf 91' lang='lat' dir='ltr'><strong>enim</strong></span> <span class='ocrx_word' id='word_1_89' title='bbox 1612 1399 1902 1454; x_wconf 83' lang='lat' dir='ltr'><strong>falsitatem</strong></span> <span class='ocrx_word' id='word_1_90' title='bbox 1920 1397 2067 1452; x_wconf 92' lang='lat' dir='ltr'><strong>illam</strong></span> 
     </span>
    </p>
   </div>
   <div class='ocr_carea' id='block_1_14' title="bbox 494 1487 1260 1558">
    <p class='ocr_par' dir='ltr' id='par_1_14' title="bbox 494 1487 1260 1558">
     <span class='ocr_line' id='line_1_14' title="bbox 494 1487 1260 1558; baseline 0.007 -20"><span class='ocrx_word' id='word_1_91' title='bbox 494 1487 807 1542; x_wconf 88' lang='lat' dir='ltr'><strong>accuratius</strong></span> <span class='ocrx_word' id='word_1_92' title='bbox 831 1487 962 1542; x_wconf 89' lang='lat' dir='ltr'><strong>libet</strong></span> <span class='ocrx_word' id='word_1_93' title='bbox 986 1491 1260 1558; x_wconf 87' lang='lat' dir='ltr'><strong>persequi.</strong></span> 
     </span>
    </p>
   </div>
   <div class='ocr_carea' id='block_1_15' title="bbox 565 1577 2060 1644">
    <p class='ocr_par' dir='ltr' id='par_1_15' title="bbox 565 1577 2060 1644">
     <span class='ocr_line' id='line_1_15' title="bbox 565 1577 2060 1644; baseline 0.001 -11"><span class='ocrx_word' id='word_1_94' title='bbox 565 1577 834 1644; x_wconf 87' lang='lat' dir='ltr'><strong>Quocirca</strong></span> <span class='ocrx_word' id='word_1_95' title='bbox 876 1581 1034 1636; x_wconf 91' lang='lat' dir='ltr'><strong>nobis</strong></span> <span class='ocrx_word' id='word_1_96' title='bbox 1090 1583 1194 1637; x_wconf 90' lang='lat' dir='ltr'><strong>alia</strong></span> <span class='ocrx_word' id='word_1_97' title='bbox 1251 1583 1486 1638; x_wconf 92' lang='lat' dir='ltr'><strong>duorum</strong></span> <span class='ocrx_word' id='word_1_98' title='bbox 1523 1583 1853 1638; x_wconf 89' lang='lat' dir='ltr'><strong>Paschatum</strong></span> <span class='ocrx_word' id='word_1_99' title='bbox 1907 1581 2060 1636; x_wconf 86' lang='lat' dir='ltr'><strong>ordi-</strong></span> 
     </span>
    </p>
   </div>
   <div class='ocr_carea' id='block_1_16' title="bbox 494 1673 2066 1746">
    <p class='ocr_par' dir='ltr' id='par_1_16' title="bbox 494 1673 2066 1746">
     <span class='ocr_line' id='line_1_16' title="bbox 494 1673 2066 1746; baseline 0.003 -21"><span class='ocrx_word' id='word_1_100' title='bbox 494 1673 798 1727; x_wconf 87' lang='lat' dir='ltr'><strong>nandorum</strong></span> <span class='ocrx_word' id='word_1_101' title='bbox 830 1674 1065 1728; x_wconf 89' lang='lat' dir='ltr'><strong>ineunda</strong></span> <span class='ocrx_word' id='word_1_102' title='bbox 1090 1676 1232 1729; x_wconf 80' lang='lat' dir='ltr'><strong>ratio</strong></span> <span class='ocrx_word' id='word_1_103' title='bbox 1253 1686 1356 1730; x_wconf 92' lang='lat' dir='ltr'><strong>est.</strong></span> <span class='ocrx_word' id='word_1_104' title='bbox 1391 1675 1496 1731; x_wconf 90' lang='lat' dir='ltr'><strong>Sed</strong></span> <span class='ocrx_word' id='word_1_105' title='bbox 1521 1678 1675 1746; x_wconf 91' lang='lat' dir='ltr'><strong>prius</strong></span> <span class='ocrx_word' id='word_1_106' title='bbox 1703 1687 1867 1746; x_wconf 85' lang='lat' dir='ltr'><strong>caput</strong></span> <span class='ocrx_word' id='word_1_107' title='bbox 1889 1677 2066 1745; x_wconf 86' lang='lat' dir='ltr'><strong>ipsum</strong></span> 
     </span>
    </p>
   </div>
   <div class='ocr_carea' id='block_1_17' title="bbox 493 1766 2070 1840">
    <p class='ocr_par' dir='ltr' id='par_1_17' title="bbox 493 1766 2070 1840">
     <span class='ocr_line' id='line_1_17' title="bbox 493 1766 2070 1840; baseline 0.003 -22"><span class='ocrx_word' id='word_1_108' title='bbox 493 1766 813 1834; x_wconf 60' lang='lat' dir='ltr'><strong>quastionis</strong></span> <span class='ocrx_word' id='word_1_109' title='bbox 855 1767 1203 1832; x_wconf 90' lang='lat' dir='ltr'><strong>intuendum,</strong></span> <span class='ocrx_word' id='word_1_110' title='bbox 1260 1769 1402 1824; x_wconf 90' lang='lat' dir='ltr'><strong>unde</strong></span> <span class='ocrx_word' id='word_1_111' title='bbox 1433 1770 1613 1840; x_wconf 86' lang='lat' dir='ltr'><strong>quarti</strong></span> <span class='ocrx_word' id='word_1_112' title='bbox 1654 1768 1936 1824; x_wconf 81' lang='lat' dir='ltr'><strong>Paschalis</strong></span> <span class='ocrx_word' id='word_1_113' title='bbox 1975 1770 2070 1822; x_wconf 88' lang='lat' dir='ltr'><strong>lir-</strong></span> 
     </span>
    </p>
   </div>
   <div class='ocr_carea' id='block_1_18' title="bbox 493 1858 2068 1929">
    <p class='ocr_par' dir='ltr' id='par_1_18' title="bbox 493 1858 2068 1929">
     <span class='ocr_line' id='line_1_18' title="bbox 493 1858 2068 1929; baseline 0.001 -16"><span class='ocrx_word' id='word_1_114' title='bbox 493 1868 830 1913; x_wconf 88' lang='lat' dir='ltr'><strong>mamentum</strong></span> <span class='ocrx_word' id='word_1_115' title='bbox 864 1860 1082 1929; x_wconf 88' lang='lat' dir='ltr'><strong>petitur.</strong></span> <span class='ocrx_word' id='word_1_116' title='bbox 1119 1858 1276 1924; x_wconf 91' lang='lat' dir='ltr'><strong>Cum,</strong></span> <span class='ocrx_word' id='word_1_117' title='bbox 1310 1874 1368 1916; x_wconf 91' lang='lat' dir='ltr'><strong>ut</strong></span> <span class='ocrx_word' id='word_1_118' title='bbox 1390 1871 1514 1916; x_wconf 87' lang='lat' dir='ltr'><strong>ante</strong></span> <span class='ocrx_word' id='word_1_119' title='bbox 1546 1863 1806 1924; x_wconf 79' lang='lat' dir='ltr'><strong>diximus,</strong></span> <span class='ocrx_word' id='word_1_120' title='bbox 1830 1861 2068 1916; x_wconf 82' lang='lat' dir='ltr'><strong>Joannes</strong></span> 
     </span>
    </p>
   </div>
   <div class='ocr_carea' id='block_1_19' title="bbox 493 1951 2068 2022">
    <p class='ocr_par' dir='ltr' id='par_1_19' title="bbox 493 1951 2068 2022">
     <span class='ocr_line' id='line_1_19' title="bbox 493 1951 2068 2022; baseline 0.003 -18"><span class='ocrx_word' id='word_1_121' title='bbox 493 1951 737 2005; x_wconf 82' lang='lat' dir='ltr'><strong>exactius</strong></span> <span class='ocrx_word' id='word_1_122' title='bbox 764 1952 973 2007; x_wconf 63' lang='lat' dir='ltr'><strong>caeteris</strong></span> <span class='ocrx_word' id='word_1_123' title='bbox 1007 1953 1182 2010; x_wconf 89' lang='lat' dir='ltr'><strong>tribus</strong></span> <span class='ocrx_word' id='word_1_124' title='bbox 1202 1952 1470 2009; x_wconf 88' lang='lat' dir='ltr'><strong>Paschata</strong></span> <span class='ocrx_word' id='word_1_125' title='bbox 1495 1954 1825 2015; x_wconf 91' lang='lat' dir='ltr'><strong>distinxerit,</strong></span> <span class='ocrx_word' id='word_1_126' title='bbox 1848 1969 1912 2007; x_wconf 89' lang='lat' dir='ltr'><strong>ex</strong></span> <span class='ocrx_word' id='word_1_127' title='bbox 1947 1954 2068 2022; x_wconf 88' lang='lat' dir='ltr'><strong>ejus</strong></span> 
     </span>
    </p>
   </div>
   <div class='ocr_carea' id='block_1_20' title="bbox 493 2042 2064 2116">
    <p class='ocr_par' dir='ltr' id='par_1_20' title="bbox 493 2042 2064 2116">
     <span class='ocr_line' id='line_1_20' title="bbox 493 2042 2064 2116; baseline 0.001 -20"><span class='ocrx_word' id='word_1_128' title='bbox 493 2042 844 2112; x_wconf 87' lang='lat' dir='ltr'><strong>potissimum</strong></span> <span class='ocrx_word' id='word_1_129' title='bbox 882 2045 1210 2100; x_wconf 83' lang='lat' dir='ltr'><strong>auctoritate</strong></span> <span class='ocrx_word' id='word_1_130' title='bbox 1267 2045 1560 2116; x_wconf 87' lang='lat' dir='ltr'><strong>digerenda</strong></span> <span class='ocrx_word' id='word_1_131' title='bbox 1610 2054 1738 2101; x_wconf 91' lang='lat' dir='ltr'><strong>sunt</strong></span> <span class='ocrx_word' id='word_1_132' title='bbox 1799 2054 2064 2114; x_wconf 91' lang='lat' dir='ltr'><strong>tempora.</strong></span> 
     </span>
    </p>
   </div>
   <div class='ocr_carea' id='block_1_21' title="bbox 492 2134 2066 2208">
    <p class='ocr_par' dir='ltr' id='par_1_21' title="bbox 492 2134 2066 2208">
     <span class='ocr_line' id='line_1_21' title="bbox 492 2134 2066 2208; baseline 0.001 -18"><span class='ocrx_word' id='word_1_133' title='bbox 492 2134 676 2202; x_wconf 84' lang='lat' dir='ltr'><strong>Quare</strong></span> <span class='ocrx_word' id='word_1_134' title='bbox 705 2139 748 2191; x_wconf 88' lang='lat' dir='ltr'><strong>si</strong></span> <span class='ocrx_word' id='word_1_135' title='bbox 782 2136 827 2191; x_wconf 88' lang='lat' dir='ltr'><strong>is</strong></span> <span class='ocrx_word' id='word_1_136' title='bbox 855 2153 974 2207; x_wconf 89' lang='lat' dir='ltr'><strong>cap.</strong></span> <span class='ocrx_word' id='word_1_137' title='bbox 1006 2155 1038 2191; x_wconf 89' lang='lat' dir='ltr'><strong>v</strong></span> <span class='ocrx_word' id='word_1_138' title='bbox 1071 2137 1191 2192; x_wconf 84' lang='lat' dir='ltr'><strong>festi</strong></span> <span class='ocrx_word' id='word_1_139' title='bbox 1233 2139 1453 2192; x_wconf 91' lang='lat' dir='ltr'><strong>nomine</strong></span> <span class='ocrx_word' id='word_1_140' title='bbox 1485 2137 1692 2192; x_wconf 88' lang='lat' dir='ltr'><strong>Pascha</strong></span> <span class='ocrx_word' id='word_1_141' title='bbox 1723 2138 2066 2208; x_wconf 69' lang='lat' dir='ltr'><strong>signiﬁcat-it,</strong></span> 
     </span>
    </p>
   </div>
   <div class='ocr_carea' id='block_1_22' title="bbox 491 2228 2071 2294">
    <p class='ocr_par' dir='ltr' id='par_1_22' title="bbox 491 2228 2071 2294">
     <span class='ocr_line' id='line_1_22' title="bbox 491 2228 2071 2294; baseline 0.001 -12"><span class='ocrx_word' id='word_1_142' title='bbox 491 2228 560 2283; x_wconf 89' lang='lat' dir='ltr'><strong>de</strong></span> <span class='ocrx_word' id='word_1_143' title='bbox 595 2245 668 2294; x_wconf 86' lang='grc' dir='ltr'>ιν,</span> <span class='ocrx_word' id='word_1_144' title='bbox 713 2239 773 2283; x_wconf 89' lang='grc' dir='ltr'><strong>ιιι</strong></span> <span class='ocrx_word' id='word_1_145' title='bbox 812 2229 1101 2284; x_wconf 90' lang='lat' dir='ltr'><strong>minimum</strong></span> <span class='ocrx_word' id='word_1_146' title='bbox 1133 2229 1495 2286; x_wconf 85' lang='lat' dir='ltr'><strong>Paschatibus</strong></span> <span class='ocrx_word' id='word_1_147' title='bbox 1525 2229 1770 2286; x_wconf 78' lang='lat' dir='ltr'><strong>coniecta</strong></span> <span class='ocrx_word' id='word_1_148' title='bbox 1809 2246 1895 2286; x_wconf 91' lang='lat' dir='ltr'><strong>res</strong></span> <span class='ocrx_word' id='word_1_149' title='bbox 1921 2231 2025 2285; x_wconf 90' lang='lat' dir='ltr'><strong>erit</strong></span> <span class='ocrx_word' id='word_1_150' title='bbox 2053 2248 2071 2284; x_wconf 59' lang='grc' dir='ltr'>ξ</span> 
     </span>
    </p>
   </div>
   <div class='ocr_carea' id='block_1_23' title="bbox 493 2321 2070 2393">
    <p class='ocr_par' dir='ltr' id='par_1_23' title="bbox 493 2321 2070 2393">
     <span class='ocr_line' id='line_1_23' title="bbox 493 2321 2070 2393; baseline 0.001 -17"><span class='ocrx_word' id='word_1_151' title='bbox 493 2321 763 2392; x_wconf 78' lang='lat' dir='ltr'><strong>siquidem</strong></span> <span class='ocrx_word' id='word_1_152' title='bbox 801 2338 926 2378; x_wconf 91' lang='lat' dir='ltr'><strong>cum</strong></span> <span class='ocrx_word' id='word_1_153' title='bbox 966 2321 1233 2378; x_wconf 89' lang='lat' dir='ltr'><strong>Paschate</strong></span> <span class='ocrx_word' id='word_1_154' title='bbox 1271 2338 1394 2393; x_wconf 90' lang='lat' dir='ltr'><strong>cap.</strong></span> <span class='ocrx_word' id='word_1_155' title='bbox 1425 2338 1502 2386; x_wconf 85' lang='lat' dir='ltr'><strong>vt,</strong></span> <span class='ocrx_word' id='word_1_156' title='bbox 1554 2338 1695 2378; x_wconf 93' lang='lat' dir='ltr'><strong>com.</strong></span> <span class='ocrx_word' id='word_1_157' title='bbox 1732 2323 1788 2389; x_wconf 79' lang='lat'><strong>5,</strong></span> <span class='ocrx_word' id='word_1_158' title='bbox 1843 2322 2070 2378; x_wconf 88' lang='lat' dir='ltr'><strong>minime</strong></span> 
     </span>
    </p>
   </div>
   <div class='ocr_carea' id='block_1_24' title="bbox 494 2410 2068 2484">
    <p class='ocr_par' dir='ltr' id='par_1_24' title="bbox 494 2410 2068 2484">
     <span class='ocr_line' id='line_1_24' title="bbox 494 2410 2068 2484; baseline -0.003 -16"><span class='ocrx_word' id='word_1_159' title='bbox 494 2411 886 2468; x_wconf 79' lang='lat' dir='ltr'><strong>confundatur.</strong></span> <span class='ocrx_word' id='word_1_160' title='bbox 932 2412 1013 2467; x_wconf 83' lang='lat' dir='ltr'><strong>Ad</strong></span> <span class='ocrx_word' id='word_1_161' title='bbox 1067 2413 1183 2468; x_wconf 68' lang='lat' dir='ltr'><strong>haec</strong></span> <span class='ocrx_word' id='word_1_162' title='bbox 1230 2413 1489 2483; x_wconf 91' lang='lat' dir='ltr'><strong>quoniam</strong></span> <span class='ocrx_word' id='word_1_163' title='bbox 1541 2413 1848 2484; x_wconf 81' lang='lat' dir='ltr'><strong>prodigium</strong></span> <span class='ocrx_word' id='word_1_164' title='bbox 1899 2410 2068 2477; x_wconf 93' lang='lat' dir='ltr'><strong>illud,</strong></span> 
     </span>
    </p>
   </div>
   <div class='ocr_carea' id='block_1_25' title="bbox 494 2503 2072 2575">
    <p class='ocr_par' dir='ltr' id='par_1_25' title="bbox 494 2503 2072 2575">
     <span class='ocr_line' id='line_1_25' title="bbox 494 2503 2072 2575; baseline 0 -18"><span class='ocrx_word' id='word_1_165' title='bbox 494 2517 606 2572; x_wconf 92' lang='lat' dir='ltr'><strong>quo</strong></span> <span class='ocrx_word' id='word_1_166' title='bbox 645 2503 888 2575; x_wconf 87' lang='lat' dir='ltr'><strong>quinque</strong></span> <span class='ocrx_word' id='word_1_167' title='bbox 917 2503 1201 2558; x_wconf 89' lang='lat' dir='ltr'><strong>hominum</strong></span> <span class='ocrx_word' id='word_1_168' title='bbox 1242 2504 1412 2559; x_wconf 90' lang='lat' dir='ltr'><strong>millia</strong></span> <span class='ocrx_word' id='word_1_169' title='bbox 1464 2504 1699 2575; x_wconf 90' lang='lat' dir='ltr'><strong>panibus</strong></span> <span class='ocrx_word' id='word_1_170' title='bbox 1751 2505 1994 2574; x_wconf 89' lang='lat' dir='ltr'><strong>quinque</strong></span> <span class='ocrx_word' id='word_1_171' title='bbox 2018 2512 2072 2557; x_wconf 89' lang='lat' dir='ltr'><strong>et</strong></span> 
     </span>
    </p>
   </div>
   <div class='ocr_carea' id='block_1_26' title="bbox 495 2595 2069 2667">
    <p class='ocr_par' dir='ltr' id='par_1_26' title="bbox 495 2595 2069 2667">
     <span class='ocr_line' id='line_1_26' title="bbox 495 2595 2069 2667; baseline -0.001 -17"><span class='ocrx_word' id='word_1_172' title='bbox 495 2596 710 2651; x_wconf 87' lang='lat' dir='ltr'><strong>duobus</strong></span> <span class='ocrx_word' id='word_1_173' title='bbox 739 2596 985 2666; x_wconf 89' lang='lat' dir='ltr'><strong>piscibus</strong></span> <span class='ocrx_word' id='word_1_174' title='bbox 1010 2597 1298 2662; x_wconf 84' lang='lat' dir='ltr'><strong>saturavit,</strong></span> <span class='ocrx_word' id='word_1_175' title='bbox 1338 2597 1480 2652; x_wconf 89' lang='lat' dir='ltr'><strong>idem</strong></span> <span class='ocrx_word' id='word_1_176' title='bbox 1523 2599 1750 2653; x_wconf 90' lang='lat' dir='ltr'><strong>omnino</strong></span> <span class='ocrx_word' id='word_1_177' title='bbox 1780 2606 1886 2662; x_wconf 90' lang='lat' dir='ltr'><strong>est,</strong></span> <span class='ocrx_word' id='word_1_178' title='bbox 1923 2595 2069 2667; x_wconf 86' lang='lat' dir='ltr'><strong>quod</strong></span> 
     </span>
    </p>
   </div>
   <div class='ocr_carea' id='block_1_27' title="bbox 493 2683 2070 2756">
    <p class='ocr_par' dir='ltr' id='par_1_27' title="bbox 493 2683 2070 2756">
     <span class='ocr_line' id='line_1_27' title="bbox 493 2683 2070 2756; baseline -0.001 -15"><span class='ocrx_word' id='word_1_179' title='bbox 493 2694 550 2741; x_wconf 86' lang='lat' dir='ltr'><strong>et</strong></span> <span class='ocrx_word' id='word_1_180' title='bbox 586 2683 777 2740; x_wconf 78' lang='lat' dir='ltr'><strong>Matth.</strong></span> <span class='ocrx_word' id='word_1_181' title='bbox 811 2701 930 2756; x_wconf 88' lang='lat' dir='ltr'><strong>cap.</strong></span> <span class='ocrx_word' id='word_1_182' title='bbox 960 2702 1074 2752; x_wconf 82' lang='lat' dir='ltr'><strong>xiv,</strong></span> <span class='ocrx_word' id='word_1_183' title='bbox 1109 2696 1163 2742; x_wconf 89' lang='lat' dir='ltr'><strong>et</strong></span> <span class='ocrx_word' id='word_1_184' title='bbox 1184 2685 1350 2742; x_wconf 78' lang='lat' dir='ltr'><strong>Marc.</strong></span> <span class='ocrx_word' id='word_1_185' title='bbox 1384 2702 1459 2753; x_wconf 80' lang='grc' dir='ltr'>νι,</span> <span class='ocrx_word' id='word_1_186' title='bbox 1497 2696 1552 2743; x_wconf 86' lang='grc' dir='ltr'><strong>ει</strong></span> <span class='ocrx_word' id='word_1_187' title='bbox 1575 2686 1734 2743; x_wconf 71' lang='lat' dir='ltr'><strong>Luca:</strong></span> <span class='ocrx_word' id='word_1_188' title='bbox 1768 2688 2070 2754; x_wconf 79' lang='lat' dir='ltr'><strong>tx,descri-</strong></span> 
     </span>
    </p>
   </div>
   <div class='ocr_carea' id='block_1_28' title="bbox 495 2774 2070 2849">
    <p class='ocr_par' dir='ltr' id='par_1_28' title="bbox 495 2774 2070 2849">
     <span class='ocr_line' id='line_1_28' title="bbox 495 2774 2070 2849; baseline 0.001 -19"><span class='ocrx_word' id='word_1_189' title='bbox 495 2774 687 2840; x_wconf 86' lang='lat' dir='ltr'><strong>hitur;</strong></span> <span class='ocrx_word' id='word_1_190' title='bbox 724 2789 949 2831; x_wconf 91' lang='lat' dir='ltr'><strong>necesse</strong></span> <span class='ocrx_word' id='word_1_191' title='bbox 987 2787 1074 2834; x_wconf 90' lang='lat' dir='ltr'><strong>est</strong></span> <span class='ocrx_word' id='word_1_192' title='bbox 1123 2775 1336 2832; x_wconf 87' lang='lat' dir='ltr'><strong>Pascha</strong></span> <span class='ocrx_word' id='word_1_193' title='bbox 1375 2777 1531 2840; x_wconf 90' lang='lat' dir='ltr'><strong>illud,</strong></span> <span class='ocrx_word' id='word_1_194' title='bbox 1571 2788 1696 2832; x_wconf 89' lang='lat' dir='ltr'><strong>ante</strong></span> <span class='ocrx_word' id='word_1_195' title='bbox 1723 2778 1869 2849; x_wconf 88' lang='lat' dir='ltr'><strong>quod</strong></span> <span class='ocrx_word' id='word_1_196' title='bbox 1899 2777 2070 2832; x_wconf 86' lang='lat' dir='ltr'><strong>mira-</strong></span> 
     </span>
    </p>
   </div>
   <div class='ocr_carea' id='block_1_29' title="bbox 493 2863 2077 2939">
    <p class='ocr_par' dir='ltr' id='par_1_29' title="bbox 493 2863 2077 2939">
     <span class='ocr_line' id='line_1_29' title="bbox 493 2863 2077 2939; baseline 0 -17"><span class='ocrx_word' id='word_1_197' title='bbox 493 2867 703 2930; x_wconf 85' lang='lat' dir='ltr'><strong>culum,</strong></span> <span class='ocrx_word' id='word_1_198' title='bbox 740 2863 952 2922; x_wconf 81' lang='lat' dir='ltr'><strong>Joanne</strong></span> <span class='ocrx_word' id='word_1_199' title='bbox 1004 2875 1178 2932; x_wconf 87' lang='lat' dir='ltr'><strong>teste,</strong></span> <span class='ocrx_word' id='word_1_200' title='bbox 1235 2868 1504 2939; x_wconf 78' lang='lat' dir='ltr'><strong>contigit,</strong></span> <span class='ocrx_word' id='word_1_201' title='bbox 1544 2869 1822 2925; x_wconf 90' lang='lat' dir='ltr'><strong>diversum</strong></span> <span class='ocrx_word' id='word_1_202' title='bbox 1881 2867 1952 2922; x_wconf 91' lang='lat' dir='ltr'><strong>ab</strong></span> <span class='ocrx_word' id='word_1_203' title='bbox 2005 2882 2077 2922; x_wconf 90' lang='lat' dir='ltr'><strong>eo</strong></span> 
     </span>
    </p>
   </div>
   <div class='ocr_carea' id='block_1_30' title="bbox 494 2959 2071 3030">
    <p class='ocr_par' dir='ltr' id='par_1_30' title="bbox 494 2959 2071 3030">
     <span class='ocr_line' id='line_1_30' title="bbox 494 2959 2071 3030; baseline -0.001 -17"><span class='ocrx_word' id='word_1_204' title='bbox 494 2974 640 3023; x_wconf 88' lang='lat' dir='ltr'><strong>esse,</strong></span> <span class='ocrx_word' id='word_1_205' title='bbox 668 2959 814 3029; x_wconf 92' lang='lat' dir='ltr'><strong>quod</strong></span> <span class='ocrx_word' id='word_1_206' title='bbox 851 2959 1014 3014; x_wconf 89' lang='lat' dir='ltr'><strong>tacite</strong></span> <span class='ocrx_word' id='word_1_207' title='bbox 1047 2975 1077 3013; x_wconf 93' lang='lat' dir='ltr'><strong>a</strong></span> <span class='ocrx_word' id='word_1_208' title='bbox 1117 2960 1298 3016; x_wconf 90' lang='lat' dir='ltr'><strong>tribus</strong></span> <span class='ocrx_word' id='word_1_209' title='bbox 1337 2961 1445 3016; x_wconf 88' lang='lat' dir='ltr'><strong>illis</strong></span> <span class='ocrx_word' id='word_1_210' title='bbox 1493 2959 1846 3030; x_wconf 87' lang='lat' dir='ltr'><strong>evangelistis</strong></span> <span class='ocrx_word' id='word_1_211' title='bbox 1885 2959 2071 3029; x_wconf 85' lang='lat' dir='ltr'><strong>expri-</strong></span> 
     </span>
    </p>
   </div>
   <div class='ocr_carea' id='block_1_31' title="bbox 494 3051 2074 3123">
    <p class='ocr_par' dir='ltr' id='par_1_31' title="bbox 494 3051 2074 3123">
     <span class='ocr_line' id='line_1_31' title="bbox 494 3051 2074 3123; baseline -0.003 -15"><span class='ocrx_word' id='word_1_212' title='bbox 494 3053 666 3108; x_wconf 87' lang='lat' dir='ltr'><strong>mitur</strong></span> <span class='ocrx_word' id='word_1_213' title='bbox 687 3092 702 3116; x_wconf 96' lang='lat'><strong>,</strong></span> <span class='ocrx_word' id='word_1_214' title='bbox 731 3068 859 3107; x_wconf 89' lang='lat' dir='ltr'><strong>cum</strong></span> <span class='ocrx_word' id='word_1_215' title='bbox 893 3053 1102 3108; x_wconf 86' lang='lat' dir='ltr'><strong>scilicet</strong></span> <span class='ocrx_word' id='word_1_216' title='bbox 1168 3051 1421 3108; x_wconf 82' lang='lat' dir='ltr'><strong>Christus</strong></span> <span class='ocrx_word' id='word_1_217' title='bbox 1454 3068 1551 3123; x_wconf 91' lang='lat' dir='ltr'><strong>per</strong></span> <span class='ocrx_word' id='word_1_218' title='bbox 1585 3061 1702 3107; x_wconf 88' lang='lat' dir='ltr'><strong>sata</strong></span> <span class='ocrx_word' id='word_1_219' title='bbox 1743 3067 1866 3106; x_wconf 91' lang='lat' dir='ltr'><strong>cum</strong></span> <span class='ocrx_word' id='word_1_220' title='bbox 1903 3051 2074 3106; x_wconf 91' lang='lat' dir='ltr'><strong>disci-</strong></span> 
     </span>
    </p>
   </div>
   <div class='ocr_carea' id='block_1_32' title="bbox 495 3144 2070 3217">
    <p class='ocr_par' dir='ltr' id='par_1_32' title="bbox 495 3144 2070 3217">
     <span class='ocr_line' id='line_1_32' title="bbox 495 3144 2070 3217; baseline -0.003 -17"><span class='ocrx_word' id='word_1_221' title='bbox 495 3145 642 3217; x_wconf 81' lang='lat' dir='ltr'><strong>pulis</strong></span> <span class='ocrx_word' id='word_1_222' title='bbox 659 3145 958 3202; x_wconf 84' lang='lat' dir='ltr'><strong>ambulavit</strong></span> <span class='ocrx_word' id='word_1_223' title='bbox 987 3165 998 3199; x_wconf 92' lang='lat'>:</span> <span class='ocrx_word' id='word_1_224' title='bbox 1030 3145 1177 3217; x_wconf 94' lang='lat' dir='ltr'><strong>quod</strong></span> <span class='ocrx_word' id='word_1_225' title='bbox 1227 3148 1416 3216; x_wconf 90' lang='lat' dir='ltr'><strong>utique</strong></span> <span class='ocrx_word' id='word_1_226' title='bbox 1454 3155 1576 3217; x_wconf 91' lang='lat' dir='ltr'><strong>post</strong></span> <span class='ocrx_word' id='word_1_227' title='bbox 1623 3144 1832 3201; x_wconf 89' lang='lat' dir='ltr'><strong>Pascha</strong></span> <span class='ocrx_word' id='word_1_228' title='bbox 1869 3144 2070 3198; x_wconf 80' lang='lat' dir='ltr'><strong>factum</strong></span> 
     </span>
    </p>
   </div>
   <div class='ocr_carea' id='block_1_33' title="bbox 496 3237 2149 3327">
    <p class='ocr_par' dir='ltr' id='par_1_33' title="bbox 496 3237 2149 3327">
     <span class='ocr_line' id='line_1_33' title="bbox 496 3237 2149 3327; baseline -0.001 -33"><span class='ocrx_word' id='word_1_229' title='bbox 496 3247 600 3302; x_wconf 89' lang='lat' dir='ltr'><strong>est,</strong></span> <span class='ocrx_word' id='word_1_230' title='bbox 637 3238 742 3294; x_wconf 93' lang='lat' dir='ltr'><strong>hoc</strong></span> <span class='ocrx_word' id='word_1_231' title='bbox 795 3246 881 3294; x_wconf 87' lang='lat' dir='ltr'><strong>est</strong></span> <span class='ocrx_word' id='word_1_232' title='bbox 925 3237 1164 3327; x_wconf 84' lang='lat' dir='ltr'><strong>Sabbato</strong></span> <span class='ocrx_word' id='word_1_233' title='bbox 1201 3239 1605 3309; x_wconf 89' lang='lat' dir='ltr'><strong>deuteroproto.</strong></span> <span class='ocrx_word' id='word_1_234' title='bbox 1654 3237 1824 3309; x_wconf 88' lang='lat' dir='ltr'><strong>Igitur</strong></span> <span class='ocrx_word' id='word_1_235' title='bbox 1877 3239 1922 3292; x_wconf 89' lang='lat' dir='ltr'><strong>si</strong></span> <span class='ocrx_word' id='word_1_236' title='bbox 1972 3237 2149 3327; x_wconf 59' lang='lat' dir='ltr'><strong>itera</strong></span> 
     </span>
    </p>
   </div>
   <div class='ocr_carea' id='block_1_34' title="bbox 498 3323 2068 3400">
    <p class='ocr_par' dir='ltr' id='par_1_34' title="bbox 498 3323 2068 3400">
     <span class='ocr_line' id='line_1_34' title="bbox 498 3323 2068 3400; baseline -0.001 -16"><span class='ocrx_word' id='word_1_237' title='bbox 498 3330 635 3386; x_wconf 93' lang='lat' dir='ltr'><strong>illud</strong></span> <span class='ocrx_word' id='word_1_238' title='bbox 672 3345 775 3400; x_wconf 91' lang='lat' dir='ltr'><strong>per</strong></span> <span class='ocrx_word' id='word_1_239' title='bbox 829 3337 1038 3399; x_wconf 84' lang='lat' dir='ltr'><strong>segetes</strong></span> <span class='ocrx_word' id='word_1_240' title='bbox 1079 3323 1396 3400; x_wconf 69' lang='lat' dir='ltr'><strong>susceptum</strong></span> <span class='ocrx_word' id='word_1_241' title='bbox 1451 3338 1578 3400; x_wconf 82' lang='lat' dir='ltr'><strong>post</strong></span> <span class='ocrx_word' id='word_1_242' title='bbox 1611 3328 1759 3384; x_wconf 90' lang='lat' dir='ltr'><strong>aliud</strong></span> <span class='ocrx_word' id='word_1_243' title='bbox 1819 3327 2026 3384; x_wconf 82' lang='lat' dir='ltr'><strong>Pascha</strong></span> <span class='ocrx_word' id='word_1_244' title='bbox 2052 3369 2068 3395; x_wconf 96' lang='lat'><strong>,</strong></span> 
     </span>
    </p>
   </div>
   <div class='ocr_carea' id='block_1_35' title="bbox 497 3419 2071 3492">
    <p class='ocr_par' dir='ltr' id='par_1_35' title="bbox 497 3419 2071 3492">
     <span class='ocr_line' id='line_1_35' title="bbox 497 3419 2071 3492; baseline 0 -18"><span class='ocrx_word' id='word_1_245' title='bbox 497 3435 660 3491; x_wconf 85' lang='lat' dir='ltr'><strong>quam</strong></span> <span class='ocrx_word' id='word_1_246' title='bbox 696 3419 840 3490; x_wconf 89' lang='lat' dir='ltr'><strong>quod</strong></span> <span class='ocrx_word' id='word_1_247' title='bbox 904 3435 936 3474; x_wconf 90' lang='lat' dir='ltr'><strong>a</strong></span> <span class='ocrx_word' id='word_1_248' title='bbox 983 3420 1257 3489; x_wconf 90' lang='lat' dir='ltr'><strong>baptismo</strong></span> <span class='ocrx_word' id='word_1_249' title='bbox 1289 3422 1601 3492; x_wconf 87' lang='lat' dir='ltr'><strong>proximum</strong></span> <span class='ocrx_word' id='word_1_250' title='bbox 1655 3430 1778 3484; x_wconf 89' lang='lat' dir='ltr'><strong>est,</strong></span> <span class='ocrx_word' id='word_1_251' title='bbox 1839 3419 2071 3485; x_wconf 85' lang='lat' dir='ltr'><strong>incidit,</strong></span> 
     </span>
    </p>
   </div>
   <div class='ocr_carea' id='block_1_36' title="bbox 497 3510 2075 3583">
    <p class='ocr_par' dir='ltr' id='par_1_36' title="bbox 497 3510 2075 3583">
     <span class='ocr_line' id='line_1_36' title="bbox 497 3510 2075 3583; baseline 0 -19"><span class='ocrx_word' id='word_1_252' title='bbox 497 3510 888 3582; x_wconf 88' lang='lat' dir='ltr'><strong>proculdubio</strong></span> <span class='ocrx_word' id='word_1_253' title='bbox 916 3513 1074 3583; x_wconf 89' lang='lat' dir='ltr'><strong>plura</strong></span> <span class='ocrx_word' id='word_1_254' title='bbox 1133 3513 1307 3568; x_wconf 87' lang='lat' dir='ltr'><strong>tribus</strong></span> <span class='ocrx_word' id='word_1_255' title='bbox 1369 3510 1638 3566; x_wconf 89' lang='lat' dir='ltr'><strong>Paschata</strong></span> <span class='ocrx_word' id='word_1_256' title='bbox 1692 3511 2075 3567; x_wconf 86' lang='lat' dir='ltr'><strong>constituenda</strong></span> 
     </span>
    </p>
   </div>
   <div class='ocr_carea' id='block_1_37' title="bbox 501 3602 2074 3674">
    <p class='ocr_par' dir='ltr' id='par_1_37' title="bbox 501 3602 2074 3674">
     <span class='ocr_line' id='line_1_37' title="bbox 501 3602 2074 3674; baseline 0.001 -18"><span class='ocrx_word' id='word_1_257' title='bbox 501 3610 651 3656; x_wconf 85' lang='lat' dir='ltr'><strong>sunt.</strong></span> <span class='ocrx_word' id='word_1_258' title='bbox 686 3602 784 3657; x_wconf 89' lang='lat' dir='ltr'><strong>Sin</strong></span> <span class='ocrx_word' id='word_1_259' title='bbox 819 3604 1108 3658; x_wconf 90' lang='lat' dir='ltr'><strong>conciliari</strong></span> <span class='ocrx_word' id='word_1_260' title='bbox 1149 3604 1250 3658; x_wconf 89' lang='lat' dir='ltr'><strong>ista</strong></span> <span class='ocrx_word' id='word_1_261' title='bbox 1297 3612 1549 3674; x_wconf 90' lang='lat' dir='ltr'><strong>possunt,</strong></span> <span class='ocrx_word' id='word_1_262' title='bbox 1580 3611 1641 3657; x_wconf 91' lang='lat' dir='ltr'><strong>ut</strong></span> <span class='ocrx_word' id='word_1_263' title='bbox 1677 3619 1853 3674; x_wconf 90' lang='lat' dir='ltr'><strong>neque</strong></span> <span class='ocrx_word' id='word_1_264' title='bbox 1901 3602 2074 3658; x_wconf 80' lang='lat' dir='ltr'><strong>festus</strong></span> 
     </span>
    </p>
   </div>
   <div class='ocr_carea' id='block_1_38' title="bbox 502 3693 2076 3759">
    <p class='ocr_par' dir='ltr' id='par_1_38' title="bbox 502 3693 2076 3759">
     <span class='ocr_line' id='line_1_38' title="bbox 502 3693 2076 3759; baseline 0.001 -11"><span class='ocrx_word' id='word_1_265' title='bbox 502 3695 596 3749; x_wconf 88' lang='lat' dir='ltr'><strong>ille</strong></span> <span class='ocrx_word' id='word_1_266' title='bbox 625 3695 744 3750; x_wconf 90' lang='lat' dir='ltr'><strong>dies</strong></span> <span class='ocrx_word' id='word_1_267' title='bbox 793 3694 951 3750; x_wconf 88' lang='lat' dir='ltr'><strong>Joan.</strong></span> <span class='ocrx_word' id='word_1_268' title='bbox 980 3711 1012 3748; x_wconf 91' lang='lat' dir='ltr'><strong>v</strong></span> <span class='ocrx_word' id='word_1_269' title='bbox 1066 3694 1275 3750; x_wconf 89' lang='lat' dir='ltr'><strong>Pascha</strong></span> <span class='ocrx_word' id='word_1_270' title='bbox 1317 3696 1407 3759; x_wconf 88' lang='lat' dir='ltr'><strong>sit,</strong></span> <span class='ocrx_word' id='word_1_271' title='bbox 1459 3703 1514 3748; x_wconf 91' lang='lat' dir='ltr'><strong>et</strong></span> <span class='ocrx_word' id='word_1_272' title='bbox 1552 3693 1848 3749; x_wconf 85' lang='lat' dir='ltr'><strong>Sabbatum</strong></span> <span class='ocrx_word' id='word_1_273' title='bbox 1891 3697 2076 3749; x_wconf 85' lang='lat' dir='ltr'><strong>deute-</strong></span> 
     </span>
    </p>
   </div>
   <div class='ocr_carea' id='block_1_39' title="bbox 502 3786 2074 3858">
    <p class='ocr_par' dir='ltr' id='par_1_39' title="bbox 502 3786 2074 3858">
     <span class='ocr_line' id='line_1_39' title="bbox 502 3786 2074 3858; baseline -0.002 -16"><span class='ocrx_word' id='word_1_274' title='bbox 502 3795 786 3856; x_wconf 83' lang='lat' dir='ltr'><strong>r0proton,</strong></span> <span class='ocrx_word' id='word_1_275' title='bbox 811 3787 878 3842; x_wconf 86' lang='lat' dir='ltr'><strong>de</strong></span> <span class='ocrx_word' id='word_1_276' title='bbox 900 3802 1010 3858; x_wconf 94' lang='lat' dir='ltr'><strong>quo</strong></span> <span class='ocrx_word' id='word_1_277' title='bbox 1025 3786 1201 3842; x_wconf 88' lang='lat' dir='ltr'><strong>Lucas</strong></span> <span class='ocrx_word' id='word_1_278' title='bbox 1229 3802 1350 3857; x_wconf 90' lang='lat' dir='ltr'><strong>cap.</strong></span> <span class='ocrx_word' id='word_1_279' title='bbox 1379 3802 1455 3849; x_wconf 81' lang='grc' dir='ltr'>νι,</span> <span class='ocrx_word' id='word_1_280' title='bbox 1477 3787 1658 3841; x_wconf 91' lang='lat' dir='ltr'><strong>statim</strong></span> <span class='ocrx_word' id='word_1_281' title='bbox 1683 3795 1807 3855; x_wconf 92' lang='lat' dir='ltr'><strong>post</strong></span> <span class='ocrx_word' id='word_1_282' title='bbox 1840 3787 2074 3856; x_wconf 91' lang='lat' dir='ltr'><strong>primum</strong></span> 
     </span>
    </p>
   </div>
   <div class='ocr_carea' id='block_1_40' title="bbox 502 3877 2075 3943">
    <p class='ocr_par' dir='ltr' id='par_1_40' title="bbox 502 3877 2075 3943">
     <span class='ocr_line' id='line_1_40' title="bbox 502 3877 2075 3943; baseline 0 -11"><span class='ocrx_word' id='word_1_283' title='bbox 502 3877 711 3934; x_wconf 90' lang='lat' dir='ltr'><strong>Pascha</strong></span> <span class='ocrx_word' id='word_1_284' title='bbox 743 3879 1091 3943; x_wconf 88' lang='lat' dir='ltr'><strong>successerit,</strong></span> <span class='ocrx_word' id='word_1_285' title='bbox 1128 3879 1263 3933; x_wconf 84' lang='lat' dir='ltr'><strong>nihil</strong></span> <span class='ocrx_word' id='word_1_286' title='bbox 1303 3880 1528 3933; x_wconf 91' lang='lat' dir='ltr'><strong>omnino</strong></span> <span class='ocrx_word' id='word_1_287' title='bbox 1558 3879 1626 3934; x_wconf 88' lang='lat' dir='ltr'><strong>de</strong></span> <span class='ocrx_word' id='word_1_288' title='bbox 1659 3894 1711 3932; x_wconf 83' lang='lat' dir='ltr'><strong>IV</strong></span> <span class='ocrx_word' id='word_1_289' title='bbox 1745 3877 2075 3934; x_wconf 87' lang='lat' dir='ltr'><strong>Paschatum</strong></span> 
     </span>
    </p>
   </div>
   <div class='ocr_carea' id='block_1_41' title="bbox 504 3969 2074 4042">
    <p class='ocr_par' dir='ltr' id='par_1_41' title="bbox 504 3969 2074 4042">
     <span class='ocr_line' id='line_1_41' title="bbox 504 3969 2074 4042; baseline -0.001 -16"><span class='ocrx_word' id='word_1_290' title='bbox 504 3971 792 4027; x_wconf 85' lang='lat' dir='ltr'><strong>intervallo</strong></span> <span class='ocrx_word' id='word_1_291' title='bbox 819 3971 1014 4027; x_wconf 83' lang='lat' dir='ltr'><strong>conﬁci</strong></span> <span class='ocrx_word' id='word_1_292' title='bbox 1045 3980 1224 4042; x_wconf 87' lang='lat' dir='ltr'><strong>potest</strong></span> <span class='ocrx_word' id='word_1_293' title='bbox 1248 3989 1262 4038; x_wconf 92' lang='lat'><strong>;</strong></span> <span class='ocrx_word' id='word_1_294' title='bbox 1298 3987 1420 4025; x_wconf 89' lang='lat' dir='ltr'><strong>nam</strong></span> <span class='ocrx_word' id='word_1_295' title='bbox 1450 3971 1594 4042; x_wconf 90' lang='lat' dir='ltr'><strong>quod</strong></span> <span class='ocrx_word' id='word_1_296' title='bbox 1618 3971 1684 4025; x_wconf 88' lang='lat' dir='ltr'><strong>ad</strong></span> <span class='ocrx_word' id='word_1_297' title='bbox 1707 3969 1904 4035; x_wconf 74' lang='lat' dir='ltr'><strong>festum</strong></span> <span class='ocrx_word' id='word_1_298' title='bbox 1933 3971 2074 4024; x_wconf 88' lang='lat' dir='ltr'><strong>diem</strong></span> 
     </span>
    </p>
   </div>
   <div class='ocr_carea' id='block_1_42' title="bbox 507 4061 2079 4134">
    <p class='ocr_par' dir='ltr' id='par_1_42' title="bbox 507 4061 2079 4134">
     <span class='ocr_line' id='line_1_42' title="bbox 507 4061 2079 4134; baseline 0.001 -18"><span class='ocrx_word' id='word_1_299' title='bbox 507 4079 540 4116; x_wconf 79' lang='grc' dir='ltr'><strong>ν</strong></span> <span class='ocrx_word' id='word_1_300' title='bbox 575 4061 736 4119; x_wconf 90' lang='lat' dir='ltr'><strong>Joan.</strong></span> <span class='ocrx_word' id='word_1_301' title='bbox 777 4079 899 4134; x_wconf 92' lang='lat' dir='ltr'><strong>cap.</strong></span> <span class='ocrx_word' id='word_1_302' title='bbox 950 4072 1178 4134; x_wconf 90' lang='lat' dir='ltr'><strong>spectat,</strong></span> <span class='ocrx_word' id='word_1_303' title='bbox 1230 4063 1387 4117; x_wconf 89' lang='lat' dir='ltr'><strong>multi</strong></span> <span class='ocrx_word' id='word_1_304' title='bbox 1428 4073 1480 4118; x_wconf 90' lang='lat' dir='ltr'><strong>et</strong></span> <span class='ocrx_word' id='word_1_305' title='bbox 1531 4063 1838 4132; x_wconf 81' lang='lat' dir='ltr'><strong>gravissimi</strong></span> <span class='ocrx_word' id='word_1_306' title='bbox 1889 4061 2079 4117; x_wconf 84' lang='lat' dir='ltr'><strong>Patres</strong></span> 
     </span>
    </p>
   </div>
   <div class='ocr_carea' id='block_1_43' title="bbox 506 4155 2078 4226">
    <p class='ocr_par' dir='ltr' id='par_1_43' title="bbox 506 4155 2078 4226">
     <span class='ocr_line' id='line_1_43' title="bbox 506 4155 2078 4226; baseline -0.002 -16"><span class='ocrx_word' id='word_1_307' title='bbox 506 4167 712 4226; x_wconf 89' lang='lat' dir='ltr'><strong>negant</strong></span> <span class='ocrx_word' id='word_1_308' title='bbox 741 4156 807 4210; x_wconf 91' lang='lat' dir='ltr'><strong>de</strong></span> <span class='ocrx_word' id='word_1_309' title='bbox 875 4155 1142 4213; x_wconf 82' lang='lat' dir='ltr'><strong>Paschate</strong></span> <span class='ocrx_word' id='word_1_310' title='bbox 1182 4156 1426 4210; x_wconf 90' lang='lat' dir='ltr'><strong>locutum</strong></span> <span class='ocrx_word' id='word_1_311' title='bbox 1477 4155 1785 4221; x_wconf 84' lang='lat' dir='ltr'><strong>Joannem;</strong></span> <span class='ocrx_word' id='word_1_312' title='bbox 1838 4155 1930 4210; x_wconf 90' lang='lat' dir='ltr'><strong>sed</strong></span> <span class='ocrx_word' id='word_1_313' title='bbox 1989 4155 2078 4208; x_wconf 90' lang='lat' dir='ltr'><strong>alii</strong></span> 
     </span>
    </p>
   </div>
   <div class='ocr_carea' id='block_1_44' title="bbox 503 4246 2079 4318">
    <p class='ocr_par' dir='ltr' id='par_1_44' title="bbox 503 4246 2079 4318">
     <span class='ocr_line' id='line_1_44' title="bbox 503 4246 2079 4318; baseline -0.001 -16"><span class='ocrx_word' id='word_1_314' title='bbox 503 4247 890 4312; x_wconf 90' lang='lat' dir='ltr'><strong>Pentecosten,</strong></span> <span class='ocrx_word' id='word_1_315' title='bbox 951 4249 1045 4302; x_wconf 92' lang='lat' dir='ltr'><strong>alii</strong></span> <span class='ocrx_word' id='word_1_316' title='bbox 1079 4248 1224 4303; x_wconf 88' lang='lat' dir='ltr'><strong>aliud</strong></span> <span class='ocrx_word' id='word_1_317' title='bbox 1278 4247 1476 4303; x_wconf 79' lang='lat' dir='ltr'><strong>festum</strong></span> <span class='ocrx_word' id='word_1_318' title='bbox 1529 4247 1858 4318; x_wconf 84' lang='lat' dir='ltr'><strong>intelligunt.</strong></span> <span class='ocrx_word' id='word_1_319' title='bbox 1924 4246 2079 4313; x_wconf 85' lang='lat' dir='ltr'><strong>Quod</strong></span> 
     </span>
    </p>
   </div>
   <div class='ocr_carea' id='block_1_45' title="bbox 507 4337 2081 4408">
    <p class='ocr_par' dir='ltr' id='par_1_45' title="bbox 507 4337 2081 4408">
     <span class='ocr_line' id='line_1_45' title="bbox 507 4337 2081 4408; baseline 0 -16"><span class='ocrx_word' id='word_1_320' title='bbox 507 4346 690 4392; x_wconf 90' lang='lat' dir='ltr'><strong>autem</strong></span> <span class='ocrx_word' id='word_1_321' title='bbox 723 4337 910 4392; x_wconf 65' lang='lat' dir='ltr'><strong>[renati</strong></span> <span class='ocrx_word' id='word_1_322' title='bbox 960 4337 1336 4394; x_wconf 90' lang='lat' dir='ltr'><strong>testimonium</strong></span> <span class='ocrx_word' id='word_1_323' title='bbox 1392 4337 1641 4403; x_wconf 78' lang='lat' dir='ltr'><strong>aﬂ&#39;ertur,</strong></span> <span class='ocrx_word' id='word_1_324' title='bbox 1676 4339 1787 4408; x_wconf 87' lang='lat' dir='ltr'><strong>jam</strong></span> <span class='ocrx_word' id='word_1_325' title='bbox 1831 4355 1860 4392; x_wconf 87' lang='lat' dir='ltr'><strong>a</strong></span> <span class='ocrx_word' id='word_1_326' title='bbox 1925 4339 2081 4392; x_wconf 89' lang='lat' dir='ltr'><strong>nobis</strong></span> 
     </span>
    </p>
   </div>
   <div class='ocr_carea' id='block_1_46' title="bbox 508 4431 2080 4501">
    <p class='ocr_par' dir='ltr' id='par_1_46' title="bbox 508 4431 2080 4501">
     <span class='ocr_line' id='line_1_46' title="bbox 508 4431 2080 4501; baseline -0.001 -16"><span class='ocrx_word' id='word_1_327' title='bbox 508 4441 700 4485; x_wconf 89' lang='lat' dir='ltr'><strong>contra</strong></span> <span class='ocrx_word' id='word_1_328' title='bbox 746 4431 892 4486; x_wconf 89' lang='lat' dir='ltr'><strong>illius</strong></span> <span class='ocrx_word' id='word_1_329' title='bbox 923 4431 1303 4485; x_wconf 85' lang='lat' dir='ltr'><strong>auctoritatem</strong></span> <span class='ocrx_word' id='word_1_330' title='bbox 1353 4431 1732 4501; x_wconf 55' lang='lat' dir='ltr'><strong>praescriptum</strong></span> <span class='ocrx_word' id='word_1_331' title='bbox 1771 4441 1874 4497; x_wconf 97' lang='grc' dir='ltr'>εει,</span> <span class='ocrx_word' id='word_1_332' title='bbox 1934 4431 2080 4501; x_wconf 91' lang='lat' dir='ltr'><strong>quod</strong></span> 
     </span>
    </p>
   </div>
   <div class='ocr_carea' id='block_1_47' title="bbox 514 4522 2078 4594">
    <p class='ocr_par' dir='ltr' id='par_1_47' title="bbox 514 4522 2078 4594">
     <span class='ocr_line' id='line_1_47' title="bbox 514 4522 2078 4594; baseline -0.001 -16"><span class='ocrx_word' id='word_1_333' title='bbox 514 4527 562 4580; x_wconf 92' lang='lat' dir='ltr'><strong>is</strong></span> <span class='ocrx_word' id='word_1_334' title='bbox 597 4525 806 4580; x_wconf 91' lang='lat' dir='ltr'><strong>nullum</strong></span> <span class='ocrx_word' id='word_1_335' title='bbox 837 4523 982 4578; x_wconf 90' lang='lat' dir='ltr'><strong>aliud</strong></span> <span class='ocrx_word' id='word_1_336' title='bbox 1014 4522 1221 4579; x_wconf 87' lang='lat' dir='ltr'><strong>Pascha</strong></span> <span class='ocrx_word' id='word_1_337' title='bbox 1247 4523 1547 4579; x_wconf 91' lang='lat' dir='ltr'><strong>secundum</strong></span> <span class='ocrx_word' id='word_1_338' title='bbox 1577 4523 1880 4594; x_wconf 83' lang='lat' dir='ltr'><strong>agnoverit,</strong></span> <span class='ocrx_word' id='word_1_339' title='bbox 1916 4540 2078 4594; x_wconf 85' lang='lat' dir='ltr'><strong>quam</strong></span> 
     </span>
    </p>
   </div>
   <div class='ocr_carea' id='block_1_48' title="bbox 2175 661 3751 736">
    <p class='ocr_par' dir='ltr' id='par_1_48' title="bbox 2175 661 3751 736">
     <span class='ocr_line' id='line_1_48' title="bbox 2175 661 3751 736; baseline -0.003 -16"><span class='ocrx_word' id='word_1_340' title='bbox 2175 667 2473 732; x_wconf 84' lang='lat' dir='ltr'><strong>existimat,</strong></span> <span class='ocrx_word' id='word_1_341' title='bbox 2563 666 2910 736; x_wconf 87' lang='lat' dir='ltr'><strong>proverbium</strong></span> <span class='ocrx_word' id='word_1_342' title='bbox 2965 664 3238 733; x_wconf 86' lang='lat' dir='ltr'><strong>quoddam</strong></span> <span class='ocrx_word' id='word_1_343' title='bbox 3310 663 3452 717; x_wconf 89' lang='lat' dir='ltr'><strong>inter</strong></span> <span class='ocrx_word' id='word_1_344' title='bbox 3526 661 3751 717; x_wconf 58' lang='lat' dir='ltr'><strong>Juda‘os</strong></span> 
     </span>
    </p>
   </div>
   <div class='ocr_carea' id='block_1_49' title="bbox 2172 755 3748 826">
    <p class='ocr_par' dir='ltr' id='par_1_49' title="bbox 2172 755 3748 826">
     <span class='ocr_line' id='line_1_49' title="bbox 2172 755 3748 826; baseline -0.003 -14"><span class='ocrx_word' id='word_1_345' title='bbox 2172 757 2445 826; x_wconf 87' lang='lat' dir='ltr'><strong>ejusmodi</strong></span> <span class='ocrx_word' id='word_1_346' title='bbox 2480 769 2781 822; x_wconf 89' lang='lat' dir='ltr'><strong>versatum,</strong></span> <span class='ocrx_word' id='word_1_347' title='bbox 2838 756 3018 810; x_wconf 89' lang='lat' dir='ltr'><strong>adhuc</strong></span> <span class='ocrx_word' id='word_1_348' title='bbox 3059 769 3274 810; x_wconf 83' lang='lat' dir='ltr'><strong>menses</strong></span> <span class='ocrx_word' id='word_1_349' title='bbox 3308 770 3362 808; x_wconf 86' lang='lat' dir='ltr'><strong>Iv</strong></span> <span class='ocrx_word' id='word_1_350' title='bbox 3394 755 3460 808; x_wconf 89' lang='lat' dir='ltr'><strong>ad</strong></span> <span class='ocrx_word' id='word_1_351' title='bbox 3505 770 3748 809; x_wconf 88' lang='lat' dir='ltr'><strong>messem</strong></span> 
     </span>
    </p>
   </div>
   <div class='ocr_carea' id='block_1_50' title="bbox 2173 847 3750 918">
    <p class='ocr_par' dir='ltr' id='par_1_50' title="bbox 2173 847 3750 918">
     <span class='ocr_line' id='line_1_50' title="bbox 2173 847 3750 918; baseline -0.003 -15"><span class='ocrx_word' id='word_1_352' title='bbox 2173 857 2487 918; x_wconf 83' lang='lat' dir='ltr'><strong>supersunt,</strong></span> <span class='ocrx_word' id='word_1_353' title='bbox 2521 864 2643 902; x_wconf 87' lang='lat' dir='ltr'><strong>cum</strong></span> <span class='ocrx_word' id='word_1_354' title='bbox 2684 847 2983 916; x_wconf 87' lang='lat' dir='ltr'><strong>nihilquod</strong></span> <span class='ocrx_word' id='word_1_355' title='bbox 3020 857 3236 915; x_wconf 83' lang='lat' dir='ltr'><strong>urgeret</strong></span> <span class='ocrx_word' id='word_1_356' title='bbox 3257 862 3399 912; x_wconf 91' lang='lat' dir='ltr'><strong>esse,</strong></span> <span class='ocrx_word' id='word_1_357' title='bbox 3435 847 3750 917; x_wconf 81' lang='lat' dir='ltr'><strong>signiﬁcare</strong></span> 
     </span>
    </p>
   </div>
   <div class='ocr_carea' id='block_1_51' title="bbox 2175 937 3749 1009">
    <p class='ocr_par' dir='ltr' id='par_1_51' title="bbox 2175 937 3749 1009">
     <span class='ocr_line' id='line_1_51' title="bbox 2175 937 3749 1009; baseline -0.001 -16"><span class='ocrx_word' id='word_1_358' title='bbox 2175 941 2408 995; x_wconf 84' lang='lat' dir='ltr'><strong>vellent:</strong></span> <span class='ocrx_word' id='word_1_359' title='bbox 2451 956 2548 995; x_wconf 87' lang='lat' dir='ltr'><strong>cur</strong></span> <span class='ocrx_word' id='word_1_360' title='bbox 2585 939 2742 994; x_wconf 81' lang='lat' dir='ltr'><strong>fateri</strong></span> <span class='ocrx_word' id='word_1_361' title='bbox 2777 940 3055 1009; x_wconf 83' lang='lat' dir='ltr'><strong>cogimur,</strong></span> <span class='ocrx_word' id='word_1_362' title='bbox 3091 955 3258 993; x_wconf 90' lang='lat' dir='ltr'><strong>unum</strong></span> <span class='ocrx_word' id='word_1_363' title='bbox 3305 940 3438 993; x_wconf 87' lang='lat' dir='ltr'><strong>illud</strong></span> <span class='ocrx_word' id='word_1_364' title='bbox 3484 937 3678 992; x_wconf 81' lang='lat' dir='ltr'><strong>festum</strong></span> <span class='ocrx_word' id='word_1_365' title='bbox 3709 952 3749 991; x_wconf 87' lang='lat' dir='ltr'><strong>e</strong></span> 
     </span>
    </p>
   </div>
   <div class='ocr_carea' id='block_1_52' title="bbox 2175 1031 3747 1104">
    <p class='ocr_par' dir='ltr' id='par_1_52' title="bbox 2175 1031 3747 1104">
     <span class='ocr_line' id='line_1_52' title="bbox 2175 1031 3747 1104; baseline -0.002 -17"><span class='ocrx_word' id='word_1_366' title='bbox 2175 1034 2351 1088; x_wconf 91' lang='lat' dir='ltr'><strong>tribus</strong></span> <span class='ocrx_word' id='word_1_367' title='bbox 2371 1033 2541 1089; x_wconf 81' lang='lat' dir='ltr'><strong>fuisse</strong></span> <span class='ocrx_word' id='word_1_368' title='bbox 2560 1031 3092 1104; x_wconf 67' lang='lat' dir='ltr'><strong>majoribusiNonne</strong></span> <span class='ocrx_word' id='word_1_369' title='bbox 3109 1045 3163 1086; x_wconf 90' lang='lat' dir='ltr'><strong>et</strong></span> <span class='ocrx_word' id='word_1_370' title='bbox 3179 1032 3244 1086; x_wconf 91' lang='lat' dir='ltr'><strong>ad</strong></span> <span class='ocrx_word' id='word_1_371' title='bbox 3261 1031 3513 1087; x_wconf 64' lang='lat' dir='ltr'><strong>Encznia</strong></span> <span class='ocrx_word' id='word_1_372' title='bbox 3530 1031 3747 1087; x_wconf 82' lang='lat' dir='ltr'><strong>venisse</strong></span> 
     </span>
    </p>
   </div>
   <div class='ocr_carea' id='block_1_53' title="bbox 2171 1123 3742 1195">
    <p class='ocr_par' dir='ltr' id='par_1_53' title="bbox 2171 1123 3742 1195">
     <span class='ocr_line' id='line_1_53' title="bbox 2171 1123 3742 1195; baseline -0.003 -16"><span class='ocrx_word' id='word_1_373' title='bbox 2171 1123 2452 1180; x_wconf 87' lang='lat' dir='ltr'><strong>Christum</strong></span> <span class='ocrx_word' id='word_1_374' title='bbox 2484 1135 2751 1180; x_wconf 88' lang='lat' dir='ltr'><strong>testantur</strong></span> <span class='ocrx_word' id='word_1_375' title='bbox 2773 1123 3087 1195; x_wconf 85' lang='lat' dir='ltr'><strong>Evangelia,</strong></span> <span class='ocrx_word' id='word_1_376' title='bbox 3118 1135 3171 1179; x_wconf 89' lang='lat' dir='ltr'><strong>et</strong></span> <span class='ocrx_word' id='word_1_377' title='bbox 3193 1123 3430 1193; x_wconf 89' lang='lat' dir='ltr'><strong>reliquos</strong></span> <span class='ocrx_word' id='word_1_378' title='bbox 3458 1123 3526 1178; x_wconf 86' lang='lat' dir='ltr'><strong>ab</strong></span> <span class='ocrx_word' id='word_1_379' title='bbox 3552 1123 3742 1178; x_wconf 87' lang='lat' dir='ltr'><strong>eodem</strong></span> 
     </span>
    </p>
   </div>
   <div class='ocr_carea' id='block_1_54' title="bbox 2171 1213 3743 1281">
    <p class='ocr_par' dir='ltr' id='par_1_54' title="bbox 2171 1213 3743 1281">
     <span class='ocr_line' id='line_1_54' title="bbox 2171 1213 3743 1281; baseline 0.001 -12"><span class='ocrx_word' id='word_1_380' title='bbox 2171 1216 2477 1271; x_wconf 90' lang='lat' dir='ltr'><strong>verisimile</strong></span> <span class='ocrx_word' id='word_1_381' title='bbox 2515 1225 2600 1271; x_wconf 89' lang='lat' dir='ltr'><strong>est</strong></span> <span class='ocrx_word' id='word_1_382' title='bbox 2632 1216 2749 1270; x_wconf 89' lang='lat' dir='ltr'><strong>dies</strong></span> <span class='ocrx_word' id='word_1_383' title='bbox 2785 1231 2908 1271; x_wconf 89' lang='lat' dir='ltr'><strong>esse</strong></span> <span class='ocrx_word' id='word_1_384' title='bbox 2935 1215 3284 1270; x_wconf 81' lang='lat' dir='ltr'><strong>celebratos?</strong></span> <span class='ocrx_word' id='word_1_385' title='bbox 3317 1213 3500 1281; x_wconf 91' lang='lat' dir='ltr'><strong>Quare</strong></span> <span class='ocrx_word' id='word_1_386' title='bbox 3531 1216 3634 1271; x_wconf 90' lang='lat' dir='ltr'><strong>nisi</strong></span> <span class='ocrx_word' id='word_1_387' title='bbox 3671 1215 3743 1270; x_wconf 87' lang='lat' dir='ltr'><strong>ad</strong></span> 
     </span>
    </p>
   </div>
   <div class='ocr_carea' id='block_1_55' title="bbox 2171 1305 3741 1378">
    <p class='ocr_par' dir='ltr' id='par_1_55' title="bbox 2171 1305 3741 1378">
     <span class='ocr_line' id='line_1_55' title="bbox 2171 1305 3741 1378; baseline 0.001 -17"><span class='ocrx_word' id='word_1_388' title='bbox 2171 1305 2528 1363; x_wconf 88' lang='lat' dir='ltr'><strong>Pentecosten</strong></span> <span class='ocrx_word' id='word_1_389' title='bbox 2569 1324 2694 1362; x_wconf 87' lang='lat' dir='ltr'><strong>cum</strong></span> <span class='ocrx_word' id='word_1_390' title='bbox 2732 1307 3160 1378; x_wconf 87' lang='lat' dir='ltr'><strong>Chrysostomo,</strong></span> <span class='ocrx_word' id='word_1_391' title='bbox 3204 1308 3424 1378; x_wconf 82' lang='lat' dir='ltr'><strong>Cyrillo,</strong></span> <span class='ocrx_word' id='word_1_392' title='bbox 3461 1319 3619 1378; x_wconf 86' lang='lat' dir='ltr'><strong>atque</strong></span> <span class='ocrx_word' id='word_1_393' title='bbox 3671 1323 3741 1362; x_wconf 83' lang='lat' dir='ltr'><strong>ex</strong></span> 
     </span>
    </p>
   </div>
   <div class='ocr_carea' id='block_1_56' title="bbox 2171 1395 3740 1467">
    <p class='ocr_par' dir='ltr' id='par_1_56' title="bbox 2171 1395 3740 1467">
     <span class='ocr_line' id='line_1_56' title="bbox 2171 1395 3740 1467; baseline 0.001 -17"><span class='ocrx_word' id='word_1_394' title='bbox 2171 1398 2572 1452; x_wconf 89' lang='lat' dir='ltr'><strong>recentioribus</strong></span> <span class='ocrx_word' id='word_1_395' title='bbox 2606 1395 2960 1464; x_wconf 79' lang='lat' dir='ltr'><strong>Maldonato,</strong></span> <span class='ocrx_word' id='word_1_396' title='bbox 3006 1397 3237 1467; x_wconf 91' lang='lat' dir='ltr'><strong>aliisque</strong></span> <span class='ocrx_word' id='word_1_397' title='bbox 3281 1399 3556 1467; x_wconf 87' lang='lat' dir='ltr'><strong>pertinere</strong></span> <span class='ocrx_word' id='word_1_398' title='bbox 3607 1398 3740 1452; x_wconf 84' lang='lat' dir='ltr'><strong>veli-</strong></span> 
     </span>
    </p>
   </div>
   <div class='ocr_carea' id='block_1_57' title="bbox 2173 1487 3740 1558">
    <p class='ocr_par' dir='ltr' id='par_1_57' title="bbox 2173 1487 3740 1558">
     <span class='ocr_line' id='line_1_57' title="bbox 2173 1487 3740 1558; baseline 0.001 -16"><span class='ocrx_word' id='word_1_399' title='bbox 2173 1504 2294 1543; x_wconf 91' lang='lat' dir='ltr'><strong>mus</strong></span> <span class='ocrx_word' id='word_1_400' title='bbox 2321 1505 2336 1554; x_wconf 92' lang='lat'><strong>;</strong></span> <span class='ocrx_word' id='word_1_401' title='bbox 2371 1499 2426 1543; x_wconf 89' lang='lat' dir='ltr'><strong>at</strong></span> <span class='ocrx_word' id='word_1_402' title='bbox 2454 1488 2703 1551; x_wconf 85' lang='lat' dir='ltr'><strong>Phurim,</strong></span> <span class='ocrx_word' id='word_1_403' title='bbox 2746 1489 2860 1544; x_wconf 85' lang='lat' dir='ltr'><strong>sive</strong></span> <span class='ocrx_word' id='word_1_404' title='bbox 2891 1487 3132 1542; x_wconf 90' lang='lat' dir='ltr'><strong>Sortium</strong></span> <span class='ocrx_word' id='word_1_405' title='bbox 3174 1487 3396 1550; x_wconf 79' lang='lat' dir='ltr'><strong>festum,</strong></span> <span class='ocrx_word' id='word_1_406' title='bbox 3432 1490 3572 1558; x_wconf 92' lang='lat' dir='ltr'><strong>quod</strong></span> <span class='ocrx_word' id='word_1_407' title='bbox 3594 1490 3740 1543; x_wconf 80' lang='lat' dir='ltr'><strong>Adar</strong></span> 
     </span>
    </p>
   </div>
   <div class='ocr_carea' id='block_1_58' title="bbox 2177 1580 3740 1651">
    <p class='ocr_par' dir='ltr' id='par_1_58' title="bbox 2177 1580 3740 1651">
     <span class='ocr_line' id='line_1_58' title="bbox 2177 1580 3740 1651; baseline 0 -15"><span class='ocrx_word' id='word_1_408' title='bbox 2177 1581 2246 1636; x_wconf 75' lang='grc'><strong>15</strong></span> <span class='ocrx_word' id='word_1_409' title='bbox 2279 1582 2613 1636; x_wconf 89' lang='lat' dir='ltr'><strong>celebratum</strong></span> <span class='ocrx_word' id='word_1_410' title='bbox 2663 1589 2769 1646; x_wconf 90' lang='lat' dir='ltr'><strong>est,</strong></span> <span class='ocrx_word' id='word_1_411' title='bbox 2811 1581 2947 1634; x_wconf 92' lang='lat' dir='ltr'><strong>nihil</strong></span> <span class='ocrx_word' id='word_1_412' title='bbox 2991 1589 3134 1635; x_wconf 82' lang='lat' dir='ltr'><strong>vetat</strong></span> <span class='ocrx_word' id='word_1_413' title='bbox 3186 1581 3435 1651; x_wconf 83' lang='lat' dir='ltr'><strong>intelligi.</strong></span> <span class='ocrx_word' id='word_1_414' title='bbox 3506 1580 3576 1636; x_wconf 89' lang='lat' dir='ltr'><strong>De</strong></span> <span class='ocrx_word' id='word_1_415' title='bbox 3629 1598 3740 1651; x_wconf 89' lang='lat' dir='ltr'><strong>quo</strong></span> 
     </span>
    </p>
   </div>
   <div class='ocr_carea' id='block_1_59' title="bbox 2171 1675 3738 1747">
    <p class='ocr_par' dir='ltr' id='par_1_59' title="bbox 2171 1675 3738 1747">
     <span class='ocr_line' id='line_1_59' title="bbox 2171 1675 3738 1747; baseline 0.001 -15"><span class='ocrx_word' id='word_1_416' title='bbox 2171 1679 2382 1733; x_wconf 86' lang='lat' dir='ltr'><strong>erudite</strong></span> <span class='ocrx_word' id='word_1_417' title='bbox 2422 1677 2684 1747; x_wconf 84' lang='lat' dir='ltr'><strong>Keplerus</strong></span> <span class='ocrx_word' id='word_1_418' title='bbox 2733 1679 2786 1731; x_wconf 92' lang='lat' dir='ltr'><strong>in</strong></span> <span class='ocrx_word' id='word_1_419' title='bbox 2825 1677 3057 1746; x_wconf 84' lang='lat' dir='ltr'><strong>Eclogis.</strong></span> <span class='ocrx_word' id='word_1_420' title='bbox 3105 1675 3222 1731; x_wconf 91' lang='lat' dir='ltr'><strong>Jam</strong></span> <span class='ocrx_word' id='word_1_421' title='bbox 3269 1675 3564 1732; x_wconf 88' lang='lat' dir='ltr'><strong>Sabbatum</strong></span> <span class='ocrx_word' id='word_1_422' title='bbox 3609 1680 3738 1733; x_wconf 89' lang='lat' dir='ltr'><strong>illud</strong></span> 
     </span>
    </p>
   </div>
   <div class='ocr_carea' id='block_1_60' title="bbox 2169 1769 3738 1840">
    <p class='ocr_par' dir='ltr' id='par_1_60' title="bbox 2169 1769 3738 1840">
     <span class='ocr_line' id='line_1_60' title="bbox 2169 1769 3738 1840; baseline 0.001 -15"><span class='ocrx_word' id='word_1_423' title='bbox 2169 1769 2592 1839; x_wconf 80' lang='lat' dir='ltr'><strong>deuteroproton</strong></span> <span class='ocrx_word' id='word_1_424' title='bbox 2649 1779 2771 1838; x_wconf 91' lang='lat' dir='ltr'><strong>post</strong></span> <span class='ocrx_word' id='word_1_425' title='bbox 2820 1771 3050 1838; x_wconf 89' lang='lat' dir='ltr'><strong>primum</strong></span> <span class='ocrx_word' id='word_1_426' title='bbox 3111 1786 3141 1824; x_wconf 90' lang='lat' dir='ltr'><strong>a</strong></span> <span class='ocrx_word' id='word_1_427' title='bbox 3201 1771 3476 1840; x_wconf 89' lang='lat' dir='ltr'><strong>baptismo</strong></span> <span class='ocrx_word' id='word_1_428' title='bbox 3536 1770 3738 1826; x_wconf 78' lang='lat' dir='ltr'><strong>Pascha</strong></span> 
     </span>
    </p>
   </div>
   <div class='ocr_carea' id='block_1_61' title="bbox 2173 1859 3738 1932">
    <p class='ocr_par' dir='ltr' id='par_1_61' title="bbox 2173 1859 3738 1932">
     <span class='ocr_line' id='line_1_61' title="bbox 2173 1859 3738 1932; baseline -0.001 -15"><span class='ocrx_word' id='word_1_429' title='bbox 2173 1863 2429 1918; x_wconf 86' lang='lat' dir='ltr'><strong>collocari</strong></span> <span class='ocrx_word' id='word_1_430' title='bbox 2479 1870 2676 1932; x_wconf 88' lang='lat' dir='ltr'><strong>potest,</strong></span> <span class='ocrx_word' id='word_1_431' title='bbox 2709 1871 2842 1915; x_wconf 92' lang='lat' dir='ltr'><strong>utet</strong></span> <span class='ocrx_word' id='word_1_432' title='bbox 2864 1859 3125 1929; x_wconf 82' lang='lat' dir='ltr'><strong>Keplerus</strong></span> <span class='ocrx_word' id='word_1_433' title='bbox 3165 1861 3384 1928; x_wconf 86' lang='lat' dir='ltr'><strong>ibidem,</strong></span> <span class='ocrx_word' id='word_1_434' title='bbox 3413 1872 3468 1916; x_wconf 93' lang='lat' dir='ltr'><strong>et</strong></span> <span class='ocrx_word' id='word_1_435' title='bbox 3512 1877 3609 1917; x_wconf 87' lang='lat' dir='ltr'><strong>nos</strong></span> <span class='ocrx_word' id='word_1_436' title='bbox 3637 1864 3738 1932; x_wconf 85' lang='lat' dir='ltr'><strong>ipsi</strong></span> 
     </span>
    </p>
   </div>
   <div class='ocr_carea' id='block_1_62' title="bbox 2175 1951 3740 2024">
    <p class='ocr_par' dir='ltr' id='par_1_62' title="bbox 2175 1951 3740 2024">
     <span class='ocr_line' id='line_1_62' title="bbox 2175 1951 3740 2024; baseline -0.002 -15"><span class='ocrx_word' id='word_1_437' title='bbox 2175 1955 2410 2010; x_wconf 88' lang='lat' dir='ltr'><strong>subinde</strong></span> <span class='ocrx_word' id='word_1_438' title='bbox 2453 1953 2909 2009; x_wconf 89' lang='lat' dir='ltr'><strong>monstrabimus.</strong></span> <span class='ocrx_word' id='word_1_439' title='bbox 2961 1951 3138 2006; x_wconf 89' lang='lat' dir='ltr'><strong>Unum</strong></span> <span class='ocrx_word' id='word_1_440' title='bbox 3173 1964 3460 2022; x_wconf 90' lang='lat' dir='ltr'><strong>superest,</strong></span> <span class='ocrx_word' id='word_1_441' title='bbox 3494 1954 3630 2024; x_wconf 92' lang='lat' dir='ltr'><strong>quod</strong></span> <span class='ocrx_word' id='word_1_442' title='bbox 3669 1969 3740 2006; x_wconf 84' lang='lat' dir='ltr'><strong>ex</strong></span> 
     </span>
    </p>
   </div>
   <div class='ocr_carea' id='block_1_63' title="bbox 2173 2043 3737 2116">
    <p class='ocr_par' dir='ltr' id='par_1_63' title="bbox 2173 2043 3737 2116">
     <span class='ocr_line' id='line_1_63' title="bbox 2173 2043 3737 2116; baseline -0.003 -16"><span class='ocrx_word' id='word_1_443' title='bbox 2173 2045 2443 2101; x_wconf 80' lang='lat' dir='ltr'><strong>Kemnitio</strong></span> <span class='ocrx_word' id='word_1_444' title='bbox 2491 2045 2744 2116; x_wconf 88' lang='lat' dir='ltr'><strong>proponit</strong></span> <span class='ocrx_word' id='word_1_445' title='bbox 2779 2045 3139 2115; x_wconf 92' lang='lat' dir='ltr'><strong>dissolvitque</strong></span> <span class='ocrx_word' id='word_1_446' title='bbox 3176 2043 3441 2114; x_wconf 83' lang='lat' dir='ltr'><strong>Keplerus</strong></span> <span class='ocrx_word' id='word_1_447' title='bbox 3496 2064 3508 2099; x_wconf 93' lang='lat'>:</span> <span class='ocrx_word' id='word_1_448' title='bbox 3543 2045 3737 2099; x_wconf 86' lang='lat' dir='ltr'><strong>etenim</strong></span> 
     </span>
    </p>
   </div>
   <div class='ocr_carea' id='block_1_64' title="bbox 2171 2136 3738 2208">
    <p class='ocr_par' dir='ltr' id='par_1_64' title="bbox 2171 2136 3738 2208">
     <span class='ocr_line' id='line_1_64' title="bbox 2171 2136 3738 2208; baseline -0.003 -16"><span class='ocrx_word' id='word_1_449' title='bbox 2171 2137 2423 2192; x_wconf 87' lang='lat' dir='ltr'><strong>Christus</strong></span> <span class='ocrx_word' id='word_1_450' title='bbox 2499 2136 2940 2201; x_wconf 71' lang='lat' dir='ltr'><strong>praedicationem</strong></span> <span class='ocrx_word' id='word_1_451' title='bbox 3013 2152 3241 2192; x_wconf 79' lang='lat' dir='ltr'><strong>exorsus</strong></span> <span class='ocrx_word' id='word_1_452' title='bbox 3304 2147 3390 2192; x_wconf 91' lang='lat' dir='ltr'><strong>est</strong></span> <span class='ocrx_word' id='word_1_453' title='bbox 3458 2150 3738 2208; x_wconf 84' lang='lat' dir='ltr'><strong>postquam</strong></span> 
     </span>
    </p>
   </div>
   <div class='ocr_carea' id='block_1_65' title="bbox 2171 2227 3738 2294">
    <p class='ocr_par' dir='ltr' id='par_1_65' title="bbox 2171 2227 3738 2294">
     <span class='ocr_line' id='line_1_65' title="bbox 2171 2227 3738 2294; baseline -0.001 -12"><span class='ocrx_word' id='word_1_454' title='bbox 2171 2227 2409 2282; x_wconf 84' lang='lat' dir='ltr'><strong>Joannes</strong></span> <span class='ocrx_word' id='word_1_455' title='bbox 2444 2227 2498 2280; x_wconf 92' lang='lat' dir='ltr'><strong>in</strong></span> <span class='ocrx_word' id='word_1_456' title='bbox 2539 2243 2816 2283; x_wconf 89' lang='lat' dir='ltr'><strong>carcerem</strong></span> <span class='ocrx_word' id='word_1_457' title='bbox 2851 2236 2936 2284; x_wconf 90' lang='lat' dir='ltr'><strong>est</strong></span> <span class='ocrx_word' id='word_1_458' title='bbox 2991 2228 3218 2292; x_wconf 86' lang='lat' dir='ltr'><strong>missus,</strong></span> <span class='ocrx_word' id='word_1_459' title='bbox 3263 2227 3456 2283; x_wconf 79' lang='lat' dir='ltr'><strong>Matth.</strong></span> <span class='ocrx_word' id='word_1_460' title='bbox 3499 2245 3550 2283; x_wconf 75' lang='grc' dir='ltr'>ιν</span> <span class='ocrx_word' id='word_1_461' title='bbox 3577 2269 3592 2292; x_wconf 93' lang='grc'><strong>,</strong></span> <span class='ocrx_word' id='word_1_462' title='bbox 3631 2228 3738 2294; x_wconf 72' lang='lat'><strong>12;</strong></span> 
     </span>
    </p>
   </div>
   <div class='ocr_carea' id='block_1_66' title="bbox 2172 2318 3743 2388">
    <p class='ocr_par' dir='ltr' id='par_1_66' title="bbox 2172 2318 3743 2388">
     <span class='ocr_line' id='line_1_66' title="bbox 2172 2318 3743 2388; baseline 0.001 -16"><span class='ocrx_word' id='word_1_463' title='bbox 2172 2318 2337 2373; x_wconf 81' lang='lat' dir='ltr'><strong>Marc.</strong></span> <span class='ocrx_word' id='word_1_464' title='bbox 2371 2335 2411 2381; x_wconf 94' lang='grc' dir='ltr'><strong>ι,</strong></span> <span class='ocrx_word' id='word_1_465' title='bbox 2442 2319 2528 2373; x_wconf 78' lang='lat' dir='ltr'><strong>M.</strong></span> <span class='ocrx_word' id='word_1_466' title='bbox 2565 2318 2861 2388; x_wconf 88' lang='lat' dir='ltr'><strong>Conjeetus</strong></span> <span class='ocrx_word' id='word_1_467' title='bbox 2889 2329 3071 2374; x_wconf 86' lang='lat' dir='ltr'><strong>autem</strong></span> <span class='ocrx_word' id='word_1_468' title='bbox 3107 2330 3191 2376; x_wconf 89' lang='lat' dir='ltr'><strong>est</strong></span> <span class='ocrx_word' id='word_1_469' title='bbox 3237 2321 3292 2374; x_wconf 89' lang='lat' dir='ltr'><strong>in</strong></span> <span class='ocrx_word' id='word_1_470' title='bbox 3325 2320 3543 2376; x_wconf 86' lang='lat' dir='ltr'><strong>vincula</strong></span> <span class='ocrx_word' id='word_1_471' title='bbox 3574 2319 3743 2376; x_wconf 80' lang='lat' dir='ltr'><strong>Joan-</strong></span> 
     </span>
    </p>
   </div>
   <div class='ocr_carea' id='block_1_67' title="bbox 2174 2408 3744 2479">
    <p class='ocr_par' dir='ltr' id='par_1_67' title="bbox 2174 2408 3744 2479">
     <span class='ocr_line' id='line_1_67' title="bbox 2174 2408 3744 2479; baseline 0.003 -17"><span class='ocrx_word' id='word_1_472' title='bbox 2174 2423 2271 2463; x_wconf 89' lang='lat' dir='ltr'><strong>nes</strong></span> <span class='ocrx_word' id='word_1_473' title='bbox 2297 2421 2422 2478; x_wconf 90' lang='lat' dir='ltr'><strong>post</strong></span> <span class='ocrx_word' id='word_1_474' title='bbox 2461 2408 2670 2464; x_wconf 86' lang='lat' dir='ltr'><strong>Pascha</strong></span> <span class='ocrx_word' id='word_1_475' title='bbox 2714 2411 2952 2479; x_wconf 84' lang='lat' dir='ltr'><strong>primum</strong></span> <span class='ocrx_word' id='word_1_476' title='bbox 2983 2429 2995 2464; x_wconf 95' lang='lat'><strong>:</strong></span> <span class='ocrx_word' id='word_1_477' title='bbox 3023 2426 3150 2465; x_wconf 91' lang='lat' dir='ltr'><strong>nam</strong></span> <span class='ocrx_word' id='word_1_478' title='bbox 3181 2426 3246 2465; x_wconf 93' lang='lat' dir='ltr'><strong>eo</strong></span> <span class='ocrx_word' id='word_1_479' title='bbox 3269 2411 3542 2466; x_wconf 86' lang='lat' dir='ltr'><strong>celebrato</strong></span> <span class='ocrx_word' id='word_1_480' title='bbox 3573 2410 3744 2466; x_wconf 85' lang='lat' dir='ltr'><strong>Joan-</strong></span> 
     </span>
    </p>
   </div>
   <div class='ocr_carea' id='block_1_68' title="bbox 2173 2501 3741 2573">
    <p class='ocr_par' dir='ltr' id='par_1_68' title="bbox 2173 2501 3741 2573">
     <span class='ocr_line' id='line_1_68' title="bbox 2173 2501 3741 2573; baseline 0.003 -19"><span class='ocrx_word' id='word_1_481' title='bbox 2173 2516 2270 2556; x_wconf 89' lang='lat' dir='ltr'><strong>nes</strong></span> <span class='ocrx_word' id='word_1_482' title='bbox 2288 2501 2563 2570; x_wconf 81' lang='lat' dir='ltr'><strong>baptizare</strong></span> <span class='ocrx_word' id='word_1_483' title='bbox 2585 2503 2782 2573; x_wconf 87' lang='lat' dir='ltr'><strong>pergit,</strong></span> <span class='ocrx_word' id='word_1_484' title='bbox 2815 2501 2976 2558; x_wconf 92' lang='lat' dir='ltr'><strong>Joan.</strong></span> <span class='ocrx_word' id='word_1_485' title='bbox 3004 2520 3086 2571; x_wconf 89' lang='grc' dir='ltr'>ιιι,</span> <span class='ocrx_word' id='word_1_486' title='bbox 3118 2504 3210 2558; x_wconf 74' lang='grc'><strong>25.</strong></span> <span class='ocrx_word' id='word_1_487' title='bbox 3233 2503 3419 2570; x_wconf 89' lang='lat' dir='ltr'><strong>Quare</strong></span> <span class='ocrx_word' id='word_1_488' title='bbox 3449 2503 3741 2560; x_wconf 90' lang='lat' dir='ltr'><strong>Sabhatum</strong></span> 
     </span>
    </p>
   </div>
   <div class='ocr_carea' id='block_1_69' title="bbox 2173 2593 3748 2666">
    <p class='ocr_par' dir='ltr' id='par_1_69' title="bbox 2173 2593 3748 2666">
     <span class='ocr_line' id='line_1_69' title="bbox 2173 2593 3748 2666; baseline 0.003 -18"><span class='ocrx_word' id='word_1_489' title='bbox 2173 2593 2332 2650; x_wconf 71' lang='lat' dir='ltr'><strong>Lucae</strong></span> <span class='ocrx_word' id='word_1_490' title='bbox 2363 2595 2804 2666; x_wconf 90' lang='lat' dir='ltr'><strong>deuteroproton,</strong></span> <span class='ocrx_word' id='word_1_491' title='bbox 2849 2605 2904 2650; x_wconf 94' lang='lat' dir='ltr'><strong>et</strong></span> <span class='ocrx_word' id='word_1_492' title='bbox 2943 2596 3031 2650; x_wconf 92' lang='lat' dir='ltr'><strong>ille</strong></span> <span class='ocrx_word' id='word_1_493' title='bbox 3092 2611 3186 2660; x_wconf 88' lang='lat' dir='ltr'><strong>per</strong></span> <span class='ocrx_word' id='word_1_494' title='bbox 3235 2606 3448 2663; x_wconf 85' lang='lat' dir='ltr'><strong>segetes</strong></span> <span class='ocrx_word' id='word_1_495' title='bbox 3501 2598 3748 2652; x_wconf 84' lang='lat' dir='ltr'><strong>incessus</strong></span> 
     </span>
    </p>
   </div>
   <div class='ocr_carea' id='block_1_70' title="bbox 2173 2686 3744 2760">
    <p class='ocr_par' dir='ltr' id='par_1_70' title="bbox 2173 2686 3744 2760">
     <span class='ocr_line' id='line_1_70' title="bbox 2173 2686 3744 2760; baseline 0.002 -20"><span class='ocrx_word' id='word_1_496' title='bbox 2173 2701 2280 2740; x_wconf 91' lang='lat' dir='ltr'><strong>non</strong></span> <span class='ocrx_word' id='word_1_497' title='bbox 2317 2695 2496 2756; x_wconf 90' lang='lat' dir='ltr'><strong>potest</strong></span> <span class='ocrx_word' id='word_1_498' title='bbox 2518 2688 2695 2757; x_wconf 81' lang='lat' dir='ltr'><strong>primo</strong></span> <span class='ocrx_word' id='word_1_499' title='bbox 2728 2686 2978 2742; x_wconf 89' lang='lat' dir='ltr'><strong>Paschati</strong></span> <span class='ocrx_word' id='word_1_500' title='bbox 3001 2687 3220 2760; x_wconf 88' lang='lat' dir='ltr'><strong>subjici,</strong></span> <span class='ocrx_word' id='word_1_501' title='bbox 3249 2688 3377 2757; x_wconf 83' lang='lat' dir='ltr'><strong>quia</strong></span> <span class='ocrx_word' id='word_1_502' title='bbox 3401 2688 3744 2758; x_wconf 87' lang='lat' dir='ltr'><strong>jamdudum,</strong></span> 
     </span>
    </p>
   </div>
   <div class='ocr_carea' id='block_1_71' title="bbox 2175 2779 3747 2850">
    <p class='ocr_par' dir='ltr' id='par_1_71' title="bbox 2175 2779 3747 2850">
     <span class='ocr_line' id='line_1_71' title="bbox 2175 2779 3747 2850; baseline 0.001 -16"><span class='ocrx_word' id='word_1_503' title='bbox 2175 2795 2299 2834; x_wconf 90' lang='lat' dir='ltr'><strong>cum</strong></span> <span class='ocrx_word' id='word_1_504' title='bbox 2335 2780 2449 2835; x_wconf 68' lang='lat' dir='ltr'><strong>haec</strong></span> <span class='ocrx_word' id='word_1_505' title='bbox 2495 2791 2806 2850; x_wconf 85' lang='lat' dir='ltr'><strong>agerentur,</strong></span> <span class='ocrx_word' id='word_1_506' title='bbox 2866 2781 3167 2850; x_wconf 64' lang='lat' dir='ltr'><strong>praedicare</strong></span> <span class='ocrx_word' id='word_1_507' title='bbox 3196 2779 3450 2835; x_wconf 89' lang='lat' dir='ltr'><strong>Christus</strong></span> <span class='ocrx_word' id='word_1_508' title='bbox 3483 2791 3747 2850; x_wconf 66' lang='lat' dir='ltr'><strong>coeperat.</strong></span> 
     </span>
    </p>
   </div>
   <div class='ocr_carea' id='block_1_72' title="bbox 2175 2869 3750 2944">
    <p class='ocr_par' dir='ltr' id='par_1_72' title="bbox 2175 2869 3750 2944">
     <span class='ocr_line' id='line_1_72' title="bbox 2175 2869 3750 2944; baseline 0.003 -20"><span class='ocrx_word' id='word_1_509' title='bbox 2175 2869 2253 2924; x_wconf 85' lang='lat' dir='ltr'><strong>Ex</strong></span> <span class='ocrx_word' id='word_1_510' title='bbox 2293 2885 2403 2941; x_wconf 92' lang='lat' dir='ltr'><strong>quo</strong></span> <span class='ocrx_word' id='word_1_511' title='bbox 2429 2872 2698 2942; x_wconf 91' lang='lat' dir='ltr'><strong>sequitur,</strong></span> <span class='ocrx_word' id='word_1_512' title='bbox 2733 2888 2785 2926; x_wconf 83' lang='lat' dir='ltr'><strong>tv</strong></span> <span class='ocrx_word' id='word_1_513' title='bbox 2808 2873 3001 2927; x_wconf 85' lang='lat' dir='ltr'><strong>saltem</strong></span> <span class='ocrx_word' id='word_1_514' title='bbox 3033 2872 3158 2927; x_wconf 83' lang='lat' dir='ltr'><strong>elici</strong></span> <span class='ocrx_word' id='word_1_515' title='bbox 3196 2870 3483 2936; x_wconf 85' lang='lat' dir='ltr'><strong>Paschata,</strong></span> <span class='ocrx_word' id='word_1_516' title='bbox 3509 2883 3568 2928; x_wconf 90' lang='lat' dir='ltr'><strong>ut</strong></span> <span class='ocrx_word' id='word_1_517' title='bbox 3582 2875 3750 2944; x_wconf 88' lang='lat' dir='ltr'><strong>paulo</strong></span> 
     </span>
    </p>
   </div>
   <div class='ocr_carea' id='block_1_73' title="bbox 2174 2963 2750 3034">
    <p class='ocr_par' dir='ltr' id='par_1_73' title="bbox 2174 2963 2750 3034">
     <span class='ocr_line' id='line_1_73' title="bbox 2174 2963 2750 3034; baseline -0.009 -16"><span class='ocrx_word' id='word_1_518' title='bbox 2174 2971 2298 3018; x_wconf 87' lang='lat' dir='ltr'><strong>ante</strong></span> <span class='ocrx_word' id='word_1_519' title='bbox 2331 2963 2750 3034; x_wconf 72' lang='lat' dir='ltr'><strong>diaputavimus.</strong></span> 
     </span>
    </p>
   </div>
   <div class='ocr_carea' id='block_1_74' title="bbox 2252 3054 3746 3130">
    <p class='ocr_par' dir='ltr' id='par_1_74' title="bbox 2252 3054 3746 3130">
     <span class='ocr_line' id='line_1_74' title="bbox 2252 3054 3746 3130; baseline 0.002 -21"><span class='ocrx_word' id='word_1_520' title='bbox 2252 3054 2450 3110; x_wconf 86' lang='lat' dir='ltr'><strong>Verum</strong></span> <span class='ocrx_word' id='word_1_521' title='bbox 2506 3071 2615 3109; x_wconf 91' lang='lat' dir='ltr'><strong>non</strong></span> <span class='ocrx_word' id='word_1_522' title='bbox 2667 3064 2793 3111; x_wconf 91' lang='lat' dir='ltr'><strong>ante</strong></span> <span class='ocrx_word' id='word_1_523' title='bbox 2828 3054 3058 3113; x_wconf 87' lang='lat' dir='ltr'><strong>Joannis</strong></span> <span class='ocrx_word' id='word_1_524' title='bbox 3095 3075 3372 3114; x_wconf 87' lang='lat' dir='ltr'><strong>carcerem</strong></span> <span class='ocrx_word' id='word_1_525' title='bbox 3415 3058 3746 3130; x_wconf 63' lang='lat' dir='ltr'><strong>pradicandi</strong></span> 
     </span>
    </p>
   </div>
   <div class='ocr_carea' id='block_1_75' title="bbox 2177 3149 3748 3222">
    <p class='ocr_par' dir='ltr' id='par_1_75' title="bbox 2177 3149 3748 3222">
     <span class='ocr_line' id='line_1_75' title="bbox 2177 3149 3748 3222; baseline 0.001 -19"><span class='ocrx_word' id='word_1_526' title='bbox 2177 3164 2378 3205; x_wconf 90' lang='lat' dir='ltr'><strong>munus</strong></span> <span class='ocrx_word' id='word_1_527' title='bbox 2410 3149 2659 3218; x_wconf 81' lang='lat' dir='ltr'><strong>attigisse</strong></span> <span class='ocrx_word' id='word_1_528' title='bbox 2685 3149 2991 3216; x_wconf 85' lang='lat' dir='ltr'><strong>Christum,</strong></span> <span class='ocrx_word' id='word_1_529' title='bbox 3025 3168 3088 3207; x_wconf 91' lang='lat' dir='ltr'><strong>ac</strong></span> <span class='ocrx_word' id='word_1_530' title='bbox 3120 3163 3272 3206; x_wconf 89' lang='lat' dir='ltr'><strong>tanto</strong></span> <span class='ocrx_word' id='word_1_531' title='bbox 3317 3161 3558 3222; x_wconf 84' lang='lat' dir='ltr'><strong>tempore</strong></span> <span class='ocrx_word' id='word_1_532' title='bbox 3603 3154 3748 3206; x_wconf 83' lang='lat' dir='ltr'><strong>otio-</strong></span> 
     </span>
    </p>
   </div>
   <div class='ocr_carea' id='block_1_76' title="bbox 2177 3238 3755 3310">
    <p class='ocr_par' dir='ltr' id='par_1_76' title="bbox 2177 3238 3755 3310">
     <span class='ocr_line' id='line_1_76' title="bbox 2177 3238 3755 3310; baseline -0.001 -17"><span class='ocrx_word' id='word_1_533' title='bbox 2177 3254 2300 3293; x_wconf 86' lang='lat' dir='ltr'><strong>sum</strong></span> <span class='ocrx_word' id='word_1_534' title='bbox 2338 3253 2402 3294; x_wconf 90' lang='lat' dir='ltr'><strong>ae</strong></span> <span class='ocrx_word' id='word_1_535' title='bbox 2441 3239 2686 3294; x_wconf 89' lang='lat' dir='ltr'><strong>desidem</strong></span> <span class='ocrx_word' id='word_1_536' title='bbox 2731 3238 2924 3304; x_wconf 80' lang='lat' dir='ltr'><strong>fuisse,</strong></span> <span class='ocrx_word' id='word_1_537' title='bbox 2969 3243 3369 3310; x_wconf 88' lang='lat' dir='ltr'><strong>perabsurdum</strong></span> <span class='ocrx_word' id='word_1_538' title='bbox 3419 3243 3651 3295; x_wconf 79' lang='lat' dir='ltr'><strong>videtur.</strong></span> <span class='ocrx_word' id='word_1_539' title='bbox 3687 3240 3755 3293; x_wconf 83' lang='lat' dir='ltr'><strong>Et</strong></span> 
     </span>
    </p>
   </div>
   <div class='ocr_carea' id='block_1_77' title="bbox 2178 3328 3753 3396">
    <p class='ocr_par' dir='ltr' id='par_1_77' title="bbox 2178 3328 3753 3396">
     <span class='ocr_line' id='line_1_77' title="bbox 2178 3328 3753 3396; baseline -0.001 -11"><span class='ocrx_word' id='word_1_540' title='bbox 2178 3331 2223 3386; x_wconf 92' lang='lat' dir='ltr'><strong>si</strong></span> <span class='ocrx_word' id='word_1_541' title='bbox 2260 3345 2450 3384; x_wconf 91' lang='lat' dir='ltr'><strong>verum</strong></span> <span class='ocrx_word' id='word_1_542' title='bbox 2497 3329 2656 3384; x_wconf 77' lang='lat' dir='ltr'><strong>fateri</strong></span> <span class='ocrx_word' id='word_1_543' title='bbox 2691 3331 2968 3396; x_wconf 87' lang='lat' dir='ltr'><strong>volumus,</strong></span> <span class='ocrx_word' id='word_1_544' title='bbox 2991 3328 3273 3386; x_wconf 85' lang='lat' dir='ltr'><strong>Nicodemi</strong></span> <span class='ocrx_word' id='word_1_545' title='bbox 3312 3331 3402 3385; x_wconf 91' lang='lat' dir='ltr'><strong>illa</strong></span> <span class='ocrx_word' id='word_1_546' title='bbox 3436 3346 3561 3385; x_wconf 86' lang='lat' dir='ltr'><strong>cum</strong></span> <span class='ocrx_word' id='word_1_547' title='bbox 3592 3330 3753 3384; x_wconf 89' lang='lat' dir='ltr'><strong>Chri-</strong></span> 
     </span>
    </p>
   </div>
   <div class='ocr_carea' id='block_1_78' title="bbox 2177 3416 3754 3488">
    <p class='ocr_par' dir='ltr' id='par_1_78' title="bbox 2177 3416 3754 3488">
     <span class='ocr_line' id='line_1_78' title="bbox 2177 3416 3754 3488; baseline -0.003 -15"><span class='ocrx_word' id='word_1_548' title='bbox 2177 3427 2262 3473; x_wconf 88' lang='lat' dir='ltr'><strong>sto</strong></span> <span class='ocrx_word' id='word_1_549' title='bbox 2301 3418 2638 3486; x_wconf 84' lang='lat' dir='ltr'><strong>congressio,</strong></span> <span class='ocrx_word' id='word_1_550' title='bbox 2669 3417 2902 3488; x_wconf 89' lang='lat' dir='ltr'><strong>ejusque</strong></span> <span class='ocrx_word' id='word_1_551' title='bbox 2931 3419 3097 3474; x_wconf 88' lang='lat' dir='ltr'><strong>verba</strong></span> <span class='ocrx_word' id='word_1_552' title='bbox 3131 3419 3234 3474; x_wconf 88' lang='lat' dir='ltr'><strong>ista</strong></span> <span class='ocrx_word' id='word_1_553' title='bbox 3264 3437 3278 3473; x_wconf 91' lang='lat'>:</span> <span class='ocrx_word' id='word_1_554' title='bbox 3316 3416 3526 3472; x_wconf 82' lang='lat' dir='ltr'><strong>Scimus</strong></span> <span class='ocrx_word' id='word_1_555' title='bbox 3563 3418 3688 3487; x_wconf 80' lang='lat' dir='ltr'><strong>quia</strong></span> <span class='ocrx_word' id='word_1_556' title='bbox 3715 3434 3754 3469; x_wconf 79' lang='grc' dir='ltr'><strong>α</strong></span> 
     </span>
    </p>
   </div>
   <div class='ocr_carea' id='block_1_79' title="bbox 2177 3508 3757 3578">
    <p class='ocr_par' dir='ltr' id='par_1_79' title="bbox 2177 3508 3757 3578">
     <span class='ocr_line' id='line_1_79' title="bbox 2177 3508 3757 3578; baseline -0.001 -16"><span class='ocrx_word' id='word_1_557' title='bbox 2177 3508 2286 3562; x_wconf 87' lang='lat' dir='ltr'><strong>Deo</strong></span> <span class='ocrx_word' id='word_1_558' title='bbox 2315 3509 2521 3571; x_wconf 75' lang='lat' dir='ltr'><strong>venisti,</strong></span> <span class='ocrx_word' id='word_1_559' title='bbox 2546 3508 2799 3577; x_wconf 76' lang='lat' dir='ltr'><strong>Magister</strong></span> <span class='ocrx_word' id='word_1_560' title='bbox 2818 3523 2837 3561; x_wconf 92' lang='lat'><strong><em>:</em></strong></span> <span class='ocrx_word' id='word_1_561' title='bbox 2877 3525 3025 3562; x_wconf 83' lang='lat' dir='ltr'><strong>nemo</strong></span> <span class='ocrx_word' id='word_1_562' title='bbox 3055 3511 3193 3563; x_wconf 80' lang='lat' dir='ltr'><strong>enim</strong></span> <span class='ocrx_word' id='word_1_563' title='bbox 3233 3518 3396 3577; x_wconf 78' lang='lat' dir='ltr'><strong>potest</strong></span> <span class='ocrx_word' id='word_1_564' title='bbox 3453 3509 3563 3562; x_wconf 67' lang='lat' dir='ltr'><strong>haec</strong></span> <span class='ocrx_word' id='word_1_565' title='bbox 3598 3510 3757 3578; x_wconf 81' lang='lat' dir='ltr'><strong>signa</strong></span> 
     </span>
    </p>
   </div>
   <div class='ocr_carea' id='block_1_80' title="bbox 2178 3599 3752 3670">
    <p class='ocr_par' dir='ltr' id='par_1_80' title="bbox 2178 3599 3752 3670">
     <span class='ocr_line' id='line_1_80' title="bbox 2178 3599 3752 3670; baseline -0.001 -16"><span class='ocrx_word' id='word_1_566' title='bbox 2178 3601 2370 3670; x_wconf 72' lang='lat' dir='ltr'><strong>facere,</strong></span> <span class='ocrx_word' id='word_1_567' title='bbox 2405 3616 2521 3670; x_wconf 66' lang='lat' dir='ltr'><strong>qua</strong></span> <span class='ocrx_word' id='word_1_568' title='bbox 2552 3610 2607 3653; x_wconf 90' lang='lat' dir='ltr'><strong>tu</strong></span> <span class='ocrx_word' id='word_1_569' title='bbox 2641 3601 2798 3666; x_wconf 78' lang='lat' dir='ltr'><strong>facis,</strong></span> <span class='ocrx_word' id='word_1_570' title='bbox 2821 3603 2925 3654; x_wconf 82' lang='lat' dir='ltr'><strong>nisi</strong></span> <span class='ocrx_word' id='word_1_571' title='bbox 2953 3602 3112 3670; x_wconf 79' lang='lat' dir='ltr'><strong>fuerit</strong></span> <span class='ocrx_word' id='word_1_572' title='bbox 3144 3601 3282 3655; x_wconf 85' lang='lat' dir='ltr'><strong>Deus</strong></span> <span class='ocrx_word' id='word_1_573' title='bbox 3305 3615 3425 3654; x_wconf 80' lang='lat' dir='ltr'><strong>cum</strong></span> <span class='ocrx_word' id='word_1_574' title='bbox 3454 3617 3514 3654; x_wconf 91' lang='lat' dir='ltr'><strong>eo</strong></span> <span class='ocrx_word' id='word_1_575' title='bbox 3550 3599 3752 3668; x_wconf 84' lang='lat' dir='ltr'><strong>(Joan.</strong></span> 
     </span>
    </p>
   </div>
   <div class='ocr_carea' id='block_1_81' title="bbox 2183 3693 3758 3764">
    <p class='ocr_par' dir='ltr' id='par_1_81' title="bbox 2183 3693 3758 3764">
     <span class='ocr_line' id='line_1_81' title="bbox 2183 3693 3758 3764; baseline -0.001 -16"><span class='ocrx_word' id='word_1_576' title='bbox 2183 3710 2264 3758; x_wconf 86' lang='grc' dir='ltr'>ιιι,</span> <span class='ocrx_word' id='word_1_577' title='bbox 2300 3693 2413 3764; x_wconf 72' lang='lat'><strong>2):</strong></span> <span class='ocrx_word' id='word_1_578' title='bbox 2454 3702 2566 3748; x_wconf 77' lang='lat' dir='ltr'><strong>tum</strong></span> <span class='ocrx_word' id='word_1_579' title='bbox 2620 3711 2742 3763; x_wconf 71' lang='lat' dir='ltr'><strong>qua:</strong></span> <span class='ocrx_word' id='word_1_580' title='bbox 2783 3695 3051 3764; x_wconf 90' lang='lat' dir='ltr'><strong>superiori</strong></span> <span class='ocrx_word' id='word_1_581' title='bbox 3091 3695 3270 3764; x_wconf 90' lang='lat' dir='ltr'><strong>capite</strong></span> <span class='ocrx_word' id='word_1_582' title='bbox 3322 3704 3647 3756; x_wconf 77' lang='lat' dir='ltr'><strong>narrantur,</strong></span> <span class='ocrx_word' id='word_1_583' title='bbox 3687 3693 3758 3746; x_wconf 87' lang='lat' dir='ltr'><strong>de</strong></span> 
     </span>
    </p>
   </div>
   <div class='ocr_carea' id='block_1_82' title="bbox 2181 3786 3756 3857">
    <p class='ocr_par' dir='ltr' id='par_1_82' title="bbox 2181 3786 3756 3857">
     <span class='ocr_line' id='line_1_82' title="bbox 2181 3786 3756 3857; baseline -0.002 -16"><span class='ocrx_word' id='word_1_584' title='bbox 2181 3787 2368 3841; x_wconf 92' lang='lat' dir='ltr'><strong>multis</strong></span> <span class='ocrx_word' id='word_1_585' title='bbox 2435 3787 2488 3840; x_wconf 91' lang='lat' dir='ltr'><strong>in</strong></span> <span class='ocrx_word' id='word_1_586' title='bbox 2556 3787 2733 3856; x_wconf 89' lang='lat' dir='ltr'><strong>ipsum</strong></span> <span class='ocrx_word' id='word_1_587' title='bbox 2791 3787 3190 3853; x_wconf 85' lang='lat' dir='ltr'><strong>credentibus;</strong></span> <span class='ocrx_word' id='word_1_588' title='bbox 3253 3786 3581 3857; x_wconf 65' lang='lat' dir='ltr'><strong>praedicasse</strong></span> <span class='ocrx_word' id='word_1_589' title='bbox 3640 3786 3756 3854; x_wconf 87' lang='lat' dir='ltr'><strong>jam</strong></span> 
     </span>
    </p>
   </div>
   <div class='ocr_carea' id='block_1_83' title="bbox 2181 3877 3757 3947">
    <p class='ocr_par' dir='ltr' id='par_1_83' title="bbox 2181 3877 3757 3947">
     <span class='ocr_line' id='line_1_83' title="bbox 2181 3877 3757 3947; baseline -0.003 -14"><span class='ocrx_word' id='word_1_590' title='bbox 2181 3878 2482 3938; x_wconf 88' lang='lat' dir='ltr'><strong>Christum,</strong></span> <span class='ocrx_word' id='word_1_591' title='bbox 2507 3887 2561 3932; x_wconf 90' lang='lat' dir='ltr'><strong>et</strong></span> <span class='ocrx_word' id='word_1_592' title='bbox 2580 3879 2644 3931; x_wconf 86' lang='lat' dir='ltr'><strong>ad</strong></span> <span class='ocrx_word' id='word_1_593' title='bbox 2670 3879 2927 3947; x_wconf 90' lang='lat' dir='ltr'><strong>populum</strong></span> <span class='ocrx_word' id='word_1_594' title='bbox 2952 3877 3148 3934; x_wconf 84' lang='lat' dir='ltr'><strong>fecisse</strong></span> <span class='ocrx_word' id='word_1_595' title='bbox 3169 3879 3332 3934; x_wconf 88' lang='lat' dir='ltr'><strong>verba</strong></span> <span class='ocrx_word' id='word_1_596' title='bbox 3355 3879 3757 3933; x_wconf 85' lang='lat' dir='ltr'><strong>demonstrant.</strong></span> 
     </span>
    </p>
   </div>
   <div class='ocr_carea' id='block_1_84' title="bbox 2181 3967 3760 4040">
    <p class='ocr_par' dir='ltr' id='par_1_84' title="bbox 2181 3967 3760 4040">
     <span class='ocr_line' id='line_1_84' title="bbox 2181 3967 3760 4040; baseline 0 -18"><span class='ocrx_word' id='word_1_597' title='bbox 2181 3970 2332 4024; x_wconf 84' lang='lat' dir='ltr'><strong>Adde</strong></span> <span class='ocrx_word' id='word_1_598' title='bbox 2381 3970 2466 4024; x_wconf 90' lang='lat' dir='ltr'><strong>his</strong></span> <span class='ocrx_word' id='word_1_599' title='bbox 2495 3970 2678 4023; x_wconf 89' lang='lat' dir='ltr'><strong>omnia</strong></span> <span class='ocrx_word' id='word_1_600' title='bbox 2705 4009 2718 4033; x_wconf 96' lang='lat'><strong>,</strong></span> <span class='ocrx_word' id='word_1_601' title='bbox 2775 3985 2896 4040; x_wconf 68' lang='lat' dir='ltr'><strong>qua:</strong></span> <span class='ocrx_word' id='word_1_602' title='bbox 2944 3978 3071 4024; x_wconf 85' lang='lat' dir='ltr'><strong>ante</strong></span> <span class='ocrx_word' id='word_1_603' title='bbox 3129 3970 3370 4024; x_wconf 84' lang='lat' dir='ltr'><strong>vinctum</strong></span> <span class='ocrx_word' id='word_1_604' title='bbox 3411 3967 3680 4024; x_wconf 86' lang='lat' dir='ltr'><strong>Joannem</strong></span> <span class='ocrx_word' id='word_1_605' title='bbox 3725 3984 3760 4022; x_wconf 82' lang='lat' dir='ltr'><strong>a</strong></span> 
     </span>
    </p>
   </div>
   <div class='ocr_carea' id='block_1_85' title="bbox 2181 4061 3762 4134">
    <p class='ocr_par' dir='ltr' id='par_1_85' title="bbox 2181 4061 3762 4134">
     <span class='ocr_line' id='line_1_85' title="bbox 2181 4061 3762 4134; baseline 0 -16"><span class='ocrx_word' id='word_1_606' title='bbox 2181 4063 2402 4118; x_wconf 77' lang='lat' dir='ltr'><strong>Christo.</strong></span> <span class='ocrx_word' id='word_1_607' title='bbox 2437 4063 2579 4116; x_wconf 76' lang='lat' dir='ltr'><strong>dicta</strong></span> <span class='ocrx_word' id='word_1_608' title='bbox 2614 4061 2864 4129; x_wconf 83' lang='lat' dir='ltr'><strong>factaque</strong></span> <span class='ocrx_word' id='word_1_609' title='bbox 2890 4064 3072 4118; x_wconf 81' lang='lat' dir='ltr'><strong>caeteri</strong></span> <span class='ocrx_word' id='word_1_610' title='bbox 3107 4072 3220 4119; x_wconf 85' lang='lat' dir='ltr'><strong>tres</strong></span> <span class='ocrx_word' id='word_1_611' title='bbox 3249 4065 3459 4134; x_wconf 92' lang='lat' dir='ltr'><strong>aliquot</strong></span> <span class='ocrx_word' id='word_1_612' title='bbox 3487 4064 3762 4133; x_wconf 88' lang='lat' dir='ltr'><strong>capitibus</strong></span> 
     </span>
    </p>
   </div>
   <div class='ocr_carea' id='block_1_86' title="bbox 2181 4153 3762 4224">
    <p class='ocr_par' dir='ltr' id='par_1_86' title="bbox 2181 4153 3762 4224">
     <span class='ocr_line' id='line_1_86' title="bbox 2181 4153 3762 4224; baseline -0.002 -14"><span class='ocrx_word' id='word_1_613' title='bbox 2181 4153 2449 4224; x_wconf 87' lang='lat' dir='ltr'><strong>complexi</strong></span> <span class='ocrx_word' id='word_1_614' title='bbox 2494 4161 2640 4208; x_wconf 86' lang='lat' dir='ltr'><strong>sunt.</strong></span> <span class='ocrx_word' id='word_1_615' title='bbox 2681 4153 2823 4219; x_wconf 93' lang='lat' dir='ltr'><strong>Quin</strong></span> <span class='ocrx_word' id='word_1_616' title='bbox 2869 4164 2923 4209; x_wconf 92' lang='lat' dir='ltr'><strong>et</strong></span> <span class='ocrx_word' id='word_1_617' title='bbox 2959 4153 3151 4208; x_wconf 88' lang='lat' dir='ltr'><strong>Petrus</strong></span> <span class='ocrx_word' id='word_1_618' title='bbox 3184 4156 3306 4210; x_wconf 86' lang='lat' dir='ltr'><strong>Act.</strong></span> <span class='ocrx_word' id='word_1_619' title='bbox 3349 4172 3364 4210; x_wconf 89' lang='lat' dir='ltr'><strong>I</strong></span> <span class='ocrx_word' id='word_1_620' title='bbox 3402 4171 3434 4210; x_wconf 87' lang='lat' dir='ltr'><strong>a</strong></span> <span class='ocrx_word' id='word_1_621' title='bbox 3481 4155 3762 4223; x_wconf 87' lang='lat' dir='ltr'><strong>baptismo</strong></span> 
     </span>
    </p>
   </div>
   <div class='ocr_carea' id='block_1_87' title="bbox 2181 4243 3760 4313">
    <p class='ocr_par' dir='ltr' id='par_1_87' title="bbox 2181 4243 3760 4313">
     <span class='ocr_line' id='line_1_87' title="bbox 2181 4243 3760 4313; baseline -0.002 -14"><span class='ocrx_word' id='word_1_622' title='bbox 2181 4245 2462 4299; x_wconf 89' lang='lat' dir='ltr'><strong>Christum</strong></span> <span class='ocrx_word' id='word_1_623' title='bbox 2497 4245 2728 4312; x_wconf 68' lang='lat' dir='ltr'><strong>coepisse</strong></span> <span class='ocrx_word' id='word_1_624' title='bbox 2758 4254 3007 4298; x_wconf 89' lang='lat' dir='ltr'><strong>testatur.</strong></span> <span class='ocrx_word' id='word_1_625' title='bbox 3041 4243 3184 4299; x_wconf 89' lang='lat' dir='ltr'><strong>Idem</strong></span> <span class='ocrx_word' id='word_1_626' title='bbox 3211 4244 3412 4300; x_wconf 83' lang='lat' dir='ltr'><strong>Euseb.</strong></span> <span class='ocrx_word' id='word_1_627' title='bbox 3438 4245 3529 4299; x_wconf 90' lang='lat' dir='ltr'><strong>lib.</strong></span> <span class='ocrx_word' id='word_1_628' title='bbox 3564 4261 3601 4308; x_wconf 92' lang='grc' dir='ltr'><strong>ι,</strong></span> <span class='ocrx_word' id='word_1_629' title='bbox 3635 4259 3760 4313; x_wconf 86' lang='lat' dir='ltr'><strong>cap.</strong></span> 
     </span>
    </p>
   </div>
   <div class='ocr_carea' id='block_1_88' title="bbox 2185 4334 3764 4406">
    <p class='ocr_par' dir='ltr' id='par_1_88' title="bbox 2185 4334 3764 4406">
     <span class='ocr_line' id='line_1_88' title="bbox 2185 4334 3764 4406; baseline 0.001 -17"><span class='ocrx_word' id='word_1_630' title='bbox 2185 4334 2272 4400; x_wconf 75' lang='grc'><strong>10,</strong></span> <span class='ocrx_word' id='word_1_631' title='bbox 2314 4344 2369 4390; x_wconf 88' lang='grc' dir='ltr'><strong>ει</strong></span> <span class='ocrx_word' id='word_1_632' title='bbox 2387 4336 2487 4388; x_wconf 92' lang='lat' dir='ltr'><strong>hoe</strong></span> <span class='ocrx_word' id='word_1_633' title='bbox 2513 4336 2631 4389; x_wconf 90' lang='lat' dir='ltr'><strong>loco</strong></span> <span class='ocrx_word' id='word_1_634' title='bbox 2661 4335 2819 4388; x_wconf 88' lang='lat' dir='ltr'><strong>docet</strong></span> <span class='ocrx_word' id='word_1_635' title='bbox 2843 4334 3205 4406; x_wconf 83' lang='lat' dir='ltr'><strong>Epiphanius.</strong></span> <span class='ocrx_word' id='word_1_636' title='bbox 3223 4335 3459 4391; x_wconf 67' lang='lat' dir='ltr'><strong>Irenaeus</strong></span> <span class='ocrx_word' id='word_1_637' title='bbox 3479 4335 3626 4390; x_wconf 83' lang='lat' dir='ltr'><strong>enim</strong></span> <span class='ocrx_word' id='word_1_638' title='bbox 3652 4352 3764 4390; x_wconf 88' lang='lat' dir='ltr'><strong>xxx</strong></span> 
     </span>
    </p>
   </div>
   <div class='ocr_carea' id='block_1_89' title="bbox 2183 4428 3762 4498">
    <p class='ocr_par' dir='ltr' id='par_1_89' title="bbox 2183 4428 3762 4498">
     <span class='ocr_line' id='line_1_89' title="bbox 2183 4428 3762 4498; baseline -0.001 -16"><span class='ocrx_word' id='word_1_639' title='bbox 2183 4443 2327 4482; x_wconf 91' lang='lat' dir='ltr'><strong>anno</strong></span> <span class='ocrx_word' id='word_1_640' title='bbox 2355 4428 2697 4497; x_wconf 84' lang='lat' dir='ltr'><strong>baptizatum</strong></span> <span class='ocrx_word' id='word_1_641' title='bbox 2724 4437 2895 4495; x_wconf 87' lang='lat' dir='ltr'><strong>putat,</strong></span> <span class='ocrx_word' id='word_1_642' title='bbox 2927 4439 2981 4482; x_wconf 91' lang='lat' dir='ltr'><strong>et</strong></span> <span class='ocrx_word' id='word_1_643' title='bbox 3013 4437 3136 4496; x_wconf 88' lang='lat' dir='ltr'><strong>post</strong></span> <span class='ocrx_word' id='word_1_644' title='bbox 3173 4429 3381 4498; x_wconf 85' lang='lat' dir='ltr'><strong>aliquot</strong></span> <span class='ocrx_word' id='word_1_645' title='bbox 3418 4443 3762 4491; x_wconf 85' lang='lat' dir='ltr'><strong>annos,cum</strong></span> 
     </span>
    </p>
   </div>
   <div class='ocr_carea' id='block_1_90' title="bbox 2186 4517 3763 4590">
    <p class='ocr_par' dir='ltr' id='par_1_90' title="bbox 2186 4517 3763 4590">
     <span class='ocr_line' id='line_1_90' title="bbox 2186 4517 3763 4590; baseline 0 -17"><span class='ocrx_word' id='word_1_646' title='bbox 2186 4521 2295 4590; x_wconf 88' lang='lat' dir='ltr'><strong>jam</strong></span> <span class='ocrx_word' id='word_1_647' title='bbox 2333 4521 2580 4573; x_wconf 85' lang='lat' dir='ltr'><strong>idoneam</strong></span> <span class='ocrx_word' id='word_1_648' title='bbox 2612 4518 2679 4572; x_wconf 87' lang='lat' dir='ltr'><strong>ad</strong></span> <span class='ocrx_word' id='word_1_649' title='bbox 2721 4517 3029 4572; x_wconf 89' lang='lat' dir='ltr'><strong>docendum</strong></span> <span class='ocrx_word' id='word_1_650' title='bbox 3067 4529 3282 4573; x_wconf 63' lang='lat' dir='ltr'><strong>aetatem</strong></span> <span class='ocrx_word' id='word_1_651' title='bbox 3319 4528 3467 4574; x_wconf 88' lang='lat' dir='ltr'><strong>esset</strong></span> <span class='ocrx_word' id='word_1_652' title='bbox 3509 4520 3763 4587; x_wconf 85' lang='lat' dir='ltr'><strong>adeptus,</strong></span> 
     </span>
    </p>
   </div>
   <div class='ocr_carea' id='block_1_91' title="bbox 505 4609 3765 4685">
    <p class='ocr_par' dir='ltr' id='par_1_91' title="bbox 505 4609 3765 4685">
     <span class='ocr_line' id='line_1_91' title="bbox 505 4609 3765 4685; baseline -0.002 -16"><span class='ocrx_word' id='word_1_653' title='bbox 505 4615 653 4685; x_wconf 86' lang='lat' dir='ltr'><strong>quod</strong></span> <span class='ocrx_word' id='word_1_654' title='bbox 701 4631 750 4667; x_wconf 82' lang='lat' dir='ltr'><strong>vt</strong></span> <span class='ocrx_word' id='word_1_655' title='bbox 819 4615 996 4683; x_wconf 85' lang='lat' dir='ltr'><strong>capite</strong></span> <span class='ocrx_word' id='word_1_656' title='bbox 1043 4620 1538 4676; x_wconf 90' lang='lat' dir='ltr'><strong>commemoratur;</strong></span> <span class='ocrx_word' id='word_1_657' title='bbox 1599 4627 1833 4682; x_wconf 88' lang='lat' dir='ltr'><strong>quocum</strong></span> <span class='ocrx_word' id='word_1_658' title='bbox 1881 4610 2078 4664; x_wconf 79' lang='lat' dir='ltr'><strong>festum</strong></span> <span class='ocrx_word' id='word_1_659' title='bbox 2112 4616 2158 4673; x_wconf 86' lang='lat' dir='ltr'><strong>D</strong></span> <span class='ocrx_word' id='word_1_660' title='bbox 2187 4613 2450 4664; x_wconf 90' lang='lat' dir='ltr'><strong>triennem</strong></span> <span class='ocrx_word' id='word_1_661' title='bbox 2498 4609 2942 4678; x_wconf 69' lang='lat' dir='ltr'><strong>praedicationem</strong></span> <span class='ocrx_word' id='word_1_662' title='bbox 2972 4609 3310 4677; x_wconf 84' lang='lat' dir='ltr'><strong>inchoasse;</strong></span> <span class='ocrx_word' id='word_1_663' title='bbox 3341 4625 3464 4665; x_wconf 89' lang='lat' dir='ltr'><strong>nam</strong></span> <span class='ocrx_word' id='word_1_664' title='bbox 3498 4610 3647 4680; x_wconf 92' lang='lat' dir='ltr'><strong>quod</strong></span> <span class='ocrx_word' id='word_1_665' title='bbox 3693 4611 3765 4663; x_wconf 86' lang='lat' dir='ltr'><strong>ad</strong></span> 
     </span>
    </p>
   </div>
   <div class='ocr_carea' id='block_1_92' title="bbox 507 4703 2076 4774">
    <p class='ocr_par' dir='ltr' id='par_1_92' title="bbox 507 4703 2076 4774">
     <span class='ocr_line' id='line_1_92' title="bbox 507 4703 2076 4774; baseline -0.003 -14"><span class='ocrx_word' id='word_1_666' title='bbox 507 4706 658 4760; x_wconf 93' lang='lat' dir='ltr'><strong>illum</strong></span> <span class='ocrx_word' id='word_1_667' title='bbox 697 4707 839 4761; x_wconf 89' lang='lat' dir='ltr'><strong>diem</strong></span> <span class='ocrx_word' id='word_1_668' title='bbox 892 4705 1052 4760; x_wconf 92' lang='lat' dir='ltr'><strong>Joan.</strong></span> <span class='ocrx_word' id='word_1_669' title='bbox 1092 4722 1124 4757; x_wconf 92' lang='lat' dir='ltr'><strong>v</strong></span> <span class='ocrx_word' id='word_1_670' title='bbox 1169 4704 1495 4760; x_wconf 85' lang='lat' dir='ltr'><strong>confuderit.</strong></span> <span class='ocrx_word' id='word_1_671' title='bbox 1530 4703 1710 4770; x_wconf 84' lang='lat' dir='ltr'><strong>Quare</strong></span> <span class='ocrx_word' id='word_1_672' title='bbox 1746 4705 1847 4758; x_wconf 92' lang='lat' dir='ltr'><strong>hoc</strong></span> <span class='ocrx_word' id='word_1_673' title='bbox 1900 4704 2076 4774; x_wconf 88' lang='lat' dir='ltr'><strong>ipsum</strong></span> 
     </span>
    </p>
   </div>
   <div class='ocr_carea' id='block_1_93' title="bbox 506 4795 2078 4868">
    <p class='ocr_par' dir='ltr' id='par_1_93' title="bbox 506 4795 2078 4868">
     <span class='ocr_line' id='line_1_93' title="bbox 506 4795 2078 4868; baseline -0.002 -17"><span class='ocrx_word' id='word_1_674' title='bbox 506 4797 614 4852; x_wconf 91' lang='lat' dir='ltr'><strong>illis</strong></span> <span class='ocrx_word' id='word_1_675' title='bbox 644 4796 878 4863; x_wconf 89' lang='lat' dir='ltr'><strong>Pascha,</strong></span> <span class='ocrx_word' id='word_1_676' title='bbox 912 4797 1056 4867; x_wconf 92' lang='lat' dir='ltr'><strong>quod</strong></span> <span class='ocrx_word' id='word_1_677' title='bbox 1093 4795 1252 4850; x_wconf 89' lang='lat' dir='ltr'><strong>Joan.</strong></span> <span class='ocrx_word' id='word_1_678' title='bbox 1278 4814 1307 4848; x_wconf 72' lang='grc' dir='ltr'><strong>ν</strong></span> <span class='ocrx_word' id='word_1_679' title='bbox 1331 4797 1552 4868; x_wconf 84' lang='lat' dir='ltr'><strong>legitur,</strong></span> <span class='ocrx_word' id='word_1_680' title='bbox 1573 4796 1730 4851; x_wconf 76' lang='lat' dir='ltr'><strong>facile</strong></span> <span class='ocrx_word' id='word_1_681' title='bbox 1751 4797 2078 4862; x_wconf 84' lang='lat' dir='ltr'><strong>remiserim,</strong></span> 
     </span>
    </p>
   </div>
   <div class='ocr_carea' id='block_1_94' title="bbox 505 4887 2081 4958">
    <p class='ocr_par' dir='ltr' id='par_1_94' title="bbox 505 4887 2081 4958">
     <span class='ocr_line' id='line_1_94' title="bbox 505 4887 2081 4958; baseline -0.001 -15"><span class='ocrx_word' id='word_1_682' title='bbox 505 4889 636 4944; x_wconf 88' lang='lat' dir='ltr'><strong>dum</strong></span> <span class='ocrx_word' id='word_1_683' title='bbox 680 4905 745 4943; x_wconf 85' lang='lat' dir='ltr'><strong>ex</strong></span> <span class='ocrx_word' id='word_1_684' title='bbox 779 4887 965 4944; x_wconf 75' lang='lat' dir='ltr'><strong>Irenzei</strong></span> <span class='ocrx_word' id='word_1_685' title='bbox 1005 4889 1274 4945; x_wconf 87' lang='lat' dir='ltr'><strong>sententia</strong></span> <span class='ocrx_word' id='word_1_686' title='bbox 1316 4903 1658 4958; x_wconf 87' lang='lat' dir='ltr'><strong>nequaquam</strong></span> <span class='ocrx_word' id='word_1_687' title='bbox 1700 4904 1730 4943; x_wconf 89' lang='lat' dir='ltr'><strong>a</strong></span> <span class='ocrx_word' id='word_1_688' title='bbox 1779 4889 2081 4957; x_wconf 86' lang='lat' dir='ltr'><strong>posteriore</strong></span> 
     </span>
    </p>
   </div>
   <div class='ocr_carea' id='block_1_95' title="bbox 506 4979 2080 5051">
    <p class='ocr_par' dir='ltr' id='par_1_95' title="bbox 506 4979 2080 5051">
     <span class='ocr_line' id='line_1_95' title="bbox 506 4979 2080 5051; baseline -0.001 -16"><span class='ocrx_word' id='word_1_689' title='bbox 506 4981 864 5048; x_wconf 88' lang='lat' dir='ltr'><strong>discernant,</strong></span> <span class='ocrx_word' id='word_1_690' title='bbox 932 4997 1110 5051; x_wconf 91' lang='lat' dir='ltr'><strong>neque</strong></span> <span class='ocrx_word' id='word_1_691' title='bbox 1171 4981 1371 5050; x_wconf 90' lang='lat' dir='ltr'><strong>plura,</strong></span> <span class='ocrx_word' id='word_1_692' title='bbox 1421 4995 1588 5050; x_wconf 92' lang='lat' dir='ltr'><strong>quam</strong></span> <span class='ocrx_word' id='word_1_693' title='bbox 1649 4980 1760 5042; x_wconf 88' lang='lat' dir='ltr'><strong>ille,</strong></span> <span class='ocrx_word' id='word_1_694' title='bbox 1811 4979 2080 5036; x_wconf 87' lang='lat' dir='ltr'><strong>Paschata</strong></span> 
     </span>
    </p>
   </div>
   <div class='ocr_carea' id='block_1_96' title="bbox 507 5073 2078 5138">
    <p class='ocr_par' dir='ltr' id='par_1_96' title="bbox 507 5073 2078 5138">
     <span class='ocr_line' id='line_1_96' title="bbox 507 5073 2078 5138; baseline -0.003 -7"><span class='ocrx_word' id='word_1_695' title='bbox 507 5074 728 5131; x_wconf 91' lang='lat' dir='ltr'><strong>Christo</strong></span> <span class='ocrx_word' id='word_1_696' title='bbox 768 5075 1030 5129; x_wconf 90' lang='lat' dir='ltr'><strong>tribuant.</strong></span> <span class='ocrx_word' id='word_1_697' title='bbox 1066 5081 1137 5127; x_wconf 86' lang='lat' dir='ltr'><strong>At</strong></span> <span class='ocrx_word' id='word_1_698' title='bbox 1162 5074 1308 5128; x_wconf 91' lang='lat' dir='ltr'><strong>enim</strong></span> <span class='ocrx_word' id='word_1_699' title='bbox 1342 5074 1446 5129; x_wconf 89' lang='lat' dir='ltr'><strong>tria</strong></span> <span class='ocrx_word' id='word_1_700' title='bbox 1479 5082 1689 5128; x_wconf 92' lang='lat' dir='ltr'><strong>tantum</strong></span> <span class='ocrx_word' id='word_1_701' title='bbox 1723 5083 1879 5128; x_wconf 89' lang='lat' dir='ltr'><strong>erant</strong></span> <span class='ocrx_word' id='word_1_702' title='bbox 1909 5073 2078 5138; x_wconf 82' lang='lat' dir='ltr'><strong>festa,</strong></span> 
     </span>
    </p>
   </div>
   <div class='ocr_carea' id='block_1_97' title="bbox 506 5165 2076 5237">
    <p class='ocr_par' dir='ltr' id='par_1_97' title="bbox 506 5165 2076 5237">
     <span class='ocr_line' id='line_1_97' title="bbox 506 5165 2076 5237; baseline -0.001 -17"><span class='ocrx_word' id='word_1_703' title='bbox 506 5167 709 5236; x_wconf 90' lang='lat' dir='ltr'><strong>quibus</strong></span> <span class='ocrx_word' id='word_1_704' title='bbox 743 5168 938 5222; x_wconf 89' lang='lat' dir='ltr'><strong>sistere</strong></span> <span class='ocrx_word' id='word_1_705' title='bbox 971 5183 1031 5222; x_wconf 89' lang='lat' dir='ltr'><strong>se</strong></span> <span class='ocrx_word' id='word_1_706' title='bbox 1085 5165 1478 5237; x_wconf 82' lang='lat' dir='ltr'><strong>Hierosolymis</strong></span> <span class='ocrx_word' id='word_1_707' title='bbox 1527 5166 1789 5235; x_wconf 86' lang='lat' dir='ltr'><strong>oportuit,</strong></span> <span class='ocrx_word' id='word_1_708' title='bbox 1850 5166 2076 5226; x_wconf 81' lang='lat' dir='ltr'><strong>Pascha,</strong></span> 
     </span>
    </p>
   </div>
   <div class='ocr_carea' id='block_1_98' title="bbox 509 5255 2082 5327">
    <p class='ocr_par' dir='ltr' id='par_1_98' title="bbox 509 5255 2082 5327">
     <span class='ocr_line' id='line_1_98' title="bbox 509 5255 2082 5327; baseline -0.001 -16"><span class='ocrx_word' id='word_1_709' title='bbox 509 5256 826 5312; x_wconf 88' lang='lat' dir='ltr'><strong>Pentecoste</strong></span> <span class='ocrx_word' id='word_1_710' title='bbox 849 5265 904 5311; x_wconf 88' lang='lat' dir='ltr'><strong>et</strong></span> <span class='ocrx_word' id='word_1_711' title='bbox 931 5255 1285 5326; x_wconf 85' lang='lat' dir='ltr'><strong>Seenopegia.</strong></span> <span class='ocrx_word' id='word_1_712' title='bbox 1312 5255 1451 5311; x_wconf 92' lang='lat' dir='ltr'><strong>Cum</strong></span> <span class='ocrx_word' id='word_1_713' title='bbox 1507 5271 1637 5327; x_wconf 90' lang='lat' dir='ltr'><strong>ergo</strong></span> <span class='ocrx_word' id='word_1_714' title='bbox 1673 5272 1840 5310; x_wconf 92' lang='lat' dir='ltr'><strong>unum</strong></span> <span class='ocrx_word' id='word_1_715' title='bbox 1876 5271 1941 5310; x_wconf 81' lang='lat' dir='ltr'><strong>ex</strong></span> <span class='ocrx_word' id='word_1_716' title='bbox 1975 5256 2082 5309; x_wconf 86' lang='lat' dir='ltr'><strong>illis</strong></span> 
     </span>
    </p>
   </div>
   <div class='ocr_carea' id='block_1_99' title="bbox 505 5344 2078 5413">
    <p class='ocr_par' dir='ltr' id='par_1_99' title="bbox 505 5344 2078 5413">
     <span class='ocr_line' id='line_1_99' title="bbox 505 5344 2078 5413; baseline 0.001 -13"><span class='ocrx_word' id='word_1_717' title='bbox 505 5346 685 5400; x_wconf 84' lang='lat' dir='ltr'><strong>tribus</strong></span> <span class='ocrx_word' id='word_1_718' title='bbox 721 5345 918 5400; x_wconf 79' lang='lat' dir='ltr'><strong>festum</strong></span> <span class='ocrx_word' id='word_1_719' title='bbox 951 5345 1083 5400; x_wconf 86' lang='lat' dir='ltr'><strong>illud</strong></span> <span class='ocrx_word' id='word_1_720' title='bbox 1106 5345 1393 5408; x_wconf 83' lang='lat' dir='ltr'><strong>exstiterit,</strong></span> <span class='ocrx_word' id='word_1_721' title='bbox 1435 5345 1592 5413; x_wconf 86' lang='lat' dir='ltr'><strong>cujus</strong></span> <span class='ocrx_word' id='word_1_722' title='bbox 1621 5359 1784 5398; x_wconf 82' lang='lat' dir='ltr'><strong>causa</strong></span> <span class='ocrx_word' id='word_1_723' title='bbox 1825 5344 2078 5401; x_wconf 84' lang='lat' dir='ltr'><strong>Christus</strong></span> 
     </span>
    </p>
   </div>
   <div class='ocr_carea' id='block_1_100' title="bbox 502 5435 2078 5506">
    <p class='ocr_par' dir='ltr' id='par_1_100' title="bbox 502 5435 2078 5506">
     <span class='ocr_line' id='line_1_100' title="bbox 502 5435 2078 5506; baseline -0.001 -14"><span class='ocrx_word' id='word_1_724' title='bbox 502 5437 756 5492; x_wconf 84' lang='lat' dir='ltr'><strong>ascendit</strong></span> <span class='ocrx_word' id='word_1_725' title='bbox 779 5454 793 5502; x_wconf 87' lang='lat'><strong>;</strong></span> <span class='ocrx_word' id='word_1_726' title='bbox 839 5451 1012 5505; x_wconf 87' lang='lat' dir='ltr'><strong>neque</strong></span> <span class='ocrx_word' id='word_1_727' title='bbox 1034 5436 1336 5506; x_wconf 88' lang='lat' dir='ltr'><strong>posteriora</strong></span> <span class='ocrx_word' id='word_1_728' title='bbox 1355 5437 1464 5490; x_wconf 86' lang='lat' dir='ltr'><strong>duo</strong></span> <span class='ocrx_word' id='word_1_729' title='bbox 1489 5435 1802 5489; x_wconf 90' lang='lat' dir='ltr'><strong>locumistic</strong></span> <span class='ocrx_word' id='word_1_730' title='bbox 1826 5436 2078 5498; x_wconf 82' lang='lat' dir='ltr'><strong>habeant,</strong></span> 
     </span>
    </p>
   </div>
   <div class='ocr_carea' id='block_1_101' title="bbox 504 5525 2080 5596">
    <p class='ocr_par' dir='ltr' id='par_1_101' title="bbox 504 5525 2080 5596">
     <span class='ocr_line' id='line_1_101' title="bbox 504 5525 2080 5596; baseline 0.001 -17"><span class='ocrx_word' id='word_1_731' title='bbox 504 5542 730 5583; x_wconf 80' lang='lat' dir='ltr'><strong>necesse</strong></span> <span class='ocrx_word' id='word_1_732' title='bbox 769 5539 853 5580; x_wconf 78' lang='lat' dir='ltr'><strong>est</strong></span> <span class='ocrx_word' id='word_1_733' title='bbox 882 5527 950 5581; x_wconf 91' lang='lat' dir='ltr'><strong>de</strong></span> <span class='ocrx_word' id='word_1_734' title='bbox 981 5527 1180 5596; x_wconf 91' lang='lat' dir='ltr'><strong>primo,</strong></span> <span class='ocrx_word' id='word_1_735' title='bbox 1215 5527 1320 5580; x_wconf 90' lang='lat' dir='ltr'><strong>hoc</strong></span> <span class='ocrx_word' id='word_1_736' title='bbox 1348 5534 1433 5579; x_wconf 86' lang='lat' dir='ltr'><strong>est</strong></span> <span class='ocrx_word' id='word_1_737' title='bbox 1469 5525 1767 5590; x_wconf 89' lang='lat' dir='ltr'><strong>Paschate,</strong></span> <span class='ocrx_word' id='word_1_738' title='bbox 1814 5525 2080 5580; x_wconf 89' lang='lat' dir='ltr'><strong>Joannem</strong></span> 
     </span>
    </p>
   </div>
   <div class='ocr_carea' id='block_1_102' title="bbox 506 5617 2082 5687">
    <p class='ocr_par' dir='ltr' id='par_1_102' title="bbox 506 5617 2082 5687">
     <span class='ocr_line' id='line_1_102' title="bbox 506 5617 2082 5687; baseline 0.001 -15"><span class='ocrx_word' id='word_1_739' title='bbox 506 5619 772 5673; x_wconf 88' lang='lat' dir='ltr'><strong>locutum.</strong></span> <span class='ocrx_word' id='word_1_740' title='bbox 804 5617 958 5684; x_wconf 91' lang='lat' dir='ltr'><strong>Quod</strong></span> <span class='ocrx_word' id='word_1_741' title='bbox 977 5618 1120 5672; x_wconf 90' lang='lat' dir='ltr'><strong>enim</strong></span> <span class='ocrx_word' id='word_1_742' title='bbox 1155 5633 1331 5687; x_wconf 86' lang='lat' dir='ltr'><strong>neque</strong></span> <span class='ocrx_word' id='word_1_743' title='bbox 1354 5617 1696 5680; x_wconf 89' lang='lat' dir='ltr'><strong>Pentecoste,</strong></span> <span class='ocrx_word' id='word_1_744' title='bbox 1731 5634 1906 5687; x_wconf 88' lang='lat' dir='ltr'><strong>neque</strong></span> <span class='ocrx_word' id='word_1_745' title='bbox 1950 5617 2082 5673; x_wconf 84' lang='lat' dir='ltr'><strong>Sce-</strong></span> 
     </span>
    </p>
   </div>
   <div class='ocr_carea' id='block_1_103' title="bbox 509 5709 2082 5778">
    <p class='ocr_par' dir='ltr' id='par_1_103' title="bbox 509 5709 2082 5778">
     <span class='ocr_line' id='line_1_103' title="bbox 509 5709 2082 5778; baseline -0.001 -14"><span class='ocrx_word' id='word_1_746' title='bbox 509 5725 739 5778; x_wconf 80' lang='lat' dir='ltr'><strong>nopegta</strong></span> <span class='ocrx_word' id='word_1_747' title='bbox 792 5709 980 5775; x_wconf 79' lang='lat' dir='ltr'><strong>fuerit,</strong></span> <span class='ocrx_word' id='word_1_748' title='bbox 1028 5719 1353 5778; x_wconf 88' lang='lat' dir='ltr'><strong>argumento</strong></span> <span class='ocrx_word' id='word_1_749' title='bbox 1413 5716 1531 5773; x_wconf 90' lang='lat' dir='ltr'><strong>est,</strong></span> <span class='ocrx_word' id='word_1_750' title='bbox 1601 5709 1747 5777; x_wconf 89' lang='lat' dir='ltr'><strong>quod</strong></span> <span class='ocrx_word' id='word_1_751' title='bbox 1815 5710 2082 5774; x_wconf 88' lang='lat' dir='ltr'><strong>superiori</strong></span> 
     </span>
    </p>
   </div>
   <div class='ocr_carea' id='block_1_104' title="bbox 507 5800 2082 5868">
    <p class='ocr_par' dir='ltr' id='par_1_104' title="bbox 507 5800 2082 5868">
     <span class='ocr_line' id='line_1_104' title="bbox 507 5800 2082 5868; baseline 0 -12"><span class='ocrx_word' id='word_1_752' title='bbox 507 5801 687 5866; x_wconf 78' lang='lat' dir='ltr'><strong>Capite</strong></span> <span class='ocrx_word' id='word_1_753' title='bbox 736 5801 991 5856; x_wconf 89' lang='lat' dir='ltr'><strong>Christus</strong></span> <span class='ocrx_word' id='word_1_754' title='bbox 1028 5802 1242 5855; x_wconf 88' lang='lat' dir='ltr'><strong>dixerat</strong></span> <span class='ocrx_word' id='word_1_755' title='bbox 1274 5815 1418 5854; x_wconf 93' lang='lat' dir='ltr'><strong>com.</strong></span> <span class='ocrx_word' id='word_1_756' title='bbox 1451 5800 1520 5854; x_wconf 80' lang='grc'><strong>55</strong></span> <span class='ocrx_word' id='word_1_757' title='bbox 1545 5839 1561 5863; x_wconf 96' lang='grc'><strong>,</strong></span> <span class='ocrx_word' id='word_1_758' title='bbox 1597 5809 1833 5868; x_wconf 86' lang='lat' dir='ltr'><strong>quatuor</strong></span> <span class='ocrx_word' id='word_1_759' title='bbox 1866 5817 2082 5857; x_wconf 82' lang='lat' dir='ltr'><strong>menses</strong></span> 
     </span>
    </p>
   </div>
   <div class='ocr_carea' id='block_1_105' title="bbox 517 5890 2082 5960">
    <p class='ocr_par' dir='ltr' id='par_1_105' title="bbox 517 5890 2082 5960">
     <span class='ocr_line' id='line_1_105' title="bbox 517 5890 2082 5960; baseline -0.001 -11"><span class='ocrx_word' id='word_1_760' title='bbox 517 5891 586 5949; x_wconf 75' lang='lat' dir='ltr'><strong>ad</strong></span> <span class='ocrx_word' id='word_1_761' title='bbox 617 5905 851 5947; x_wconf 88' lang='lat' dir='ltr'><strong>messem</strong></span> <span class='ocrx_word' id='word_1_762' title='bbox 883 5892 1120 5960; x_wconf 82' lang='lat' dir='ltr'><strong>reliquos</strong></span> <span class='ocrx_word' id='word_1_763' title='bbox 1176 5890 1364 5948; x_wconf 82' lang='lat' dir='ltr'><strong>fuisse.</strong></span> <span class='ocrx_word' id='word_1_764' title='bbox 1422 5890 1490 5945; x_wconf 83' lang='lat' dir='ltr'><strong>At</strong></span> <span class='ocrx_word' id='word_1_765' title='bbox 1541 5891 1654 5946; x_wconf 65' lang='lat' dir='ltr'><strong>haec</strong></span> <span class='ocrx_word' id='word_1_766' title='bbox 1709 5906 1832 5947; x_wconf 88' lang='lat' dir='ltr'><strong>meo</strong></span> <span class='ocrx_word' id='word_1_767' title='bbox 1876 5891 2082 5960; x_wconf 88' lang='lat' dir='ltr'><strong>judicio</strong></span> 
     </span>
    </p>
   </div>
   <div class='ocr_carea' id='block_1_106' title="bbox 2186 4702 3768 4772">
    <p class='ocr_par' dir='ltr' id='par_1_106' title="bbox 2186 4702 3768 4772">
     <span class='ocr_line' id='line_1_106' title="bbox 2186 4702 3768 4772; baseline 0.001 -17"><span class='ocrx_word' id='word_1_768' title='bbox 2186 4702 2455 4772; x_wconf 88' lang='lat' dir='ltr'><strong>Epiphan.</strong></span> <span class='ocrx_word' id='word_1_769' title='bbox 2510 4703 2748 4762; x_wconf 87' lang='lat' dir='ltr'><strong>attinet,</strong></span> <span class='ocrx_word' id='word_1_770' title='bbox 2802 4716 2967 4771; x_wconf 89' lang='lat' dir='ltr'><strong>supra</strong></span> <span class='ocrx_word' id='word_1_771' title='bbox 3022 4717 3179 4755; x_wconf 91' lang='lat' dir='ltr'><strong>num.</strong></span> <span class='ocrx_word' id='word_1_772' title='bbox 3215 4702 3287 4756; x_wconf 69' lang='grc'><strong>24</strong></span> <span class='ocrx_word' id='word_1_773' title='bbox 3327 4703 3590 4771; x_wconf 85' lang='lat' dir='ltr'><strong>postridie</strong></span> <span class='ocrx_word' id='word_1_774' title='bbox 3642 4702 3768 4770; x_wconf 83' lang='lat' dir='ltr'><strong>ejus</strong></span> 
     </span>
    </p>
   </div>
   <div class='ocr_carea' id='block_1_107' title="bbox 2183 4789 3772 4862">
    <p class='ocr_par' dir='ltr' id='par_1_107' title="bbox 2183 4789 3772 4862">
     <span class='ocr_line' id='line_1_107' title="bbox 2183 4789 3772 4862; baseline -0.003 -14"><span class='ocrx_word' id='word_1_775' title='bbox 2183 4793 2313 4856; x_wconf 89' lang='lat' dir='ltr'><strong>diei,</strong></span> <span class='ocrx_word' id='word_1_776' title='bbox 2349 4807 2459 4862; x_wconf 91' lang='lat' dir='ltr'><strong>quo</strong></span> <span class='ocrx_word' id='word_1_777' title='bbox 2493 4791 2799 4860; x_wconf 85' lang='lat' dir='ltr'><strong>baptizatus</strong></span> <span class='ocrx_word' id='word_1_778' title='bbox 2843 4801 2947 4856; x_wconf 89' lang='lat' dir='ltr'><strong>est,</strong></span> <span class='ocrx_word' id='word_1_779' title='bbox 2995 4791 3438 4860; x_wconf 68' lang='lat' dir='ltr'><strong>praedicationem</strong></span> <span class='ocrx_word' id='word_1_780' title='bbox 3494 4789 3644 4844; x_wconf 87' lang='lat' dir='ltr'><strong>illam</strong></span> <span class='ocrx_word' id='word_1_781' title='bbox 3673 4805 3772 4844; x_wconf 81' lang='lat' dir='ltr'><strong>oc-</strong></span> 
     </span>
    </p>
   </div>
   <div class='ocr_carea' id='block_1_108' title="bbox 2183 4881 3765 4955">
    <p class='ocr_par' dir='ltr' id='par_1_108' title="bbox 2183 4881 3765 4955">
     <span class='ocr_line' id='line_1_108' title="bbox 2183 4881 3765 4955; baseline -0.004 -14"><span class='ocrx_word' id='word_1_782' title='bbox 2183 4885 2417 4955; x_wconf 76' lang='lat' dir='ltr'><strong>cmpisse</strong></span> <span class='ocrx_word' id='word_1_783' title='bbox 2459 4885 2630 4949; x_wconf 88' lang='lat' dir='ltr'><strong>dicit,</strong></span> <span class='ocrx_word' id='word_1_784' title='bbox 2683 4899 2804 4954; x_wconf 86' lang='lat' dir='ltr'><strong>quae</strong></span> <span class='ocrx_word' id='word_1_785' title='bbox 2841 4885 2908 4938; x_wconf 92' lang='lat' dir='ltr'><strong>ad</strong></span> <span class='ocrx_word' id='word_1_786' title='bbox 2971 4884 3216 4937; x_wconf 72' lang='grc' dir='ltr'><strong>ἐνιαυτὸν</strong></span> <span class='ocrx_word' id='word_1_787' title='bbox 3263 4883 3452 4937; x_wconf 82' lang='grc' dir='ltr'><strong>δεκτόν</strong></span> <span class='ocrx_word' id='word_1_788' title='bbox 3504 4881 3765 4936; x_wconf 77' lang='lat' dir='ltr'><strong>refertur.</strong></span> 
     </span>
    </p>
   </div>
   <div class='ocr_carea' id='block_1_109' title="bbox 2183 4974 3772 5047">
    <p class='ocr_par' dir='ltr' id='par_1_109' title="bbox 2183 4974 3772 5047">
     <span class='ocr_line' id='line_1_109' title="bbox 2183 4974 3772 5047; baseline -0.003 -15"><span class='ocrx_word' id='word_1_789' title='bbox 2183 4977 2326 5044; x_wconf 90' lang='lat' dir='ltr'><strong>Quid</strong></span> <span class='ocrx_word' id='word_1_790' title='bbox 2361 4977 2528 5047; x_wconf 86' lang='lat' dir='ltr'><strong>igitur</strong></span> <span class='ocrx_word' id='word_1_791' title='bbox 2547 4976 2899 5046; x_wconf 82' lang='lat' dir='ltr'><strong>evangelistis</strong></span> <span class='ocrx_word' id='word_1_792' title='bbox 2920 4976 3036 5030; x_wconf 80' lang='lat' dir='ltr'><strong>illis</strong></span> <span class='ocrx_word' id='word_1_793' title='bbox 3061 4975 3349 5038; x_wconf 82' lang='lat' dir='ltr'><strong>faciemus,</strong></span> <span class='ocrx_word' id='word_1_794' title='bbox 3382 4974 3476 5045; x_wconf 94' lang='lat' dir='ltr'><strong>qui</strong></span> <span class='ocrx_word' id='word_1_795' title='bbox 3515 4974 3772 5042; x_wconf 89' lang='lat' dir='ltr'><strong>conjecto</strong></span> 
     </span>
    </p>
   </div>
   <div class='ocr_carea' id='block_1_110' title="bbox 2183 5068 3773 5124">
    <p class='ocr_par' dir='ltr' id='par_1_110' title="bbox 2183 5068 3773 5124">
     <span class='ocr_line' id='line_1_110' title="bbox 2183 5068 3773 5124; baseline -0.003 0"><span class='ocrx_word' id='word_1_796' title='bbox 2183 5071 2402 5124; x_wconf 89' lang='lat' dir='ltr'><strong>demum</strong></span> <span class='ocrx_word' id='word_1_797' title='bbox 2474 5070 2527 5123; x_wconf 93' lang='lat' dir='ltr'><strong>in</strong></span> <span class='ocrx_word' id='word_1_798' title='bbox 2581 5085 2857 5123; x_wconf 88' lang='lat' dir='ltr'><strong>carcerem</strong></span> <span class='ocrx_word' id='word_1_799' title='bbox 2915 5068 3130 5124; x_wconf 88' lang='lat' dir='ltr'><strong>Joanne</strong></span> <span class='ocrx_word' id='word_1_800' title='bbox 3184 5069 3466 5123; x_wconf 90' lang='lat' dir='ltr'><strong>Christum</strong></span> <span class='ocrx_word' id='word_1_801' title='bbox 3537 5077 3773 5121; x_wconf 85' lang='lat' dir='ltr'><strong>narrant</strong></span> 
     </span>
    </p>
   </div>
   <div class='ocr_carea' id='block_1_111' title="bbox 2183 5159 3774 5233">
    <p class='ocr_par' dir='ltr' id='par_1_111' title="bbox 2183 5159 3774 5233">
     <span class='ocr_line' id='line_1_111' title="bbox 2183 5159 3774 5233; baseline -0.003 -18"><span class='ocrx_word' id='word_1_802' title='bbox 2183 5162 2482 5232; x_wconf 67' lang='lat' dir='ltr'><strong>praedicare</strong></span> <span class='ocrx_word' id='word_1_803' title='bbox 2509 5161 2788 5233; x_wconf 71' lang='lat' dir='ltr'><strong>cmpisse?</strong></span> <span class='ocrx_word' id='word_1_804' title='bbox 2822 5161 3058 5232; x_wconf 83' lang='lat' dir='ltr'><strong>Keplero</strong></span> <span class='ocrx_word' id='word_1_805' title='bbox 3100 5163 3276 5216; x_wconf 81' lang='lat' dir='ltr'><strong>visum</strong></span> <span class='ocrx_word' id='word_1_806' title='bbox 3327 5169 3413 5215; x_wconf 84' lang='lat' dir='ltr'><strong>est</strong></span> <span class='ocrx_word' id='word_1_807' title='bbox 3445 5159 3774 5229; x_wconf 86' lang='lat' dir='ltr'><strong>trajectione</strong></span> 
     </span>
    </p>
   </div>
   <div class='ocr_carea' id='block_1_112' title="bbox 2185 5247 3774 5322">
    <p class='ocr_par' dir='ltr' id='par_1_112' title="bbox 2185 5247 3774 5322">
     <span class='ocr_line' id='line_1_112' title="bbox 2185 5247 3774 5322; baseline -0.003 -16"><span class='ocrx_word' id='word_1_808' title='bbox 2185 5253 2442 5308; x_wconf 83' lang='lat' dir='ltr'><strong>versiculi</strong></span> <span class='ocrx_word' id='word_1_809' title='bbox 2485 5253 2652 5308; x_wconf 86' lang='lat' dir='ltr'><strong>unius</strong></span> <span class='ocrx_word' id='word_1_810' title='bbox 2693 5255 2974 5322; x_wconf 84' lang='lat' dir='ltr'><strong>negotium</strong></span> <span class='ocrx_word' id='word_1_811' title='bbox 3031 5269 3194 5322; x_wconf 87' lang='lat' dir='ltr'><strong>posse</strong></span> <span class='ocrx_word' id='word_1_812' title='bbox 3243 5251 3461 5306; x_wconf 81' lang='lat' dir='ltr'><strong>conﬁci.</strong></span> <span class='ocrx_word' id='word_1_813' title='bbox 3535 5247 3674 5302; x_wconf 85' lang='lat' dir='ltr'><strong>Nam</strong></span> <span class='ocrx_word' id='word_1_814' title='bbox 3725 5249 3774 5301; x_wconf 91' lang='lat' dir='ltr'><strong>si</strong></span> 
     </span>
    </p>
   </div>
   <div class='ocr_carea' id='block_1_113' title="bbox 2184 5342 3775 5411">
    <p class='ocr_par' dir='ltr' id='par_1_113' title="bbox 2184 5342 3775 5411">
     <span class='ocr_line' id='line_1_113' title="bbox 2184 5342 3775 5411; baseline -0.004 -12"><span class='ocrx_word' id='word_1_815' title='bbox 2184 5345 2375 5399; x_wconf 85' lang='lat' dir='ltr'><strong>Matth.</strong></span> <span class='ocrx_word' id='word_1_816' title='bbox 2405 5359 2481 5406; x_wconf 83' lang='lat' dir='ltr'><strong>tv,</strong></span> <span class='ocrx_word' id='word_1_817' title='bbox 2518 5359 2633 5398; x_wconf 85' lang='lat' dir='ltr'><strong>ver.</strong></span> <span class='ocrx_word' id='word_1_818' title='bbox 2661 5345 2749 5398; x_wconf 70' lang='grc' dir='ltr'><strong>ηε</strong></span> <span class='ocrx_word' id='word_1_819' title='bbox 2781 5343 2918 5399; x_wconf 84' lang='lat' dir='ltr'><strong>Cum</strong></span> <span class='ocrx_word' id='word_1_820' title='bbox 2953 5357 3132 5400; x_wconf 84' lang='lat' dir='ltr'><strong>autem</strong></span> <span class='ocrx_word' id='word_1_821' title='bbox 3165 5343 3404 5398; x_wconf 79' lang='lat' dir='ltr'><strong>audisset</strong></span> <span class='ocrx_word' id='word_1_822' title='bbox 3443 5342 3604 5396; x_wconf 77' lang='lat' dir='ltr'><strong>Iesus</strong></span> <span class='ocrx_word' id='word_1_823' title='bbox 3632 5342 3775 5411; x_wconf 77' lang='lat' dir='ltr'><strong>quod</strong></span> 
     </span>
    </p>
   </div>
   <div class='ocr_carea' id='block_1_114' title="bbox 2183 5434 3774 5502">
    <p class='ocr_par' dir='ltr' id='par_1_114' title="bbox 2183 5434 3774 5502">
     <span class='ocr_line' id='line_1_114' title="bbox 2183 5434 3774 5502; baseline -0.001 -13"><span class='ocrx_word' id='word_1_824' title='bbox 2183 5435 2417 5490; x_wconf 82' lang='lat' dir='ltr'><strong>Joannes</strong></span> <span class='ocrx_word' id='word_1_825' title='bbox 2449 5437 2680 5490; x_wconf 82' lang='lat' dir='ltr'><strong>traditus</strong></span> <span class='ocrx_word' id='word_1_826' title='bbox 2719 5446 2877 5502; x_wconf 80' lang='lat' dir='ltr'><strong>esset,</strong></span> <span class='ocrx_word' id='word_1_827' title='bbox 2923 5440 3135 5490; x_wconf 80' lang='lat' dir='ltr'><strong>secessit</strong></span> <span class='ocrx_word' id='word_1_828' title='bbox 3175 5438 3228 5490; x_wconf 83' lang='lat' dir='ltr'><strong>in</strong></span> <span class='ocrx_word' id='word_1_829' title='bbox 3259 5435 3542 5496; x_wconf 68' lang='lat' dir='ltr'><strong>Galileam</strong></span> <span class='ocrx_word' id='word_1_830' title='bbox 3569 5449 3588 5486; x_wconf 91' lang='lat'><strong><em>:</em></strong></span> <span class='ocrx_word' id='word_1_831' title='bbox 3641 5434 3774 5488; x_wconf 82' lang='lat' dir='ltr'><strong>item</strong></span> 
     </span>
    </p>
   </div>
   <div class='ocr_carea' id='block_1_115' title="bbox 2186 5523 3779 5593">
    <p class='ocr_par' dir='ltr' id='par_1_115' title="bbox 2186 5523 3779 5593">
     <span class='ocr_line' id='line_1_115' title="bbox 2186 5523 3779 5593; baseline -0.001 -14"><span class='ocrx_word' id='word_1_832' title='bbox 2186 5525 2352 5579; x_wconf 83' lang='lat' dir='ltr'><strong>Marc.</strong></span> <span class='ocrx_word' id='word_1_833' title='bbox 2391 5540 2430 5590; x_wconf 88' lang='grc' dir='ltr'><strong>ι,</strong></span> <span class='ocrx_word' id='word_1_834' title='bbox 2479 5525 2525 5580; x_wconf 91' lang='lat' dir='ltr'><strong>si</strong></span> <span class='ocrx_word' id='word_1_835' title='bbox 2576 5541 2788 5581; x_wconf 87' lang='lat' dir='ltr'><strong>comma</strong></span> <span class='ocrx_word' id='word_1_836' title='bbox 2833 5527 2900 5581; x_wconf 73' lang='lat' dir='ltr'><strong>l4</strong></span> <span class='ocrx_word' id='word_1_837' title='bbox 2965 5527 3075 5581; x_wconf 91' lang='lat' dir='ltr'><strong>alio</strong></span> <span class='ocrx_word' id='word_1_838' title='bbox 3115 5525 3383 5593; x_wconf 85' lang='lat' dir='ltr'><strong>trajicias,</strong></span> <span class='ocrx_word' id='word_1_839' title='bbox 3438 5523 3779 5580; x_wconf 87' lang='lat' dir='ltr'><strong>narrationis</strong></span> 
     </span>
    </p>
   </div>
   <div class='ocr_carea' id='block_1_116' title="bbox 2187 5617 3781 5687">
    <p class='ocr_par' dir='ltr' id='par_1_116' title="bbox 2187 5617 3781 5687">
     <span class='ocr_line' id='line_1_116' title="bbox 2187 5617 3781 5687; baseline 0 -17"><span class='ocrx_word' id='word_1_840' title='bbox 2187 5618 2433 5672; x_wconf 89' lang='lat' dir='ltr'><strong>ordinem</strong></span> <span class='ocrx_word' id='word_1_841' title='bbox 2476 5619 2759 5687; x_wconf 87' lang='lat' dir='ltr'><strong>aptissime</strong></span> <span class='ocrx_word' id='word_1_842' title='bbox 2791 5627 3075 5674; x_wconf 77' lang='lat' dir='ltr'><strong>contexes.</strong></span> <span class='ocrx_word' id='word_1_843' title='bbox 3113 5618 3242 5672; x_wconf 83' lang='lat' dir='ltr'><strong>Mihi</strong></span> <span class='ocrx_word' id='word_1_844' title='bbox 3283 5633 3418 5672; x_wconf 86' lang='lat' dir='ltr'><strong>vero</strong></span> <span class='ocrx_word' id='word_1_845' title='bbox 3448 5617 3565 5672; x_wconf 67' lang='lat' dir='ltr'><strong>hate</strong></span> <span class='ocrx_word' id='word_1_846' title='bbox 3606 5617 3781 5670; x_wconf 86' lang='lat' dir='ltr'><strong>unius</strong></span> 
     </span>
    </p>
   </div>
   <div class='ocr_carea' id='block_1_117' title="bbox 2189 5708 3786 5776">
    <p class='ocr_par' dir='ltr' id='par_1_117' title="bbox 2189 5708 3786 5776">
     <span class='ocr_line' id='line_1_117' title="bbox 2189 5708 3786 5776; baseline 0.003 -17"><span class='ocrx_word' id='word_1_847' title='bbox 2189 5708 2442 5763; x_wconf 78' lang='lat' dir='ltr'><strong>versiculi</strong></span> <span class='ocrx_word' id='word_1_848' title='bbox 2497 5709 2742 5776; x_wconf 85' lang='lat' dir='ltr'><strong>trajectio</strong></span> <span class='ocrx_word' id='word_1_849' title='bbox 2801 5711 3036 5765; x_wconf 84' lang='lat' dir='ltr'><strong>violenta</strong></span> <span class='ocrx_word' id='word_1_850' title='bbox 3107 5726 3241 5765; x_wconf 92' lang='lat' dir='ltr'><strong>sane</strong></span> <span class='ocrx_word' id='word_1_851' title='bbox 3306 5711 3572 5764; x_wconf 86' lang='lat' dir='ltr'><strong>videtur.</strong></span> <span class='ocrx_word' id='word_1_852' title='bbox 3641 5708 3786 5764; x_wconf 87' lang='lat' dir='ltr'><strong>nihil</strong></span> 
     </span>
    </p>
   </div>
   <div class='ocr_carea' id='block_1_118' title="bbox 2188 5800 3786 5875">
    <p class='ocr_par' dir='ltr' id='par_1_118' title="bbox 2188 5800 3786 5875">
     <span class='ocr_line' id='line_1_118' title="bbox 2188 5800 3786 5875; baseline -0.001 -19"><span class='ocrx_word' id='word_1_853' title='bbox 2188 5802 2332 5856; x_wconf 90' lang='lat' dir='ltr'><strong>enim</strong></span> <span class='ocrx_word' id='word_1_854' title='bbox 2363 5803 2566 5858; x_wconf 89' lang='lat' dir='ltr'><strong>clarius</strong></span> <span class='ocrx_word' id='word_1_855' title='bbox 2601 5817 2702 5870; x_wconf 89' lang='lat' dir='ltr'><strong>est,</strong></span> <span class='ocrx_word' id='word_1_856' title='bbox 2751 5821 2916 5875; x_wconf 88' lang='lat' dir='ltr'><strong>quam</strong></span> <span class='ocrx_word' id='word_1_857' title='bbox 2953 5820 3072 5874; x_wconf 70' lang='lat' dir='ltr'><strong>qua:</strong></span> <span class='ocrx_word' id='word_1_858' title='bbox 3110 5804 3484 5873; x_wconf 84' lang='lat' dir='ltr'><strong>subjtcmntur</strong></span> <span class='ocrx_word' id='word_1_859' title='bbox 3507 5817 3640 5856; x_wconf 86' lang='lat' dir='ltr'><strong>cum</strong></span> <span class='ocrx_word' id='word_1_860' title='bbox 3668 5800 3786 5855; x_wconf 87' lang='lat' dir='ltr'><strong>illis</strong></span> 
     </span>
    </p>
   </div>
   <div class='ocr_carea' id='block_1_119' title="bbox 2190 5893 3789 5965">
    <p class='ocr_par' dir='ltr' id='par_1_119' title="bbox 2190 5893 3789 5965">
     <span class='ocr_line' id='line_1_119' title="bbox 2190 5893 3789 5965; baseline 0.001 -17"><span class='ocrx_word' id='word_1_861' title='bbox 2190 5894 2322 5962; x_wconf 89' lang='lat' dir='ltr'><strong>ipsis</strong></span> <span class='ocrx_word' id='word_1_862' title='bbox 2380 5896 2664 5952; x_wconf 81' lang='lat' dir='ltr'><strong>versiculis</strong></span> <span class='ocrx_word' id='word_1_863' title='bbox 2733 5912 2855 5957; x_wconf 76' lang='lat' dir='ltr'><strong>esse</strong></span> <span class='ocrx_word' id='word_1_864' title='bbox 2903 5914 3166 5956; x_wconf 80' lang='lat' dir='ltr'><strong>connexa.</strong></span> <span class='ocrx_word' id='word_1_865' title='bbox 3232 5896 3420 5951; x_wconf 87' lang='lat' dir='ltr'><strong>Satius</strong></span> <span class='ocrx_word' id='word_1_866' title='bbox 3468 5904 3556 5952; x_wconf 87' lang='lat' dir='ltr'><strong>est</strong></span> <span class='ocrx_word' id='word_1_867' title='bbox 3606 5893 3789 5965; x_wconf 86' lang='lat' dir='ltr'><strong>igitur</strong></span> 
     </span>
    </p>
   </div>
  </div>
