4054 6404
332 406 468 461 1015

1254 409 1340 464 ora
1379 411 1713 468 ANNO‘ET:
1742 413 1852 469 ora
1891 413 2242 474 nommczn
2277 393 2655 480 PASSIONIS.

3442 403 3577 468 l0”

331 521 624 580 commoda
657 523 851 594 aliqua.
878 522 1329 593 interpretatione
1356 527 1458 582 loci
1489 529 1637 584 illius
1681 527 1909 584 diﬁicul-
1936 538 1981 594 Α
2014 533 2105 587 εωί
2155 535 2207 588 in
2259 534 2558 592 Beelzebub
2595 513 2728 592 hac
2773 536 2925 590 illum
2962 532 3139 587 facere
3193 529 3575 584 criminantur.

283 678 292 691 ε
329 613 428 667 tati
469 611 778 670 consulere.
816 615 931 668 Hoc
961 629 1088 668 vero
1136 612 1391 684 perfacile
1439 627 1544 672 est.
1578 617 1712 672 Nam
1765 619 1900 672 Mat-

333 704 506 757 thasus
528 710 582 755 et
607 699 819 757 Marcus
843 719 1182 773 nequaquam
1205 705 1333 760 illud
1357 706 1574 772 docent,
1623 706 1902 762 Christum

332 803 464 847 tunc
497 793 701 858 solum,
741 808 865 848 cum
897 793 1136 850 Joannes
1169 797 1220 849 in
1270 797 1488 851 vincula
1541 797 1747 850 missus
1785 806 1901 864 est,

335 886 630 954 praedicare
669 886 724 939 in
761 887 1039 955 pupulum,
1070 887 1173 942 hoc
1192 898 1275 943 est
1299 889 1513 958 publice
1540 889 1702 942 verba
1729 891 1904 943 facere

333 978 604 1047 coepisse:
653 978 796 1047 quod
850 993 917 1032 ex
973 979 1081 1034 illis
1122 980 1256 1049 ipsis
1313 980 1665 1050 evangelistis
1705 979 1903 1035 falsum

334 1087 454 1128 rsse
484 1081 838 1128 monstratur.
872 1072 975 1127 Sed
1018 1075 1107 1128 hic
1144 1090 1342 1133 sensus
1370 1085 1482 1130 est:
1514 1083 1636 1146 post
1681 1084 1902 1145 captum

334 1161 598 1218 Joannem
624 1179 824 1218 novum
855 1163 1003 1219 velut
1051 1165 1271 1220 initium
1304 1165 1864 1236 przedicandilecisse
1885 1209 1900 1234 ,

335 1272 400 1312 ac
427 1272 552 1311 cum
583 1257 896 1311 accuratius
931 1257 982 1310 in
1039 1257 1170 1311 illud
1226 1257 1502 1327 negotium
1553 1260 1901 1324 incubuisse,

335 1358 450 1400 tum
490 1359 619 1400 vero
649 1345 932 1414 speciatim
967 1345 1096 1403 illud
1137 1345 1444 1401 inculcasse
1476 1365 1488 1399 :
1530 1346 1904 1402 Paenitentiam

335 1438 514 1505 agite;
552 1437 932 1507 appropinquat
971 1440 1108 1491 enim
1144 1456 1358 1509 regnum
1391 1439 1660 1494 caelorum.
1702 1442 1905 1511 Cujus-

335 1528 481 1581 modi
514 1529 943 1583 cohortationem
988 1533 1066 1582 vel
1113 1531 1354 1585 nondum
1379 1542 1559 1597 antca,
1603 1536 1683 1588 vel
1722 1535 1905 1591 minus

333 1620 530 1675 crebro
587 1634 654 1674 ac
710 1620 1056 1675 vehementer
1108 1632 1420 1693 usurparet,
1454 1626 1599 1694 quod
1647 1641 1766 1680 eam
1801 1627 1906 1682 sibi

333 1709 571 1767 Joannes
601 1711 955 1780 prtedicauda:
1003 1715 1336 1782 pmoiteutiaa
1381 1717 1722 1785 provinciam
1760 1719 1907 1773 velut

335 1810 609 1878 propriam
657 1824 720 1861 ac
749 1809 1075 1877 peculiarem
1121 1811 1465 1878 sumpsisset.
1499 1810 1664 1877 Nihil,
1687 1814 1902 1882 opinor,

2009 623 2170 678 Venit
2205 636 2376 681 mater
2408 643 2531 683 cum
2565 627 2840 689 fratribus,
2883 624 3049 678 Marc.
3101 638 3184 683 ιιι,
3231 621 3331 686 '51;
3383 619 3576 675 Matth.

2008 729 2107 777 χιι,
2144 714 2233 769 16.
2274 715 2411 770 Tum
2471 717 2752 787 egrediens
2783 716 2945 770 domo
3006 713 3074 766 ad
3123 727 3273 764 mare
3311 710 3576 778 pervenit.

2016 802 2114 858 Ubi
2160 807 2470 875 parabolam
2513 807 2790 870 sementis,
2817 815 2869 859 et
2891 805 2994 858 alia
3024 801 3270 872 quaedam
3303 800 3576 866 edisserit,

2011 898 2178 956 Mare.
2219 917 2290 964 ιγ,
2325 900 2518 956 Matth.
2562 917 2658 955 xm
2687 919 2700 954 :
2744 916 2808 954 ac
2842 898 2980 952 forte
3003 899 3165 952 etiam
3191 911 3313 965 quae
3334 893 3465 948 Luc.
3501 910 3578 960 ιιι,

2008 993 2098 1057 55,
2147 993 2419 1063 leguntur.
2473 993 2689 1048 Interim
2712 991 2957 1047 nonnulli
2996 989 3063 1044 ad
3102 988 3378 1043 Christum
3422 1000 3580 1040 acce-

2007 1087 2163 1146 dunt,
2201 1101 2266 1140 ac
2287 1085 2439 1155 sequi
2475 1101 2534 1140 se
2561 1085 2698 1140 velle
2719 1083 3060 1154 proﬁtentur,
3088 1080 3278 1134 Matth.
3321 1094 3441 1146 γιιι,
3488 1077 3579 1132 18.

2010 1175 2146 1232 Post
2180 1177 2233 1230 in
2263 1178 2429 1231 altum
2463 1186 2684 1232 evectus
2710 1174 3001 1245 procellam
3051 1173 3225 1235 sedat,
3284 1171 3450 1226 Marc.
3503 1186 3578 1225 ιγ.

2009 1267 2264 1338 Trajecto
2303 1269 2442 1322 freto
2483 1268 2536 1322 in
2571 1267 2972 1322 Gerasenorum
3014 1279 3146 1336 agro
3179 1263 3576 1318 daemoniacqu

2007 1360 2222 1423 liberat,
2256 1358 2448 1414 Matth.
2482 1375 2602 1420 γιιι,
2656 1361 2822 1412 Marc.
2871 1374 2924 1414 γ.
2992 1355 3225 1410 Rediens
3268 1353 3580 1423 archisyna-

2008 1451 2130 1521 gogi
2167 1449 2328 1504 ﬁliam
2366 1460 2538 1511 curat,
2590 1459 2706 1503 tum
2756 1449 3044 1517 sanguinis
3098 1445 3368 1516 proﬂuvio
3427 1444 3577 1496 labo-

2009 1550 2242 1603 rantem,
2276 1540 2466 1593 Matth.
2495 1556 2570 1598 Ix.
2602 1539 2768 1593 Marr.
2793 1557 2845 1603 γ,
2876 1539 3140 1593 Luc.vtu.
3168 1536 3432 1606 Egressus
3455 1535 3579 1588 inde

2009 1634 2060 1687 in
2095 1633 2324 1703 patriam
2363 1633 2515 1695 abiit,
2557 1631 2717 1686 Marc.
2762 1648 2836 1694 γι,
2892 1629 3078 1685 Matth.
3116 1643 3228 1682 xui.
3291 1626 3579 1696 Apostolos

2010 1721 2170 1776 binos
2219 1736 2342 1774 cum
2377 1719 2713 1789 amplissima
2759 1728 3022 1790 potestate
3075 1718 3258 1781 mittit,
3297 1715 3462 1770 Marc.
3501 1731 3576 1780 γι,

2011 1811 2144 1868 Luc.
2193 1829 2268 1866 ix.
2323 1811 2542 1866 Interim
2598 1811 2838 1866 Herodes
2883 1827 3005 1866 cum
3058 1811 3224 1864 multa
3277 1810 3342 1863 de
3375 1807 3580 1862 Christi

340 1901 442 1954 hac
503 1912 691 1955 nostra
749 1901 1060 1969 conjectura
1121 1902 1249 1970 tingi
1304 1904 1640 1972 probabilius
1705 1915 1900 1974 potest.
1936 1895 1976 1950 Β
2010 1906 2276 1976 prodigiis
2303 1906 2622 1975 accepisset,
2654 1904 2920 1960 Joannem
2962 1920 2991 1958 a
3031 1903 3257 1957 mortuis
3284 1903 3578 1956 excitatum

337 1989 491 2046 Nunc
520 2002 576 2046 ιιι
623 1991 909 2061 Epiphanii
944 1999 1298 2060 veterumque
1329 1992 1394 2047 de
1433 1995 1608 2048 tribus
1663 1993 1906 2050 Pascha-

337 2085 486 2139 tibus
519 2083 702 2152 Opinio
743 2083 917 2154 magis
955 2083 1274 2149 illustretur,
1316 2085 1533 2139 brevem
1587 2086 1916 2155 evangelica:

338 2177 670 2240 narrationis
703 2177 898 2231 seriem
931 2178 998 2232 ad
1033 2177 1246 2232 illorum
1279 2177 1563 2232 intervalla
1593 2177 1844 2248 dirigam.

340 2289 801 2362 Evangelistarum
833 2292 1105 2362 narratio,
1139 2291 1207 2344 ad
1271 2289 1560 2360 Epiphanii
1596 2293 1910 2345 sententiam

537 2363 599 2416 de
630 2362 796 2416 tribus
831 2361 1186 2417 Paw/tatibus
1224 2365 1674 2416 accommodatur.

409 2453 548 2512 Post.
573 2455 900 2526 baptismum
932 2467 985 2511 et
1018 2473 1091 2510 χι.
1116 2458 1326 2514 dierum
1347 2457 1616 2527 jejunium
1641 2471 1709 2510 ea
1735 2457 1911 2511 couti-

339 2556 550 2614 geruut,
595 2562 717 2615 qua:
746 2544 905 2600 Joan.
938 2565 954 2601 ι
992 2547 1166 2616 capite
1198 2558 1490 2605 narrantur
1521 2547 1587 2601 de
1625 2547 1906 2616 apostolo-

337 2652 457 2690 rum
481 2638 783 2698 vocatione.
809 2636 939 2692 lude
966 2638 1167 2707 nuptia:
1195 2637 1248 2691 iu
1275 2638 1424 2692 Cana
1451 2636 1683 2692 Galilzeze
1709 2636 1908 2691 Joann.

337 2743 377 2780 ιι
414 2744 586 2798 usque
615 2729 681 2783 ad
707 2744 919 2785 comma
988 2730 1071 2794 15,
1099 2731 1318 2799 quando
1363 2729 1750 2799 Capharnaum
1783 2745 1907 2784 cum

341 2819 456 2873 suis
491 2818 770 2888 profectus
799 2829 898 2875 est.
940 2818 1042 2876 Ubi
1070 2836 1192 2885 cum
1219 2820 1408 2890 paucis
1438 2819 1632 2874 diebus
1663 2819 1911 2874 haesisset

338 2907 611 2976 Galilaeam
637 2911 790 2975 obiit,
833 2911 1017 2980 ibique
1051 2911 1359 2980 prmdicavit
1396 2909 1747 2980 Evangelium
1771 2909 1906 2966 Luc.

341 3017 414 3062 ιγ,
440 3016 586 3070 com.
616 2999 702 3067 14,
736 2998 1101 3055 Nazarethum
1157 3000 1332 3068 petiit,
1367 3000 1460 3054 ubi
1515 2999 1908 3070 propemodum

341 3107 371 3144 a
421 3091 630 3146 civibus
689 3093 905 3146 occisus
936 3101 1047 3150 εει..
1097 3091 1224 3148 Post
1259 3093 1372 3147 haec
1417 3091 1694 3162 apostolos
1727 3091 1911 3144 denuo

339 3182 754 3246 vocavit,Marc.
792 3200 830 3251 ι,
869 3183 953 3239 16.
987 3183 1293 3254 iterumque
1321 3197 1620 3238 conscensa
1660 3181 1782 3234 navi
1812 3180 1911 3234 Pe-

339 3283 483 3334 trum
520 3290 583 3328 ac
612 3283 839 3328 Caeteros
871 3273 938 3328 ad
993 3289 1110 3327 sese
1147 3272 1436 3343 pertraxit.
1489 3270 1626 3325 Tum
1665 3270 1910 3340 Caphar-

339 3386 502 3432 uaum
539 3369 704 3432 venit,
737 3367 903 3424 Marc.
961 3387 997 3435 ι,
1028 3370 1118 3431 21,
1149 3369 1282 3424 Luc.
1326 3385 1398 3434 IV,
1427 3369 1514 3423 51.
1553 3367 1651 3422 Ubi
1687 3368 1741 3422 in
1782 3384 1910 3440 syn-

338 3482 503 3536 agoga
558 3468 952 3522 ammoniacum
997 3476 1154 3520 curat
1195 3483 1207 3519 :
1251 3465 1375 3520 inde
1404 3464 1547 3520 Petri
1580 3481 1818 3530 socrum,
1847 3481 1911 3521 ac

340 3558 638 3628 leprosum.
691 3557 950 3628 Sequitur
1017 3557 1254 3612 Matthaei
1311 3559 1542 3623 vocatio,
1580 3557 1771 3612 Matth.
1833 3574 1908 3624 Ix,

341 3649 506 3718 Marc.
541 3665 602 3712 lt,
643 3649 770 3706 Luc.
803 3668 852 3704 γ.
887 3651 1000 3706 Sub
1035 3652 1147 3706 haec
1179 3650 1494 3706 accedentes
1543 3650 1771 3706 Joannis
1822 3650 1908 3704 di-

343 3743 536 3813 scipuli
571 3758 696 3797 cum
733 3742 1024 3799 Pharisaeis
1070 3745 1417 3812 expostulant
1459 3759 1579 3798 cum
1618 3760 1705 3807 eo,
1761 3746 1909 3813 quod

344 3836 516 3905 ipsius
556 3836 806 3904 discipuli
861 3837 1082 3891 miuime
1128 3837 1458 3906 jejunareut.
1499 3835 1624 3892 Inde
1674 3838 1911 3906 primum
1957 3865 1960 3867 λ

342 3926 550 3988 Pascha
587 3936 710 3998 post
739 3928 1067 3998 baptismum
1095 3927 1253 3982 Joan.
1279 3945 1337 3983 ιι.
1375 3926 1606 3984 Necesse
1637 3937 1721 3983 est
1763 3930 1912 3983 enim

344 4020 533 4074 multis
591 4028 750 4074 antea
807 4021 1083 4075 miraculis
1143 4021 1345 4084 editis,
1406 4037 1471 4074 ac
1529 4021 1916 4089 praedicatione

345 4118 520 4180 empta
555 4109 817 4165 claruisse
847 4109 1160 4175 Dominum,
1220 4122 1277 4165 ut
1303 4127 1368 4165 ex
1395 4111 1678 4166 Nicodemi
1709 4112 1916 4165 oratio-

345 4225 415 4265 ne
442 4211 737 4281 colligitur.
779 4209 884 4264 Per
913 4210 1132 4265 eosdem
1178 4210 1464 4265 Paschalis
1500 4211 1616 4265 dies
1663 4209 1917 4266 Christus

349 4304 717 4375 negotiatores
757 4320 786 4356 a
821 4303 1023 4373 templo
1071 4305 1366 4358 submovit.
1410 4303 1627 4358 Postea.
1652 4318 1780 4358 vero
1821 4319 1918 4372 per

347 4407 464 4450 sata
500 4397 719 4452 transiit
745 4395 938 4450 Matth.
976 4412 1074 4459 xu,
1105 4397 1158 4459 1,
1185 4396 1351 4452 Marc.
1385 4413 1444 4460 ιι,
1471 4397 1562 4462 25,
1585 4395 1716 4451 Luc.
1750 4413 1824 4461 γι,
1862 4396 1913 4450 1.

349 4488 666 4558 Sequuntur
723 4497 874 4558 gesta
926 4485 1116 4540 Matth.
1187 4504 1262 4542 xu
1329 4488 1396 4542 ad
1453 4488 1531 4542 21.
1559 4504 1794 4542 comma.
1853 4487 1920 4542 Et

2011 2006 2186 2069 putat,
2215 2005 2270 2052 et
2301 1997 2450 2051 illum
2487 1995 2668 2050 videre
2709 1997 2910 2065 gestit:
2961 2005 3015 2048 at
3061 1995 3106 2048 is
3152 2008 3270 2048 sese
3304 1992 3574 2048 subducit.

2011 2091 2191 2156 Quare
2219 2089 2323 2145 sub
2350 2090 2466 2144 haec
2500 2098 2744 2158 tempora
2771 2087 3034 2142 Joannem
3082 2085 3423 2139 iuterl‘ccurm
3458 2099 3580 2139 esse

2011 2181 2268 2236 credibile
2293 2191 2397 2236 est.
2423 2180 2502 2234 Ad
2541 2179 2786 2234 eamdem
2809 2178 3006 2233 Christi
3052 2177 3231 2247 fugam
3272 2176 3447 2232 refero
3486 2191 3578 2232 ca-

2011 2285 2109 2345 put
2141 2291 2191 2329 ιγ
2223 2273 2470 2335 Joannis,
2498 2289 2623 2328 cum
2648 2271 2834 2326 relicta
2865 2270 3047 2324 Judaea
3080 2271 3132 2323 in
3162 2270 3439 2324 Galilaram
3489 2285 3576 2324 se-

2011 2366 2213 2433 cessit;
2257 2382 2366 2434 quo
2398 2366 2451 2419 in
2516 2365 2707 2418 itinere
2773 2379 2894 2417 cum
2953 2362 3290 2416 Samaritana
3356 2362 3581 2416 muliere

2012 2459 2318 2512 collocutus
2346 2464 2450 2509 est.
2511 2455 2691 2520 Quare
2740 2454 2920 2506 hiatus
2983 2453 3171 2521 ingens
3211 2460 3316 2506 est
3343 2452 3580 2504 historiae

2011 2551 2154 2603 inter
2185 2564 2302 2618 cap.
2343 2563 2402 2601 ιιι
2429 2556 2482 2600 et
2508 2562 2558 2600 ιγ
2585 2544 2766 2610 Joan.,
2797 2545 2942 2614 quod
2979 2543 3174 2611 prioris
3203 2544 3331 2596 anni
3371 2560 3458 2597 res
3488 2560 3582 2613 ge-

2012 2651 2127 2696 stas
2159 2639 2506 2710 evangelista:
2539 2636 2732 2707 reliqui
2768 2635 3180 2690 accuratissime
3210 2635 3580 2704 scripsissent.

2012 2732 2190 2800 Caput
2215 2745 2343 2785 vero
2382 2746 2433 2784 γι
2464 2745 2588 2784 cum
2641 2744 2696 2782 ιγ
2755 2742 3061 2782 connexum
3127 2734 3251 2780 est:
3303 2741 3426 2780 nam
3461 2736 3584 2796 ροδι

2013 2824 2104 2878 illa
2143 2822 2330 2878 omnia
2370 2822 2436 2875 ad
2467 2819 2668 2876 festum
2699 2819 2973 2889 quoddam
3015 2817 3268 2873 Christus
3315 2819 3581 2878 accessit.

2011 2915 2160 2986 quod
2230 2930 2260 2968 a
2307 2913 2571 2969 Paschate
2620 2912 2765 2967 haud
2820 2912 2978 2977 longe
3029 2911 3250 2965 aberat:
3323 2911 3583 2965 nimirum

2012 3006 2261 3072 Phurim,
2289 3015 2384 3062 aut
2411 3005 2560 3060 aliud
2603 3005 2915 3076 quodpiam.
2952 3003 3210 3074 Sequitur
3257 3007 3584 3060 miraculum

2013 3099 2240 3170 ingens,
2297 3114 2422 3154 cum
2464 3097 2705 3168 quinque
2767 3097 2934 3151 millia
2995 3096 3276 3151 hominum
3350 3097 3585 3166 panibus

2013 3192 2262 3261 quinque
2298 3197 2353 3244 et
2399 3189 2642 3259 piscibus
2683 3188 2894 3243 duobus
2943 3188 3226 3254 saturavit,
3279 3183 3438 3242 Joan.
3494 3203 3609 3257 γι..

2017 3283 2208 3338 Matth.
2254 3297 2366 3348 xw,
2389 3279 2554 3336 Marc.
2591 3296 2666 3345 γι,
2706 3278 2838 3334 Luc.
2887 3295 2940 3333 ix
2973 3280 3244 3350 :quando
3267 3281 3489 3341 veritus,
3519 3295 3588 3338 ne

2013 3395 2106 3432 rex
2148 3394 2178 3432 a
2213 3376 2368 3448 plebe
2397 3376 2570 3439 ﬁeret,
2606 3376 2832 3430 secessit
2862 3375 2916 3428 iu
2974 3386 3234 3439 montem,
3263 3383 3317 3428 et
3353 3375 3478 3429 inde
3531 3374 3586 3428 in

2014 3471 2395 3540 Capharnaum
2427 3467 2750 3531 transmisit,
2783 3481 2892 3535 quo
2937 3467 3099 3520 etiam
3143 3475 3384 3535 tempore
3424 3480 3589 3533 super

2015 3575 2187 3631 aquas
2214 3558 2531 3614 ambulavit.
2569 3556 2683 3613 Sub
2724 3556 2864 3610 idem
2917 3566 3130 3627 tempus
3165 3557 3347 3611 habita
3389 3565 3475 3610 est
3520 3553 3588 3608 ad

2017 3656 2277 3727 p0pulum
2320 3654 2404 3708 illa
2432 3652 2750 3723 disputatio,
2783 3667 2904 3721 quae
2935 3649 3094 3706 Joan.
3138 3666 3192 3704 γι
3243 3648 3585 3704 describitur.

2027 3749 2155 3804 lude
2215 3749 2268 3803 in
2300 3755 2496 3802 terram
2530 3744 2864 3800 Grnezareth
2908 3742 3202 3813 profectus.

2090 3840 2349 3909 Sequitur
2373 3838 2584 3894 Pascha
2612 3837 2910 3892 secundum
2940 3837 3096 3890 Joan.
3121 3853 3197 3900 γι,
3226 3836 3278 3888 Il.
3315 3833 3452 3890 Hinc
3499 3835 3588 3888 illa

2017 3947 2141 3988 cum
2169 3929 2458 3984 Pharisaais
2483 3928 2784 3990 altercatio,
2808 3927 2993 3981 Matth.
3030 3943 3121 3991 xv,
3149 3925 3314 3978 Marc.
3355 3941 3425 3977 γι.
3463 3923 3592 3978 Post

2021 4027 2075 4079 in
2109 4023 2402 4096 Tyriorum
2437 4022 2901 4091 Sidoniorumque
2933 4021 3067 4074 ﬁnes
3121 4017 3396 4088 profectus
3445 4018 3589 4071 Cha-

2020 4124 2224 4164 nansea:
2251 4108 2417 4163 tiliam
2447 4116 2625 4174 curat,
2662 4124 2761 4162 nec
2800 4125 2906 4161 non
2940 4118 2994 4162 et
3021 4107 3414 4160 dsemouiacum
3472 4121 3592 4158 mu-

2021 4209 2160 4263 tum,
2199 4215 2264 4254 ac
2296 4199 2521 4255 surdum
2563 4199 2630 4252 ad
2662 4213 2810 4252 mare
2841 4198 3090 4260 Galilmte,
3124 4195 3342 4266 quando
3401 4194 3594 4249 Phari-

2021 4291 2117 4348 saei
2144 4291 2539 4347 calumniantes
2573 4291 2629 4344 in
2655 4291 3109 4345 Beelzebubticri
3162 4290 3263 4344 ista
3311 4289 3587 4343 dixerunt.

2022 4383 2180 4451 Quod
2211 4383 2432 4454 quidem
2469 4383 2552 4437 bis
2590 4382 2814 4436 omnino
2839 4382 3102 4452 contigit:
3135 4381 3369 4450 primum
3403 4379 3588 4433 Matth.

2027 4494 2104 4541 ix,
2130 4476 2298 4532 Marc.
2330 4492 2410 4542 ιιι,
2448 4473 2648 4530 deinde
2681 4471 2870 4528 Matth.
2909 4489 2981 4526 xu
3021 4485 3074 4526 et
3122 4471 3287 4526 Marc.
3316 4487 3408 4536 γιι,
3457 4469 3588 4524 Luc.

345 4579 514 4634 Marc.
545 4592 603 4632 ιιι
664 4594 836 4648 usque
859 4578 926 4632 ad
956 4578 1023 4632 1'5
1045 4577 1370 4643 com.,.Luc.
1401 4595 1450 4632 vi
1484 4581 1550 4633 ad
1585 4579 1914 4633 1°2comma.
1950 4585 1993 4639 ι)
2027 4589 2102 4625 κιο
2143 4569 2550 4638 SUbjiCiendum
2581 4568 2664 4622 llis
2691 4566 2947 4622 Onlllibus
2975 4565 3229 4620 estaliud
3259 4563 3588 4634 protligium.

346 4671 591 4742 Apostoli
614 4671 869 4741 deinceps
901 4671 1171 4742 eliguntur
1199 4671 1363 4726 Marc.
1396 4689 1455 4726 ιιι
1507 4688 1536 4726 a
1581 4688 1780 4727 comm.
1852 4675 1919 4728 13

347 4765 415 4817 ad
453 4763 541 4828 19,
577 4763 708 4818 Luc.
774 4779 822 4818 γι
857 4779 887 4818 a
929 4763 996 4817 12
1027 4763 1094 4818 ad
1134 4764 1222 4829 16,
1256 4763 1445 4818 Matth.
1484 4781 1513 4817 x
1568 4773 1678 4818 toto
1723 4767 1916 4835 capite.

348 4849 542 4904 Postea
568 4849 763 4918 partim
795 4849 1091 4911 inimoute.
1136 4849 1330 4917 partim
1373 4849 1426 4903 iu
1468 4849 1587 4902 loco
1631 4851 1923 4920 campestri

348 4940 533 4994 varios
585 4953 865 4996 sermones
915 4939 1196 5005 instituit;
1239 4956 1377 5009 quos
1426 4957 1623 5012 magna
1656 4959 1721 4996 ex
1771 4955 1923 5012 parte

349 5032 634 5088 Matthaeus
655 5034 972 5103 anticipavit
995 5048 1115 5102 cap.
1146 5049 1217 5099 γι,
1247 5043 1300 5087 et
1322 5032 1453 5089 Luc.
1477 5051 1550 5088 γι.
1572 5033 1924 5090 Centurionis

350 5125 544 5182 deinde
577 5141 792 5180 servum
831 5127 1071 5180 amorbo
1102 5128 1293 5180 liberat
1328 5124 1460 5180 Luc.
1488 5143 1563 5181 vu
1595 5127 1680 5188 a,1
1720 5141 1919 5180 eorum.

353 5219 418 5273 ad
477 5219 567 5282 10,
615 5217 802 5274 Matth.
846 5234 943 5272 γιιι
1003 5235 1034 5273 a
1081 5220 1114 5272 5
1163 5218 1231 5272 ad
1311 5221 1398 5272 10.
1460 5217 1599 5272 Tum
1642 5218 1814 5272 vidua:
1864 5219 1926 5271 li.-

356 5313 484 5366 lium
509 5311 575 5366 ad
606 5310 864 5380 oppidum
892 5307 1068 5372 Naim.
1121 5310 1252 5364 Luc.
1293 5326 1364 5364 vu
1427 5325 1454 5362 a
1494 5325 1696 5364 comm.
1753 5309 1818 5362 η
1856 5309 1923 5362 ad

356 5401 448 5460 18.
481 5400 626 5455 inter
662 5402 778 5455 hare
809 5398 1049 5455 Joannes
1105 5402 1216 5470 jam
1275 5401 1329 5454 iu
1384 5416 1658 5455 carcerem
1722 5400 1926 5454 missus

353 5493 655 5561 discipulos
682 5495 747 5544 ad
777 5491 1051 5544 Christum
1079 5493 1294 5558 allegat,
1359 5489 1492 5550 Luc.
1529 5507 1618 5547 γιι,
1644 5508 1674 5544 a
1723 5505 1922 5544 comm.

358 5585 425 5640 19
459 5587 526 5640 ad
561 5584 652 5648 55,
683 5582 872 5638 Matth.
911 5600 988 5638 χι.
1022 5584 1283 5654 Sequitur
1328 5583 1645 5654 peccatricis
1680 5585 1927 5639 mulieris

355 5676 590 5732 oilicium
620 5675 840 5730 Christo
873 5675 1195 5743 praestitum,
1238 5675 1370 5730 Luc.
1426 5692 1522 5739 vu,
1589 5691 1792 5732 comm.
1835 5677 1924 5731 57.

357 5767 486 5822 inde
514 5767 736 5826 domum
769 5769 933 5832 venit,
971 5765 1136 5823 Marc.
1182 5783 1264 5829 ιιι,
1304 5766 1394 5820 20.
1438 5765 1774 5821 Daemouium
1805 5784 1927 5821 mu-

356 5871 471 5919 tum
503 5862 669 5932 ejicit,
706 5861 838 5917 Luc.
878 5878 950 5928 XI,
986 5861 1070 5930 14,
1102 5861 1290 5916 Matth.
1325 5876 1420 5926 xu,
1455 5860 1544 5914 22.
1585 5859 1929 5916 ΙιΙΘυΡΙιιπὶ-

2023 4679 2148 4718 cum
2179 4672 2413 4732 quatuor
2438 4660 2723 4714 hominum
2781 4658 2948 4712 millia
2996 4666 3200 4726 septem
3241 4656 3474 4726 panibus
3501 4669 3591 4710 sa-

2025 4756 2196 4820 tiavit,
2229 4754 2418 4809 Matth.
2460 4768 2548 4815 xv,
2576 4749 2743 4804 Mare.
2785 4765 2899 4803 γιιι.
2935 4749 3058 4802 lude
3078 4748 3130 4801 in
3166 4759 3346 4817 partes
3379 4745 3594 4800 Dalma-

2025 4849 2198 4904 nutba
2222 4845 2610 4918 proﬁciscitur,
2637 4841 2802 4897 Marc.
2837 4857 2954 4907 γιιι,
2976 4841 3064 4895 ubi
3091 4838 3344 4894 Pharisaai
3379 4840 3592 4909 signum

2026 4953 2296 5013 quaerunt,
2324 4934 2524 4995 Matth.
2555 4955 2666 5003 xvi,
2705 4936 2836 4990 Luc.
2889 4952 2940 4990 χι
2981 4954 2992 4988 :
3035 4935 3178 5004 quod
3227 4944 3284 4987 et
3338 4943 3462 4988 ante
3502 4949 3595 5002 pe-

2026 5039 2244 5099 tierant,
2307 5035 2494 5088 Matth.
2559 5048 2658 5085 xu.
2712 5029 2975 5083 lnvitatur
3007 5044 3038 5082 a
3083 5026 3378 5088 Pharisaao,
3441 5035 3495 5079 et
3542 5027 3594 5076 iu

2029 5127 2279 5198 pluribus
2325 5124 2562 5189 disserit,
2603 5123 2734 5176 Luc.
2760 5129 2836 5184 xl,
2868 5119 3057 5173 Matth.
3093 5133 3248 5171 χχιιι.
3275 5117 3400 5170 Abit
3449 5124 3598 5168 trans

2029 5216 2436 5280 fretum,Marc.
2494 5232 2612 5279 γιιι,
2655 5215 2742 5273 15,
2787 5211 2920 5265 Luc.
2972 5224 3071 5275 xu,
3124 5207 3310 5262 Matth.
3361 5223 3470 5260 χγι.
3523 5206 3598 5258 De

2029 5312 2272 5366 cavendo
2296 5309 2700 5362 Pharisaeorum
2737 5306 3008 5360 fermento
3036 5301 3313 5373 praecipit,
3346 5300 3594 5356 Bethsai-

2029 5405 2113 5459 (ιω
2145 5417 2348 5457 caecum
2383 5409 2561 5463 curat,
2598 5399 2764 5454 Marc.
2794 5414 2912 5462 γιιι,
2934 5397 3026 5450 2‘2.
3081 5395 3272 5450 Petrus
3300 5394 3598 5449 confessio-

2032 5512 2153 5550 nem
2177 5494 2310 5558 edit,
2341 5492 2516 5547 Marc.
2551 5509 2683 5556 γιιι,
2717 5491 2810 5556 ‘27,
2841 5490 3030 5545 Matth.
3063 5505 3174 5554 xvi,
3229 5485 3358 5540 Luc.
3397 5502 3471 5549 ix,
3513 5485 3595 5539 18.

2029 5585 2160 5640 Post
2187 5586 2302 5639 dies
2360 5601 2453 5637 γιιι
2504 5582 2588 5636 vel
2636 5598 2688 5634 vi
2737 5581 3178 5650 transﬁguratur,
3212 5574 3402 5630 Matth.
3466 5589 3597 5636 xvu,

2029 5677 2198 5732 Mare.
2232 5692 2308 5740 Ix,
2342 5675 2475 5730 Luc.
2510 5689 2581 5728 Ix.
2625 5672 2894 5728 Postridie
2933 5670 3231 5725 lunaticum
3263 5675 3437 5722 sanat.
3468 5661 3598 5716 Orta

2032 5768 2171 5821 inter
2205 5766 2482 5836 apostolos
2506 5765 2574 5818 de
2601 5763 2903 5832 principatu
2928 5755 3398 5819 contentio,Marc.
3419 5753 3602 5818 mw,

2034 5857 2166 5913 Luc.
2206 5873 2278 5912 Ix.
2307 5857 2384 5912 Ad
2419 5854 2764 5925 Scenopegia:
2796 5854 2994 5911 festum
3021 5869 3055 5916 ε,
3079 5852 3296 5908 Galilaea
3327 5848 3603 5922 profectus
