4054 6404
485 334 623 418 una

1558 359 1904 417 APPENDIX
1946 360 2584 422 DISSERTATIOBUII.

3595 369 3690 423 ΞΜ
3705 368 3745 424 6

488 471 953 543 Hierosolymam,
987 470 1147 527 Joan.
1190 488 1289 528 VII.
1326 470 1478 528 Unde
1516 474 1712 531 iterum
1728 493 1977 533 reversus
2012 479 2066 534 in
2098 484 2143 540 Α
2243 482 2323 537 Ad
2384 484 2531 539 hunc
2565 483 2786 538 modum
2851 483 3089 539 ordinari
3127 482 3434 552 evangetica
3492 486 3743 539 narratio

485 565 762 621 Caliltam
796 581 919 622 cum
950 567 1352 635 complerentur
1381 567 1497 622 dies
1529 569 1918 638 assumptionis
1939 569 2058 638 ejus

486 656 917 728 Hierosolymam
959 659 1136 721 rediit,
1174 657 1307 714 Luc.
1368 675 1445 726 Ix,
1486 660 1576 725 5|,
1611 660 1778 715 Marc.
1834 676 1891 727 x,
1948 660 2055 715 52:

486 765 597 819 quo
628 750 684 801 in
722 750 913 802 itinere
940 764 969 801 a
1008 746 1371 805 Samaritanis
1420 752 1571 805 urbis
1617 752 1765 806 aditu
1814 751 2061 823 prohibe-

486 852 594 896 tur.
623 839 874 894 Pharisasi
906 857 1027 894 cum
1055 856 1120 895 eo
1140 843 1205 896 de
1226 859 1394 898 uxore
1416 843 1731 899 dimittenda
1755 844 2057 913 disputant,

484 932 676 989 Matth.
711 950 823 997 xIx,
852 933 1015 989 Marc.
1067 951 1121 990 χ.
1173 933 1423 991 Parvulis
1474 938 1763 992 benedicit.
1804 936 2062 1008 Designat

486 1041 594 1082 xxx
647 1027 968 1097 discipulos.
1008 1026 1141 1083 Luc.
1182 1044 1233 1081 x.
1303 1027 1359 1083 ln
1413 1028 1678 1084 lineaeniis
1709 1040 1916 1085 tantum
1954 1045 2060 1084 non

487 1117 779 1187 lapidatur,
804 1117 961 1172 Joan.
990 1136 1044 1185 x,
1070 1120 1161 1174 ΞΘ..
1182 1119 1319 1173 Tum
1348 1119 1587 1175 Zebedmi
1618 1123 1849 1176 liliorum
1882 1130 2062 1191 postu-

488 1209 638 1273 latio,
696 1226 818 1265 cum
859 1222 985 1265 ante
1031 1210 1098 1265 de
1146 1210 1408 1266 Passione
1457 1212 1823 1278 disseruisset,
1864 1212 2056 1268 Matth.

490 1316 584 1363 xx,
617 1299 785 1355 Marc.
821 1317 874 1367 x,
910 1300 1041 1355 Luc.
1096 1316 1252 1356 xVIII.
1315 1300 1501 1358 Cacus
1530 1304 1596 1358 ad
1652 1302 2059 1359 Hierichuntem

489 1400 736 1446 sanatur.
769 1392 897 1447 Inde
923 1409 956 1448 a
996 1392 1255 1449 Zacchmo
1290 1394 1585 1464 publicano
1622 1393 1787 1449 domo
1835 1405 1887 1448 et
1928 1409 2063 1449 con-

491 1486 637 1538 vivio
676 1486 967 1556 excipitur,
1021 1486 1154 1542 Luc.
1196 1504 1309 1541 ιιι.
1362 1486 1443 1540 Ad
1497 1485 1678 1541 Maria:
1732 1496 1787 1541 et
1842 1486 2064 1542 Martha:

494 1578 790 1645 hospitium
834 1578 1072 1633 divertit.
1118 1579 1321 1634 Caetera
1367 1579 1431 1632 ad
1473 1577 1787 1634 Passionem
1839 1578 2055 1634 Domini

493 1678 644 1737 gesta
683 1684 747 1723 ex
786 1669 1115 1740 Evangeliis,
1147 1685 1210 1724 ac
1240 1670 1586 1740 potissimum
1620 1668 1847 1725 Joannis
1877 1680 2062 1740 aperta

493 1771 644 1823 sunt,
680 1760 783 1817 hoc
810 1772 889 1817 est
922 1763 986 1817 ad
1024 1764 1263 1828 tertium,
1284 1763 1397 1816 sive
1425 1762 1801 1835 σταυρώσιμον
1830 1762 2057 1818 Pascha.

2160 584 2364 645 potest,
2419 585 2521 629 aut'
2557 583 2617 629 ut
2666 576 2772 629 alia
2828 576 3163 646 singularum
3212 591 3397 630 rerum
3446 576 3742 645 dispositio

2162 668 2233 720 sit
2268 682 2333 721 ac
2380 665 2697 737 descriptio.
2748 664 2935 736 Neque
2978 668 3123 722 enim
3181 679 3436 723 accurate
3480 667 3640 721 modo
3672 668 3738 721 in

2162 754 2405 808 ordinent
2442 756 2619 825 ipsum
2673 755 3018 824 inquirimus.
3074 757 3310 825 Apparet
3360 766 3537 810 tamen
3577 771 3733 811 com-

2163 846 2481 899 modissime
2522 861 2609 899 res
2654 862 2685 899 a
2730 845 2952 901 Christo
3005 860 3183 916 gestas
3234 848 3431 917 triplici
3468 846 3734 902 Paschate

2162 935 2414 990 concludi
2442 955 2453 989 :
2487 936 2723 1005 primum
2752 936 2951 992 accidit
2987 953 3131 992 anno
3167 936 3387 992 Iuliano
3415 938 3500 1002 74,
3529 936 3731 991 Tiberii

2164 1045 2254 1096 xv,
2297 1029 2583 1084 neomenia
2627 1028 2797 1084 Nisan
2820 1046 2885 1084 ex
2907 1028 3135 1084 Iudaico
3160 1030 3312 1099 cyclo
3339 1030 3533 1085 vitioso
3554 1029 3732 1084 Martii

2163 1138 2271 1177 xxx
2304 1122 2437 1177 l‘eria
2491 1137 2564 1185 Iv,
2598 1122 2751 1193 cyclo
2799 1122 2940 1177 lana:
2984 1138 3071 1186 xI,
3102 1122 3234 1177 solis
3285 1137 3316 1176 ι
3344 1160 3359 1183 .
3399 1123 3571 1191 prima
3614 1122 3736 1176 dies

2162 1216 2492 1285 Azymorum
2523 1213 2723 1282 Aprilis
2760 1228 2859 1267 χιιι
2899 1230 2913 1279 ;
2947 1213 3241 1268 secundum
3274 1211 3482 1267 Pascha
3518 1211 3736 1266 Juliano

2165 1304 2253 1366 75,
2300 1303 2502 1358 Tiberii
2559 1320 2663 1370 va,
2732 1318 2913 1359 neom.
2956 1302 3123 1359 Nisan
3175 1302 3351 1358 Martii
3408 1319 3495 1357 xIx
3551 1303 3645 1355 l’er.
3684 1318 3729 1360 I.

2165 1399 2339 1469 prima
2394 1398 2511 1453 dies
2566 1399 2895 1468 Azymorum
2932 1398 3065 1466 Apr.
3122 1412 3201 1462 II;
3257 1396 3475 1451 tertium
3524 1394 3731 1450 Pascha

2164 1506 2311 1544 anno
2336 1488 2554 1543 Juliano
2584 1490 2671 1545 76.
2703 1487 2869 1542 Nisan
2907 1487 3086 1543 Martii
3124 1504 3208 1553 Ix,
3266 1487 3399 1542 feria
3444 1502 3519 1548 vr,
3556 1487 3731 1555 prima

2163 1580 2279 1634 dies
2308 1580 2637 1650 Azytnorum
2662 1578 2840 1633 Martii
2874 1594 3037 1643 xxIII,
3070 1578 3205 1633 feria
3255 1593 3331 1644 νι,
3354 1592 3498 1632 anno
3531 1576 3731 1630 Tiberii

2164 1682 2397 1725 exeunte
2434 1688 2544 1725 xviI
2574 1670 2876 1727 secundum
2906 1670 3205 1733 Romanos,
3232 1670 3318 1723 vel
3353 1667 3573 1723 Judaice
3594 1681 3732 1722 xvut

2166 1779 2197 1817 a
2235 1762 2400 1818 Nisan
2442 1764 2721 1818 inchoato.

505 1894 3727 1921 *Μ*ψῇ

869 2046 974 2105 DE
1026 2046 1553 2109 PlENlTENTl/E
1611 2048 1931 2111 VETERE
1980 2048 2060 2107 IN
2110 2046 2487 2108 ECCLESIA
2542 2049 2902 2111 RATIONE
2958 2047 3363 2110 DIATRIBA.

1753 2171 1865 2236 (Ad
1902 2170 2007 2225 col.
2040 2170 2199 2234 1017,
2225 2179 2338 2226 not.
2376 2172 2459 2242 6.)

766 2420 897 2486 Qua:
934 2422 1094 2490 fuerit
1122 2419 1539 2473 Novatiauorum
1563 2421 1797 2476 heresis.

570 2514 964 2570 Erclesiastica‘.
1016 2514 1090 2568 rei
1142 2513 1545 2583 functionisque
1620 2518 1892 2584 praecipua
1942 2530 2071 2585 pars

499 2607 840 2679 pmnit'entia,
876 2608 1104 2675 ejusque
1151 2622 1251 2660 usu
1305 2614 1359 2659 et
1404 2604 1877 2661 administratione
1902 2606 2073 2659 conti-

501 2709 682 2755 netur.
716 2697 1011 2754 Testantur
1044 2699 1096 2753 id
1125 2698 1178 2752 in
1210 2698 1401 2768 primis
1432 2708 1615 2752 vetera
1657 2698 1841 2751 omnia
1889 2699 2073 2753 conci-

502 2793 598 2858 lia,
647 2801 699 2846 et
746 2789 847 2845 SS.
885 2788 988 2843 PP.
1025 2789 1265 2852 decreta,
1296 2789 1489 2858 quain
1520 2788 1622 2842 hac
1652 2802 1760 2841 una
1789 2803 1847 2844 re
1884 2787 2075 2856 guber-

502 2886 683 2941 nanda
715 2893 767 2939 et
802 2883 1175 2938 constituenda
1207 2883 1550 2953 potissimum
1590 2882 1873 2946 laborant,
1914 2897 1979 2936 ac
2007 2881 2076 2937 de

502 2977 883 3047 ptenitentium
940 2976 1111 3031 variis
1163 2976 1446 3031 ordinibus
1504 2987 1558 3031 et
1595 2976 1875 3047 gradibus,
1900 2976 2075 3046 deque

503 3068 844 3137 singulorum
900 3075 1184 3134 tempore,
1235 3068 1394 3122 modo
1444 3081 1509 3121 ac
1561 3068 1772 3122 ratione
1832 3066 2077 3122 studiose

505 3161 885 3232 priescribunt.
941 3158 1113 3225 Quam
1162 3160 1383 3229 quidem
1415 3160 1742 3216 Christiana:
1774 3161 2077 3231 disciplinae

506 3260 736 3323 partem,
767 3266 983 3319 unaque
1008 3260 1063 3305 et
1100 3250 1354 3306 Ecclesia:
1376 3260 1697 3320 potestatem
1736 3266 2074 3322 oppugnare,

508 3356 569 3400 ut
595 3345 721 3399 olim
753 3342 1059 3404 Novatiani.
1096 3345 1176 3399 sic
1200 3354 1472 3398 nostrates
1517 3344 1755 3399 haeretici
1792 3345 1940 3398 omni
1976 3360 2077 3414 ope

508 3456 573 3493 ac
611 3439 818 3493 ratione
866 3446 1151 3491 conantur.
1181 3435 1312 3501 Quae
1340 3437 1472 3492 mihi
1518 3453 1683 3493 causa
1712 3436 1850 3492 satis
1884 3438 2076 3492 idorn-a

507 3529 624 3583 visa
651 3534 757 3592 est,
779 3542 877 3581 cur
902 3527 971 3581 de
995 3527 1308 3597 paenitentia
1336 3528 1457 3597 ipsa
1484 3528 1550 3582 ad
1584 3529 1723 3584 hanc
1749 3528 2078 3583 Novatiauo-

510 3634 633 3673 rum
663 3617 909 3672 haeresim
936 3617 1150 3687 plenius
1170 3617 1373 3687 aliquid
1404 3619 1595 3672 vellem
1616 3620 1948 3691 uberiusque
1966 3621 2079 3675 dis-

2102 2430 2144 2485 Β
2177 2432 2279 2486 ret,
2304 2438 2333 2476 a
2360 2421 2595 2476 Cornelii
2626 2421 3015 2475 communione
3035 2418 3307 2479 discessit,
3345 2416 3438 2471 sed
3468 2431 3499 2469 e
3525 2424 3749 2469 contra-

2168 2517 2251 2572 rio
2280 2517 2426 2585 quod
2455 2516 2679 2569 nimiam
2713 2515 2835 2585 ejus
2877 2516 2932 2568 in
2968 2513 3076 2568 illis
3126 2509 3545 2566 reconciliandis
3568 2508 3749 2563 facil-i-

2172 2618 2335 2664 tatem
2364 2609 2749 2677 lenitatemque
2778 2608 3083 2662 damnaret.
3110 2604 3202 2659 Sic
3227 2603 3394 2673 igitur
3417 2600 3752 2657 Novatiano-

2171 2717 2291 2756 rum
2344 2710 2495 2755 secta
2533 2701 2602 2755 ab
2630 2699 2897 2753 ambobus
2931 2698 3037 2753 illis
3074 2696 3395 2751 auctoribus
3419 2692 3677 2763 profecta.
3714 2709 3753 2746 δ

2171 2791 2474 2861 posteriore
2512 2790 2835 2861 praesertim,
2868 2789 2976 2843 hoc
3001 2798 3086 2842 est
3123 2785 3450 2848 Novatiano,
3487 2799 3751 2852 magnum

2173 2885 2569 2938 incrementum
2600 2882 2831 2951 accepit.
2885 2879 2992 2934 Sed
3026 2878 3196 2933 Grzeci
3220 2918 3236 2943 ,
3279 2878 3356 2931 uti
3390 2876 3525 2937 dixi,
3555 2874 3754 2929 Patres

2173 2991 2343 3034 unum
2377 2975 2645 3029 duntaxat
2668 2983 2831 3029 sectae
2862 2972 3201 3029 conditorem
3229 2970 3538 3033 nominant,
3579 2968 3756 3022 Nora-

2175 3077 2291 3123 tum
2325 3069 2439 3123 sive
2470 3068 2743 3127 Ναυᾶτον,
2784 3064 3088 3119 Romanum
3113 3064 3526 3134 presbyterum:
3556 3075 3756 3129 quem-

2176 3161 2471 3214 admodum
2497 3159 2695 3213 Euseb.
2738 3158 2831 3212 lib.
2865 3174 2914 3210 γι
2951 3155 3116 3220 Ilist.,
3142 3171 3190 3209 c.
3212 3155 3317 3218 55;
3348 3152 3755 3209 Theodoretus.

2176 3251 2367 3321 Epiph.
2390 3252 2494 3305 hoc
2533 3251 2689 3314 loco;
2720 3249 3015 3311 Gregorius
3048 3245 3327 3307 Nazianz.,
3356 3244 3599 3312 adeoque
3647 3239 3757 3295 So-

2175 3352 2376 3405 crates,
2399 3340 2737 3395 Novatianus
2771 3348 2825 3393 et
2865 3339 3016 3407 ipse;
3056 3347 3110 3389 et
3134 3333 3447 3402 complures
3478 3331 3588 3383 alii.
3636 3328 3756 3382 lmo

2175 3436 2339 3490 etiam
2374 3448 2405 3487 e
2458 3430 2670 3485 Latinis
2699 3435 2931 3500 August.
2981 3426 3077 3481 lib.
3110 3426 3187 3479 De
3215 3424 3371 3487 hicn;
3407 3420 3752 3479 Philastrius.

2176 3527 2367 3581 Ambr.
2408 3526 2463 3579 in
2495 3524 2627 3578 libb.
2659 3523 2733 3577 De
2760 3539 2897 3592 paen.
2926 3519 3218 3591 Distinguit
3239 3531 3418 3572 autem
3449 3514 3758 3585 Cyprianus

2178 3620 2380 3691 passim
2406 3618 2460 3671 in
2497 3617 2681 3687 epist.,
2704 3625 2759 3671 et
2787 3615 3076 3677 Pacianus,
3112 3627 3179 3666 ac
3206 3608 3383 3664 Latini
3417 3620 3632 3668 omnes,
3658 3604 3757 3657 ("si

510 3725 713 3766 serere.
741 3707 925 3780 Neque
957 3726 1085 3765 vero
1131 3726 1253 3781 quae
1281 3712 1349 3766 ad
1382 3728 1500 3766 eam
1531 3713 1782 3776 attinent,
1822 3716 2078 3769 universa
2112 3772 2145 3781 _
2178 3711 2245 3767 de
2272 3712 2375 3765 hac
2404 3709 2592 3764 haeresi
2629 3708 2886 3762 subtilius
2914 3706 3277 3775 disputarunt.

510 3772 882 3870 complectar':
935 3801 1028 3855 sed
1062 3816 1125 3855 ea
1149 3772 1360 3857 scilicet
1391 3803 1649 3873 attingam
1675 3845 1691 3869 ,
1727 3772 1850 3874 quae
1874 3804 1942 3859 ad
1971 3804 2077 3860 Ca-
2104 3772 2147 3831 ο
2248 3801 2370 3857 1am
2396 3800 2683 3856 Novatiani
2738 3801 2935 3868 dogma
3001 3772 3163 3868 quale.
3208 3792 3375 3850 fuerit
3417 3787 3765 3859 Epiphanius

512 3890 798 3945 tbarorum
827 3890 1099 3956 haeresim,
1132 3901 1295 3960 atque
1327 3891 1612 3961 Epiphanii
1652 3894 2076 3964 disputationem

512 3982 891 4037 illustrandam
950 3984 1258 4038 necessaria
1310 3984 1579 4039 videntur.
1629 3984 1708 4039 Ac
1743 3978 1980 4055 primum
2011 3986 2079 4040 de

513 4075 659 4130 illius
688 4084 847 4130 sectae
904 4090 968 4129 ac
1017 4074 1328 4130 schismatis
1378 4087 1617 4143 auctore,
1647 4078 1821 4145 deque
1844 4077 1962 4147 ejus
1984 4077 2089 4132 ἀοι

513 4175 694 4238 gmate
724 4181 895 4237 pauca
925 4167 1171 4237 quaedam
1216 4183 1245 4221 e
1277 4167 1463 4222 multis
1496 4167 1712 4222 Iibanda
1741 4178 1887 4222 sunt.

586 4257 643 4312 ln
676 4273 783 4329 quo
808 4259 1094 4329 plerosque
1115 4268 1353 4313 veterum
1383 4258 1626 4319 Patrum,
1650 4276 1713 4314 ac
1737 4260 2081 4329 potissimum

513 4350 825 4435 Graecorum
858 4351 1141 4405 aberrasse
1166 4360 1383 4407 constat
1410 4370 1423 4405 :
1461 4353 1553 4421 qui
1573 4353 1713 4409 duos
1742 4362 1902 4409 sectae
1921 4355 2085 4424 hujus

514 4441 845 4497 architectos
894 4441 946 4494 in
983 4456 1151 4494 unum
1202 4441 1454 4505 miscent,
1495 4442 1856 4498 similitudine
1905 4444 2086 4497 norni-

516 4549 647 4589 num
685 4533 936 4602 decepti:
993 4531 1259 4610 Novatum
1318 4543 1372 4587 et
1425 4533 1806 4590 Novatianum.
1838 4535 2086 4602 Quorum

517 4622 607 4676 ille
632 4621 921 4677 Africanus
944 4623 1233 4693 episcopus
1257 4622 1392 4689 fuit;
1421 4626 1575 4695 cojus
1607 4627 1975 4696 turpissimam
2024 4644 2089 4683 ac

516 4714 1001 4785 ﬂagitiosissimam
1029 4716 1221 4782 vitam,
1253 4717 1497 4771 avaritia:
1530 4719 1742 4785 sordes,
1796 4720 2090 4775 crudelita-

517 4816 649 4871 tem,
679 4804 910 4861 nel’anda
954 4807 1242 4873 parricidia
1276 4808 1536 4861 describit
1562 4809 1865 4880 Cyprianus
1894 4826 1977 4879 ep.
1998 4811 2086 4866 49.

518 4898 665 4955 Idem
692 4915 842 4964 vero,
874 4915 998 4954 cum
1030 4900 1083 4953 in
1111 4900 1387 4968 lapsorum
1414 4902 1666 4970 gratiam,
1705 4917 1844 4972 quos
1871 4902 2093 4973 Cypria-

518 5008 624 5047 nus
650 4990 992 5045 diuturniore
1036 4992 1416 5061 severioreque
1436 4992 1722 5063 disciplina
1761 4994 2093 5049 coercendos

517 5082 852 5144 decreverat,
878 5081 1253 5138 Felicissimus
1274 5083 1555 5154 presbyter
1584 5083 1825 5139 schisma
1863 5084 2093 5141 conﬂas-

519 5183 622 5238 set,
662 5174 728 5228 ad
776 5174 941 5245 hujus
994 5175 1283 5230 faetionem
1348 5176 1724 5232 adhaerescens
1774 5176 2088 5233 Africanam

520 5268 575 5322 in
603 5268 791 5337 primis
815 5266 1111 5323 Ecclesiam
1134 5268 1472 5337 permiscuit.
1522 5266 1648 5323 Inde
1673 5268 1904 5323 Romam
1941 5271 2093 5323 navi-

520 5377 678 5431 gans,
710 5358 1069 5416 Novatianum
1096 5361 1205 5415 illic
1241 5361 1621 5431 presbyterum
1660 5360 1894 5429 reperit;
1927 5377 2095 5431 quem

522 5456 595 5510 ob
628 5458 906 5525 praelatum
937 5454 1040 5510 sibi
1070 5453 1384 5508 Cornelium
1412 5468 1607 5523 papam
1629 5452 1756 5506 odio
1782 5453 2095 5523 invidiaque

522 5549 841 5616 ﬂagrantem
892 5545 1350 5608 animadvertens,
1405 5543 1825 5598 communicatis
1869 5560 1994 5598 cum
2026 5558 2097 5597 eo

525 5638 793 5701 consiliis,
827 5636 969 5692 aliud
1008 5645 1061 5690 et
1085 5651 1115 5689 a
1149 5636 1335 5705 priore
1356 5634 1515 5700 longe
1540 5634 1816 5688 diversum
1851 5634 2095 5689 schisma

526 5725 789 5780 condidit.
824 5724 942 5780 Non
978 5726 1121 5780 enim
1153 5726 1426 5795 lapsorum
1474 5732 1534 5778 ut
1585 5740 1805 5779 causam
1853 5727 2096 5795 suscipe-

532 5828 634 5883 ret,
664 5833 862 5888 eosque
894 5818 1446 5888 quamprimum‘paci
1481 5828 1533 5873 et
1560 5817 1811 5873 Ecclesia:
1846 5818 2095 5873 restitue-

2179 3894 2363 3949 statim
2396 3894 2553 3948 initio
2584 3892 2807 3948 haeresis
2834 3891 3047 3959 aperit:
3082 3888 3343 3941 nimirum
3372 3880 3764 3953 pronuntiasse

2181 3986 2384 4055 ipsum,
2419 3985 2624 4038 nullam
2656 3983 2852 4038 salutis
2876 3997 3026 4051 spem
3078 3992 3367 4049 superesse
3397 3974 3584 4042 lapsis,
3609 3969 3765 4039 quod

2182 4091 2352 4129 unum
2381 4075 2647 4128 duntaxat
2668 4081 2815 4127 esset
2837 4070 3169 4141 pmuitentia:
3192 4082 3360 4138 genus
3386 4066 3438 4118 in
3462 4062 3763 4130 baptismo.

2182 4166 2336 4233 Quod
2374 4166 2445 4219 ita
2494 4164 2870 4219 Theodoretus
2927 4161 3210 4231 concipit:
3283 4158 3357 4230 μὴ
3396 4158 3592 4228 χρῆναι
3633 4156 3769 4220 τοὺς

2184 4258 2517 4329 ἀρνηθέντας
2571 4256 2843 4327 σωτηρίας
2880 4256 3086 4323 τυχεῖν.
3110 4250 3311 4307 Verum
3347 4265 3453 4304 non
3483 4264 3547 4303 ea
3591 4246 3770 4302 Nora-

2184 4350 2321 4404 tiaui
2349 4349 2538 4418 ομὶιιὶο
2567 4348 2700 4411 fuit,
2730 4362 2827 4402 eos
2852 4347 2946 4416 qui
2987 4345 3260 4416 gravioris
3306 4343 3515 4414 peccati
3557 4355 3768 4394 noxam

2186 4440 2589 4502 contraherent,
2639 4440 2708 4493 ab
2754 4440 2905 4493 omni
2963 4454 3060 4508 spe
3119 4436 3515 4506 consequentia:
3566 4434 3773 4487 salutis

2187 4533 2401 4587 excludi
2435 4550 2447 4585 :
2473 4546 2598 4585 nam
2626 4542 2674 4586 et
2708 4532 2832 4585 illos
2881 4531 2947 4584 ad
2969 4528 3358 4598 capessendam
3384 4525 3771 4596 penitentiam

2190 4626 2398 4681 hortari
2429 4625 2696 4687 solebant,
2737 4634 2791 4679 et
2821 4632 2882 4677 ut
2916 4623 3157 4678 divinam
3202 4620 3544 4677 clementiam
3586 4617 3777 4687 lacry-

2191 4720 2297 4773 mis
2339 4733 2405 4773 ac
2436 4717 2695 4772 sordibus
2722 4717 2983 4770 elicerent
3032 4712 3327 4768 identidem
3377 4708 3776 4765 admonebant.

2194 4808 2298 4862 Sed
2340 4809 2443 4862 hoc
2475 4822 2645 4861 unum
2702 4807 2993 4875 negabant,
3033 4802 3104 4859 ad
3156 4802 3413 4857 Ecclesia
3431 4815 3496 4855 ac
3526 4799 3777 4853 ﬁdelium

2192 4897 2635 4953 communionem
2669 4896 2835 4966 recipi
2864 4896 3101 4965 amplius
3151 4902 3435 4963 Oportere;
3468 4904 3646 4959 neque
3675 4904 3781 4957 pe-

2194 5007 2291 5045 nes
2314 4990 2611 5045 Ecclesiam
2636 4987 3025 5044 reconciliandi
3046 4987 3139 5056 jus
3161 4987 3335 5041 ullum
3354 5000 3420 5040 ac
3445 4992 3778 5052 potestatem

2122 5110 2171 5170 υ
2194 5097 2318 5137 esse
2340 5097 2352 5132 :
2374 5081 2574 5151 quippe
2598 5081 2813 5136 unicam
2832 5081 2979 5134 illam
3006 5089 3354 5149 peccatorum
3378 5073 3781 5143 indulgentiam

2197 5174 2250 5228 in
2291 5173 2439 5228 illius
2466 5173 2693 5227 arbitrio
2719 5171 2945 5236 versari,
2971 5186 3097 5241 qua:
3138 5185 3235 5239 per
3268 5168 3599 5237 baptismum
3636 5164 3783 5217 obti-

2200 5276 2378 5321 netur.
2398 5264 2777 5321 Declarathzec
2792 5263 3045 5319 Socrates
3071 5263 3164 5317 lib.
3187 5277 3262 5325 Iv,
3291 5275 3341 5314 c.
3362 5259 3461 5313 13:
3487 5254 3785 5326 ssripsisso

2199 5358 2449 5413 videlicet
2494 5355 2758 5410 Novatum
2806 5358 2927 5417 ταῖς
2975 5350 3252 5422 πανταχοῦ
3296 5345 3670 5418 Ἐκκλησιαις,
3700 5344 3782 5414 μὴ

2200 5449 2450 5519 δέχεσθαι
2480 5450 2608 5512 τοὺς
2657 5448 3043 5510 ὲπιτεθυκότας
3073 5448 3154 5509 εἰς
3191 5445 3262 5497 τὰ
3305 5443 3584 5514 μυστήρια
3603 5457 3618 5469 ·
3641 5440 3785 5493 ἀλλὰ

2204 5542 2531 5613 προτρέπειν
2576 5542 2673 5610 μὲν
2728 5541 2856 5602 τοὺς
2913 5541 2992 5602 εἰς
3023 5539 3331 5608 μετάνοιαν,
3361 5535 3459 5606 τὴν
3486 5534 3542 5586 δὲ
3564 5531 3786 5600 συγχώ-

2204 5650 2362 5705 ρησιν
2417 5633 2731 5704 ἐπιτρέπειν
2783 5630 2902 5701 Θεῷ
2947 5630 3024 5701 τῷ
3053 5630 3334 5701 δυναμένῳ
3392 5628 3486 5681 καὶ
3530 5625 3788 5691 ἐξουσίαν

2203 5725 2378 5796 ἔχοντι
2423 5729 2723 5797 συγχωρεῖν
2772 5726 3163 5795 ἁμαρτήματα.
3211 5722 3321 5778 Sed
3364 5731 3419 5776 ct
3454 5719 3793 5775 Ambrosius

2204 5816 2299 5873 lib.
2336 5836 2349 5872 I
2389 5817 2459 5871 Dc
2513 5820 2837 5884 panitmtm,
2863 5834 2909 5874 c.
2940 5818 2993 5880 2,
3031 5832 3155 5871 cum
3182 5820 3254 5871 ita
3294 5816 3419 5870 illos
3457 5812 3741 5881 redarguit
3772 5855 3789 5867 .
