4054 6404
336 465 470 522 1017

1250 471 1338 527 DE
1373 472 1854 532 ΡἝΝΙΤΕΝΤΙΕ
1895 476 2174 535 VETERE
2218 478 2619 535 DlSClPLlNA.

3454 486 3597 543 1018

331 586 473 654 Quid
512 596 688 639 autem
726 586 938 654 durius,
969 606 1130 659 quam
1161 601 1218 644 ut
1248 593 1487 647 indicant
1529 597 1909 665 paenitentiam,
1940 608 1987 663 Α
2016 600 2250 656 nendam
2277 599 2694 670 faciendamque
2738 601 3083 671 disciplinam
3115 602 3483 660 severioribus
3511 606 3597 660 in—

329 692 614 747 quamnon
636 676 899 743 relaxent,
921 697 1042 733 cum
1086 683 1266 753 utique
1308 686 1514 739 veniam
1552 689 1790 758 negando
1821 689 1907 743 itt-

327 771 591 823 centivum
638 771 885 841 auferant
934 777 1293 843 paenitentia?
1338 777 1508 832 Nemo
1558 781 1697 834 enim
1738 792 1906 846 potest

328 862 453 917 bene
481 880 633 932 agere
651 867 1031 934 paenitentiam,
1062 868 1168 921 nisi
1187 871 1280 939 qui
1314 872 1596 938 speraverit
1625 872 1905 941 indulgen-

328 956 482 1009 tiam.
526 954 661 1012 Haec
706 957 1053 1014 Ambrosius.
1083 958 1185 1025 Qui
1220 962 1379 1029 paulo
1419 971 1542 1030 post
1573 959 1905 1017 Novatiano-

322 1060 450 1100 rum
476 1045 727 1101 doctores
749 1046 824 1099 ait
876 1048 1054 1100 omnia
1088 1056 1303 1117 peccata
1339 1047 1637 1103 Stoicorum
1676 1052 1906 1121 quodam

326 1151 471 1189 more
507 1136 725 1205 paribus
769 1138 1062 1191 testimasse
1081 1141 1374 1202 mensuris,
1423 1140 1527 1195 hoc
1553 1150 1656 1207 est,
1710 1151 1769 1195 ut
1814 1157 1903 1196 se-

325 1227 514 1295 quenti
541 1228 718 1297 capite
752 1229 932 1291 docet,
959 1229 1110 1284 nullo
1142 1231 1432 1285 criminum
1453 1232 1660 1287 delectu
1692 1233 1901 1298 habito,

319 1319 579 1373 omnibus
613 1337 677 1374 ex
709 1337 864 1391 aequo
892 1323 1105 1376 veniam
1137 1338 1363 1393 negasse
1393 1343 1406 1378 :
1455 1325 1638 1395 itaque
1666 1326 1904 1381 sensisse

323 1410 613 1466 Novatum.
643 1411 932 1484 Perperam
962 1414 1130 1478 enim,
1163 1425 1224 1469 ut
1253 1417 1602 1481 monuimus,
1633 1415 1899 1473 Novatum

322 1518 423 1573 pro
447 1501 749 1560 Novatiano
775 1506 914 1561 solet
935 1523 1199 1578 usurpare
1225 1524 1239 1562 :
1272 1524 1398 1565 cum
1432 1511 1536 1566 hoc
1560 1550 1574 1574 ,
1607 1512 1753 1581 quod
1786 1514 1902 1583 ipse

318 1604 528 1659 narrat,
567 1595 870 1653 Novatiano
899 1601 1082 1669 potius
1121 1612 1409 1672 congruat,
1439 1604 1532 1673 qui
1573 1603 1771 1659 Stoicze
1816 1620 1901 1661 se-

317 1692 419 1739 ctae
473 1700 538 1740 ac
590 1686 947 1757 philosophia:
980 1704 1101 1745 sese
1150 1691 1450 1746 dediderat.
1502 1692 1572 1747 At
1615 1691 1899 1749 Novatiani

317 1777 564 1847 magistri
597 1780 682 1833 sui
713 1781 970 1835 acerbum
999 1782 1166 1836 nimis
1198 1791 1593 1855 austerumque
1619 1785 1898 1841 decretum

316 1885 380 1923 ea
407 1871 778 1927 moderatione
808 1882 1200 1944 temperarunt,
1243 1888 1300 1933 ut
1323 1878 1668 1949 gravioribus
1697 1877 1897 1933 dunta-

317 1972 410 2017 xat
445 1961 767 2019 criminibus
788 1966 1001 2020 veniam
1030 1978 1313 2038 negarent,
1329 1946 1644 2026 levioribus
1687 1970 1896 2025 tribue-
1925 1946 1968 2004 Β

317 2062 459 2110 rent.
492 2054 586 2111 Sic
634 2056 778 2111 enim
829 2057 1152 2116 Ambrosius
1188 2075 1204 2113 :
1252 2058 1354 2115 Sed
1388 2061 1540 2114 aiunt
1569 2077 1622 2115 se
1666 2062 1894 2130 exceptis

315 2150 647 2222 gravioribus
699 2153 1010 2208 criminibus
1052 2156 1292 2209 relaxare
1338 2156 1545 2210 ueniam
1587 2154 1892 2210 levioribus.

320 2242 444 2297 Non
474 2243 569 2298 hoc
611 2246 821 2315 quidem
845 2256 1034 2301 auctor
1062 2250 1223 2301 vestri
1259 2249 1457 2301 erroris
1494 2246 1774 2311 Novatus;
1803 2249 1894 2318 qui

315 2336 511 2390 nemini
532 2338 895 2404 paenitentiam
926 2339 1161 2392 dandam
1190 2341 1416 2407 putarit,
1454 2356 1516 2393 ea
1541 2340 1740 2393 scilicet
1770 2356 1894 2392 con-

318 2429 653 2498 templatione
678 2471 693 2495 ,
745 2440 803 2484 ut
853 2431 992 2500 quod
1031 2432 1139 2501 ipse
1182 2448 1287 2485 non
1319 2443 1490 2501 posset
1526 2433 1746 2495 solvere,
1788 2447 1893 2485 non

311 2522 539 2591 ligarat;
572 2538 634 2576 ne
671 2522 889 2592 ligando
940 2525 1144 2592 sperari
1175 2541 1208 2577 a
1240 2540 1295 2577 se
1333 2525 1528 2592 faceret
1553 2524 1888 2578 solutionem.

314 2613 382 2667 In
409 2630 468 2669 eo
494 2616 659 2685 igitur
686 2624 892 2684 patrem
911 2623 1136 2668 uestrum
1156 2617 1369 2683 propria
1394 2617 1665 2671 damnatis
1690 2628 1895 2671 senten-

313 2707 412 2770 tia,
436 2708 527 2776 qui
572 2708 964 2761 distinctionem
1008 2716 1347 2776 peccatorum
1394 2708 1595 2779 facitis,
1632 2725 1751 2779 qua:
1791 2708 1894 2762 sol-

311 2798 479 2851 venda
507 2816 540 2851 a
579 2799 722 2853 vobis
755 2815 866 2852 esse
900 2801 1113 2868 putetis.
1159 2810 1208 2854 et
1234 2816 1352 2869 qua:
1383 2801 1497 2855 sine
1525 2802 1753 2856 remedio
1780 2817 1892 2856 esse

312 2888 665 2943 arbitremini.
688 2887 865 2959 Atque
889 2896 950 2943 ut
968 2889 1187 2959 prapius
1209 2890 1275 2944 ad
1290 2905 1353 2943 ea
1376 2889 1693 2959 diSputanda
1719 2891 1895 2945 venia-

312 2995 456 3045 mus,
484 2995 720 3050 quorum
758 2994 922 3034 causa
953 2979 1168 3050 longius
1190 2981 1241 3034 in
1276 2982 1377 3035 hac
1415 2979 1657 3034 Dtatriba
1698 2995 1892 3050 proce-

309 3073 439 3127 dere
459 3073 774 3138 statuimus,
805 3072 1089 3128 sciendum
1122 3080 1225 3137 est,
1256 3088 1364 3127 non
1396 3089 1496 3143 pro
1522 3088 1589 3127 eo
1631 3074 1775 3144 quod
1807 3073 1890 3128 la-

311 3180 439 3235 psos
491 3164 560 3219 ad
610 3164 1053 3221 communionem
1108 3174 1164 3219 et
1221 3166 1650 3221 ecclesiasticam
1704 3181 1888 3236 pacem

2010 693 2221 748 terdum
2244 693 2452 764 legibus
2481 703 2535 747 et
2568 692 2832 747 institutis
2853 692 3162 749 astrictum.
3196 692 3467 761 Quocirca
3489 699 3595 754 sub

2009 784 2187 853 ipsum
2241 784 2567 838 Christianas
2631 783 2913 853 religionis
2968 786 3278 849 exordium,
3331 787 3596 859 ﬂagrante

2007 890 2260 945 peraeque
2290 874 2472 930 studio
2495 874 2735 944 pietatis.
2768 885 2822 930 et
2847 876 3211 946 improbitatis
3238 879 3386 942 odio,
3420 883 3594 937 multo

2006 976 2062 1023 et
2087 968 2364 1037 graviores
2402 967 2456 1019 in
2492 964 2687 1021 delicta
2741 982 2918 1038 paenae
2951 977 3007 1022 et
3053 968 3424 1025 diuturniores
3458 986 3594 1027 con-

2007 1059 2210 1114 stituta:
2227 1067 2375 1113 sunt.
2403 1057 2537 1125 Quae
2579 1074 2665 1113 res
2686 1074 2752 1113 eo
2798 1074 2967 1129 usque
2997 1075 3344 1130 progressum
3374 1062 3586 1130 habuit,

2006 1155 2452 1209 utatrocioribus
2479 1154 2804 1225 quibusdam
2844 1152 3142 1208 sceleribus
3186 1155 3345 1209 venia
3405 1156 3588 1211 indul-

2005 1245 2293 1315 gentiaque
2314 1245 2557 1301 funditus
2582 1246 2846 1315 denegata
2871 1243 3056 1308 fuerit,
3076 1261 3354 1315 nunquam
3379 1257 3439 1300 ut
3459 1264 3583 1302 cum

1997 1334 2247 1391 Ecclesia
2283 1336 2621 1391 reconciliari
2662 1343 2906 1405 possent.
2936 1333 3180 1400 Quod,ut
3203 1335 3272 1389 ab
3305 1336 3588 1393 liodiernis

2002 1429 2248 1483 moribus
2281 1437 2332 1483 et
2370 1428 2637 1484 institutis
2660 1428 3079 1493 abhorrens,ne
3112 1427 3237 1497 quis
3268 1426 3587 1484 incredibile

2002 1517 2231 1573 forsitan
2277 1520 2592 1583 arbitretur,
2646 1530 2922 1572 auctorem
2962 1517 3105 1571 dabo
3164 1515 3580 1581 Tertullianum.

2002 1610 2094 1680 qui
2128 1610 2182 1663 in
2219 1609 2359 1665 libro
2390 1609 2463 1663 De
2514 1610 2775 1680 pudicitia
2820 1608 2964 1662 clare
3000 1607 3053 1662 id
3094 1623 3160 1663 ac
3191 1608 3391 1663 diserte
3421 1617 3585 1664 testa-

2003 1712 2110 1756 tur.
2145 1700 2375 1771 Scripsit
2405 1710 2585 1756 autem
2616 1701 2763 1755 hunc
2794 1700 2991 1755 librum
3019 1715 3140 1755 cum
3167 1700 3280 1770 jam
3303 1716 3368 1756 ex
3395 1701 3584 1758 catho-

2000 1792 2106 1848 lico
2129 1792 2367 1847 Montani
2390 1792 2570 1848 lactus
2593 1801 2735 1847 esset
2752 1791 2982 1857 assecla,
3007 1792 3270 1845 adversus
3287 1789 3577 1861 Zephyrini

2002 1900 2153 1954 papa:
2181 1886 2483 1949 decretum,
2515 1898 2626 1952 quo
2666 1884 2712 1938 is
2746 1882 3022 1937 adulteros
3050 1892 3172 1953 post
3207 1884 3580 1953 paenitentiam

1996 1976 2360 2030 admittendos
2399 1977 2691 2030 edixerat:
2757 1974 3005 2045 Pontifex
3057 1976 3258 2029 scilicet
3310 1977 3577 2029 maximus

1996 2063 2355 2134 (Tertulliani
2388 2066 2557 2119 verba
2587 2066 2753 2136 sunt)
2789 2065 3062 2134 episcopus
3100 2065 3465 2133 episcoporum
3497 2064 3582 2116 di-

1994 2158 2067 2211 cit
2094 2174 2112 2211 :
2142 2157 2250 2227 Ego
2273 2168 2319 2212 et
2351 2158 2585 2211 masc/tia:
2607 2167 2653 2210 et
2679 2157 3054 2225 fornicationis
3098 2156 3293 2209 delicta
3327 2156 3582 2223 pwniten-

1995 2252 2072 2303 tia
2095 2250 2290 2319 functis
2335 2251 2567 2305 dimitto.
2601 2249 2755 2317 Quod
2792 2254 2992 2305 summi
3043 2248 3316 2319 pontiﬁcis
3340 2248 3577 2304 edictum

1995 2342 2365 2399 Tertullianus
2389 2359 2731 2414 oppugnatis,
2770 2358 2834 2398 ex
2862 2358 2929 2398 eo
2955 2342 3254 2413 redarguit,
3285 2341 3429 2412 quod
3454 2356 3578 2396 cum

1994 2437 2096 2491 tria
2113 2436 2558 2506 sintgravissima
2587 2437 2818 2503 scelera,
2844 2435 3175 2499 idololatria,
3222 2433 3577 2488 homicidium

1992 2537 2047 2581 et
2085 2528 2438 2591 adulterium,
2496 2526 2736 2582 exclusis
2785 2536 2839 2581 et
2879 2525 2934 2580 in
2988 2537 3311 2594 perpetuum
3364 2523 3581 2593 rejectis

1994 2620 2208 2676 duobus
2241 2620 2486 2690 reliquis,
2518 2621 2693 2674 solum
2729 2618 2979 2673 adulterii
3018 2619 3224 2672 crimen
3256 2617 3322 2670 ad
3359 2616 3576 2670 veniam

1993 2711 2284 2779 exceperit.
2316 2709 2457 2774 Quid
2483 2711 2621 2778 agis,
2656 2710 2853 2779 inquit,
2880 2706 3198 2761 mollissima
3218 2716 3267 2760 et
3300 2706 3577 2759 humanis~

1993 2802 2132 2855 sima
2174 2800 2503 2869 disciplina?
2533 2806 2636 2853 Aut
2683 2800 2925 2853 omnibus
2953 2801 3027 2853 eis
3063 2800 3159 2852 hoc
3202 2816 3311 2852 esse
3341 2800 3574 2853 debebis:

1994 2891 2151 2946 Beati
2177 2892 2316 2945 enim
2346 2892 2558 2961 paciﬁci
2586 2909 2604 2945 :
2628 2901 2720 2944 aut
2745 2893 2788 2945 si
2818 2907 2919 2943 non
2949 2889 3213 2953 omnibus,
3234 2900 3417 2944 nostra
3443 2906 3576 2947 esse.

1995 2980 2349 3037 Idololatram
2378 2984 2590 3053 quidem
2635 2993 2683 3038 et
2730 2982 3053 3035 homicidam
3118 2984 3277 3036 semel
3317 2981 3576 3050 damnas,

1996 3073 2253 3127 masc/tum
2284 3090 2401 3127 vero
2436 3073 2501 3127 de
2530 3074 2699 3127 medio
2725 3074 2924 3141 excipis
2950 3113 2965 3137 ,
3002 3072 3324 3126 idololatria:
3368 3091 3578 3127 succes-

1995 3181 2186 3229 sorem,
2214 3165 2485 3218 homicidii
2536 3175 2941 3227 antecessorem,
2974 3167 3247 3234 utriusque
3278 3163 3578 3234 collegam?

310 3258 674 3314 admittendos
696 3266 975 3330 negarent,
1007 3256 1276 3313 Novatum
1305 3266 1360 3312 et
1386 3256 1748 3319 Novatianum
1780 3259 1891 3314 liae-
1917 3295 1965 3359 ϐ
1998 3254 2247 3309 Persona:
2292 3257 2581 3325 acceptatio
2634 3264 2745 3318 est,
2778 3254 3187 3309 miserabiliores
3238 3257 3576 3325 pomitentias

309 3349 511 3403 reticos
573 3349 811 3413 habitos,
851 3358 1014 3420 atque
1045 3349 1113 3404 ab
1144 3348 1388 3405 Ecclesia
1446 3350 1714 3406 catholica
1766 3366 1892 3421 pru-

310 3444 542 3513 scriptos
597 3442 769 3500 fuisse
797 3461 811 3497 :
840 3444 933 3499 sed
976 3443 1124 3513 quod
1183 3443 1389 3497 nullum
1424 3443 1489 3497 ad
1523 3458 1618 3498 eos
1646 3443 1891 3499 reconci-

309 3536 521 3591 liandos
544 3536 1013 3606 condonandaque
1038 3536 1234 3591 delicta
1263 3534 1354 3605 jus
1377 3535 1434 3589 in
1470 3533 1714 3589 Ecclesia
1767 3549 1891 3591 esse

308 3628 596 3698 perﬁdiose
646 3643 711 3683 ac
767 3628 1058 3684 crudeliter
1122 3634 1516 3682 asseverarent.
1576 3625 1756 3693 Quod,
1806 3628 1893 3681 in-

310 3736 497 3789 quam,
532 3720 791 3787 clavium,
824 3730 884 3777 ut
912 3731 1129 3784 vocant,
1159 3730 1480 3791 potestatem
1519 3721 1775 3777 Ecclesi'e
1825 3737 1891 3778 ac

312 3813 687 3867 sacerdotibus
733 3814 1116 3880 detraherent,
1168 3825 1226 3869 ut
1278 3815 1516 3886 reliquos
1564 3816 1885 3870 eorumilem

311 3919 524 3961 errores
553 3906 822 3974 omittam,
856 3905 1142 3961 Novatiani
1176 3916 1435 3977 tanquam
1467 3908 1703 3963 haeretici
1731 3908 1888 3963 dam-

313 3994 431 4048 nati
479 4003 647 4061 sunt,
682 3995 887 4065 alioqui
919 3998 1124 4065 lapsos,
1155 3996 1261 4051 hoc
1288 4007 1372 4051 est
1399 3997 1718 4053 idololatriae
1750 4014 1887 4053 con-

312 4085 530 4155 tagione
563 4085 818 4154 poliutos,
862 4087 917 4140 in
952 4096 1271 4157 perpetuum
1293 4089 1363 4142 ab
1389 4087 1629 4144 Ecclesm
1663 4089 1889 4143 submo-

313 4192 438 4233 vere
459 4178 695 4231 nondum
711 4192 810 4247 pro
828 4178 1081 4233 haeretico
1109 4179 1330 4234 decreto
1358 4182 1636 4251 cognitum
1670 4181 1882 4237 fuerat:

312 4270 444 4341 quin
466 4270 626 4324 etiam
652 4270 846 4340 priscis
878 4271 985 4325 illis
1013 4271 1255 4327 ﬂorentis
1274 4273 1525 4328 Ecclesiae
1547 4274 1885 4343 temporibus

314 4362 476 4417 certis
509 4371 852 4432 peccatorum
886 4363 1176 4431 generibus
1233 4366 1620 4421 communione
1658 4366 1886 4421 interdi-

313 4462 483 4520 ctum,
510 4463 565 4506 et
589 4453 806 4523 quidem
827 4464 1086 4523 perpetuo
1115 4454 1307 4518 fuisse.
1334 4457 1735 4526 quamplurima
1757 4474 1886 4516 con-

310 4544 437 4598 cilia
464 4559 528 4599 ac
560 4542 659 4599 SS.
708 4542 811 4597 PP.
855 4544 1165 4599 testimonia
1220 4546 1517 4600 declarant.
1563 4545 1719 4614 Quod
1753 4565 1879 4604 cum

1995 3346 2276 3416 reliquisti.
2324 3346 2492 3401 Plane
2543 3348 2590 3401 si
2630 3349 2873 3401 ostendas
2914 3348 2978 3401 de
3028 3350 3216 3418 quibus
3262 3349 3576 3416 patrociniis

1994 3439 2373 3507 exemplorum,
2405 3449 2786 3509 praceptorum
2825 3439 3135 3504 cazlestium,
3175 3440 3278 3493 soli
3319 3441 3576 3503 maecltiaz.

1992 3545 2040 3584 et
2066 3530 2124 3583 in
2156 3546 2220 3583 ea
2252 3530 2597 3598 fornicationi
2643 3546 2844 3601 quoque
2873 3530 3101 3600 januam
3136 3524 3455 3601 ptenitentia:
3492 3546 3575 3583 ex-

1993 3622 2219 3691 pandas.
2255 3620 2381 3676 Haec
2415 3636 2535 3690 cap.
2565 3621 2618 3675 5.
2656 3622 2721 3675 At
2766 3632 2949 3692 postea
2978 3638 3026 3677 c.
3064 3621 3130 3676 9:
3176 3621 3313 3676 llinc
3335 3632 3411 3676 est
3436 3623 3574 3693 quod

1991 3730 2158 3784 neque
2190 3712 2552 3780 idololatriw,
2589 3730 2750 3784 neque
2799 3715 3043 3784 sanguini
3071 3729 3181 3781 pax
3220 3720 3283 3768 ab
3321 3714 3573 3769 Ecclesiis
3640 3728 3643 3733 '

1992 3804 2257 3859 redditur.

2061 3897 2195 3964 Quae
2226 3912 2539 3967 quanquam
2560 3896 2801 3951 Montani
2823 3897 2938 3967 jam
2965 3898 3208 3953 imbutus
3232 3913 3417 3952 errore
3437 3898 3574 3952 scri-

1988 3989 2180 4058 pserit,
2213 4004 2281 4043 ex
2316 3988 2432 4057 ipsa
2468 3998 2649 4041 tamen
2685 3989 3098 4057 argumentamli
3132 3991 3338 4042 ratione
3363 3988 3573 4058 colligi-

1991 4091 2098 4143 tur,
2123 4082 2289 4136 certis
2318 4080 2644 4135 criminibus
2698 4081 2848 4150 pacis
2884 4097 2945 4134 ac
2977 4082 3146 4135 veniae
3172 4096 3321 4149 spem
3356 4096 3451 4151 per
3477 4080 3568 4135 illa

1991 4180 2234 4241 tempora
2259 4171 2590 4225 subtractam
2628 4169 2817 4224 fuisse.
2855 4167 2926 4224 Ut
2955 4171 3098 4225 enim
3129 4186 3193 4224 ex
3224 4186 3288 4223 eo
3321 4169 3465 4240 quod
3513 4171 3565 4225 in

1989 4263 2130 4317 libro
2163 4262 2239 4316 De
2271 4261 2475 4332 jejunio
2504 4272 2689 4315 contra
2720 4261 3021 4331 Psyclticos,
3059 4261 3367 4316 Catholicos
3394 4277 3570 4331 repre-

1992 4354 2201 4421 luendit,
2235 4356 2380 4424 quod
2411 4355 2575 4409 unico
2598 4353 3039 4425 Quadragesimsc
3075 4355 3287 4425 jejunio
3326 4356 3560 4411 contenti

1990 4461 2185 4503 Cretera
2215 4462 2245 4500 a
2279 4446 2622 4502 Montanistis
2655 4448 2871 4501 inventa
2917 4447 3300 4516 repudiarent,
3335 4448 3567 4517 quadra.-

1989 4538 2261 4609 gesimalis
2278 4537 2471 4607 jejunii
2500 4548 2742 4593 vetustas
2767 4538 2873 4594 hoc
2904 4540 3019 4608 ipso
3067 4536 3388 4593 Tertulliani
3415 4539 3566 4593 testi-

312 4635 378 4689 ad
425 4636 708 4705 antiquam
755 4634 1009 4691 Ecclesiae
1055 4636 1397 4706 disciplinam
1442 4641 1883 4708 cognoscendam
1918 4646 1965 4706 ι)
1995 4630 2184 4684 monio
2232 4640 2423 4684 contra
2481 4630 2764 4686 luereticos
2824 4631 3113 4685 hodiernos
3155 4632 3419 4686 astruitur
3447 4650 3462 4685 :
3490 4631 3560 4687 ita

312 4726 775 4795 pernecessarium
818 4726 909 4791 sit,
939 4735 992 4780 et
1016 4727 1082 4781 ad
1121 4727 1299 4783 varios
1325 4743 1458 4783 usus
1493 4740 1881 4799 opportunum,

312 4832 414 4872 nos
436 4833 557 4887 quae
579 4817 647 4871 de
669 4832 729 4871 ea
761 4832 820 4872 re
861 4818 1024 4887 longo
1051 4818 1253 4880 studio,
1288 4834 1350 4873 ac
1376 4819 1617 4889 diligenti
1654 4821 1886 4876 lectione

312 4909 765 4979 conquisivimus,
785 4910 837 4963 in
859 4909 1232 4979 theologorum
1257 4911 1596 4980 potissimum
1629 4913 1884 4983 gratiam,

311 5002 468 5072 paulo
493 5002 800 5057 accuratius
826 5002 1243 5072 explicabimus.

313 5114 640 5180 Quibusnam
663 5124 992 5189 peccatorum
1017 5114 1390 5189 generibusget
1410 5128 1667 5185 quatenus
1698 5128 1889 5189 negata

609 5186 906 5237 communio
941 5186 1009 5239 sit
1043 5187 1099 5239 in
1129 5184 1368 5239 Ecclesia
1398 5184 1579 5241 veteri.

382 5275 597 5331 Nullum
629 5291 752 5332 esse
782 5277 960 5331 delicti
1000 5276 1299 5347 ﬂagitiique
1358 5294 1558 5348 genus,
1599 5279 1743 5349 quod
1777 5295 1887 5335 non

310 5368 500 5422 eadem
523 5367 634 5432 illa,
668 5351 790 5438 quae
813 5368 978 5434 ligare
1006 5385 1069 5423 ac
1101 5370 1336 5424 retinere
1360 5380 1556 5439 potest,
1580 5372 1793 5426 solvere
1824 5387 1889 5427 ac

315 5459 588 5514 remittere
603 5461 776 5529 possit
789 5459 1046 5515 Ecclesia:
1070 5472 1330 5530 petestas,
1356 5477 1530 5532 neque
1546 5464 1885 5532 probandum

316 5550 420 5605 hoc
449 5551 567 5605 loco
600 5560 704 5615 est.
750 5566 926 5621 neque
980 5552 1048 5606 ab
1101 5553 1242 5617 aliis,
1293 5569 1457 5623 quam
1486 5555 1555 5610 ab
1585 5554 1884 5626 Evangelii,

313 5653 478 5711 atque
502 5642 760 5698 Ecclesia:
786 5643 1181 5707 desertoribus,
1234 5646 1287 5697 in
1333 5647 1759 5701 controversiam
1792 5646 1890 5701 ado

314 5732 554 5791 ducitur.
586 5732 761 5803 Hujus
793 5749 921 5789 vero
947 5736 1228 5801 potestatis
1262 5751 1420 5790 usum
1440 5776 1456 5802 ,
1492 5750 1617 5792 cum
1646 5737 1699 5790 in
1742 5737 1889 5807 ejus-

314 5825 438 5879 dem
465 5822 721 5882 Ecclesiae
747 5824 975 5881 arbitrio
996 5826 1206 5895 positus
1232 5826 1322 5889 sit.
1354 5827 1502 5883 varie
1526 5835 1885 5897 temperatum

316 5926 370 5970 et
397 5916 832 5973 administratum
859 5932 979 5973 esse
1010 5932 1115 5972 non
1144 5917 1368 5973 dubium
1394 5930 1496 5984 est,
1531 5929 1585 5976 et
1613 5921 1679 5974 ad
1712 5919 1887 5975 conti-

1991 4723 2234 4794 prol'ecto
2259 4724 2473 4778 duobus
2495 4724 2602 4777 illis
2626 4726 2841 4786 saltem,
2876 4725 2958 4779 vel
2996 4724 3169 4779 tribus
3203 4724 3360 4779 initio
3385 4739 3548 4791 pecca

1989 4816 2063 4869 tis
2094 4830 2284 4884 pacem
2320 4814 2525 4869 nullam
2552 4815 2620 4869 ab
2651 4814 2894 4870 Ecclesia
2925 4831 3242 4870 concessam
3275 4858 3295 4881 ,
3327 4831 3394 4869 ex
3419 4815 3571 4886 ejus-

1987 4905 2111 4960 dem
2144 4905 2467 4960 auctoritate
2516 4921 2580 4960 ac
2618 4906 3037 4960 ratiocinatione
3054 4906 3300 4961 concludi
3331 4920 3439 4960 non
3468 4908 3570 4959 im-

1989 4998 2189 5052 merito
2211 5006 2407 5067 potest.
2434 4998 2513 5052 Ac
2552 4999 2737 5052 nescio
2775 5014 2844 5051 an
2867 5006 2920 5052 et
2947 4998 3087 5052 idem
3136 4995 3409 5052 Pacianus
3442 4996 3570 5050 Bar-

1989 5089 2303 5145 cinonensis
2326 5089 2616 5159 episcopus
2637 5091 2885 5145 docuerit
2910 5091 2962 5143 in
2992 5090 3261 5143 Parcenesi
3291 5089 3358 5141 ad
3389 5090 3571 5157 paenit.

1989 5196 2113 5251 quae
2145 5188 2229 5235 est
2252 5189 2401 5234 tomo
2429 5177 2493 5233 Ill
2525 5180 2667 5235 Bibl.
2706 5179 2821 5234 PP.
2853 5182 2911 5235 lu
2944 5197 3050 5251 qua
3100 5187 3451 5250 peccatorum
3482 5195 3570 5247 ge-

1990 5284 2122 5326 nera
2142 5270 2253 5325 duo
2281 5272 2564 5342 distinguit
2594 5288 2607 5322 :
2643 5272 2748 5325 alia
2788 5287 2910 5341 quas
2932 5272 3183 5340 capitalia
3207 5280 3386 5333 vocat,
3421 5286 3569 5338 quae-

1989 5380 2097 5434 qtte
2123 5362 2360 5417 Joannes
2384 5363 2481 5433 Ep.
2510 5362 2550 5429 l,
2581 5379 2701 5433 cap.
2735 5379 2789 5427 v,
2824 5364 2897 5416 ad
2928 5373 3148 5416 mortem
3177 5377 3297 5417 esse
3320 5362 3475 5415 dixit.
3495 5359 3571 5414 Ea

1989 5472 2120 5510 vero
2144 5472 2249 5510 non
2284 5457 2389 5511 alia
2414 5466 2582 5521 sunt,
2618 5472 2785 5525 quam
2812 5457 2913 5510 tria
2946 5457 3053 5516 illa,
3090 5469 3323 5525 quorum
3351 5453 3569 5507 Tertul-

1988 5549 2167 5603 lianus
2216 5549 2481 5612 meminit,
2532 5548 2855 5610 idololatria,
2900 5547 3188 5601 fornicatio
3233 5554 3284 5600 et
3337 5544 3566 5599 homici-

1986 5642 2163 5702 dium,
2219 5656 2341 5711 quae
2389 5640 2507 5695 Act.
2558 5656 2627 5694 xv
2662 5640 2714 5694 in
2748 5640 3004 5710 synodica
3060 5640 3148 5693 illa
3189 5637 3568 5708 apostolorum

1990 5735 2233 5807 Epistola
2293 5737 2613 5791 nominatim
2688 5735 2960 5806 prohiberi
3021 5743 3195 5804 putat.
3260 5731 3567 5801 Despectus,

1990 5826 2186 5895 inquit,
2215 5828 2269 5879 in
2292 5828 2466 5880 multis
2495 5825 2726 5896 Spiritus
2753 5837 2966 5880 sanctus
3001 5826 3110 5879 ha’c
3132 5824 3282 5878 nobis
3313 5822 3564 5892 capitalia

1989 5918 2209 5986 periculi
2258 5919 2554 5972 conditione
2584 5919 2793 5985 legavit.
2838 5916 3058 5987 Reliqua
3113 5924 3327 5987 peccata
3372 5916 3570 5969 melio—
