4054 6404
495 439 634 496 Itll9

1598 437 1636 490 Α
1649 436 1822 492 ΡΡΕΝ
1835 435 1948 490 DIX
1987 431 2491 488 DISSEIKTA'I'IO‘N
2503 431 2628 486 ΕΜ..

3627 417 3780 472 ίοξῢ

496 566 612 604 rn-n
647 569 862 618 operum
893 555 1316 622 compensatione
1341 567 1618 610 curantur.
1665 555 1792 611 Hice
1835 574 1954 612 vero
1980 558 2084 612 tria
2113 561 2156 618 Α
2187 557 2420 617 videtur,
2451 555 2582 625 quin
2607 569 2712 608 una
2743 546 3236 620 participandorum
3269 539 3650 614 mysteriorum
3673 540 3782 610 jus

495 643 725 696 crimina
748 657 806 696 ut
834 645 1070 700 basilisci
1101 647 1334 716 alicujus
1362 647 1590 716 afﬂatus,
1629 657 1686 700 ut
1709 649 1890 702 veneni
1917 647 2082 714 calix,

493 741 554 786 ut
578 731 754 788 letalis
819 737 1044 802 arundo,
1085 739 1364 792 metuenda
1393 749 1533 793 sunt.
1575 741 1654 792 Ac
1703 739 1978 794 nonnullis
2011 738 2086 794 in-

497 824 785 894 terjectis:
827 825 956 880 llwc
1012 829 1308 898 quicunque
1361 840 1478 900 post
1520 830 1680 898 fidem
1735 831 1942 900 fecerit,
1985 829 2081 884 Dei

497 913 694 986 faciem
743 934 846 972 non
877 919 1090 976 videbit.
1128 921 1479 990 Desperavere
1507 933 1776 976 lautorum
1799 925 2084 980 criminum

499 1008 596 1062 rei.
628 1008 770 1074 Quid
823 1011 966 1066 vobis
997 1029 1089 1083 ego
1112 1014 1252 1082 feci?
1293 1013 1548 1084 Nunquid
1583 1033 1686 1068 non
1717 1015 1818 1084 fuit
1845 1017 1896 1068 in
1923 1027 2085 1083 pote—

496 1109 634 1156 state
671 1119 734 1156 ne
775 1103 969 1172 ﬁeret?
1005 1105 1267 1160 Nullusne
1314 1107 1634 1164 admonuit?
1679 1107 1846 1162 Nemo
1883 1109 2082 1175 prcedi-

498 1195 628 1248 erit?
687 1197 870 1249 Tacuit
925 1195 1209 1254 Ecclesia?
1255 1197 1406 1250 Nihil
1453 1197 1744 1266 Evangelia
1791 1199 2084 1256 dixerunt!

501 1280 659 1336 Nihil
688 1285 916 1352 apostoli
939 1287 1247 1338 comminuti
1277 1295 1400 1338 sunt
1425 1287 1450 1336 ?
1485 1285 1638 1338 Nihil
1666 1288 1866 1356 rogavit
1907 1305 2084 1342 sacer-

497 1373 594 1430 dos
619 1377 646 1430 γ
685 1375 828 1440 Quid
856 1377 1098 1444 qucrritis
1141 1394 1261 1430 sera
1283 1377 1478 1430 solatia
1501 1379 1526 1430 1’
1559 1376 1702 1432 Tunc
1732 1380 1929 1447 decuit,
1963 1396 2083 1434 cum

496 1467 706 1522 licebat.
751 1467 902 1520 Dura
923 1469 1028 1522 ista
1061 1485 1159 1522 vox
1195 1479 1292 1532 est,
1327 1471 1416 1522 sed
1447 1471 1536 1540 qui
1567 1487 1654 1524 vos
1691 1471 1868 1540 felices
1899 1473 2081 1528 dicunt

497 1561 554 1612 in
581 1575 810 1614 errorem
847 1576 936 1614 vos
976 1562 1214 1623 mittunt,
1269 1570 1374 1616 etc.
1409 1560 1532 1616 Ilme
1559 1562 1724 1631 igitur
1757 1565 2084 1632 persuadere

495 1659 752 1720 possunt,
792 1649 846 1702 in
895 1647 1155 1720 Hispania
1189 1651 1380 1706 saltem
1419 1651 1704 1720 pristinam
1737 1653 1883 1708 illam
1917 1653 2083 1708 disci-

497 1741 664 1810 plinas
695 1740 1038 1795 severitatem
1079 1741 1294 1796 Paciani
1346 1751 1590 1808 tempore
1617 1743 1874 1814 viguisse.
1920 1743 2084 1798 Tam-

495 1831 602 1886 etsi
626 1847 691 1886 ne
719 1833 770 1886 id
795 1833 1006 1902 penitus
1033 1833 1317 1902 aﬂirmem,
1341 1835 1633 1904 prohibent
1676 1835 1786 1900 illa,
1810 1853 1933 1906 quae
1957 1851 2084 1906 pro-

498 1921 646 1978 xime
696 1925 1026 1994 subjunxit:
1083 1925 1309 1994 Accipite
1359 1927 1670 1988 remedium,
1723 1929 1770 1982 si
1809 1935 2084 1998 desperare
2115 1909 2158 1964 Β

495 2015 769 2084 coepistis;
800 2017 846 2069 si
885 2017 1104 2070 miseros
1145 2033 1234 2070 vos
1279 2019 1564 2088 agnoscitis
1589 2059 1604 2084 ,
1645 2021 1692 2072 si
1723 2019 1938 2076 timetis.
1974 2017 2084 2074 Nisi

500 2107 608 2160 hoc
636 2104 870 2162 fortasse
895 2107 1194 2162 remedium
1223 2108 1288 2162 ad
1325 2109 1496 2163 solam
1523 2109 1896 2178 paenitentiam
1923 2109 2088 2180 perti-

499 2206 646 2262 neat,
671 2213 794 2268 quas
838 2197 890 2252 in
928 2213 994 2254 eo
1025 2214 1222 2270 genere
1249 2200 1456 2269 peccati
1487 2201 1779 2258 relaxanda
1807 2215 2085 2271 nunquam

499 2287 686 2344 fuerit.

575 2379 654 2434 Ex
679 2381 895 2444 iisdem,
933 2380 1038 2434 nisi
1069 2379 1249 2443 fallor,
1275 2379 1515 2436 fontibus
1551 2379 1868 2436 Eliberitani
1907 2381 2090 2436 conci-

501 2471 560 2524 lii
598 2471 815 2526 decreta
875 2473 964 2526 illa
1031 2473 1272 2542 profecta
1323 2482 1470 2538 sunt,
1523 2489 1754 2538 quorum
1824 2473 2088 2528 severitas

500 2561 663 2630 paulo
697 2562 974 2616 nonnullis
1006 2563 1253 2616 acerbior
1285 2564 1398 2616 visa
1436 2581 1502 2616 eo
1532 2563 1748 2618 demum
1775 2564 1892 2618 illos
1919 2565 2090 2634 impu-

503 2651 586 2716 lit,
639 2660 698 2704 ut
735 2652 782 2705 ei
821 2653 1054 2706 concilio
1092 2653 1308 2722 culpam
1365 2661 1416 2706 et
1463 2669 1703 2708 errorem
1747 2653 2086 2728 aliingerent.

500 2743 703 2798 Contra
733 2759 872 2812 quos
894 2745 982 2798 alii
1019 2743 1318 2800 Innocentii
1368 2745 1594 2800 decreto.
1615 2758 1886 2818 pugnant;
1912 2748 2002 2818 qui
2033 2749 2088 2802 in

501 2833 660 2902 epist.
695 2835 748 2900 3,
784 2849 904 2904 cap.
941 2834 996 2899 2,
1051 2835 1213 2890 tacito
1257 2837 1479 2890 nomine
1507 2837 1654 2892 illius
1707 2837 2088 2894 auctoritatem

502 2934 688 2980 tuetur
715 2935 768 2980 et
821 2935 1069 2982 excusat.
1131 2931 1244 2998 Ego
1289 2936 1397 2982 tam
1437 2930 1556 2994 hos,
1590 2945 1753 3000 quam
1781 2931 2090 2990 illosaber-

501 3032 624 3070 rare
646 3033 862 3073 censeo.
919 3019 1024 3074 Sed
1057 3020 1272 3074 concilii
1304 3035 1545 3076 canones
1585 3023 1638 3082 in
1677 3024 1866 3093 primis
1915 3025 2092 3080 anim-

501 3111 822 3164 advertendi
872 3121 1019 3166 suut.
1068 3109 1126 3166 In
1173 3113 1258 3167 his
1293 3113 1464 3168 multa
1503 3115 1764 3172 adversus
1807 3117 2090 3186 superiora

502 3205 597 3259 illa
651 3213 700 3259 et
736 3205 1078 3260 atrocissima
1109 3205 1336 3260 crimina
1370 3207 1710 3274 sanciantur,
1741 3225 1804 3265 ac
1845 3211 2088 3280 plerum-

502 3313 612 3367 que
637 3313 704 3352 ne
731 3299 786 3352 in
819 3299 940 3352 vita:
982 3299 1200 3369 quidem
1241 3300 1386 3354 exitu
1410 3303 2084 3360 communioconceditur.

501 3385 636 3442 Nam
669 3389 720 3442 in
753 3389 928 3458 primo
959 3405 1166 3443 canone
1209 3389 1280 3443 ita
1307 3389 1412 3446 PP.
1447 3393 1789 3448 constituunt
1817 3414 1832 3450 :
1875 3395 2090 3450 Placuit

501 3480 876 3548 utquicunqae
923 3489 1040 3548 post
1077 3479 1236 3548 ﬁdem
1283 3483 1532 3547 baptismi
1589 3484 1845 3538 salutaris
1894 3486 2088 3546 adulta

501 3582 660 3626 celate
693 3570 760 3624 ad
796 3569 1044 3639 templum
1078 3571 1207 3624 idoli
1230 3573 1674 3632 idololatraturus
1708 3578 2010 3640 accesserit,
2042 3587 2090 3630 et

505 3663 706 3732 fecerit,
738 3659 878 3730 quod
907 3669 982 3712 est
1008 3661 1202 3716 crimen
1230 3663 1461 3732 capitale
1499 3663 1596 3734 (al.
1629 3665 1811 3730 lectio,
1842 3669 1981 3737 quod
2014 3681 2090 3722 est

505 3755 703 3806 crimen
746 3754 1056 3822 principale,
1094 3755 1219 3824 quia
1249 3765 1326 3808 est
1362 3772 1626 3810 summum
1655 3758 1870 3830 scelus),
1913 3777 2004 3814 nec
2037 3763 2092 3815 in

503 3845 608 3915 ﬁne
650 3860 770 3897 eum
807 3846 1226 3898 communionem
1272 3848 1556 3916 suscipere.
1623 3847 1834 3906 Rursus
1873 3867 1996 3906 can.
2022 3853 2088 3906 ﬂ:

513 3937 807 4002 Flaminiis,
857 3939 948 4008 qui
989 3949 1105 4007 post
1136 3940 1294 4008 fidem
1333 3940 1535 3994 lavacri
1589 3953 1637 3995 ct
1682 3947 2090 4012 regenerationis

505 4030 944 4098 sacriﬁcaverint,
992 4047 1050 4086 eo
1102 4031 1240 4096 quod
1282 4035 1660 4102 geminaverint
1693 4037 1909 4098 scelera,
1939 4056 2092 4092 acce-

506 4123 656 4176 dente
704 4123 1018 4187 lsomicidio,
1059 4124 1136 4177 vel
1187 4126 1568 4194 triplicaverint
1617 4128 1865 4196 facinus,
1921 4131 2093 4184 colite-

507 4225 652 4268 rente
685 4215 920 4280 "taenia,
962 4213 1165 4282 placuit
1204 4233 1288 4268 eos
1325 4233 1414 4268 nec
1451 4217 1504 4270 in
1537 4217 1641 4286 ﬁne
1683 4221 1916 4288 accipere
1951 4237 2096 4273 com-

507 4307 828 4360 munionem.
879 4307 947 4358 At
977 4321 1098 4360 can.
1139 4307 1208 4360 5:
1279 4307 1339 4361 Si
1387 4325 1489 4360 non
1533 4310 1957 4370 immolaverunt,
2001 4312 2092 4368 sed

508 4417 698 4454 munus
731 4409 934 4452 tantum
971 4401 1248 4464 dederunt,
1281 4401 1478 4468 placuit
1515 4403 1566 4454 in
1591 4403 1694 4464 fine
1728 4405 1801 4456 eis
1836 4397 2093 4470 prtestare

507 4489 945 4549 comnmnionem,
974 4498 1093 4540 acta
1123 4499 1294 4542 tamen
1325 4491 1563 4561 legitima
1591 4495 1918 4562 paenitentia.
1955 4493 2092 4548 Item

2189 657 2617 719 potestatemque
2639 645 2711 699 sit
2735 643 2976 712 adeptus.
3037 637 3169 692 Nam
3205 644 3325 706 post
3351 633 3605 688 σύστασιν
3627 672 3642 698 ,
3669 630 3780 700 qui

2185 751 2413 811 quartus
2445 739 2578 794 ordo
2608 734 2937 806 poenitentiae
2959 731 3082 792 fuit,
3125 732 3174 784 in
3211 745 3321 799 quo
3345 729 3514 782 solam
3543 726 3612 780 ad
3642 740 3784 778 ora-

2187 835 2350 890 tionis
2383 833 2822 888 communionem
2853 827 3302 889 admittebantur,
3353 820 3578 878 subinde
3614 819 3782 872 nullo

2187 929 2466 997 interiecto
2503 925 2672 996 gradu
2713 924 2792 986 εἰς
2823 921 2882 974 τὺ
2917 921 3140 978 τέλειον,
3187 915 3332 986 quod
3367 911 3614 966 ultimum
3641 915 3778 963 erat

2185 1037 2248 1076 ac
2281 1018 2757 1088 perfectissimum,
2783 1013 3065 1084 pervenire
3097 1009 3362 1064 solebant.
3405 1007 3476 1058 De
3507 1019 3618 1073 quo
3657 1002 3776 1057 sub

2183 1111 2346 1166 ﬁnem
2379 1106 2762 1177 disputationis
2795 1104 2958 1174 hujus
2991 1100 3250 1158 nonnulla
3279 1098 3648 1154 disserentur.

2258 1200 2550 1256 Videamus
2592 1213 2736 1252 nunc
2776 1195 3048 1266 quodnam
3085 1192 3152 1246 de
3187 1191 3252 1244 iis
3277 1188 3570 1242 lnrmcentii
3608 1185 3780 1255 judi-

2183 1293 2324 1348 cium
2360 1289 2646 1352 exstiterit,
2681 1287 2792 1340 imo
2829 1295 3008 1338 utrum
3039 1283 3106 1336 de
3140 1282 3244 1336 illis
3287 1281 3500 1332 locutus
3537 1277 3785 1330 omnino

2183 1385 2274 1446 sit,
2303 1384 2444 1453 quod
2475 1380 2715 1450 plerique
2739 1393 2930 1432 oumes
2957 1375 3283 1430 existimant.
3351 1371 3446 1424 Hic
3473 1370 3614 1423 enim
3641 1367 3784 1435 epi-

2185 1477 2322 1532 stola
2361 1475 2412 1538 5,
2465 1473 2534 1526 ad
2567 1471 2912 1538 Emuperium,
2935 1483 3056 1536 cap.
3090 1468 3146 1526 ‘3.
3181 1466 3256 1518 ita
3293 1463 3479 1520 scribit
3510 1480 3522 1514 :
3558 1460 3624 1514 Et
3665 1461 3784 1512 hoc

2184 1569 2462 1640 quaesitum
2489 1577 2587 1626 est,
2629 1563 2753 1634 quid
2789 1567 2852 1614 de
2889 1561 2968 1613 his
3007 1557 3269 1611 observari
3293 1555 3498 1618 debeat,
3533 1556 3620 1622 qui
3645 1562 3784 1620 post

2185 1661 2504 1729 baptismum
2517 1659 2658 1712 omni
2673 1667 2896 1723 tempore
2922 1650 3313 1704 incontinentia:
3335 1661 3381 1702 et
3411 1645 3784 1714 voluptatibus

2184 1747 2350 1800 dediti
2377 1747 2432 1798 in
2457 1755 2688 1798 extremo
2709 1747 2812 1810 fine
2841 1745 2960 1794 vita:
2989 1755 3100 1794 sua:
3123 1737 3487 1808 pwuitentiam
3513 1734 3698 1796 simul,
3722 1743 3786 1785 et

2187 1837 2662 1892 reconciliationem
2687 1833 3064 1888 conmtunionis
3083 1837 3384 1898 exposcunt.
3411 1828 3479 1879 De
3491 1827 3570 1878 his
3584 1826 3786 1878 obser-

2189 1933 2328 1988 vatio
2350 1931 2496 2000 prior
2521 1929 2728 1990 durior,
2781 1927 3044 1996 posterior
3075 1923 3446 1976 interveniente
3471 1919 3786 1972 misericor-

2190 2022 2282 2076 dia
2309 2021 2620 2074 inclinatior
2645 2029 2760 2073 cst:
2801 2033 2926 2070 nam
2959 2013 3277 2070 consuetudo
3307 2014 3452 2082 prior
3480 2012 3661 2070 tenuit.
3713 2019 3786 2062 ut

2189 2113 2558 2168 concederetur
2579 2112 2654 2164 eis
2681 2109 3006 2170 amttitetttia,
3033 2107 3122 2160 sed
3147 2107 3442 2160 communio
3465 2113 3780 2174 negaretur.

2195 2203 2338 2258 Nunt
2390 2219 2508 2256 cum
2559 2201 2667 2254 illis
2729 2198 3044 2267 temporibus
3109 2196 3304 2248 crebra:
3383 2193 3784 2263 persecutiones

2189 2279 2388 2356 essent,
2427 2309 2489 2346 ne
2531 2291 2912 2346 conimunionis
2955 2305 3202 2342 concessa
3253 2287 3488 2356 facilitas
3531 2285 3782 2338 homines

2189 2389 2254 2442 de
2279 2387 2705 2440 reconciliatione
2737 2401 2945 2438 securos
2973 2399 3074 2434 non
3113 2396 3374 2433 revocaret
3405 2397 3436 2431 a
3469 2378 3640 2447 lapsu,
3673 2394 3782 2430 ne-

2191 2487 2316 2548 gata
2358 2477 2544 2530 merito
2583 2476 2878 2528 communio
2907 2484 3006 2534 est,
3057 2488 3298 2524 concessa
3333 2471 3658 2539 pituiteutia,
3709 2485 3784 2522 ue

2193 2577 2358 2622 totum
2407 2576 2614 2636 penitus
2663 2575 2974 2634 negaretur;
3030 2573 3076 2616 et
3111 2561 3376 2614 duriorem
3415 2561 3784 2612 remissionem

2191 2659 2316 2726 fecit
2361 2657 2606 2724 temporis
2647 2657 2807 2708 ratio.
2865 2651 2968 2707 Sed
2993 2661 3272 2722 postquam
3307 2649 3560 2702 Dominus
3593 2659 3784 2700 noster

2189 2763 2372 2818 pacem
2417 2745 2670 2800 Ecclesiis
2714 2745 2826 2798 suis
2871 2743 3122 2804 reddidit,
3149 2741 3266 2810 jam
3295 2739 3514 2808 depulso
3545 2751 3780 2800 terrore,

2191 2841 2608 2892 communionem
2655 2837 2775 2890 dari
2831 2834 3143 2888 abeuntibus
3190 2833 3416 2902 placuit,
3471 2841 3518 2884 et
3559 2841 3782 2900 propter

2198 2929 2407 2982 Domini
2451 2929 2888 2990 misericordiam,
2934 2927 3087 2996 quasi
3129 2925 3380 2977 viaticum
3428 2924 3780 2991 profuturis,

2193 3037 2254 3074 ne
2287 3021 2572 3073 A'ovatiani
2612 3019 2844 3072 haeretici
2887 3016 3124 3076 negantis
3179 3015 3384 3066 veniam
3433 3013 3780 3080 asperitatem

2192 3123 2241 3166 et
2277 3113 2535 3165 duritiam
2561 3110 2802 3179 subsequi
2837 3109 3125 3162 videamur.
3187 3105 3472 3158 Tribuetur
3501 3121 3624 3172 ergo
3652 3121 3780 3156 cum

2191 3205 2495 3274 ptrnitentia
2526 3220 2761 3257 extrema
2785 3201 3105 3264 communio,
3139 3209 3241 3254 etc.
3287 3197 3443 3252 Hunc
3477 3198 3780 3251 Innocentii

2194 3297 2394 3364 locum,
2418 3297 2562 3366 quod
2587 3298 2638 3350 in
2666 3311 2731 3349 eo
2761 3310 2958 3365 genere
2983 3293 3448 3347 luculentissimus
3478 3290 3567 3354 sit,
3597 3300 3780 3344 totum

2193 3392 2570 3460 ascripsimus.
2595 3389 2731 3443 Cum
2759 3397 2942 3442 autem
2971 3386 3037 3440 ad
3071 3384 3391 3442 Eliberitani
3429 3383 3644 3438 concilii
3677 3384 3782 3436 de-

2193 3495 2339 3540 creta
2363 3483 2685 3538 norninatim
2714 3483 3040 3550 respexisse,
3076 3493 3204 3532 cum
3233 3477 3350 3531 haec
3379 3477 3661 3540 scriberet,
3687 3475 3782 3528 ln-

2193 3579 2503 3633 nocentium
2535 3585 2724 3646 putent
2742 3575 2990 3628 homines
3013 3571 3232 3636 eruditi,
3257 3570 3390 3624 mihi
3421 3569 3637 3638 quidem
3665 3585 3778 3622 non

2193 3670 2455 3740 probant;
2503 3683 2628 3722 nam
2679 3665 3070 3720 Eliberilanum
3111 3661 3401 3716 concilium
3448 3659 3676 3712 καθόλου
3707 3659 3780 3713 de

2195 3763 2262 3816 iis
2297 3761 2552 3830 loquitur,
2581 3759 2672 3828 qui
2719 3757 2965 3828 graviora
3009 3767 3062 3810 et
3093 3753 3348 3824 capitalia
3393 3753 3588 3808 delicta
3619 3769 3778 3807 com-

2193 3855 2492 3919 miserant;
2529 3868 2648 3922 quae
2665 3851 2730 3904 ad
2759 3849 2862 3902 tria
2893 3864 3088 3918 genera
3113 3846 3480 3901 Tertulliauus
3506 3855 3560 3899 et
3585 3843 3782 3900 Pacia-

2193 3961 2297 4000 uus
2351 3952 2638 4006 revocant;
2696 3956 2836 4010 quos
2891 3939 3131 4008 quidem,
3175 3953 3504 4007 quocunque
3553 3937 3780 3989 demum

2195 4051 2435 4106 tempore
2460 4036 2670 4090 admitti
2697 4051 2816 4088 sese
2843 4030 3256 4102 postulaverint,
3287 4027 3651 4098 repudiandos
3681 4027 3786 4081 de-

2195 4131 2388 4185 cernit.
2440 4129 2505 4181 At
2542 4127 2796 4196 Exuperii
2835 4125 3134 4180 sciscitatio
3161 4125 3226 4176 ad
3251 4139 3346 4176 eos
3371 4133 3578 4174 tantum
3607 4123 3784 4190 perti-

2193 4223 2372 4284 nebat,
2391 4221 2482 4290 qai
2509 4230 2630 4288 post
2655 4221 2858 4273 atrocia
2886 4219 3090 4272 scelera
3117 4218 3491 4287 paenitentiam
3521 4215 3574 4268 in
3600 4225 3788 4268 estre-

2194 4331 2341 4369 mum
2371 4315 2495 4368 vita!
2525 4321 2740 4382 tempus
2763 4311 3120 4366 distulissent.
3177 4311 3394 4379 Alioqui
3421 4324 3544 4362 cum
3577 4307 3786 4362 inﬁniti

2192 4421 2430 4462 canones
2452 4407 2517 4460 de
2541 4407 2816 4474 lapsorum
2853 4419 2916 4456 ac
2945 4417 3403 4472 quorumcunque
3427 4411 3788 4470 peccatorum

2197 4498 2511 4566 pmnitenlia
2568 4506 2624 4550 et
2663 4493 3108 4550 reconciliatione
3137 4492 3342 4548 conditi
3375 4492 3630 4558 fuissent,
3665 4501 3788 4546 tam

507 4581 634 4646 ipsi,
665 4581 710 4632 si
753 4589 868 4646 post
915 4582 1276 4647 paenitentiam
1325 4583 1519 4650 fuerint
1573 4587 1837 4648 maechati,
1890 4585 2092 4655 placuit
2123 4588 2171 4644 D
2197 4599 2343 4654 ante,
2378 4605 2541 4660 quam
2577 4599 2698 4658 post
2731 4586 3005 4642 Nicaannm
3037 4585 3368 4648 concilium;
3407 4601 3645 4654 cumque
3689 4583 3792 4638 Ni-

508 4671 734 4724 ulterius
773 4671 852 4722 his
884 4688 986 4724 non
1035 4689 1146 4726 esse
1175 4673 1408 4726 dandam
1435 4677 1873 4740 communionem,
1908 4693 1970 4730 ne
2009 4677 2094 4730 lu-

507 4767 641 4818 sisse
675 4763 739 4817 de
790 4763 1050 4818 Dominici
1095 4767 1458 4820 communione
1510 4769 1810 4822 videantur.
1883 4769 2096 4826 Rursus

509 4873 630 4908 can.
665 4855 730 4908 7:
783 4855 840 4909 Si
885 4857 1004 4925 quis
1051 4857 1187 4924 forte
1226 4858 1399 4926 fidelis
1429 4869 1546 4926 post
1587 4859 1792 4926 lapsura
1837 4863 2093 4928 niteo/tite,

504 4955 622 5015 post
653 4957 886 5016 tempora
916 4951 1206 5002 constituta
1231 4962 1348 5004 acta
1383 4953 1710 5018 pwnitentia,
1739 4953 1909 5008 denuo
1935 4954 2096 5024 fuerit

511 5041 830 5110 fornicatus,
853 5043 1052 5110 placuit
1077 5061 1192 5098 eum
1225 5061 1315 5097 nec
1347 5046 1400 5097 in
1427 5045 1530 5114 fine
1559 5046 1749 5100 habere
1774 5049 2099 5100 communio-

511 5151 648 5187 nem.
681 5131 761 5188 Tu
787 5145 1014 5190 caeteros
1037 5137 1282 5197 consule.
1313 5153 1548 5206 quorum
1581 5139 1827 5208 plerique
1848 5139 1912 5193 ad
1949 5154 2099 5193 eam-

511 5228 634 5280 dem
667 5227 1010 5282 severitatem
1053 5231 1316 5299 implicati
1347 5239 1493 5284 sunt.
1551 5229 1608 5284 In
1641 5231 1725 5287 his
1755 5232 2098 5286 communio-

513 5320 600 5372 nis
625 5322 847 5374 nomine
873 5331 1002 5374 sunt
1035 5323 1124 5388 qui
1161 5321 1556 5378 Eucharistiam
1598 5326 1866 5380 duntaxat
1897 5325 2100 5380 intelli-

514 5422 666 5482 gant,
702 5413 860 5482 quasi
899 5428 928 5466 a
967 5416 1202 5482 peccatis
1237 5415 1467 5468 exsoluti
1499 5414 1702 5468 fuerint
1747 5415 1820 5468 illi
1857 5415 2097 5484 quidem,

513 5511 606 5564 sed
639 5507 904 5562 Dominici
930 5507 1178 5577 corporis
1208 5507 1430 5560 minime
1464 5505 1586 5560 facti
1619 5508 1930 5576 participes.
1965 5507 2100 5572 Qui-

515 5605 618 5656 bas
651 5601 798 5656 nullo
831 5601 992 5654 modo
1020 5601 1086 5652 ab
1107 5599 1331 5654 eruditis
1355 5599 1689 5654 conceditur.
1740 5598 1927 5670 Neque
1958 5603 2100 5655 enim

515 5695 714 5748 veteris
751 5693 1005 5748 Ecclesia:
1047 5693 1154 5746 ritu
1191 5694 1352 5746 ambo
1395 5691 1498 5745 ista
1533 5689 1776 5761 seiuncta
1811 5693 1982 5750 fuisse
2013 5709 2104 5762 pu-

519 5795 660 5839 tant:
685 5803 858 5856 neque
873 5789 1159 5856 quisquam
1181 5802 1366 5854 pacem
1383 5801 1447 5840 ac
1467 5787 1956 5841 reconciliationem
1977 5803 2100 5842 cum

519 5873 759 5934 Ecclesia
785 5895 946 5950 quam
976 5895 1076 5934 nos
1104 5879 1483 5934 absolutionem
1505 5879 1756 5946 dicimus,
1799 5881 2100 5936 obtinuisse

2197 4699 2403 4740 Caunum
2431 4683 2608 4752 ipsum
2639 4681 2704 4735 de
2733 4681 2900 4750 lapsis
2931 4678 3256 4748 recipiendis
3287 4687 3395 4730 tam
3418 4677 3621 4730 diserte
3647 4691 3788 4731 san-

2197 4775 2402 4840 xisset;
2429 4777 2608 4842 inepta
2643 4786 2775 4827 sane
2807 4771 2999 4824 fuisset
3021 4767 3277 4838 Exuperii
3307 4769 3392 4820 illa
3441 4767 3698 4836 quaestio,
3741 4767 3794 4823 si

2197 4867 2451 4922 universe
2473 4875 2632 4934 atque
2662 4863 2872 4917 inlinite
2905 4869 3254 4930 percontatus
3283 4870 3446 4913 esset.
3475 4857 3580 4910 Sed
3619 4859 3800 4911 nimi-

2198 4975 2316 5011 rum
2349 4958 2452 5010 alia
2485 4965 2538 5012 et
2579 4972 2606 5009 a
2629 4955 2794 5024 lapsis
2823 4969 2886 5008 ac
2911 4953 3286 5021 peccatoribus
3312 4951 3536 5020 reliquis
3559 4951 3796 5004 illorum
3873 4977 3878 4980 -

2199 5059 2444 5118 separata
2478 5063 2642 5102 causa
2699 5045 2821 5112 fuit,
2871 5045 2964 5114 qui
3003 5045 3379 5114 paenitentiam
3413 5043 3478 5096 ad
3525 5043 3799 5097 instantis

2199 5143 2380 5196 obitus
2423 5141 2722 5210 periculum
2762 5153 2936 5208 usque
2971 5137 3342 5192 distulissent:
3382 5135 3586 5206 quibus
3617 5135 3796 5190 etiam

2201 5231 2544 5288 moribundis
2569 5232 2698 5288 olim
2735 5229 3027 5284 interclusa
3051 5229 3365 5282 communio
3391 5236 3494 5294 est.

2271 5324 2424 5392 Quod
2468 5323 2774 5396 Cyprianus
2803 5320 3044 5389 cpistola,
3073 5319 3132 5372 5|
3186 5317 3254 5370 ad
3286 5319 3652 5370 Antonianum
3673 5320 3804 5373 evi-

2201 5416 2390 5470 denter
2431 5415 2731 5486 signilicat;
2789 5429 2912 5466 nam
2961 5428 3084 5466 cum
3137 5411 3397 5464 adversus
3449 5407 3806 5465 Noxatiauus

2205 5507 2276 5561 ita
2309 5506 2654 5574 scripsisset:
2689 5503 2860 5556 Miror
2888 5512 3063 5577 autem
3095 5500 3350 5570 quosdam
3383 5499 3458 5551 sic
3488 5499 3802 5554 obstinatis:

2201 5615 2332 5661 esse,
2366 5608 2422 5650 ut
2459 5597 2693 5650 dandam
2720 5595 2879 5664 lapsis
2933 5610 3036 5646 non
3061 5601 3242 5660 putent
3277 5593 3664 5662 ptenitentiam,
3697 5605 3804 5644 ant

2203 5689 2570 5759 pwnitentibus
2605 5687 2904 5740 existiment
2928 5685 3130 5738 veniam
3159 5681 3520 5752 denegandam
3541 5697 3560 5733 :
3599 5694 3804 5750 postea

2205 5785 2309 5836 ista
2340 5781 2590 5851 sultjicit:
2627 5779 2694 5832 Et
2726 5778 2944 5842 idcirco,
2978 5777 3151 5846 frater-
3181 5775 3508 5836 charissime,
3531 5773 3806 5840 paeniten-

2209 5877 2338 5931 tiant
2383 5893 2482 5930 non
2527 5883 2758 5944 agentes,
2811 5890 2902 5926 nec
2951 5871 3179 5924 dolorem
3223 5870 3534 5924 delictorum
3573 5885 3808 5922 suorum
