4054 6404
291 473 422 530 κλει

1213 476 1304 531 ΒΕ
1341 475 1819 535 ΡωΝΙΤΕΝΤΙΙΕ
1856 479 2133 537 VETERE
2169 482 2571 541 DISCIPLINA.

3430 485 3571 543 i022

288 601 396 646 toto
428 589 586 645 corde
626 601 677 645 et
737 591 1024 663 manifesta
1066 593 1468 651 lamentationis
1528 613 1639 651 sua:
1674 598 1884 669 profes-
1915 608 1961 665 Α
1987 617 2101 669 eos,
2131 603 2223 673 qui
2253 603 2307 657 in
2339 602 2549 659 obitum
2582 617 2755 673 usque
2797 601 3124 674 proferrent,
3160 601 3377 673 penitus
3400 601 3570 657 inter-

287 687 435 741 sione
460 694 731 752 testantes,
760 686 1112 756 prohibendos
1147 689 1360 742 omnino
1391 691 1691 745 censuimus
1718 708 1751 744 a
1790 696 1882 759 spe

287 779 781 833 communicationis
831 788 879 833 et
901 780 1068 849 pacis,
1098 780 1146 834 si
1179 779 1236 834 in
1265 781 1582 851 infirmitate
1636 791 1794 853 atque
1828 784 1885 838 in

286 870 525 941 periculo
556 873 807 940 coeperint
854 874 1167 942 deprecari;
1214 875 1339 945 quia
1382 890 1569 943 rogare
1614 874 1737 931 illos
1778 894 1882 931 non

287 964 473 1017 delicti
490 965 820 1033 poenitentia,
848 965 943 1017 sed
965 966 1152 1019 mortis
1170 967 1405 1036 urgentis
1429 966 1720 1023 admonitio
1741 986 1885 1023 com-

285 1056 477 1126 ρμιίεω
524 1072 615 1110 nec
644 1056 833 1126 dignus
857 1066 935 1111 est
961 1058 1199 1125 accipere
1228 1058 1504 1124 solatium,
1552 1061 1644 1131 qui
1677 1077 1731 1116 se
1775 1078 1910 1116 none

286 1151 536 1219 cogitavit
556 1165 670 1203 esse
692 1151 1032 1203 moriturum.
1066 1149 1142 1205 De.
1164 1149 1232 1205 iis
1244 1158 1300 1204 et
1320 1149 1624 1222 Exuperius
1650 1153 1882 1210 interro-

287 1249 532 1311 gaverat,
558 1254 612 1296 et
641 1242 935 1312 respondet
965 1242 1339 1306 innocentius,
1386 1245 1588 1313 quibus
1631 1257 1880 1311 negatam

287 1345 408 1385 esse
442 1332 885 1386 communionem
926 1320 1127 1386 mirum
1164 1332 1336 1387 videri
1381 1349 1493 1389 non
1532 1336 1712 1400 debet,
1754 1354 1881 1393 cum

291 1421 374 1475 vel
402 1422 849 1489 catechumenos,
892 1423 1007 1493 qui,
1044 1423 1191 1493 quod
1223 1423 1466 1478 nondum
1496 1424 1751 1483 Ecclesiae
1782 1445 1879 1497 p0-

288 1514 471 1568 testati
521 1514 723 1569 subditi
771 1524 974 1580 essent,
1003 1515 1295 1571 humanius
1335 1518 1603 1573 tractandi
1641 1518 1879 1587 fuerant,

286 1604 476 1659 eadem
515 1604 603 1658 illa
644 1618 917 1660 canonum
963 1606 1227 1661 severitas
1259 1608 1689 1677 perstrinxerit:
1755 1627 1878 1666 nam

287 1697 383 1767 qui
407 1696 739 1767 baptismum
777 1696 831 1751 in
865 1697 1076 1752 obitum
1101 1713 1275 1769 usque
1304 1712 1718 1770 prorOgassent,
1768 1719 1878 1758 non

288 1790 399 1844 illis
445 1783 664 1860 quidem
701 1788 850 1860 quod
902 1789 1161 1860 petebant
1204 1791 1528 1861 denegatum
1592 1791 1731 1862 fuit;
1785 1795 1880 1849 sed

288 1881 455 1937 iidem
497 1883 645 1937 velut
674 1880 915 1937 infamia:
947 1883 1090 1938 notis
1120 1882 1288 1938 inusti
1319 1899 1351 1938 a
1383 1885 1691 1940 sacerdotio
1726 1887 1880 1955 peni-

1988 696 2173 751 clusos
2207 696 2378 751 fuisse
2400 709 2621 751 censeo.
2667 694 2912 751 Tandem
2938 708 3067 749 vero
3100 708 3169 747 ne
3197 694 3319 750 istis
3346 694 3567 763 quidem

1987 788 2176 859 negari
2212 790 2656 843 communionem
2705 788 2930 858 placuit,
2981 800 3106 843 cum
3137 786 3441 842 instaurata
3474 785 3572 841 Ee-

1985 881 2167 936 clesiae
2198 881 2469 945 libertate,
2517 881 2814 951 plurimum
2859 879 2927 934 de
2975 880 3327 949 antiquorum
3359 879 3567 933 rituum

1986 972 2275 1028 severitate
2316 987 2383 1027 ac
2437 972 2644 1027 duritia
2693 971 3042 1028 decessisset.
3087 970 3192 1026 Per
3237 971 3352 1026 hazc
3392 970 3570 1026 incre-

1985 1074 2169 1121 menta
2202 1065 2485 1135 paulatim,
2521 1074 2789 1136 quantum
2823 1065 3086 1131 arbitror,
3118 1063 3403 1134 disciplina
3442 1079 3572 1133 pro-

1985 1160 2171 1214 cessit.
2198 1156 2385 1227 Neque
2408 1167 2591 1212 tamen
2617 1157 2798 1213 ubivis
2831 1167 3127 1221 terrarum,
3148 1164 3205 1211 et
3225 1155 3278 1210 in
3309 1156 3568 1211 omnibus

1986 1247 2246 1305 Ecclesiis
2296 1249 2545 1303 moribus
2588 1248 2701 1303 haec
2738 1247 2973 1303 subinde
3019 1256 3235 1318 recepta
3284 1248 3566 1314 videntur;

1983 1350 2185 1397 etcum
2221 1342 2341 1397 aliae
2370 1341 2495 1398 aliis
2526 1341 2690 1397 citius
2707 1341 3055 1408 ascivissent,
3078 1341 3281 1396 veteris
3332 1340 3568 1396 instituti

1984 1448 2047 1489 ac
2074 1428 2382 1490 severitatis
2414 1434 2661 1507 reliquiae
2692 1449 2859 1505 penes
2890 1433 3103 1504 aliquas
3144 1432 3237 1488 diu
3270 1432 3566 1488 admodum

1984 1526 2325 1583 resederunt.
2361 1526 2614 1583 Nondum
2649 1528 2797 1582 enim
2831 1527 3071 1598 generali
3105 1527 3287 1597 aliqua
3319 1525 3566 1581 sanctio-

1982 1631 2074 1681 ne,
2115 1631 2223 1686 qua
2271 1630 2463 1671 omnes
2511 1613 2772 1670 Ecclesia:
2813 1623 3149 1680 tenerentur,
3190 1628 3252 1667 ea
3300 1627 3389 1668 res
3434 1628 3569 1668 con-

1984 1702 2174 1756 stituta
2199 1701 2411 1769 fuerat;
2445 1711 2540 1756 aut
2568 1702 2717 1756 illam
2758 1709 2907 1756 certe
2952 1701 3165 1755 tardius
3196 1699 3437 1770 regionis
3466 1700 3570 1754 ali—

1982 1794 2137 1864 cujus
2165 1795 2508 1850 consuetudo
2533 1802 2697 1865 atque
2728 1809 2863 1847 usus
2886 1793 3132 1848 admisit.
3164 1790 3337 1859 Quam
3373 1792 3426 1846 in
3452 1807 3568 1847 rem

1982 1886 2111 1942 facit
2150 1887 2405 1959 Cypriani
2437 1886 2643 1941 dictum
2690 1884 2819 1939 illud
2873 1884 3045 1953 Epist.
3097 1884 3166 1937 ad
3204 1885 3456 1938 Anton.:
3496 1880 3568 1936 Et

291 1984 380 2029 tus
414 1975 778 2039 arcebantur;
825 1989 966 2044 quos
996 1974 1161 2029 etiam
1195 1973 1436 2032 Ciinicos
1481 1977 1873 2036 nominabant:
1908 1969 1954 2026 Β
1982 1979 2193 2050 quidem
2243 1978 2384 2046 apud
2421 1988 2773 2031 antecessores
2822 1985 3028 2029 nostros
3079 1975 3300 2044 quidam
3344 1980 3411 2028 de
3459 1976 3570 2045 epi-

288 2066 436 2137 quod
470 2066 524 2121 in
547 2081 709 2121 causa
734 2064 1021 2122 Novatiani
1050 2074 1319 2121 testantur
1350 2065 1451 2121 SS.
1481 2066 1618 2133 PP.,
1647 2077 1701 2124 et
1717 2084 1872 2126 conc.

288 2155 728 2213 Neocaesariense
769 2157 1011 2212 decrevit
1040 2172 1165 2213 can.
1190 2157 1280 2211 42.
1328 2157 1403 2212 De
1437 2157 1659 2215 Clinicis
1687 2158 1870 2230 igitur,

290 2259 350 2304 ut
378 2249 452 2305 ita
483 2250 683 2317 dicam,
723 2249 1111 2319 pmnitentihus
1145 2248 1521 2322 accipiendum
1551 2260 1636 2306 est
1678 2251 1878 2306 rescri.

286 2352 440 2412 ptum
463 2342 592 2397 illud
622 2340 948 2399 lnnocentii.
964 2340 1061 2396 Vel
1081 2341 1283 2412 potius,
1307 2357 1433 2396 cum
1450 2350 1506 2396 et
1528 2340 1595 2397 de
1619 2341 1725 2397 illis
1750 2351 1875 2414 agat

286 2434 579 2505 praecipue,
614 2440 668 2487 et
704 2448 770 2488 eo
810 2433 1058 2488 narratio
1090 2441 1203 2488 tota
1244 2431 1515 2489 referatur
1547 2451 1562 2501 ;
1596 2434 1760 2490 altius
1793 2447 1872 2489 ta-

286 2538 409 2578 men
452 2523 730 2594 negotium
758 2533 1027 2593 rcpetens,
1072 2522 1206 2593 quid
1236 2523 1305 2579 de
1343 2525 1492 2579 omni
1522 2534 1871 2594 peccatorum

283 2631 483 2688 genere
505 2615 763 2670 Ecclesia:
801 2615 1145 2671 consuetudo
1174 2616 1432 2682 tenuerit,
1467 2615 1521 2669 in
1551 2616 1867 2671 memoriam

284 2720 536 2763 revocat:
579 2707 723 2778 quod
754 2705 822 2761 ad
858 2704 1103 2763 Clinicos
1134 2706 1273 2762 istos
1305 2708 1650 2777 suspicamur
1682 2717 1870 2777 postea

284 2800 460 2857 fuisse
504 2801 839 2856 restrictum.
906 2799 1150 2855 Primum
1190 2799 1337 2855 enim
1369 2799 1436 2854 de
1470 2799 1778 2855 libidinosis
1814 2806 1871 2852 et

292 2893 760 2949 incontinentibus
783 2899 1026 2962 rogatus.
1043 2892 1112 2947 de
1128 2891 1316 2962 lapsis,
1338 2892 1441 2947 hoc
1457 2902 1541 2948 est
1564 2876 1871 2949 idololatris

287 2986 612 3043 nominatim
650 2988 867 3041 decreta
906 2983 1135 3056 profert.
1190 2985 1396 3041 Deinde.
1427 3001 1554 3041 cum
1598 2987 1866 3054 uenite-n-

287 3080 421 3136 tiam
481 3081 601 3136 sine
643 3078 1034 3136 communione
1097 3093 1418 3134 concessam
1450 3079 1703 3146 asserit,
1758 3095 1865 3135 non

288 3184 400 3226 tam
455 3170 604 3227 istud
645 3170 715 3225 ad
763 3171 1024 3239 Clinicos,
1052 3185 1219 3242 quam
1266 3173 1334 3227 ad
1359 3187 1719 3243 quoscunque
1745 3189 1869 3243 pec-

287 3273 501 3320 catores
524 3265 736 3320 attinet.
767 3265 932 3337 Atqui
956 3267 1025 3321 de
1049 3266 1388 3322 moribundis
1412 3264 1678 3321 duntaxat
1700 3266 1867 3321 innu-

286 3358 517 3428 rogabat
548 3356 872 3429 Exuperius,
901 3366 957 3414 et
991 3357 1149 3414 aliter
1179 3359 1431 3415 dubitare
1466 3358 1706 3414 hominis
1763 3371 1883 3413 erat

285 3465 479 3521 parum
508 3449 564 3504 in
588 3449 845 3507 Ecclesia:
874 3451 1075 3508 ritibus
1104 3452 1330 3509 eruditi.

355 3539 722 3608 Quamobrem
750 3544 1046 3600 verisimile
1071 3553 1158 3600 est
1185 3545 1568 3601 innocentium
1592 3545 1865 3618 hypothe-

288 3635 373 3689 sin
417 3633 485 3689 ad
521 3636 752 3704 thesim,
792 3637 898 3692 hoc
953 3646 1039 3693 est
1088 3638 1396 3709 generalem
1454 3639 1883 3709 disputationem

287 3727 827 3798 controversiamque
881 3743 1207 3796 revocasse;
1252 3738 1308 3784 et
1351 3744 1574 3784 causam
1629 3730 1882 3785 attulisse

289 3830 389 3869 cur
429 3815 722 3885 aliquando
772 3818 941 3874 tardis
973 3818 1081 3874 illis
1118 3819 1543 3889 paenitentibus,
1589 3819 1719 3873 olim
1755 3833 1882 3875 vero

291 3908 460 3962 etiam
504 3909 840 3979 quibuslibet
872 3909 1185 3981 graviorum
1235 3910 1528 3966 criminum
1566 3910 1699 3976 reis,
1730 3926 1880 3966 com-

291 4000 568 4055 munionis
613 4014 738 4069 spes
784 4001 1012 4071 pracisa
1057 3998 1221 4056 fuerit
1252 4019 1266 4054 :
1298 4001 1581 4066 nimirum,
1615 4015 1726 4070 quo
1760 4015 1878 4070 pte-

291 4106 488 4146 narum
541 4103 689 4146 metu
746 4092 802 4147 in
857 4092 1035 4149 cilicio
1079 4093 1380 4149 Christiani
1435 4094 1874 4159 continerentur,

291 4182 558 4253 principio
601 4185 986 4241 communione
1028 4186 1336 4256 prohibitos
1378 4185 1739 4255 capitalium,
1800 4186 1880 4240 uti

293 4274 430 4341 dixi,
461 4275 728 4330 scelerum
775 4278 1052 4342 conscios,
1096 4294 1196 4333 nec
1234 4295 1478 4350 unquam
1520 4279 1633 4333 sive
1669 4279 1879 4333 incolu-

294 4381 435 4429 lnes,
466 4366 580 4419 sive
633 4367 988 4422 moribundos
1032 4367 1289 4424 Ecclesiae
1340 4371 1657 4434 restitutos,
1692 4377 1878 4439 postea

291 4472 423 4513 vero
456 4455 697 4511 nondum
730 4459 946 4527 penitus
985 4461 1276 4515 constituta
1311 4475 1466 4530 pace,
1496 4460 1876 4531 pcenitentiam

291 4549 511 4622 quidem
548 4548 657 4605 illis
693 4566 757 4605 ac
805 4551 1248 4606 communionem
1297 4551 1585 4618 indultam,
1628 4552 1722 4622 qui
1764 4568 1881 4607 ma-

1984 2074 2156 2143 scOpis
2185 2073 2307 2126 istic
2340 2073 2395 2125 in
2424 2070 2695 2141 provincia
2721 2077 2908 2124 nostra
2950 2069 3189 2123 dandam
3226 2085 3409 2139 pacem
3445 2085 3571 2123 mae-

1983 2166 2095 2219 chis
2126 2180 2231 2218 non
2260 2170 2616 2233 putaverunt;
2656 2170 2705 2215 et
2738 2162 2791 2214 in
2826 2171 2997 2215 totum
3030 2159 3353 2230 poenitentiae
3393 2159 3570 2212 locum

1980 2266 2166 2312 contra
2197 2255 2463 2310 adulteria
2502 2253 2835 2315 clauserunt;
2872 2268 2976 2306 non
2998 2264 3171 2305 tamen
3204 2250 3268 2304 ab
3299 2250 3569 2322 episcopo-

1980 2364 2096 2402 rum
2118 2362 2334 2402 suorum
2363 2344 2584 2416 collegio
2613 2354 2959 2399 recesserunt.

2048 2436 2177 2493 Haec
2205 2437 2296 2493 ille
2330 2433 2693 2490 Novatianum
2745 2435 3149 2505 perstringens;
3201 2432 3349 2504 quod
3381 2431 3450 2487 ad
3480 2431 3568 2486 in-

1980 2530 2357 2600 tempestivam
2391 2528 2445 2581 in
2482 2527 2667 2596 lapsos
2707 2526 3110 2585 crudelitatem,
3157 2523 3303 2595 quod
3341 2524 3569 2578 minime

1979 2621 2354 2679 necessarium
2415 2626 2570 2685 erat,
2637 2617 2929 2673 dissidium
2998 2616 3377 2687 adjunxisset,
3436 2630 3564 2671 cum

1979 2714 2183 2783 alioqui
2221 2713 2288 2768 de
2325 2712 2495 2782 lapsis
2542 2709 2688 2782 quod
2722 2709 2887 2764 vellet
2920 2708 3176 2778 privatim
3215 2708 3420 2763 sentire
3461 2720 3562 2777 po-

1979 2807 2162 2874 tuerit,
2200 2820 2301 2860 nec
2335 2805 2405 2859 ah
2449 2802 2708 2858 Ecclesiae
2750 2800 3013 2857 societate
3051 2798 3255 2854 divelli.
3301 2796 3461 2865 Quod
3499 2797 3569 2852 de

1978 2897 2317 2953 Tertulliano
2350 2894 2571 2964 perinde
2604 2891 2983 2963 usurpandum
3013 2898 3152 2954 erat,
3200 2889 3247 2944 si
3293 2898 3403 2942 tam
3438 2887 3560 2954 iste,

1976 3006 2141 3063 quam
2173 2988 2510 3044 Novatianus
2550 2986 2815 3040 hactenus
2852 2983 3234 3053 procederent,
3284 2989 3345 3035 ut
3376 2981 3563 3049 lapsos

1976 3082 2319 3138 reconciliari
2350 3094 2460 3134 non
2493 3088 2748 3148 oportere
2774 3077 3041 3141 dicerent,
3085 3088 3196 3128 non
3243 3083 3425 3127 autem
3470 3088 3567 3126 ve-

1976 3174 2082 3229 niae
2117 3173 2421 3230 tribuenda:
2459 3172 2551 3243 jus
2583 3171 2651 3226 ab
2682 3167 2927 3225 Ecclesia
2967 3181 3198 3238 prorsus
3247 3165 3562 3235 abjudicas-

1983 3271 2106 3319 sent
2139 3283 2152 3319 :
2183 3278 2349 3334 quam
2389 3260 2461 3317 ob
2504 3275 2729 3316 causam
2785 3258 2980 3313 merito
3023 3265 3284 3327 tanquam
3327 3253 3568 3309 haeretici

1984 3356 2228 3413 damnati
2251 3363 2400 3412 sunt.
2434 3353 2554 3409 Jam
2598 3368 2728 3408 vero
2766 3368 2833 3407 ex
2872 3351 3090 3405 illorum
3119 3363 3369 3415 numero,
3426 3361 3569 3419 quos

1986 3452 2220 3523 spissius
2252 3465 2318 3506 ac
2367 3447 2576 3504 tardius
2603 3446 2657 3501 in
2687 3461 2808 3502 eam
2840 3444 3117 3500 lenitatem
3150 3442 3414 3498 infractos
3445 3443 3567 3495 esSc

1982 3545 2253 3607 diximus,
2306 3540 2695 3612 Hispanienses
2744 3537 3000 3593 Ecclesiae
3050 3546 3214 3607 atque
3286 3534 3562 3589 antistites

1984 3635 2259 3693 recenseri
2302 3634 2534 3699 debent;
2571 3646 2711 3703 quos
2741 3647 2849 3686 non
2890 3630 3067 3700 magis
3111 3645 3275 3699 quam
3337 3637 3566 3683 cancros

1987 3742 2204 3791 omnes,
2245 3727 2493 3796 adeoque
2517 3724 2822 3780 Ecclesiam
2854 3721 3011 3777 initio
3042 3730 3215 3776 totam
3257 3729 3441 3776 tuetur
3467 3736 3565 3774 ex-

1983 3830 2250 3890 cusatque
2310 3815 2579 3889 pontifex.
2640 3814 2775 3871 Volo
2826 3816 2971 3871 enim
3035 3813 3336 3870 Innocentii
3400 3815 3564 3869 verba

1984 3913 2220 3983 prudens
2269 3911 2443 3965 lector
2486 3908 2920 3973 animadvertat,
2971 3907 3409 3973 observationem,
3458 3907 3567 3961 sit'e

1982 4002 2410 4060 consuetudinem
2464 4002 2695 4072 priorem
2736 4001 2964 4055 tenuisse
2999 4017 3017 4053 :
3050 3998 3195 4070 quod
3242 3998 3310 4053 de
3347 3998 3568 4068 provin-

1981 4099 2138 4154 cialis
2173 4095 2369 4169 synodi
2418 4108 2628 4151 canone
2661 4108 2726 4148 ac
2769 4094 2988 4148 decreto
3033 4106 3381 4162 nequaquam
3415 4090 3566 4145 dice-

1981 4200 2097 4258 ret;
2133 4189 2226 4245 sed
2255 4190 2322 4245 de
2348 4204 2414 4244 eo
2450 4189 2641 4259 utique
2666 4188 2799 4252 ritu,
2835 4185 2931 4256 qui
2977 4185 3149 4239 totius
3181 4182 3441 4237 Ecclesiae
3471 4181 3561 4247 sit,

1981 4272 2330 4350 aut'majoris
2374 4279 2566 4333 saltem
2609 4277 2780 4348 partis
2831 4274 3233 4331 consuetudine
3286 4280 3562 4343 receptus.

1981 4372 2248 4441 Quocirca
2285 4372 2544 4442 prmclare
2575 4370 2657 4436 id,
2694 4367 2843 4440 quod
2882 4368 3135 4439 superius
3175 4366 3414 4436 positum
3457 4373 3561 4431 est,

1982 4468 2086 4522 hoc
2139 4464 2440 4521 Innocentii
2484 4462 2861 4519 testimonium
2910 4460 3205 4515 confirmat
3247 4478 3261 4514 :
3309 4468 3560 4528 negatam

1928 4614 1937 4621 _
1981 4556 2237 4612 maximis
2293 4555 2589 4611 sceleribus
2638 4554 2766 4607 olim
2826 4553 3272 4608 communionem
3318 4550 3493 4606 fuisse
3544 4570 3558 4606 :

293 4652 415 4700 ture
443 4642 511 4699 ad
536 4659 655 4701 eam
685 4645 973 4714 petendam
999 4648 1382 4712 accessissent,
1435 4645 1648 4700 caeteris
1677 4646 1731 4699 in
1754 4660 1878 4715 per-
1908 4670 1952 4726 ι)
1982 4666 2087 4721 qna
2115 4658 2301 4720 postea
2329 4649 2621 4718 permissa,
2656 4646 2758 4703 soli
2790 4647 2866 4701 illi
2902 4645 3113 4716 excepti
3155 4644 3435 4719 videntur,
3466 4643 3563 4713 qui

295 4745 517 4806 petuum
576 4735 793 4806 rejectis
824 4776 838 4800 ,
897 4751 960 4791 ac
1016 4745 1296 4807 postremo
1354 4738 1563 4807 pacatis
1624 4736 1880 4792 Ecclesia:

294 4827 475 4893 rebus,
528 4826 691 4882 etiam
749 4824 1017 4881 tardiores
1073 4825 1194 4882 illos
1243 4826 1485 4881 instante
1531 4825 1645 4896 jam
1701 4836 1880 4882 morte

293 4918 736 4974 communionem
794 4918 1142 4986 impetrasse.
1205 4918 1332 4972 Tria
1397 4918 1516 4974 haec
1564 4918 1879 4975 necessario

292 5010 673 5082 distinguenda
704 5017 834 5065 sunt
866 5009 1124 5065 Ecclesiae
1155 5019 1422 5081 tempora,
1465 5019 1525 5065 ut
1555 5011 1879 5066 dissidentes

292 5122 325 5161 a
365 5122 424 5161 se
471 5104 702 5160 invicem
753 5103 1200 5175 gravissimorum
1240 5101 1468 5158 Patrum
1523 5103 1878 5158 auctoritates

291 5195 676 5255 concilientur.
714 5197 777 5251 Et
817 5197 1037 5267 quidem
1080 5197 1256 5265 prima
1291 5195 1384 5251 illa
1418 5195 1879 5264 severissimaque

291 5288 582 5358 disciplina
616 5289 721 5343 sub
752 5289 1129 5359 apostolorum
1179 5296 1446 5356 tempora,
1480 5294 1534 5341 et
1561 5286 1625 5341 ad
1655 5284 1877 5340 Tertul-

291 5381 423 5437 liani
451 5380 564 5436 fere
588 5382 848 5438 smculum
878 5380 1136 5445 obtinuit,
1166 5395 1291 5450 quae.
1320 5397 1348 5432 a
1396 5378 1708 5452 Zephyriuo
1740 5396 1877 5451 pon-

291 5475 459 5540 tiﬁce,
512 5477 657 5546 quod
704 5475 774 5530 ad
825 5474 1119 5530 mmchiam
1161 5481 1391 5543 spectat,
1451 5472 1734 5544 paululum
1783 5487 1875 5528 re-

293 5569 496 5636 laxata,
527 5568 785 5641 Cypriani
819 5567 1155 5637 temporibus
1203 5566 1442 5636 majores
1490 5566 1557 5620 ad
1596 5565 1874 5620 lenitatem

296 5677 619 5730 prOgI-essus
693 5661 901 5717 habuit.
967 5658 1092 5715 Fuit
1151 5659 1297 5714 enim
1377 5658 1679 5714 secundum
1742 5657 1877 5713 illud

295 5754 538 5810 maxime
565 5765 801 5825 tempus,
831 5769 944 5825 quo
966 5753 1177 5808 nullum
1204 5751 1410 5823 peccati
1445 5767 1616 5823 genus
1638 5768 1668 5806 a
1694 5750 1873 5808 fructu

292 5847 700 5902 communionis
728 5855 1016 5916 exceptum
1046 5856 1162 5910 est;
1195 5845 1287 5900 sed
1322 5844 1397 5899 ita
1424 5852 1630 5906 tamen,
1660 5843 1704 5898 si
1741 5853 1877 5898 tein-

295 5940 486 6000 borius
526 5956 584 5996 se
616 5941 682 5995 ad
720 5940 1099 6010 paenitentiam
1152 5938 1495 6010 applicarent
1529 5957 1540 5991 :
1580 5954 1704 5992 nam
1754 5948 1869 5994 tum

1981 4743 2048 4797 ad
2079 4751 2383 4796 extremum
2423 4755 2597 4810 usque
2626 4739 2750 4793 vitae.
2779 4740 3084 4809 periculum
3126 4737 3178 4791 in
3206 4736 3407 4791 delicto
3436 4752 3561 4806 pcr-

1981 4843 2345 4889 severassent.
2394 4830 2552 4886 Unde
2599 4832 2653 4885 in
2692 4831 2927 4886 concilio
2959 4829 3166 4884 Arelat.
3200 4844 3239 4895 ι,
3271 4844 3397 4882 can.
3437 4827 3510 4881 9.3
3544 4846 3557 4880 :

1980 4927 2059 4980 De
2099 4925 2202 4992 liis,
2248 4926 2338 4995 qui
2378 4932 2706 4994 apostatant.
2779 4933 2828 4977 et
2879 4938 3149 4994 nunquam
3187 4938 3241 4975 se
3281 4921 3350 4974 ad
3396 4920 3563 4975 eccle-

1980 5018 2119 5072 siam
2162 5022 2562 5085 reprcesentant,
2612 5029 2703 5066 nec
2750 5010 2961 5083 quidem
3002 5010 3361 5078 paenitentiam
3409 5024 3564 5077 agere

1981 5119 2246 5181 quierunt,
2271 5120 2314 5160 et
2346 5117 2529 5176 postea
2574 5104 2882 5175 inﬁrmitate
2922 5104 3148 5171 correpti
3192 5112 3373 5171 petunt
3418 5115 3563 5152 com-

1980 5199 2307 5263 munionem,
2341 5197 2541 5267 placuit
2577 5196 2651 5250 eis
2698 5212 2800 5248 non
2841 5196 3076 5247 dandam
3112 5191 3557 5251 communionem,

1982 5291 2086 5344 nisi
2139 5289 2496 5352 revaluerint,
2545 5297 2595 5342 et
2646 5287 2845 5358 egerint
2892 5285 3080 5354 dignos
3134 5282 3340 5351 fructus
3394 5279 3561 5350 paeni-

1980 5383 2182 5436 lentim.

2050 5472 2147 5528 Est
2175 5471 2321 5528 aliud
2348 5473 2575 5541 insuper
2609 5471 2660 5524 in
2693 5471 2785 5525 illo
2820 5469 3120 5524 lnnocentii
3162 5467 3283 5522 loco
3330 5463 3559 5518 minimo

1978 5558 2439 5637 praetereundum,
2471 5580 2595 5619 cum
2629 5564 2706 5617 ait
2747 5573 2990 5634 negatam
3025 5561 3190 5631 fuisse
3231 5556 3560 5611 communio-

1980 5675 2116 5725 nem,
2145 5674 2446 5711 concessam
2483 5657 2869 5727 paenitentiam,
2912 5671 2973 5707 ne
3015 5662 3180 5706 totum
3227 5650 3433 5721 penitus
3475 5662 3559 5702 ne-

1979 5760 2216 5822 garetur.
2240 5749 2319 5804 Ex
2350 5765 2460 5820 quo
2492 5749 2566 5804 ita
2593 5748 2848 5817 colligere
2878 5747 3009 5801 licet
3036 5765 3049 5800 :
3081 5743 3197 5800 Nisi
3228 5739 3558 5813 pmnitentie':

1979 5845 2200 5899 nomine
2222 5843 2633 5898 absolutionem
2662 5840 3013 5897 innocentius
3055 5839 3336 5909 intelligat,
3371 5852 3494 5907 qua:
3523 5847 3556 5888 a

1980 5932 2251 5994 Domi'nici
2282 5937 2530 6008 corporis
2561 5935 2859 6008 usurpandi
2895 5928 3041 6005 jure‘
3063 5934 3321 5991 distincta
3366 5931 3458 5994 sit.
3485 5920 3554 5987 de
