4054 6404
516 441 652 495 10ιῖ

1607 444 1956 501 APPENDIX
1990 441 2622 501 DlSSER'l’ATlONUM.

3625 440 3780 497 was

510 577 624 631 quo
661 569 847 632 postea
881 553 1124 619 dicemus
1156 582 1168 618 :
1199 563 1525 634 quibusdam
1565 565 1938 635 peccatoribus
1969 576 2088 633 ρω-
2117 564 2164 622 Α
2193 561 2330 615 adeo
2359 571 2418 615 ut
2448 578 2512 617 ex
2540 562 2874 618 Eliberitano
2915 573 3178 616 consessu
3227 555 3559 628 asperiorem
3609 554 3778 608 illam

515 653 800 707 nitentiam
846 653 921 708 ita
965 655 1289 724 permissam
1333 671 1476 720 esse,
1514 666 1664 710 utea
1704 671 1982 726 nunquam
2013 669 2091 708 re-

516 740 808 796 laxaretur.
845 743 936 798 Sic
963 758 1108 797 enim
1163 759 1282 799 sese
1336 761 1424 800 res
1483 745 1691 801 habuit.
1727 743 1844 799 Non
1889 756 2091 800 temere

515 831 695 899 quivis
733 832 798 884 ad
835 833 1210 900 pmnitentiam
1253 834 1526 890 admissus
1564 845 1668 900 est,
1722 845 1800 899 ut,
1840 835 2090 906 quamvis

515 938 794 992 nunquam
829 924 883 977 in
916 927 1147 995 gratiam
1189 942 1314 981 cum
1347 927 1589 984 Ecclesia
1620 929 1896 984 rediturus
1924 938 2088 996 esset,

523 1023 707 1068 tamen
744 1030 868 1070 cum
901 1016 1087 1085 aliquo
1118 1017 1330 1072 delectu
1357 1018 1628 1088 publicam
1665 1020 1731 1073 ad
1763 1019 2092 1074 satisfactio-

515 1118 640 1157 nem
677 1105 1168 1176 pmnitentiamque
1236 1107 1589 1178 reciperetur.
1623 1107 1754 1162 Nam
1783 1117 1838 1163 et
1878 1110 1932 1162 in
1985 1125 2089 1178 pu-

513 1196 656 1251 blica
692 1199 1028 1268 paenitentia:
1075 1199 1378 1266 iunctione,
1423 1201 1504 1254 vel
1546 1201 1680 1256 citra
1724 1202 2089 1256 absolutionis

515 1303 690 1360 spem,
733 1305 870 1347 suus
919 1291 1139 1362 quidam
1192 1303 1310 1347 erat
1360 1292 1572 1348 fructus
1605 1312 1617 1346 :
1646 1295 1789 1363 quod
1820 1295 1872 1347 in
1898 1296 2088 1364 primis

510 1382 754 1439 ﬁdelium
788 1385 1039 1452 precibus
1073 1387 1568 1441 commendatiores
1599 1397 1808 1443 essent.
1847 1387 2003 1453 Quod
2042 1388 2088 1442 si

509 1483 775 1543 praeterea
804 1485 1062 1546 perpetua
1100 1476 1188 1531 illa
1225 1477 1538 1546 pmnitentia
1571 1477 1851 1532 damnatis
1893 1477 2092 1548 grada-

516 1569 638 1629 tim,
670 1579 730 1621 ut
771 1570 1003 1631 caeteris,
1053 1569 1118 1623 ad
1141 1581 1395 1639 quartum
1443 1570 1801 1638 ultimumque
1844 1570 2090 1624 ordinem

513 1659 702 1712 lico-ret
721 1660 896 1724 evehi,
931 1676 1094 1730 quam
1117 1660 1374 1716 σύστασιν
1411 1663 1700 1726 vocabant,
1728 1677 1836 1716 non
1857 1672 2094 1717 contem-

515 1747 756 1802 nendum
783 1764 960 1820 opera:
979 1751 1212 1821 pretium
1239 1753 1484 1820 exstitit;
1511 1755 1556 1809 si
1581 1755 1763 1808 minus
1801 1755 1868 1808 ad
1901 1768 2089 1823 pacem

511 1848 570 1894 et
618 1838 976 1896 Eucharistia:
1026 1843 1519 1913 participationem,
1568 1845 1635 1898 ad
1671 1845 1981 1899 interiorem
2007 1852 2093 1898 ta-

2189 650 2534 722 disciplinam
2567 655 2904 724 expressisse
2933 651 3104 706 videri
3143 651 3336 720 possit.

2263 739 2340 794 Ex
2385 742 2453 798 iis
2491 745 2745 799 omnibus
2796 744 2986 813 liquet,
3031 740 3222 811 procul
3263 754 3295 792 a
3328 735 3780 798 Novatianorum

2190 847 2379 888 errore
2399 850 2464 890 ac
2488 835 2713 904 perﬁdia
2746 834 3110 889 Eliberitanos
3148 829 3336 885 Patres
3363 826 3635 888 abfuisse;
3656 839 3780 878 nec

2189 925 2336 979 aliud
2358 928 2586 980 omnino
2613 927 2716 981 nisi
2741 937 2836 979 aut
2861 927 3094 993 priscam
3120 923 3372 978 Ecclesia:
3390 920 3780 990 disciplinam,

2190 1015 2286 1070 sed
2321 1032 2421 1069 usu
2453 1017 2564 1086 jam
2597 1017 2965 1082 obliteratam,
2993 1017 3174 1070 denuo
3203 1028 3518 1077 revocasse;
3540 1020 3633 1065 aut
3653 1011 3784 1065 hae-

2191 1115 2396 1159 rentem
2419 1107 2597 1160 adhuc
2623 1107 2676 1160 in
2701 1105 2980 1177 Hispaniis
3002 1107 3160 1161 novis
3181 1106 3391 1174 legibus
3410 1102 3780 1164 astrinxisse,

2189 1211 2315 1250 eum
2349 1197 2664 1266 capitalium
2695 1198 2961 1252 scelerum
2989 1199 3090 1261 rei,
3126 1197 3535 1267 prmsertimque
3568 1194 3780 1255 trium,

2193 1288 2534 1353 idololatria,
2589 1290 2869 1344 homicidii
2917 1299 2972 1345 et
3017 1289 3267 1343 adulterii
3303 1288 3456 1351 olim,
3503 1293 3561 1338 ut
3593 1284 3783 1338 lnno-

2190 1377 2403 1432 centius
2436 1379 2615 1443 docet,
2646 1381 2931 1434 communi
2960 1380 3362 1436 consuetudine
3392 1379 3606 1431 veniam
3636 1376 3786 1431 nul-

2193 1465 2301 1518 lam
2327 1476 2383 1519 et
2407 1467 2812 1523 absolutionem
2857 1470 3172 1525 obtinerent
3199 1488 3212 1524 :
3239 1485 3347 1525 non
3377 1468 3522 1538 quod
3552 1469 3788 1522 absolvi

2192 1556 2261 1609 ab
2284 1556 2526 1612 Ecclesia
2553 1576 2661 1614 non
2687 1570 2936 1630 possent,
2974 1571 3037 1616 ut
3067 1559 3438 1616 Tertullianus
3464 1560 3784 1622 asserebat,

2193 1647 2286 1700 sed
2309 1648 2454 1716 quod
2481 1648 2622 1716 ejus,
2654 1665 2821 1720 quam
2847 1650 3245 1720 amplissimam
3272 1665 3302 1703 a
3326 1647 3545 1702 Christo
3575 1660 3791 1700 susce-

2193 1747 2368 1807 perat,
2398 1749 2647 1810 potestas
2678 1757 2840 1797 usum
2875 1743 3044 1798 certis
3076 1741 3278 1797 ﬁnibus
3302 1738 3790 1809 circumscripsis-

2192 1837 2297 1884 set.

514 1932 954 2002 memorationis
1031 1943 1466 2003 ceterarumque
1533 1951 1714 1989 rerum
1776 1936 2088 1989 societatem

2266 1919 2406 1976 Huic
2432 1932 2542 1977 tam
2585 1933 2881 1994 comperta:
2924 1926 3328 1995 explorataque
3357 1925 3618 1980 doctrina
3641 1923 3791 1977 nul-

512 2024 825 2080 transferri.
857 2023 1181 2095 Quanquam
1233 2025 1323 2080 vix
1355 2036 1440 2080 est
1466 2039 1525 2079 ut
1557 2027 1774 2080 credam
1820 2026 2092 2095 perpetuis

515 2119 626 2174 illis
664 2119 1058 2189 paenitentibus
1107 2130 1444 2189 postremum
1501 2119 1655 2173 illum
1711 2121 1942 2189 gradum
1997 2133 2094 2188 pa-

522 2211 742 2266 tuisse:
774 2211 906 2281 quin
932 2213 1115 2280 potius
1142 2209 1315 2264 tribus
1360 2210 1633 2280 prioribus
1673 2210 1928 2264 delinitos
1970 2210 2093 2263 illos

512 2319 640 2360 esse
680 2303 950 2373 suspicor.
983 2300 1059 2356 Ita
1089 2302 1230 2372 apud
1271 2301 1553 2366 Basilium,
1604 2317 1727 2355 can.
1764 2301 1830 2357 73
1861 2301 1930 2354 ad
1962 2303 2093 2355 Am-

512 2394 675 2466 νήει,
700 2396 791 2464 qui
835 2393 1111 2448 Christum
1152 2393 1446 2463 negaverit,
1493 2393 1633 2447 inter
1668 2394 2094 2464 προσκλαίοντας

517 2490 575 2542 in
613 2495 930 2558 perpetuum
967 2485 1278 2554 relegatur:
1310 2484 1371 2537 '0
1400 2484 1492 2536 τὸν
1518 2484 1751 2555 Χριστὸν
1775 2485 2092 2555 ἀρνησάμε-

516 2596 626 2642 νος,
666 2579 760 2631 καὶ
799 2577 1051 2650 παραϐὰς
1096 2576 1158 2630 τὸ
1207 2577 1305 2648 τῆς
1355 2577 1630 2646 σωτηρίας
1677 2579 1998 2648 μυστήριον,
2037 2581 2094 2632 ὲν

517 2669 681 2723 παντὶ
705 2668 782 2739 τῷ
801 2669 976 2740 χρόνῳ
995 2669 1094 2740 τῆς
1117 2666 1260 2738 ζωῆς
1286 2668 1449 2722 αὐτοῦ
1475 2669 1826 2739 προσκλαίειν
1866 2669 2092 2738 ὀφείλει,

515 2759 613 2813 καὶ
645 2757 1080 2830 ἐξομολογεῖσθαι
1110 2762 1394 2830 χρεωστεί,
1432 2761 1490 2812 ὲν
1513 2759 1592 2819 τῷ
1621 2759 1797 2832 καιρῷ
1826 2753 1871 2829 ᾧ
1909 2759 2096 2814 ἐκϐαί-

515 2867 600 2907 νει
631 2852 722 2906 τοῦ
769 2852 908 2923 βίου,
957 2851 1066 2906 τῶν
1119 2851 1478 2923 ἀγισσμάτων
1529 2852 1869 2924 ἀξιούμενος,
1915 2853 2096 2905 πίστει

513 2942 621 3014 τῆς
674 2944 826 3014 παρὰ
881 2943 1016 2998 Θεοῦ
1068 2944 1500 3016 φιλανθρωπίας.
1566 2946 1915 3015 Aneyranum
1967 2959 2097 2998 vero

515 3053 642 3095 can.
685 3037 756 3091 25
793 3051 908 3100 eos.
961 3041 1053 3108 qui
1095 3039 1458 3093 voluntarium
1502 3038 1855 3092 homicidium
1913 3051 2099 3106 perpe-

517 3131 803 3195 traverint,
845 3137 961 3184 toto
1004 3130 1129 3185 vitae
1183 3139 1428 3200 tempore
1484 3129 1796 3183 ὕποπτώσει
1855 3128 2094 3199 subjicit.

518 3222 656 3292 Περὶ
688 3221 952 3275 ἑκουσίων
989 3223 1188 3291 φόνων,
1231 3222 1694 3276 ὐποπιπτέτωσσν
1737 3223 1855 3293 μὲν,
1895 3220 1990 3275 τοῦ
2042 3221 2097 3274 δὲ
2121 3241 2172 3302 c

516 3313 721 3367 τελεεου
743 3316 798 3366 ὲν
825 3314 904 3385 τῷ
925 3315 1068 3368 τέλει
1107 3314 1202 3368 τοῦ
1244 3313 1360 3384 βίου
1395 3314 1891 3380 καταξιούσθωσαν.
1933 3316 2096 3386 Atqui

517 3403 774 3461 Balsamo
821 3407 887 3459 ad
927 3405 1110 3460 Basilii
1153 3421 1420 3461 canonem
1470 3421 1578 3460 non
1620 3416 1774 3476 putat
1821 3407 1945 3462 illos
1988 3407 2097 3460 τῶν

517 3496 957 3570 προσκλαιόντων
979 3497 1148 3566 gradu
1171 3506 1434 3567 perpetuo
1464 3495 1635 3552 fuisse
1657 3498 1966 3564 damnatos,
1994 3498 2090 3553 sed

517 3591 762 3660 relians
812 3604 1004 3644 omnes
1051 3604 1115 3643 ex
1175 3589 1478 3661 Ancyrante
1535 3590 1730 3661 synodi
1782 3591 2097 3661 praescripto

517 3679 856 3752 percurrisse
894 3679 1084 3750 :quod
1130 3679 1274 3733 haud
1321 3681 1438 3735 scio
1483 3696 1550 3734 an
1591 3695 1778 3737 verum
1813 3685 1918 3749 sit;
1961 3699 2099 3753 quo-

518 3773 667 3825 niam
725 3769 1042 3840 Aneyranus
1099 3783 1275 3824 canon
1337 3770 1471 3826 satis
1517 3772 1806 3827 commode
1851 3772 1921 3827 ad
1969 3789 2096 3828 eum

519 3876 742 3917 sensum
770 3861 1010 3916 revocari
1040 3859 1275 3915 videtur.

591 3951 706 4008 Hoc
752 3967 900 4016 vero,
929 3953 1093 4022 {quod
1157 3969 1223 4006 ex
1271 3953 1572 4008 lnnocentii
1636 3955 1865 4025 epistola
1932 3957 2088 4012 colli-

515 4045 706 4118 gitur,
773 4043 937 4098 etiam
1005 4043 1261 4115 Cypriani
1354 4046 1656 4101 auctoritas
1729 4049 2094 4117 comprobat;

517 4137 613 4206 qui
674 4137 728 4190 in
800 4134 976 4204 Epist.
1030 4136 1099 4189 ad
1174 4137 1369 4192 Anton.
1439 4137 1550 4192 duo
1615 4137 1704 4191 illa
1767 4139 1846 4192 sic
1901 4140 2096 4194 distin-

519 4229 636 4294 guit
696 4245 710 4281 :
784 4225 986 4293 Miror,
1046 4227 1253 4296 inquit,
1331 4227 1587 4296 quosdam
1654 4229 1734 4282 sic
1803 4231 2097 4285 obstinatos

515 4333 652 4377 esse,
684 4329 738 4370 ut
767 4317 1000 4370 dandam
1029 4317 1192 4385 lapsis
1239 4333 1340 4370 non
1369 4327 1549 4387 putent
1595 4321 1978 4388 paenitentiam,
2007 4330 2099 4373 aut

516 4409 889 4480 penitentibus
934 4410 1231 4462 existiment
1269 4411 1468 4463 veniam
1509 4413 1887 4482 denegandam.
1934 4412 2095 4478 Aliud

521 4500 704 4568 itaque
728 4498 914 4562 fuerit,
942 4499 1317 4568 paenitentiam
1359 4502 1681 4565 concedere,
1744 4501 1893 4556 aliud
1921 4505 2096 4573 poeni-

2193 2009 2276 2066 los
2319 2013 2501 2066 acrius
2549 2024 2952 2084 repugnaturos
2987 2015 3255 2084 intelligo,
3289 2029 3455 2084 quam
3493 2014 3588 2082 qui
3627 2013 3792 2066 anti-

2193 2102 2418 2170 quitatis
2455 2103 2842 2158 ecclesiastica:
2884 2105 3066 2160 minus
3096 2105 3255 2175 periti
3291 2106 3485 2159 veteris
3512 2103 3792 2159 ecclesia

2193 2193 2428 2248 formam
2468 2195 2748 2251 hodiernis
2786 2196 2987 2252 ritibus
3019 2197 3395 2267 institutisque
3425 2197 3738 2251 metiuntur
3767 2215 3790 2250 :

2193 2287 2396 2356 quibus
2446 2303 2703 2358 asperum
2755 2297 2812 2343 et
2863 2289 3229 2343 inhumanum
3283 2289 3518 2355 videtur,
3557 2289 3789 2343 homini

2195 2379 2311 2447 uMi,
2333 2380 2426 2450 qui
2453 2382 2732 2436 commissi
2756 2382 3004 2438 criminis
3031 2383 3273 2436 dolorem
3301 2396 3366 2436 ac
3394 2381 3788 2452 penitentiam

2194 2488 2306 2542 pra:
2323 2488 2381 2528 se
2403 2471 2566 2538 ferat,
2595 2489 2784 2543 pacem
2806 2483 2861 2528 et
2887 2475 3281 2529 absolutionem
3307 2474 3585 2543 denegari.
3611 2471 3790 2539 Quod

2195 2565 2374 2633 ipsmn
2405 2575 2585 2620 tamen
2623 2567 2753 2620 olim
2786 2579 2938 2621 certo
2968 2567 3022 2620 in
3057 2568 3335 2620 hominum
3365 2567 3791 2635 criminumque

2196 2671 2392 2725 genere
2414 2666 2687 2711 servatum
2717 2656 2888 2711 fuisse
2912 2666 2993 2711 tot
3019 2657 3116 2710 illa.
3137 2657 3404 2710 hactenus
3437 2656 3599 2710 allata
3627 2658 3794 2710 testi-

2197 2747 2380 2801 monia
2425 2747 2828 2802 demonstrant.
2877 2747 3092 2814 Quibus
3134 2762 3303 2802 unum
3355 2747 3660 2800 alterumve
3715 2747 3790 2799 ad

2195 2837 2474 2891 cumulum
2511 2838 2759 2904 accedat,
2805 2847 2864 2892 ut
2902 2839 2984 2892 vel
3025 2839 3095 2892 ab
3141 2837 3330 2891 invitis
3369 2852 3658 2892 assensum
3695 2852 3792 2890 res

2197 2926 2301 2981 ista
2335 2938 2632 2983 mereatur.
2668 2928 2747 2982 Ac
2789 2929 3025 2999 primum
3074 2929 3217 2984 idem
3262 2943 3370 2983 non
3403 2928 3640 2983 obscure
3676 2927 3791 2998 Cy-

2201 3021 2425 3088 prianus
2450 3021 2654 3076 indicat
2679 3021 2911 3090 epistola
2942 3020 3024 3074 l3.
3052 3019 3190 3075 Cum
3212 3021 3357 3074 enim
3387 3020 3522 3088 lapsi
3547 3020 3789 3088 quidam

2201 3111 2412 3168 libellos
2447 3128 2478 3167 a
2513 3113 2848 3184 martyribus
2885 3113 3292 3183 impetrassent,
3315 3111 3515 3182 quibus
3539 3111 3672 3164 freti
3705 3126 3791 3165 reb

2201 3205 2306 3276 cipi
2337 3222 2397 3261 se
2427 3207 2479 3260 in
2517 3207 2771 3262 Ecclesia:
2805 3208 3252 3262 communionem
3295 3206 3651 3276 impatienter
3688 3223 3789 3275 pe-

2202 3309 2396 3363 terent,
2423 3301 2710 3355 consultus
2738 3315 2801 3354 ea
2831 3299 2900 3354 de
2930 3316 2989 3354 re
3020 3301 3326 3370 Cyprianus
3354 3300 3426 3352 ita
3453 3300 3788 3353 constituit:

2204 3389 2272 3445 Ut
2301 3394 2392 3461 qui
2419 3391 2624 3446 libellos
2647 3410 2680 3446 a
2705 3394 3032 3461 martyribus
3063 3402 3393 3462 acceperunt,
3430 3403 3476 3445 et
3506 3408 3791 3461 prter-oga-

2199 3483 2320 3536 tivis
2350 3498 2528 3536 eorum
2556 3483 2697 3552 apud
2727 3482 2896 3536 Deum
2928 3484 3173 3552 adjuvari
3215 3493 3452 3551 possunt,
3491 3483 3539 3535 si
3569 3484 3788 3534 incom-

2199 3575 2354 3627 modo
2379 3574 2558 3645 aliqua
2585 3584 2636 3629 et
2665 3575 2999 3644 inﬁrmitatis
3041 3576 3274 3644 periculo
3295 3577 3537 3644 occupati
3559 3575 3792 3643 fuerint,

2200 3683 2302 3720 non
2341 3678 2644 3736 exspectata
2681 3669 2963 3736 praesentia
3008 3679 3191 3722 nostra
3230 3668 3372 3736 apud
3418 3668 3790 3738 presbyterum

2201 3776 2556 3830 quemcunque
2575 3773 2903 3829 pra‘sentem,
2931 3761 3030 3826 vel,
3051 3763 3099 3815 si
3121 3765 3392 3831 presbyter
3413 3773 3656 3831 repertus
3681 3779 3794 3816 non

2204 3851 2387 3920 fuerit,
2411 3863 2459 3905 et
2483 3868 2662 3921 urgere
2693 3853 2866 3907 exitus
2901 3854 3134 3922 ceperit,
3164 3854 3304 3922 apud
3329 3854 3613 3919 diaconum
3649 3869 3793 3922 quo-

2201 3959 2298 4010 que
2326 3942 2498 4011 facere
2525 3942 2944 4014 exltomologesin
2975 3945 3153 3998 delicti
3171 3945 3256 3998 sui
3279 3944 3504 4014 possint.
3529 3953 3589 3996 ut
3618 3959 3791 3996 manu

2196 4037 2272 4090 eis
2308 4037 2363 4089 in
2391 4038 2754 4104 paenitentiam
2801 4040 3075 4107 imposita,
3125 4039 3337 4092 veniant
3378 4037 3448 4091 ad
3493 4037 3795 4091 Dominum

2199 4144 2318 4180 cum
2357 4145 2504 4193 pace.
2546 4127 2661 4184 Hoc
2706 4130 2816 4186 illis
2855 4131 3122 4185 duntaxat
3169 4129 3474 4201 Cyprianus
3531 4130 3794 4196 indulsit,

2198 4220 2291 4288 qui
2321 4220 2531 4276 libellos
2562 4237 2592 4274 a
2624 4222 2958 4292 martyribus
2989 4221 3368 4290 accepissent;
3403 4229 3664 4284 caeteros,
3697 4223 3794 4291 qui

2200 4311 2331 4366 iisce
2381 4313 2579 4367 libellis
2625 4323 2900 4379 carerent,
2961 4326 3279 4382 exspectare
3343 4313 3533 4365 tandiu
3588 4313 3796 4382 jussit,

2197 4402 2370 4456 donec
2404 4400 2659 4456 Ecclesia:
2711 4419 2815 4472 pax
2847 4415 2994 4457 esset
3035 4401 3268 4456 reddita.
3306 4400 3686 4468 Quamobrem
3724 4418 3796 4456 ne

2199 4491 2252 4545 in
2279 4493 2532 4562 praesenti
2563 4493 2782 4562 quidem
2816 4493 3008 4548 mortis
3029 4491 3352 4547 discrimine
3375 4493 3802 4562 posterioribus

526 4597 704 4642 tentes
749 4589 814 4642 ad
860 4604 1012 4658 spem
1065 4589 1527 4645 reconciliationis
1584 4591 1889 4648 admittere.
1938 4595 2092 4659 Quod
2126 4595 2172 4651 D
2201 4583 2309 4638 iiiis
2337 4597 2524 4652 Pacem
2555 4583 2768 4636 ii‘ibiiii‘
2799 4581 3014 4652 A“milii
3054 4581 3190 4634 "ihii
3225 4580 3365 4634 iniei‘
3388 4580 3525 4635 i5i°3
3551 4589 3605 4635 ei
3639 4584 3797 4651 Ρτίοο

520 4679 577 4732 in
630 4677 947 4734 Novatianis
993 4679 1350 4734 nihilominus
1386 4681 1732 4750 reprehendit
1777 4683 2098 4741 Ambrosius

522 4771 618 4825 lib.
651 4787 666 4825 ι
701 4769 777 4825 De
813 4787 950 4841 paen.
984 4786 1105 4840 cap.
1150 4771 1230 4826 1.:
1271 4771 1412 4836 Quid
1443 4782 1617 4826 autem
1644 4775 1850 4841 durius,
1899 4776 2096 4846 inquit,

517 4879 680 4932 quam
713 4872 771 4916 ut
805 4864 1042 4916 indicant
1073 4864 1644 4935 paenitentiam,quam
1677 4883 1780 4920 non
1821 4868 2100 4924 relaxent?

519 4953 627 5008 Sed
667 4956 809 5009 alius
842 4954 1115 5010 Ambrosii
1155 4956 1352 5012 saculo
1385 4957 1499 5024 jam
1538 4973 1671 5012 usus
1699 4959 2097 5028 percrebuerat,

519 5046 731 5099 nullum
778 5057 837 5100 ut
876 5055 1217 5116 peccatorum
1245 5062 1416 5117 genus
1442 5047 1674 5117 amplius
1694 5050 2095 5105 excluderetur.

519 5135 637 5193 Nisi
681 5137 823 5193 forte
863 5139 1042 5193 adhuc
1084 5139 1139 5192 in
1185 5137 1444 5208 Hispania
1491 5141 1817 5210 quibusdam
1859 5143 1912 5196 in
1962 5143 2099 5198 locis

521 5229 736 5298 antiqui
771 5230 942 5285 moris
972 5230 1260 5300 vestigium
1290 5239 1550 5296 exstaret,
1594 5248 1768 5302 eoque
1798 5248 1963 5288 sensu
1994 5235 2100 5288 Pao

521 5320 716 5376 cianus
746 5321 1094 5391 accipiendos
1123 5323 1213 5385 sit,
1246 5337 1371 5376 cum
1420 5322 1522 5376 tria
1575 5323 1665 5377 illa
1699 5325 1952 5394 capitalia
1989 5327 2098 5380 cri—

522 5415 674 5469 mina
730 5414 933 5468 nullam
997 5414 1292 5482 impetrare
1336 5429 1524 5482 pacem
1587 5415 1911 5485 veniamque
1975 5431 2103 5486 pro-

527 5507 764 5560 nuntiat.
814 5505 1060 5571 Quorum
1100 5506 1355 5561 conscios
1407 5522 1530 5560 cum
1581 5509 1648 5562 ad
1692 5509 2100 5578 procurandum

528 5597 889 5653 nihilominus
923 5597 1225 5652 remedium
1259 5598 1528 5664 hortatur,
1573 5598 1685 5653 lleri
1710 5609 1909 5669 potest,
1949 5613 2008 5655 ut
2035 5603 2104 5656 ad

525 5689 918 5756 capessendam
981 5688 1244 5743 sine'ulla
1289 5703 1386 5757 spe
1424 5691 1888 5747 reconciliationis
1931 5696 2106 5762 paeni-

531 5778 755 5834 tentiam
802 5779 1061 5849 impellat.
1126 5779 1286 5835 Certe
1333 5782 1518 5851 negari
1577 5799 1684 5835 non
1737 5793 1914 5852 potest
1968 5785 2101 5853 quin

533 5866 767 5922 obscure
800 5884 864 5923 ac
905 5868 1156 5938 perplexe
1200 5868 1263 5920 de
1299 5869 1397 5922 hac
1433 5883 1487 5921 rc
1527 5866 1796 5922 Paeianus
1841 5869 2103 5939 disputet,

2202 4691 2289 4730 res
2317 4676 2627 4735 interesset,
2647 4689 2788 4743 quos
2811 4686 2988 4728 tamen
3013 4673 3225 4728 meliori
3256 4673 3438 4742 aliqua
3464 4672 3802 4729 conditione

2202 4765 2280 4819 uti
2311 4764 2572 4835 oportuit.
2617 4765 2689 4816 At
2721 4765 2866 4816 enim
2906 4763 3344 4834 exhomologesis
3373 4761 3516 4831 apud
3553 4759 3802 4832 Cypria-

2201 4873 2332 4911 num
2365 4856 2840 4920 sacramentalem,
2879 4865 2938 4910 ut
2971 4864 3188 4921 vocant,
3231 4854 3638 4911 confessionem
3677 4870 3799 4910 non

2201 4950 2493 5021 signiﬁcat,
2525 4966 2704 5018 neque
2741 4965 2845 5018 pax
2890 4948 3270 5019 absolutioque
3307 4948 3397 5002 illa
3431 4948 3666 5018 perinde
3696 4965 3802 5004 sa-

2201 5044 2465 5098 cramenti
2516 5058 2642 5112 pars
2687 5041 2812 5103 l‘uit,
2861 5057 2984 5096 cum
3019 5043 3188 5095 etiam
3227 5056 3259 5095 a
3301 5041 3534 5096 diacono
3581 5055 3802 5097 manus

2202 5134 2406 5202 imponi
2454 5132 2662 5200 iubeat,
2715 5132 2821 5184 nisi
2869 5132 3176 5203 presbyteri
3230 5131 3392 5201 capia
3444 5141 3797 5200 suppeteret.

2205 5226 2276 5279 De
2309 5225 2716 5294 exhomologesi
2761 5222 2940 5277 dicam
2989 5233 3176 5292 postea
3221 5224 3491 5292 pluribus.
3524 5223 3690 5289 Quod
3716 5226 3800 5280 ad

2202 5331 2392 5386 pacem
2429 5315 3041 5384 reconciliationemque
3063 5315 3326 5385 pertinet,
3366 5315 3659 5369 sciendum
3701 5329 3804 5372 est

2203 5408 2473 5478 duplicem
2505 5408 2560 5462 in
2593 5423 2657 5462 ea
2685 5417 2892 5477 partem
2922 5423 2986 5462 ac
3018 5409 3167 5462 velut
3196 5407 3431 5462 fructum
3466 5408 3758 5463 exstitisse
3780 5426 3805 5475 ;

2205 5517 2330 5555 nam
2367 5510 2422 5556 et
2462 5517 2493 5556 a
2537 5500 2795 5571 peccatis,
2829 5501 2936 5554 hoc
2964 5509 3050 5557 est
3074 5501 3236 5569 culpa
3269 5501 3409 5570 ipsa,
3449 5515 3619 5569 quam
3660 5501 3806 5557 diu-

2204 5604 2366 5650 turna
2389 5594 2710 5664 pmnitentia
2733 5594 3028 5657 diluerant,
3060 5593 3504 5656 absolvebantur,
3531 5603 3585 5648 et
3615 5593 3673 5647 in
3702 5594 3804 5648 ia-

2207 5697 2416 5757 tegrum
2460 5688 2697 5742 restituti
2744 5688 2809 5741 ad
2851 5686 3149 5757 perlectum
3190 5704 3316 5744 cum
3353 5685 3598 5743 Ecclesia
3658 5686 3806 5742 ﬁde-

2207 5781 2458 5851 libusque
2502 5779 2890 5835 commercium
2941 5794 3007 5833 ac
3046 5780 3358 5836 divinorum
3394 5781 3808 5850 mysteriorum

2213 5872 2649 5927 communionem
2686 5873 3100 5928 adhibebantur.
