4054 6404
304 340 442 396 1023

1216 336 1301 389 DE
1341 336 1814 391 POENITENTl/E
1857 336 2129 391 VETERE
2171 337 2570 394 DlSClPLINA.

3428 332 3567 388 Ιοὲο

370 461 507 512 (Eum
548 455 808 528 igitur'ab
836 456 1103 522 antistite,
1138 457 1218 509 vel
1249 456 1533 513 sacerdote
1560 473 1748 527 pacem
1782 473 1878 512 ac-
1906 460 1954 518 Α
1983 459 2075 511 illo
2122 457 2444 514 Tertulliani
2498 457 2720 521 steculo,
2780 472 2891 528 quo
2942 454 3185 525 peccatis
3234 454 3567 525 quihusdam

298 553 565 620 ciperent,
617 556 914 618 utrumque
965 548 1338 603 merebantur.
1384 547 1480 603 Sin
1512 550 1661 603 nulla
1691 565 1876 606 sacer-

298 644 486 705 dotum
531 653 677 698 esset
717 651 981 712 potestas,
1034 651 1149 696 tum
1198 640 1453 696 Ecclesia:
1488 644 1877 698 tantummodo

299 733 577 790 conciliati
621 747 808 802 pacem
840 748 871 786 a
899 730 1148 786 diaconis
1174 730 1559 800 impetrabant,
1590 732 1750 803 cujus
1778 749 1876 788 cu-

298 827 508 881 mulum
543 841 575 880 a
610 825 894 880 sacerdote
944 824 1290 893 postmodum
1338 825 1664 881 obtinerent.
1693 825 1875 892 Quare

296 917 605 990 Cyprianus
656 917 855 972 libellis
893 926 1204 988 martyrum
1260 918 1537 987 praeditos,
1588 917 1635 973 si
1690 918 1874 974 minus

296 1020 613 1080 utrumque,
657 1008 892 1064 alterum
924 1018 1071 1064 certe
1099 1009 1421 1064 beneﬁcium
1463 1011 1726 1081 consequi
1768 1027 1871 1066 vo-

297 1101 421 1165 luit,
438 1115 549 1171 quo
569 1099 931 1155 Eucharistiae
955 1101 1149 1171 saltem
1172 1110 1454 1171 compotes
1481 1102 1596 1156 ﬁeri
1626 1112 1870 1173 possent.

296 1192 485 1264 Neque
510 1193 656 1247 enim
679 1191 995 1248 existimare
1014 1193 1159 1255 licet,
1183 1193 1234 1249 id
1257 1194 1404 1263 quod
1435 1195 1597 1249 hodie
1624 1195 1701 1261 lit,
1721 1196 1873 1264 prius

298 1286 423 1342 illos
454 1301 485 1340 a
510 1286 749 1355 peccatis
775 1286 1077 1353 absolutos,
1098 1302 1262 1356 quam
1294 1288 1635 1357 poenitentia,
1667 1289 1770 1344 hoc
1791 1298 1875 1344 est

295 1390 585 1445 corporum
642 1376 839 1444 poenis,
894 1391 962 1430 ac
1005 1376 1273 1433 luctuosis
1319 1377 1573 1433 sordibus
1616 1378 1875 1433 Ecclesia:

296 1467 713 1523 satisfecissent.
749 1467 885 1523 Huic
929 1469 1134 1534 afﬁnes,
1168 1471 1262 1525 sed
1296 1471 1538 1525 mitiores
1569 1478 1749 1525 tamen
1787 1487 1874 1525 re-

296 1557 461 1626 liqua:
486 1557 590 1612 illa:
613 1572 887 1612 canonum
949 1559 1261 1613 sanctiones
1289 1574 1353 1613 ac
1391 1558 1615 1613 Patrum
1655 1559 1873 1614 decreta

296 1661 446 1717 sunt,
476 1668 600 1723 qua:
628 1654 1013 1723 peccatoribus
1041 1652 1322 1707 nonnullis
1348 1661 1663 1721 perpetuam
1695 1651 1876 1719 poeni-

296 1743 523 1796 tentiam
551 1743 626 1797 ita
656 1743 1037 1812 praescribunt,
1091 1756 1371 1811 nunquam
1421 1749 1482 1795 ut
1530 1740 1871 1795 communio-

296 1849 420 1888 nem
486 1835 1119 1904 reconciliationemque,
1168 1833 1270 1887 nisi
1307 1833 1360 1886 in
1407 1834 1513 1887 ﬁne
1540 1833 1667 1887 vitae
1698 1833 1874 1902 perci-

296 1936 507 1997 perent.
542 1926 862 1998 Cujusmodi
919 1934 1049 1983 sunt
1098 1925 1285 1981 Basilii
1333 1926 1403 1979 ad
1447 1926 1871 1994 Amphilochium

295 2036 422 2074 can.
449 2020 540 2084 ⁸15,
574 2018 899 2089 Ancyranus
924 2019 1013 2084 25,
1033 2019 1146 2088 jam
1184 2034 1215 2074 a
1252 2019 1410 2073 nobis
1438 2019 1611 2075 citati.
1646 2020 1874 2075 Accedit

294 2122 348 2167 et
378 2113 580 2166 Arelat.
616 2128 631 2165 ι
664 2126 838 2165 canon
889 2110 1001 2165 ll:
1052 2112 1124 2163 De
1169 2110 1249 2163 his
1292 2111 1380 2181 qui
1430 2110 1570 2179 falso
1618 2121 1871 2163 accusant

294 2205 487 2275 fratres
509 2220 655 2265 suos,
685 2202 887 2272 placuit
921 2219 1006 2255 eos
1044 2218 1205 2271 usque
1234 2202 1303 2255 ad
1336 2204 1537 2256 exitum
1572 2203 1870 2256 communi-

294 2311 435 2350 care.
480 2292 805 2347 Toletanum
854 2306 1073 2360 quoque
1104 2306 1142 2353 ι,
1179 2306 1301 2344 can.
1338 2289 1405 2345 l9
1437 2292 1640 2357 sanxit,
1676 2300 1733 2344 ut
1759 2292 1871 2360 epi-

293 2390 457 2457 scopi,
485 2387 564 2443 vel
584 2387 799 2441 diaconi
823 2385 959 2455 ﬁlia,
992 2385 1040 2438 si
1063 2384 1247 2438 devota
1275 2384 1457 2452 fuerit,
1486 2396 1535 2439 et
1557 2387 1867 2455 peccaverit,

293 2490 342 2533 et
376 2480 628 2533 maritum
669 2480 901 2542 duxerit,
933 2490 1065 2542 etc.,
1098 2480 1145 2531 si
1185 2481 1381 2533 vivente
1417 2480 1613 2531 ntarito
1644 2494 1869 2533 secesse-

293 2572 385 2637 rit,
417 2581 466 2625 et
500 2571 824 2640 paenituerit,
858 2571 1005 2623 nullo
1030 2573 1183 2624 modo
1213 2572 1316 2624 nisi
1346 2571 1455 2623 vita
1478 2570 1748 2638 deﬁciens,
1778 2585 1872 2622 ac-

292 2668 455 2737 cipiat
470 2668 906 2720 communionom.
924 2663 1028 2718 Sed
1045 2673 1099 2718 et
1125 2661 1467 2718 Valentinum
1486 2678 1609 2718 can.
1640 2665 1674 2718 5
1695 2662 1867 2729 deiis,

293 2761 383 2830 qui
417 2777 471 2814 se
498 2770 615 2830 post
668 2775 831 2812 unum
872 2768 920 2811 et
950 2768 1189 2811 sanctum
1226 2756 1497 2810 lavacrum
1523 2757 1597 2810 vel
1627 2756 1869 2825 profanis

294 2851 573 2919 sacriﬁciis
612 2849 932 2912 daemonum,
986 2847 1064 2901 vel
1099 2848 1298 2901 incesta
1328 2847 1536 2901 ratione
1563 2846 1867 2914 polluerint,

294 2942 505 3006 statuit,
530 2950 587 2995 ut
604 2941 683 2993 his
697 2940 860 3008 juxta
876 2940 1135 3010 synodum
1165 2937 1465 3004 Nictenam,
1484 2939 1869 3007 satisfactionis

293 3032 505 3103 quidem
554 3033 732 3084 aditus
772 3049 871 3083 non
909 3042 1143 3099 negetur,
1174 3046 1237 3084 ne
1266 3029 1563 3099 infelicibus
1595 3029 1867 3099 lacrymis,

294 3125 372 3177 vel
397 3125 580 3179 solatii
607 3125 779 3191 janua
816 3124 1175 3189 desperatione
1208 3122 1514 3186 claudatur,
1546 3122 1721 3175 acturi
1750 3137 1870 3175 vero
1899 3158 1941 3216 ϐ

295 3217 656 3283 paenitentiam
684 3232 848 3286 usque
879 3218 932 3268 in
959 3216 1098 3269 diem
1139 3216 1346 3278 ntortis,
1392 3231 1494 3267 non
1528 3215 1642 3267 sine
1670 3229 1757 3283 spe
1790 3224 1871 3268 ta-

294 3324 409 3361 men
442 3306 790 3371 remissionis,
822 3318 927 3363 etc.
956 3310 1016 3362 ln
1038 3322 1148 3378 quo
1178 3308 1379 3362 mirum
1406 3316 1509 3373 est,
1541 3322 1665 3362 cum
1692 3305 1871 3361 Nicae-

293 3412 400 3451 nus
431 3412 608 3451 canon
644 3397 704 3451 ll
751 3399 1070 3453 eorumdem
1114 3413 1238 3453 reos
1269 3397 1538 3453 scelerum
1580 3398 1869 3454 duodecim

299 3490 454 3543 annis
479 3490 746 3545 duntaxat
787 3490 1101 3546 satisfacere
1133 3490 1342 3560 jubeat,
1383 3501 1547 3563 atque
1575 3492 1648 3546 ita
1674 3506 1872 3546 recon-

298 3582 491 3649 ciliari,
526 3580 848 3638 Valentinos
899 3583 1023 3637 illos
1075 3583 1286 3647 Patres,
1334 3585 1428 3653 qui
1480 3599 1539 3639 se
1586 3583 1864 3639 Nicaenam

299 3675 562 3745 synodum
598 3676 751 3745 sequi
787 3677 1134 3745 prolitentur,
1170 3684 1320 3731 tanto
1354 3675 1640 3748 rigidiores
1691 3692 1755 3732 ac
1782 3693 1871 3732 se-

299 3766 536 3821 veriores
584 3764 775 3821 fuisse.
828 3767 908 3821 Ad
959 3767 1074 3822 haec
1109 3768 1162 3822 in
1198 3768 1427 3839 synodo,
1468 3785 1591 3838 quae
1640 3767 1768 3824 Side
1812 3770 1868 3824 in

300 3853 611 3927 Pamphylia
641 3867 832 3912 contra
861 3857 1219 3916 Massalianos
1268 3860 1453 3916 habita
1493 3862 1689 3932 legitur
1722 3863 1865 3932 apud

294 3946 547 4004 Photium
598 3966 651 4019 p.
705 3952 797 4019 t8,
847 3952 1126 4007 decretum
1183 3963 1287 4016 est,
1354 3963 1415 4009 ut
1440 3955 1692 4026 quisquis
1744 3966 1868 4025 post

293 4041 613 4097 damnatum
637 4043 777 4098 hanc
802 4044 1033 4099 haeresin
1062 4060 1158 4100 seu
1190 4045 1391 4111 verbis,
1424 4062 1518 4102 seu
1552 4047 1713 4103 factis
1736 4064 1869 4103 con-

297 4130 513 4199 tagione
538 4130 684 4185 illius
708 4130 970 4186 infectum
1001 4150 1059 4189 se
1081 4148 1204 4189 esse
1233 4135 1556 4205 prodiderit,
1582 4152 1863 4209 nunquam

296 4223 351 4276 in
384 4230 661 4291 posterum
694 4224 1034 4288 admittatur,
1079 4229 1330 4296 quamvis
1369 4228 1570 4284 millies
1602 4245 1661 4285 se
1692 4232 1870 4300 poeni-

294 4317 523 4370 tentium
555 4317 756 4383 gradus
788 4331 980 4372 omnes
1010 4321 1347 4389 expleturum
1389 4324 1670 4391 promittat
1698 4345 1711 4379 :
1747 4327 1871 4397 Μη-

293 4407 415 4461 κέτι
447 4408 629 4462 λοιπὸν
662 4409 846 4481 χώραν
877 4409 1041 4480 ἔχειν,
1077 4413 1198 4484 μηδ’
1236 4414 1301 4465 ἂν
1340 4419 1599 4487 μυριάκις
1632 4418 1870 4487 ἐπαγγέ-

1978 564 2128 619 spem
2162 566 2381 606 omnem
2416 549 2836 607 reconcilianda:
2875 550 3062 618 gratiae
3093 556 3417 619 praereptam
3466 546 3566 603 do-

1979 645 2217 706 cuimus,
2247 659 2314 698 ne
2345 644 2397 696 in
2426 644 2550 698 vitae
2574 643 2796 712 quidem
2828 642 2975 697 exitu
3001 651 3397 711 repraesentata
3416 656 3565 695 corr.-

1981 735 2174 788 munio
2204 734 2295 798 sit,
2326 733 2490 804 idque
2524 735 2689 804 vulgo
2721 749 2785 788 ac
2812 734 3016 804 passim
3048 734 3397 789 observatum
3438 732 3560 787 fue-

1979 829 2069 882 rit.
2110 829 2249 881 Sunt
2276 830 2369 898 qui
2403 837 2530 883 ante
2576 827 2830 900 Cypriani
2881 838 3124 898 tempora
3174 842 3384 887 morem
3414 828 3562 882 hunc

1977 919 2029 972 in
2065 917 2305 975 Ecclesia
2337 920 2578 992 viguisse
2613 930 2879 975 censent:
2910 935 3017 989 quo
3047 918 3289 989 quidem,
3320 929 3379 973 ut
3412 918 3558 989 inge—

1976 1027 2081 1064 nue
2116 1010 2390 1080 proﬁtear,
2432 1010 2756 1067 Tertulliani
2789 1026 2851 1065 ac
2881 1011 3239 1081 reliquorum,
3265 1010 3358 1080 qui
3386 1009 3556 1064 disci-

1974 1103 2139 1174 plinae
2186 1106 2347 1159 istius
2398 1104 2789 1167 meminerunt,
2836 1103 3196 1174 propensiora
3242 1103 3558 1159 testimonia

1976 1202 2125 1251 sunt.
2148 1193 2251 1250 Sed
2275 1205 2329 1251 et
2356 1195 2684 1267 Cyprianus,
2713 1198 2927 1266 quoties
2960 1196 3200 1252 instante
3229 1196 3382 1251 obitu
3407 1210 3558 1252 com-

1976 1288 2296 1342 munionem
2330 1287 2501 1356 lapsis
2546 1288 2812 1358 impartiri
2852 1287 3120 1357 praecipit,
3156 1288 3318 1342 tacite
3350 1288 3558 1358 signiﬁ-

1975 1388 2084 1440 cat.
2112 1394 2301 1435 recens
2328 1379 2459 1433 illud
2495 1394 2615 1434 esse
2647 1380 2950 1446 decretum,
2989 1388 3044 1434 et
3077 1378 3205 1451 χθὲς
3241 1381 3336 1433 καὶ
3369 1378 3566 1451 πρώην

1974 1472 2044 1525 ah
2070 1470 2317 1527 Ecclesia
2352 1473 2736 1535 constitutum,
2775 1488 2887 1542 quo
2917 1482 3071 1528 vetus
3108 1483 3163 1527 et
3193 1473 3467 1529 contraria
3490 1473 3562 1528 sit

1974 1564 2234 1632 abrogata
2275 1564 2507 1619 sanctio.
2547 1563 2796 1619 Primum
2826 1567 2971 1619 enim
3014 1564 3144 1634 quid
3178 1564 3443 1619 attinebat
3472 1564 3556 1619 la-

1974 1657 2087 1724 psis
2120 1655 2187 1711 iis
2222 1657 2314 1725 qui
2340 1657 2647 1711 libellorum
2683 1656 2939 1726 praesidio
2967 1657 3289 1719 niterentur.
3326 1657 3379 1712 in
3407 1672 3557 1713 mor-

1977 1747 2047 1801 tis
2089 1747 2468 1802 tantummodo
2513 1747 2830 1807 discrimine
2874 1748 3314 1802 communionem
3357 1763 3555 1804 conce-

1980 1838 2129 1904 dere,
2162 1854 2362 1909 negare
2391 1839 2633 1905 caeteris,
2679 1838 2726 1894 si
2770 1839 2977 1894 nem-ini
3029 1839 3133 1894 sub
3179 1853 3408 1894 mortem
3456 1856 3555 1895 ne-

1980 1930 2152 2000 ganda
2187 1944 2293 1999 pax
2333 1929 2511 1984 esset?
2549 1928 2753 1984 Deinde
2789 1944 2915 1984 cum
2958 1928 3238 1984 Romanus
3277 1931 3457 1985 clerus
3492 1931 3560 1985 da

1980 2021 2166 2075 eodem
2210 2021 2431 2092 negotio
2463 2020 2655 2075 scribit
2688 2021 2757 2073 ad
2791 2020 3138 2090 Cyprianum,
3170 2032 3327 2092 epist.
3360 2023 3449 2090 51,
3488 2039 3557 2078 ex

1980 2112 2097 2180 ipsa
2120 2111 2375 2182 loquendi
2398 2112 2607 2165 ratione
2629 2127 2737 2165 non
2757 2112 2988 2167 obscure
3009 2113 3150 2168 idem
3176 2114 3516 2170 demonstrat
3540 2137 3550 2169 :

1980 2201 2167 2270 Cujus,
2201 2201 2398 2270 inquit,
2450 2203 2849 2269 temperamenti
2894 2203 3306 2273 moderationem
3339 2222 3434 2259 nos
3471 2208 3558 2260 hic

1980 2305 2152 2347 tenere
2184 2303 2501 2356 auter-entes,
2550 2294 2666 2355 diu,
2713 2303 2763 2347 et
2813 2296 3024 2365 quident
3073 2298 3228 2349 multi
3255 2308 3305 2351 et
3347 2300 3558 2369 quidem

1977 2403 2095 2440 cum
2130 2387 2447 2456 quibusdam
2476 2388 2732 2456 episcopis
2761 2389 2945 2443 vicinis
2975 2390 3146 2456 nobis,
3185 2403 3235 2445 et
3266 2395 3524 2462 appropin
3543 2424 3556 2433 -

1976 2479 2283 2548 quantibus,
2315 2490 2361 2530 et
2391 2494 2523 2549 quos
2564 2494 2628 2533 ea:
2674 2479 2799 2532 aliis
2847 2484 3129 2551 prdvinciis
3177 2482 3329 2554 longe
3369 2487 3555 2552 positi.

1975 2569 2354 2638 persecutionis
2384 2571 2542 2624 istius
2580 2572 2744 2625 ardor
2767 2572 3014 2641 ejecerat,
3059 2583 3182 2629 ante
3221 2579 3558 2632 constitutio~

1978 2677 2095 2714 nem
2139 2664 2370 2730 episcopi
2416 2662 2551 2715 nihil
2584 2663 2940 2718 innovandum
2987 2675 3239 2734 putamus
3272 2668 3560 2739 (delapsis

1978 2753 2225 2807 videlicet
2274 2754 2644 2825 recipiendis),
2690 2755 2780 2808 sed
2811 2755 3080 2824 lapsorum
3128 2774 3311 2811 curam
3357 2762 3553 2813 medio-

1977 2848 2138 2900 criter
2180 2847 2573 2915 temperandam
2617 2865 2729 2900 csse
2763 2849 3064 2911 credimus;
3100 2857 3157 2901 ut
3181 2850 3393 2903 interim
3427 2850 3559 2903 dunt

1976 2936 2251 3004 episcopus
2296 2935 2417 2987 dari
2461 2952 2493 2987 a
2538 2934 2645 2987 Deo
2686 2934 2830 2988 nobis
2865 2937 3175 2999 sustinetur,
3216 2939 3271 2991 in
3303 2955 3561 3008 suspenso

1977 3043 2180 3091 eorum,
2208 3026 2300 3096 qui
2333 3043 2508 3078 moras
2534 3036 2755 3095 possunt
2784 3026 3061 3082 dilationis
3093 3032 3370 3096 sustinere,
3393 3049 3558 3084 causa

1978 3128 2247 3182 teneatur;
2272 3134 2453 3172 eorum
2476 3129 2672 3180 autem,
2717 3135 2938 3187 quorum
2974 3120 3095 3173 vitw
3122 3138 3233 3175 sua:
3260 3122 3421 3190 ﬁnem
3459 3140 3555 3176 ur-

1978 3228 2101 3281 gens
2130 3213 2302 3264 exitus
2336 3210 2649 3263 dilationem
2693 3227 2796 3264 non
2835 3221 3000 3278 potest
3045 3213 3202 3280 ferre,
3236 3223 3356 3268 acta
3392 3215 3558 3284 ρωπί-

1978 3305 2141 3356 tentia
2182 3313 2230 3357 et
2253 3304 2493 3372 professa
2528 3303 2827 3374 frequenter
2859 3299 3077 3358 suorum
3111 3306 3457 3362 detestatione
3480 3309 3561 3379 fa-

1978 3407 2207 3460 ctorum,
2236 3396 2283 3447 si
2318 3395 2591 3463 lucrymis,
2629 3395 2675 3446 si
2712 3395 3013 3463 gemitibus,
3047 3397 3093 3450 si
3121 3396 3332 3465 ﬂetibus
3371 3399 3525 3454 dolen
3547 3431 3559 3442 -

1980 3489 2049 3540 tis
2103 3503 2165 3539 ac
2202 3503 2314 3540 vere
2344 3487 2643 3557 paenitentis
2674 3487 2840 3539 amnti
2869 3488 3023 3557 signa
3056 3488 3405 3556 prodiderint,
3439 3508 3559 3543 cum

1977 3596 2091 3646 spes
2117 3579 2321 3632 vivendi
2349 3578 2637 3632 secundum
2664 3580 2927 3633 hominem
2953 3579 3103 3633 nulla
3132 3582 3445 3645 substiterit,
3477 3582 3560 3636 ita

1978 3671 2188 3725 demum
2212 3682 2363 3724 caute
2379 3681 2427 3724 et
2451 3672 2678 3727 sollicite
2695 3671 2980 3725 subveniri.
3003 3672 3168 3727 Vides
3185 3689 3347 3742 quam
3373 3676 3558 3739 ansic,

1978 3780 2253 3835 quamque
2280 3765 2539 3827 sollicite,
2567 3780 2629 3819 ac
2652 3774 2770 3834 post
2801 3765 3018 3834 longam
3047 3775 3401 3835 exactamque
3434 3781 3562 3820 con-

1980 3856 2354 3922 sultationem,
2384 3871 2450 3909 eo
2483 3856 2703 3910 demum
2742 3855 3082 3919 inclinarint,
3114 3865 3175 3911 ut
3206 3857 3564 3927 periclitanti-

1980 3947 2107 4011 bus,
2153 3962 2217 4001 ac
2252 3947 2553 4016 desperatis
2588 3948 2800 4017 potius,
2846 3948 3289 4003 communionem
3341 3948 3560 4003 confer»

1979 4050 2120 4094 rent.
2158 4039 2233 4094 De
2270 4055 2381 4109 quo
2418 4040 2601 4110 utique
2628 4040 3037 4094 deliberandum
3070 4057 3178 4095 non
3207 4050 3345 4107 erat,
3375 4041 3422 4095 si
3444 4050 3560 4095 tum

1978 4134 2278 4203 legitimum
2306 4144 2359 4186 et
2384 4133 2644 4187 usitatum
2669 4141 2834 4195 esset,
2877 4134 3147 4188 neminem
3176 4133 3229 4186 in
3258 4134 3403 4187 exitu
3436 4133 3562 4188 vitae

1980 4241 2010 4280 a
2040 4226 2427 4281 communione
2455 4225 2752 4295 prohiberi.
2793 4224 2996 4279 Eadem
3039 4240 3106 4278 ex
3156 4224 3400 4296 Dionysii
3428 4223 3558 4279 Ale-

1978 4318 2233 4374 xandrini
2274 4317 2457 4373 verbis
2497 4318 2814 4387 conjectura
2864 4325 3042 4387 potest
3090 4317 3236 4380 clici,
3270 4316 3364 4387 qui
3414 4315 3561 4387 apud

1981 4413 2182 4469 Euseb.
2219 4413 2313 4468 lib.
2344 4428 2397 4465 vr
2430 4428 2552 4482 cap.
2586 4411 2696 4482 μβν,
2735 4411 2818 4465 vel
2844 4411 2912 4465 56
2940 4412 2990 4464 in
3020 4411 3109 4464 illa
3139 4409 3454 4480 Serapionis
3479 4412 3561 4464 hi-

292 4499 472 4572 ληται,
505 4500 604 4571 τὴν
628 4502 780 4567 τάξιν
806 4502 1156 4573 ἀναπληροῦν
1183 4504 1292 4557 τῶν
1327 4508 1746 4575 μετανοούντων.
1781 4507 1871 4564 Sic

1981 4507 2173 4569 storia,
2202 4505 2270 4559 de
2295 4520 2406 4575 qua
2441 4503 2698 4574 superius
2734 4505 3066 4559 mentionem
3095 4504 3329 4573 egimus.
3367 4503 3560 4558 scribit

295 4592 436 4661 apud
464 4589 758 4646 Eusebium
781 4591 877 4646 lib.
903 4608 955 4646 vi
994 4594 1137 4647 Hist.
1174 4609 1226 4649 c.
1268 4596 1355 4667 μβ¹
1384 4598 1467 4651 vel
1500 4598 1568 4652 56
1602 4599 1870 4670 Serapion

296 4700 483 4749 senex,
525 4687 611 4739 vir
642 4686 914 4757 egregius,
951 4688 1100 4758 quod
1153 4689 1207 4743 in
1260 4691 1636 4759 persecutiOne
1685 4693 1873 4764 lapsus

293 4784 457 4839 esset,
506 4777 723 4831 tametsi
766 4780 1208 4834 communionem
1245 4795 1487 4851 persaepe
1519 4786 1870 4853 postulasset,

295 4882 575 4937 nunquam
615 4878 700 4922 est
728 4869 1001 4926 admissus
1026 4888 1040 4925 :
1076 4865 1243 4936 Οὗτος
1269 4872 1531 4939 πολλάκις
1556 4876 1745 4943 ἐδεῖτο,
1776 4882 1871 4933 καὶ

293 4959 469 5023 οὐδεὶς
497 4965 786 5032 προσεῖχεν
808 4962 979 5034 αὐτῷ,
1018 4964 1113 5017 καὶ
1137 4964 1247 5036 γὰρ
1280 4966 1546 5033 ὲτεθύκει,
1576 4976 1637 5023 ut
1667 4971 1736 5022 ad
1759 4968 1873 5023 Fa-

296 5054 442 5108 bium
468 5056 659 5110 scribit
688 5055 977 5128 Dionysius
1002 5058 1415 5129 Alexandr.,qui
1443 5060 1727 5117 Novatiani
1770 5065 1872 5118 ad-

295 5160 469 5215 eoque
514 5146 766 5218 Cypriani
823 5157 982 5203 aetate
1033 5148 1236 5204 ﬂoruit.
1290 5151 1453 5206 Addit
1515 5154 1872 5211 nihilominus

296 5235 590 5309 Dionysius
646 5240 1033 5295 moribundum
1075 5241 1190 5312 jam
1238 5242 1590 5313 Serapionem
1645 5264 1674 5300 a
1721 5263 1779 5302 se
1815 5248 1872 5303 in

296 5331 736 5385 communionem
776 5340 1075 5400 receptum.
1110 5330 1236 5388 Haec
1275 5343 1326 5387 et
1371 5334 1475 5387 alia
1517 5338 1771 5405 superius
1804 5352 1871 5391 ex

295 5422 667 5491 antiquiorum
687 5424 1012 5478 auctoritate
1032 5424 1198 5479 libata
1226 5424 1447 5493 planum
1475 5427 1619 5480 istud
1642 5427 1871 5495 faciunt,

298 5527 692 5584 nonnunquam
731 5504 1134 5570 absolutionem
1180 5518 1608 5587 postulantibus,
1654 5535 1720 5572 ex
1766 5536 1868 5574 usu

295 5604 493 5659 veteris
524 5604 780 5661 Ecclesia:
821 5609 1140 5677 denegatam
1182 5608 1384 5676 fuisse;
1417 5611 1527 5665 imo
1560 5628 1690 5666 vero
1718 5629 1784 5667 ne
1812 5613 1866 5667 in

296 5710 414 5763 lpSO
445 5697 662 5767 quidem
698 5701 890 5755 mortis
932 5701 1174 5769 periculo
1207 5702 1483 5772 plerisque
1520 5718 1864 5762 concessam.

296 5784 393 5840 llic
425 5787 586 5857 justis
634 5790 700 5843 de
744 5793 925 5846 causis
973 5792 1291 5863 ambigitur,
1342 5803 1522 5847 utrum
1564 5797 1867 5850 austeriore

1978 4598 2243 4667 optimum
2293 4597 2447 4651 illum
2496 4612 2682 4651 senem
2735 4596 3208 4667 appropinquante
3244 4594 3359 4665 jam
3406 4595 3557 4649 obitu

1975 4706 2205 4762 puerum
2248 4691 2314 4745 ad
2360 4691 2739 4761 presbyterum
2782 4690 3041 4744 misisse:
3077 4688 3329 4759 Ἐντολῆς
3361 4689 3419 4741 δὲ
3464 4688 3559 4741 ὑπ’

1978 4782 2114 4853 ἐμοῦ
2142 4782 2453 4853 δεδομένης,
2496 4784 2621 4845 τοὺς
2652 4781 3165 4852 ἀπαλλαττομένους
3198 4780 3292 4833 τοῦ
3334 4780 3471 4850 βίου,
3507 4782 3556 4834 εἰ

1975 4873 2201 4937 δέοιντο,
2245 4874 2340 4927 κοιλ⁸
2390 4874 2623 4944 μάλιστα
2656 4875 2703 4925 εἰ
2740 4874 2835 4927 καὶ
2880 4874 3145 4944 πρότερον
3179 4873 3559 4935 ἱκετεύσαντες

1975 4965 2214 5037 τύχοιεν,
2260 4966 2516 5036 ἀφίεσθαι
2548 5008 2563 5031 ,
2614 4966 2701 5019 ἵνα
2759 4965 3036 5029 εὐέλπιδες
3083 4965 3555 5020 ἀπαλλάττωνται.

1978 5058 2234 5112 Mandata
2274 5075 2305 5111 a
2336 5075 2436 5121 me,
2468 5058 2666 5128 inquit,
2698 5058 2859 5122 edito,
2898 5067 2954 5110 ut
2979 5059 3068 5127 qui
3100 5072 3163 5111 ea:
3190 5058 3288 5110 hac
3306 5057 3413 5110 vita
3444 5057 3559 5111 dis-

1976 5153 2214 5206 cederent
2274 5152 2629 5221 lpoenitentes
2658 5151 2867 5205 scilicet
2893 5166 2957 5205 ac
2980 5151 3163 5221 lapsi),
3198 5152 3245 5203 si
3280 5151 3336 5203 id
3370 5160 3556 5219 postu-

1975 5242 2168 5306 larent,
2216 5243 2451 5312 adeoque
2487 5252 2608 5294 ante
2640 5241 2948 5310 suppliciter
2980 5251 3272 5310 rogassent,
3324 5240 3560 5295 absolve—

1976 5342 2180 5396 rentur,
2228 5347 2330 5400 quo
2381 5332 2588 5384 meliori
2639 5347 2757 5383 cum
2804 5347 2892 5399 spe
2936 5332 3241 5400 migrarent.
3278 5328 3558 5384 Postremo

1977 5438 2103 5477 cum
2153 5422 2206 5476 in
2251 5425 2539 5493 Ancyrana
2585 5423 2796 5494 synodo
2839 5437 2965 5475 can.
2996 5433 3120 5475 ante
3154 5422 3558 5490 citatoprtecc-

1976 5525 2127 5586 ptum
2161 5516 2252 5579 sit,
2285 5526 2345 5570 ut
2379 5516 2667 5569 homicida:
2692 5530 2797 5568 neu
2825 5515 2928 5568 nisi
2965 5514 3067 5567 sub
3100 5524 3331 5567 mortem
3362 5527 3558 5567 recon-

1976 5611 2250 5675 cilientur,
2285 5618 2608 5681 argumento
2647 5619 2749 5671 est,
2787 5608 2916 5660 olim
2952 5623 3018 5661 nc
3044 5608 3099 5661 in
3133 5615 3307 5662 morte
3337 5604 3556 5675 quidem

1976 5718 2163 5772 pacem
2199 5702 2307 5756 illis
2338 5702 2510 5756 fuisse
2542 5716 2884 5756 concessam.
2935 5707 2947 5713 ‘

2057 5794 2160 5849 Sed
2209 5794 2338 5848 huic
2385 5794 2670 5848 assertioni
2729 5794 2975 5849 nonnihil
3028 5794 3287 5863 refragari
3326 5790 3559 5854 videtur,
