4054 6404
288 317 443 432 ⁴ιιιῖθ

1226 339 1315 392 DE
1352 334 1831 393 MENITENTUE
1876 331 2148 391 VETERE
2186 336 2590 394 DlSClPLINA.

3438 344 3581 400 i030

293 456 525 528 quidam
573 470 741 525 nuper
771 455 845 510 ita
878 454 1161 509 disseruit.
1198 451 1488 518 Triplicem
1518 454 1594 506 ait
1621 450 1759 521 apud
1786 465 1884 504 an-
1911 451 1957 509 Α
1987 451 2206 519 smpius,
2237 468 2401 521 quam
2436 467 2625 507 eorum
2664 452 2757 522 qui
2787 455 2956 508 semel
2984 454 3037 508 in
3063 455 3171 509 vita
3198 455 3575 529 deliquissent.

293 550 487 618 liquos
528 545 699 602 fuisse
721 546 1098 617 paenitentiam
1137 566 1150 600 :
1186 546 1460 615 publicam
1491 558 1657 597 unam
1685 542 1753 596 ob
1783 555 1885 610 pu-

293 638 441 694 biiea
480 646 746 708 peccata;
782 636 1008 691 alteram
1056 635 1322 706 privatam
1365 650 1428 688 ac
1472 642 1739 689 secretam
1758 645 1885 701 pro-

292 738 420 800 pter
467 729 715 794 occulta;
764 728 979 782 tertiam
1029 726 1101 780 ob
1155 727 1343 781 eadem
1396 725 1609 779 occulta
1654 722 1883 778 crimina

296 823 517 892 publice
540 832 872 890 susceptam.
903 818 1056 873 Hanc
1091 833 1216 873 vero
1244 825 1575 888 postremam
1608 830 1716 869 non
1756 828 1881 869 eum

297 923 510 968 tantum
567 912 824 967 habuisse
880 909 1143 976 fructum,
1188 917 1248 963 ut
1289 920 1634 979 peccatorum
1665 906 1881 975 culpam

295 1021 366 1061 ac
404 1005 720 1075 sempiterni
772 1003 1023 1073 supplicii
1071 1018 1269 1057 noxam
1310 1001 1673 1070 abstergeret,
1701 996 1794 1052 sed
1826 1006 1884 1050 ut

296 1095 661 1165 temporarias
690 1094 913 1162 insuper
960 1108 1151 1163 poenas
1192 1092 1444 1153 dilueret,
1474 1106 1538 1145 ac
1566 1101 1883 1160 peceatores

294 1188 355 1244 in
391 1190 659 1257 integrum
691 1186 1124 1241 cumulatissime
1152 1186 1477 1241 restitueret.
1510 1182 1746 1243 Proinde
1771 1195 1879 1235 non

296 1282 417 1351 ejus
462 1282 671 1351 copiam
705 1280 1017 1349 promiscue
1053 1293 1173 1333 esse
1213 1278 1434 1345 factam,
1464 1292 1640 1346 neque
1662 1276 1879 1347 quoties

296 1375 535 1443 quisque
582 1381 810 1441 peteret,
871 1370 1031 1426 facile
1088 1371 1434 1441 permissam,
1490 1371 1585 1425 sed
1641 1368 1698 1423 iii
1730 1367 1879 1423 omni

297 1467 409 1520 vita
468 1464 637 1520 semel
693 1464 980 1519 duntaxat.
1032 1461 1158 1518 llaec
1194 1463 1305 1527 ille,
1370 1477 1437 1518 ex
1470 1462 1691 1530 quibus,
1732 1469 1787 1515 et
1814 1474 1880 1513 ex

298 1559 368 1613 iis
401 1574 522 1629 quae
544 1565 945 1627 consequenter
981 1556 1246 1625 disputat,
1286 1556 1425 1612 velle
1450 1555 1593 1611 istud
1623 1554 1877 1609 videtur:

296 1644 609 1707 istiusmodi
635 1650 927 1704 criminum
960 1663 1084 1704 reos
1106 1657 1228 1719 post
1244 1648 1481 1719 priorem
1502 1645 1881 1716 ptenitentiam

297 1743 368 1798 ad
398 1744 662 1813 privatam
682 1739 1019 1812 confugisse,
1051 1740 1281 1811 ejusque
1306 1738 1574 1795 benelicio
1603 1736 1882 1793 nihilomi-

296 1847 405 1888 nus
434 1831 876 1887 eommunionem
902 1830 1185 1886 assecu'tos
1213 1846 1351 1886 esse.

373 1923 476 1979 Sed
538 1924 603 1979 ad
633 1936 874 1980 veterum
924 1923 1151 1979 Patrum
1208 1923 1545 1987 testimonia,
1587 1938 1652 1977 ac
1689 1922 1882 1992 prisca:

298 2015 445 2071 illius
486 2009 751 2073 Ecclesiae
807 2031 1078 2085 normam,
1123 2025 1177 2072 et
1209 2030 1557 2072 communem
1591 2015 1728 2069 adeo
1760 2030 1884 2069 sen-

297 2124 423 2163 sum
463 2110 705 2163 animum
739 2108 1020 2180 adjicienti
1048 2109 1203 2173 mihi,
1232 2123 1426 2177 parum
1455 2107 1740 2162 commode
1768 2105 1884 2174 ple-

298 2214 469 2269 raque
523 2199 791 2269 explicata
849 2198 1123 2254 videntur.
1196 2196 1410 2252 Etenim
1460 2195 1509 2251 si
1569 2194 1880 2266 graviorum

298 2292 623 2347 delictorum
638 2293 842 2348 conscii
869 2294 1006 2348 citra
1036 2291 1303 2362 publicam
1328 2289 1497 2352 illam,
1531 2303 1695 2356 quam
1716 2295 1882 2341 antea

297 2384 689 2453 suscepissent,
743 2384 1124 2456 paenitentiam
1177 2396 1477 2451 emergere,
1523 2387 1578 2434 et
1625 2379 1692 2434 ad
1725 2393 1881 2433 com-

297 2476 615 2532 munionem
661 2492 962 2548 pacemque
1016 2475 1215 2531 reverti
1275 2473 1503 2528 alterius
1549 2485 1614 2527 ac
1660 2472 1884 2542 privata:

296 2570 563 2625 beneficio
616 2571 927 2641 potuerint;
983 2582 1164 2623 nonne
1205 2566 1399 2621 melior
1445 2564 1686 2631 illorum,
1717 2580 1880 2634 quant

298 2672 647 2726 cancrorum,
683 2661 922 2717 conditio
953 2660 1085 2724 fuit,
1115 2660 1312 2730 quibus
1354 2660 1475 2716 sine
1520 2659 1737 2729 publica
1767 2672 1885 2728 pte-

299 2752 530 2806 niteutia
575 2753 782 2808 reditus
838 2752 891 2805 in
948 2750 1247 2807 Ecelesiam
1299 2766 1408 2805 non
1459 2748 1668 2819 patuit?
1715 2747 1882 2818 Atqui

301 2857 465 2897 nemo
516 2857 626 2898 tam
688 2859 882 2899 vecors
939 2844 1066 2909 erit,
1120 2843 1213 2913 qui
1265 2842 1560 2897 humanius
1608 2857 1731 2895 cum
1774 2840 1882 2895 illis

301 2944 482 2988 actum
533 2943 708 3005 putet,
735 2936 829 3005 qui
865 2935 918 2989 in
971 2935 1158 2991 eadem
1194 2936 1393 3005 saepius
1424 2933 1805 2997 incurrissent,
1829 2940 1884 2986 et

301 3019 521 3089 quidem
571 3021 842 3075 horrenda
864 3019 1090 3087 ﬂagitia,
1118 3035 1278 3089 quam
1318 3034 1443 3093 eum
1479 3019 1558 3072 eis
1592 3018 1684 3088 qui
1715 3019 1882 3072 semel

1993 540 2146 606 Quod
2176 543 2378 613 quibus
2404 544 2622 598 tandem
2653 547 2981 615 persuadere
3003 551 3299 617 poterunt?

2062 634 2201 689 Com
2245 632 2336 690 hic
2377 637 2449 690 sit
2479 637 2800 707 quaestionis
2846 641 3345 712 eontroversiaeque
3381 653 3580 710 status,
3619 671 3622 675 ν

1993 739 2261 795 exponam
2292 727 2528 782 breviter
2550 730 3011 798 quemadmodum
3044 747 3130 786 res
3164 742 3315 788 tanta
3349 735 3578 791 dissolvi

1993 834 2115 872 meo
2159 817 2368 888 judicio
2431 820 2805 891 explicarique
2838 825 3029 893 possit.
3062 824 3340 896 Principio
3382 843 3578 897 pecca-

1994 919 2169 962 torum
2218 911 2358 979 apud
2415 912 2673 980 antiquos
2702 914 2921 966 invenio
2971 929 3169 983 genera
3221 914 3391 969 fuisse
3421 915 3576 969 duo:

1992 1001 2098 1054 alia
2130 1002 2402 1070 mortalia,
2440 1005 2556 1059 sive
2582 1004 2839 1073 capitalia
2866 1004 3215 1070 dicebantur,
3248 1021 3356 1059 non
3392 1013 3452 1059 ut
3477 1021 3581 1059 nox

1991 1093 2293 1165 intelligere
2313 1097 2474 1166 vulgo
2490 1096 2752 1164 solemus,
2776 1113 3117 1166 quaecunque
3145 1096 3235 1150 Dei
3276 1112 3379 1152 nos
3403 1098 3577 1168 gratia

1991 1199 2056 1238 ac
2086 1185 2425 1253 spiritalibus
2472 1187 2758 1243 cbaritatis
2796 1189 3132 1243 ornamentis
3171 1188 3437 1256 spoliant,
3483 1189 3578 1242 sed

1991 1274 2155 1345 hujus
2216 1278 2430 1346 generis
2480 1289 2627 1333 certa
2687 1280 2975 1343 duntaxat,
3014 1295 3132 1348 quae
3170 1294 3294 1332 cum
3325 1280 3577 1347 graviora

1990 1367 2201 1422 caeteris
2225 1379 2427 1430 essent,
2463 1379 2575 1424 tum
2606 1370 2912 1425 canonibus
2926 1386 2992 1424 ac
3019 1370 3353 1441 synodorum
3388 1371 3578 1424 decre-

1990 1458 2060 1515 tis
2090 1460 2410 1516 nominatim
2432 1476 2713 1532 expressa.
2746 1460 2895 1527 llzec,
2925 1463 3170 1532 inquam,
3200 1461 3452 1532 capitalia
3480 1476 3580 1515 πιθα

1990 1552 2309 1620 minabant,
2370 1553 2571 1624 quibus
2598 1626 2600 1630 τ
2625 1569 2801 1624 poena:
2835 1565 2873 1609 'a
2915 1554 3221 1609 canonibus
3259 1553 3573 1624 singillatim

1990 1645 2299 1715 propositae.
2354 1643 2541 1716 Neque
2589 1646 2735 1700 enim
2771 1647 3138 1701 vetustissima
3193 1645 3282 1700 illa
3326 1654 3576 1714 tempora

1989 1752 2311 1808 persequor,
2345 1740 2547 1809 quibus
2562 1755 2624 1793 ea
2642 1741 2909 1793 duntaxat
2940 1741 3192 1809 capitalia
3215 1741 3573 1808 vocabantur,

1984 1840 2107 1896 qua)
2133 1827 2203 1882 ab
2223 1831 2371 1882 omni
2402 1844 2499 1900 spe
2525 1831 2934 1886 communionis
2960 1841 3286 1886 arcerentur
3311 1847 3326 1884 :
3359 1833 3426 1886 de
3450 1832 3577 1902 qui-

1984 1918 2088 1974 bus
2118 1934 2183 1973 ex
2208 1918 2448 1975 Paciano
2504 1921 2737 1992 aliisque
2780 1939 2945 1992 supra
2991 1922 3253 1979 diximus.
3289 1923 3408 1977 Alia
3445 1938 3579 1977 vero

1985 2010 2187 2064 leviora
2234 2019 2288 2065 et
2336 2011 2655 2081 quotidiana
2704 2012 3060 2078 dicebautur,
3108 2013 3222 2068 sive
3271 2028 3395 2084 quae
3472 2029 3577 2068 nos

1984 2102 2216 2157 venialia
2238 2118 2642 2174 nuncupamus,
2675 2103 2790 2158 sive
2823 2104 3027 2172 alioqui
3065 2103 3341 2166 mortalia,
3378 2103 3473 2157 sed
3510 2105 3578 2157 de

1985 2199 2184 2269 quibus
2220 2200 2368 2253 nulla
2393 2199 2714 2253 nominatim
2738 2210 2983 2254 exstaret
3012 2201 3065 2253 in
3092 2199 3452 2254 conciliorum
3481 2199 3577 2252 de-

1985 2290 2147 2344 cretis
2174 2289 2400 2343 mentio.
2431 2289 2624 2356 Quale,
2653 2289 2801 2344 verbi
2839 2289 3033 2358 gratia,
3064 2304 3188 2342 esse
3210 2297 3390 2358 potest
3417 2302 3577 2356 aspe-
3610 2278 3617 2283 ’

1986 2384 2105 2438 rius
2165 2382 2218 2436 in
2252 2394 2584 2453 quemquam
2632 2382 3024 2449 maledictum,
3069 2391 3164 2435 aut
3219 2380 3570 2442 convicium;

1984 2477 2308 2548 perjurium,
2339 2476 2557 2544 aliaque
2588 2480 2866 2539 sexcenta,
2895 2489 3017 2542 quae
3043 2486 3359 2542 quanquam
3392 2468 3574 2523 letalia

1984 2568 2117 2628 sint,
2176 2563 2342 2617 nulla:
2410 2570 2592 2616 tamen
2643 2560 2711 2616 iis
2766 2576 2797 2616 a
2848 2560 3153 2617 canonibus
3200 2569 3357 2615 erant
3391 2574 3569 2629 poenas

1983 2661 2318 2716 constitutae.
2371 2654 2620 2711 Declarat
2645 2656 2751 2709 hoc
2775 2653 3037 2724 Origenes
3067 2654 3190 2709 loco
3221 2664 3378 2709 antea
3408 2656 3577 2710 citato

1981 2752 2165 2808 verbis
2234 2750 2357 2806 istis
2392 2746 2495 2805 :Si
2522 2765 2630 2812 vos,
2672 2747 2873 2817 inquit,
2909 2749 3091 2817 aliqua
3138 2748 3292 2816 culpa
3330 2749 3576 2802 martalis

1982 2847 2259 2910 invenerit,
2286 2860 2405 2915 qua
2448 2861 2553 2898 non
2596 2845 2650 2896 in
2689 2843 2907 2896 crimine
2934 2841 3172 2908 mortali,
3200 2859 3305 2896 non
3335 2844 3390 2896 in
3426 2843 3574 2898 blus-

1979 2941 2187 3011 phemia
2235 2935 2394 3007 ﬁdei,
2453 2950 2571 3005 qtae
2610 2949 2762 2986 muro
2828 2932 3175 2987 ecclesiastici
3205 2943 3252 2986 et
3296 2934 3578 3002 apostolici

1982 3029 2246 3099 dogmatis
2297 3029 2474 3080 cincta
2512 3035 2613 3090 est,
2665 3025 2755 3079 sed
2799 3027 2876 3079 vel
2922 3028 2977 3078 in
3015 3027 3365 3090 sermonibus,
3407 3028 3486 3081 vel
3517 3029 3578 3081 in

301 3124 364 3163 ea
395 3110 802 3166 commisissent
823 3130 836 3165 :
857 3111 1002 3180 quod
1028 3126 1091 3164 ex
1111 3109 1200 3163 illa
1225 3109 1480 3179 opinione
1505 3107 1878 3177 consequitur.

1990 3136 2195 3174 morum
2261 3120 2388 3173 vitio
2431 3120 2708 3178 consistat,
2756 3117 2852 3172 hoc
2885 3127 2961 3172 est
3004 3118 3296 3171 vendidisse
3332 3119 3571 3183 domum,

302 3200 622 3272 Cuiusmodi
655 3220 781 3259 vero
811 3204 952 3259 istud
987 3213 1102 3259 est':
1124 3202 1269 3257 wlut
1292 3201 1477 3272 gratia:
1538 3215 1601 3254 ac
1637 3200 1884 3254 beneficii

304 3296 425 3352 loco
458 3298 731 3370 publicam
787 3297 936 3351 illam
978 3295 1355 3369 paenitentiam
1382 3295 1560 3364 spisse
1589 3308 1654 3348 ac
1688 3291 1882 3348 didici-

302 3391 428 3448 liter
456 3390 763 3447 indultam?
809 3388 945 3444 Nam
979 3389 1027 3444 si
1077 3388 1286 3458 privata
1319 3394 1374 3441 et
1420 3385 1632 3441 occulta
1663 3384 1886 3454 defungi

303 3493 549 3555 possent,
580 3492 634 3537 et
666 3483 720 3536 in
741 3483 931 3537 eodem
964 3496 1029 3536 ac
1072 3479 1253 3534 caeteri
1294 3480 1416 3534 loco
1446 3493 1585 3544 esse,
1620 3477 1743 3548 quis
1778 3491 1887 3530 non

302 3584 456 3630 tanto
508 3574 881 3629 molestiarum
936 3587 998 3626 ac
1054 3571 1313 3639 temporis
1354 3569 1675 3638 compendio
1705 3569 1889 3622 mallet

303 3664 407 3729 uti,
434 3646 896 3733 cupidissimeque
953 3676 1031 3726 se,
1057 3660 1272 3730 publica
1326 3658 1416 3711 illa
1452 3665 1780 3727 contempta,
1819 3656 1887 3711 ad

303 3754 731 3809 commodiorem
781 3753 1007 3807 alteram
1075 3750 1491 3821 brevioremque
1530 3749 1888 3804 transferret?

303 3842 441 3899 Volo
464 3845 609 3900 enim
655 3843 790 3898 illud
835 3843 965 3896 mibi
1014 3843 1381 3911 respondeant
1411 3841 1554 3908 :Qui
1596 3841 1885 3896 atrocior-is

303 3937 477 4008 culpa:
508 3937 764 3993 conscius
795 3945 908 3991 tum
938 3936 1173 4007 primum
1211 3936 1276 3990 ad
1309 3935 1682 4004 paenitentiam
1724 3950 1883 3990 acce-

302 4029 473 4091 deret,
518 4038 700 4082 utrum
734 4028 941 4097 absque
978 4027 1195 4097 publica
1229 4041 1324 4096 per
1356 4028 1618 4096 privatam
1668 4026 1883 4081 restitui

301 4120 564 4190 potuerit,
612 4135 681 4173 an
732 4120 1045 4174 necessario
1081 4118 1390 4187 usurpanda
1444 4119 1535 4174 illa
1584 4118 1768 4173 fuerit.
1824 4116 1883 4172 Si

302 4212 453 4282 prius
468 4212 725 4277 dixerint;
743 4214 812 4275 si,
828 4212 1071 4281 inquam,
1087 4212 1449 4265 necessariam
1468 4211 1573 4264 illis
1611 4210 1880 4280 publicam

302 4301 677 4370 pceuitentiam
699 4304 1032 4370 negaverint,
1054 4301 1393 4369 antiquitatis
1418 4301 1584 4355 totius
1614 4303 1881 4356 memoria

302 4399 440 4446 teste
472 4390 790 4446 refellentur
821 4410 834 4447 :
862 4391 1132 4459 siquidem
1165 4401 1345 4446 vetera
1386 4393 1568 4446 omnia
1625 4394 1878 4457 concilia,

1993 3222 2111 3280 quae
2140 3213 2193 3265 in
2221 3227 2349 3281 agro
2371 3223 2471 3275 est,
2496 3209 2573 3264 vel
2596 3211 2649 3263 in
2674 3210 2807 3273 vico,
2853 3210 2940 3262 cui
2967 3224 3146 3263 murus
3175 3225 3277 3262 non
3301 3220 3401 3265 est.
3442 3209 3577 3266 Hcec-

1992 3318 2113 3371 ergo
2174 3301 2407 3354 venditio
2481 3300 2786 3369 Imjusmodi
2854 3300 3012 3368 culpa
3064 3315 3267 3369 semper
3332 3299 3574 3367 reparari

1991 3402 2182 3463 potest,
2215 3408 2307 3445 nec
2343 3390 2631 3461 aliquando
2668 3393 2761 3444 tibi
2811 3391 3147 3445 interdicitur
3185 3390 3247 3445 de
3276 3391 3572 3445 commissis

1991 3484 2353 3553 hujuscemodi
2411 3484 2774 3554 paenitentiam
2838 3498 3032 3554 gerere.
3115 3483 3180 3538 In
3239 3483 3572 3555 gravioribus

1989 3577 2129 3629 enim
2177 3574 2485 3627 criminibus
2524 3570 2683 3627 semel
2729 3580 2957 3635 tantum,
2985 3570 3064 3625 vel
3097 3587 3218 3624 raro
3254 3572 3574 3640 pmnitentiw

1989 3665 2293 3718 conceditur
2358 3663 2524 3716 locus.
2581 3660 2843 3731 Quisquis
2896 3661 3063 3731 igitur
3101 3663 3299 3730 prioris
3354 3668 3571 3732 generis

1988 3759 2196 3813 crimen
2237 3755 2456 3826 aliquod
2507 3761 2895 3825 perpetrasset,
2934 3753 3022 3807 hic
3065 3756 3131 3807 ad
3179 3755 3475 3809 antistitem
3508 3770 3572 3809 ac

1988 3849 2330 3904 sacerdotem
2389 3844 2657 3900 accedens
2728 3842 2960 3913 publica;
3002 3845 3071 3896 ab
3126 3858 3191 3896 eo
3236 3843 3572 3913 ptenitentiae

1981 3943 2073 4013 jus
2105 3938 2375 4009 capiebat,
2410 3938 2716 4008 praestituto
2744 3954 2807 3992 ex
2834 3936 3137 3992 canonibus
3166 3935 3329 3990 modo
3355 3945 3572 3990 actem-

1987 4049 2150 4105 pore;
2190 4048 2300 4103 quo
2354 4033 2575 4086 demum
2629 4031 2846 4100 expleto
2898 4045 2928 4083 a
2971 4030 3207 4099 peccatis
3249 4029 3569 4091 absolutus,

1986 4125 2361 4180 communioni
2379 4123 2790 4188 restituebatur,
2807 4138 2983 4192 neque
3006 4122 3110 4176 alia
3140 4121 3375 4185 ratione,
3399 4135 3569 4190 quam

1984 4217 2201 4288 publice
2259 4216 2408 4270 obita
2488 4214 2853 4285 poenitentia,
2919 4213 3266 4269 reconciliari
3322 4221 3568 4282 poterat;

1984 4307 2129 4378 quod
2164 4306 2393 4362 infinitis
2422 4305 2558 4360 locis
2588 4319 2712 4358 cum
2741 4302 2935 4357 Patres
2957 4301 3160 4368 caeteri,
3192 4310 3306 4355 tum
3342 4300 3569 4371 Cypria-

1988 4418 2094 4457 nus
2163 4398 2569 4457 evidentissime
2609 4397 2872 4452 declarat.
2920 4394 3164 4449 Aliorum
3236 4407 3403 4448 causa
3449 4399 3569 4446 erat

303 4499 600 4554 omnesque
623 4499 896 4538 canonum
943 4483 1253 4540 conditores
1302 4485 1374 4540 ita
1410 4486 1680 4555 publicam
1711 4488 1879 4557 lapsis
1911 4485 1955 4541 Π
1986 4491 2327 4563 explicatior,
2357 4503 2591 4558 quorum
2643 4486 2820 4540 letalis
2862 4484 3065 4555 alioqui
3097 4484 3258 4554 culpa
3300 4482 3447 4537 nulla
3476 4496 3569 4535 ca-

300 4575 675 4644 pteniteutiam
723 4575 1103 4644 praescribunt,
1146 4590 1211 4630 ac
1244 4585 1458 4646 tempus
1502 4578 1880 4649 rationemque

302 4666 602 4733 definiunt;
632 4668 704 4721 ita
740 4682 904 4737 porro
927 4667 1313 4731 Tertullianus,
1337 4670 1661 4741 Cyprianus,
1692 4671 1880 4727 Pacia-

301 4774 424 4823 nus,
452 4758 659 4829 antiqui
687 4759 757 4812 ad
775 4775 941 4813 unum
969 4775 1160 4814 omnes
1181 4761 1402 4816 eosdem
1434 4762 1557 4817 illos
1581 4763 1874 4824 hortando,

301 4851 705 4915 comminando,
729 4851 1067 4921 objurganda
1099 4853 1183 4907 vel
1218 4853 1417 4909 invitos
1479 4865 1671 4925 urgent
1698 4866 1750 4910 et
1775 4856 1880 4909 im-

301 4943 525 5010 pellunt,
560 4951 619 4997 ut
651 4944 880 4998 minime
920 4945 1021 5000 hoc
1052 4945 1158 5001 illis
1191 4947 1462 5017 integrum
1505 4947 1673 5003 fuisse
1701 4948 1875 5019 signi-

301 5036 481 5089 licent.
532 5034 719 5090 Restat
777 5037 962 5108 igitur,
1004 5037 1156 5093 nullo
1197 5051 1258 5093 ut
1300 5040 1432 5101 alio,
1465 5056 1529 5096 ac
1552 5057 1621 5096 ne
1651 5041 1877 5109 privata:

299 5127 514 5195 quidem
569 5128 901 5198 paenitentia:
932 5132 1198 5192 subsidio,
1227 5134 1396 5202 recipi
1432 5133 1486 5187 in
1531 5135 1877 5187 communio-

298 5232 423 5271 nem
460 5216 714 5274 Ecclcsize
745 5223 988 5290 potuisse
1016 5223 1338 5278 concedant.
1373 5224 1527 5290 Quod
1556 5240 1680 5278 cum
1711 5226 1877 5281 dede-

297 5308 427 5373 rint,
493 5319 607 5364 tum
666 5311 733 5366 de
781 5312 888 5367 illis
940 5313 1070 5383 quid
1116 5315 1357 5368 sentiant
1411 5316 1725 5384 requiram,
1781 5316 1875 5387 qui

301 5399 540 5454 secundo
586 5403 639 5454 in
667 5402 914 5470 graviora
941 5412 1157 5470 peccata
1186 5404 1319 5472 lapsi
1349 5404 1562 5472 publica
1590 5406 1666 5460 uti
1698 5405 1873 5476 ι)ωηί-

301 5493 464 5546 tentia
502 5507 610 5546 uou
655 5502 905 5562 poterant
929 5513 945 5561 ;
973 5495 1165 5564 ecquid
1212 5510 1305 5548 eos
1351 5505 1609 5551 censeant
1643 5513 1739 5566 per
1763 5499 1873 5567 pri-

297 5588 472 5635 vatam
525 5584 897 5651 paenitentiam
968 5585 1314 5639 reconciliari
1371 5587 1666 5656 potuisse?
1734 5586 1868 5642 Nam

300 5670 341 5723 si
377 5670 520 5726 istud
545 5681 813 5737 asseram,
843 5688 1063 5729 necesse
1093 5675 1197 5728 erit
1240 5691 1348 5729 una
1396 5677 1690 5743 fateantur,
1748 5678 1871 5734 feli-

296 5761 498 5817 ciorem
556 5763 725 5820 multo
767 5765 1136 5821 conditionem
1186 5780 1378 5822 eorum
1427 5772 1722 5837 exstitisse,
1772 5773 1866 5843 qui

1988 4600 2196 4639 nonum
2230 4582 2548 4638 deﬁnitione
2584 4578 3157 4648 comprehenderetur.
3197 4574 3431 4644 Ideoque
3452 4574 3567 4643 pri-

1989 4686 2112 4731 vata
2166 4675 2485 4747 paenitentia
2547 4671 2993 4732 satisfaciebant,
3036 4683 3201 4739 quam
3262 4656 3566 4723 sacerdotis

1986 4767 2273 4839 prudentia
2305 4764 2711 4821 moderabatur.
2747 4764 2823 4816 Ac
2875 4762 3088 4832 priores
3125 4760 3204 4814 illi
3239 4759 3566 4829 pteuiteutes

1986 4860 2207 4931 proprie
2239 4859 2580 4914 dicebantur.
2625 4857 2930 4911 Concilium
2968 4852 3293 4907 Toletanum
3328 4866 3344 4903 ι
3378 4865 3500 4903 can.
3533 4849 3569 4902 2

1975 4952 2315 5024 ‘pcenitentes
2363 4952 2417 5005 in
2450 4951 2656 5005 clermn
2699 4948 2940 5017 cooptari
2966 4944 3235 5015 prohibet.
3281 4941 3420 4995 Tum
3460 4939 3567 4993 ista

1987 5043 2254 5113 subjicit:
2293 5039 2426 5094 Eum
2466 5055 2585 5093 vero
2634 5038 2965 5106 poenitentem
3025 5034 3286 5096 dicimus,
3320 5029 3411 5100 qui
3449 5038 3566 5097 post

1987 5137 2308 5207 baptismum
2347 5144 2439 5188 aut
2481 5149 2576 5203 pro
2619 5130 2924 5197 homicidio,
2961 5136 3052 5181 aut
3082 5142 3176 5196 pro
3207 5123 3427 5179 diversis
3462 5121 3569 5173 cri-

1984 5229 2212 5283 minibus
2230 5227 2661 5299 gravissimisque
2682 5224 2909 5293 peccatis
2923 5221 3191 5292 publicam
3205 5216 3566 5288 paenitentiam

1986 5338 2166 5391 gerens
2190 5321 2284 5375 sub
2316 5320 2512 5385 cilicio,
2540 5318 2720 5371 divino
2747 5317 2908 5386 fuerit
2936 5311 3305 5367 reconciliatus
3345 5308 3563 5362 altario.

1983 5408 2251 5463 Czeterum
2299 5422 2421 5477 post
2457 5407 2727 5478 publicam
2779 5406 2924 5459 illam
2952 5401 3352 5474 paenitentiam,
3395 5399 3440 5454 si
3472 5398 3577 5451 iisq

1983 5501 2106 5556 dem
2138 5514 2197 5554 se
2213 5499 2536 5554 criminibus
2553 5496 2998 5555 obstrinxissent,
3027 5493 3096 5547 ab
3120 5489 3362 5545 ecclesiae
3390 5487 3582 5555 aditu._

1983 5603 2036 5648 et
2084 5607 2115 5647 a
2156 5591 2540 5663 mysteriorum
2604 5587 2994 5644 communione
3051 5584 3270 5656 penitus
3352 5580 3563 5637 exclusi

1982 5682 2329 5736 reconciliari
2385 5679 2623 5750 amplius
2669 5693 2777 5733 ll0n
2803 5686 3093 5748 poterant;
3121 5675 3351 5748 quodin
3369 5672 3577 5743 primis.

1982 5775 2323 5844 Augustinus
2382 5773 2633 5829 affirmat.
2687 5772 3010 5843 Quanquam
3046 5770 3162 5824 ﬁeri
3189 5778 3384 5840 potest,
3419 5780 3470 5822 ut
3510 5769 3562 5821 in
