4054 6404
492 300 624 354 1031

1588 296 1932 353 APPENDIX
1972 292 2604 351 DlSSEI'lTATlONUM.

3620 286 3775 340 {032

491 414 819 487 quibusdam
883 411 1142 467 Ecclesiis
1195 411 1571 482 penitentiam
1610 412 1808 466 iterare
1838 411 2074 473 licuerit.
2104 409 2348 470 Amaria
2405 407 2471 463 ad
2522 424 2645 463 eum
2700 405 2991 461 conﬁtendi
3043 421 3208 460 causa
3262 419 3382 460 sese
3423 404 3769 459 contulerat.

492 522 620 562 cum
685 506 738 560 id
800 520 950 569 raro,
997 505 1244 573 adeoque
1291 518 1687 574 nonnunquam
1725 503 1840 557 fieri
1873 504 2078 559 scribat

492 600 779 670 Origenes.
812 595 1001 665 Neque
1044 611 1173 650 vero
1221 595 1273 649 id
1325 606 1420 649 aut
1455 595 1789 661 incredibile,
1816 604 1910 649 aut
1940 596 2076 649 adeo

490 690 743 747 mirabile
802 690 975 742 videri
1035 704 1132 757 par
1184 696 1289 749 est,
1340 687 1386 743 si
1424 688 1550 758 quis
1608 686 1793 741 animo
1846 695 2074 756 repetat,

491 790 695 853 quanta
717 780 769 833 in
796 780 1088 849 plerosque
1120 789 1440 847 peccatores
1470 792 1744 831 canonum
1782 777 2076 831 austeritas

489 882 545 929 et
574 873 885 928 constantia
913 869 1095 933 fuerit,
1120 870 1284 941 utqui
1327 870 1495 924 semel
1533 870 1799 923 duntaxat
1825 868 2075 938 graviora

489 966 693 1040 ﬂagitia
722 965 1113 1027 commisisset,
1140 962 1523 1032 inexpiabilem
1560 978 1755 1016 noxam
1788 962 2078 1017 contrahe-

490 1069 608 1126 ret;
637 1058 888 1113 autinter
904 1056 1227 1125 poenitentes
1242 1054 1463 1109 assidue
1489 1053 1690 1124 degens
1713 1053 1951 1107 instante
1981 1052 2076 1107 de-

492 1164 643 1204 mum
670 1148 820 1203 obitu
852 1161 1039 1217 pacem
1072 1145 1397 1215 perciperet.
1434 1141 1507 1198 Ut
1538 1141 1829 1198 homicidae
1870 1142 1923 1196 in
1959 1141 2076 1197 An-

492 1256 697 1313 cyrauo
755 1256 877 1296 can.
940 1238 1033 1304 2i,
1084 1237 1288 1292 Christi
1334 1246 1621 1307 negatores
1675 1237 1729 1291 in
1786 1236 2077 1293 Basilianis

493 1333 795 1390 caumdhus
840 1348 965 1386 can.
1000 1330 1086 1393 Ἡ,
1119 1329 1336 1399 aliaque
1391 1329 1443 1383 id
1473 1344 1669 1400 genus,
1694 1337 1788 1382 aut
1815 1328 1882 1384 iis
1910 1329 2075 1383 etiam

494 1427 792 1487 severiora,
829 1440 951 1493 quas
976 1438 1043 1477 ex
1068 1421 1336 1491 superiori
1368 1422 1736 1489 disputatione
1768 1421 1875 1477 huc
1902 1430 2079 1476 trans-

492 1517 621 1573 ferri
660 1524 914 1587 possunt.
944 1515 1190 1580 Accedit,
1222 1514 1366 1583 quod
1400 1524 1649 1569 extremo
1677 1514 1800 1568 vitre
1831 1524 2076 1585 tempore

493 1608 884 1664 communione
902 1605 1086 1660 donati
1115 1612 1261 1667 sunt,
1304 1603 1605 1674 praesertim
1632 1612 1753 1670 post
1795 1601 2072 1659 Nicamum

493 1715 761 1756 canonem
818 1699 1051 1761 editum,
1090 1698 1185 1767 qui
1227 1695 1567 1750 moribundis
1601 1695 1783 1767 negari
1814 1696 2074 1751 viaticum

491 1792 802 1866 prohibuit;
880 1790 1028 1861 quod
1076 1762 1278 1859 ubique
1324 1796 1595 1842 terrarum
1656 1762 1915 1857 deinceps
1978 1762 2149 1842 ob-B

492 1883 676 1937 tinttit.

567 1974 839 2041 Quoniam
875 1969 1193 2026 Novatianaa
1244 1969 1469 2025 haeresis
1523 1969 1912 2039 cognoscenda:
1963 1978 2078 2023 stu-

491 2068 669 2132 dium,
715 2075 769 2120 ct
801 2065 1108 2136 argumenti
1159 2064 1391 2119 dulcedo
1426 2063 1675 2132 quaedam
1717 2079 1785 2116 eo
1816 2077 1915 2118 nos
1948 2077 2074 2131 pro-

490 2159 661 2225 vexit,
691 2168 749 2213 ut
769 2158 835 2212 de
864 2157 1181 2227 paenitentia
1208 2164 1317 2210 tam
1346 2155 1516 2210 multa
1555 2156 1718 2210 verba
1748 2154 2075 2219 faceremus,

492 2250 845 2324 producenda
873 2249 1153 2319 paululum
1180 2248 1359 2302 oratio
1393 2258 1498 2311 est,
1527 2263 1593 2302 ac
1622 2248 1688 2301 de
1719 2249 2076 2303 celeberrimo

493 2344 586 2399 illo
620 2341 855 2398 Nectarii
910 2341 1077 2404 facto,
1122 2356 1231 2411 quo
1265 2339 1671 2395 confessionem
1704 2356 1767 2396 ac
1807 2342 2079 2411 poeniten-

491 2439 623 2490 tiam
656 2436 949 2505 abrogasse
973 2435 1216 2502 jactatur
1247 2434 1316 2487 ab
1344 2433 1632 2499 haereticis,
1665 2444 1941 2503 postremo
1958 2434 2075 2488 dis-

493 2531 813 2597 putandum.
863 2527 1035 2597 Cujus
1120 2527 1366 2582 historia:
1421 2527 1675 2581 tractatio
1723 2525 1791 2581 ad
1833 2542 1919 2593 ea,
1955 2543 2077 2599 qua:

491 2620 746 2690 superius
801 2619 1179 2689 exposuimus,
1233 2616 1557 2671 illustranda
1613 2631 1873 2686 magnum
1914 2615 2074 2685 adju-

492 2723 736 2767 mentum
773 2711 978 2775 aﬂ‘eret,
1013 2727 1081 2766 ne
1116 2712 1205 2766 cui
1240 2711 1469 2765 nimium
1504 2711 1621 2766 haec
1652 2710 1827 2764 aliena
1858 2726 1923 2765 ac
1955 2710 2075 2764 lon-

491 2806 695 2874 ginqua
730 2803 869 2859 forte
903 2805 1210 2858 videantur.

491 2918 571 2973 De
597 2919 921 2971 memorabili
951 2917 1191 2971 Nectarii
1223 2917 1800 2986 Constantinopolitani
1831 2916 2073 2984 prwsulis

579 2990 842 3051 historia;
871 2998 918 3042 et
952 2997 1129 3041 utrum
1158 2987 1247 3040 ille
1280 2988 1657 3057 confessionem
1692 2987 1984 3040 sustulerit.

566 3078 714 3134 Nihil
777 3080 843 3134 ad
890 3079 1207 3133 elevandam
1258 3078 1626 3134 confessionis
1686 3079 2067 3132 auctoritatem
2098 3115 2141 3170 ε

494 3189 675 3242 urgeri
708 3173 775 3225 ab
805 3171 1071 3227 haereticis
1104 3170 1288 3225 acrius
1318 3171 1478 3234 solet,
1508 3186 1673 3239 quam
1723 3168 1961 3224 Nectarii
1992 3167 2073 3223 fa-

490 3263 649 3319 cinus
698 3262 854 3325 illud,
901 3262 1048 3332 quod
1098 3262 1239 3331 apud
1286 3260 1566 3316 Socratem
1602 3271 1654 3315 ct
1705 3260 2072 3315 Sozomenum

489 3356 771 3409 memoria:
819 3356 1091 3425 proditum
1125 3362 1229 3417 est,
1267 3368 1377 3422 quo
1411 3354 1501 3408 ille
1543 3365 1761 3425 propter
1795 3355 2071 3424 vulgatum

492 3445 711 3499 diaconi
760 3444 1022 3514 ﬂagitium
1055 3443 1423 3498 confessionis
1455 3458 1519 3499 ac
1552 3445 1882 3514 pmnitentia:
1916 3458 2073 3498 usum

493 3538 788 3607 abrogasse
826 3536 1016 3589 fertur.
1050 3536 1148 3589 Cui
1176 3535 1397 3605 quidem
1442 3536 1689 3605 plerique
1719 3536 1848 3592 dum
1881 3550 2077 3592 ocellr-

493 3644 636 3692 rere,
673 3644 737 3683 ac
776 3629 987 3682 veritati
1033 3630 1364 3697 patrocinari
1410 3629 1650 3693 student,
1699 3630 1752 3683 in
1805 3628 2073 3684 absurdas

492 3728 547 3774 et
580 3718 983 3774 inextricabiles
1017 3719 1228 3772 fabulas
1250 3726 1383 3772 aestu
1418 3717 1653 3788 quodam
1682 3719 2075 3789 disputationis

493 3811 705 3880 abrepti
758 3820 904 3865 sunt.
979 3808 1269 3866 Nonnullis
1328 3812 1490 3865 etiam
1544 3809 1858 3865 Cassiodori
1912 3823 2075 3881 atque

490 3904 746 3960 Historia:
794 3904 1080 3970 tripertita:
1124 3904 1452 3973 depravatus
1487 3903 1642 3960 locus
1680 3904 1884 3958 erroris
1925 3919 2077 3958 orca—

492 3994 702 4048 sionem
733 3993 900 4055 dedit,
933 3995 1061 4047 dum
1095 4009 1161 4047 ex
1210 3991 1420 4047 Latinis
1451 3992 1837 4063 interpretibus
1870 3992 2071 4061 potius.

491 4102 657 4156 quam
692 4101 756 4139 ex
808 4083 1012 4140 Graecis
1053 4084 1319 4147 fontibus,
1375 4084 1745 4138 narrationem
1786 4082 1947 4137 istam
1997 4099 2076 4137 re-

491 4184 701 4246 petunt.
739 4172 999 4243 Utrisque
1027 4190 1178 4239 vero,
1209 4175 1304 4229 sed
1335 4174 1541 4228 nostris
1566 4174 1913 4243 potissimum
1942 4188 2076 4227 con-

494 4268 676 4321 sulere
705 4266 811 4320 hoc
843 4267 1020 4335 capite
1052 4266 1406 4320 decrevimus.
1460 4264 1593 4318 Nam
1624 4265 1769 4334 quod
1803 4266 1869 4318 ad
1906 4266 2075 4318 luere.

490 4360 634 4414 ticos
695 4367 926 4428 spectat,
985 4358 1037 4411 id
1088 4373 1195 4423 me,
1253 4357 1361 4412 Deo
1404 4359 1650 4429 juvante,
1705 4356 2072 4427 perfecturum

2179 502 2276 555 Cui
2312 516 2434 555 cum
2466 510 2709 569 peccata,
2752 515 2873 569 qua:
2912 507 3035 568 post
3065 498 3396 567 baptismum
3431 495 3769 555 admiserat.

2177 593 2361 647 omnia
2410 592 2723 660 singillatim
2764 590 3129 660 exposuisset.
3176 589 3328 643 obire
3374 588 3772 658 ptenitentiatn

2173 682 2417 753 jubetur,
2438 698 2501 737 ac
2522 681 2746 752 jejuniis
2766 690 2819 734 et
2845 679 3182 735 orationibus
3209 678 3449 734 assiduis
3471 677 3772 732 insistere.

2179 778 2237 831 In
2266 793 2375 843 quo
2404 777 2623 847 longius
2670 789 2951 845 progressa
2984 773 3111 842 (hoc
3136 783 3237 836 est,
3275 781 3335 825 ut
3365 771 3604 826 declarat
3653 769 3773 824 So-

2180 883 2463 933 zomenus,
2496 868 2704 922 diutius
2752 868 2804 920 ir.
2872 865 3101 921 ecclesia
3157 866 3557 935 perseverans),
3607 864 3775 917 aliud

2178 954 2449 1028 quoddam
2504 957 2684 1014 scelus
2737 974 2897 1012 suum
2929 957 3161 1028 aperuit,
3192 966 3439 1026 stuprum
3482 956 3774 1020 videlicet,

2178 1055 2475 1124 quodcum
2502 1054 2733 1107 diacono
2763 1054 3137 1108 commiserat.
3171 1052 3342 1105 Τοῦτ’)
3376 1049 3588 1121 λεχθέν,
3657 1050 3779 1102 hoc

2178 1154 2263 1200 est
2291 1163 2303 1198 :
2336 1161 2456 1198 cum
2498 1144 2593 1198 hoc
2637 1144 2838 1197 dictum
2892 1154 3046 1209 esset,
3086 1145 3348 1199 diaconus
3401 1144 3454 1196 in
3502 1142 3774 1196 ordinem

2179 1235 2432 1289 redactus
2462 1244 2567 1290 est.
2601 1234 2887 1290 Fremeute
2911 1250 3066 1298 vero,
3095 1250 3157 1289 ac
3186 1235 3547 1289 tumultuante
3577 1233 3773 1303 plebe.

2177 1337 2232 1382 et
2261 1328 2615 1396 flagrantibus
2654 1328 2857 1383 invidia
2890 1328 3119 1391 clericis,
3156 1326 3439 1383 Nectarius
3469 1326 3778 1381 Eudaemo-

2179 1421 2264 1475 nis
2315 1420 2602 1490 cujusdam
2651 1421 2948 1491 presbyteri
2981 1435 3177 1490 genere
3221 1418 3570 1473 Alexandrini
3627 1432 3778 1470 con-

2178 1511 2337 1574 silio,
2413 1511 2877 1580 ptenitentiarium
2940 1511 3309 1582 presbyterum
3382 1508 3649 1569 sustulit,
3713 1516 3781 1559 et

2178 1618 2625 1673 unumquemque
2684 1619 2797 1658 suae
2850 1603 3197 1658 conscientia:
3256 1601 3533 1669 permisit,
3583 1610 3650 1653 ut
3698 1614 3777 1653 ex

2178 1695 2299 1764 ejus
2343 1696 2570 1750 arbitrio
2603 1696 2669 1751 de
2702 1696 2978 1767 mysteriis
3020 1696 3345 1765 usurpandis
3379 1694 3518 1765 apud
3563 1709 3626 1749 se
3658 1703 3782 1747 sta-

2178 1795 2371 1840 tueret.
2409 1785 2534 1843 Haec
2566 1794 2633 1842 ad
2679 1790 2906 1843 verbum
2950 1788 3223 1854 Socrates,
3256 1787 3558 1857 eademque
3590 1784 3781 1840 Sozo—

2179 1896 2372 1937 menus
2405 1882 2501 1936 lib.
2536 1898 2631 1948 vn,
2662 1899 2781 1953 cap.
2822 1883 2907 1938 16.

2249 1971 2327 2026 Ex
2357 1974 2558 2044 quibus
2588 1975 2931 2045 antiquatum
2963 1972 3431 2043 Constantinopoli
3458 1970 3774 2026 confitendi

2177 2065 2365 2129 ritum,
2400 2082 2462 2119 ac
2492 2068 2823 2143 poenitentiae
2853 2076 3257 2121 sacramentum
3305 2080 3425 2120 esse
3472 2066 3769 2119 sublatum

2176 2167 2302 2226 post
2353 2156 2639 2213 Calvinum
2690 2158 2926 2214 haeretici
2980 2174 3173 2213 omnes
3233 2158 3515 2228 colligunt.
3568 2156 3773 2213 Nostri

2178 2250 2373 2319 partim
2424 2252 2710 2305 confictam
2764 2252 2906 2307 hanc
2938 2270 2967 2305 a
2996 2249 3313 2305 Novatiauis
3358 2250 3642 2305 historicis
3694 2249 3778 2303 fa-

2180 2339 2361 2393 bulam
2403 2350 2710 2409 apponunt,
2764 2342 2816 2395 in
2866 2357 3061 2411 eaque,
3096 2353 3154 2395 ut
3210 2343 3265 2396 in
3311 2341 3433 2396 aliis
3478 2340 3773 2409 plurimis,

2178 2435 2438 2489 mentitos
2462 2435 2610 2505 ,illos
2651 2450 2773 2489 esse
2806 2433 3134 2501 defendunt;
3185 2434 3380 2505 partim
3418 2450 3526 2486 non
3574 2448 3777 2487 sacra-

2177 2529 2491 2593 mentalem,
2524 2535 2583 2583 ut
2611 2536 2829 2594 vocant,
2859 2526 3279 2592 confessionem,
3298 2542 3361 2581 ac
3390 2526 3641 2587 tacitam,
3669 2528 3771 2579 sed

2177 2620 2450 2691 publicam
2486 2629 2679 2691 putant
2726 2634 2848 2674 esse
2897 2619 3191 2673 sublatam.
3239 2616 3330 2672 Sic
3372 2618 3517 2671 enim
3560 2616 3771 2671 existi-

2177 2719 2352 2777 mant,
2408 2726 2503 2765 eos
2552 2711 2646 2780 qui
2702 2710 2915 2776 publice
2962 2710 3339 2779 paenitentiam
3391 2710 3770 2778 susciperent,

2177 2817 2274 2856 sua
2324 2803 2571 2871 quaedam
2616 2802 2869 2867 crimina,
2919 2818 3043 2872 quae
3094 2802 3349 2856 sacerdos
3396 2801 3772 2870 designasset,

2176 2895 2455 2963 propalam
2515 2906 2568 2949 et
2618 2896 2671 2948 in
2723 2894 2992 2964 frequenti
3032 2895 3283 2949 Ecclesiae
3311 2902 3453 2947 coetu
3505 2890 3770 2946 conﬁteri

2177 2985 2367 3040 solitos
2398 3004 2410 3040 :
2444 2995 2497 3040 et
2522 3002 2639 3040 eam
2670 2986 2841 3056 ipsam
2874 2986 3144 3056 publicam
3181 2984 3583 3039 confessionem
3610 2984 3772 3037 auti-

2176 3092 2376 3145 quasse
2417 3075 2763 3144 Nectarium;
2817 3093 2937 3145 qua:
2973 3091 3080 3130 non
3130 3086 3241 3130 tam
3294 3076 3360 3129 ad
3414 3076 3586 3144 culpa:
3634 3090 3775 3145 pro-

2177 3170 2491 3223 merendam
2533 3171 2770 3234 veniam,
2816 3185 2979 3239 quam
3037 3170 3103 3223 ad
3151 3185 3367 3240 pennam
3418 3167 3771 3223 satisfactio-

2179 3276 2412 3330 nemque
2460 3270 2752 3331 spectaret.
2784 3261 2997 3316 Etenim
3044 3272 3351 3316 matronam
3398 3261 3545 3314 illam
3578 3275 3610 3313 a
3645 3260 3776 3314 dia-

2176 3368 2319 3407 cono
2367 3364 2777 3423 constupratam
2809 3355 2997 3419 aiunt,
3042 3370 3167 3408 cum
3226 3354 3294 3407 ad
3352 3353 3632 3423 publicam
3702 3354 3773 3408 de

2176 3458 2328 3497 more
2376 3442 2780 3499 confessionem
2833 3445 3104 3505 venisset,
3160 3445 3505 3514 prmscriptos
3560 3442 3674 3497 sibi
3736 3457 3771 3494 ι

2177 3534 2587 3603 poenitentiario
2642 3536 2926 3590 sacerdote
2976 3536 3239 3590 terminos
3287 3523 3604 3606 egressam,
3664 3535 3773 3587 im-

2176 3626 2474 3696 prudenter
2542 3627 2810 3682 incestum
2878 3644 2982 3682 una
3041 3628 3193 3682 illum
3252 3627 3596 3698 patefecisse.
3659 3627 3770 3679 Alii

2175 3719 2400 3773 conscio
2446 3728 2501 3774 et
2551 3730 2773 3775 auctore
2825 3721 3109 3777 sacerdote
3153 3722 3465 3792 divulgasse
3510 3719 3769 3783 malunt,

2177 3810 2322 3879 quod
2350 3810 2421 3864 ob
2451 3826 2570 3864 eam
2597 3826 2711 3864 rem
2756 3810 2824 3864 ab
2857 3810 3035 3866 oﬂicio
3065 3820 3309 3866 remotus
3344 3811 3524 3866 fuerit.

2252 3898 2356 3955 Sed
2398 3901 2466 3955 de
2506 3902 2721 3972 publica
2772 3900 3119 3957 confessione
3162 3918 3308 3958 mox.
3356 3900 3489 3956 Illud
3539 3901 3768 3956 interim

2178 3992 2635 4047 considerandum
2668 3994 2812 4048 unde
2835 3994 3049 4049 tandem
3074 3994 3408 4064 acceperint,
3439 3995 3768 4049 mandat-Im

2178 4083 2416 4147 mulieri,
2454 4084 2535 4137 uti
2565 4099 2664 4137 sua
2692 4098 2794 4154 pro
2824 4085 3087 4139 concione
3118 4094 3339 4152 peccata
3367 4083 3629 4138 omnibus
3661 4084 3774 4136 edi-

2178 4186 2343 4229 ceret.
2365 4173 2483 4228 Duo
2503 4186 2631 4228 sunt
2647 4176 2698 4228 in
2717 4174 2905 4230 Graeca
2927 4177 3241 4230 narratione
3254 4176 3438 4238 verba,
3456 4189 3526 4228 ex
3557 4172 3774 4243 quibus

2179 4277 2459 4337 utcunque
2504 4268 2696 4323 deduci
2729 4278 2944 4338 potest;
3001 4284 3127 4323 nam
3156 4269 3297 4339 apud
3336 4268 3665 4322 Socratem:
3706 4265 3771 4317 ἸΙ

2177 4361 2235 4414 δὲ
2270 4361 2656 4431 προϐαίνουσα,
2691 4364 2785 4415 καὶ
2817 4362 2945 4417 ἄλλο
2981 4364 3231 4432 πταῖσμα
3274 4360 3472 4430 ἑαυτῆς
3521 4359 3774 4429 κατηγό-

490 4449 734 4517 conﬁdo,
764 4459 826 4505 ut
852 4450 1082 4505 inscitiae
1121 4465 1235 4503 sua:
1266 4449 1661 4503 monimentum
1708 4450 1760 4502 in
1801 4450 1904 4502 hac
1935 4448 2074 4516 obji-

2180 4469 2282 4521 ρει.
2329 4451 2466 4518 Quia
2501 4452 2873 4523 προϐαίνουσα
2903 4453 3039 4507 dixit
3058 4462 3114 4507 et
3141 4450 3461 4522 κατηγόρει,
3491 4450 3773 4518 interpres

491 4542 685 4598 cienda
725 4541 883 4596 nobis
926 4541 1154 4596 historia
1202 4540 1459 4596 deﬁxisse
1501 4541 1703 4610 potius,
1738 4555 1901 4609 quam
1951 4554 2072 4593 mo-

494 4643 740 4688 mentum
794 4633 963 4687 ullum
1019 4632 1086 4686 ad
1138 4647 1359 4685 causam
1415 4646 1572 4686 suam
1623 4630 1871 4687 attulisse
1930 4630 2070 4699 aequi

492 4740 687 4779 omnes
715 4735 770 4778 et
800 4724 971 4793 iniqui
1004 4732 1266 4778 statuant.

568 4815 673 4868 Sed
709 4825 768 4868 ut
798 4832 829 4868 ιι
871 4816 1049 4883 capite
1079 4816 1198 4883 ipso
1230 4814 1653 4883 disputationem
1704 4829 2070 4877 arcessemus,

494 4922 794 4977 proponam
826 4916 951 4960 ante
980 4907 1185 4971 omnia,
1218 4920 1339 4976 qua:
1364 4905 1429 4960 de
1467 4907 1567 4959 hac
1602 4905 1829 4960 historia
1870 4906 2074 4960 Socra-

494 5014 579 5052 tes
630 5014 693 5053 ac
744 4998 1083 5052 Sozomenus
1141 4998 1364 5068 scriptis
1415 4997 1911 5053 commendarunt:
1948 5013 2072 5051 nam

495 5094 567 5147 ab
618 5093 739 5147 istis
786 5093 840 5146 in
889 5075 1223 5157 reliquorum
1270 5091 1598 5159 scriptorum
1645 5090 2075 5145 commentarios

497 5185 625 5238 facti
658 5184 805 5238 illius
838 5192 921 5237 est
954 5182 1197 5237 derivata
1226 5182 1512 5236 memoria.
1558 5181 1761 5235 Scribit
1794 5182 1959 5251 igitur
2017 5183 2074 5235 in

497 5273 691 5345 primis
742 5273 994 5327 Socrates
1047 5274 1142 5326 lib.
1189 5289 1244 5335 v,
1300 5288 1420 5343 cap.
1468 5273 1549 5335 l9,
1586 5288 1649 5327 ex
1696 5288 1762 5327 eo
1805 5280 2071 5342 tempore,

496 5380 605 5434 quo
638 5363 923 5419 Novatiani
973 5365 1207 5435 primum
1242 5376 1601 5428 emerserunt,
1647 5365 1931 5435 episcopos
1968 5381 2077 5435 pce-

497 5457 869 5511 uitentiarium
901 5456 1275 5527 presbyterum
1328 5457 1664 5526 adjunxisse,
1711 5468 1769 5510 ut
1812 5458 1905 5528 qui
1952 5467 2076 5527 post

496 5548 825 5617 baptismum
883 5549 1244 5618 deliquissent
1302 5566 1397 5604 sua
1454 5551 1593 5618 apud
1644 5551 1796 5604 illum
1854 5561 2073 5619 peccata

494 5639 901 5695 confiterentur.
955 5637 1219 5695 Eumdem
1268 5657 1432 5711 porro
1483 5640 1951 5713 Constantinopoli
1988 5644 2073 5699 his

496 5730 566 5782 de
603 5729 784 5783 causis
818 5730 1138 5800 abrogatum
1184 5732 1373 5788 fuisse.
1419 5733 1639 5788 Femina
1675 5736 1918 5798 quaedam
1955 5737 2067 5804 pri-

2177 4542 2251 4596 ita
2281 4543 2440 4597 vertit
2478 4566 2490 4597 ε
2526 4541 2722 4596 Mulier
2762 4542 2971 4614 longius
3020 4545 3077 4597 in
3128 4542 3424 4612 conﬁtendo
3458 4555 3772 4609 progressa.

2176 4633 2395 4688 alterius
2422 4634 2591 4704 culpa:
2611 4636 2837 4704 seipsam
2865 4636 3163 4689 insimulat.
3204 4633 3321 4688 Non
3349 4640 3516 4696 recte,
3558 4632 3603 4687 si
3634 4631 3775 4701 quid

2175 4728 2231 4781 in
2263 4728 2348 4782 bis
2379 4728 2555 4782 video.
2605 4726 2792 4797 Neque
2840 4730 2985 4783 enim
3018 4728 3387 4800 προὸαίνουσα
3434 4725 3500 4780 ad
3558 4724 3781 4779 confes-

2177 4816 2392 4871 sionem
2424 4818 2698 4886 pertinet;
2735 4818 2906 4872 multo
2951 4820 3137 4871 minus
3178 4817 3244 4871 ad
3283 4815 3586 4885 publicam,
3617 4813 3779 4883 quod

2176 4908 2243 4963 de
2276 4925 2376 4962 suo
2406 4909 2506 4963 viri
2533 4910 2758 4979 quidam
2790 4910 2917 4965 boui
2949 4910 3127 4964 solent
3159 4917 3421 4964 attexere.
3463 4904 3575 4962 Sed
3603 4907 3785 4959 nimi-

2177 5015 2321 5065 rum,
2369 5010 2428 5055 ut
2466 5017 2535 5055 ex
2565 4999 2875 5057 Sozomeno
2916 5002 3214 5073 colligitur,
3260 5017 3386 5056 cum
3420 5002 3474 5055 in
3513 5001 3781 5055 obeunda

2175 5094 2519 5163 paenitentia,
2570 5096 2621 5148 in
2659 5097 2931 5159 oratione,
2960 5096 3190 5166 jejunio,
3226 5094 3629 5166 frequentanda
3682 5109 3787 5149 ec-

2176 5183 2366 5250 clesia,
2419 5185 2636 5255 longius
2668 5187 3009 5256 procederet,
3052 5189 3287 5242 alterum
3344 5184 3500 5240 nefas
3547 5187 3783 5240 interim

2175 5276 2473 5339 commisit,
2519 5286 2574 5331 cl.
2621 5278 2854 5333 subinde
2896 5278 3229 5339 declaravit;
3269 5277 3663 5348 κατηγόρησεν
3697 5280 3786 5332 vel

2177 5373 2583 5442 κατεμήνυσεν,
2642 5382 2701 5427 ut
2751 5372 2914 5428 habet
2968 5372 3345 5438 Sozomenus;
3408 5386 3519 5425 non
3581 5372 3790 5441 utique

2174 5464 2480 5531 propalam,
2524 5480 2622 5519 nec
2663 5466 2716 5519 in
2753 5467 2975 5534 publico
3001 5474 3298 5527 conventu.
3360 5465 3456 5519 sed
3486 5465 3789 5532 privatim.

2174 5564 2229 5609 et
2259 5570 2443 5609 coram
2475 5558 2885 5626 ptenitentiario
2913 5558 3215 5622 sacerdote,
3249 5551 3395 5625 apud
3418 5570 3589 5624 quem
3622 5557 3795 5610 iden-

2177 5647 2341 5701 tidem
2391 5661 2613 5718 peccata
2655 5651 2987 5720 deponeret;
3036 5660 3133 5705 aut
3177 5648 3345 5703 etiam
3394 5648 3540 5703 citra
3590 5663 3797 5704 sacra-

2176 5754 2419 5793 mentum
2462 5757 2585 5795 cum
2619 5756 2707 5807 eo,
2744 5753 2840 5797 aut
2881 5743 2992 5797 alio
3033 5741 3376 5811 colloquens.
3415 5737 3661 5806 Quidvis
3694 5742 3800 5798 tle-
