4054 6404
322 438 464 501 ω’ὅό

1252 437 1338 492 DE
1377 436 1858 495 PCENlTENThE
1901 438 2180 498 VETEBE
2220 445 2630 505 DlSClPLlNA.

3448 457 3590 514 1054

318 565 489 635 nique
529 558 716 633 potius
767 573 930 630 quam
973 568 1032 613 ut
1076 559 1346 630 publicam
1393 559 1458 614 ad
1501 559 1906 615 confessionem
1937 564 1984 620 Α
2011 565 2314 619 consuevit.
2363 565 2626 636 Exemplo
2679 567 2752 621 sit
2799 579 2830 620 e
2863 567 3049 622 multis
3095 567 3248 636 illud,
3300 573 3443 642 quod
3487 576 3591 631 sub

319 653 569 708 adactam
603 649 906 706 dixerimus
945 656 1042 704 aut
1075 649 1361 704 mulierem
1395 651 1578 717 istam,
1612 660 1708 706 aut
1736 652 1905 706 ullum

319 743 548 801 omnino
598 741 937 798 mortalium.
995 739 1112 797 Hoc
1172 742 1337 813 igitur
1391 757 1422 798 a
1466 745 1782 808 sacerdote,
1837 745 1907 799 ab

321 835 589 901 antistite,
617 850 648 889 a
685 834 874 905 paucis
904 833 1141 906 denique
1175 834 1379 907 llagitio
1402 847 1702 907 comperto,
1740 838 1906 908 depo-

321 928 463 984 situs
502 935 586 982 est
633 925 723 980 ille
770 926 1034 981 diaconus
1068 945 1082 981 :
1115 942 1181 981 ex
1219 943 1329 998 quo
1380 928 1638 998 paulatim
1689 944 1907 998 percre-

325 1021 612 1076 brescente
644 1017 789 1073 fama
837 1035 950 1074 rem
981 1019 1346 1075 subodoratus
1382 1031 1466 1077 est
1485 1023 1737 1091 populus.
1771 1022 1907 1079 Hinc

322 1115 428 1172 illa:
465 1113 739 1185 lacrymae.
770 1110 1018 1176 Mentiar,
1048 1113 1151 1167 nisi
1183 1112 1473 1170 manifeste
1511 1117 1558 1171 is
1586 1116 1723 1187 ipse,
1746 1117 1905 1187 cujus

322 1205 650 1261 auctoritate
696 1204 982 1271 nituntur,
1045 1203 1409 1271 Sozomenus,
1439 1207 1632 1264 falsam
1686 1210 1903 1264 illorum

321 1298 695 1370 conjecturam
750 1298 1062 1369 redarguat.
1115 1298 1219 1366 Qui
1274 1299 1591 1356 instituendi
1641 1302 1907 1372 poeniten-

321 1390 471 1446 tiarii
514 1388 817 1446 sacerdotis
865 1405 1061 1445 causas
1109 1391 1391 1460 disputans
1449 1393 1755 1465 εΦορτικὸν
1786 1394 1904 1466 (ait)

319 1483 380 1551 ἐξ
412 1483 588 1554 ἀρχῆς
629 1483 740 1546 τοῖς
788 1481 1024 1554 ἱερεῦσιν
1077 1482 1276 1548 ἔδοξεν,
1318 1485 1394 1549 ὡς
1435 1483 1492 1540 ὲν
1547 1486 1760 1560 θεάτρῳ
1801 1488 1906 1542 ὑπὸ

323 1573 566 1646 μάρτυρι
623 1572 700 1644 τῷ
756 1573 949 1644 πλήθει
998 1577 1097 1646 τῆς
1137 1575 1433 1648 ἐκκλησίας
1486 1578 1586 1642 τὰς
1636 1580 1905 1652 ἁμαρτίας

317 1665 688 1736 ἐξαγγέλλειν.
741 1665 1118 1737 Πρεσϐύτερον
1166 1666 1223 1720 δὲ
1262 1670 1369 1722 τῶν
1403 1668 1599 1740 ἄριστα
1633 1669 1906 1724 πολιτευο-

322 1761 504 1833 μένων
537 1759 804 1832 ὲχέμυθόν
855 1777 913 1814 τε
955 1759 1046 1812 καὶ
1079 1759 1324 1832 ἔμφρονα
1367 1761 1459 1813 ἐπὶ
1490 1761 1648 1815 τοῦτο
1678 1763 1904 1833 τετάχα-

322 1871 430 1916 σιν,
529 1852 594 1923 δὴ
651 1851 970 1924 προσιόντες
1009 1852 1057 1904 οἱ
1084 1851 1470 1922 ἡμαρτηκότες
1496 1849 1565 1905 τὰ
1597 1850 1906 1924 βεϐιωμένα

314 1944 656 2017 ὡμολόγουν.
696 1944 754 1998 Ὀ
780 1943 839 1998 δὲ
873 1943 1009 2014 πρὸς
1042 1941 1138 2014 τὴν
1174 1942 1404 1996 ἑκάστου
1447 1943 1740 2015 ἁμαρτίαν,
1776 1945 1804 1998 ὃ
1850 1961 1902 1998 τι

320 2038 429 2112 χρὴ
466 2038 688 2109 ποιῆσαι
718 2037 750 2108 ἢ
785 2035 998 2090 ὲκτίσαι
1033 2035 1305 2104 ἐπιτίμιον
1337 2035 1469 2098 Θεὶς,
1496 2035 1721 2100 ἀπέλυε,
1752 2035 1903 2107 παρὰ

323 2133 476 2204 σφῶν
517 2131 700 2186 αὐτῶν
744 2130 842 2201 τὴν
871 2129 1025 2201 δίκην
1060 2129 1534 2201 εἰσπραξαμένους
1578 2129 1617 2182 ⁹.
1670 2127 1898 2194 Durum,

320 2227 530 2298 inquit,
569 2236 617 2280 et
661 2223 1057 2279 intolerandum
1100 2223 1258 2276 initio
1303 2221 1600 2276 sacerdotes
1629 2237 1740 2275 esse
1757 2221 1904 2290 judi-

320 2331 533 2384 carunt,
562 2320 636 2375 sic
668 2327 918 2386 tanquam
966 2313 1020 2368 in
1069 2315 1293 2370 theatro.
1327 2330 1421 2384 pro
1480 2313 1714 2368 ecclesia:
1765 2324 1899 2367 coetu

318 2431 386 2468 ac
428 2413 674 2468 concione
724 2419 938 2482 peccata
984 2409 1352 2479 pronuntiare.
1408 2405 1586 2472 Quare
1623 2405 1903 2476 presbyte-

321 2522 438 2559 rum
490 2503 768 2576 quemdam
811 2511 1130 2556 secretorum
1191 2510 1421 2553 tenacem
1485 2515 1546 2551 ac
1594 2496 1903 2567 prudentem

315 2600 368 2653 ei
398 2597 602 2651 muneri
633 2605 1055 2666 prmposuerunt,
1111 2590 1178 2644 ad
1206 2607 1357 2661 quem
1385 2600 1679 2660 peccatores
1712 2590 1904 2642 adeun-

322 2702 397 2745 tes
424 2690 544 2744 vitae
569 2703 680 2743 sua:
724 2703 890 2741 noxas
921 2695 1255 2755 exponerent.
1293 2681 1357 2734 At
1401 2682 1490 2735 ille
1528 2698 1620 2743 pro
1653 2681 1902 2752 cujusque

321 2791 535 2852 peccato
587 2781 804 2834 meritas
854 2794 1034 2847 pcenas
1078 2775 1320 2844 inﬂigcns
1364 2774 1685 2840 dimittebat,
1726 2790 1843 2828 cum
1869 2789 1903 2827 a

321 2875 511 2944 seipsis
539 2872 663 2927 illas
708 2872 1017 2941 exegissent.
1051 2869 1183 2934 Quzc
1215 2867 1502 2921 Sozomeni
1539 2865 1700 2920 verba
1727 2864 1904 2935 publi-

321 2984 449 3024 cum
482 2968 614 3023 illud
649 2965 945 3022 conﬁtendi
972 2978 1146 3034 genus
1174 2962 1410 3016 alienum
1435 2976 1466 3014 a
1516 2960 1788 3029 majorum
1815 2959 1900 3013 in-

323 3062 515 3117 stituto
552 3069 606 3116 et
655 3074 686 3114 a
744 3055 1129 3128 pwnilentiarii
1196 3055 1343 3109 illius
1391 3051 1568 3108 ollicio
1616 3052 1902 3122 perspicue

320 3155 656 3225 signiticant.
693 3150 797 3206 Sed
837 3151 1034 3204 mirum
1081 3162 1244 3216 quam
1290 3148 1404 3201 haec
1448 3142 1681 3200 absurde
1720 3142 1900 3198 Latini

1937 1919 1978 1974 Β

2009 652 2207 723 stylum
2240 655 2404 711 modo
2431 659 2617 712 subiit.
2639 655 2839 712 Scribit
2866 659 2954 712 ille
2986 657 3082 713 lib.
3107 675 3162 727 v,
3188 675 3307 731 cap.
3345 661 3452 733 κβν,
3481 667 3592 721 (Ite-

2007 761 2176 802 sarece
2204 747 2258 801 in
2289 747 2628 819 Cappadocia
2659 765 2773 817 eos,
2814 751 2905 821 qui
2939 762 3064 822 post
3097 753 3428 824 baptismum
3463 775 3590 829 pec-

2007 840 2271 904 caverint,
2301 856 2330 894 a
2359 843 2745 898 communione
2779 843 2952 914 rejici,
2988 847 3444 914 quemadmodum
3479 849 3590 906 No-

2008 929 2210 983 vatiani
2254 931 2560 986 instituunt.
2615 932 2771 1000 Quod
2832 946 2916 990 est
2974 939 3486 1001 mendacissimum.
3529 953 3590 998 ut

2006 1035 2070 1076 ex
2100 1021 2299 1078 Basilio
2322 1024 2548 1094 ejusque
2572 1027 3036 1096 posnitentialibus
3065 1033 3369 1091 canonibus
3395 1035 3585 1106 liquet.

2005 1114 2272 1187 Loquitur
2291 1134 2420 1174 vero
2444 1119 2696 1177 Socrates
2720 1120 2786 1176 de
2811 1121 3088 1179 veteribus
3115 1123 3478 1182 Ecclesiarum
3499 1145 3590 1183 το-

2007 1210 2187 1266 πικῶν
2220 1212 2452 1282 ritibus;
2513 1229 2580 1268 ne
2615 1215 2739 1284 quis
2780 1226 2901 1286 post
2959 1215 3140 1272 Basilii
3171 1218 3380 1274 obitum
3431 1221 3589 1276 aliter

2005 1301 2309 1358 obtinuisse
2353 1304 2629 1374 conjiciat.
2675 1303 2956 1375 Ejusmodi
3002 1309 3185 1380 igitur,
3218 1311 3322 1367 hoc
3347 1320 3433 1366 est
3457 1328 3589 1367 con-

2006 1395 2191 1451 ﬁctum
2222 1410 2363 1460 esse,
2397 1398 2743 1452 vehementer
2774 1399 3041 1469 suspicor,
3079 1402 3226 1470 quod
3270 1403 3373 1457 sub
3405 1400 3587 1456 Nova-

2006 1487 2280 1542 tianorum
2306 1488 2571 1544 duntaxat.
2611 1499 2790 1544 ortum
2827 1492 3256 1561 pcenitentialem
3303 1495 3587 1566 presbyte-

2005 1595 2129 1636 rum
2176 1584 2534 1638 constitutum
2589 1600 2712 1640 esse
2765 1585 2901 1640 dixit
2941 1604 2955 1641 :
3001 1603 3163 1658 quem
3206 1602 3330 1644 cum
3384 1588 3461 1644 ait
3509 1588 3588 1661 τῷ

2005 1673 2190 1727 κανόνι
2225 1675 2639 1746 προστεθεῖσθαι
2666 1677 2733 1732 ab
2776 1678 3069 1748 episcopis,
3105 1689 3243 1736 tecte
3297 1682 3584 1737 admodum

2005 1774 2058 1818 et
2111 1767 2305 1822 callide
2373 1766 2688 1824 Novatianae
2741 1770 3077 1827 crudelitatis
3125 1773 3276 1828 virus
3336 1773 3583 1838 instillat,

2006 1854 2164 1924 quasi
2197 1865 2309 1909 tum
2355 1857 2573 1912 demum
2607 1867 2780 1913 totum
2812 1861 2915 1916 hoc
2947 1862 3279 1931 poenitentiae
3308 1863 3584 1935 negmiutn

2006 1948 2370 2018 excogitatum
2409 1949 2572 2004 fuerit
2613 1965 2676 2006 ac
2719 1967 2859 2007 novo
2919 1967 3129 2012 canone
3157 1954 3446 2010 sancitum.
3481 1953 3589 2010 Ne-

2003 2054 2110 2110 que
2131 2041 2274 2093 enim
2305 2049 2452 2096 recte
2500 2041 2579 2113 τῷ
2619 2044 2805 2097 κανόνι
2853 2045 3269 2116 προσ-τεθεῖσθαι
3311 2049 3588 2118 accipiunt

2004 2130 2164 2202 vulgo
2202 2148 2327 2187 cum
2372 2133 2683 2204 interprete,
2739 2145 2800 2192 ut
2835 2137 2907 2192 sit
2939 2141 3130 2193 canoni
3153 2140 3417 2210 adjicere;
3458 2154 3584 2195 nam

2003 2222 2235 2278 canonis
2270 2224 2489 2279 decreto
2522 2226 2638 2281 vult
2666 2241 2789 2282 eum
2825 2229 3201 2301 presbyterum
3244 2231 3583 2301 adjunctum.

2003 2312 2185 2380 Quare
2233 2331 2355 2371 mox
2403 2319 2650 2388 sequitur
2688 2337 2702 2374 :
2736 2320 2880 2375 hunc
2920 2335 3183 2377 canonem
3219 2324 3288 2377 ab
3329 2325 3585 2378 omnibus

2003 2400 2126 2456 aliis
2169 2412 2468 2472 receptum,
2499 2420 2529 2460 a
2571 2403 2892 2464 Novatianis
2940 2411 3203 2467 duntaxat
3240 2414 3583 2482 repudiatum

2003 2490 2194 2549 fuisse.
2259 2492 2456 2551 Verum
2511 2506 2573 2553 ut
2625 2501 2694 2553 de
2749 2500 3111 2559 institutionis
3165 2514 3405 2575 tempore
3449 2506 3584 2560 nihil

2004 2601 2329 2655 pugnemus,
2361 2589 2507 2659 quod
2538 2590 2606 2646 ad
2654 2606 2925 2647 summam
2958 2594 3102 2649 haud
3135 2596 3366 2652 multum
3413 2597 3582 2654 inter.

2002 2683 2105 2740 est,
2157 2677 2258 2740 sic,
2307 2679 2522 2748 Opinor,
2586 2681 2857 2751 esplicare
2905 2685 3007 2740 ista
3058 2701 3399 2756 possumus:
3439 2688 3578 2743 Cum

2003 2766 2113 2821 duo
2142 2768 2284 2837 apud
2315 2780 2524 2827 veteres
2551 2782 2751 2839 essent,
2800 2784 2860 2830 ut
2907 2786 3066 2832 antea
3110 2778 3418 2847 docuimus,
3455 2796 3583 2850 pec—

2003 2869 2250 2913 catorum
2299 2877 2530 2930 genera;
2578 2864 2685 2919 alia
2737 2867 2990 2935 graviora
3038 2878 3093 2923 et
3139 2871 3411 2941 capitalia,
3464 2889 3586 2942 quae

2002 2951 2322 3006 nominatim
2375 2969 2611 3010 canones
2672 2958 3205 3029 complectebantur,
3271 2966 3582 3035 quibusque

2004 3043 2223 3113 publica
2273 3047 2590 3115 paenitentia
2624 3065 2759 3118 opus
2804 3063 2956 3116 erat;
2995 3053 3198 3110 leviora
3241 3058 3434 3124 altera,
3481 3058 3585 3116 hoc

2003 3142 2087 3188 est
2118 3149 2148 3189 a
2182 3137 2488 3192 canonibus
2534 3141 2824 3209 praeterita,
2859 3143 3054 3212 primis
3086 3143 3343 3202 Ecclesia:
3373 3158 3584 3220 tempo-

321 3222 577 3303 adctores
625 3243 963 3314 interpretati
1015 3243 1147 3307 sint,
1202 3241 1294 3311 qui
1344 3256 1373 3292 e
1422 3239 1728 3293 Sozomcno
1762 3237 1901 3291 banc

2004 3222 2176 3284 ribus.
2227 3226 2318 3296 qui
2353 3242 2412 3282 se
2459 3230 2658 3299 prioris
2711 3234 2926 3302 generis
2974 3237 3210 3304 peccatis
3255 3237 3583 3296 obstrinxis-

321 3340 607 3396 bistoriatn
641 3343 1052 3406 expresserunt.
1102 3331 1237 3386 Nam
1277 3333 1329 3385 in
1370 3330 1573 3384 llistor.
1609 3330 1900 3399 tripartito,

323 3436 419 3490 lib.
458 3450 532 3498 ιχ,
569 3448 687 3501 cap.
723 3430 815 3494 55,
854 3428 924 3482 ita
953 3427 1212 3496 scriptum
1237 3434 1320 3478 est
1350 3444 1365 3480 :
1403 3423 1665 3489 Quoniam
1693 3423 1903 3476 omnino

321 3543 427 3582 non
477 3540 691 3595 peccare
741 3521 979 3574 divinum
1021 3529 1071 3571 et
1128 3518 1273 3571 ultra
1319 3519 1606 3570 humanam
1654 3528 1904 3570 naturam
1943 3559 1980 3594 ο

319 3635 430 3674 esse
453 3618 824 3686 cognoscitur;
865 3611 1198 3681 peccantibus
1253 3621 1427 3665 autem
1462 3620 1510 3662 et
1543 3609 1903 3679 paenitentiam

323 3710 594 3778 agentibus
619 3719 822 3758 veniam
864 3701 999 3755 Deus
1023 3701 1144 3753 dari
1176 3702 1463 3769 pra'cepit:
1495 3700 1584 3770 qui
1617 3715 1733 3752 vero
1775 3713 1900 3750 con-

320 3803 462 3869 ﬁteri
507 3800 799 3868 refugiunt,
837 3795 1006 3865 majus
1051 3803 1388 3863 peccatorum
1419 3809 1548 3844 onus
1577 3792 1855 3862 acquirunt
1883 3803 1902 3842 :

317 3903 592 3961 propterea
617 3890 784 3943 visum
821 3899 899 3941 est
928 3885 1158 3955 antiquis
1191 3882 1549 3954 pontiﬁcibus,
1585 3892 1640 3933 ut
1675 3881 1808 3934 velut
1849 3881 1902 3933 in

320 3984 526 4036 theatro
589 3977 683 4033 sub
739 3975 1036 4030 testimonio
1087 3973 1431 4027 ecclesiastici
1483 3970 1662 4041 populi
1705 3971 1902 4024 delicta

319 4073 646 4144 pandantur,
692 4080 796 4125 etc.
851 4067 982 4134 Qua!
1015 4075 1145 4120 sunt
1183 4065 1296 4119 veri
1333 4079 1527 4118 sensus
1559 4063 1898 4126 inanissima,

321 4179 390 4220 ac
422 4177 530 4217 non
584 4162 758 4214 solum
811 4174 842 4212 a
889 4157 1092 4212 Graecis
1146 4153 1433 4210 Sozomeni
1489 4153 1668 4208 verbis
1703 4153 1902 4207 abhor-

322 4266 480 4320 rent,
509 4253 604 4310 sed
628 4261 683 4308 et
711 4261 951 4322 pugnant
985 4251 1098 4319 ipsa
1135 4263 1341 4302 secum.
1378 4245 1558 4313 Quare
1589 4245 1732 4300 baud
1761 4262 1900 4300 vana

320 4348 564 4418 suspicio
599 4355 686 4402 est
723 4343 1069 4399 librariorum
1120 4341 1280 4410 culpa
1311 4355 1500 4395 vocem
1535 4339 1770 4408 aliquam
1805 4355 1900 4392 ex-

321 4444 558 4506 cidisse,
613 4447 779 4509 atque
831 4437 904 4491 ita
955 4435 1346 4489 restituendum
1399 4449 1565 4488 esse:
1614 4431 1902 4502 Propterea

320 4538 495 4590 visum
521 4542 599 4588 est
638 4531 913 4585 molestum
946 4527 1179 4597 antiquis
1207 4525 1567 4596 pontiﬁcibus,
1603 4535 1709 4579 etc.
1764 4523 1897 4578 Nam

2006 3329 2146 3383 sent,
2183 3321 2248 3373 ad
2280 3322 2566 3392 episcopos
2617 3325 2974 3393 utplurimum
3025 3330 3286 3385 adeuntes
3317 3332 3584 3401 praescri-

2003 3421 2149 3480 ptam
2187 3413 2257 3466 ab
2293 3413 2357 3466 iis
2393 3415 2767 3483 pcenitentiam
2812 3420 3118 3489 explebant.
3153 3426 3231 3478 Ac
3259 3425 3302 3480 si
3340 3425 3463 3494 quis
3489 3440 3582 3480 ve-

2003 3503 2305 3558 tustissima
2341 3519 2686 3563 monumenta
2724 3509 3036 3580 diligentius
3054 3514 3313 3585 exploret,
3344 3517 3581 3572 inveniet

2004 3594 2073 3650 ab
2095 3595 2366 3665 episcopis
2402 3598 2534 3667 ipsis
2581 3601 2954 3656 administrata
3007 3602 3178 3660 ferme
3215 3609 3420 3671 omnia,
3459 3625 3581 3679 qua:

2003 3685 2070 3740 ad
2101 3687 2423 3756 ptenitentes
2458 3691 2780 3755 attinebant,
2821 3709 2943 3748 cum
2986 3705 3039 3748 et
3083 3699 3368 3766 pauciores
3403 3699 3582 3757 adhuc

2000 3775 2297 3832 Christiani
2343 3779 2537 3845 forent,
2573 3793 2625 3836 et
2658 3785 2862 3838 rariora
2922 3787 3114 3842 delicta
3152 3803 3274 3858 quae
3306 3791 3576 3858 publicam

2002 3872 2377 3940 paenitentiam
2427 3875 2722 3944 exigerent.
2776 3876 3137 3949 Posteaquam
3198 3897 3327 3936 vero
3378 3884 3579 3953 pariter

2002 3971 2056 4016 et
2089 3963 2328 4018 ﬁdelium
2390 3982 2652 4023 numerus
2684 3978 2739 4022 et
2769 3970 2992 4038 majoris
3019 3972 3108 4026 illa
3137 3975 3467 4043 pmoitentiae
3494 3990 3580 4034 3e-

2001 4069 2095 4125 ges
2149 4056 2393 4111 excrevit
2446 4056 2718 4129 [graviora
2798 4061 3006 4117 scilicet
3064 4065 3422 4137 capitalisque
3466 4069 3576 4124 cri-

2011 4145 2206 4217 mina],
2235 4163 2358 4202 cum
2387 4165 2528 4205 unus
2561 4167 2662 4220 par
2693 4154 2947 4211 omnibus
2976 4171 3096 4213 esse
3123 4174 3229 4212 non
3256 4169 3438 4228 posset
3459 4160 3578 4232 cpi-

2003 4253 2231 4310 scopas;
2267 4241 2526 4296 vicarium
2550 4243 2654 4298 sibi
2685 4245 3058 4316 presbyterum
3097 4249 3400 4316 substituit,
3438 4265 3582 4320 quo-.

2002 4349 2126 4388 cum
2160 4331 2400 4388 laborem
2436 4337 2750 4405 partiretur,
2774 4339 2978 4408 quique
3007 4339 3070 4395 iis
3102 4341 3445 4409 potissimum
3478 4359 3580 4398 an-

2003 4426 2213 4482 diendis
2233 4440 2472 4493 vacaret,
2497 4429 2589 4499 qui
2621 4430 2830 4500 publica
2858 4433 3173 4501 poenitentia
3206 4450 3271 4489 ex
3302 4447 3577 4490 canonum

2003 4520 2284 4576 sanctione
2324 4531 2668 4590 tenerentur;
2704 4540 2827 4578 nam
2860 4541 2978 4590 eos.
3011 4528 3103 4596 qui
3150 4528 3413 4598 privatam
3457 4539 3579 4582 tan-

320 4621 526 4692 alioqui
561 4619 691 4690 quid
747 4632 885 4688 opus
933 4623 1051 4669 erat
1089 4613 1356 4685 ὲχέμυθον
1429 4615 1762 4669 sacerdotem
1807 4617 1898 4669 de-
1931 4620 1976 4676 1)
2006 4611 2287 4665 tummodo
2317 4611 2706 4676 desiderarent,
2749 4629 2781 4668 a
2834 4615 3217 4672 minutioribus
3249 4619 3578 4689 presbyteris

320 4714 508 4786 ligere,
537 4712 583 4766 si
617 4711 763 4765 velut
802 4710 855 4763 in
895 4709 1104 4762 theatro
1145 4705 1514 4760 traducendus
1551 4717 1695 4760 esset
1725 4707 1899 4776 poeni-

323 4816 465 4867 tens,
502 4812 557 4857 et
591 4801 659 4855 ab
708 4800 960 4869 ipsomet,
994 4809 1090 4854 aut.
1127 4811 1158 4849 a
1191 4796 1470 4852 sacerdote
1500 4795 1644 4851 illius
1677 4811 1896 4868 peccata

321 4891 686 4964 publicanda?

393 4986 524 5053 Quae
557 4999 682 5040 cum
719 4979 1113 5037 absurdissima
1164 4979 1292 5042 sint,
1325 4987 1380 5033 et
1429 4977 1497 5032 iis
1545 4977 1689 5032 haud
1723 4978 1895 5032 multo

321 5078 568 5141 meliora,
614 5091 736 5145 qua:
791 5071 1126 5126 anonnullis
1185 5069 1522 5134 afferuntur,
1577 5085 1679 5126 nos
1731 5070 1783 5124 in
1831 5087 1895 5125 ea

321 5168 690 5228 controversia
739 5165 848 5219 duo
901 5162 1150 5232 quaedam
1203 5163 1524 5217 excutienda
1573 5162 1832 5217 duximus
1877 5181 1891 5219 :

321 5265 548 5319 alterum
581 5272 845 5329 quorsum
899 5255 985 5310 ille
1024 5253 1281 5310 sacerdos
1325 5252 1627 5318 institutus,
1661 5253 1892 5308 alterum

319 5364 588 5425 quatenus
620 5352 767 5406 illius
797 5349 867 5404 sit
900 5348 1160 5417 abrogata
1209 5345 1438 5401 functio.
1473 5347 1550 5401 Ac
1594 5347 1660 5401 de
1696 5345 1895 5402 Socra-

318 5446 392 5502 tis
425 5443 549 5507 ﬁde,
580 5444 681 5498 etsi
711 5440 855 5512 quod
901 5439 967 5495 ad
1008 5438 1185 5508 ipsum
1219 5437 1551 5492 narrationis
1579 5450 1741 5507 caput
1769 5439 1897 5494 atti-

320 5546 435 5602 net,
468 5536 605 5592 nihil
636 5536 740 5590 hoc
772 5535 892 5589 loco
924 5532 1257 5593 dubitemus,
1295 5530 1564 5600 permulta
1611 5539 1791 5615 tamen
1825 5531 1894 5585 ad

320 5631 606 5688 historiam
647 5629 713 5682 ab
755 5627 942 5682 eodem
969 5632 1175 5679 attexta
1214 5622 1508 5685 credimus,
1541 5631 1600 5677 ut
1636 5623 1890 5678 Novatia-

320 5738 515 5779 norum
573 5728 795 5781 sectam,
847 5717 935 5772 cui
985 5725 1104 5771 erat
1145 5714 1414 5781 addictus,
1460 5715 1782 5770 commentis
1828 5732 1891 5771 ac

320 5813 619 5870 mendaciis
666 5809 972 5864 sublevaret
1011 5825 1025 5862 :
1072 5805 1219 5877 quod
1249 5806 1568 5877 plerumque
1625 5822 1890 5878 usurpare

396 5935 410 5964 '
441 5931 501 5986 ιε’.
537 5931 1020 6003 εἰσπραξομὲνους.

644 6027 915 6086 Parum“
955 6026 1072 6084 Litt.
1107 6022 1275 6084 XLll

2004 4699 2283 4756 absolutos
2308 4716 2428 4756 esse
2455 4701 2714 4759 credibile
2745 4703 2823 4758 ﬁt.
2859 4704 2925 4760 Et
2948 4706 3168 4776 quidem
3198 4707 3327 4762 olim
3355 4708 3580 4764 absente

2003 4790 2258 4861 episcopo
2289 4808 2566 4862 nunquam
2596 4809 2629 4849 a
2667 4797 3000 4867 presbyteris
3029 4799 3370 4854 reconciliari
3398 4805 3578 4872 poeni-

2003 4891 2178 4939 tentes
2217 4883 2480 4950 solebant,
2513 4887 2608 4941 sed
2635 4889 3127 4944 extraordinarium
3160 4891 3251 4961 jus
3277 4893 3408 4947 illud
3438 4904 3575 4960 erat,

2003 4987 2057 5029 et
2084 4977 2378 5033 identidem
2425 4979 2493 5032 ab
2537 4979 2798 5048 episc0po
2823 4981 3162 5046 mandatum,
3203 4999 3313 5039 non
3357 4986 3575 5040 ordina-

2003 5068 2145 5123 rium
2164 5087 2228 5127 ac
2259 5071 2748 5127 certishominibus
2784 5075 2839 5127 in
2872 5083 3192 5144 perpetuum
3219 5078 3566 5133 attributum.

2073 5162 2252 5229 Quare
2299 5170 2362 5216 ut
2409 5163 2552 5231 apud
2605 5161 2880 5218 Romanos
2924 5165 3236 5235 capitalium
3284 5182 3576 5224 causarqu
3626 5227 3629 5231 ,

2001 5254 2240 5326 cognitio
2278 5254 2514 5324 primum
2548 5269 2580 5308 a
2607 5264 2820 5320 senatu,
2847 5258 3060 5325 quoties
3087 5273 3225 5328 opus
3265 5269 3402 5325 erat,
3445 5276 3579 5315 con-

2000 5347 2180 5402 sulum
2216 5345 2373 5399 alteri
2431 5345 2785 5412 ambobusve,
2838 5356 2934 5400 aut
2993 5349 3114 5404 aliis
3164 5350 3578 5422 magistratibus

1998 5439 2481 5507 committebatur;
2515 5451 2698 5507 postea
2752 5442 3051 5511 quaestione
3100 5445 3315 5513 publica
3372 5449 3578 5502 consti—

1997 5541 2136 5596 tuta,
2181 5531 2411 5602 singulis
2469 5531 2813 5598 criminibus,
2867 5549 2989 5603 qua:
3041 5537 3259 5606 quidem
3306 5540 3576 5596 atrociora

1997 5632 2202 5689 essent,
2232 5639 2367 5678 suus
2397 5632 2482 5678 est
2517 5623 2680 5693 judex
2711 5639 2774 5679 ac
2806 5635 3004 5694 praetor
3033 5630 3315 5699 appositus
3349 5650 3361 5684 :
3399 5631 3479 5686 sic
3518 5633 3576 5686 in

2001 5715 2242 5771 Ecclesia
2269 5715 2546 5785 quondam
2583 5716 2960 5785 ptenitentium
2993 5735 3209 5784 causas,
3235 5723 3438 5792 quibus
3466 5728 3578 5778 vel-

1998 5811 2094 5876 let,
2132 5808 2514 5880 disceptandas
2550 5809 2840 5866 mandabat
2882 5813 3200 5884 episcopus;
3233 5825 3421 5885 postea
3454 5831 3575 5873 cer-

3213 6022 3290 6080 33
