  <div class='ocr_page' id='page_1' title='image "/cluster/home/n/w/nwhite01/storage/ocr_20150623/42/nnc1.0046978682/555.png"; bbox 0 0 4054 6404; ppageno 0'>
   <div class='ocr_carea' id='block_1_1' title="bbox 597 371 738 430">
    <p class='ocr_par' dir='ltr' id='par_1_1' title="bbox 597 371 738 430">
     <span class='ocr_line' id='line_1_1' title="bbox 597 371 738 430; baseline 0.014 -2"><span class='ocrx_word' id='word_1_1' title='bbox 597 371 738 430; x_wconf 71' lang='grc'><strong>1055</strong></span> 
     </span>
    </p>
   </div>
   <div class='ocr_carea' id='block_1_2' title="bbox 1686 367 2704 429">
    <p class='ocr_par' dir='ltr' id='par_1_2' title="bbox 1686 367 2704 429">
     <span class='ocr_line' id='line_1_2' title="bbox 1686 367 2704 429; baseline -0.003 -2"><span class='ocrx_word' id='word_1_2' title='bbox 1686 370 2035 429; x_wconf 74' lang='lat' dir='ltr'><strong>APPENDIX</strong></span> <span class='ocrx_word' id='word_1_3' title='bbox 2062 367 2704 428; x_wconf 72' lang='lat' dir='ltr'><strong>DISSERTATIONUM.</strong></span> 
     </span>
    </p>
   </div>
   <div class='ocr_carea' id='block_1_3' title="bbox 3723 375 3837 432">
    <p class='ocr_par' dir='ltr' id='par_1_3' title="bbox 3723 375 3837 432">
     <span class='ocr_line' id='line_1_3' title="bbox 3723 375 3837 432; baseline 0.044 -5"><span class='ocrx_word' id='word_1_4' title='bbox 3723 375 3837 432; x_wconf 69' lang='lat'><strong>{036</strong></span> 
     </span>
    </p>
   </div>
   <div class='ocr_carea' id='block_1_4' title="bbox 594 473 2156 564">
    <p class='ocr_par' dir='ltr' id='par_1_4' title="bbox 594 490 2156 562">
     <span class='ocr_line' id='line_1_4' title="bbox 594 490 2156 562; baseline 0 -16"><span class='ocrx_word' id='word_1_5' title='bbox 594 499 686 549; x_wconf 86' lang='lat' dir='ltr'><strong>tus</strong></span> <span class='ocrx_word' id='word_1_6' title='bbox 720 507 786 547; x_wconf 87' lang='lat' dir='ltr'><strong>ac</strong></span> <span class='ocrx_word' id='word_1_7' title='bbox 814 498 1108 561; x_wconf 89' lang='lat' dir='ltr'><strong>perpetuus</strong></span> <span class='ocrx_word' id='word_1_8' title='bbox 1152 490 1465 562; x_wconf 73' lang='lat' dir='ltr'><strong>graviorum</strong></span> <span class='ocrx_word' id='word_1_9' title='bbox 1515 490 1806 546; x_wconf 84' lang='lat' dir='ltr'><strong>criminum</strong></span> <span class='ocrx_word' id='word_1_10' title='bbox 1850 493 2034 558; x_wconf 77' lang='lat' dir='ltr'><strong>juaex,</strong></span> <span class='ocrx_word' id='word_1_11' title='bbox 2073 505 2156 547; x_wconf 67' lang='lat' dir='ltr'><strong>n04</strong></span> 
     </span>
    </p>
   </div>
   <div class='ocr_carea' id='block_1_5' title="bbox 2260 473 3838 564">
    <p class='ocr_par' dir='ltr' id='par_1_5' title="bbox 2277 473 3838 564">
     <span class='ocr_line' id='line_1_5' title="bbox 2277 473 3838 564; baseline 0 -18"><span class='ocrx_word' id='word_1_12' title='bbox 2277 510 2385 546; x_wconf 84' lang='grc' dir='ltr'>των</span> <span class='ocrx_word' id='word_1_13' title='bbox 2415 491 2513 556; x_wconf 78' lang='grc' dir='ltr'>τὰς</span> <span class='ocrx_word' id='word_1_14' title='bbox 2555 491 2704 560; x_wconf 74' lang='grc' dir='ltr'>σφῶν</span> <span class='ocrx_word' id='word_1_15' title='bbox 2751 488 2929 542; x_wconf 71' lang='grc' dir='ltr'>αὐτῶν</span> <span class='ocrx_word' id='word_1_16' title='bbox 2971 473 3371 558; x_wconf 64' lang='grc' dir='ltr'>ἓτλημμελείας,</span> <span class='ocrx_word' id='word_1_17' title='bbox 3423 490 3513 542; x_wconf 75' lang='grc' dir='ltr'><strong>καὶ</strong></span> <span class='ocrx_word' id='word_1_18' title='bbox 3558 490 3662 544; x_wconf 77' lang='grc' dir='ltr'><strong>ὑπὸ</strong></span> <span class='ocrx_word' id='word_1_19' title='bbox 3707 493 3838 564; x_wconf 80' lang='grc' dir='ltr'><strong>ἀκρι-</strong></span> 
     </span>
    </p>
   </div>
   <div class='ocr_carea' id='block_1_6' title="bbox 597 583 2173 656">
    <p class='ocr_par' dir='ltr' id='par_1_6' title="bbox 597 583 2173 656">
     <span class='ocr_line' id='line_1_6' title="bbox 597 583 2173 656; baseline -0.001 -14"><span class='ocrx_word' id='word_1_20' title='bbox 597 593 678 642; x_wconf 87' lang='lat' dir='ltr'><strong>est</strong></span> <span class='ocrx_word' id='word_1_21' title='bbox 704 584 934 656; x_wconf 71' lang='lat' dir='ltr'><strong>publica:</strong></span> <span class='ocrx_word' id='word_1_22' title='bbox 961 583 1298 654; x_wconf 59' lang='lat' dir='ltr'><strong>paenitentis</strong></span> <span class='ocrx_word' id='word_1_23' title='bbox 1324 584 1737 640; x_wconf 76' lang='lat' dir='ltr'><strong>administrator</strong></span> <span class='ocrx_word' id='word_1_24' title='bbox 1766 587 2051 641; x_wconf 90' lang='lat' dir='ltr'><strong>institutus</strong></span> <span class='ocrx_word' id='word_1_25' title='bbox 2072 596 2173 641; x_wconf 87' lang='lat' dir='ltr'><strong>est.</strong></span> 
     </span>
    </p>
   </div>
   <div class='ocr_carea' id='block_1_7' title="bbox 593 676 2178 748">
    <p class='ocr_par' dir='ltr' id='par_1_7' title="bbox 593 676 2178 748">
     <span class='ocr_line' id='line_1_7' title="bbox 593 676 2178 748; baseline 0.001 -17"><span class='ocrx_word' id='word_1_26' title='bbox 593 676 874 742; x_wconf 85' lang='lat' dir='ltr'><strong>Eiusmodi</strong></span> <span class='ocrx_word' id='word_1_27' title='bbox 907 676 1350 734; x_wconf 72' lang='lat' dir='ltr'><strong>omnitentiarius</strong></span> <span class='ocrx_word' id='word_1_28' title='bbox 1401 677 1490 731; x_wconf 92' lang='lat' dir='ltr'><strong>ille</strong></span> <span class='ocrx_word' id='word_1_29' title='bbox 1519 678 1799 748; x_wconf 73' lang='lat' dir='ltr'><strong>presbyter</strong></span> <span class='ocrx_word' id='word_1_30' title='bbox 1832 677 1954 742; x_wconf 91' lang='lat' dir='ltr'><strong>fuit,</strong></span> <span class='ocrx_word' id='word_1_31' title='bbox 1995 679 2178 732; x_wconf 89' lang='lat' dir='ltr'><strong>orien-</strong></span> 
     </span>
    </p>
   </div>
   <div class='ocr_carea' id='block_1_8' title="bbox 593 767 2174 837">
    <p class='ocr_par' dir='ltr' id='par_1_8' title="bbox 593 767 2174 837">
     <span class='ocr_line' id='line_1_8' title="bbox 593 767 2174 837; baseline -0.001 -12"><span class='ocrx_word' id='word_1_32' title='bbox 593 771 743 826; x_wconf 91' lang='lat' dir='ltr'><strong>tibus</strong></span> <span class='ocrx_word' id='word_1_33' title='bbox 788 767 1132 837; x_wconf 78' lang='lat' dir='ltr'><strong>Novatianis,</strong></span> <span class='ocrx_word' id='word_1_34' title='bbox 1167 769 1212 826; x_wconf 89' lang='lat' dir='ltr'><strong>si</strong></span> <span class='ocrx_word' id='word_1_35' title='bbox 1248 767 1550 824; x_wconf 80' lang='lat' dir='ltr'><strong>Novatiano</strong></span> <span class='ocrx_word' id='word_1_36' title='bbox 1582 769 1843 826; x_wconf 88' lang='lat' dir='ltr'><strong>historico</strong></span> <span class='ocrx_word' id='word_1_37' title='bbox 1879 769 2174 829; x_wconf 87' lang='lat' dir='ltr'><strong>credimus.</strong></span> 
     </span>
    </p>
   </div>
   <div class='ocr_carea' id='block_1_9' title="bbox 591 861 2176 931">
    <p class='ocr_par' dir='ltr' id='par_1_9' title="bbox 591 861 2176 931">
     <span class='ocr_line' id='line_1_9' title="bbox 591 861 2176 931; baseline -0.002 -13"><span class='ocrx_word' id='word_1_38' title='bbox 591 879 621 918; x_wconf 89' lang='lat' dir='ltr'><strong>a</strong></span> <span class='ocrx_word' id='word_1_39' title='bbox 661 861 944 917; x_wconf 76' lang='lat' dir='ltr'><strong>catholicis</strong></span> <span class='ocrx_word' id='word_1_40' title='bbox 993 862 1224 918; x_wconf 89' lang='lat' dir='ltr'><strong>ascitus.</strong></span> <span class='ocrx_word' id='word_1_41' title='bbox 1275 862 1421 918; x_wconf 86' lang='lat' dir='ltr'><strong>Idem</strong></span> <span class='ocrx_word' id='word_1_42' title='bbox 1470 870 1657 931; x_wconf 89' lang='lat' dir='ltr'><strong>postea</strong></span> <span class='ocrx_word' id='word_1_43' title='bbox 1705 861 1876 931; x_wconf 85' lang='lat' dir='ltr'><strong>stupri</strong></span> <span class='ocrx_word' id='word_1_44' title='bbox 1913 861 2057 917; x_wconf 89' lang='lat' dir='ltr'><strong>illius</strong></span> <span class='ocrx_word' id='word_1_45' title='bbox 2083 876 2176 915; x_wconf 89' lang='lat' dir='ltr'><strong>oc-</strong></span> 
     </span>
    </p>
   </div>
   <div class='ocr_carea' id='block_1_10' title="bbox 589 953 2173 1024">
    <p class='ocr_par' dir='ltr' id='par_1_10' title="bbox 589 953 2173 1024">
     <span class='ocr_line' id='line_1_10' title="bbox 589 953 2173 1024; baseline -0.001 -16"><span class='ocrx_word' id='word_1_46' title='bbox 589 955 816 1008; x_wconf 88' lang='lat' dir='ltr'><strong>casione</strong></span> <span class='ocrx_word' id='word_1_47' title='bbox 853 953 1329 1024; x_wconf 89' lang='lat' dir='ltr'><strong>Constantinopoli</strong></span> <span class='ocrx_word' id='word_1_48' title='bbox 1357 955 1644 1016; x_wconf 89' lang='lat' dir='ltr'><strong>sublatus,</strong></span> <span class='ocrx_word' id='word_1_49' title='bbox 1699 968 1916 1022; x_wconf 89' lang='lat' dir='ltr'><strong>unaque</strong></span> <span class='ocrx_word' id='word_1_50' title='bbox 1953 967 2077 1006; x_wconf 90' lang='lat' dir='ltr'><strong>cum</strong></span> <span class='ocrx_word' id='word_1_51' title='bbox 2107 968 2173 1006; x_wconf 92' lang='lat' dir='ltr'><strong>eo</strong></span> 
     </span>
    </p>
   </div>
   <div class='ocr_carea' id='block_1_11' title="bbox 590 1028 2172 1116">
    <p class='ocr_par' dir='ltr' id='par_1_11' title="bbox 590 1028 2172 1116">
     <span class='ocr_line' id='line_1_11' title="bbox 590 1028 2172 1116; baseline -0.003 -14"><span class='ocrx_word' id='word_1_52' title='bbox 590 1045 927 1116; x_wconf 65' lang='lat' dir='ltr'><strong>paenitentiae</strong></span> <span class='ocrx_word' id='word_1_53' title='bbox 960 1045 1189 1116; x_wconf 66' lang='lat' dir='ltr'><strong>publica:</strong></span> <span class='ocrx_word' id='word_1_54' title='bbox 1221 1062 1356 1100; x_wconf 88' lang='lat' dir='ltr'><strong>usus</strong></span> <span class='ocrx_word' id='word_1_55' title='bbox 1393 1028 1728 1116; x_wconf 78' lang='lat' dir='ltr'><strong>interruptus</strong></span> <span class='ocrx_word' id='word_1_56' title='bbox 1762 1054 1864 1099; x_wconf 89' lang='lat' dir='ltr'><strong>est.</strong></span> <span class='ocrx_word' id='word_1_57' title='bbox 1897 1042 2172 1100; x_wconf 76' lang='lat' dir='ltr'><strong>Pmniten-</strong></span> 
     </span>
    </p>
   </div>
   <div class='ocr_carea' id='block_1_12' title="bbox 593 1136 2169 1209">
    <p class='ocr_par' dir='ltr' id='par_1_12' title="bbox 593 1136 2169 1209">
     <span class='ocr_line' id='line_1_12' title="bbox 593 1136 2169 1209; baseline -0.003 -16"><span class='ocrx_word' id='word_1_58' title='bbox 593 1139 702 1205; x_wconf 70' lang='lat' dir='ltr'><strong>tiae,</strong></span> <span class='ocrx_word' id='word_1_59' title='bbox 733 1140 980 1209; x_wconf 91' lang='lat' dir='ltr'><strong>inquam,</strong></span> <span class='ocrx_word' id='word_1_60' title='bbox 1025 1153 1134 1194; x_wconf 92' lang='lat' dir='ltr'><strong>non</strong></span> <span class='ocrx_word' id='word_1_61' title='bbox 1179 1138 1541 1195; x_wconf 83' lang='lat' dir='ltr'><strong>confessionis</strong></span> <span class='ocrx_word' id='word_1_62' title='bbox 1585 1137 1836 1208; x_wconf 87' lang='lat' dir='ltr'><strong>publieae,</strong></span> <span class='ocrx_word' id='word_1_63' title='bbox 1865 1153 1987 1207; x_wconf 63' lang='lat' dir='ltr'><strong>quae</strong></span> <span class='ocrx_word' id='word_1_64' title='bbox 2022 1136 2169 1190; x_wconf 91' lang='lat' dir='ltr'><strong>nulla</strong></span> 
     </span>
    </p>
   </div>
   <div class='ocr_carea' id='block_1_13' title="bbox 592 1229 2169 1302">
    <p class='ocr_par' dir='ltr' id='par_1_13' title="bbox 592 1229 2169 1302">
     <span class='ocr_line' id='line_1_13' title="bbox 592 1229 2169 1302; baseline -0.002 -17"><span class='ocrx_word' id='word_1_65' title='bbox 592 1247 834 1302; x_wconf 89' lang='lat' dir='ltr'><strong>unquam</strong></span> <span class='ocrx_word' id='word_1_66' title='bbox 865 1233 919 1287; x_wconf 94' lang='lat' dir='ltr'><strong>in</strong></span> <span class='ocrx_word' id='word_1_67' title='bbox 948 1249 1132 1288; x_wconf 89' lang='lat' dir='ltr'><strong>rerum</strong></span> <span class='ocrx_word' id='word_1_68' title='bbox 1164 1242 1360 1288; x_wconf 87' lang='lat' dir='ltr'><strong>natura</strong></span> <span class='ocrx_word' id='word_1_69' title='bbox 1398 1232 1519 1287; x_wconf 89' lang='lat' dir='ltr'><strong>fuit.</strong></span> <span class='ocrx_word' id='word_1_70' title='bbox 1569 1230 1724 1298; x_wconf 84' lang='lat' dir='ltr'><strong>Quod</strong></span> <span class='ocrx_word' id='word_1_71' title='bbox 1771 1229 1914 1284; x_wconf 93' lang='lat' dir='ltr'><strong>enim</strong></span> <span class='ocrx_word' id='word_1_72' title='bbox 1957 1229 2169 1298; x_wconf 88' lang='lat' dir='ltr'><strong>puhlica</strong></span> 
     </span>
    </p>
   </div>
   <div class='ocr_carea' id='block_1_14' title="bbox 591 1323 2170 1397">
    <p class='ocr_par' dir='ltr' id='par_1_14' title="bbox 591 1323 2170 1397">
     <span class='ocr_line' id='line_1_14' title="bbox 591 1323 2170 1397; baseline -0.003 -16"><span class='ocrx_word' id='word_1_73' title='bbox 591 1325 859 1381; x_wconf 77' lang='lat' dir='ltr'><strong>duntaxat</strong></span> <span class='ocrx_word' id='word_1_74' title='bbox 905 1327 1221 1396; x_wconf 76' lang='lat' dir='ltr'><strong>pmnitentia</strong></span> <span class='ocrx_word' id='word_1_75' title='bbox 1253 1340 1544 1397; x_wconf 88' lang='lat' dir='ltr'><strong>suppressa</strong></span> <span class='ocrx_word' id='word_1_76' title='bbox 1579 1324 1670 1388; x_wconf 90' lang='lat' dir='ltr'><strong>sit,</strong></span> <span class='ocrx_word' id='word_1_77' title='bbox 1699 1323 1782 1377; x_wconf 91' lang='lat' dir='ltr'><strong>vel</strong></span> <span class='ocrx_word' id='word_1_78' title='bbox 1832 1332 2022 1378; x_wconf 86' lang='lat' dir='ltr'><strong>auctor</strong></span> <span class='ocrx_word' id='word_1_79' title='bbox 2055 1323 2170 1391; x_wconf 91' lang='lat' dir='ltr'><strong>ipse</strong></span> 
     </span>
    </p>
   </div>
   <div class='ocr_carea' id='block_1_15' title="bbox 593 1414 2170 1487">
    <p class='ocr_par' dir='ltr' id='par_1_15' title="bbox 593 1414 2170 1487">
     <span class='ocr_line' id='line_1_15' title="bbox 593 1414 2170 1487; baseline -0.004 -16"><span class='ocrx_word' id='word_1_80' title='bbox 593 1426 722 1487; x_wconf 87' lang='lat' dir='ltr'><strong>post</strong></span> <span class='ocrx_word' id='word_1_81' title='bbox 751 1414 1031 1471; x_wconf 86' lang='lat' dir='ltr'><strong>Socratem</strong></span> <span class='ocrx_word' id='word_1_82' title='bbox 1062 1417 1392 1472; x_wconf 86' lang='lat' dir='ltr'><strong>narrationis</strong></span> <span class='ocrx_word' id='word_1_83' title='bbox 1429 1415 1576 1470; x_wconf 91' lang='lat' dir='ltr'><strong>illius</strong></span> <span class='ocrx_word' id='word_1_84' title='bbox 1621 1414 1961 1468; x_wconf 86' lang='lat' dir='ltr'><strong>Sozomenus</strong></span> <span class='ocrx_word' id='word_1_85' title='bbox 1991 1421 2170 1467; x_wconf 89' lang='lat' dir='ltr'><strong>osten-</strong></span> 
     </span>
    </p>
   </div>
   <div class='ocr_carea' id='block_1_16' title="bbox 590 1505 2166 1578">
    <p class='ocr_par' dir='ltr' id='par_1_16' title="bbox 590 1505 2166 1578">
     <span class='ocr_line' id='line_1_16' title="bbox 590 1505 2166 1578; baseline -0.004 -14"><span class='ocrx_word' id='word_1_86' title='bbox 590 1507 717 1564; x_wconf 89' lang='lat' dir='ltr'><strong>dit:</strong></span> <span class='ocrx_word' id='word_1_87' title='bbox 753 1507 848 1578; x_wconf 91' lang='lat' dir='ltr'><strong>qui</strong></span> <span class='ocrx_word' id='word_1_88' title='bbox 899 1507 1041 1563; x_wconf 91' lang='lat' dir='ltr'><strong>idem</strong></span> <span class='ocrx_word' id='word_1_89' title='bbox 1068 1549 1084 1572; x_wconf 90' lang='lat'><strong>,</strong></span> <span class='ocrx_word' id='word_1_90' title='bbox 1128 1507 1272 1578; x_wconf 91' lang='lat' dir='ltr'><strong>quod</strong></span> <span class='ocrx_word' id='word_1_91' title='bbox 1321 1505 1794 1575; x_wconf 88' lang='lat' dir='ltr'><strong>Constantinopoli</strong></span> <span class='ocrx_word' id='word_1_92' title='bbox 1851 1507 2166 1575; x_wconf 77' lang='lat' dir='ltr'><strong>abrogatum</strong></span> 
     </span>
    </p>
   </div>
   <div class='ocr_carea' id='block_1_17' title="bbox 590 1595 2169 1662">
    <p class='ocr_par' dir='ltr' id='par_1_17' title="bbox 590 1595 2169 1662">
     <span class='ocr_line' id='line_1_17' title="bbox 590 1595 2169 1662; baseline -0.001 -10"><span class='ocrx_word' id='word_1_93' title='bbox 590 1598 824 1662; x_wconf 75' lang='lat' dir='ltr'><strong>dixerat,</strong></span> <span class='ocrx_word' id='word_1_94' title='bbox 858 1597 987 1653; x_wconf 91' lang='lat' dir='ltr'><strong>alibi</strong></span> <span class='ocrx_word' id='word_1_95' title='bbox 1022 1607 1314 1662; x_wconf 91' lang='lat' dir='ltr'><strong>terrarum,</strong></span> <span class='ocrx_word' id='word_1_96' title='bbox 1351 1607 1404 1652; x_wconf 92' lang='lat' dir='ltr'><strong>et</strong></span> <span class='ocrx_word' id='word_1_97' title='bbox 1444 1599 1497 1651; x_wconf 93' lang='lat' dir='ltr'><strong>in</strong></span> <span class='ocrx_word' id='word_1_98' title='bbox 1537 1597 1846 1659; x_wconf 88' lang='lat' dir='ltr'><strong>Occidente,</strong></span> <span class='ocrx_word' id='word_1_99' title='bbox 1878 1613 1942 1651; x_wconf 90' lang='lat' dir='ltr'><strong>ac</strong></span> <span class='ocrx_word' id='word_1_100' title='bbox 1983 1595 2169 1650; x_wconf 74' lang='lat' dir='ltr'><strong>Roma:</strong></span> 
     </span>
    </p>
   </div>
   <div class='ocr_carea' id='block_1_18' title="bbox 587 1688 2165 1760">
    <p class='ocr_par' dir='ltr' id='par_1_18' title="bbox 587 1688 2165 1760">
     <span class='ocr_line' id='line_1_18' title="bbox 587 1688 2165 1760; baseline -0.003 -15"><span class='ocrx_word' id='word_1_101' title='bbox 587 1689 935 1760; x_wconf 89' lang='lat' dir='ltr'><strong>potissimum</strong></span> <span class='ocrx_word' id='word_1_102' title='bbox 991 1705 1370 1760; x_wconf 86' lang='lat' dir='ltr'><strong>perseverasse</strong></span> <span class='ocrx_word' id='word_1_103' title='bbox 1417 1690 1610 1756; x_wconf 86' lang='lat' dir='ltr'><strong>docet;</strong></span> <span class='ocrx_word' id='word_1_104' title='bbox 1660 1688 1808 1758; x_wconf 84' lang='lat' dir='ltr'><strong>quod</strong></span> <span class='ocrx_word' id='word_1_105' title='bbox 1859 1688 2165 1759; x_wconf 72' lang='lat' dir='ltr'><strong>cuiusmodi</strong></span> 
     </span>
    </p>
   </div>
   <div class='ocr_carea' id='block_1_19' title="bbox 585 1781 2166 1853">
    <p class='ocr_par' dir='ltr' id='par_1_19' title="bbox 585 1781 2166 1853">
     <span class='ocr_line' id='line_1_19' title="bbox 585 1781 2166 1853; baseline -0.002 -14"><span class='ocrx_word' id='word_1_106' title='bbox 585 1791 731 1839; x_wconf 84' lang='lat' dir='ltr'><strong>esset</strong></span> <span class='ocrx_word' id='word_1_107' title='bbox 754 1797 1054 1853; x_wconf 80' lang='lat' dir='ltr'><strong>exponens,</strong></span> <span class='ocrx_word' id='word_1_108' title='bbox 1083 1783 1290 1837; x_wconf 90' lang='lat' dir='ltr'><strong>nullum</strong></span> <span class='ocrx_word' id='word_1_109' title='bbox 1327 1783 1472 1837; x_wconf 89' lang='lat' dir='ltr'><strong>aliud</strong></span> <span class='ocrx_word' id='word_1_110' title='bbox 1508 1781 1611 1836; x_wconf 89' lang='lat' dir='ltr'><strong>nisi</strong></span> <span class='ocrx_word' id='word_1_111' title='bbox 1642 1782 1870 1851; x_wconf 82' lang='lat' dir='ltr'><strong>publicae</strong></span> <span class='ocrx_word' id='word_1_112' title='bbox 1899 1782 2166 1851; x_wconf 77' lang='lat' dir='ltr'><strong>pceniten-</strong></span> 
     </span>
    </p>
   </div>
   <div class='ocr_carea' id='block_1_20' title="bbox 2282 580 3839 652">
    <p class='ocr_par' dir='ltr' id='par_1_20' title="bbox 2282 580 3839 652">
     <span class='ocr_line' id='line_1_20' title="bbox 2282 580 3839 652; baseline 0.001 -15"><span class='ocrx_word' id='word_1_113' title='bbox 2282 585 2434 648; x_wconf 76' lang='grc' dir='ltr'><strong>ϐείας</strong></span> <span class='ocrx_word' id='word_1_114' title='bbox 2475 584 2583 637; x_wconf 85' lang='grc' dir='ltr'>τῶν</span> <span class='ocrx_word' id='word_1_115' title='bbox 2633 583 2726 636; x_wconf 73' lang='grc' dir='ltr'><strong>ἐπὶ</strong></span> <span class='ocrx_word' id='word_1_116' title='bbox 2772 580 2946 650; x_wconf 77' lang='grc' dir='ltr'>τούτῳ</span> <span class='ocrx_word' id='word_1_117' title='bbox 2988 580 3349 649; x_wconf 82' lang='grc' dir='ltr'><strong>τεταγμένων</strong></span> <span class='ocrx_word' id='word_1_118' title='bbox 3382 582 3605 652; x_wconf 84' lang='grc' dir='ltr'>κριτῶν.</span> <span class='ocrx_word' id='word_1_119' title='bbox 3637 581 3839 648; x_wconf 82' lang='lat' dir='ltr'><strong>Quando</strong></span> 
     </span>
    </p>
   </div>
   <div class='ocr_carea' id='block_1_21' title="bbox 2279 674 3838 746">
    <p class='ocr_par' dir='ltr' id='par_1_21' title="bbox 2279 674 3838 746">
     <span class='ocr_line' id='line_1_21' title="bbox 2279 674 3838 746; baseline 0.001 -16"><span class='ocrx_word' id='word_1_120' title='bbox 2279 679 2489 746; x_wconf 85' lang='lat' dir='ltr'><strong>quidem</strong></span> <span class='ocrx_word' id='word_1_121' title='bbox 2519 677 2746 740; x_wconf 86' lang='lat' dir='ltr'><strong>minora,</strong></span> <span class='ocrx_word' id='word_1_122' title='bbox 2780 683 2838 727; x_wconf 88' lang='lat' dir='ltr'><strong>ut</strong></span> <span class='ocrx_word' id='word_1_123' title='bbox 2883 674 3091 742; x_wconf 77' lang='lat' dir='ltr'><strong>opinor,</strong></span> <span class='ocrx_word' id='word_1_124' title='bbox 3125 683 3276 727; x_wconf 83' lang='lat' dir='ltr'><strong>erant</strong></span> <span class='ocrx_word' id='word_1_125' title='bbox 3316 687 3440 729; x_wconf 83' lang='lat' dir='ltr'><strong>ante</strong></span> <span class='ocrx_word' id='word_1_126' title='bbox 3479 689 3714 746; x_wconf 83' lang='lat' dir='ltr'><strong>peccata,</strong></span> <span class='ocrx_word' id='word_1_127' title='bbox 3741 697 3838 733; x_wconf 77' lang='lat' dir='ltr'><strong>cura</strong></span> 
     </span>
    </p>
   </div>
   <div class='ocr_carea' id='block_1_22' title="bbox 2277 765 3836 839">
    <p class='ocr_par' dir='ltr' id='par_1_22' title="bbox 2277 765 3836 839">
     <span class='ocr_line' id='line_1_22' title="bbox 2277 765 3836 839; baseline 0.002 -18"><span class='ocrx_word' id='word_1_128' title='bbox 2277 779 2490 837; x_wconf 83' lang='lat' dir='ltr'><strong>propter</strong></span> <span class='ocrx_word' id='word_1_129' title='bbox 2525 783 2706 821; x_wconf 90' lang='lat' dir='ltr'><strong>eorum</strong></span> <span class='ocrx_word' id='word_1_130' title='bbox 2757 765 3120 819; x_wconf 75' lang='lat' dir='ltr'><strong>uerecundiam</strong></span> <span class='ocrx_word' id='word_1_131' title='bbox 3153 765 3244 836; x_wconf 88' lang='lat' dir='ltr'><strong>qui</strong></span> <span class='ocrx_word' id='word_1_132' title='bbox 3296 766 3392 820; x_wconf 87' lang='lat' dir='ltr'><strong>illa</strong></span> <span class='ocrx_word' id='word_1_133' title='bbox 3437 769 3836 839; x_wconf 76' lang='lat' dir='ltr'><strong>conﬁtebantur,-</strong></span> 
     </span>
    </p>
   </div>
   <div class='ocr_carea' id='block_1_23' title="bbox 2279 856 3838 932">
    <p class='ocr_par' dir='ltr' id='par_1_23' title="bbox 2279 856 3838 932">
     <span class='ocr_line' id='line_1_23' title="bbox 2279 856 3838 932; baseline 0.005 -23"><span class='ocrx_word' id='word_1_134' title='bbox 2279 868 2390 911; x_wconf 90' lang='lat' dir='ltr'><strong>tum</strong></span> <span class='ocrx_word' id='word_1_135' title='bbox 2415 857 2476 911; x_wconf 90' lang='lat' dir='ltr'><strong>ob</strong></span> <span class='ocrx_word' id='word_1_136' title='bbox 2506 874 2685 912; x_wconf 88' lang='lat' dir='ltr'><strong>eorum</strong></span> <span class='ocrx_word' id='word_1_137' title='bbox 2714 858 2805 928; x_wconf 85' lang='lat' dir='ltr'><strong>qui</strong></span> <span class='ocrx_word' id='word_1_138' title='bbox 2835 856 2884 909; x_wconf 89' lang='lat' dir='ltr'><strong>ei</strong></span> <span class='ocrx_word' id='word_1_139' title='bbox 2916 856 3122 926; x_wconf 86' lang='lat' dir='ltr'><strong>negotio</strong></span> <span class='ocrx_word' id='word_1_140' title='bbox 3145 867 3409 926; x_wconf 68' lang='lat' dir='ltr'><strong>praerant</strong></span> <span class='ocrx_word' id='word_1_141' title='bbox 3439 861 3766 932; x_wconf 78' lang='lat' dir='ltr'><strong>diligentiam</strong></span> <span class='ocrx_word' id='word_1_142' title='bbox 3789 883 3838 917; x_wconf 82' lang='lat' dir='ltr'><strong>ac</strong></span> 
     </span>
    </p>
   </div>
   <div class='ocr_carea' id='block_1_24' title="bbox 2277 950 3839 1026">
    <p class='ocr_par' dir='ltr' id='par_1_24' title="bbox 2277 950 3839 1026">
     <span class='ocr_line' id='line_1_24' title="bbox 2277 950 3839 1026; baseline 0.003 -20"><span class='ocrx_word' id='word_1_143' title='bbox 2277 953 2712 1006; x_wconf 80' lang='lat' dir='ltr'><strong>sollicitudinem.</strong></span> <span class='ocrx_word' id='word_1_144' title='bbox 2733 950 2939 1006; x_wconf 83' lang='lat' dir='ltr'><strong>Verum</strong></span> <span class='ocrx_word' id='word_1_145' title='bbox 2969 952 3070 1006; x_wconf 91' lang='lat' dir='ltr'><strong>etsi</strong></span> <span class='ocrx_word' id='word_1_146' title='bbox 3101 950 3576 1010; x_wconf 84' lang='lat' dir='ltr'><strong>Novatiani-verba</strong></span> <span class='ocrx_word' id='word_1_147' title='bbox 3605 967 3839 1026; x_wconf 62' lang='lat' dir='ltr'><strong>prastare</strong></span> 
     </span>
    </p>
   </div>
   <div class='ocr_carea' id='block_1_25' title="bbox 2277 1045 3836 1120">
    <p class='ocr_par' dir='ltr' id='par_1_25' title="bbox 2277 1045 3836 1120">
     <span class='ocr_line' id='line_1_25' title="bbox 2277 1045 3836 1120; baseline 0.003 -22"><span class='ocrx_word' id='word_1_148' title='bbox 2277 1045 2409 1099; x_wconf 84' lang='lat' dir='ltr'><strong>nihil</strong></span> <span class='ocrx_word' id='word_1_149' title='bbox 2450 1061 2672 1100; x_wconf 88' lang='lat' dir='ltr'><strong>necesse</strong></span> <span class='ocrx_word' id='word_1_150' title='bbox 2712 1045 2801 1110; x_wconf 88' lang='lat' dir='ltr'><strong>sit,</strong></span> <span class='ocrx_word' id='word_1_151' title='bbox 2840 1056 3070 1114; x_wconf 92' lang='lat' dir='ltr'><strong>possunt</strong></span> <span class='ocrx_word' id='word_1_152' title='bbox 3114 1063 3177 1102; x_wconf 84' lang='lat' dir='ltr'><strong>ea</strong></span> <span class='ocrx_word' id='word_1_153' title='bbox 3220 1057 3400 1103; x_wconf 89' lang='lat' dir='ltr'><strong>tamen</strong></span> <span class='ocrx_word' id='word_1_154' title='bbox 3438 1049 3518 1102; x_wconf 91' lang='lat' dir='ltr'><strong>sic</strong></span> <span class='ocrx_word' id='word_1_155' title='bbox 3557 1050 3750 1120; x_wconf 81' lang='lat' dir='ltr'><strong>accipi,</strong></span> <span class='ocrx_word' id='word_1_156' title='bbox 3774 1052 3836 1103; x_wconf 91' lang='lat' dir='ltr'><strong>uti</strong></span> 
     </span>
    </p>
   </div>
   <div class='ocr_carea' id='block_1_26' title="bbox 2276 1135 3834 1211">
    <p class='ocr_par' dir='ltr' id='par_1_26' title="bbox 2276 1135 3834 1211">
     <span class='ocr_line' id='line_1_26' title="bbox 2276 1135 3834 1211; baseline 0.004 -21"><span class='ocrx_word' id='word_1_157' title='bbox 2276 1135 2473 1191; x_wconf 76' lang='lat' dir='ltr'><strong>leviora</strong></span> <span class='ocrx_word' id='word_1_158' title='bbox 2508 1136 2677 1192; x_wconf 88' lang='lat' dir='ltr'><strong>fuisse</strong></span> <span class='ocrx_word' id='word_1_159' title='bbox 2708 1138 2938 1194; x_wconf 84' lang='lat' dir='ltr'><strong>erimina</strong></span> <span class='ocrx_word' id='word_1_160' title='bbox 2965 1140 3177 1206; x_wconf 88' lang='lat' dir='ltr'><strong>doceat,</strong></span> <span class='ocrx_word' id='word_1_161' title='bbox 3207 1143 3352 1211; x_wconf 92' lang='lat' dir='ltr'><strong>quod</strong></span> <span class='ocrx_word' id='word_1_162' title='bbox 3383 1152 3438 1197; x_wconf 92' lang='lat' dir='ltr'><strong>et</strong></span> <span class='ocrx_word' id='word_1_163' title='bbox 3466 1143 3554 1197; x_wconf 88' lang='lat' dir='ltr'><strong>illa</strong></span> <span class='ocrx_word' id='word_1_164' title='bbox 3591 1144 3834 1207; x_wconf 86' lang='lat' dir='ltr'><strong>conﬁteri,</strong></span> 
     </span>
    </p>
   </div>
   <div class='ocr_carea' id='block_1_27' title="bbox 2275 1229 3835 1306">
    <p class='ocr_par' dir='ltr' id='par_1_27' title="bbox 2275 1229 3835 1306">
     <span class='ocr_line' id='line_1_27' title="bbox 2275 1229 3835 1306; baseline 0.005 -24"><span class='ocrx_word' id='word_1_165' title='bbox 2275 1229 2369 1282; x_wconf 92' lang='lat' dir='ltr'><strong>uni</strong></span> <span class='ocrx_word' id='word_1_166' title='bbox 2427 1229 2678 1284; x_wconf 86' lang='lat' dir='ltr'><strong>videlicet</strong></span> <span class='ocrx_word' id='word_1_167' title='bbox 2726 1231 2890 1284; x_wconf 90' lang='lat' dir='ltr'><strong>alicui</strong></span> <span class='ocrx_word' id='word_1_168' title='bbox 2946 1232 3242 1298; x_wconf 82' lang='lat' dir='ltr'><strong>sacerdoti,</strong></span> <span class='ocrx_word' id='word_1_169' title='bbox 3289 1236 3612 1304; x_wconf 83' lang='lat' dir='ltr'><strong>Oportnerit,</strong></span> <span class='ocrx_word' id='word_1_170' title='bbox 3670 1245 3835 1306; x_wconf 86' lang='lat' dir='ltr'><strong>utputa</strong></span> 
     </span>
    </p>
   </div>
   <div class='ocr_carea' id='block_1_28' title="bbox 2274 1322 3833 1398">
    <p class='ocr_par' dir='ltr' id='par_1_28' title="bbox 2274 1322 3833 1398">
     <span class='ocr_line' id='line_1_28' title="bbox 2274 1322 3833 1398; baseline 0.006 -24"><span class='ocrx_word' id='word_1_171' title='bbox 2274 1322 2699 1390; x_wconf 87' lang='lat' dir='ltr'><strong>poenitentiario,</strong></span> <span class='ocrx_word' id='word_1_172' title='bbox 2723 1331 2776 1376; x_wconf 92' lang='lat' dir='ltr'><strong>et</strong></span> <span class='ocrx_word' id='word_1_173' title='bbox 2804 1323 2875 1377; x_wconf 91' lang='lat' dir='ltr'><strong>ab</strong></span> <span class='ocrx_word' id='word_1_174' title='bbox 2892 1324 3082 1379; x_wconf 85' lang='lat' dir='ltr'><strong>eodem</strong></span> <span class='ocrx_word' id='word_1_175' title='bbox 3109 1324 3342 1381; x_wconf 91' lang='lat' dir='ltr'><strong>inflictas</strong></span> <span class='ocrx_word' id='word_1_176' title='bbox 3364 1341 3556 1396; x_wconf 64' lang='lat' dir='ltr'><strong>pennas</strong></span> <span class='ocrx_word' id='word_1_177' title='bbox 3579 1328 3833 1398; x_wconf 84' lang='lat' dir='ltr'><strong>excipere.</strong></span> 
     </span>
    </p>
   </div>
   <div class='ocr_carea' id='block_1_29' title="bbox 2276 1412 3838 1483">
    <p class='ocr_par' dir='ltr' id='par_1_29' title="bbox 2276 1412 3838 1483">
     <span class='ocr_line' id='line_1_29' title="bbox 2276 1412 3838 1483; baseline 0.006 -18"><span class='ocrx_word' id='word_1_178' title='bbox 2276 1412 2498 1467; x_wconf 86' lang='lat' dir='ltr'><strong>Sublata</strong></span> <span class='ocrx_word' id='word_1_179' title='bbox 2524 1429 2656 1468; x_wconf 89' lang='lat' dir='ltr'><strong>vero</strong></span> <span class='ocrx_word' id='word_1_180' title='bbox 2684 1414 3030 1483; x_wconf 65' lang='lat' dir='ltr'><strong>paenitentia,</strong></span> <span class='ocrx_word' id='word_1_181' title='bbox 3061 1417 3278 1472; x_wconf 88' lang='lat' dir='ltr'><strong>tametsi</strong></span> <span class='ocrx_word' id='word_1_182' title='bbox 3308 1417 3480 1473; x_wconf 91' lang='lat' dir='ltr'><strong>nihilo</strong></span> <span class='ocrx_word' id='word_1_183' title='bbox 3515 1419 3693 1474; x_wconf 86' lang='lat' dir='ltr'><strong>secius</strong></span> <span class='ocrx_word' id='word_1_184' title='bbox 3723 1436 3838 1474; x_wconf 86' lang='lat' dir='ltr'><strong>con-</strong></span> 
     </span>
    </p>
   </div>
   <div class='ocr_carea' id='block_1_30' title="bbox 2273 1501 3837 1582">
    <p class='ocr_par' dir='ltr' id='par_1_30' title="bbox 2273 1501 3837 1582">
     <span class='ocr_line' id='line_1_30' title="bbox 2273 1501 3837 1582; baseline 0.007 -27"><span class='ocrx_word' id='word_1_185' title='bbox 2273 1501 2574 1570; x_wconf 88' lang='lat' dir='ltr'><strong>fiterentur,</strong></span> <span class='ocrx_word' id='word_1_186' title='bbox 2593 1513 2771 1558; x_wconf 90' lang='lat' dir='ltr'><strong>tamen</strong></span> <span class='ocrx_word' id='word_1_187' title='bbox 2793 1505 3006 1575; x_wconf 91' lang='lat' dir='ltr'><strong>publice</strong></span> <span class='ocrx_word' id='word_1_188' title='bbox 3037 1507 3239 1561; x_wconf 88' lang='lat' dir='ltr'><strong>nullam</strong></span> <span class='ocrx_word' id='word_1_189' title='bbox 3265 1509 3470 1578; x_wconf 83' lang='lat' dir='ltr'><strong>peccati</strong></span> <span class='ocrx_word' id='word_1_190' title='bbox 3493 1511 3837 1582; x_wconf 79' lang='lat' dir='ltr'><strong>suisignifica-</strong></span> 
     </span>
    </p>
   </div>
   <div class='ocr_carea' id='block_1_31' title="bbox 2272 1594 3836 1668">
    <p class='ocr_par' dir='ltr' id='par_1_31' title="bbox 2272 1594 3836 1668">
     <span class='ocr_line' id='line_1_31' title="bbox 2272 1594 3836 1668; baseline 0.007 -21"><span class='ocrx_word' id='word_1_191' title='bbox 2272 1594 2475 1649; x_wconf 84' lang='lat' dir='ltr'><strong>tionem</strong></span> <span class='ocrx_word' id='word_1_192' title='bbox 2500 1597 2740 1662; x_wconf 89' lang='lat' dir='ltr'><strong>dabant;</strong></span> <span class='ocrx_word' id='word_1_193' title='bbox 2775 1597 2922 1666; x_wconf 83' lang='lat' dir='ltr'><strong>quod</strong></span> <span class='ocrx_word' id='word_1_194' title='bbox 2956 1614 3131 1652; x_wconf 88' lang='lat' dir='ltr'><strong>unum</strong></span> <span class='ocrx_word' id='word_1_195' title='bbox 3169 1601 3559 1668; x_wconf 78' lang='lat' dir='ltr'><strong>pmnitentibus</strong></span> <span class='ocrx_word' id='word_1_196' title='bbox 3588 1604 3836 1658; x_wconf 86' lang='lat' dir='ltr'><strong>molestis-</strong></span> 
     </span>
    </p>
   </div>
   <div class='ocr_carea' id='block_1_32' title="bbox 2271 1687 3834 1759">
    <p class='ocr_par' dir='ltr' id='par_1_32' title="bbox 2271 1687 3834 1759">
     <span class='ocr_line' id='line_1_32' title="bbox 2271 1687 3834 1759; baseline 0.006 -19"><span class='ocrx_word' id='word_1_197' title='bbox 2271 1687 2471 1741; x_wconf 92' lang='lat' dir='ltr'><strong>simum</strong></span> <span class='ocrx_word' id='word_1_198' title='bbox 2511 1699 2628 1743; x_wconf 90' lang='lat' dir='ltr'><strong>erat</strong></span> <span class='ocrx_word' id='word_1_199' title='bbox 2663 1698 2717 1744; x_wconf 91' lang='lat' dir='ltr'><strong>et</strong></span> <span class='ocrx_word' id='word_1_200' title='bbox 2757 1691 3196 1746; x_wconf 87' lang='lat' dir='ltr'><strong>acerbissimum.</strong></span> <span class='ocrx_word' id='word_1_201' title='bbox 3243 1691 3423 1759; x_wconf 86' lang='lat' dir='ltr'><strong>Quare</strong></span> <span class='ocrx_word' id='word_1_202' title='bbox 3456 1694 3613 1758; x_wconf 86' lang='grc' dir='ltr'><strong>αἰδώς</strong></span> <span class='ocrx_word' id='word_1_203' title='bbox 3659 1695 3746 1749; x_wconf 92' lang='lat' dir='ltr'><strong>illa</strong></span> <span class='ocrx_word' id='word_1_204' title='bbox 3792 1706 3834 1749; x_wconf 82' lang='lat' dir='ltr'><strong>et</strong></span> 
     </span>
    </p>
   </div>
   <div class='ocr_carea' id='block_1_33' title="bbox 2272 1781 3830 1857">
    <p class='ocr_par' dir='ltr' id='par_1_33' title="bbox 2272 1781 3830 1857">
     <span class='ocr_line' id='line_1_33' title="bbox 2272 1781 3830 1857; baseline 0.003 -23"><span class='ocrx_word' id='word_1_205' title='bbox 2272 1781 2596 1837; x_wconf 73' lang='lat' dir='ltr'><strong>verecundia</strong></span> <span class='ocrx_word' id='word_1_206' title='bbox 2626 1798 2733 1837; x_wconf 89' lang='lat' dir='ltr'><strong>non</strong></span> <span class='ocrx_word' id='word_1_207' title='bbox 2772 1793 2880 1840; x_wconf 88' lang='lat' dir='ltr'><strong>tam</strong></span> <span class='ocrx_word' id='word_1_208' title='bbox 2907 1785 2972 1839; x_wconf 89' lang='lat' dir='ltr'><strong>ad</strong></span> <span class='ocrx_word' id='word_1_209' title='bbox 2998 1782 3320 1853; x_wconf 73' lang='grc' dir='ltr'><strong>ἐξαγγελίαν</strong></span> <span class='ocrx_word' id='word_1_210' title='bbox 3353 1785 3654 1851; x_wconf 87' lang='lat' dir='ltr'><strong>referenda,</strong></span> <span class='ocrx_word' id='word_1_211' title='bbox 3684 1804 3830 1857; x_wconf 84' lang='lat' dir='ltr'><strong>quam</strong></span> 
     </span>
    </p>
   </div>
   <div class='ocr_carea' id='block_1_34' title="bbox 585 1863 3832 1948">
    <p class='ocr_par' dir='ltr' id='par_1_34' title="bbox 585 1863 3832 1948">
     <span class='ocr_line' id='line_1_34' title="bbox 585 1863 3832 1948; baseline 0 -18"><span class='ocrx_word' id='word_1_212' title='bbox 585 1875 675 1930; x_wconf 70' lang='lat' dir='ltr'><strong>tite</strong></span> <span class='ocrx_word' id='word_1_213' title='bbox 695 1875 858 1930; x_wconf 71' lang='lat' dir='ltr'><strong>ritum</strong></span> <span class='ocrx_word' id='word_1_214' title='bbox 885 1875 1176 1948; x_wconf 90' lang='lat' dir='ltr'><strong>significat,</strong></span> <span class='ocrx_word' id='word_1_215' title='bbox 1207 1876 1412 1930; x_wconf 91' lang='lat' dir='ltr'><strong>luctum</strong></span> <span class='ocrx_word' id='word_1_216' title='bbox 1440 1875 1712 1939; x_wconf 82' lang='lat' dir='ltr'><strong>videlicet,</strong></span> <span class='ocrx_word' id='word_1_217' title='bbox 1743 1876 2012 1945; x_wconf 84' lang='lat' dir='ltr'><strong>lacrymas</strong></span> <span class='ocrx_word' id='word_1_218' title='bbox 2038 1889 2162 1929; x_wconf 80' lang='lat' dir='ltr'><strong>cum</strong></span> <span class='ocrx_word' id='word_1_219' title='bbox 2199 1863 2237 1917; x_wconf 85' lang='grc' dir='ltr'><strong><em>Β</em></strong></span> <span class='ocrx_word' id='word_1_220' title='bbox 2266 1870 2333 1924; x_wconf 88' lang='lat' dir='ltr'><strong>ad</strong></span> <span class='ocrx_word' id='word_1_221' title='bbox 2367 1870 2640 1941; x_wconf 87' lang='lat' dir='ltr'><strong>publicam</strong></span> <span class='ocrx_word' id='word_1_222' title='bbox 2676 1873 2956 1928; x_wconf 86' lang='lat' dir='ltr'><strong>infamiam</strong></span> <span class='ocrx_word' id='word_1_223' title='bbox 3004 1884 3057 1929; x_wconf 91' lang='lat' dir='ltr'><strong>et</strong></span> <span class='ocrx_word' id='word_1_224' title='bbox 3103 1889 3342 1944; x_wconf 74' lang='lat' dir='ltr'><strong>pmnam,</strong></span> <span class='ocrx_word' id='word_1_225' title='bbox 3373 1892 3494 1946; x_wconf 75' lang='lat' dir='ltr'><strong>quae.</strong></span> <span class='ocrx_word' id='word_1_226' title='bbox 3543 1879 3832 1946; x_wconf 80' lang='lat' dir='ltr'><strong>graviorum</strong></span> 
     </span>
    </p>
   </div>
   <div class='ocr_carea' id='block_1_35' title="bbox 583 1965 2166 2039">
    <p class='ocr_par' dir='ltr' id='par_1_35' title="bbox 583 1965 2166 2039">
     <span class='ocr_line' id='line_1_35' title="bbox 583 1965 2166 2039; baseline -0.001 -18"><span class='ocrx_word' id='word_1_227' title='bbox 583 1966 964 2036; x_wconf 66' lang='lat' dir='ltr'><strong>paenitentiam</strong></span> <span class='ocrx_word' id='word_1_228' title='bbox 995 1967 1263 2039; x_wconf 92' lang='lat' dir='ltr'><strong>ipsorum,</strong></span> <span class='ocrx_word' id='word_1_229' title='bbox 1298 1976 1412 2020; x_wconf 90' lang='lat' dir='ltr'><strong>tum</strong></span> <span class='ocrx_word' id='word_1_230' title='bbox 1439 1967 1675 2036; x_wconf 81' lang='lat' dir='ltr'><strong>episcopi</strong></span> <span class='ocrx_word' id='word_1_231' title='bbox 1706 1965 1877 2036; x_wconf 91' lang='lat' dir='ltr'><strong>ipsius</strong></span> <span class='ocrx_word' id='word_1_232' title='bbox 1910 1981 1973 2020; x_wconf 89' lang='lat' dir='ltr'><strong>ac</strong></span> <span class='ocrx_word' id='word_1_233' title='bbox 2000 1966 2166 2019; x_wconf 86' lang='lat' dir='ltr'><strong>totius</strong></span> 
     </span>
    </p>
   </div>
   <div class='ocr_carea' id='block_1_36' title="bbox 584 2057 2167 2130">
    <p class='ocr_par' dir='ltr' id='par_1_36' title="bbox 584 2057 2167 2130">
     <span class='ocr_line' id='line_1_36' title="bbox 584 2057 2167 2130; baseline -0.002 -17"><span class='ocrx_word' id='word_1_234' title='bbox 584 2058 790 2130; x_wconf 92' lang='lat' dir='ltr'><strong>populi.</strong></span> <span class='ocrx_word' id='word_1_235' title='bbox 819 2058 899 2114; x_wconf 83' lang='lat' dir='ltr'><strong>Ad</strong></span> <span class='ocrx_word' id='word_1_236' title='bbox 926 2058 1040 2114; x_wconf 63' lang='lat' dir='ltr'><strong>haec</strong></span> <span class='ocrx_word' id='word_1_237' title='bbox 1070 2059 1300 2129; x_wconf 86' lang='lat' dir='ltr'><strong>jejunia,</strong></span> <span class='ocrx_word' id='word_1_238' title='bbox 1330 2057 1549 2114; x_wconf 90' lang='lat' dir='ltr'><strong>crebras</strong></span> <span class='ocrx_word' id='word_1_239' title='bbox 1574 2058 1853 2113; x_wconf 90' lang='lat' dir='ltr'><strong>orationes</strong></span> <span class='ocrx_word' id='word_1_240' title='bbox 1882 2073 1948 2112; x_wconf 91' lang='lat' dir='ltr'><strong>ac</strong></span> <span class='ocrx_word' id='word_1_241' title='bbox 1975 2057 2167 2110; x_wconf 81' lang='lat' dir='ltr'><strong>statio-</strong></span> 
     </span>
    </p>
   </div>
   <div class='ocr_carea' id='block_1_37' title="bbox 585 2150 2166 2222">
    <p class='ocr_par' dir='ltr' id='par_1_37' title="bbox 585 2150 2166 2222">
     <span class='ocr_line' id='line_1_37' title="bbox 585 2150 2166 2222; baseline -0.002 -16"><span class='ocrx_word' id='word_1_242' title='bbox 585 2167 704 2214; x_wconf 90' lang='lat' dir='ltr'><strong>nes,</strong></span> <span class='ocrx_word' id='word_1_243' title='bbox 741 2162 999 2208; x_wconf 72' lang='lat' dir='ltr'><strong>sexcenta</strong></span> <span class='ocrx_word' id='word_1_244' title='bbox 1033 2152 1086 2205; x_wconf 92' lang='lat' dir='ltr'><strong>id</strong></span> <span class='ocrx_word' id='word_1_245' title='bbox 1124 2167 1319 2222; x_wconf 87' lang='lat' dir='ltr'><strong>genus,</strong></span> <span class='ocrx_word' id='word_1_246' title='bbox 1349 2166 1584 2222; x_wconf 88' lang='lat' dir='ltr'><strong>quorum</strong></span> <span class='ocrx_word' id='word_1_247' title='bbox 1631 2150 1684 2204; x_wconf 90' lang='lat' dir='ltr'><strong>in</strong></span> <span class='ocrx_word' id='word_1_248' title='bbox 1728 2150 2001 2204; x_wconf 81' lang='lat' dir='ltr'><strong>veteribus</strong></span> <span class='ocrx_word' id='word_1_249' title='bbox 2031 2165 2166 2204; x_wconf 83' lang='lat' dir='ltr'><strong>con-</strong></span> 
     </span>
    </p>
   </div>
   <div class='ocr_carea' id='block_1_38' title="bbox 583 2242 2164 2316">
    <p class='ocr_par' dir='ltr' id='par_1_38' title="bbox 583 2242 2164 2316">
     <span class='ocr_line' id='line_1_38' title="bbox 583 2242 2164 2316; baseline -0.001 -15"><span class='ocrx_word' id='word_1_250' title='bbox 583 2244 726 2301; x_wconf 87' lang='lat' dir='ltr'><strong>ciliis</strong></span> <span class='ocrx_word' id='word_1_251' title='bbox 776 2260 842 2300; x_wconf 94' lang='lat' dir='ltr'><strong>ac</strong></span> <span class='ocrx_word' id='word_1_252' title='bbox 881 2253 1195 2301; x_wconf 89' lang='lat' dir='ltr'><strong>sanctorum</strong></span> <span class='ocrx_word' id='word_1_253' title='bbox 1231 2242 1454 2302; x_wconf 89' lang='lat' dir='ltr'><strong>Patrum</strong></span> <span class='ocrx_word' id='word_1_254' title='bbox 1495 2245 1864 2299; x_wconf 87' lang='lat' dir='ltr'><strong>monumentis</strong></span> <span class='ocrx_word' id='word_1_255' title='bbox 1911 2243 2164 2316; x_wconf 87' lang='lat' dir='ltr'><strong>frequens</strong></span> 
     </span>
    </p>
   </div>
   <div class='ocr_carea' id='block_1_39' title="bbox 581 2335 2165 2408">
    <p class='ocr_par' dir='ltr' id='par_1_39' title="bbox 581 2335 2165 2408">
     <span class='ocr_line' id='line_1_39' title="bbox 581 2335 2165 2408; baseline -0.001 -16"><span class='ocrx_word' id='word_1_256' title='bbox 581 2347 665 2393; x_wconf 88' lang='lat' dir='ltr'><strong>est</strong></span> <span class='ocrx_word' id='word_1_257' title='bbox 703 2346 760 2393; x_wconf 90' lang='lat' dir='ltr'><strong>et</strong></span> <span class='ocrx_word' id='word_1_258' title='bbox 801 2349 1056 2393; x_wconf 89' lang='lat' dir='ltr'><strong>accurata</strong></span> <span class='ocrx_word' id='word_1_259' title='bbox 1109 2338 1332 2393; x_wconf 90' lang='lat' dir='ltr'><strong>mentio.</strong></span> <span class='ocrx_word' id='word_1_260' title='bbox 1387 2335 1647 2408; x_wconf 86' lang='lat' dir='ltr'><strong>Nuspiam</strong></span> <span class='ocrx_word' id='word_1_261' title='bbox 1703 2346 1884 2391; x_wconf 90' lang='lat' dir='ltr'><strong>autem</strong></span> <span class='ocrx_word' id='word_1_262' title='bbox 1937 2337 2165 2406; x_wconf 69' lang='lat' dir='ltr'><strong>publica:</strong></span> 
     </span>
    </p>
   </div>
   <div class='ocr_carea' id='block_1_40' title="bbox 581 2427 2164 2500">
    <p class='ocr_par' dir='ltr' id='par_1_40' title="bbox 581 2427 2164 2500">
     <span class='ocr_line' id='line_1_40' title="bbox 581 2427 2164 2500; baseline -0.001 -15"><span class='ocrx_word' id='word_1_263' title='bbox 581 2427 944 2485; x_wconf 77' lang='lat' dir='ltr'><strong>confessionis</strong></span> <span class='ocrx_word' id='word_1_264' title='bbox 975 2444 1137 2485; x_wconf 89' lang='lat' dir='ltr'><strong>usum</strong></span> <span class='ocrx_word' id='word_1_265' title='bbox 1164 2445 1231 2485; x_wconf 86' lang='lat' dir='ltr'><strong>ne</strong></span> <span class='ocrx_word' id='word_1_266' title='bbox 1258 2430 1437 2485; x_wconf 91' lang='lat' dir='ltr'><strong>littera</strong></span> <span class='ocrx_word' id='word_1_267' title='bbox 1465 2429 1682 2500; x_wconf 87' lang='lat' dir='ltr'><strong>quidem</strong></span> <span class='ocrx_word' id='word_1_268' title='bbox 1714 2429 1940 2499; x_wconf 85' lang='lat' dir='ltr'><strong>attigere</strong></span> <span class='ocrx_word' id='word_1_269' title='bbox 1969 2427 2164 2483; x_wconf 88' lang='lat' dir='ltr'><strong>Socra-</strong></span> 
     </span>
    </p>
   </div>
   <div class='ocr_carea' id='block_1_41' title="bbox 583 2521 2162 2594">
    <p class='ocr_par' dir='ltr' id='par_1_41' title="bbox 583 2521 2162 2594">
     <span class='ocr_line' id='line_1_41' title="bbox 583 2521 2162 2594; baseline -0.002 -16"><span class='ocrx_word' id='word_1_270' title='bbox 583 2529 665 2578; x_wconf 92' lang='lat' dir='ltr'><strong>tes</strong></span> <span class='ocrx_word' id='word_1_271' title='bbox 700 2537 766 2577; x_wconf 90' lang='lat' dir='ltr'><strong>ac</strong></span> <span class='ocrx_word' id='word_1_272' title='bbox 799 2522 1178 2588; x_wconf 82' lang='lat' dir='ltr'><strong>Sozomenus;</strong></span> <span class='ocrx_word' id='word_1_273' title='bbox 1220 2538 1396 2594; x_wconf 90' lang='lat' dir='ltr'><strong>neque</strong></span> <span class='ocrx_word' id='word_1_274' title='bbox 1433 2537 1597 2594; x_wconf 92' lang='lat' dir='ltr'><strong>porro</strong></span> <span class='ocrx_word' id='word_1_275' title='bbox 1638 2521 1882 2592; x_wconf 82' lang='lat' dir='ltr'><strong>privatae,</strong></span> <span class='ocrx_word' id='word_1_276' title='bbox 1915 2523 1998 2576; x_wconf 85' lang='lat' dir='ltr'><strong>vel</strong></span> <span class='ocrx_word' id='word_1_277' title='bbox 2032 2537 2162 2577; x_wconf 85' lang='lat' dir='ltr'><strong>con-</strong></span> 
     </span>
    </p>
   </div>
   <div class='ocr_carea' id='block_1_42' title="bbox 584 2614 2164 2685">
    <p class='ocr_par' dir='ltr' id='par_1_42' title="bbox 584 2614 2164 2685">
     <span class='ocr_line' id='line_1_42' title="bbox 584 2614 2164 2685; baseline -0.001 -15"><span class='ocrx_word' id='word_1_278' title='bbox 584 2614 859 2680; x_wconf 85' lang='lat' dir='ltr'><strong>fessionis,</strong></span> <span class='ocrx_word' id='word_1_279' title='bbox 887 2615 969 2670; x_wconf 94' lang='lat' dir='ltr'><strong>vel</strong></span> <span class='ocrx_word' id='word_1_280' title='bbox 993 2615 1327 2685; x_wconf 63' lang='lat' dir='ltr'><strong>poenitentiae</strong></span> <span class='ocrx_word' id='word_1_281' title='bbox 1357 2614 1743 2678; x_wconf 88' lang='lat' dir='ltr'><strong>meminerunt,</strong></span> <span class='ocrx_word' id='word_1_282' title='bbox 1764 2628 1927 2684; x_wconf 80' lang='lat' dir='ltr'><strong>quam</strong></span> <span class='ocrx_word' id='word_1_283' title='bbox 1962 2628 2164 2669; x_wconf 85' lang='lat' dir='ltr'><strong>utram-</strong></span> 
     </span>
    </p>
   </div>
   <div class='ocr_carea' id='block_1_43' title="bbox 582 2705 2163 2777">
    <p class='ocr_par' dir='ltr' id='par_1_43' title="bbox 582 2705 2163 2777">
     <span class='ocr_line' id='line_1_43' title="bbox 582 2705 2163 2777; baseline -0.001 -15"><span class='ocrx_word' id='word_1_284' title='bbox 582 2722 688 2777; x_wconf 88' lang='lat' dir='ltr'><strong>que</strong></span> <span class='ocrx_word' id='word_1_285' title='bbox 734 2707 939 2762; x_wconf 89' lang='lat' dir='ltr'><strong>salvam</strong></span> <span class='ocrx_word' id='word_1_286' title='bbox 992 2716 1156 2777; x_wconf 89' lang='lat' dir='ltr'><strong>atque</strong></span> <span class='ocrx_word' id='word_1_287' title='bbox 1203 2705 1534 2761; x_wconf 90' lang='lat' dir='ltr'><strong>incolumem</strong></span> <span class='ocrx_word' id='word_1_288' title='bbox 1565 2705 1728 2760; x_wconf 88' lang='lat' dir='ltr'><strong>etiam</strong></span> <span class='ocrx_word' id='word_1_289' title='bbox 1771 2705 2163 2761; x_wconf 84' lang='lat' dir='ltr'><strong>Constantino-</strong></span> 
     </span>
    </p>
   </div>
   <div class='ocr_carea' id='block_1_44' title="bbox 583 2793 2162 2868">
    <p class='ocr_par' dir='ltr' id='par_1_44' title="bbox 583 2793 2162 2868">
     <span class='ocr_line' id='line_1_44' title="bbox 583 2793 2162 2868; baseline -0.001 -16"><span class='ocrx_word' id='word_1_290' title='bbox 583 2796 693 2868; x_wconf 89' lang='lat' dir='ltr'><strong>poli</strong></span> <span class='ocrx_word' id='word_1_291' title='bbox 749 2798 1015 2853; x_wconf 88' lang='lat' dir='ltr'><strong>mansisse</strong></span> <span class='ocrx_word' id='word_1_292' title='bbox 1061 2795 1266 2850; x_wconf 89' lang='lat' dir='ltr'><strong>nemini</strong></span> <span class='ocrx_word' id='word_1_293' title='bbox 1307 2794 1533 2850; x_wconf 89' lang='lat' dir='ltr'><strong>dubium</strong></span> <span class='ocrx_word' id='word_1_294' title='bbox 1579 2810 1703 2851; x_wconf 82' lang='lat' dir='ltr'><strong>esse</strong></span> <span class='ocrx_word' id='word_1_295' title='bbox 1752 2795 1931 2850; x_wconf 87' lang='lat' dir='ltr'><strong>debet.</strong></span> <span class='ocrx_word' id='word_1_296' title='bbox 1977 2793 2162 2866; x_wconf 83' lang='lat' dir='ltr'><strong>Neque</strong></span> 
     </span>
    </p>
   </div>
   <div class='ocr_carea' id='block_1_45' title="bbox 581 2885 2162 2960">
    <p class='ocr_par' dir='ltr' id='par_1_45' title="bbox 581 2885 2162 2960">
     <span class='ocr_line' id='line_1_45' title="bbox 581 2885 2162 2960; baseline -0.001 -17"><span class='ocrx_word' id='word_1_297' title='bbox 581 2903 910 2960; x_wconf 91' lang='lat' dir='ltr'><strong>quemquam</strong></span> <span class='ocrx_word' id='word_1_298' title='bbox 957 2897 1192 2952; x_wconf 70' lang='lat' dir='ltr'><strong>moveat,</strong></span> <span class='ocrx_word' id='word_1_299' title='bbox 1239 2887 1384 2956; x_wconf 87' lang='lat' dir='ltr'><strong>quod</strong></span> <span class='ocrx_word' id='word_1_300' title='bbox 1444 2885 1702 2941; x_wconf 88' lang='lat' dir='ltr'><strong>Socrates</strong></span> <span class='ocrx_word' id='word_1_301' title='bbox 1756 2885 2015 2955; x_wconf 70' lang='lat' dir='ltr'><strong>subiicit,</strong></span> <span class='ocrx_word' id='word_1_302' title='bbox 2056 2885 2162 2941; x_wconf 83' lang='lat' dir='ltr'><strong>Eu-</strong></span> 
     </span>
    </p>
   </div>
   <div class='ocr_carea' id='block_1_46' title="bbox 579 2976 2158 3049">
    <p class='ocr_par' dir='ltr' id='par_1_46' title="bbox 579 2976 2158 3049">
     <span class='ocr_line' id='line_1_46' title="bbox 579 2976 2158 3049; baseline -0.002 -14"><span class='ocrx_word' id='word_1_303' title='bbox 579 2981 881 3035; x_wconf 61' lang='lat' dir='ltr'><strong>daemonem</strong></span> <span class='ocrx_word' id='word_1_304' title='bbox 913 2978 1099 3044; x_wconf 89' lang='lat' dir='ltr'><strong>istum,</strong></span> <span class='ocrx_word' id='word_1_305' title='bbox 1132 2978 1225 3048; x_wconf 93' lang='lat' dir='ltr'><strong>qui</strong></span> <span class='ocrx_word' id='word_1_306' title='bbox 1255 2977 1510 3034; x_wconf 86' lang='lat' dir='ltr'><strong>Nectario</strong></span> <span class='ocrx_word' id='word_1_307' title='bbox 1551 2976 1850 3049; x_wconf 77' lang='lat' dir='ltr'><strong>abrogandi</strong></span> <span class='ocrx_word' id='word_1_308' title='bbox 1889 2978 2158 3049; x_wconf 61' lang='lat' dir='ltr'><strong>paeniten-</strong></span> 
     </span>
    </p>
   </div>
   <div class='ocr_carea' id='block_1_47' title="bbox 581 3069 2160 3142">
    <p class='ocr_par' dir='ltr' id='par_1_47' title="bbox 581 3069 2160 3142">
     <span class='ocr_line' id='line_1_47' title="bbox 581 3069 2160 3142; baseline 0 -16"><span class='ocrx_word' id='word_1_309' title='bbox 581 3072 727 3127; x_wconf 89' lang='lat' dir='ltr'><strong>tiarii</strong></span> <span class='ocrx_word' id='word_1_310' title='bbox 750 3071 1054 3142; x_wconf 85' lang='lat' dir='ltr'><strong>presbyteri</strong></span> <span class='ocrx_word' id='word_1_311' title='bbox 1085 3071 1374 3127; x_wconf 90' lang='lat' dir='ltr'><strong>consilium</strong></span> <span class='ocrx_word' id='word_1_312' title='bbox 1411 3069 1579 3136; x_wconf 88' lang='lat' dir='ltr'><strong>dedit,</strong></span> <span class='ocrx_word' id='word_1_313' title='bbox 1614 3071 1889 3125; x_wconf 88' lang='lat' dir='ltr'><strong>hortatum</strong></span> <span class='ocrx_word' id='word_1_314' title='bbox 1919 3085 2063 3135; x_wconf 85' lang='lat' dir='ltr'><strong>esse,</strong></span> <span class='ocrx_word' id='word_1_315' title='bbox 2101 3079 2160 3126; x_wconf 91' lang='lat' dir='ltr'><strong>ut</strong></span> 
     </span>
    </p>
   </div>
   <div class='ocr_carea' id='block_1_48' title="bbox 579 3162 2158 3235">
    <p class='ocr_par' dir='ltr' id='par_1_48' title="bbox 579 3162 2158 3235">
     <span class='ocr_line' id='line_1_48' title="bbox 579 3162 2158 3235; baseline -0.003 -15"><span class='ocrx_word' id='word_1_316' title='bbox 579 3178 1022 3235; x_wconf 91' lang='lat' dir='ltr'><strong>unumquemque</strong></span> <span class='ocrx_word' id='word_1_317' title='bbox 1065 3178 1180 3218; x_wconf 65' lang='lat' dir='ltr'><strong>suae</strong></span> <span class='ocrx_word' id='word_1_318' title='bbox 1220 3162 1567 3218; x_wconf 73' lang='lat' dir='ltr'><strong>conscientiae</strong></span> <span class='ocrx_word' id='word_1_319' title='bbox 1608 3163 1982 3232; x_wconf 90' lang='lat' dir='ltr'><strong>relinqueret:</strong></span> <span class='ocrx_word' id='word_1_320' title='bbox 2015 3163 2158 3231; x_wconf 85' lang='grc' dir='ltr'><strong>Συγ-</strong></span> 
     </span>
    </p>
   </div>
   <div class='ocr_carea' id='block_1_49' title="bbox 577 3255 2156 3330">
    <p class='ocr_par' dir='ltr' id='par_1_49' title="bbox 577 3255 2156 3330">
     <span class='ocr_line' id='line_1_49' title="bbox 577 3255 2156 3330; baseline -0.001 -19"><span class='ocrx_word' id='word_1_321' title='bbox 577 3257 822 3330; x_wconf 82' lang='grc' dir='ltr'>χωρῆσαι</span> <span class='ocrx_word' id='word_1_322' title='bbox 852 3256 909 3310; x_wconf 80' lang='grc' dir='ltr'><strong>δὲ</strong></span> <span class='ocrx_word' id='word_1_323' title='bbox 937 3256 1168 3310; x_wconf 74' lang='grc' dir='ltr'>ἕκαστον</span> <span class='ocrx_word' id='word_1_324' title='bbox 1204 3255 1283 3326; x_wconf 86' lang='grc' dir='ltr'>τῷ</span> <span class='ocrx_word' id='word_1_325' title='bbox 1333 3256 1446 3328; x_wconf 71' lang='grc' dir='ltr'>ἰδίῳ</span> <span class='ocrx_word' id='word_1_326' title='bbox 1488 3256 1746 3310; x_wconf 85' lang='grc' dir='ltr'><strong>συνειδότι</strong></span> <span class='ocrx_word' id='word_1_327' title='bbox 1793 3256 1902 3311; x_wconf 82' lang='grc' dir='ltr'>τῶν</span> <span class='ocrx_word' id='word_1_328' title='bbox 1949 3273 2156 3328; x_wconf 79' lang='grc' dir='ltr'>μυστη-</span> 
     </span>
    </p>
   </div>
   <div class='ocr_carea' id='block_1_50' title="bbox 579 3349 2154 3422">
    <p class='ocr_par' dir='ltr' id='par_1_50' title="bbox 579 3349 2154 3422">
     <span class='ocr_line' id='line_1_50' title="bbox 579 3349 2154 3422; baseline 0.002 -21"><span class='ocrx_word' id='word_1_329' title='bbox 579 3350 711 3422; x_wconf 78' lang='grc' dir='ltr'>ρίων</span> <span class='ocrx_word' id='word_1_330' title='bbox 747 3349 1025 3420; x_wconf 80' lang='grc' dir='ltr'><strong>μετέχειν·</strong></span> <span class='ocrx_word' id='word_1_331' title='bbox 1073 3359 1128 3402; x_wconf 90' lang='lat' dir='ltr'><strong>ut</strong></span> <span class='ocrx_word' id='word_1_332' title='bbox 1162 3358 1348 3418; x_wconf 84' lang='lat' dir='ltr'><strong>suapte</strong></span> <span class='ocrx_word' id='word_1_333' title='bbox 1379 3351 1696 3404; x_wconf 79' lang='lat' dir='ltr'><strong>conscientia</strong></span> <span class='ocrx_word' id='word_1_334' title='bbox 1727 3349 1890 3419; x_wconf 78' lang='lat' dir='ltr'><strong>fretus</strong></span> <span class='ocrx_word' id='word_1_335' title='bbox 1939 3349 2154 3420; x_wconf 80' lang='lat' dir='ltr'><strong>ejusque</strong></span> 
     </span>
    </p>
   </div>
   <div class='ocr_carea' id='block_1_51' title="bbox 574 3440 2156 3511">
    <p class='ocr_par' dir='ltr' id='par_1_51' title="bbox 574 3440 2156 3511">
     <span class='ocr_line' id='line_1_51' title="bbox 574 3440 2156 3511; baseline -0.001 -15"><span class='ocrx_word' id='word_1_336' title='bbox 574 3450 781 3496; x_wconf 82' lang='lat' dir='ltr'><strong>secutus</strong></span> <span class='ocrx_word' id='word_1_337' title='bbox 816 3440 1096 3494; x_wconf 85' lang='lat' dir='ltr'><strong>arbitrium</strong></span> <span class='ocrx_word' id='word_1_338' title='bbox 1129 3441 1379 3511; x_wconf 84' lang='lat' dir='ltr'><strong>mysteria</strong></span> <span class='ocrx_word' id='word_1_339' title='bbox 1413 3450 1720 3510; x_wconf 82' lang='lat' dir='ltr'><strong>capesseret.</strong></span> <span class='ocrx_word' id='word_1_340' title='bbox 1749 3441 1884 3495; x_wconf 61' lang='lat' dir='ltr'><strong>Nam</strong></span> <span class='ocrx_word' id='word_1_341' title='bbox 1915 3441 2042 3496; x_wconf 89' lang='lat' dir='ltr'><strong>illud</strong></span> <span class='ocrx_word' id='word_1_342' title='bbox 2073 3442 2156 3495; x_wconf 91' lang='lat' dir='ltr'><strong>in-</strong></span> 
     </span>
    </p>
   </div>
   <div class='ocr_carea' id='block_1_52' title="bbox 575 3533 2156 3604">
    <p class='ocr_par' dir='ltr' id='par_1_52' title="bbox 575 3533 2156 3604">
     <span class='ocr_line' id='line_1_52' title="bbox 575 3533 2156 3604; baseline -0.001 -17"><span class='ocrx_word' id='word_1_343' title='bbox 575 3541 658 3587; x_wconf 86' lang='lat' dir='ltr'><strong>ter</strong></span> <span class='ocrx_word' id='word_1_344' title='bbox 689 3533 1029 3602; x_wconf 85' lang='lat' dir='ltr'><strong>antiquitatis</strong></span> <span class='ocrx_word' id='word_1_345' title='bbox 1053 3533 1435 3600; x_wconf 70' lang='lat' dir='ltr'><strong>ecclesiasticae</strong></span> <span class='ocrx_word' id='word_1_346' title='bbox 1460 3535 1658 3602; x_wconf 86' lang='lat' dir='ltr'><strong>peritos</strong></span> <span class='ocrx_word' id='word_1_347' title='bbox 1685 3534 1956 3598; x_wconf 87' lang='lat' dir='ltr'><strong>convenit,</strong></span> <span class='ocrx_word' id='word_1_348' title='bbox 1986 3533 2156 3604; x_wconf 85' lang='lat' dir='ltr'><strong>publi-</strong></span> 
     </span>
    </p>
   </div>
   <div class='ocr_carea' id='block_1_53' title="bbox 573 3624 2154 3697">
    <p class='ocr_par' dir='ltr' id='par_1_53' title="bbox 573 3624 2154 3697">
     <span class='ocr_line' id='line_1_53' title="bbox 573 3624 2154 3697; baseline -0.001 -17"><span class='ocrx_word' id='word_1_349' title='bbox 573 3640 698 3680; x_wconf 86' lang='lat' dir='ltr'><strong>cam</strong></span> <span class='ocrx_word' id='word_1_350' title='bbox 725 3626 854 3681; x_wconf 91' lang='lat' dir='ltr'><strong>olim</strong></span> <span class='ocrx_word' id='word_1_351' title='bbox 875 3625 1272 3694; x_wconf 75' lang='lat' dir='ltr'><strong>paenitentiam,</strong></span> <span class='ocrx_word' id='word_1_352' title='bbox 1298 3624 1402 3679; x_wconf 89' lang='lat' dir='ltr'><strong>hoc</strong></span> <span class='ocrx_word' id='word_1_353' title='bbox 1427 3634 1510 3680; x_wconf 92' lang='lat' dir='ltr'><strong>est</strong></span> <span class='ocrx_word' id='word_1_354' title='bbox 1531 3641 1721 3695; x_wconf 62' lang='lat' dir='ltr'><strong>pugnas</strong></span> <span class='ocrx_word' id='word_1_355' title='bbox 1753 3627 1917 3696; x_wconf 90' lang='lat' dir='ltr'><strong>ipsas,</strong></span> <span class='ocrx_word' id='word_1_356' title='bbox 1953 3626 2154 3697; x_wconf 88' lang='lat' dir='ltr'><strong>quibus</strong></span> 
     </span>
    </p>
   </div>
   <div class='ocr_carea' id='block_1_54' title="bbox 572 3715 2150 3788">
    <p class='ocr_par' dir='ltr' id='par_1_54' title="bbox 572 3715 2150 3788">
     <span class='ocr_line' id='line_1_54' title="bbox 572 3715 2150 3788; baseline -0.001 -16"><span class='ocrx_word' id='word_1_357' title='bbox 572 3715 1008 3784; x_wconf 87' lang='lat' dir='ltr'><strong>satisfaciebant,</strong></span> <span class='ocrx_word' id='word_1_358' title='bbox 1038 3732 1337 3788; x_wconf 89' lang='lat' dir='ltr'><strong>earumque</strong></span> <span class='ocrx_word' id='word_1_359' title='bbox 1383 3726 1597 3788; x_wconf 90' lang='lat' dir='ltr'><strong>tempus</strong></span> <span class='ocrx_word' id='word_1_360' title='bbox 1639 3733 1705 3773; x_wconf 91' lang='lat' dir='ltr'><strong>ac</strong></span> <span class='ocrx_word' id='word_1_361' title='bbox 1736 3718 2000 3773; x_wconf 92' lang='lat' dir='ltr'><strong>rationem</strong></span> <span class='ocrx_word' id='word_1_362' title='bbox 2042 3726 2150 3772; x_wconf 89' lang='lat' dir='ltr'><strong>tam</strong></span> 
     </span>
    </p>
   </div>
   <div class='ocr_carea' id='block_1_55' title="bbox 573 3810 2154 3881">
    <p class='ocr_par' dir='ltr' id='par_1_55' title="bbox 573 3810 2154 3881">
     <span class='ocr_line' id='line_1_55' title="bbox 573 3810 2154 3881; baseline 0.001 -18"><span class='ocrx_word' id='word_1_363' title='bbox 573 3817 888 3864; x_wconf 84' lang='lat' dir='ltr'><strong>constanter</strong></span> <span class='ocrx_word' id='word_1_364' title='bbox 935 3823 1001 3864; x_wconf 90' lang='lat' dir='ltr'><strong>ac</strong></span> <span class='ocrx_word' id='word_1_365' title='bbox 1046 3824 1254 3874; x_wconf 85' lang='lat' dir='ltr'><strong>severe,</strong></span> <span class='ocrx_word' id='word_1_366' title='bbox 1307 3819 1355 3864; x_wconf 87' lang='lat' dir='ltr'><strong>et</strong></span> <span class='ocrx_word' id='word_1_367' title='bbox 1411 3810 1478 3865; x_wconf 87' lang='lat' dir='ltr'><strong>ad</strong></span> <span class='ocrx_word' id='word_1_368' title='bbox 1536 3826 1772 3881; x_wconf 87' lang='lat' dir='ltr'><strong>unguem</strong></span> <span class='ocrx_word' id='word_1_369' title='bbox 1832 3810 2154 3866; x_wconf 84' lang='lat' dir='ltr'><strong>observasse</strong></span> 
     </span>
    </p>
   </div>
   <div class='ocr_carea' id='block_1_56' title="bbox 572 3896 2148 3973">
    <p class='ocr_par' dir='ltr' id='par_1_56' title="bbox 572 3896 2148 3973">
     <span class='ocr_line' id='line_1_56' title="bbox 572 3896 2148 3973; baseline 0.003 -21"><span class='ocrx_word' id='word_1_370' title='bbox 572 3899 812 3968; x_wconf 89' lang='lat' dir='ltr'><strong>priscam</strong></span> <span class='ocrx_word' id='word_1_371' title='bbox 852 3896 1174 3964; x_wconf 86' lang='lat' dir='ltr'><strong>Ecclesiam,</strong></span> <span class='ocrx_word' id='word_1_372' title='bbox 1225 3907 1283 3954; x_wconf 91' lang='lat' dir='ltr'><strong>ut</strong></span> <span class='ocrx_word' id='word_1_373' title='bbox 1332 3909 1458 3955; x_wconf 80' lang='lat' dir='ltr'><strong>ante</strong></span> <span class='ocrx_word' id='word_1_374' title='bbox 1503 3901 1705 3970; x_wconf 88' lang='lat' dir='ltr'><strong>justam</strong></span> <span class='ocrx_word' id='word_1_375' title='bbox 1745 3916 1811 3956; x_wconf 88' lang='lat' dir='ltr'><strong>ac</strong></span> <span class='ocrx_word' id='word_1_376' title='bbox 1854 3901 2148 3973; x_wconf 87' lang='lat' dir='ltr'><strong>legitimam</strong></span> 
     </span>
    </p>
   </div>
   <div class='ocr_carea' id='block_1_57' title="bbox 572 3989 2152 4064">
    <p class='ocr_par' dir='ltr' id='par_1_57' title="bbox 572 3989 2152 4064">
     <span class='ocr_line' id='line_1_57' title="bbox 572 3989 2152 4064; baseline 0.003 -20"><span class='ocrx_word' id='word_1_377' title='bbox 572 3989 720 4047; x_wconf 89' lang='lat' dir='ltr'><strong>illius</strong></span> <span class='ocrx_word' id='word_1_378' title='bbox 763 3989 1096 4046; x_wconf 83' lang='lat' dir='ltr'><strong>iunctionem</strong></span> <span class='ocrx_word' id='word_1_379' title='bbox 1140 3991 1295 4048; x_wconf 87' lang='lat' dir='ltr'><strong>nefas</strong></span> <span class='ocrx_word' id='word_1_380' title='bbox 1339 4007 1460 4048; x_wconf 92' lang='lat' dir='ltr'><strong>esse</strong></span> <span class='ocrx_word' id='word_1_381' title='bbox 1505 4003 1719 4063; x_wconf 84' lang='lat' dir='ltr'><strong>putaret</strong></span> <span class='ocrx_word' id='word_1_382' title='bbox 1763 3993 1830 4048; x_wconf 92' lang='lat' dir='ltr'><strong>ad</strong></span> <span class='ocrx_word' id='word_1_383' title='bbox 1876 4009 2062 4064; x_wconf 89' lang='lat' dir='ltr'><strong>pacem</strong></span> <span class='ocrx_word' id='word_1_384' title='bbox 2099 4006 2152 4048; x_wconf 89' lang='lat' dir='ltr'><strong>et</strong></span> 
     </span>
    </p>
   </div>
   <div class='ocr_carea' id='block_1_58' title="bbox 574 4083 2151 4141">
    <p class='ocr_par' dir='ltr' id='par_1_58' title="bbox 574 4083 2151 4141">
     <span class='ocr_line' id='line_1_58' title="bbox 574 4083 2151 4141; baseline 0.001 -3"><span class='ocrx_word' id='word_1_385' title='bbox 574 4083 1016 4139; x_wconf 89' lang='lat' dir='ltr'><strong>communionem</strong></span> <span class='ocrx_word' id='word_1_386' title='bbox 1051 4083 1329 4140; x_wconf 88' lang='lat' dir='ltr'><strong>accedere.</strong></span> <span class='ocrx_word' id='word_1_387' title='bbox 1363 4084 1499 4140; x_wconf 87' lang='lat' dir='ltr'><strong>llinc</strong></span> <span class='ocrx_word' id='word_1_388' title='bbox 1525 4101 1679 4140; x_wconf 85' lang='lat' dir='ltr'><strong>acres</strong></span> <span class='ocrx_word' id='word_1_389' title='bbox 1715 4101 1780 4141; x_wconf 92' lang='lat' dir='ltr'><strong>ac</strong></span> <span class='ocrx_word' id='word_1_390' title='bbox 1805 4086 2151 4141; x_wconf 87' lang='lat' dir='ltr'><strong>vehementes</strong></span> 
     </span>
    </p>
   </div>
   <div class='ocr_carea' id='block_1_59' title="bbox 574 4174 2149 4249">
    <p class='ocr_par' dir='ltr' id='par_1_59' title="bbox 574 4174 2149 4249">
     <span class='ocr_line' id='line_1_59' title="bbox 574 4174 2149 4249; baseline 0.003 -19"><span class='ocrx_word' id='word_1_391' title='bbox 574 4176 681 4230; x_wconf 54' lang='lat' dir='ltr'><strong>illa}</strong></span> <span class='ocrx_word' id='word_1_392' title='bbox 716 4174 970 4247; x_wconf 87' lang='lat' dir='ltr'><strong>Cypriani</strong></span> <span class='ocrx_word' id='word_1_393' title='bbox 1007 4177 1306 4246; x_wconf 68' lang='lat' dir='ltr'><strong>prmsertim</strong></span> <span class='ocrx_word' id='word_1_394' title='bbox 1337 4179 1594 4248; x_wconf 57' lang='lat' dir='ltr'><strong>querelae,</strong></span> <span class='ocrx_word' id='word_1_395' title='bbox 1623 4194 1762 4249; x_wconf 89' lang='lat' dir='ltr'><strong>quas</strong></span> <span class='ocrx_word' id='word_1_396' title='bbox 1805 4179 1857 4232; x_wconf 92' lang='lat' dir='ltr'><strong>in</strong></span> <span class='ocrx_word' id='word_1_397' title='bbox 1898 4179 2038 4234; x_wconf 88' lang='lat' dir='ltr'><strong>libro</strong></span> <span class='ocrx_word' id='word_1_398' title='bbox 2072 4179 2149 4234; x_wconf 90' lang='lat' dir='ltr'><strong>De</strong></span> 
     </span>
    </p>
   </div>
   <div class='ocr_carea' id='block_1_60' title="bbox 572 4267 2146 4340">
    <p class='ocr_par' dir='ltr' id='par_1_60' title="bbox 572 4267 2146 4340">
     <span class='ocr_line' id='line_1_60' title="bbox 572 4267 2146 4340; baseline 0.001 -19"><span class='ocrx_word' id='word_1_399' title='bbox 572 4267 738 4337; x_wconf 80' lang='lat' dir='ltr'><strong>lapsis</strong></span> <span class='ocrx_word' id='word_1_400' title='bbox 769 4276 822 4322; x_wconf 90' lang='lat' dir='ltr'><strong>et</strong></span> <span class='ocrx_word' id='word_1_401' title='bbox 855 4267 909 4321; x_wconf 91' lang='lat' dir='ltr'><strong>in</strong></span> <span class='ocrx_word' id='word_1_402' title='bbox 946 4268 1190 4337; x_wconf 87' lang='lat' dir='ltr'><strong>epistolis</strong></span> <span class='ocrx_word' id='word_1_403' title='bbox 1223 4269 1476 4324; x_wconf 89' lang='lat' dir='ltr'><strong>inculcat.</strong></span> <span class='ocrx_word' id='word_1_404' title='bbox 1513 4271 1644 4323; x_wconf 82' lang='lat' dir='ltr'><strong>Ante</strong></span> <span class='ocrx_word' id='word_1_405' title='bbox 1683 4271 1896 4340; x_wconf 70' lang='lat' dir='ltr'><strong>expiata</strong></span> <span class='ocrx_word' id='word_1_406' title='bbox 1927 4269 2146 4335; x_wconf 87' lang='lat' dir='ltr'><strong>delicta,</strong></span> 
     </span>
    </p>
   </div>
   <div class='ocr_carea' id='block_1_61' title="bbox 569 4348 2150 4424">
    <p class='ocr_par' dir='ltr' id='par_1_61' title="bbox 569 4348 2150 4424">
     <span class='ocr_line' id='line_1_61' title="bbox 569 4348 2150 4424; baseline 0.003 -21"><span class='ocrx_word' id='word_1_407' title='bbox 569 4351 646 4404; x_wconf 89' lang='lat' dir='ltr'><strong>ait</strong></span> <span class='ocrx_word' id='word_1_408' title='bbox 667 4349 808 4404; x_wconf 90' lang='lat' dir='ltr'><strong>libro</strong></span> <span class='ocrx_word' id='word_1_409' title='bbox 831 4348 908 4404; x_wconf 86' lang='lat' dir='ltr'><strong>De</strong></span> <span class='ocrx_word' id='word_1_410' title='bbox 939 4348 1125 4420; x_wconf 81' lang='lat' dir='ltr'><strong>lapsis,</strong></span> <span class='ocrx_word' id='word_1_411' title='bbox 1153 4361 1274 4405; x_wconf 85' lang='lat' dir='ltr'><strong>ante</strong></span> <span class='ocrx_word' id='word_1_412' title='bbox 1296 4353 1715 4424; x_wconf 79' lang='lat' dir='ltr'><strong>ex/tomologesin</strong></span> <span class='ocrx_word' id='word_1_413' title='bbox 1739 4354 1941 4423; x_wconf 77' lang='lat' dir='ltr'><strong>factam</strong></span> <span class='ocrx_word' id='word_1_414' title='bbox 1969 4355 2150 4408; x_wconf 89' lang='lat' dir='ltr'><strong>crimi-</strong></span> 
     </span>
    </p>
   </div>
   <div class='ocr_carea' id='block_1_62' title="bbox 567 4441 2146 4514">
    <p class='ocr_par' dir='ltr' id='par_1_62' title="bbox 567 4441 2146 4514">
     <span class='ocr_line' id='line_1_62' title="bbox 567 4441 2146 4514; baseline 0.003 -20"><span class='ocrx_word' id='word_1_415' title='bbox 567 4441 673 4506; x_wconf 87' lang='lat' dir='ltr'><strong>nis,</strong></span> <span class='ocrx_word' id='word_1_416' title='bbox 708 4449 829 4494; x_wconf 87' lang='lat' dir='ltr'><strong>ante</strong></span> <span class='ocrx_word' id='word_1_417' title='bbox 869 4453 1147 4512; x_wconf 87' lang='lat' dir='ltr'><strong>purgatam</strong></span> <span class='ocrx_word' id='word_1_418' title='bbox 1198 4445 1572 4497; x_wconf 86' lang='lat' dir='ltr'><strong>conscientiam</strong></span> <span class='ocrx_word' id='word_1_419' title='bbox 1619 4445 1884 4514; x_wconf 80' lang='lat' dir='ltr'><strong>sacriﬁcio</strong></span> <span class='ocrx_word' id='word_1_420' title='bbox 1908 4455 1958 4499; x_wconf 87' lang='lat' dir='ltr'><strong>et</strong></span> <span class='ocrx_word' id='word_1_421' title='bbox 1987 4463 2146 4500; x_wconf 85' lang='lat' dir='ltr'><strong>manu</strong></span> 
     </span>
    </p>
   </div>
   <div class='ocr_carea' id='block_1_63' title="bbox 2269 1963 3830 2038">
    <p class='ocr_par' dir='ltr' id='par_1_63' title="bbox 2269 1963 3830 2038">
     <span class='ocr_line' id='line_1_63' title="bbox 2269 1963 3830 2038; baseline 0.004 -22"><span class='ocrx_word' id='word_1_422' title='bbox 2269 1963 2560 2018; x_wconf 89' lang='lat' dir='ltr'><strong>criminum</strong></span> <span class='ocrx_word' id='word_1_423' title='bbox 2585 1966 2987 2023; x_wconf 86' lang='lat' dir='ltr'><strong>confessionem</strong></span> <span class='ocrx_word' id='word_1_424' title='bbox 3014 1968 3324 2024; x_wconf 86' lang='lat' dir='ltr'><strong>necessario</strong></span> <span class='ocrx_word' id='word_1_425' title='bbox 3351 1982 3687 2038; x_wconf 87' lang='lat' dir='ltr'><strong>sequeretur.</strong></span> <span class='ocrx_word' id='word_1_426' title='bbox 3715 1968 3830 2024; x_wconf 83' lang='lat' dir='ltr'><strong>Nam</strong></span> 
     </span>
    </p>
   </div>
   <div class='ocr_carea' id='block_1_64' title="bbox 2267 2051 3831 2132">
    <p class='ocr_par' dir='ltr' id='par_1_64' title="bbox 2267 2051 3831 2132">
     <span class='ocr_line' id='line_1_64' title="bbox 2267 2051 3831 2132; baseline 0.002 -21"><span class='ocrx_word' id='word_1_427' title='bbox 2267 2064 2362 2111; x_wconf 88' lang='lat' dir='ltr'><strong>aut</strong></span> <span class='ocrx_word' id='word_1_428' title='bbox 2408 2051 2576 2124; x_wconf 87' lang='lat' dir='ltr'><strong>nulla,</strong></span> <span class='ocrx_word' id='word_1_429' title='bbox 2623 2069 2720 2114; x_wconf 86' lang='lat' dir='ltr'><strong>aut</strong></span> <span class='ocrx_word' id='word_1_430' title='bbox 2778 2059 2965 2116; x_wconf 84' lang='lat' dir='ltr'><strong>leviori</strong></span> <span class='ocrx_word' id='word_1_431' title='bbox 3003 2061 3326 2116; x_wconf 80' lang='lat' dir='ltr'><strong>verecundia</strong></span> <span class='ocrx_word' id='word_1_432' title='bbox 3389 2063 3643 2132; x_wconf 82' lang='lat' dir='ltr'><strong>deinceps</strong></span> <span class='ocrx_word' id='word_1_433' title='bbox 3677 2058 3831 2118; x_wconf 79' lang='lat' dir='ltr'><strong>affecti</strong></span> 
     </span>
    </p>
   </div>
   <div class='ocr_carea' id='block_1_65' title="bbox 2267 2150 3827 2224">
    <p class='ocr_par' dir='ltr' id='par_1_65' title="bbox 2267 2150 3827 2224">
     <span class='ocr_line' id='line_1_65' title="bbox 2267 2150 3827 2224; baseline 0.002 -21"><span class='ocrx_word' id='word_1_434' title='bbox 2267 2157 2416 2213; x_wconf 87' lang='lat' dir='ltr'><strong>sunt,</strong></span> <span class='ocrx_word' id='word_1_435' title='bbox 2467 2150 2614 2220; x_wconf 88' lang='lat' dir='ltr'><strong>quod</strong></span> <span class='ocrx_word' id='word_1_436' title='bbox 2657 2150 2862 2206; x_wconf 90' lang='lat' dir='ltr'><strong>scirent</strong></span> <span class='ocrx_word' id='word_1_437' title='bbox 2899 2151 3114 2221; x_wconf 82' lang='lat' dir='ltr'><strong>publica</strong></span> <span class='ocrx_word' id='word_1_438' title='bbox 3155 2168 3212 2208; x_wconf 91' lang='lat' dir='ltr'><strong>se</strong></span> <span class='ocrx_word' id='word_1_439' title='bbox 3258 2154 3577 2224; x_wconf 88' lang='lat' dir='ltr'><strong>ignominia,</strong></span> <span class='ocrx_word' id='word_1_440' title='bbox 3627 2171 3689 2210; x_wconf 81' lang='lat' dir='ltr'><strong>ac</strong></span> <span class='ocrx_word' id='word_1_441' title='bbox 3738 2167 3827 2209; x_wconf 85' lang='lat' dir='ltr'><strong>tam</strong></span> 
     </span>
    </p>
   </div>
   <div class='ocr_carea' id='block_1_66' title="bbox 2266 2232 3829 2301">
    <p class='ocr_par' dir='ltr' id='par_1_66' title="bbox 2266 2232 3829 2301">
     <span class='ocr_line' id='line_1_66' title="bbox 2266 2232 3829 2301; baseline 0.003 -6"><span class='ocrx_word' id='word_1_442' title='bbox 2266 2241 2527 2296; x_wconf 81' lang='lat' dir='ltr'><strong>diuturno</strong></span> <span class='ocrx_word' id='word_1_443' title='bbox 2571 2232 2817 2299; x_wconf 71' lang='lat' dir='ltr'><strong>cruciatu</strong></span> <span class='ocrx_word' id='word_1_444' title='bbox 2864 2245 3157 2300; x_wconf 86' lang='lat' dir='ltr'><strong>carituros.</strong></span> <span class='ocrx_word' id='word_1_445' title='bbox 3200 2243 3282 2299; x_wconf 82' lang='lat' dir='ltr'><strong>Ad</strong></span> <span class='ocrx_word' id='word_1_446' title='bbox 3325 2261 3446 2300; x_wconf 90' lang='lat' dir='ltr'><strong>eam</strong></span> <span class='ocrx_word' id='word_1_447' title='bbox 3503 2257 3733 2301; x_wconf 88' lang='lat' dir='ltr'><strong>mentem</strong></span> <span class='ocrx_word' id='word_1_448' title='bbox 3779 2262 3829 2299; x_wconf 87' lang='lat' dir='ltr'><strong>ac</strong></span> 
     </span>
    </p>
   </div>
   <div class='ocr_carea' id='block_1_67' title="bbox 2266 2327 3826 2409">
    <p class='ocr_par' dir='ltr' id='par_1_67' title="bbox 2266 2327 3826 2409">
     <span class='ocr_line' id='line_1_67' title="bbox 2266 2327 3826 2409; baseline 0.003 -21"><span class='ocrx_word' id='word_1_449' title='bbox 2266 2337 2592 2390; x_wconf 87' lang='lat' dir='ltr'><strong>sententiam</strong></span> <span class='ocrx_word' id='word_1_450' title='bbox 2624 2335 2782 2406; x_wconf 90' lang='lat' dir='ltr'><strong>dirigi</strong></span> <span class='ocrx_word' id='word_1_451' title='bbox 2813 2345 3060 2406; x_wconf 84' lang='lat' dir='ltr'><strong>possunt,</strong></span> <span class='ocrx_word' id='word_1_452' title='bbox 3097 2353 3219 2407; x_wconf 68' lang='lat' dir='ltr'><strong>qua:</strong></span> <span class='ocrx_word' id='word_1_453' title='bbox 3249 2350 3280 2393; x_wconf 89' lang='lat' dir='ltr'><strong>a</strong></span> <span class='ocrx_word' id='word_1_454' title='bbox 3305 2327 3696 2409; x_wconf 82' lang='lat' dir='ltr'><strong>Chrysostomo</strong></span> <span class='ocrx_word' id='word_1_455' title='bbox 3722 2347 3826 2394; x_wconf 90' lang='lat' dir='ltr'><strong>cum</strong></span> 
     </span>
    </p>
   </div>
   <div class='ocr_carea' id='block_1_68' title="bbox 2269 2426 3826 2498">
    <p class='ocr_par' dir='ltr' id='par_1_68' title="bbox 2269 2426 3826 2498">
     <span class='ocr_line' id='line_1_68' title="bbox 2269 2426 3826 2498; baseline 0.002 -20"><span class='ocrx_word' id='word_1_456' title='bbox 2269 2426 2396 2480; x_wconf 87' lang='lat' dir='ltr'><strong>aliis</strong></span> <span class='ocrx_word' id='word_1_457' title='bbox 2429 2426 2484 2480; x_wconf 93' lang='lat' dir='ltr'><strong>in</strong></span> <span class='ocrx_word' id='word_1_458' title='bbox 2524 2426 2680 2493; x_wconf 89' lang='lat' dir='ltr'><strong>locis,</strong></span> <span class='ocrx_word' id='word_1_459' title='bbox 2713 2437 2826 2482; x_wconf 90' lang='lat' dir='ltr'><strong>tutn</strong></span> <span class='ocrx_word' id='word_1_460' title='bbox 2859 2428 3012 2482; x_wconf 86' lang='lat' dir='ltr'><strong>hom.</strong></span> <span class='ocrx_word' id='word_1_461' title='bbox 3043 2427 3077 2481; x_wconf 89' lang='lat'><strong>5</strong></span> <span class='ocrx_word' id='word_1_462' title='bbox 3111 2427 3187 2482; x_wconf 84' lang='lat' dir='ltr'><strong>De</strong></span> <span class='ocrx_word' id='word_1_463' title='bbox 3225 2427 3482 2498; x_wconf 86' lang='lat' dir='ltr'><strong>incompr.</strong></span> <span class='ocrx_word' id='word_1_464' title='bbox 3509 2429 3604 2483; x_wconf 86' lang='lat' dir='ltr'><strong>Dei</strong></span> <span class='ocrx_word' id='word_1_465' title='bbox 3638 2441 3826 2490; x_wconf 84' lang='lat' dir='ltr'><strong>natura,</strong></span> 
     </span>
    </p>
   </div>
   <div class='ocr_carea' id='block_1_69' title="bbox 2266 2518 3824 2591">
    <p class='ocr_par' dir='ltr' id='par_1_69' title="bbox 2266 2518 3824 2591">
     <span class='ocr_line' id='line_1_69' title="bbox 2266 2518 3824 2591; baseline 0.003 -21"><span class='ocrx_word' id='word_1_466' title='bbox 2266 2531 2459 2586; x_wconf 90' lang='lat' dir='ltr'><strong>parum</strong></span> <span class='ocrx_word' id='word_1_467' title='bbox 2495 2518 2784 2572; x_wconf 83' lang='lat' dir='ltr'><strong>commode</strong></span> <span class='ocrx_word' id='word_1_468' title='bbox 2817 2519 2964 2573; x_wconf 89' lang='lat' dir='ltr'><strong>dicta</strong></span> <span class='ocrx_word' id='word_1_469' title='bbox 2993 2519 3263 2584; x_wconf 84' lang='lat' dir='ltr'><strong>videntur,</strong></span> <span class='ocrx_word' id='word_1_470' title='bbox 3307 2521 3398 2575; x_wconf 91' lang='lat' dir='ltr'><strong>ubi</strong></span> <span class='ocrx_word' id='word_1_471' title='bbox 3451 2531 3753 2591; x_wconf 87' lang='lat' dir='ltr'><strong>peccatores</strong></span> <span class='ocrx_word' id='word_1_472' title='bbox 3775 2537 3824 2576; x_wconf 81' lang='lat' dir='ltr'><strong>ea</strong></span> 
     </span>
    </p>
   </div>
   <div class='ocr_carea' id='block_1_70' title="bbox 2265 2609 3824 2682">
    <p class='ocr_par' dir='ltr' id='par_1_70' title="bbox 2265 2609 3824 2682">
     <span class='ocr_line' id='line_1_70' title="bbox 2265 2609 3824 2682; baseline 0.003 -20"><span class='ocrx_word' id='word_1_473' title='bbox 2265 2623 2324 2662; x_wconf 89' lang='lat' dir='ltr'><strong>se</strong></span> <span class='ocrx_word' id='word_1_474' title='bbox 2355 2609 2469 2678; x_wconf 85' lang='lat' dir='ltr'><strong>lege</strong></span> <span class='ocrx_word' id='word_1_475' title='bbox 2498 2619 2657 2681; x_wconf 91' lang='lat' dir='ltr'><strong>negat</strong></span> <span class='ocrx_word' id='word_1_476' title='bbox 2694 2610 3056 2682; x_wconf 82' lang='lat' dir='ltr'><strong>obstringere,</strong></span> <span class='ocrx_word' id='word_1_477' title='bbox 3087 2621 3148 2667; x_wconf 91' lang='lat' dir='ltr'><strong>ut</strong></span> <span class='ocrx_word' id='word_1_478' title='bbox 3178 2613 3512 2680; x_wconf 86' lang='lat' dir='ltr'><strong>horninibus,</strong></span> <span class='ocrx_word' id='word_1_479' title='bbox 3547 2618 3640 2670; x_wconf 85' lang='lat' dir='ltr'><strong>sed</strong></span> <span class='ocrx_word' id='word_1_480' title='bbox 3670 2627 3722 2670; x_wconf 93' lang='lat' dir='ltr'><strong>ut</strong></span> <span class='ocrx_word' id='word_1_481' title='bbox 3748 2617 3824 2669; x_wconf 89' lang='lat' dir='ltr'><strong>uni</strong></span> 
     </span>
    </p>
   </div>
   <div class='ocr_carea' id='block_1_71' title="bbox 2263 2699 3819 2780">
    <p class='ocr_par' dir='ltr' id='par_1_71' title="bbox 2263 2699 3819 2780">
     <span class='ocr_line' id='line_1_71' title="bbox 2263 2699 3819 2780; baseline 0.004 -26"><span class='ocrx_word' id='word_1_482' title='bbox 2263 2699 2528 2756; x_wconf 82' lang='lat' dir='ltr'><strong>duntaxat</strong></span> <span class='ocrx_word' id='word_1_483' title='bbox 2577 2701 2686 2756; x_wconf 90' lang='lat' dir='ltr'><strong>Deo</strong></span> <span class='ocrx_word' id='word_1_484' title='bbox 2734 2713 2956 2772; x_wconf 88' lang='lat' dir='ltr'><strong>peccata</strong></span> <span class='ocrx_word' id='word_1_485' title='bbox 3006 2702 3298 2758; x_wconf 88' lang='lat' dir='ltr'><strong>fateantur.</strong></span> <span class='ocrx_word' id='word_1_486' title='bbox 3342 2705 3442 2758; x_wconf 75' lang='grc' dir='ltr'><strong>Διὰ</strong></span> <span class='ocrx_word' id='word_1_487' title='bbox 3473 2706 3631 2760; x_wconf 74' lang='grc' dir='ltr'>τοῦτο</span> <span class='ocrx_word' id='word_1_488' title='bbox 3665 2724 3819 2780; x_wconf 76' lang='grc' dir='ltr'>παρε-</span> 
     </span>
    </p>
   </div>
   <div class='ocr_carea' id='block_1_72' title="bbox 2264 2787 3823 2865">
    <p class='ocr_par' dir='ltr' id='par_1_72' title="bbox 2264 2787 3823 2865">
     <span class='ocr_line' id='line_1_72' title="bbox 2264 2787 3823 2865; baseline 0.003 -23"><span class='ocrx_word' id='word_1_489' title='bbox 2264 2790 2434 2852; x_wconf 83' lang='grc' dir='ltr'>καλῶ,</span> <span class='ocrx_word' id='word_1_490' title='bbox 2469 2792 2562 2845; x_wconf 76' lang='grc' dir='ltr'><strong>καὶ</strong></span> <span class='ocrx_word' id='word_1_491' title='bbox 2596 2787 2810 2865; x_wconf 76' lang='grc' dir='ltr'>δέομαι,</span> <span class='ocrx_word' id='word_1_492' title='bbox 2857 2793 2952 2848; x_wconf 78' lang='grc' dir='ltr'><strong>καὶ</strong></span> <span class='ocrx_word' id='word_1_493' title='bbox 2985 2789 3252 2848; x_wconf 74' lang='grc' dir='ltr'><strong>ἀντιϐολῶ</strong></span> <span class='ocrx_word' id='word_1_494' title='bbox 3295 2794 3724 2865; x_wconf 70' lang='grc' dir='ltr'>ἐξομολογεῖσθαι</span> <span class='ocrx_word' id='word_1_495' title='bbox 3762 2797 3823 2864; x_wconf 81' lang='grc' dir='ltr'>τῷ</span> 
     </span>
    </p>
   </div>
   <div class='ocr_carea' id='block_1_73' title="bbox 2262 2883 3823 2960">
    <p class='ocr_par' dir='ltr' id='par_1_73' title="bbox 2262 2883 3823 2960">
     <span class='ocr_line' id='line_1_73' title="bbox 2262 2883 3823 2960; baseline 0.003 -25"><span class='ocrx_word' id='word_1_496' title='bbox 2262 2883 2382 2952; x_wconf 88' lang='grc' dir='ltr'><strong>Θεῷ</strong></span> <span class='ocrx_word' id='word_1_497' title='bbox 2415 2885 2668 2956; x_wconf 82' lang='grc' dir='ltr'><strong>συνεχῶς.</strong></span> <span class='ocrx_word' id='word_1_498' title='bbox 2713 2885 2848 2940; x_wconf 80' lang='grc' dir='ltr'><strong>Οὐδὲ</strong></span> <span class='ocrx_word' id='word_1_499' title='bbox 2883 2886 2993 2958; x_wconf 80' lang='grc' dir='ltr'><strong>γὰρ</strong></span> <span class='ocrx_word' id='word_1_500' title='bbox 3025 2888 3106 2950; x_wconf 77' lang='grc' dir='ltr'><strong>εἰς</strong></span> <span class='ocrx_word' id='word_1_501' title='bbox 3138 2887 3200 2940; x_wconf 85' lang='grc' dir='ltr'><strong>τὸ</strong></span> <span class='ocrx_word' id='word_1_502' title='bbox 3237 2887 3462 2960; x_wconf 74' lang='grc' dir='ltr'>θέατρόν</span> <span class='ocrx_word' id='word_1_503' title='bbox 3502 2906 3564 2942; x_wconf 85' lang='grc' dir='ltr'>σε</span> <span class='ocrx_word' id='word_1_504' title='bbox 3595 2890 3706 2957; x_wconf 80' lang='grc' dir='ltr'><strong>ἄγω</strong></span> <span class='ocrx_word' id='word_1_505' title='bbox 3733 2887 3823 2941; x_wconf 77' lang='grc' dir='ltr'><strong>τῶν</strong></span> 
     </span>
    </p>
   </div>
   <div class='ocr_carea' id='block_1_74' title="bbox 2265 2975 3820 3051">
    <p class='ocr_par' dir='ltr' id='par_1_74' title="bbox 2265 2975 3820 3051">
     <span class='ocr_line' id='line_1_74' title="bbox 2265 2975 3820 3051; baseline 0.005 -25"><span class='ocrx_word' id='word_1_506' title='bbox 2265 2975 2400 3040; x_wconf 83' lang='grc' dir='ltr'>σῶν,</span> <span class='ocrx_word' id='word_1_507' title='bbox 2434 2977 2556 3030; x_wconf 81' lang='grc' dir='ltr'><strong>οὐδὲ</strong></span> <span class='ocrx_word' id='word_1_508' title='bbox 2587 2976 2894 3048; x_wconf 69' lang='grc' dir='ltr'>ἐκκαλύψαι</span> <span class='ocrx_word' id='word_1_509' title='bbox 2939 2982 3051 3043; x_wconf 80' lang='grc' dir='ltr'>τοῖς</span> <span class='ocrx_word' id='word_1_510' title='bbox 3092 2978 3401 3051; x_wconf 78' lang='grc' dir='ltr'><strong>ἀνθρώποις</strong></span> <span class='ocrx_word' id='word_1_511' title='bbox 3445 2982 3730 3051; x_wconf 75' lang='grc' dir='ltr'><strong>ἀναγκάζω</strong></span> <span class='ocrx_word' id='word_1_512' title='bbox 3767 2984 3820 3033; x_wconf 64' lang='grc' dir='ltr'>τὰ</span> 
     </span>
    </p>
   </div>
   <div class='ocr_carea' id='block_1_75' title="bbox 2263 3067 3819 3147">
    <p class='ocr_par' dir='ltr' id='par_1_75' title="bbox 2263 3067 3819 3147">
     <span class='ocr_line' id='line_1_75' title="bbox 2263 3067 3819 3147; baseline 0.003 -27"><span class='ocrx_word' id='word_1_513' title='bbox 2263 3067 2636 3138; x_wconf 83' lang='grc' dir='ltr'>ἁμαρτήματα</span> <span class='ocrx_word' id='word_1_514' title='bbox 2655 3087 2668 3099; x_wconf 90' lang='grc'><strong>·</strong></span> <span class='ocrx_word' id='word_1_515' title='bbox 2699 3070 2759 3122; x_wconf 86' lang='grc' dir='ltr'><strong>τὸ</strong></span> <span class='ocrx_word' id='word_1_516' title='bbox 2804 3071 3041 3134; x_wconf 79' lang='grc' dir='ltr'><strong>συνειδὸς</strong></span> <span class='ocrx_word' id='word_1_517' title='bbox 3069 3071 3375 3138; x_wconf 66' lang='grc' dir='ltr'>ἀνάπτυξω</span> <span class='ocrx_word' id='word_1_518' title='bbox 3417 3073 3716 3147; x_wconf 76' lang='grc' dir='ltr'>ἔμπροσθεν</span> <span class='ocrx_word' id='word_1_519' title='bbox 3741 3073 3819 3126; x_wconf 79' lang='grc' dir='ltr'>τοῦ</span> 
     </span>
    </p>
   </div>
   <div class='ocr_carea' id='block_1_76' title="bbox 2262 3157 3818 3239">
    <p class='ocr_par' dir='ltr' id='par_1_76' title="bbox 2262 3157 3818 3239">
     <span class='ocr_line' id='line_1_76' title="bbox 2262 3157 3818 3239; baseline 0.005 -29"><span class='ocrx_word' id='word_1_520' title='bbox 2262 3157 2418 3222; x_wconf 77' lang='grc' dir='ltr'><strong>Θεοῦ,</strong></span> <span class='ocrx_word' id='word_1_521' title='bbox 2456 3160 2551 3212; x_wconf 73' lang='grc' dir='ltr'><strong>καὶ</strong></span> <span class='ocrx_word' id='word_1_522' title='bbox 2585 3161 2732 3232; x_wconf 79' lang='grc' dir='ltr'>αὑτῷ</span> <span class='ocrx_word' id='word_1_523' title='bbox 2757 3161 2929 3228; x_wconf 77' lang='grc' dir='ltr'>δεῖξον</span> <span class='ocrx_word' id='word_1_524' title='bbox 2961 3163 3029 3216; x_wconf 83' lang='grc' dir='ltr'>τὰ</span> <span class='ocrx_word' id='word_1_525' title='bbox 3061 3164 3370 3236; x_wconf 79' lang='grc' dir='ltr'>τραύματα,</span> <span class='ocrx_word' id='word_1_526' title='bbox 3401 3167 3493 3220; x_wconf 68' lang='grc' dir='ltr'><strong>καὶ⁵</strong></span> <span class='ocrx_word' id='word_1_527' title='bbox 3529 3170 3654 3239; x_wconf 81' lang='grc' dir='ltr'><strong>παρ’</strong></span> <span class='ocrx_word' id='word_1_528' title='bbox 3681 3164 3818 3220; x_wconf 66' lang='grc' dir='ltr'>αὑτοῦ</span> 
     </span>
    </p>
   </div>
   <div class='ocr_carea' id='block_1_77' title="bbox 2263 3250 3815 3326">
    <p class='ocr_par' dir='ltr' id='par_1_77' title="bbox 2263 3250 3815 3326">
     <span class='ocr_line' id='line_1_77' title="bbox 2263 3250 3815 3326; baseline 0.005 -24"><span class='ocrx_word' id='word_1_529' title='bbox 2263 3250 2331 3302; x_wconf 78' lang='grc' dir='ltr'>τὰ</span> <span class='ocrx_word' id='word_1_530' title='bbox 2356 3250 2626 3321; x_wconf 81' lang='grc' dir='ltr'>φάρμακα</span> <span class='ocrx_word' id='word_1_531' title='bbox 2676 3253 2918 3324; x_wconf 76' lang='grc' dir='ltr'>αἴτησον.</span> <span class='ocrx_word' id='word_1_532' title='bbox 2964 3253 3090 3308; x_wconf 81' lang='lat' dir='ltr'><strong>Non</strong></span> <span class='ocrx_word' id='word_1_533' title='bbox 3126 3265 3194 3319; x_wconf 84' lang='lat' dir='ltr'><strong>te,</strong></span> <span class='ocrx_word' id='word_1_534' title='bbox 3227 3257 3424 3326; x_wconf 87' lang='lat' dir='ltr'><strong>inquit,</strong></span> <span class='ocrx_word' id='word_1_535' title='bbox 3459 3259 3514 3311; x_wconf 88' lang='lat' dir='ltr'><strong>in</strong></span> <span class='ocrx_word' id='word_1_536' title='bbox 3549 3273 3743 3312; x_wconf 82' lang='lat' dir='ltr'><strong>scenam</strong></span> <span class='ocrx_word' id='word_1_537' title='bbox 3767 3273 3815 3311; x_wconf 83' lang='lat' dir='ltr'><strong>ac</strong></span> 
     </span>
    </p>
   </div>
   <div class='ocr_carea' id='block_1_78' title="bbox 2257 3351 3816 3421">
    <p class='ocr_par' dir='ltr' id='par_1_78' title="bbox 2257 3351 3816 3421">
     <span class='ocr_line' id='line_1_78' title="bbox 2257 3351 3816 3421; baseline 0.006 -27"><span class='ocrx_word' id='word_1_538' title='bbox 2257 3360 2621 3398; x_wconf 83' lang='lat' dir='ltr'><strong>conservorum</strong></span> <span class='ocrx_word' id='word_1_539' title='bbox 2645 3355 2853 3400; x_wconf 82' lang='lat' dir='ltr'><strong>tuorum</strong></span> <span class='ocrx_word' id='word_1_540' title='bbox 2884 3363 3184 3402; x_wconf 85' lang='lat' dir='ltr'><strong>consessum</strong></span> <span class='ocrx_word' id='word_1_541' title='bbox 3227 3352 3438 3419; x_wconf 85' lang='lat' dir='ltr'><strong>prodire</strong></span> <span class='ocrx_word' id='word_1_542' title='bbox 3461 3351 3656 3421; x_wconf 90' lang='lat' dir='ltr'><strong>jubeo,</strong></span> <span class='ocrx_word' id='word_1_543' title='bbox 3685 3367 3816 3421; x_wconf 72' lang='lat' dir='ltr'><strong>neque</strong></span> 
     </span>
    </p>
   </div>
   <div class='ocr_carea' id='block_1_79' title="bbox 2257 3433 3816 3508">
    <p class='ocr_par' dir='ltr' id='par_1_79' title="bbox 2257 3433 3816 3508">
     <span class='ocr_line' id='line_1_79' title="bbox 2257 3433 3816 3508; baseline 0.006 -23"><span class='ocrx_word' id='word_1_544' title='bbox 2257 3433 2554 3488; x_wconf 85' lang='lat' dir='ltr'><strong>hominibus</strong></span> <span class='ocrx_word' id='word_1_545' title='bbox 2577 3445 2792 3504; x_wconf 88' lang='lat' dir='ltr'><strong>peccata</strong></span> <span class='ocrx_word' id='word_1_546' title='bbox 2825 3447 2916 3490; x_wconf 91' lang='lat' dir='ltr'><strong>tua</strong></span> <span class='ocrx_word' id='word_1_547' title='bbox 2940 3440 3236 3508; x_wconf 84' lang='lat' dir='ltr'><strong>patefacere</strong></span> <span class='ocrx_word' id='word_1_548' title='bbox 3262 3458 3280 3494; x_wconf 92' lang='lat'><strong><em>:</em></strong></span> <span class='ocrx_word' id='word_1_549' title='bbox 3308 3443 3413 3494; x_wconf 83' lang='lat' dir='ltr'><strong>imo</strong></span> <span class='ocrx_word' id='word_1_550' title='bbox 3441 3458 3560 3496; x_wconf 77' lang='lat' dir='ltr'><strong>t&#39;ero</strong></span> <span class='ocrx_word' id='word_1_551' title='bbox 3584 3444 3816 3497; x_wconf 76' lang='lat' dir='ltr'><strong>conscien-</strong></span> 
     </span>
    </p>
   </div>
   <div class='ocr_carea' id='block_1_80' title="bbox 2257 3525 3809 3605">
    <p class='ocr_par' dir='ltr' id='par_1_80' title="bbox 2257 3525 3809 3605">
     <span class='ocr_line' id='line_1_80' title="bbox 2257 3525 3809 3605; baseline 0.006 -29"><span class='ocrx_word' id='word_1_552' title='bbox 2257 3525 2388 3577; x_wconf 87' lang='lat' dir='ltr'><strong>tiam</strong></span> <span class='ocrx_word' id='word_1_553' title='bbox 2413 3534 2556 3578; x_wconf 89' lang='lat' dir='ltr'><strong>tuam</strong></span> <span class='ocrx_word' id='word_1_554' title='bbox 2587 3543 2762 3580; x_wconf 86' lang='lat' dir='ltr'><strong>coram</strong></span> <span class='ocrx_word' id='word_1_555' title='bbox 2793 3527 2902 3582; x_wconf 88' lang='lat' dir='ltr'><strong>Deo</strong></span> <span class='ocrx_word' id='word_1_556' title='bbox 2929 3532 3096 3598; x_wconf 88' lang='lat' dir='ltr'><strong>aperi,</strong></span> <span class='ocrx_word' id='word_1_557' title='bbox 3155 3543 3260 3586; x_wconf 92' lang='lat' dir='ltr'><strong>etc.</strong></span> <span class='ocrx_word' id='word_1_558' title='bbox 3323 3531 3534 3588; x_wconf 85' lang='lat' dir='ltr'><strong>Etenim</strong></span> <span class='ocrx_word' id='word_1_559' title='bbox 3563 3536 3699 3605; x_wconf 88' lang='lat' dir='ltr'><strong>quod</strong></span> <span class='ocrx_word' id='word_1_560' title='bbox 3723 3543 3809 3588; x_wconf 90' lang='lat' dir='ltr'><strong>tum</strong></span> 
     </span>
    </p>
   </div>
   <div class='ocr_carea' id='block_1_81' title="bbox 2255 3617 3809 3697">
    <p class='ocr_par' dir='ltr' id='par_1_81' title="bbox 2255 3617 3809 3697">
     <span class='ocr_line' id='line_1_81' title="bbox 2255 3617 3809 3697; baseline 0.006 -27"><span class='ocrx_word' id='word_1_561' title='bbox 2255 3617 2588 3688; x_wconf 67' lang='lat' dir='ltr'><strong>paenitentiae</strong></span> <span class='ocrx_word' id='word_1_562' title='bbox 2614 3619 2840 3688; x_wconf 72' lang='lat' dir='ltr'><strong>publicae</strong></span> <span class='ocrx_word' id='word_1_563' title='bbox 2880 3637 3014 3678; x_wconf 91' lang='lat' dir='ltr'><strong>usus</strong></span> <span class='ocrx_word' id='word_1_564' title='bbox 3062 3623 3452 3690; x_wconf 87' lang='lat' dir='ltr'><strong>intercidisset,</strong></span> <span class='ocrx_word' id='word_1_565' title='bbox 3488 3641 3702 3697; x_wconf 85' lang='lat' dir='ltr'><strong>peccata</strong></span> <span class='ocrx_word' id='word_1_566' title='bbox 3735 3638 3809 3680; x_wconf 78' lang='lat' dir='ltr'><strong>c‘o-</strong></span> 
     </span>
    </p>
   </div>
   <div class='ocr_carea' id='block_1_82' title="bbox 2255 3710 3807 3783">
    <p class='ocr_par' dir='ltr' id='par_1_82' title="bbox 2255 3710 3807 3783">
     <span class='ocr_line' id='line_1_82' title="bbox 2255 3710 3807 3783; baseline 0.006 -22"><span class='ocrx_word' id='word_1_567' title='bbox 2255 3724 2372 3763; x_wconf 92' lang='lat' dir='ltr'><strong>ram</strong></span> <span class='ocrx_word' id='word_1_568' title='bbox 2401 3710 2715 3768; x_wconf 86' lang='lat' dir='ltr'><strong>hominihus</strong></span> <span class='ocrx_word' id='word_1_569' title='bbox 2742 3713 3006 3782; x_wconf 88' lang='lat' dir='ltr'><strong>publicari</strong></span> <span class='ocrx_word' id='word_1_570' title='bbox 3040 3715 3334 3783; x_wconf 89' lang='lat' dir='ltr'><strong>desierant,</strong></span> <span class='ocrx_word' id='word_1_571' title='bbox 3371 3719 3473 3773; x_wconf 82' lang='lat' dir='ltr'><strong>hnc</strong></span> <span class='ocrx_word' id='word_1_572' title='bbox 3506 3730 3594 3775; x_wconf 85' lang='lat' dir='ltr'><strong>est</strong></span> <span class='ocrx_word' id='word_1_573' title='bbox 3619 3727 3807 3774; x_wconf 79' lang='lat' dir='ltr'><strong>externo</strong></span> 
     </span>
    </p>
   </div>
   <div class='ocr_carea' id='block_1_83' title="bbox 2256 3803 3806 3878">
    <p class='ocr_par' dir='ltr' id='par_1_83' title="bbox 2256 3803 3806 3878">
     <span class='ocr_line' id='line_1_83' title="bbox 2256 3803 3806 3878; baseline 0.007 -21"><span class='ocrx_word' id='word_1_574' title='bbox 2256 3803 2347 3857; x_wconf 93' lang='lat' dir='ltr'><strong>illo</strong></span> <span class='ocrx_word' id='word_1_575' title='bbox 2377 3805 2630 3874; x_wconf 86' lang='lat' dir='ltr'><strong>squalore</strong></span> <span class='ocrx_word' id='word_1_576' title='bbox 2674 3821 2739 3860; x_wconf 91' lang='lat' dir='ltr'><strong>ac</strong></span> <span class='ocrx_word' id='word_1_577' title='bbox 2781 3809 3054 3874; x_wconf 89' lang='lat' dir='ltr'><strong>sordibus,</strong></span> <span class='ocrx_word' id='word_1_578' title='bbox 3093 3811 3298 3878; x_wconf 84' lang='lat' dir='ltr'><strong>cilicio,</strong></span> <span class='ocrx_word' id='word_1_579' title='bbox 3360 3813 3709 3876; x_wconf 87' lang='lat' dir='ltr'><strong>volutatione,</strong></span> <span class='ocrx_word' id='word_1_580' title='bbox 3744 3825 3806 3867; x_wconf 76' lang='lat' dir='ltr'><strong>re-</strong></span> 
     </span>
    </p>
   </div>
   <div class='ocr_carea' id='block_1_84' title="bbox 2255 3897 3802 3973">
    <p class='ocr_par' dir='ltr' id='par_1_84' title="bbox 2255 3897 3802 3973">
     <span class='ocr_line' id='line_1_84' title="bbox 2255 3897 3802 3973; baseline 0.003 -22"><span class='ocrx_word' id='word_1_581' title='bbox 2255 3897 2402 3967; x_wconf 90' lang='lat' dir='ltr'><strong>liqua</strong></span> <span class='ocrx_word' id='word_1_582' title='bbox 2430 3899 2579 3952; x_wconf 91' lang='lat' dir='ltr'><strong>omni</strong></span> <span class='ocrx_word' id='word_1_583' title='bbox 2610 3901 2864 3956; x_wconf 78' lang='lat' dir='ltr'><strong>mmroris</strong></span> <span class='ocrx_word' id='word_1_584' title='bbox 2902 3916 2967 3956; x_wconf 90' lang='lat' dir='ltr'><strong>ac</strong></span> <span class='ocrx_word' id='word_1_585' title='bbox 3007 3902 3188 3957; x_wconf 79' lang='lat' dir='ltr'><strong>luctus</strong></span> <span class='ocrx_word' id='word_1_586' title='bbox 3219 3904 3616 3973; x_wconf 81' lang='lat' dir='ltr'><strong>significatione</strong></span> <span class='ocrx_word' id='word_1_587' title='bbox 3643 3903 3802 3973; x_wconf 77' lang='lat' dir='ltr'><strong>detegi.</strong></span> 
     </span>
    </p>
   </div>
   <div class='ocr_carea' id='block_1_85' title="bbox 2253 3993 3803 4060">
    <p class='ocr_par' dir='ltr' id='par_1_85' title="bbox 2253 3993 3803 4060">
     <span class='ocr_line' id='line_1_85' title="bbox 2253 3993 3803 4060; baseline 0.004 -18"><span class='ocrx_word' id='word_1_588' title='bbox 2253 3995 2578 4060; x_wconf 75' lang='lat' dir='ltr'><strong>Quanquam</strong></span> <span class='ocrx_word' id='word_1_589' title='bbox 2640 3993 2809 4047; x_wconf 93' lang='lat' dir='ltr'><strong>multa</strong></span> <span class='ocrx_word' id='word_1_590' title='bbox 2871 4001 2998 4047; x_wconf 88' lang='lat' dir='ltr'><strong>sunt</strong></span> <span class='ocrx_word' id='word_1_591' title='bbox 3063 4009 3095 4048; x_wconf 91' lang='lat' dir='ltr'><strong>a</strong></span> <span class='ocrx_word' id='word_1_592' title='bbox 3143 3996 3505 4052; x_wconf 89' lang='lat' dir='ltr'><strong>sanctissimis</strong></span> <span class='ocrx_word' id='word_1_593' title='bbox 3556 3997 3803 4057; x_wconf 84' lang='lat' dir='ltr'><strong>Patribus,</strong></span> 
     </span>
    </p>
   </div>
   <div class='ocr_carea' id='block_1_86' title="bbox 2253 4081 3803 4158">
    <p class='ocr_par' dir='ltr' id='par_1_86' title="bbox 2253 4081 3803 4158">
     <span class='ocr_line' id='line_1_86' title="bbox 2253 4081 3803 4158; baseline 0.007 -26"><span class='ocrx_word' id='word_1_594' title='bbox 2253 4081 2664 4150; x_wconf 81' lang='lat' dir='ltr'><strong>praesertimque</strong></span> <span class='ocrx_word' id='word_1_595' title='bbox 2702 4097 2732 4136; x_wconf 89' lang='lat' dir='ltr'><strong>a</strong></span> <span class='ocrx_word' id='word_1_596' title='bbox 2759 4081 3154 4153; x_wconf 89' lang='lat' dir='ltr'><strong>Chrysostomo</strong></span> <span class='ocrx_word' id='word_1_597' title='bbox 3197 4085 3251 4138; x_wconf 92' lang='lat' dir='ltr'><strong>in</strong></span> <span class='ocrx_word' id='word_1_598' title='bbox 3298 4086 3542 4142; x_wconf 82' lang='lat' dir='ltr'><strong>homiliis</strong></span> <span class='ocrx_word' id='word_1_599' title='bbox 3581 4101 3803 4158; x_wconf 80' lang='lat' dir='ltr'><strong>aspersa:</strong></span> 
     </span>
    </p>
   </div>
   <div class='ocr_carea' id='block_1_87' title="bbox 2252 4172 3805 4248">
    <p class='ocr_par' dir='ltr' id='par_1_87' title="bbox 2252 4172 3805 4248">
     <span class='ocr_line' id='line_1_87' title="bbox 2252 4172 3805 4248; baseline 0.003 -25"><span class='ocrx_word' id='word_1_600' title='bbox 2252 4186 2374 4240; x_wconf 64' lang='lat' dir='ltr'><strong>quae</strong></span> <span class='ocrx_word' id='word_1_601' title='bbox 2413 4172 2456 4226; x_wconf 93' lang='lat' dir='ltr'><strong>si</strong></span> <span class='ocrx_word' id='word_1_602' title='bbox 2507 4173 2574 4227; x_wconf 92' lang='lat' dir='ltr'><strong>ad</strong></span> <span class='ocrx_word' id='word_1_603' title='bbox 2621 4182 2827 4229; x_wconf 66' lang='lat' dir='ltr'><strong>exactae</strong></span> <span class='ocrx_word' id='word_1_604' title='bbox 2855 4176 3106 4231; x_wconf 88' lang='lat' dir='ltr'><strong>veritatis</strong></span> <span class='ocrx_word' id='word_1_605' title='bbox 3153 4178 3397 4248; x_wconf 87' lang='lat' dir='ltr'><strong>regulam</strong></span> <span class='ocrx_word' id='word_1_606' title='bbox 3428 4179 3805 4236; x_wconf 77' lang='lat' dir='ltr'><strong>accommodare</strong></span> 
     </span>
    </p>
   </div>
   <div class='ocr_carea' id='block_1_88' title="bbox 2253 4263 3804 4342">
    <p class='ocr_par' dir='ltr' id='par_1_88' title="bbox 2253 4263 3804 4342">
     <span class='ocr_line' id='line_1_88' title="bbox 2253 4263 3804 4342; baseline 0.005 -26"><span class='ocrx_word' id='word_1_607' title='bbox 2253 4263 2512 4329; x_wconf 89' lang='lat' dir='ltr'><strong>volueris,</strong></span> <span class='ocrx_word' id='word_1_608' title='bbox 2565 4264 2693 4319; x_wconf 92' lang='lat' dir='ltr'><strong>boni</strong></span> <span class='ocrx_word' id='word_1_609' title='bbox 2748 4281 2944 4321; x_wconf 89' lang='lat' dir='ltr'><strong>sensus</strong></span> <span class='ocrx_word' id='word_1_610' title='bbox 2999 4267 3182 4322; x_wconf 85' lang='lat' dir='ltr'><strong>inania</strong></span> <span class='ocrx_word' id='word_1_611' title='bbox 3237 4269 3607 4326; x_wconf 91' lang='lat' dir='ltr'><strong>videbuntur:</strong></span> <span class='ocrx_word' id='word_1_612' title='bbox 3643 4270 3804 4342; x_wconf 76' lang='lat' dir='ltr'><strong>quippe</strong></span> 
     </span>
    </p>
   </div>
   <div class='ocr_carea' id='block_1_89' title="bbox 2251 4353 3802 4429">
    <p class='ocr_par' dir='ltr' id='par_1_89' title="bbox 2251 4353 3802 4429">
     <span class='ocr_line' id='line_1_89' title="bbox 2251 4353 3802 4429; baseline 0.004 -21"><span class='ocrx_word' id='word_1_613' title='bbox 2251 4353 2642 4409; x_wconf 81' lang='lat' dir='ltr'><strong>declamatorio</strong></span> <span class='ocrx_word' id='word_1_614' title='bbox 2681 4356 2772 4410; x_wconf 91' lang='lat' dir='ltr'><strong>illo</strong></span> <span class='ocrx_word' id='word_1_615' title='bbox 2801 4372 2951 4411; x_wconf 91' lang='lat' dir='ltr'><strong>more</strong></span> <span class='ocrx_word' id='word_1_616' title='bbox 2995 4358 3061 4412; x_wconf 90' lang='lat' dir='ltr'><strong>ad</strong></span> <span class='ocrx_word' id='word_1_617' title='bbox 3101 4359 3407 4429; x_wconf 90' lang='lat' dir='ltr'><strong>imperitam</strong></span> <span class='ocrx_word' id='word_1_618' title='bbox 3445 4361 3558 4418; x_wconf 89' lang='lat' dir='ltr'><strong>fere</strong></span> <span class='ocrx_word' id='word_1_619' title='bbox 3593 4362 3802 4418; x_wconf 86' lang='lat' dir='ltr'><strong>multitu-</strong></span> 
     </span>
    </p>
   </div>
   <div class='ocr_carea' id='block_1_90' title="bbox 2251 4443 3803 4524">
    <p class='ocr_par' dir='ltr' id='par_1_90' title="bbox 2251 4443 3803 4524">
     <span class='ocr_line' id='line_1_90' title="bbox 2251 4443 3803 4524; baseline 0.006 -27"><span class='ocrx_word' id='word_1_620' title='bbox 2251 4443 2456 4510; x_wconf 90' lang='lat' dir='ltr'><strong>dinem,</strong></span> <span class='ocrx_word' id='word_1_621' title='bbox 2490 4449 2850 4518; x_wconf 80' lang='lat' dir='ltr'><strong>exaggerandi</strong></span> <span class='ocrx_word' id='word_1_622' title='bbox 2897 4466 3088 4516; x_wconf 87' lang='lat' dir='ltr'><strong>causa,</strong></span> <span class='ocrx_word' id='word_1_623' title='bbox 3127 4461 3182 4506; x_wconf 78' lang='lat' dir='ltr'><strong>et</strong></span> <span class='ocrx_word' id='word_1_624' title='bbox 3234 4454 3420 4508; x_wconf 88' lang='lat' dir='ltr'><strong>subito</strong></span> <span class='ocrx_word' id='word_1_625' title='bbox 3453 4457 3687 4524; x_wconf 88' lang='lat' dir='ltr'><strong>quodam</strong></span> <span class='ocrx_word' id='word_1_626' title='bbox 3726 4454 3803 4507; x_wconf 87' lang='lat' dir='ltr'><strong>im-</strong></span> 
     </span>
    </p>
   </div>
   <div class='ocr_carea' id='block_1_91' title="bbox 567 4531 3801 4620">
    <p class='ocr_par' dir='ltr' id='par_1_91' title="bbox 567 4531 3801 4620">
     <span class='ocr_line' id='line_1_91' title="bbox 567 4531 3801 4620; baseline 0.003 -35"><span class='ocrx_word' id='word_1_627' title='bbox 567 4531 879 4599; x_wconf 88' lang='lat' dir='ltr'><strong>sacerdotis,</strong></span> <span class='ocrx_word' id='word_1_628' title='bbox 913 4541 1037 4585; x_wconf 86' lang='lat' dir='ltr'><strong>ante</strong></span> <span class='ocrx_word' id='word_1_629' title='bbox 1076 4532 1329 4601; x_wconf 72' lang='lat' dir='ltr'><strong>oﬁ&#39;ensam</strong></span> <span class='ocrx_word' id='word_1_630' title='bbox 1373 4533 1640 4603; x_wconf 87' lang='lat' dir='ltr'><strong>placatam</strong></span> <span class='ocrx_word' id='word_1_631' title='bbox 1679 4535 2004 4605; x_wconf 78' lang='lat' dir='ltr'><strong>indignantis</strong></span> <span class='ocrx_word' id='word_1_632' title='bbox 2040 4535 2144 4589; x_wconf 84' lang='lat' dir='ltr'><strong>Do-</strong></span> <span class='ocrx_word' id='word_1_633' title='bbox 2177 4559 2226 4620; x_wconf 72' lang='grc' dir='ltr'>ο</span> <span class='ocrx_word' id='word_1_634' title='bbox 2255 4543 2378 4604; x_wconf 91' lang='lat' dir='ltr'><strong>petu</strong></span> <span class='ocrx_word' id='word_1_635' title='bbox 2414 4536 2628 4591; x_wconf 90' lang='lat' dir='ltr'><strong>dicendi</strong></span> <span class='ocrx_word' id='word_1_636' title='bbox 2664 4553 2728 4592; x_wconf 90' lang='lat' dir='ltr'><strong>ac</strong></span> <span class='ocrx_word' id='word_1_637' title='bbox 2759 4538 2941 4594; x_wconf 89' lang='lat' dir='ltr'><strong>calore</strong></span> <span class='ocrx_word' id='word_1_638' title='bbox 2978 4540 3202 4610; x_wconf 89' lang='lat' dir='ltr'><strong>profusa</strong></span> <span class='ocrx_word' id='word_1_639' title='bbox 3238 4542 3489 4598; x_wconf 92' lang='lat' dir='ltr'><strong>feruntur</strong></span> <span class='ocrx_word' id='word_1_640' title='bbox 3516 4547 3801 4616; x_wconf 86' lang='lat' dir='ltr'><strong>plerumque</strong></span> 
     </span>
    </p>
   </div>
   <div class='ocr_carea' id='block_1_92' title="bbox 569 4625 2146 4698">
    <p class='ocr_par' dir='ltr' id='par_1_92' title="bbox 569 4625 2146 4698">
     <span class='ocr_line' id='line_1_92' title="bbox 569 4625 2146 4698; baseline 0.002 -21"><span class='ocrx_word' id='word_1_641' title='bbox 569 4625 701 4678; x_wconf 86' lang='lat' dir='ltr'><strong>mini</strong></span> <span class='ocrx_word' id='word_1_642' title='bbox 737 4633 786 4678; x_wconf 90' lang='lat' dir='ltr'><strong>et</strong></span> <span class='ocrx_word' id='word_1_643' title='bbox 817 4625 1088 4689; x_wconf 86' lang='lat' dir='ltr'><strong>minantis,</strong></span> <span class='ocrx_word' id='word_1_644' title='bbox 1124 4641 1304 4695; x_wconf 83' lang='lat' dir='ltr'><strong>pacem</strong></span> <span class='ocrx_word' id='word_1_645' title='bbox 1331 4635 1520 4695; x_wconf 89' lang='lat' dir='ltr'><strong>putant</strong></span> <span class='ocrx_word' id='word_1_646' title='bbox 1561 4642 1694 4692; x_wconf 88' lang='lat' dir='ltr'><strong>esse,</strong></span> <span class='ocrx_word' id='word_1_647' title='bbox 1739 4643 1899 4698; x_wconf 89' lang='lat' dir='ltr'><strong>quam</strong></span> <span class='ocrx_word' id='word_1_648' title='bbox 1936 4627 2146 4698; x_wconf 79' lang='lat' dir='ltr'><strong>quidem</strong></span> 
     </span>
    </p>
   </div>
   <div class='ocr_carea' id='block_1_93' title="bbox 563 4716 1361 4787">
    <p class='ocr_par' dir='ltr' id='par_1_93' title="bbox 563 4716 1361 4787">
     <span class='ocr_line' id='line_1_93' title="bbox 563 4716 1361 4787; baseline 0.001 -16"><span class='ocrx_word' id='word_1_649' title='bbox 563 4717 730 4776; x_wconf 65' lang='lat' dir='ltr'><strong>verbis</strong></span> <span class='ocrx_word' id='word_1_650' title='bbox 760 4716 1044 4787; x_wconf 76' lang='lat' dir='ltr'><strong>fallacibus</strong></span> <span class='ocrx_word' id='word_1_651' title='bbox 1074 4718 1361 4772; x_wconf 76' lang='lat' dir='ltr'><strong>venditant.</strong></span> 
     </span>
    </p>
   </div>
   <div class='ocr_carea' id='block_1_94' title="bbox 635 4805 2145 4886">
    <p class='ocr_par' dir='ltr' id='par_1_94' title="bbox 635 4805 2145 4886">
     <span class='ocr_line' id='line_1_94' title="bbox 635 4805 2145 4886; baseline 0.005 -24"><span class='ocrx_word' id='word_1_652' title='bbox 635 4805 788 4864; x_wconf 80' lang='lat' dir='ltr'><strong>lianc</strong></span> <span class='ocrx_word' id='word_1_653' title='bbox 819 4810 1150 4879; x_wconf 64' lang='lat' dir='ltr'><strong>poenitentiae</strong></span> <span class='ocrx_word' id='word_1_654' title='bbox 1196 4809 1426 4866; x_wconf 89' lang='lat' dir='ltr'><strong>formam</strong></span> <span class='ocrx_word' id='word_1_655' title='bbox 1471 4826 1594 4867; x_wconf 90' lang='lat' dir='ltr'><strong>cum</strong></span> <span class='ocrx_word' id='word_1_656' title='bbox 1639 4812 1878 4884; x_wconf 90' lang='lat' dir='ltr'><strong>episcopi</strong></span> <span class='ocrx_word' id='word_1_657' title='bbox 1914 4811 2145 4886; x_wconf 87' lang='lat' dir='ltr'><strong>diligen-</strong></span> 
     </span>
    </p>
   </div>
   <div class='ocr_carea' id='block_1_95' title="bbox 562 4899 2145 4977">
    <p class='ocr_par' dir='ltr' id='par_1_95' title="bbox 562 4899 2145 4977">
     <span class='ocr_line' id='line_1_95' title="bbox 562 4899 2145 4977; baseline 0.004 -22"><span class='ocrx_word' id='word_1_658' title='bbox 562 4906 648 4956; x_wconf 81' lang='lat' dir='ltr'><strong>ter</strong></span> <span class='ocrx_word' id='word_1_659' title='bbox 691 4899 1002 4971; x_wconf 80' lang='lat' dir='ltr'><strong>exigerent,</strong></span> <span class='ocrx_word' id='word_1_660' title='bbox 1051 4917 1151 4957; x_wconf 88' lang='lat' dir='ltr'><strong>nec</strong></span> <span class='ocrx_word' id='word_1_661' title='bbox 1199 4903 1299 4957; x_wconf 90' lang='lat' dir='ltr'><strong>nisi</strong></span> <span class='ocrx_word' id='word_1_662' title='bbox 1352 4902 1600 4958; x_wconf 87' lang='lat' dir='ltr'><strong>absoluta</strong></span> <span class='ocrx_word' id='word_1_663' title='bbox 1652 4906 1741 4960; x_wconf 88' lang='lat' dir='ltr'><strong>illa</strong></span> <span class='ocrx_word' id='word_1_664' title='bbox 1798 4905 2145 4977; x_wconf 85' lang='lat' dir='ltr'><strong>perfectaque</strong></span> 
     </span>
    </p>
   </div>
   <div class='ocr_carea' id='block_1_96' title="bbox 563 4992 2141 5068">
    <p class='ocr_par' dir='ltr' id='par_1_96' title="bbox 563 4992 2141 5068">
     <span class='ocr_line' id='line_1_96' title="bbox 563 4992 2141 5068; baseline 0.004 -22"><span class='ocrx_word' id='word_1_665' title='bbox 563 5006 893 5063; x_wconf 91' lang='lat' dir='ltr'><strong>quemquam</strong></span> <span class='ocrx_word' id='word_1_666' title='bbox 934 4992 1297 5061; x_wconf 90' lang='lat' dir='ltr'><strong>admitterent,</strong></span> <span class='ocrx_word' id='word_1_667' title='bbox 1328 4996 1504 5052; x_wconf 91' lang='lat' dir='ltr'><strong>ablata</strong></span> <span class='ocrx_word' id='word_1_668' title='bbox 1536 4997 2013 5068; x_wconf 87' lang='lat' dir='ltr'><strong>Constantinopoli</strong></span> <span class='ocrx_word' id='word_1_669' title='bbox 2038 5014 2141 5068; x_wconf 92' lang='lat' dir='ltr'><strong>pu-</strong></span> 
     </span>
    </p>
   </div>
   <div class='ocr_carea' id='block_1_97' title="bbox 561 5083 2144 5160">
    <p class='ocr_par' dir='ltr' id='par_1_97' title="bbox 561 5083 2144 5160">
     <span class='ocr_line' id='line_1_97' title="bbox 561 5083 2144 5160; baseline 0.001 -18"><span class='ocrx_word' id='word_1_670' title='bbox 561 5083 702 5142; x_wconf 83' lang='lat' dir='ltr'><strong>blica</strong></span> <span class='ocrx_word' id='word_1_671' title='bbox 750 5084 1101 5156; x_wconf 76' lang='lat' dir='ltr'><strong>ptenitentia,</strong></span> <span class='ocrx_word' id='word_1_672' title='bbox 1150 5086 1399 5156; x_wconf 88' lang='lat' dir='ltr'><strong>privatim</strong></span> <span class='ocrx_word' id='word_1_673' title='bbox 1449 5089 1746 5160; x_wconf 91' lang='lat' dir='ltr'><strong>unicuique</strong></span> <span class='ocrx_word' id='word_1_674' title='bbox 1799 5089 2144 5144; x_wconf 64' lang='lat' dir='ltr'><strong>moderanda:</strong></span> 
     </span>
    </p>
   </div>
   <div class='ocr_carea' id='block_1_98' title="bbox 562 5176 2142 5250">
    <p class='ocr_par' dir='ltr' id='par_1_98' title="bbox 562 5176 2142 5250">
     <span class='ocr_line' id='line_1_98' title="bbox 562 5176 2142 5250; baseline 0.003 -18"><span class='ocrx_word' id='word_1_675' title='bbox 562 5176 710 5234; x_wconf 86' lang='lat' dir='ltr'><strong>illius</strong></span> <span class='ocrx_word' id='word_1_676' title='bbox 751 5193 816 5233; x_wconf 90' lang='lat' dir='ltr'><strong>ac</strong></span> <span class='ocrx_word' id='word_1_677' title='bbox 860 5178 1215 5234; x_wconf 68' lang='lat' dir='ltr'><strong>terminandze</strong></span> <span class='ocrx_word' id='word_1_678' title='bbox 1260 5189 1502 5250; x_wconf 89' lang='lat' dir='ltr'><strong>potestas</strong></span> <span class='ocrx_word' id='word_1_679' title='bbox 1548 5191 1632 5237; x_wconf 92' lang='lat' dir='ltr'><strong>est</strong></span> <span class='ocrx_word' id='word_1_680' title='bbox 1674 5181 1852 5246; x_wconf 84' lang='lat' dir='ltr'><strong>facta;</strong></span> <span class='ocrx_word' id='word_1_681' title='bbox 1901 5197 2025 5237; x_wconf 93' lang='lat' dir='ltr'><strong>cum</strong></span> <span class='ocrx_word' id='word_1_682' title='bbox 2077 5197 2142 5237; x_wconf 89' lang='lat' dir='ltr'><strong>ea</strong></span> 
     </span>
    </p>
   </div>
   <div class='ocr_carea' id='block_1_99' title="bbox 567 5271 2142 5343">
    <p class='ocr_par' dir='ltr' id='par_1_99' title="bbox 567 5271 2142 5343">
     <span class='ocr_line' id='line_1_99' title="bbox 567 5271 2142 5343; baseline 0.001 -19"><span class='ocrx_word' id='word_1_683' title='bbox 567 5281 747 5325; x_wconf 89' lang='lat' dir='ltr'><strong>tamen</strong></span> <span class='ocrx_word' id='word_1_684' title='bbox 773 5271 1047 5338; x_wconf 90' lang='lat' dir='ltr'><strong>cautione,</strong></span> <span class='ocrx_word' id='word_1_685' title='bbox 1078 5282 1135 5326; x_wconf 92' lang='lat' dir='ltr'><strong>ut</strong></span> <span class='ocrx_word' id='word_1_686' title='bbox 1157 5272 1258 5327; x_wconf 94' lang='lat' dir='ltr'><strong>nisi</strong></span> <span class='ocrx_word' id='word_1_687' title='bbox 1284 5275 1384 5327; x_wconf 91' lang='lat' dir='ltr'><strong>rite</strong></span> <span class='ocrx_word' id='word_1_688' title='bbox 1413 5282 1463 5328; x_wconf 89' lang='lat' dir='ltr'><strong>et</strong></span> <span class='ocrx_word' id='word_1_689' title='bbox 1492 5289 1590 5343; x_wconf 87' lang='lat' dir='ltr'><strong>pro</strong></span> <span class='ocrx_word' id='word_1_690' title='bbox 1615 5273 1939 5328; x_wconf 89' lang='lat' dir='ltr'><strong>delictorum</strong></span> <span class='ocrx_word' id='word_1_691' title='bbox 1978 5272 2142 5326; x_wconf 91' lang='lat' dir='ltr'><strong>modo</strong></span> 
     </span>
    </p>
   </div>
   <div class='ocr_carea' id='block_1_100' title="bbox 563 5363 2137 5435">
    <p class='ocr_par' dir='ltr' id='par_1_100' title="bbox 563 5363 2137 5435">
     <span class='ocr_line' id='line_1_100' title="bbox 563 5363 2137 5435; baseline 0.003 -20"><span class='ocrx_word' id='word_1_692' title='bbox 563 5378 594 5415; x_wconf 85' lang='lat' dir='ltr'><strong>a</strong></span> <span class='ocrx_word' id='word_1_693' title='bbox 625 5363 805 5431; x_wconf 88' lang='lat' dir='ltr'><strong>seipso</strong></span> <span class='ocrx_word' id='word_1_694' title='bbox 836 5377 1026 5432; x_wconf 80' lang='lat' dir='ltr'><strong>ptenas</strong></span> <span class='ocrx_word' id='word_1_695' title='bbox 1071 5375 1354 5433; x_wconf 89' lang='lat' dir='ltr'><strong>repeteret,</strong></span> <span class='ocrx_word' id='word_1_696' title='bbox 1399 5365 1539 5434; x_wconf 89' lang='lat' dir='ltr'><strong>apud</strong></span> <span class='ocrx_word' id='word_1_697' title='bbox 1578 5363 1747 5419; x_wconf 87' lang='lat' dir='ltr'><strong>Deum</strong></span> <span class='ocrx_word' id='word_1_698' title='bbox 1796 5381 2137 5435; x_wconf 84' lang='lat' dir='ltr'><strong>nequaquam</strong></span> 
     </span>
    </p>
   </div>
   <div class='ocr_carea' id='block_1_101' title="bbox 561 5453 2137 5526">
    <p class='ocr_par' dir='ltr' id='par_1_101' title="bbox 561 5453 2137 5526">
     <span class='ocr_line' id='line_1_101' title="bbox 561 5453 2137 5526; baseline 0.005 -20"><span class='ocrx_word' id='word_1_699' title='bbox 561 5453 716 5522; x_wconf 82' lang='lat' dir='ltr'><strong>culpa</strong></span> <span class='ocrx_word' id='word_1_700' title='bbox 745 5462 970 5508; x_wconf 89' lang='lat' dir='ltr'><strong>careret.</strong></span> <span class='ocrx_word' id='word_1_701' title='bbox 1007 5453 1297 5524; x_wconf 83' lang='lat' dir='ltr'><strong>Aliquanto</strong></span> <span class='ocrx_word' id='word_1_702' title='bbox 1329 5455 1602 5511; x_wconf 80' lang='lat' dir='ltr'><strong>difﬁcilius</strong></span> <span class='ocrx_word' id='word_1_703' title='bbox 1636 5465 1737 5521; x_wconf 81' lang='lat' dir='ltr'><strong>est,</strong></span> <span class='ocrx_word' id='word_1_704' title='bbox 1779 5461 1924 5526; x_wconf 86' lang='lat' dir='ltr'><strong>quod</strong></span> <span class='ocrx_word' id='word_1_705' title='bbox 1961 5457 2137 5514; x_wconf 85' lang='lat' dir='ltr'><strong>Sozo-</strong></span> 
     </span>
    </p>
   </div>
   <div class='ocr_carea' id='block_1_102' title="bbox 560 5540 2140 5611">
    <p class='ocr_par' dir='ltr' id='par_1_102' title="bbox 560 5540 2140 5611">
     <span class='ocr_line' id='line_1_102' title="bbox 560 5540 2140 5611; baseline 0.006 -15"><span class='ocrx_word' id='word_1_706' title='bbox 560 5560 755 5598; x_wconf 92' lang='lat' dir='ltr'><strong>menus</strong></span> <span class='ocrx_word' id='word_1_707' title='bbox 787 5544 1021 5600; x_wconf 90' lang='lat' dir='ltr'><strong>disserit.</strong></span> <span class='ocrx_word' id='word_1_708' title='bbox 1058 5545 1312 5611; x_wconf 81' lang='lat' dir='ltr'><strong>Queritur</strong></span> <span class='ocrx_word' id='word_1_709' title='bbox 1338 5547 1482 5601; x_wconf 89' lang='lat' dir='ltr'><strong>enim</strong></span> <span class='ocrx_word' id='word_1_710' title='bbox 1521 5547 1623 5601; x_wconf 92' lang='lat' dir='ltr'><strong>hoc</strong></span> <span class='ocrx_word' id='word_1_711' title='bbox 1663 5547 1807 5601; x_wconf 91' lang='lat' dir='ltr'><strong>velut</strong></span> <span class='ocrx_word' id='word_1_712' title='bbox 1845 5540 2000 5603; x_wconf 82' lang='lat' dir='ltr'><strong>freno</strong></span> <span class='ocrx_word' id='word_1_713' title='bbox 2039 5549 2140 5605; x_wconf 89' lang='lat' dir='ltr'><strong>de-</strong></span> 
     </span>
    </p>
   </div>
   <div class='ocr_carea' id='block_1_103' title="bbox 565 5635 2138 5708">
    <p class='ocr_par' dir='ltr' id='par_1_103' title="bbox 565 5635 2138 5708">
     <span class='ocr_line' id='line_1_103' title="bbox 565 5635 2138 5708; baseline 0.005 -20"><span class='ocrx_word' id='word_1_714' title='bbox 565 5644 736 5690; x_wconf 88' lang='lat' dir='ltr'><strong>tracto</strong></span> <span class='ocrx_word' id='word_1_715' title='bbox 767 5635 1024 5704; x_wconf 88' lang='lat' dir='ltr'><strong>majorem</strong></span> <span class='ocrx_word' id='word_1_716' title='bbox 1051 5638 1117 5691; x_wconf 92' lang='lat' dir='ltr'><strong>ad</strong></span> <span class='ocrx_word' id='word_1_717' title='bbox 1157 5653 1318 5691; x_wconf 89' lang='lat' dir='ltr'><strong>omne</strong></span> <span class='ocrx_word' id='word_1_718' title='bbox 1352 5639 1530 5694; x_wconf 89' lang='lat' dir='ltr'><strong>scelus</strong></span> <span class='ocrx_word' id='word_1_719' title='bbox 1559 5639 1932 5708; x_wconf 90' lang='lat' dir='ltr'><strong>impunitatem</strong></span> <span class='ocrx_word' id='word_1_720' title='bbox 1970 5657 2035 5696; x_wconf 88' lang='lat' dir='ltr'><strong>ac</strong></span> <span class='ocrx_word' id='word_1_721' title='bbox 2071 5643 2138 5695; x_wconf 52' lang='lat' dir='ltr'><strong>li-</strong></span> 
     </span>
    </p>
   </div>
   <div class='ocr_carea' id='block_1_104' title="bbox 565 5729 2134 5804">
    <p class='ocr_par' dir='ltr' id='par_1_104' title="bbox 565 5729 2134 5804">
     <span class='ocr_line' id='line_1_104' title="bbox 565 5729 2134 5804; baseline 0.005 -25"><span class='ocrx_word' id='word_1_722' title='bbox 565 5729 792 5782; x_wconf 86' lang='lat' dir='ltr'><strong>centiam</strong></span> <span class='ocrx_word' id='word_1_723' title='bbox 822 5732 1113 5786; x_wconf 71' lang='lat' dir='ltr'><strong>exstitisse.</strong></span> <span class='ocrx_word' id='word_1_724' title='bbox 1133 5730 1285 5784; x_wconf 75' lang='grc' dir='ltr'><strong>Ἐπεὶ</strong></span> <span class='ocrx_word' id='word_1_725' title='bbox 1302 5731 1585 5804; x_wconf 79' lang='grc' dir='ltr'>πρότερον,</span> <span class='ocrx_word' id='word_1_726' title='bbox 1604 5731 1679 5795; x_wconf 80' lang='grc' dir='ltr'>ὡς</span> <span class='ocrx_word' id='word_1_727' title='bbox 1704 5732 1961 5804; x_wconf 72' lang='grc' dir='ltr'><strong>ἡγοῦμαι,</strong></span> <span class='ocrx_word' id='word_1_728' title='bbox 1997 5733 2134 5804; x_wconf 83' lang='grc' dir='ltr'><strong>μείω</strong></span> 
     </span>
    </p>
   </div>
   <div class='ocr_carea' id='block_1_105' title="bbox 556 5817 2136 5897">
    <p class='ocr_par' dir='ltr' id='par_1_105' title="bbox 556 5817 2136 5897">
     <span class='ocr_line' id='line_1_105' title="bbox 556 5817 2136 5897; baseline 0.008 -28"><span class='ocrx_word' id='word_1_729' title='bbox 556 5817 624 5869; x_wconf 79' lang='grc' dir='ltr'>τὰ</span> <span class='ocrx_word' id='word_1_730' title='bbox 662 5819 1030 5894; x_wconf 74' lang='grc' dir='ltr'>ἁμαρτήματα</span> <span class='ocrx_word' id='word_1_731' title='bbox 1061 5817 1149 5894; x_wconf 82' lang='grc' dir='ltr'><strong>ἦν,</strong></span> <span class='ocrx_word' id='word_1_732' title='bbox 1187 5821 1290 5876; x_wconf 82' lang='grc' dir='ltr'><strong>ὑπό</strong></span> <span class='ocrx_word' id='word_1_733' title='bbox 1327 5841 1384 5876; x_wconf 84' lang='grc' dir='ltr'><strong>τε</strong></span> <span class='ocrx_word' id='word_1_734' title='bbox 1421 5823 1601 5886; x_wconf 76' lang='grc' dir='ltr'><strong>αἰδοῦς</strong></span> <span class='ocrx_word' id='word_1_735' title='bbox 1639 5825 1746 5880; x_wconf 83' lang='grc' dir='ltr'><strong>τῶν</strong></span> <span class='ocrx_word' id='word_1_736' title='bbox 1789 5826 2136 5897; x_wconf 75' lang='grc' dir='ltr'><strong>ἐξαγγελλόν-</strong></span> 
     </span>
    </p>
   </div>
   <div class='ocr_carea' id='block_1_106' title="bbox 2251 4627 3799 4704">
    <p class='ocr_par' dir='ltr' id='par_1_106' title="bbox 2251 4627 3799 4704">
     <span class='ocr_line' id='line_1_106' title="bbox 2251 4627 3799 4704; baseline 0.005 -24"><span class='ocrx_word' id='word_1_737' title='bbox 2251 4627 2522 4683; x_wconf 89' lang='lat' dir='ltr'><strong>licentius.</strong></span> <span class='ocrx_word' id='word_1_738' title='bbox 2581 4627 2732 4684; x_wconf 90' lang='lat' dir='ltr'><strong>Unde</strong></span> <span class='ocrx_word' id='word_1_739' title='bbox 2781 4647 2847 4685; x_wconf 81' lang='lat' dir='ltr'><strong>ex</strong></span> <span class='ocrx_word' id='word_1_740' title='bbox 2881 4632 3110 4686; x_wconf 83' lang='lat' dir='ltr'><strong>aliorum</strong></span> <span class='ocrx_word' id='word_1_741' title='bbox 3149 4637 3557 4704; x_wconf 87' lang='lat' dir='ltr'><strong>comparatione</strong></span> <span class='ocrx_word' id='word_1_742' title='bbox 3593 4638 3799 4692; x_wconf 90' lang='lat' dir='ltr'><strong>locorum</strong></span> 
     </span>
    </p>
   </div>
   <div class='ocr_carea' id='block_1_107' title="bbox 2250 4719 3800 4799">
    <p class='ocr_par' dir='ltr' id='par_1_107' title="bbox 2250 4719 3800 4799">
     <span class='ocr_line' id='line_1_107' title="bbox 2250 4719 3800 4799; baseline 0.004 -25"><span class='ocrx_word' id='word_1_743' title='bbox 2250 4719 2336 4774; x_wconf 86' lang='lat' dir='ltr'><strong>vel</strong></span> <span class='ocrx_word' id='word_1_744' title='bbox 2363 4721 2723 4775; x_wconf 89' lang='lat' dir='ltr'><strong>conciliorum</strong></span> <span class='ocrx_word' id='word_1_745' title='bbox 2765 4725 2946 4793; x_wconf 92' lang='lat' dir='ltr'><strong>potius</strong></span> <span class='ocrx_word' id='word_1_746' title='bbox 2988 4741 3052 4779; x_wconf 91' lang='lat' dir='ltr'><strong>ac</strong></span> <span class='ocrx_word' id='word_1_747' title='bbox 3101 4724 3323 4780; x_wconf 88' lang='lat' dir='ltr'><strong>Patrum</strong></span> <span class='ocrx_word' id='word_1_748' title='bbox 3375 4731 3729 4799; x_wconf 87' lang='lat' dir='ltr'><strong>temperanda,</strong></span> <span class='ocrx_word' id='word_1_749' title='bbox 3761 4737 3800 4782; x_wconf 82' lang='lat' dir='ltr'><strong>et</strong></span> 
     </span>
    </p>
   </div>
   <div class='ocr_carea' id='block_1_108' title="bbox 2250 4805 3334 4880">
    <p class='ocr_par' dir='ltr' id='par_1_108' title="bbox 2250 4805 3334 4880">
     <span class='ocr_line' id='line_1_108' title="bbox 2250 4805 3334 4880; baseline 0.007 -18"><span class='ocrx_word' id='word_1_750' title='bbox 2250 4805 2304 4863; x_wconf 86' lang='lat' dir='ltr'><strong>in</strong></span> <span class='ocrx_word' id='word_1_751' title='bbox 2332 4824 2523 4880; x_wconf 88' lang='lat' dir='ltr'><strong>gyrum</strong></span> <span class='ocrx_word' id='word_1_752' title='bbox 2563 4813 2808 4867; x_wconf 89' lang='lat' dir='ltr'><strong>veritatis</strong></span> <span class='ocrx_word' id='word_1_753' title='bbox 2847 4815 3157 4869; x_wconf 86' lang='lat' dir='ltr'><strong>revocanda</strong></span> <span class='ocrx_word' id='word_1_754' title='bbox 3187 4826 3334 4870; x_wconf 92' lang='lat' dir='ltr'><strong>sunt.</strong></span> 
     </span>
    </p>
   </div>
   <div class='ocr_carea' id='block_1_109' title="bbox 2318 4901 3804 4981">
    <p class='ocr_par' dir='ltr' id='par_1_109' title="bbox 2318 4901 3804 4981">
     <span class='ocr_line' id='line_1_109' title="bbox 2318 4901 3804 4981; baseline 0.005 -27"><span class='ocrx_word' id='word_1_755' title='bbox 2318 4901 2482 4972; x_wconf 87' lang='lat' dir='ltr'><strong>Atqui</strong></span> <span class='ocrx_word' id='word_1_756' title='bbox 2508 4904 2794 4959; x_wconf 90' lang='lat' dir='ltr'><strong>innumera</strong></span> <span class='ocrx_word' id='word_1_757' title='bbox 2825 4915 2952 4960; x_wconf 90' lang='lat' dir='ltr'><strong>sunt</strong></span> <span class='ocrx_word' id='word_1_758' title='bbox 2984 4907 3327 4977; x_wconf 90' lang='lat' dir='ltr'><strong>antiquitatis</strong></span> <span class='ocrx_word' id='word_1_759' title='bbox 3355 4911 3688 4974; x_wconf 86' lang='lat' dir='ltr'><strong>testimonia,</strong></span> <span class='ocrx_word' id='word_1_760' title='bbox 3708 4924 3804 4981; x_wconf 73' lang='lat' dir='ltr'><strong>qua:</strong></span> 
     </span>
    </p>
   </div>
   <div class='ocr_carea' id='block_1_110' title="bbox 2247 4996 3801 5070">
    <p class='ocr_par' dir='ltr' id='par_1_110' title="bbox 2247 4996 3801 5070">
     <span class='ocr_line' id='line_1_110' title="bbox 2247 4996 3801 5070; baseline 0.003 -21"><span class='ocrx_word' id='word_1_761' title='bbox 2247 5004 2596 5064; x_wconf 89' lang='lat' dir='ltr'><strong>peccatorum</strong></span> <span class='ocrx_word' id='word_1_762' title='bbox 2631 4996 2984 5059; x_wconf 88' lang='lat' dir='ltr'><strong>confessioni,</strong></span> <span class='ocrx_word' id='word_1_763' title='bbox 3030 5007 3085 5052; x_wconf 89' lang='lat' dir='ltr'><strong>et</strong></span> <span class='ocrx_word' id='word_1_764' title='bbox 3119 4999 3337 5070; x_wconf 90' lang='lat' dir='ltr'><strong>quidem</strong></span> <span class='ocrx_word' id='word_1_765' title='bbox 3387 5011 3614 5059; x_wconf 64' lang='lat' dir='ltr'><strong>secretae</strong></span> <span class='ocrx_word' id='word_1_766' title='bbox 3647 5018 3706 5056; x_wconf 90' lang='lat' dir='ltr'><strong>ac</strong></span> <span class='ocrx_word' id='word_1_767' title='bbox 3737 5012 3801 5054; x_wconf 87' lang='lat' dir='ltr'><strong>ta-</strong></span> 
     </span>
    </p>
   </div>
   <div class='ocr_carea' id='block_1_111' title="bbox 2246 5088 3799 5163">
    <p class='ocr_par' dir='ltr' id='par_1_111' title="bbox 2246 5088 3799 5163">
     <span class='ocr_line' id='line_1_111' title="bbox 2246 5088 3799 5163; baseline 0.003 -22"><span class='ocrx_word' id='word_1_768' title='bbox 2246 5088 2386 5151; x_wconf 77' lang='lat' dir='ltr'><strong>citae,</strong></span> <span class='ocrx_word' id='word_1_769' title='bbox 2410 5089 2839 5144; x_wconf 86' lang='lat' dir='ltr'><strong>lueulentissirne</strong></span> <span class='ocrx_word' id='word_1_770' title='bbox 2864 5090 3233 5162; x_wconf 72' lang='lat' dir='ltr'><strong>suffragantur</strong></span> <span class='ocrx_word' id='word_1_771' title='bbox 3258 5111 3271 5146; x_wconf 88' lang='lat'>:</span> <span class='ocrx_word' id='word_1_772' title='bbox 3301 5109 3423 5163; x_wconf 71' lang='lat' dir='ltr'><strong>quae</strong></span> <span class='ocrx_word' id='word_1_773' title='bbox 3449 5110 3576 5149; x_wconf 92' lang='lat' dir='ltr'><strong>cum</strong></span> <span class='ocrx_word' id='word_1_774' title='bbox 3600 5096 3696 5151; x_wconf 86' lang='lat' dir='ltr'><strong>hac</strong></span> <span class='ocrx_word' id='word_1_775' title='bbox 3716 5107 3799 5147; x_wconf 76' lang='lat' dir='ltr'><strong>una</strong></span> 
     </span>
    </p>
   </div>
   <div class='ocr_carea' id='block_1_112' title="bbox 2245 5181 3799 5256">
    <p class='ocr_par' dir='ltr' id='par_1_112' title="bbox 2245 5181 3799 5256">
     <span class='ocr_line' id='line_1_112' title="bbox 2245 5181 3799 5256; baseline -0.001 -21"><span class='ocrx_word' id='word_1_776' title='bbox 2245 5181 2330 5236; x_wconf 89' lang='lat' dir='ltr'><strong>vel</strong></span> <span class='ocrx_word' id='word_1_777' title='bbox 2381 5181 2551 5236; x_wconf 87' lang='lat' dir='ltr'><strong>altera</strong></span> <span class='ocrx_word' id='word_1_778' title='bbox 2594 5181 2756 5251; x_wconf 88' lang='lat' dir='ltr'><strong>paulo</strong></span> <span class='ocrx_word' id='word_1_779' title='bbox 2791 5182 3111 5237; x_wconf 86' lang='lat' dir='ltr'><strong>obscuriore</strong></span> <span class='ocrx_word' id='word_1_780' title='bbox 3149 5183 3520 5256; x_wconf 88' lang='lat' dir='ltr'><strong>Chrysostom’i</strong></span> <span class='ocrx_word' id='word_1_781' title='bbox 3563 5185 3799 5242; x_wconf 81' lang='lat' dir='ltr'><strong>sententia</strong></span> 
     </span>
    </p>
   </div>
   <div class='ocr_carea' id='block_1_113' title="bbox 2245 5274 3798 5347">
    <p class='ocr_par' dir='ltr' id='par_1_113' title="bbox 2245 5274 3798 5347">
     <span class='ocr_line' id='line_1_113' title="bbox 2245 5274 3798 5347; baseline 0.001 -19"><span class='ocrx_word' id='word_1_782' title='bbox 2245 5275 2589 5345; x_wconf 90' lang='lat' dir='ltr'><strong>compensari</strong></span> <span class='ocrx_word' id='word_1_783' title='bbox 2622 5285 2870 5344; x_wconf 86' lang='lat' dir='ltr'><strong>possunt.</strong></span> <span class='ocrx_word' id='word_1_784' title='bbox 2896 5274 3052 5338; x_wconf 86' lang='lat' dir='ltr'><strong>Nam,</strong></span> <span class='ocrx_word' id='word_1_785' title='bbox 3091 5286 3146 5330; x_wconf 89' lang='lat' dir='ltr'><strong>ut</strong></span> <span class='ocrx_word' id='word_1_786' title='bbox 3183 5293 3284 5346; x_wconf 80' lang='lat' dir='ltr'><strong>ego</strong></span> <span class='ocrx_word' id='word_1_787' title='bbox 3307 5280 3496 5347; x_wconf 89' lang='lat' dir='ltr'><strong>paucis</strong></span> <span class='ocrx_word' id='word_1_788' title='bbox 3532 5280 3798 5338; x_wconf 76' lang='lat' dir='ltr'><strong>absolvam,</strong></span> 
     </span>
    </p>
   </div>
   <div class='ocr_carea' id='block_1_114' title="bbox 2244 5367 3800 5442">
    <p class='ocr_par' dir='ltr' id='par_1_114' title="bbox 2244 5367 3800 5442">
     <span class='ocr_line' id='line_1_114' title="bbox 2244 5367 3800 5442; baseline 0.001 -22"><span class='ocrx_word' id='word_1_789' title='bbox 2244 5383 2420 5437; x_wconf 91' lang='lat' dir='ltr'><strong>neque</strong></span> <span class='ocrx_word' id='word_1_790' title='bbox 2435 5368 2577 5422; x_wconf 92' lang='lat' dir='ltr'><strong>enim</strong></span> <span class='ocrx_word' id='word_1_791' title='bbox 2605 5368 2656 5422; x_wconf 92' lang='lat' dir='ltr'><strong>id</strong></span> <span class='ocrx_word' id='word_1_792' title='bbox 2681 5369 2842 5423; x_wconf 91' lang='lat' dir='ltr'><strong>modo</strong></span> <span class='ocrx_word' id='word_1_793' title='bbox 2865 5369 3080 5437; x_wconf 79' lang='lat' dir='ltr'><strong>agitur:</strong></span> <span class='ocrx_word' id='word_1_794' title='bbox 3105 5381 3456 5442; x_wconf 90' lang='lat' dir='ltr'><strong>quotcunque</strong></span> <span class='ocrx_word' id='word_1_795' title='bbox 3473 5384 3706 5428; x_wconf 88' lang='lat' dir='ltr'><strong>veterum</strong></span> <span class='ocrx_word' id='word_1_796' title='bbox 3726 5367 3800 5422; x_wconf 83' lang='lat' dir='ltr'><strong>Pa-</strong></span> 
     </span>
    </p>
   </div>
   <div class='ocr_carea' id='block_1_115' title="bbox 2245 5460 3800 5541">
    <p class='ocr_par' dir='ltr' id='par_1_115' title="bbox 2245 5460 3800 5541">
     <span class='ocr_line' id='line_1_115' title="bbox 2245 5460 3800 5541; baseline 0.003 -28"><span class='ocrx_word' id='word_1_797' title='bbox 2245 5469 2385 5514; x_wconf 89' lang='lat' dir='ltr'><strong>trum</strong></span> <span class='ocrx_word' id='word_1_798' title='bbox 2413 5460 2614 5532; x_wconf 88' lang='lat' dir='ltr'><strong>scripta</strong></span> <span class='ocrx_word' id='word_1_799' title='bbox 2659 5475 2807 5529; x_wconf 91' lang='lat' dir='ltr'><strong>sunt,</strong></span> <span class='ocrx_word' id='word_1_800' title='bbox 2849 5467 2931 5520; x_wconf 88' lang='lat' dir='ltr'><strong>vel</strong></span> <span class='ocrx_word' id='word_1_801' title='bbox 2976 5469 3332 5522; x_wconf 90' lang='lat' dir='ltr'><strong>conciliorum</strong></span> <span class='ocrx_word' id='word_1_802' title='bbox 3374 5469 3800 5541; x_wconf 87' lang='lat' dir='ltr'><strong>decreta,quibus</strong></span> 
     </span>
    </p>
   </div>
   <div class='ocr_carea' id='block_1_116' title="bbox 2241 5552 3799 5627">
    <p class='ocr_par' dir='ltr' id='par_1_116' title="bbox 2241 5552 3799 5627">
     <span class='ocr_line' id='line_1_116' title="bbox 2241 5552 3799 5627; baseline 0.007 -21"><span class='ocrx_word' id='word_1_803' title='bbox 2241 5552 2574 5620; x_wconf 68' lang='lat' dir='ltr'><strong>poenitentia:</strong></span> <span class='ocrx_word' id='word_1_804' title='bbox 2602 5555 2796 5613; x_wconf 89' lang='lat' dir='ltr'><strong>modus</strong></span> <span class='ocrx_word' id='word_1_805' title='bbox 2823 5558 3102 5627; x_wconf 88' lang='lat' dir='ltr'><strong>indicitur,</strong></span> <span class='ocrx_word' id='word_1_806' title='bbox 3125 5561 3346 5616; x_wconf 89' lang='lat' dir='ltr'><strong>totidem</strong></span> <span class='ocrx_word' id='word_1_807' title='bbox 3370 5562 3719 5619; x_wconf 87' lang='lat' dir='ltr'><strong>confessionis</strong></span> <span class='ocrx_word' id='word_1_808' title='bbox 3737 5574 3799 5612; x_wconf 85' lang='lat' dir='ltr'><strong>ar-</strong></span> 
     </span>
    </p>
   </div>
   <div class='ocr_carea' id='block_1_117' title="bbox 2239 5645 3798 5712">
    <p class='ocr_par' dir='ltr' id='par_1_117' title="bbox 2239 5645 3798 5712">
     <span class='ocr_line' id='line_1_117' title="bbox 2239 5645 3798 5712; baseline 0.006 -14"><span class='ocrx_word' id='word_1_809' title='bbox 2239 5659 2390 5700; x_wconf 64' lang='lat' dir='ltr'><strong>canae.</strong></span> <span class='ocrx_word' id='word_1_810' title='bbox 2423 5645 2764 5703; x_wconf 87' lang='lat' dir='ltr'><strong>firmamenta</strong></span> <span class='ocrx_word' id='word_1_811' title='bbox 2804 5667 2868 5706; x_wconf 90' lang='lat' dir='ltr'><strong>ac</strong></span> <span class='ocrx_word' id='word_1_812' title='bbox 2906 5653 3241 5709; x_wconf 90' lang='lat' dir='ltr'><strong>monimenta</strong></span> <span class='ocrx_word' id='word_1_813' title='bbox 3274 5657 3606 5712; x_wconf 69' lang='lat' dir='ltr'><strong>retinemus;</strong></span> <span class='ocrx_word' id='word_1_814' title='bbox 3628 5655 3798 5711; x_wconf 78' lang='lat' dir='ltr'><strong>Juhent</strong></span> 
     </span>
    </p>
   </div>
   <div class='ocr_carea' id='block_1_118' title="bbox 2239 5739 3797 5818">
    <p class='ocr_par' dir='ltr' id='par_1_118' title="bbox 2239 5739 3797 5818">
     <span class='ocr_line' id='line_1_118' title="bbox 2239 5739 3797 5818; baseline 0.007 -27"><span class='ocrx_word' id='word_1_815' title='bbox 2239 5739 2616 5810; x_wconf 87' lang='lat' dir='ltr'><strong>antiquissima</strong></span> <span class='ocrx_word' id='word_1_816' title='bbox 2642 5741 2862 5798; x_wconf 87' lang='lat' dir='ltr'><strong>Patrum</strong></span> <span class='ocrx_word' id='word_1_817' title='bbox 2887 5754 3049 5817; x_wconf 88' lang='lat' dir='ltr'><strong>atque</strong></span> <span class='ocrx_word' id='word_1_818' title='bbox 3073 5747 3329 5805; x_wconf 70' lang='lat' dir='ltr'><strong>Ecclesia:</strong></span> <span class='ocrx_word' id='word_1_819' title='bbox 3353 5751 3625 5812; x_wconf 87' lang='lat' dir='ltr'><strong>consulta,</strong></span> <span class='ocrx_word' id='word_1_820' title='bbox 3646 5751 3797 5818; x_wconf 85' lang='lat' dir='ltr'><strong>lapsos</strong></span> 
     </span>
    </p>
   </div>
   <div class='ocr_carea' id='block_1_119' title="bbox 2238 5839 3799 5910">
    <p class='ocr_par' dir='ltr' id='par_1_119' title="bbox 2238 5839 3799 5910">
     <span class='ocr_line' id='line_1_119' title="bbox 2238 5839 3799 5910; baseline 0.005 -25"><span class='ocrx_word' id='word_1_821' title='bbox 2238 5847 2335 5900; x_wconf 89' lang='lat' dir='ltr'><strong>pro</strong></span> <span class='ocrx_word' id='word_1_822' title='bbox 2353 5842 2698 5902; x_wconf 87' lang='lat' dir='ltr'><strong>peccatorum</strong></span> <span class='ocrx_word' id='word_1_823' title='bbox 2721 5839 2983 5909; x_wconf 80' lang='lat' dir='ltr'><strong>gravitate</strong></span> <span class='ocrx_word' id='word_1_824' title='bbox 3009 5840 3187 5910; x_wconf 89' lang='lat' dir='ltr'><strong>plecti,</strong></span> <span class='ocrx_word' id='word_1_825' title='bbox 3207 5841 3347 5898; x_wconf 83' lang='lat' dir='ltr'><strong>etab</strong></span> <span class='ocrx_word' id='word_1_826' title='bbox 3374 5843 3703 5899; x_wconf 85' lang='lat' dir='ltr'><strong>antistitibus</strong></span> <span class='ocrx_word' id='word_1_827' title='bbox 3723 5844 3799 5892; x_wconf 78' lang='lat' dir='ltr'><strong>aut</strong></span> 
     </span>
    </p>
   </div>
  </div>
