4054 6404
347 431 490 489 1057

1271 420 1360 475 DE
1395 414 1872 476 PlENlTENTlAﬁ
1904 412 2182 470 VETERE
2211 409 2613 467 DlSClPl.lN.\.

3469 401 3487 454 I
3502 401 3604 456 ("53

341 540 724 600 sacerdotibus
773 535 1071 610 paenitendi
1110 535 1254 606 leges
1295 549 1361 590 ac
1405 534 1750 590 conditiones
1781 530 1926 586 acci-
1955 547 2002 590 Α
2035 527 2431 596 Chrysostomo
2486 522 2710 577 minime
2760 526 3090 574 revocatam.
3141 516 3226 610 0b
3272 529 3366 570 eas
3409 530 3608 610 causas

345 651 496 708 pere,
528 643 610 700 ut,
639 648 828 688 eorum
869 646 1035 686 causa
1084 629 1301 700 cognita
1345 642 1408 683 ac
1449 625 1746 696 prudenter
1784 623 1930 678 aesti-

345 737 530 792 mata,
578 726 874 781 levioribus
923 725 1043 779 illos
1095 721 1502 795 gravioribusve
1546 718 1723 789 pmnis
1769 732 1928 773 coer-

347 825 528 875 ceant.
560 815 697 882 Quis
723 815 827 868 nisi
855 815 1081 868 insanus
1103 813 1260 867 aliter
1284 811 1334 864 id
1364 807 1735 865 administrari
1767 821 1932 876 posse

348 914 522 979 putet,
551 920 715 975 quam
756 904 801 958 si
837 910 1056 973 peccata
1103 917 1201 957 sua
1243 901 1332 956 ille
1368 901 1504 970 ipse,
1553 899 1645 968 qui
1687 897 1928 963 admisit,

346 999 634 1071 exponat?
673 996 1036 1052 Confessione
1071 995 1236 1065 igitur
1266 1009 1330 1049 ac
1351 991 1718 1048 declaratione
1747 991 1932 1061 aliqua

349 1101 492 1158 opus
521 1099 623 1141 εει.
654 1084 728 1138 Ea
769 1100 895 1139 vero
942 1085 1150 1154 privata
1193 1099 1257 1138 ac
1298 1082 1485 1145 tacita,
1516 1093 1576 1136 ut
1624 1082 1783 1136 hodie
1826 1089 1930 1146 est,

352 1179 429 1232 ita
459 1185 720 1248 perpetuo
757 1175 877 1242 luit,
919 1191 1024 1231 nec
1057 1176 1171 1230 ulla
1212 1190 1454 1245 unquam
1488 1174 1705 1243 publica
1737 1189 1837 1228 usu
1869 1189 1933 1228 ac

353 1271 601 1325 moribus
635 1269 890 1325 Ecclesiae
919 1279 1131 1339 recepta
1162 1287 1176 1324 :
1211 1268 1354 1338 quod
1387 1278 1663 1338 postremo
1694 1268 1813 1322 loco
1840 1267 1934 1322 de-

354 1363 770 1416 monstrandum
802 1363 1167 1432 suscepimus.

391 1468 648 1526 Fueritne
693 1472 956 1543 quondam
996 1472 1207 1542 publica
1247 1480 1580 1543 peccatorum
1639 1473 1898 1543 confessio

743 1541 1003 1598 Ecclesin
1033 1541 1266 1596 moribus
1310 1553 1536 1612 recepta.

425 1631 747 1688 inveteravit
767 1636 883 1690 haec
904 1635 1044 1706 apud
1084 1637 1518 1707 quamplurimos
1540 1637 1714 1692 astatis
1737 1647 1936 1692 nostrae

352 1726 655 1797 scriptores
675 1728 865 1798 opinio
891 1771 906 1794 ,
941 1728 1212 1796 publicam
1251 1741 1600 1797 peccatorum
1635 1729 1936 1785 confessio-

356 1832 481 1872 nem
508 1820 842 1889 paenitentiae
865 1832 1074 1890 partem
1101 1821 1270 1876 fuisse
1292 1861 1307 1885 ,
1334 1822 1691 1891 eamdemque
1716 1821 1937 1892 perinde

357 1917 423 1964 ut
451 1920 646 1966 caetera
688 1911 834 1965 illius
862 1911 1036 1967 ollicia
1076 1913 1353 1966 communi
1397 1928 1498 1968 usu
1545 1929 1609 1968 ac
1639 1922 1937 1968 consuetu-

363 2004 492 2059 dine
537 2015 831 2075 receptam.
875 2004 982 2059 Sed
1041 2005 1347 2073 cujusmodi
1377 2005 1594 2059 demum
1640 2021 1704 2060 ea
1753 2005 1936 2068 fuerit,

361 2096 672 2166 qtibusque
709 2096 929 2151 delinita
964 2106 1310 2166 peccatorum
1347 2098 1660 2168 generibus,
1694 2113 1800 2151 non
1843 2111 1938 2152 eo-

359 2190 484 2244 dem
521 2189 684 2244 modo
728 2190 1084 2259 pronuntiant
1114 2204 1323 2244 omnes.
1383 2189 1580 2252 Verum
1615 2189 1707 2243 alii
1741 2189 1939 2244 tolera-

362 2282 551 2345 bilem,
596 2281 686 2336 alii
719 2296 944 2352 prorsus
973 2280 1272 2336 absurdum
1307 2281 1456 2337 hunc
1484 2295 1728 2337 errorem
1769 2281 1942 2337 inter-

362 2373 670 2445 pretatione
701 2387 800 2428 sua
832 2371 1055 2426 faciunt.

434 2464 610 2520 Fuere
638 2465 730 2534 qui
784 2464 992 2517 nullum
1043 2473 1392 2532 peccatorum
1428 2477 1598 2533 genus
1641 2477 1672 2517 a
1715 2463 1943 2534 publicae

363 2556 483 2629 lege
511 2556 879 2612 confessionis
899 2556 1245 2625 exciperent,
1297 2570 1362 2610 ne
1409 2556 1623 2610 occulta
1679 2557 1936 2626 quidem:

365 2665 508 2719 quos
533 2649 915 2719 prudentiores
939 2647 1116 2702 caeteri
1146 2647 1343 2701 merito
1373 2647 1697 2717 rejiciendos
1722 2658 1936 2717 putant.

365 2741 473 2795 Alii
529 2740 742 2810 publica
784 2740 1048 2794 duntaxat
1095 2739 1362 2801 crimina,
1412 2739 1684 2809 vulgoque
1725 2740 1941 2810 cognita

367 2830 600 2902 publicae
649 2829 725 2884 illi
782 2829 1112 2899 professioni
1170 2829 1488 2898 subjiciunt.
1557 2831 1662 2882 Alii
1713 2832 1945 2901 denique

367 2931 518 2978 certa
541 2923 807 2977 duntaxat
827 2938 892 2976 ex
922 2922 1176 2976 omnibus
1207 2937 1236 2975 a
1263 2922 1599 2991 poenitentiae
1625 2923 1945 2992 praesidibus

367 3017 577 3071 delecta
611 3015 965 3070 contendunt.
1001 3014 1214 3071 Rursus
1245 3016 1416 3085 aliqui
1450 3017 1774 3085 pmnitentes
1797 3018 1945 3086 ipsos

370 3118 626 3163 asserunt
685 3107 738 3161 in
796 3108 1115 3163 concionem
1167 3108 1612 3177 productossua
1665 3109 1942 3179 propalam

2032 618 2257 676 dubium
2295 614 2499 669 nemini
2547 613 2672 678 fuit,
2707 611 2838 682 quin
2905 619 3103 680 praeter
3147 608 3416 679 privatam
3460 607 3608 661 illam

2033 722 2096 763 ac
2126 706 2443 778 legitimam,
2477 713 2530 758 et
2556 717 2683 757 vere
2723 700 3112 764 necessariam,
3140 698 3430 769 quaerenda
3465 709 3611 753 esset

2034 801 2206 855 altera
2276 797 2766 866 constituendaque
2825 793 3064 864 publica.
3117 791 3218 846 Cui
3277 790 3612 847 stabiliendae

2032 891 2449 961 asserendaaque
2487 888 2639 942 varia
2697 885 3047 956 postmodum
3095 884 3346 954 praesidia
3383 883 3613 954 conqui-

2033 984 2265 1045 sierunt,
2287 999 2352 1038 ex
2383 982 2746 1060 quorumdqm
2771 978 2996 1032 Patrum
3031 976 3474 1031 auctoritatibus:
3495 985 3608 1030 tum

2037 1089 2165 1128 vero
2194 1073 2645 1144 exhomologesin
2682 1072 2833 1126 illam
2865 1085 2931 1124 eo
2963 1077 3241 1122 traxerunt
3271 1087 3284 1123 :
3319 1068 3477 1139 cujus
3514 1085 3612 1124 an-

2035 1167 2257 1238 tiquitas
2303 1167 2484 1220 omnis
2544 1165 2858 1220 Christiana
2895 1175 3139 1232 persaepe
3175 1163 3440 1218 meminit.
3484 1161 3612 1219 Haec

2035 1257 2254 1312 illorum
2283 1257 2424 1311 ratio
2449 1255 2587 1321 fuit,
2626 1270 2811 1311 nostra
2844 1271 2974 1311 vero
3011 1266 3094 1312 est
3121 1256 3386 1328 ejusmodi
3421 1274 3434 1310 :
3470 1255 3608 1309 Cum

2035 1349 2103 1402 de
2144 1348 2339 1418 priscis
2389 1346 2646 1404 Ecclesiae
2698 1348 2897 1402 ritibus
2944 1349 3160 1417 agitur,
3218 1347 3356 1402 nihil
3411 1356 3613 1402 temere

2038 1458 2138 1497 nec
2177 1442 2386 1511 absque
2421 1451 2663 1497 veterum
2699 1443 3030 1512 scriptorum
3071 1443 3344 1513 expressis
3375 1442 3617 1496 testimo-

2037 1531 2145 1585 niis
2168 1529 2524 1586 alferendum.
2558 1529 2747 1600 Neque
2783 1530 2928 1585 enim
2961 1531 3013 1586 id
3043 1546 3212 1585 unum
3246 1531 3447 1585 intueri
3483 1531 3618 1586 satis

2036 1639 2178 1687 esse,
2207 1639 2369 1694 quam
2403 1634 2453 1679 te
2482 1623 2836 1694 probabiliter
2861 1639 2891 1678 e
2917 1623 3126 1693 laqueis
3164 1622 3481 1694 quaestionis
3515 1622 3618 1677 ali-

2039 1718 2201 1786 cujus
2252 1717 2511 1786 explices,
2543 1717 2687 1785 quod
2741 1718 2791 1770 in
2843 1717 3187 1772 scholasticis
3226 1715 3618 1770 controversiis

2043 1823 2146 1863 usu
2217 1808 2400 1872 venit;
2454 1808 2547 1862 sed
2599 1807 2960 1877 quodcunque
3006 1807 3224 1862 demum
3292 1804 3620 1876 antiquioris

2041 1903 2296 1958 Ecclesiae
2325 1903 2574 1958 moribus
2607 1902 2952 1972 ascripseris.
2975 1901 3138 1972 hujus
3168 1917 3232 1956 ex
3267 1901 3492 1956 historia
3523 1898 3621 1954 tibi

2039 1995 2322 2050 veritatem
2349 2010 2470 2051 esse
2495 1995 2881 2065 praestandam.
2914 1992 3036 2048 .lam
3069 2007 3202 2047 vero
3229 1993 3318 2047 hic
3363 1993 3452 2047 ille
3486 2006 3618 2046 con-

2041 2085 2294 2140 fessionis
2333 2085 2566 2156 publica;
2617 2100 2760 2149 mos,
2805 2099 2914 2155 quo
2948 2085 3014 2139 de
3051 2085 3263 2156 agitur,
3297 2099 3402 2137 non
3455 2081 3618 2137 modo

2042 2178 2274 2232 solidum
2310 2178 2472 2234 habet
2512 2179 2647 2232 nihil
2689 2187 2782 2232 aut
2811 2192 3131 2248 expressum
3162 2192 3226 2232 ex
3271 2176 3421 2232 omni
3458 2186 3616 2230 vetu-

2042 2271 2199 2325 statis
2227 2270 2511 2335 memoria,
2531 2284 2639 2340 quo
2670 2269 2807 2325 tueri
2830 2284 2950 2325 sese
2974 2269 3168 2339 possit,
3191 2271 3283 2324 sed
3311 2269 3498 2324 multis
3523 2283 3621 2322 va-

2041 2362 2437 2433 lidissimisque
2457 2362 2768 2418 rationibus
2785 2363 3066 2418 evertitur.
3093 2361 3198 2417 Sed
3218 2369 3484 2432 repugnat
3510 2376 3621 2430 prae

2041 2456 2254 2511 caeteris
2297 2455 2621 2526 gravissima
2650 2456 2710 2509 S.
2754 2456 2954 2512 Leonis
2984 2454 3316 2512 sanctissimi
3348 2453 3621 2524 pontiﬁcis

2043 2547 2358 2609 auctoritas,
2385 2548 2476 2618 qui
2502 2549 2642 2602 hanc
2660 2549 3088 2618 profitendorum
3117 2549 3331 2619 publice
3356 2549 3620 2603 scelerum

2043 2641 2497 2697 consuetudinem
2540 2651 2802 2712 tanquam
2833 2643 3146 2714 apostolicae
3183 2643 3383 2715 regulae
3410 2653 3632 2698 contra-

2046 2733 2184 2786 riam
2214 2733 2487 2803 improbat
2510 2734 2740 2804 epistola
2769 2734 2859 2800 80,
2896 2750 3019 2806 cap.
3047 2735 3102 2788 2.
3134 2736 3304 2805 Cujus
3340 2737 3501 2791 verba
3541 2737 3630 2789 hic

2045 2825 2268 2878 omnino
2297 2825 2655 2880 describenda
2679 2836 2806 2882 sunt
2835 2847 2849 2882 :
2875 2826 3061 2892 Illam,
3089 2829 3284 2898 inquit,
3317 2831 3478 2883 etiam
3503 2847 3629 2883 con-

2049 2927 2131 2970 tra
2158 2919 2504 2987 apostolicam
2528 2919 2762 2988 regulam
2787 2920 3270 2988 praesumptionem.
3288 2936 3446 2989 quam
3467 2937 3631 2990 nuper

2049 3010 2238 3080 agnovi
2287 3026 2321 3062 a
2368 3009 2922 3080 quibusdam_illicita
2970 3015 3314 3080 usurpatione
3350 3015 3632 3088 committi,

2051 3103 2221 3156 modis
2267 3102 2508 3156 omnibus
2549 3104 2814 3156 constituo
2860 3103 3155 3156 submoveri
3186 3104 3284 3173 (de
3326 3105 3636 3174 pwnitentia

370 3211 591 3272 peccata
655 3197 972 3263 confessos;
1027 3199 1140 3265 alii,
1189 3214 1298 3269 quo
1326 3201 1541 3253 illorum
1593 3202 1782 3268 pudori
1817 3217 1949 3256 con-
1979 3217 2022 3276 ο
2053 3195 2313 3262 videlicet,
2355 3212 2472 3266 qum
2499 3196 2579 3248 ita
2605 3211 2636 3248 a
2665 3195 2909 3264 ﬁdelibus
2933 3195 3300 3266 postulatur),
3329 3213 3391 3250 ne
3428 3197 3493 3250 de
3516 3198 3634 3250 sin-

372 3293 660 3357 sulerctur,
714 3307 808 3347 eas
861 3301 1042 3361 partes
1110 3291 1486 3346 sacerdotibus
1541 3292 1951 3348 demandandas

373 3394 654 3451 putarunt,
689 3386 783 3455 qui
827 3393 923 3438 aut
951 3387 1284 3447 memoriter,
1315 3391 1410 3438 aut
1439 3400 1504 3439 ex
1535 3385 1740 3454 scripto
1773 3387 1953 3456 ι)ωηὶ-

374 3479 603 3534 tentiam
632 3479 867 3533 erimina
907 3479 959 3532 in
988 3478 1248 3549 populum
1282 3477 1556 3533 allerrent.

447 3569 492 3623 A
545 3571 745 3642 quibus
792 3571 1048 3626 omnibus
1102 3569 1452 3626 vehementer
1499 3585 1601 3641 ego
1667 3573 1949 3630 dissentio.

373 3659 563 3732 Neque
615 3663 760 3716 enim
808 3661 1004 3717 adduci
1051 3677 1275 3732 possum
1311 3671 1369 3716 ut
1395 3663 1737 3732 existimem,
1781 3665 1951 3734 legem

378 3756 545 3810 ullam
591 3755 646 3810 in
682 3754 924 3811 Ecclesia
973 3754 1145 3810 fuisse
1193 3771 1434 3825 unquam
1481 3756 1784 3825 ejusmodi,
1835 3772 1957 3827 quae

379 3857 601 3918 peccata
645 3847 879 3918 proferri
932 3847 1148 3918 publice
1201 3848 1526 3903 decreverit.
1579 3847 1765 3903 Fuerit
1809 3850 1954 3904 enim

381 3940 655 3994 interdum
686 3939 908 4010 aliquis,
976 3940 1070 4010 qui
1113 3938 1445 3993 abundantia
1486 3941 1718 4010 quadam
1753 3939 1958 3997 doloris

382 4045 449 4086 ac
485 4031 701 4101 pietatis
728 4031 930 4086 delicta
964 4048 1063 4087 sua
1093 4047 1282 4087 coram
1313 4033 1569 4087 omnibus
1599 4033 1916 4102 exposuerit
1941 4051 1955 4088 :

381 4137 729 4192 nequaquam
783 4131 963 4177 tamen
1025 4123 1080 4178 id
1145 4123 1198 4177 in
1250 4123 1559 4192 exemplum
1610 4123 1960 4178 consuetudi~

385 4230 621 4285 nemque
667 4216 791 4285 jure
839 4223 1017 4284 potest
1057 4214 1364 4270 transferri.
1421 4214 1526 4270 Sed
1569 4223 1630 4269 ut
1683 4216 1858 4286 magis
1905 4217 1960 4270 in

385 4322 567 4363 arcem
596 4307 917 4377 quaestionis
963 4306 1112 4362 illius
1157 4309 1496 4372 involemus,
1535 4308 1822 4377 utriusque
1849 4324 1966 4362 mo-

388 4408 571 4453 menta
594 4399 766 4469 partis
788 4407 842 4453 et
866 4399 1108 4469 pondera
1135 4393 1421 4470 diligenter
1450 4399 1771 4454 aestimanda
1798 4408 1960 4465 sunt;

386 4493 655 4564 negantis,
691 4493 936 4562 inquam,
977 4505 1130 4552 meae.
1172 4499 1226 4546 et
1263 4489 1582 4545 allii-mantis
1612 4491 1856 4546 alterius.

2052 3287 2295 3358 gulorum
2325 3297 2662 3356 peccatorum
2688 3302 2890 3357 genere,
2926 3285 3118 3340 libellis
3150 3287 3352 3356 scripta
3381 3288 3636 3357 professio

2053 3380 2258 3450 publice
2295 3381 2565 3444 recitetur,
2597 3394 2714 3431 cum
2741 3387 2917 3431 reatus
2947 3379 3384 3432 conscientiarum
3414 3381 3640 3448 sufficiat

2054 3473 2183 3527 solis
2205 3471 2565 3526 sacerdotibus
2592 3469 2822 3524 indicari
2843 3471 3167 3540 confessione
3191 3482 3410 3526 secreta.
3442 3472 3641 3538 Quam-

2054 3565 2131 3619 vis
2159 3565 2300 3618 enim
2327 3563 2598 3634 plenitudo
2626 3563 2752 3633 ﬁdei
2777 3563 3019 3618 videatur
3042 3580 3153 3618 esse
3195 3563 3487 3629 laudanda,
3521 3583 3638 3637 qua:

2054 3665 2268 3726 propter
2316 3653 2417 3710 Dei
2457 3656 2699 3709 timorem
2739 3655 2881 3724 apud
2911 3655 3148 3710 homines
3191 3657 3491 3711 erubescere
3535 3675 3639 3712 non

2056 3761 2295 3816 veretur,
2346 3760 2522 3806 tamen
2563 3751 2689 3822 quia
2737 3767 2840 3803 non
2894 3752 3128 3805 omnium
3171 3751 3475 3820 huiusmodi
3513 3765 3638 3808 sunt

2055 3854 2306 3914 peccata,
2356 3854 2415 3898 ut
2459 3861 2554 3909 ea,
2600 3843 2756 3914 quw‘
2801 3845 3161 3913 paenitentiam
3213 3856 3434 3915 poscunt
3462 3887 3477 3910 ,
3536 3864 3642 3901 non

2061 3937 2280 3992 timeant
2305 3936 2597 4006 publicare,
2634 3946 2962 3990 removeatur
2989 3947 3100 3990 tam
3123 3937 3484 4005 improbabilis
3517 3955 3644 3993 con-

2058 4029 2305 4096 suetudo,
2340 4045 2402 4083 ne
2429 4029 2584 4083 multi
2617 4046 2649 4082 a
2685 4030 3004 4099 pmnitentite
3048 4029 3291 4083 remediis
3331 4040 3644 4096 arceantur,

2060 4123 2188 4176 dum
2218 4129 2311 4176 aut
2337 4121 2669 4187 erubescunt,
2701 4129 2795 4174 aut
2837 4131 3078 4175 metuunt
3107 4121 3341 4175 inimicis
3378 4139 3475 4175 sua
3499 4123 3644 4192 facta

2062 4215 2310 4281 reserari,
2343 4215 2532 4285 quibus
2559 4210 2763 4283 possint
2801 4213 2973 4284 legum
3002 4215 3375 4270 constitutione
3406 4216 3642 4284 percelli.

2065 4305 2264 4376 Sufficit
2289 4307 2428 4360 enim
2459 4305 2557 4359 illa
2579 4305 2841 4374 confessio
2862 4347 2876 4371 ,
2916 4321 3032 4376 qua:
3073 4307 3302 4376 primum
3348 4307 3457 4362 Deo
3487 4309 3646 4378 offer-

2067 4408 2188 4462 tur,
2235 4408 2346 4452 tum
2389 4398 2550 4452 etiam
2592 4399 2891 4465 sacerdoti,
2942 4400 3032 4470 qui
3081 4415 3176 4465 pra
3225 4400 3434 4456 delictis
3477 4405 3647 4470 paeni-

2067 4490 2288 4544 tentiam
2309 4499 2554 4559 precator
2568 4491 2793 4546 accedit.

458 4585 586 4641 Haec
616 4585 782 4656 igitur
823 4601 889 4640 ex
936 4583 1259 4639 Nectariana
1294 4584 1384 4639 illa
1433 4585 1662 4639 historia
1711 4593 1837 4638 nata
1871 4597 1968 4654 po—
1999 4582 2046 4637 D
2148 4578 2245 4636 His
2275 4581 2566 4636 verborum
2597 4583 3104 4656 sententiarumque
3144 4586 3466 4643 fulminibus
3496 4603 3648 4644 com-

390 4677 666 4733 tissimum
706 4677 940 4732 videtur.
979 4675 1154 4742 Quam
1192 4690 1317 4730 cum
1363 4674 1537 4730 nostri
1580 4675 1847 4730 acerrime
1895 4676 1964 4729 ab

380 4758 663 4825 haereticis
710 4769 909 4840 opponi
956 4776 1280 4831 cernerent,
1321 4782 1501 4837 neque
1549 4767 1716 4821 alium
1757 4768 1966 4822 exitum

390 4860 733 4916 difficultatis
770 4859 1028 4930 expedire
1079 4868 1340 4928 possent,
1388 4859 1667 4930 ingeniose
1713 4857 1858 4913 istud
1905 4873 1970 4913 ac

393 4953 624 5009 solerter
681 4951 1080 5020 excogitarunt.
1133 4949 1403 5005 Videbant
1450 4950 1596 5004 enim
1640 4949 1694 5004 id
1745 4950 1972 5005 omnino

393 5046 667 5100 sublatum
699 5059 730 5098 a
756 5041 1030 5110 Nectario,
1063 5042 1206 5099 unde
1243 5052 1392 5098 tanta
1425 5059 1484 5098 se
1514 5041 1729 5097 invidiae
1752 5041 1970 5097 llamma

394 5137 744 5194 concitasset.
793 5135 910 5192 Hoc
947 5147 1129 5190 autem
1171 5135 1303 5206 quid
1352 5135 1500 5190 aliud
1549 5150 1688 5200 esse,
1721 5151 1886 5204 quam
1920 5135 1974 5189 id

392 5245 461 5286 ex
486 5245 596 5301 quo
626 5239 888 5285 matrona:
912 5238 1184 5299 stuprum,
1217 5245 1282 5284 ac
1308 5230 1524 5284 diaconi
1557 5228 1822 5299 flagitium
1856 5244 1974 5282 ma-

396 5331 556 5377 narat
599 5321 654 5376 in
700 5321 1008 5391 populum?
1062 5319 1196 5375 Eam
1225 5335 1356 5376 vero
1390 5319 1577 5390 procul
1626 5320 1794 5374 dubio
1839 5335 1976 5374 con-

398 5413 694 5470 fessionem
727 5411 899 5468 fuisse
927 5431 941 5468 :
971 5413 1116 5482 quod
1150 5413 1222 5466 ita
1244 5411 1436 5467 Latine
1465 5413 1608 5482 apud
1645 5410 1930 5466 Socratem
1960 5429 1974 5465 :

401 5507 595 5562 Mulier
617 5507 826 5576 longius
855 5507 910 5559 in
939 5505 1234 5575 conﬁtendo
1264 5521 1563 5576 progressa.
1602 5503 1765 5559 Nefas
1794 5513 1977 5560 autem

399 5605 486 5652 est
511 5595 768 5650 arbitrari
801 5595 1066 5665 privatam
1111 5602 1166 5649 et
1217 5609 1244 5646 a
1279 5591 1534 5648 Nectario
1575 5589 1978 5646 confessionem

399 5690 694 5750 extortam,
729 5691 784 5738 et
814 5683 960 5753 quod
994 5691 1159 5752 caput
1205 5691 1314 5750 est,
1367 5683 1436 5736 ab
1471 5681 1616 5738 illius
1661 5694 1982 5737 successore

475 5838 496 5873 ⁸
534 5837 597 5893 F.
634 5839 754 5903 qui.

2067 4685 2311 4731 mentum
2342 4673 2474 4730 illud
2522 4675 2754 4744 publica;
2811 4676 3178 4736 confessionis
3229 4683 3559 4752 percellitur.
3592 4681 3650 4736 Si

2071 4768 2244 4833 enim,
2279 4783 2348 4822 ne
2387 4767 2695 4824 volentibus
2737 4769 2958 4839 quidem
3006 4780 3169 4842 atque
3213 4774 3356 4828 ultro
3403 4774 3654 4843 ﬂagitan-

2074 4859 2221 4914 tibus
2244 4859 2538 4913 criminum
2563 4859 2694 4926 reis,
2713 4861 2929 4930 publice
2957 4863 3061 4917 ista
3088 4865 3426 4933 pronuntiari
3459 4881 3654 4935 passus

2071 4959 2188 5013 est,
2222 4966 2455 5021 eamque
2485 4960 2672 5006 contra
2724 4953 3066 5009 traditionem
3119 4959 3468 5028 apostolicam
3517 4975 3656 5029 pra:-

2073 5046 2420 5113 sumptionem
2451 5060 2575 5102 esse
2601 5047 2821 5101 dellnit:
2850 5056 3006 5102 estne
3039 5061 3096 5103 ut
3123 5051 3378 5120 rejectum
3406 5067 3469 5106 ac
3501 5052 3656 5106 dam-

2076 5151 2268 5193 natum
2321 5137 2454 5192 tanti
2507 5138 2783 5209 pontificis
2829 5139 3039 5207 judicio
3089 5157 3296 5197 morem
3349 5143 3652 5214 legitimum

2079 5230 2375 5301 aliquando
2406 5230 2579 5286 fuisse
2607 5240 2883 5302 putemus,
2914 5242 2968 5288 et
2992 5235 3270 5288 communi
3299 5235 3368 5289 ab
3399 5237 3658 5292 omnibus

2079 5321 2342 5379 Ecclesiae
2373 5322 2497 5393 jure
2534 5325 2850 5379 servatum?
2880 5327 2949 5380 At
2980 5326 3122 5379 enim
3157 5326 3403 5397 plerique
3442 5327 3522 5382 sic
3570 5344 3655 5382 re-

2079 5416 2351 5485 Spondent
2379 5434 2392 5470 :
2425 5415 2660 5471 Leonem
2690 5417 2758 5472 de
2783 5419 3012 5472 occultis
3037 5419 3304 5473 duntaxat
3333 5419 3658 5476 criminibus

2079 5505 2267 5576 loqui,
2319 5521 2442 5577 quae
2484 5508 2700 5578 publice
2754 5510 3004 5564 confiteri
3044 5526 3205 5565 nemo
3249 5511 3516 5576 debuerit,
3550 5529 3659 5568 non

2081 5605 2263 5651 autem
2297 5597 2365 5653 de
2392 5599 2647 5669 publicis,
2683 5617 2804 5671 quae
2845 5603 3002 5658 unica
3035 5603 3266 5673 publica:
3296 5603 3661 5662 confessionis

2084 5701 2242 5760 seges
2285 5691 2514 5746 exstitit.
2551 5691 2908 5749 Commodius
2963 5694 3054 5750 isti
3104 5709 3270 5760 sane,
3300 5697 3396 5769 qui
3448 5698 3517 5755 ab
3559 5698 3663 5756 hae
