  <div class='ocr_page' id='page_1' title='image "/cluster/home/n/w/nwhite01/storage/ocr_20150623/42/nnc1.0046978682/559.png"; bbox 0 0 4054 6404; ppageno 0'>
   <div class='ocr_carea' id='block_1_1' title="bbox 497 321 3741 387">
    <p class='ocr_par' dir='ltr' id='par_1_1' title="bbox 497 321 3741 387">
     <span class='ocr_line' id='line_1_1' title="bbox 497 321 3741 387; baseline 0 -9"><span class='ocrx_word' id='word_1_1' title='bbox 497 325 637 380; x_wconf 64' lang='lat' dir='ltr'><strong>illi?)</strong></span> <span class='ocrx_word' id='word_1_2' title='bbox 1583 324 1925 380; x_wconf 65' lang='lat' dir='ltr'><strong>APPENDIX</strong></span> <span class='ocrx_word' id='word_1_3' title='bbox 1970 321 2607 387; x_wconf 65' lang='lat' dir='ltr'><strong>DISSERTATIONUM.</strong></span> <span class='ocrx_word' id='word_1_4' title='bbox 3617 325 3741 379; x_wconf 69' lang='grc' dir='ltr'><strong>1ομ</strong></span> 
     </span>
    </p>
   </div>
   <div class='ocr_carea' id='block_1_2' title="bbox 497 437 2098 512">
    <p class='ocr_par' dir='ltr' id='par_1_2' title="bbox 497 438 2080 510">
     <span class='ocr_line' id='line_1_2' title="bbox 497 438 2080 510; baseline 0.001 -18"><span class='ocrx_word' id='word_1_5' title='bbox 497 440 592 494; x_wconf 76' lang='lat' dir='ltr'><strong>lib.</strong></span> <span class='ocrx_word' id='word_1_6' title='bbox 628 454 702 494; x_wconf 83' lang='lat' dir='ltr'><strong>vn</strong></span> <span class='ocrx_word' id='word_1_7' title='bbox 727 476 743 502; x_wconf 91' lang='lat'><strong>,</strong></span> <span class='ocrx_word' id='word_1_8' title='bbox 772 454 892 508; x_wconf 87' lang='lat' dir='ltr'><strong>cap.</strong></span> <span class='ocrx_word' id='word_1_9' title='bbox 928 438 994 493; x_wconf 82' lang='grc'><strong>16</strong></span> <span class='ocrx_word' id='word_1_10' title='bbox 1019 477 1034 501; x_wconf 91' lang='grc'><em>,</em></span> <span class='ocrx_word' id='word_1_11' title='bbox 1067 438 1158 493; x_wconf 94' lang='lat' dir='ltr'><strong>ubi</strong></span> <span class='ocrx_word' id='word_1_12' title='bbox 1204 440 1538 506; x_wconf 66' lang='lat' dir='ltr'><strong>pmuitentiaa</strong></span> <span class='ocrx_word' id='word_1_13' title='bbox 1591 440 1883 495; x_wconf 80' lang='lat' dir='ltr'><strong>formulam</strong></span> <span class='ocrx_word' id='word_1_14' title='bbox 1921 455 2080 510; x_wconf 89' lang='lat' dir='ltr'><strong>expo-</strong></span> 
     </span>
    </p>
   </div>
   <div class='ocr_carea' id='block_1_3' title="bbox 2144 437 3745 512">
    <p class='ocr_par' dir='ltr' id='par_1_3' title="bbox 2144 437 3745 512">
     <span class='ocr_line' id='line_1_3' title="bbox 2144 437 3745 512; baseline -0.002 -17"><span class='ocrx_word' id='word_1_15' title='bbox 2144 469 2152 495; x_wconf 85' lang='grc'><strong>1</strong></span> <span class='ocrx_word' id='word_1_16' title='bbox 2188 442 2472 512; x_wconf 75' lang='grc' dir='ltr'><strong>μετανοίᾳ.</strong></span> <span class='ocrx_word' id='word_1_17' title='bbox 2509 441 2740 498; x_wconf 67' lang='lat' dir='ltr'><strong>Verbum</strong></span> <span class='ocrx_word' id='word_1_18' title='bbox 2774 441 2867 494; x_wconf 79' lang='grc' dir='ltr'><strong>τοῦ</strong></span> <span class='ocrx_word' id='word_1_19' title='bbox 2910 440 3169 503; x_wconf 76' lang='grc' dir='ltr'><strong>ἀπολύειν</strong></span> <span class='ocrx_word' id='word_1_20' title='bbox 3209 439 3446 504; x_wconf 81' lang='lat' dir='ltr'><strong>missam,</strong></span> <span class='ocrx_word' id='word_1_21' title='bbox 3482 437 3594 493; x_wconf 88' lang='lat' dir='ltr'><strong>sive</strong></span> <span class='ocrx_word' id='word_1_22' title='bbox 3628 437 3745 492; x_wconf 82' lang='lat' dir='ltr'><strong>mis-</strong></span> 
     </span>
    </p>
   </div>
   <div class='ocr_carea' id='block_1_4' title="bbox 498 529 3746 606">
    <p class='ocr_par' dir='ltr' id='par_1_4' title="bbox 498 529 3746 606">
     <span class='ocr_line' id='line_1_4' title="bbox 498 529 3746 606; baseline 0 -22"><span class='ocrx_word' id='word_1_23' title='bbox 498 532 600 593; x_wconf 87' lang='lat' dir='ltr'><strong>nit,</strong></span> <span class='ocrx_word' id='word_1_24' title='bbox 633 546 754 598; x_wconf 73' lang='lat' dir='ltr'><strong>qua:</strong></span> <span class='ocrx_word' id='word_1_25' title='bbox 784 529 1258 598; x_wconf 75' lang='lat' dir='ltr'><strong>Constantinopoli</strong></span> <span class='ocrx_word' id='word_1_26' title='bbox 1290 529 1548 601; x_wconf 81' lang='lat' dir='ltr'><strong>abrogata</strong></span> <span class='ocrx_word' id='word_1_27' title='bbox 1593 530 1781 586; x_wconf 61' lang='lat' dir='ltr'><strong>Roma;</strong></span> <span class='ocrx_word' id='word_1_28' title='bbox 1813 539 2074 601; x_wconf 86' lang='lat' dir='ltr'><strong>perpetuo</strong></span> <span class='ocrx_word' id='word_1_29' title='bbox 2182 534 2381 590; x_wconf 84' lang='lat' dir='ltr'><strong>sionem</strong></span> <span class='ocrx_word' id='word_1_30' title='bbox 2414 535 2683 606; x_wconf 73' lang='lat' dir='ltr'><strong>significat</strong></span> <span class='ocrx_word' id='word_1_31' title='bbox 2704 577 2719 601; x_wconf 93' lang='lat'><strong>,</strong></span> <span class='ocrx_word' id='word_1_32' title='bbox 2754 543 2815 590; x_wconf 91' lang='lat' dir='ltr'><strong>ut</strong></span> <span class='ocrx_word' id='word_1_33' title='bbox 2847 536 2903 590; x_wconf 92' lang='lat' dir='ltr'><strong>in</strong></span> <span class='ocrx_word' id='word_1_34' title='bbox 2926 534 3282 605; x_wconf 79' lang='lat' dir='ltr'><strong>Expositione</strong></span> <span class='ocrx_word' id='word_1_35' title='bbox 3312 531 3446 592; x_wconf 84' lang='lat' dir='ltr'><strong>tidei</strong></span> <span class='ocrx_word' id='word_1_36' title='bbox 3476 529 3746 586; x_wconf 70' lang='lat' dir='ltr'><strong>catholicae</strong></span> 
     </span>
    </p>
   </div>
   <div class='ocr_carea' id='block_1_5' title="bbox 498 619 3746 694">
    <p class='ocr_par' dir='ltr' id='par_1_5' title="bbox 498 619 3746 694">
     <span class='ocr_line' id='line_1_5' title="bbox 498 619 3746 694; baseline -0.001 -18"><span class='ocrx_word' id='word_1_37' title='bbox 498 623 722 677; x_wconf 85' lang='lat' dir='ltr'><strong>mansit.</strong></span> <span class='ocrx_word' id='word_1_38' title='bbox 771 621 889 687; x_wconf 87' lang='lat' dir='ltr'><strong>Qua</strong></span> <span class='ocrx_word' id='word_1_39' title='bbox 958 621 1010 674; x_wconf 89' lang='lat' dir='ltr'><strong>in</strong></span> <span class='ocrx_word' id='word_1_40' title='bbox 1067 619 1358 675; x_wconf 86' lang='lat' dir='ltr'><strong>Sozomcni</strong></span> <span class='ocrx_word' id='word_1_41' title='bbox 1414 624 1784 693; x_wconf 86' lang='lat' dir='ltr'><strong>descriptione</strong></span> <span class='ocrx_word' id='word_1_42' title='bbox 1837 622 2073 693; x_wconf 92' lang='lat' dir='ltr'><strong>plurima</strong></span> <span class='ocrx_word' id='word_1_43' title='bbox 2183 623 2238 676; x_wconf 90' lang='lat' dir='ltr'><strong>in</strong></span> <span class='ocrx_word' id='word_1_44' title='bbox 2268 623 2374 680; x_wconf 82' lang='lat' dir='ltr'><strong>line</strong></span> <span class='ocrx_word' id='word_1_45' title='bbox 2400 625 2581 694; x_wconf 87' lang='lat' dir='ltr'><strong>operis</strong></span> <span class='ocrx_word' id='word_1_46' title='bbox 2607 625 2769 694; x_wconf 86' lang='lat' dir='ltr'><strong>hujus</strong></span> <span class='ocrx_word' id='word_1_47' title='bbox 2792 625 3115 682; x_wconf 84' lang='lat' dir='ltr'><strong>videbimus.</strong></span> <span class='ocrx_word' id='word_1_48' title='bbox 3153 620 3543 679; x_wconf 68' lang='lat' dir='ltr'><strong>Pmnitentium</strong></span> <span class='ocrx_word' id='word_1_49' title='bbox 3575 621 3746 689; x_wconf 81' lang='lat' dir='ltr'><strong>itaque</strong></span> 
     </span>
    </p>
   </div>
   <div class='ocr_carea' id='block_1_6' title="bbox 497 713 3744 787">
    <p class='ocr_par' dir='ltr' id='par_1_6' title="bbox 497 713 3744 787">
     <span class='ocr_line' id='line_1_6' title="bbox 497 713 3744 787; baseline -0.001 -16"><span class='ocrx_word' id='word_1_50' title='bbox 497 725 659 780; x_wconf 89' lang='lat' dir='ltr'><strong>sunt,</strong></span> <span class='ocrx_word' id='word_1_51' title='bbox 695 730 812 784; x_wconf 75' lang='lat' dir='ltr'><strong>qua:</strong></span> <span class='ocrx_word' id='word_1_52' title='bbox 846 715 912 768; x_wconf 92' lang='lat' dir='ltr'><strong>ad</strong></span> <span class='ocrx_word' id='word_1_53' title='bbox 954 731 1145 770; x_wconf 89' lang='lat' dir='ltr'><strong>omnes</strong></span> <span class='ocrx_word' id='word_1_54' title='bbox 1184 717 1515 786; x_wconf 72' lang='lat' dir='ltr'><strong>pmnitentia:</strong></span> <span class='ocrx_word' id='word_1_55' title='bbox 1543 716 1745 785; x_wconf 72' lang='lat' dir='ltr'><strong>gradus</strong></span> <span class='ocrx_word' id='word_1_56' title='bbox 1778 717 2072 787; x_wconf 85' lang='lat' dir='ltr'><strong>pertinent,</strong></span> <span class='ocrx_word' id='word_1_57' title='bbox 2183 717 2457 774; x_wconf 85' lang='lat' dir='ltr'><strong>discessio</strong></span> <span class='ocrx_word' id='word_1_58' title='bbox 2476 720 2656 784; x_wconf 74' lang='lat' dir='ltr'><strong>(iebat,</strong></span> <span class='ocrx_word' id='word_1_59' title='bbox 2687 720 2948 774; x_wconf 80' lang='lat' dir='ltr'><strong>duntaxat</strong></span> <span class='ocrx_word' id='word_1_60' title='bbox 2982 733 3195 780; x_wconf 90' lang='lat' dir='ltr'><strong>eorum,</strong></span> <span class='ocrx_word' id='word_1_61' title='bbox 3237 718 3328 786; x_wconf 88' lang='lat' dir='ltr'><strong>qui</strong></span> <span class='ocrx_word' id='word_1_62' title='bbox 3354 716 3409 770; x_wconf 92' lang='lat' dir='ltr'><strong>in</strong></span> <span class='ocrx_word' id='word_1_63' title='bbox 3443 714 3616 774; x_wconf 89' lang='lat' dir='ltr'><strong>tribus</strong></span> <span class='ocrx_word' id='word_1_64' title='bbox 3643 713 3744 784; x_wconf 88' lang='lat' dir='ltr'><strong>pri-</strong></span> 
     </span>
    </p>
   </div>
   <div class='ocr_carea' id='block_1_7' title="bbox 497 805 3746 881">
    <p class='ocr_par' dir='ltr' id='par_1_7' title="bbox 497 805 3746 881">
     <span class='ocr_line' id='line_1_7' title="bbox 497 805 3746 881; baseline 0 -21"><span class='ocrx_word' id='word_1_65' title='bbox 497 821 604 860; x_wconf 92' lang='lat' dir='ltr'><strong>non</strong></span> <span class='ocrx_word' id='word_1_66' title='bbox 663 820 836 876; x_wconf 89' lang='lat' dir='ltr'><strong>pauca</strong></span> <span class='ocrx_word' id='word_1_67' title='bbox 876 805 943 860; x_wconf 89' lang='lat' dir='ltr'><strong>ad</strong></span> <span class='ocrx_word' id='word_1_68' title='bbox 995 806 1308 862; x_wconf 82' lang='grc' dir='ltr'>ὑπόπτωσιν</span> <span class='ocrx_word' id='word_1_69' title='bbox 1361 807 1694 864; x_wconf 89' lang='lat' dir='ltr'><strong>referuntur.</strong></span> <span class='ocrx_word' id='word_1_70' title='bbox 1742 808 1854 864; x_wconf 90' lang='lat' dir='ltr'><strong>Cur</strong></span> <span class='ocrx_word' id='word_1_71' title='bbox 1893 819 2072 863; x_wconf 87' lang='lat' dir='ltr'><strong>autem</strong></span> <span class='ocrx_word' id='word_1_72' title='bbox 2183 813 2288 866; x_wconf 91' lang='lat' dir='ltr'><strong>mis</strong></span> <span class='ocrx_word' id='word_1_73' title='bbox 2320 811 2580 881; x_wconf 82' lang='lat' dir='ltr'><strong>gradibus</strong></span> <span class='ocrx_word' id='word_1_74' title='bbox 2604 820 2980 874; x_wconf 77' lang='lat' dir='ltr'><strong>censerentur,</strong></span> <span class='ocrx_word' id='word_1_75' title='bbox 3019 809 3099 868; x_wconf 87' lang='lat' dir='ltr'><strong>uti</strong></span> <span class='ocrx_word' id='word_1_76' title='bbox 3133 817 3342 864; x_wconf 85' lang='lat' dir='ltr'><strong>veteres</strong></span> <span class='ocrx_word' id='word_1_77' title='bbox 3381 823 3622 870; x_wconf 78' lang='lat' dir='ltr'><strong>canones</strong></span> <span class='ocrx_word' id='word_1_78' title='bbox 3656 822 3746 861; x_wconf 90' lang='lat' dir='ltr'><strong>nos</strong></span> 
     </span>
    </p>
   </div>
   <div class='ocr_carea' id='block_1_8' title="bbox 496 896 3745 971">
    <p class='ocr_par' dir='ltr' id='par_1_8' title="bbox 496 896 3745 971">
     <span class='ocr_line' id='line_1_8' title="bbox 496 896 3745 971; baseline -0.001 -19"><span class='ocrx_word' id='word_1_79' title='bbox 496 896 938 966; x_wconf 73' lang='lat' dir='ltr'><strong>exhomologesin</strong></span> <span class='ocrx_word' id='word_1_80' title='bbox 996 897 1124 954; x_wconf 88' lang='lat' dir='ltr'><strong>huic</strong></span> <span class='ocrx_word' id='word_1_81' title='bbox 1167 901 1326 954; x_wconf 90' lang='lat' dir='ltr'><strong>tertio</strong></span> <span class='ocrx_word' id='word_1_82' title='bbox 1383 900 1717 970; x_wconf 66' lang='lat' dir='ltr'><strong>poenitentiae</strong></span> <span class='ocrx_word' id='word_1_83' title='bbox 1758 899 1947 969; x_wconf 78' lang='lat' dir='ltr'><strong>gradui</strong></span> <span class='ocrx_word' id='word_1_84' title='bbox 1989 914 2076 968; x_wconf 93' lang='lat' dir='ltr'><strong>po-</strong></span> <span class='ocrx_word' id='word_1_85' title='bbox 2181 901 2716 971; x_wconf 75' lang='lat' dir='ltr'><strong>docent,pr:r.sertim</strong></span> <span class='ocrx_word' id='word_1_86' title='bbox 2737 900 2980 970; x_wconf 82' lang='lat' dir='ltr'><strong>Gregorii</strong></span> <span class='ocrx_word' id='word_1_87' title='bbox 3000 897 3389 968; x_wconf 79' lang='lat' dir='ltr'><strong>Thaumaturgi</strong></span> <span class='ocrx_word' id='word_1_88' title='bbox 3415 896 3745 961; x_wconf 81' lang='lat' dir='ltr'><strong>undecimus,</strong></span> 
     </span>
    </p>
   </div>
   <div class='ocr_carea' id='block_1_9' title="bbox 499 987 3748 1064">
    <p class='ocr_par' dir='ltr' id='par_1_9' title="bbox 499 987 3748 1064">
     <span class='ocr_line' id='line_1_9' title="bbox 499 987 3748 1064; baseline 0.001 -24"><span class='ocrx_word' id='word_1_89' title='bbox 499 987 771 1042; x_wconf 90' lang='lat' dir='ltr'><strong>tissimum</strong></span> <span class='ocrx_word' id='word_1_90' title='bbox 804 988 1100 1058; x_wconf 80' lang='lat' dir='ltr'><strong>assignem,</strong></span> <span class='ocrx_word' id='word_1_91' title='bbox 1125 989 1383 1060; x_wconf 74' lang='lat' dir='ltr'><strong>Cypriani</strong></span> <span class='ocrx_word' id='word_1_92' title='bbox 1412 990 1711 1046; x_wconf 85' lang='lat' dir='ltr'><strong>auctoritas</strong></span> <span class='ocrx_word' id='word_1_93' title='bbox 1745 999 1954 1054; x_wconf 87' lang='lat' dir='ltr'><strong>movet,</strong></span> <span class='ocrx_word' id='word_1_94' title='bbox 1979 989 2074 1059; x_wconf 90' lang='lat' dir='ltr'><strong>qui</strong></span> <span class='ocrx_word' id='word_1_95' title='bbox 2185 994 2350 1064; x_wconf 83' lang='lat' dir='ltr'><strong>idque</strong></span> <span class='ocrx_word' id='word_1_96' title='bbox 2379 995 2628 1063; x_wconf 85' lang='lat' dir='ltr'><strong>pluribus</strong></span> <span class='ocrx_word' id='word_1_97' title='bbox 2656 992 2899 1052; x_wconf 85' lang='lat' dir='ltr'><strong>Zonaras</strong></span> <span class='ocrx_word' id='word_1_98' title='bbox 2933 1001 2988 1047; x_wconf 90' lang='lat' dir='ltr'><strong>et</strong></span> <span class='ocrx_word' id='word_1_99' title='bbox 3033 991 3286 1052; x_wconf 87' lang='lat' dir='ltr'><strong>Balsamo</strong></span> <span class='ocrx_word' id='word_1_100' title='bbox 3316 990 3634 1059; x_wconf 89' lang='lat' dir='ltr'><strong>interpretes</strong></span> <span class='ocrx_word' id='word_1_101' title='bbox 3662 988 3748 1042; x_wconf 89' lang='lat' dir='ltr'><strong>ob-</strong></span> 
     </span>
    </p>
   </div>
   <div class='ocr_carea' id='block_1_10' title="bbox 498 1077 3748 1158">
    <p class='ocr_par' dir='ltr' id='par_1_10' title="bbox 498 1077 3748 1158">
     <span class='ocr_line' id='line_1_10' title="bbox 498 1077 3748 1158; baseline 0.001 -27"><span class='ocrx_word' id='word_1_102' title='bbox 498 1087 620 1148; x_wconf 91' lang='lat' dir='ltr'><strong>post</strong></span> <span class='ocrx_word' id='word_1_103' title='bbox 677 1077 814 1134; x_wconf 88' lang='lat' dir='ltr'><strong>alias</strong></span> <span class='ocrx_word' id='word_1_104' title='bbox 866 1081 1199 1149; x_wconf 71' lang='lat' dir='ltr'><strong>pmnitentia:</strong></span> <span class='ocrx_word' id='word_1_105' title='bbox 1256 1079 1567 1136; x_wconf 73' lang='lat' dir='ltr'><strong>functiones</strong></span> <span class='ocrx_word' id='word_1_106' title='bbox 1623 1080 2073 1150; x_wconf 82' lang='lat' dir='ltr'><strong>exhomologesiu</strong></span> <span class='ocrx_word' id='word_1_107' title='bbox 2184 1096 2417 1141; x_wconf 80' lang='lat' dir='ltr'><strong>servant.</strong></span> <span class='ocrx_word' id='word_1_108' title='bbox 2447 1085 2578 1140; x_wconf 83' lang='lat' dir='ltr'><strong>Nam</strong></span> <span class='ocrx_word' id='word_1_109' title='bbox 2606 1087 2697 1158; x_wconf 86' lang='lat' dir='ltr'><strong>qui</strong></span> <span class='ocrx_word' id='word_1_110' title='bbox 2729 1089 2779 1139; x_wconf 90' lang='lat' dir='ltr'><strong>in</strong></span> <span class='ocrx_word' id='word_1_111' title='bbox 2803 1094 2999 1156; x_wconf 85' lang='lat' dir='ltr'><strong>quarto</strong></span> <span class='ocrx_word' id='word_1_112' title='bbox 3029 1087 3222 1154; x_wconf 85' lang='lat' dir='ltr'><strong>gradu,</strong></span> <span class='ocrx_word' id='word_1_113' title='bbox 3247 1084 3446 1138; x_wconf 89' lang='lat' dir='ltr'><strong>hocest</strong></span> <span class='ocrx_word' id='word_1_114' title='bbox 3469 1085 3534 1153; x_wconf 84' lang='grc' dir='ltr'>τῇ</span> <span class='ocrx_word' id='word_1_115' title='bbox 3561 1083 3748 1136; x_wconf 82' lang='grc' dir='ltr'>συστὰ-</span> 
     </span>
    </p>
   </div>
   <div class='ocr_carea' id='block_1_11' title="bbox 497 1171 3745 1244">
    <p class='ocr_par' dir='ltr' id='par_1_11' title="bbox 497 1171 3745 1244">
     <span class='ocr_line' id='line_1_11' title="bbox 497 1171 3745 1244; baseline 0 -18"><span class='ocrx_word' id='word_1_116' title='bbox 497 1171 769 1226; x_wconf 88' lang='lat' dir='ltr'><strong>collocare</strong></span> <span class='ocrx_word' id='word_1_117' title='bbox 799 1172 978 1238; x_wconf 85' lang='lat' dir='ltr'><strong>solet,</strong></span> <span class='ocrx_word' id='word_1_118' title='bbox 1009 1182 1065 1227; x_wconf 90' lang='lat' dir='ltr'><strong>et</strong></span> <span class='ocrx_word' id='word_1_119' title='bbox 1116 1174 1548 1230; x_wconf 86' lang='lat' dir='ltr'><strong>reconciliationi</strong></span> <span class='ocrx_word' id='word_1_120' title='bbox 1586 1190 1649 1229; x_wconf 89' lang='lat' dir='ltr'><strong>ac</strong></span> <span class='ocrx_word' id='word_1_121' title='bbox 1699 1173 2075 1229; x_wconf 87' lang='lat' dir='ltr'><strong>communioni</strong></span> <span class='ocrx_word' id='word_1_122' title='bbox 2186 1192 2268 1228; x_wconf 86' lang='grc' dir='ltr'>σει</span> <span class='ocrx_word' id='word_1_123' title='bbox 2316 1178 2782 1240; x_wconf 85' lang='lat' dir='ltr'><strong>numerabantur,</strong></span> <span class='ocrx_word' id='word_1_124' title='bbox 2829 1193 2952 1232; x_wconf 92' lang='lat' dir='ltr'><strong>cum</strong></span> <span class='ocrx_word' id='word_1_125' title='bbox 3013 1176 3260 1230; x_wconf 83' lang='lat' dir='ltr'><strong>fidelibus</strong></span> <span class='ocrx_word' id='word_1_126' title='bbox 3305 1174 3745 1244; x_wconf 83' lang='lat' dir='ltr'><strong>perseverabant:</strong></span> 
     </span>
    </p>
   </div>
   <div class='ocr_carea' id='block_1_12' title="bbox 498 1263 2099 1340">
    <p class='ocr_par' dir='ltr' id='par_1_12' title="bbox 498 1263 2085 1335">
     <span class='ocr_line' id='line_1_12' title="bbox 498 1263 2085 1335; baseline 0.003 -20"><span class='ocrx_word' id='word_1_127' title='bbox 498 1263 808 1334; x_wconf 89' lang='lat' dir='ltr'><strong>propiorem</strong></span> <span class='ocrx_word' id='word_1_128' title='bbox 840 1264 1149 1319; x_wconf 88' lang='lat' dir='ltr'><strong>ostendere.</strong></span> <span class='ocrx_word' id='word_1_129' title='bbox 1191 1265 1282 1322; x_wconf 89' lang='lat' dir='ltr'><strong>Sic</strong></span> <span class='ocrx_word' id='word_1_130' title='bbox 1310 1266 1363 1320; x_wconf 91' lang='lat' dir='ltr'><strong>in</strong></span> <span class='ocrx_word' id='word_1_131' title='bbox 1398 1267 1625 1335; x_wconf 87' lang='lat' dir='ltr'><strong>epistola</strong></span> <span class='ocrx_word' id='word_1_132' title='bbox 1653 1265 1730 1322; x_wconf 78' lang='lat' dir='ltr'><strong>lO.</strong></span> <span class='ocrx_word' id='word_1_133' title='bbox 1747 1266 1816 1319; x_wconf 87' lang='lat' dir='ltr'><strong>ad</strong></span> <span class='ocrx_word' id='word_1_134' title='bbox 1838 1265 2085 1326; x_wconf 67' lang='lat' dir='ltr'><strong>Clerum;</strong></span> 
     </span>
    </p>
   </div>
   <div class='ocr_carea' id='block_1_13' title="bbox 2154 1263 3755 1340">
    <p class='ocr_par' dir='ltr' id='par_1_13' title="bbox 2185 1267 3755 1340">
     <span class='ocr_line' id='line_1_13' title="bbox 2185 1267 3755 1340; baseline -0.002 -18"><span class='ocrx_word' id='word_1_135' title='bbox 2185 1269 2220 1340; x_wconf 82' lang='grc' dir='ltr'>ἡ</span> <span class='ocrx_word' id='word_1_136' title='bbox 2255 1269 2515 1334; x_wconf 82' lang='grc' dir='ltr'>σύστασις</span> <span class='ocrx_word' id='word_1_137' title='bbox 2541 1271 2637 1340; x_wconf 86' lang='lat' dir='ltr'><strong>(ait</strong></span> <span class='ocrx_word' id='word_1_138' title='bbox 2681 1268 3144 1340; x_wconf 83' lang='lat' dir='ltr'><strong>Thaumaturgus)</strong></span> <span class='ocrx_word' id='word_1_139' title='bbox 3177 1269 3262 1322; x_wconf 80' lang='grc' dir='ltr'>ἵνα</span> <span class='ocrx_word' id='word_1_140' title='bbox 3294 1267 3605 1320; x_wconf 80' lang='grc' dir='ltr'><strong>συνίσταται</strong></span> <span class='ocrx_word' id='word_1_141' title='bbox 3645 1268 3755 1331; x_wconf 71' lang='grc' dir='ltr'>τοῖς</span> 
     </span>
    </p>
   </div>
   <div class='ocr_carea' id='block_1_14' title="bbox 502 1353 2103 1433">
    <p class='ocr_par' dir='ltr' id='par_1_14' title="bbox 502 1353 2078 1430">
     <span class='ocr_line' id='line_1_14' title="bbox 502 1353 2078 1430; baseline 0.003 -22"><span class='ocrx_word' id='word_1_142' title='bbox 502 1353 644 1409; x_wconf 85' lang='lat' dir='ltr'><strong>Nam</strong></span> <span class='ocrx_word' id='word_1_143' title='bbox 670 1373 788 1409; x_wconf 90' lang='lat' dir='ltr'><strong>cum</strong></span> <span class='ocrx_word' id='word_1_144' title='bbox 817 1357 870 1410; x_wconf 92' lang='lat' dir='ltr'><strong>in</strong></span> <span class='ocrx_word' id='word_1_145' title='bbox 913 1359 1204 1412; x_wconf 76' lang='lat' dir='ltr'><strong>minoribus</strong></span> <span class='ocrx_word' id='word_1_146' title='bbox 1236 1361 1485 1428; x_wconf 82' lang='lat' dir='ltr'><strong>peccatis,</strong></span> <span class='ocrx_word' id='word_1_147' title='bbox 1530 1359 1722 1430; x_wconf 84' lang='lat' dir='ltr'><strong>inquit,</strong></span> <span class='ocrx_word' id='word_1_148' title='bbox 1758 1370 1917 1429; x_wconf 83' lang='lat' dir='ltr'><strong>agant</strong></span> <span class='ocrx_word' id='word_1_149' title='bbox 1959 1374 2078 1428; x_wconf 86' lang='lat' dir='ltr'><strong>pec-</strong></span> 
     </span>
    </p>
   </div>
   <div class='ocr_carea' id='block_1_15' title="bbox 2141 1353 3742 1433">
    <p class='ocr_par' dir='ltr' id='par_1_15' title="bbox 2184 1359 3742 1433">
     <span class='ocr_line' id='line_1_15' title="bbox 2184 1359 3742 1433; baseline -0.002 -19"><span class='ocrx_word' id='word_1_150' title='bbox 2184 1363 2417 1425; x_wconf 79' lang='grc' dir='ltr'>πιστοίς,</span> <span class='ocrx_word' id='word_1_151' title='bbox 2442 1362 2536 1422; x_wconf 76' lang='grc' dir='ltr'><strong>καὶ</strong></span> <span class='ocrx_word' id='word_1_152' title='bbox 2572 1362 2645 1433; x_wconf 75' lang='grc' dir='ltr'><strong>μὴ</strong></span> <span class='ocrx_word' id='word_1_153' title='bbox 2681 1361 2967 1433; x_wconf 80' lang='grc' dir='ltr'>ὲξὲρχηται</span> <span class='ocrx_word' id='word_1_154' title='bbox 2995 1361 3131 1432; x_wconf 82' lang='grc' dir='ltr'>μετὰ</span> <span class='ocrx_word' id='word_1_155' title='bbox 3163 1359 3271 1414; x_wconf 82' lang='grc' dir='ltr'>τῶν</span> <span class='ocrx_word' id='word_1_156' title='bbox 3300 1359 3742 1431; x_wconf 78' lang='grc' dir='ltr'>καπηλουμένων.</span> 
     </span>
    </p>
   </div>
   <div class='ocr_carea' id='block_1_16' title="bbox 501 1449 3752 1522">
    <p class='ocr_par' dir='ltr' id='par_1_16' title="bbox 501 1449 3752 1522">
     <span class='ocr_line' id='line_1_16' title="bbox 501 1449 3752 1522; baseline 0.001 -23"><span class='ocrx_word' id='word_1_157' title='bbox 501 1457 706 1500; x_wconf 80' lang='lat' dir='ltr'><strong>calores</strong></span> <span class='ocrx_word' id='word_1_158' title='bbox 763 1450 1123 1516; x_wconf 75' lang='lat' dir='ltr'><strong>paenitentiam</strong></span> <span class='ocrx_word' id='word_1_159' title='bbox 1172 1450 1321 1519; x_wconf 81' lang='lat' dir='ltr'><strong>justo</strong></span> <span class='ocrx_word' id='word_1_160' title='bbox 1381 1460 1649 1519; x_wconf 84' lang='lat' dir='ltr'><strong>tempore,</strong></span> <span class='ocrx_word' id='word_1_161' title='bbox 1698 1460 1746 1504; x_wconf 91' lang='lat' dir='ltr'><strong>et</strong></span> <span class='ocrx_word' id='word_1_162' title='bbox 1792 1450 2076 1510; x_wconf 85' lang='lat' dir='ltr'><strong>secundum</strong></span> <span class='ocrx_word' id='word_1_163' title='bbox 2184 1449 2512 1509; x_wconf 77' lang='lat' dir='ltr'><strong>ilincmarus</strong></span> <span class='ocrx_word' id='word_1_164' title='bbox 2551 1452 2605 1507; x_wconf 92' lang='lat' dir='ltr'><strong>in</strong></span> <span class='ocrx_word' id='word_1_165' title='bbox 2653 1452 2895 1522; x_wconf 87' lang='lat' dir='ltr'><strong>Epistola</strong></span> <span class='ocrx_word' id='word_1_166' title='bbox 2936 1453 3006 1506; x_wconf 90' lang='lat' dir='ltr'><strong>ad</strong></span> <span class='ocrx_word' id='word_1_167' title='bbox 3050 1451 3399 1505; x_wconf 83' lang='lat' dir='ltr'><strong>Hincmarum</strong></span> <span class='ocrx_word' id='word_1_168' title='bbox 3447 1450 3752 1505; x_wconf 84' lang='lat' dir='ltr'><strong>Laudunen-</strong></span> 
     </span>
    </p>
   </div>
   <div class='ocr_carea' id='block_1_17' title="bbox 499 1539 3750 1614">
    <p class='ocr_par' dir='ltr' id='par_1_17' title="bbox 499 1539 3750 1614">
     <span class='ocr_line' id='line_1_17' title="bbox 499 1539 3750 1614; baseline 0 -23"><span class='ocrx_word' id='word_1_169' title='bbox 499 1540 796 1607; x_wconf 76' lang='lat' dir='ltr'><strong>disciplina:</strong></span> <span class='ocrx_word' id='word_1_170' title='bbox 822 1543 1058 1595; x_wconf 86' lang='lat' dir='ltr'><strong>ordinem</strong></span> <span class='ocrx_word' id='word_1_171' title='bbox 1095 1544 1162 1596; x_wconf 91' lang='lat' dir='ltr'><strong>ad</strong></span> <span class='ocrx_word' id='word_1_172' title='bbox 1197 1543 1619 1614; x_wconf 72' lang='lat' dir='ltr'><strong>exhomologesin</strong></span> <span class='ocrx_word' id='word_1_173' title='bbox 1644 1544 1890 1607; x_wconf 86' lang='lat' dir='ltr'><strong>veniant,</strong></span> <span class='ocrx_word' id='word_1_174' title='bbox 1914 1555 1961 1597; x_wconf 87' lang='lat' dir='ltr'><strong>et</strong></span> <span class='ocrx_word' id='word_1_175' title='bbox 1985 1556 2078 1609; x_wconf 86' lang='lat' dir='ltr'><strong>per</strong></span> <span class='ocrx_word' id='word_1_176' title='bbox 2183 1559 2290 1596; x_wconf 84' lang='lat' dir='ltr'><strong>sem</strong></span> <span class='ocrx_word' id='word_1_177' title='bbox 2331 1545 2650 1613; x_wconf 82' lang='lat' dir='ltr'><strong>episcOpum,</strong></span> <span class='ocrx_word' id='word_1_178' title='bbox 2690 1559 2854 1614; x_wconf 91' lang='lat' dir='ltr'><strong>quam</strong></span> <span class='ocrx_word' id='word_1_179' title='bbox 2888 1541 3150 1600; x_wconf 78' lang='lat' dir='ltr'><strong>Jttstellus</strong></span> <span class='ocrx_word' id='word_1_180' title='bbox 3189 1543 3319 1597; x_wconf 88' lang='lat' dir='ltr'><strong>citat</strong></span> <span class='ocrx_word' id='word_1_181' title='bbox 3355 1560 3368 1595; x_wconf 92' lang='lat'><strong>:</strong></span> <span class='ocrx_word' id='word_1_182' title='bbox 3415 1539 3645 1606; x_wconf 80' lang='lat' dir='ltr'><strong>Quidam</strong></span> <span class='ocrx_word' id='word_1_183' title='bbox 3669 1541 3750 1610; x_wconf 86' lang='lat' dir='ltr'><strong>ju-</strong></span> 
     </span>
    </p>
   </div>
   <div class='ocr_carea' id='block_1_18' title="bbox 501 1633 3758 1704">
    <p class='ocr_par' dir='ltr' id='par_1_18' title="bbox 501 1633 3758 1704">
     <span class='ocr_line' id='line_1_18' title="bbox 501 1633 3758 1704; baseline 0.001 -21"><span class='ocrx_word' id='word_1_184' title='bbox 501 1647 691 1684; x_wconf 86' lang='lat' dir='ltr'><strong>manus</strong></span> <span class='ocrx_word' id='word_1_185' title='bbox 725 1634 1108 1702; x_wconf 86' lang='lat' dir='ltr'><strong>impositionem</strong></span> <span class='ocrx_word' id='word_1_186' title='bbox 1141 1635 1370 1704; x_wconf 81' lang='lat' dir='ltr'><strong>episcopi</strong></span> <span class='ocrx_word' id='word_1_187' title='bbox 1423 1644 1472 1687; x_wconf 87' lang='lat' dir='ltr'><strong>et</strong></span> <span class='ocrx_word' id='word_1_188' title='bbox 1503 1634 1629 1688; x_wconf 87' lang='lat' dir='ltr'><strong>cleri</strong></span> <span class='ocrx_word' id='word_1_189' title='bbox 1667 1635 1760 1704; x_wconf 86' lang='lat' dir='ltr'><strong>jus</strong></span> <span class='ocrx_word' id='word_1_190' title='bbox 1790 1633 2078 1688; x_wconf 88' lang='lat' dir='ltr'><strong>communi—</strong></span> <span class='ocrx_word' id='word_1_191' title='bbox 2186 1634 2376 1688; x_wconf 86' lang='lat' dir='ltr'><strong>bentur</strong></span> <span class='ocrx_word' id='word_1_192' title='bbox 2401 1651 2563 1704; x_wconf 87' lang='lat' dir='ltr'><strong>usque</strong></span> <span class='ocrx_word' id='word_1_193' title='bbox 2592 1635 2660 1688; x_wconf 90' lang='lat' dir='ltr'><strong>ad</strong></span> <span class='ocrx_word' id='word_1_194' title='bbox 2698 1635 2923 1693; x_wconf 79' lang='lat' dir='ltr'><strong>missam.</strong></span> <span class='ocrx_word' id='word_1_195' title='bbox 2951 1634 3443 1694; x_wconf 82' lang='lat' dir='ltr'><strong>catechumenorum</strong></span> <span class='ocrx_word' id='word_1_196' title='bbox 3473 1649 3676 1686; x_wconf 87' lang='lat' dir='ltr'><strong>manere</strong></span> <span class='ocrx_word' id='word_1_197' title='bbox 3697 1634 3758 1696; x_wconf 73' lang='lat' dir='ltr'><strong>in</strong></span> 
     </span>
    </p>
   </div>
   <div class='ocr_carea' id='block_1_19' title="bbox 501 1723 3748 1796">
    <p class='ocr_par' dir='ltr' id='par_1_19' title="bbox 501 1723 3748 1796">
     <span class='ocr_line' id='line_1_19' title="bbox 501 1723 3748 1796; baseline 0.001 -22"><span class='ocrx_word' id='word_1_198' title='bbox 501 1723 727 1776; x_wconf 85' lang='lat' dir='ltr'><strong>cutionis</strong></span> <span class='ocrx_word' id='word_1_199' title='bbox 767 1727 1063 1795; x_wconf 85' lang='lat' dir='ltr'><strong>accipiant,</strong></span> <span class='ocrx_word' id='word_1_200' title='bbox 1095 1743 1231 1779; x_wconf 86' lang='lat' dir='ltr'><strong>nunc</strong></span> <span class='ocrx_word' id='word_1_201' title='bbox 1261 1727 1426 1780; x_wconf 87' lang='lat' dir='ltr'><strong>crudo</strong></span> <span class='ocrx_word' id='word_1_202' title='bbox 1458 1739 1685 1796; x_wconf 86' lang='lat' dir='ltr'><strong>tempore</strong></span> <span class='ocrx_word' id='word_1_203' title='bbox 1720 1725 2078 1795; x_wconf 82' lang='lat' dir='ltr'><strong>persecutione</strong></span> <span class='ocrx_word' id='word_1_204' title='bbox 2184 1727 2432 1793; x_wconf 79' lang='lat' dir='ltr'><strong>ecclesia,</strong></span> <span class='ocrx_word' id='word_1_205' title='bbox 2471 1728 2687 1796; x_wconf 87' lang='lat' dir='ltr'><strong>quidam</strong></span> <span class='ocrx_word' id='word_1_206' title='bbox 2758 1740 2934 1780; x_wconf 87' lang='lat' dir='ltr'><strong>autem</strong></span> <span class='ocrx_word' id='word_1_207' title='bbox 2973 1727 3087 1780; x_wconf 86' lang='lat' dir='ltr'><strong>sola</strong></span> <span class='ocrx_word' id='word_1_208' title='bbox 3136 1728 3277 1780; x_wconf 86' lang='lat' dir='ltr'><strong>intra</strong></span> <span class='ocrx_word' id='word_1_209' title='bbox 3317 1725 3586 1779; x_wconf 84' lang='lat' dir='ltr'><strong>ecclesiam</strong></span> <span class='ocrx_word' id='word_1_210' title='bbox 3622 1725 3748 1794; x_wconf 78' lang='lat' dir='ltr'><strong>ﬁde-</strong></span> 
     </span>
    </p>
   </div>
   <div class='ocr_carea' id='block_1_20' title="bbox 501 1805 3753 1888">
    <p class='ocr_par' dir='ltr' id='par_1_20' title="bbox 501 1805 3753 1888">
     <span class='ocr_line' id='line_1_20' title="bbox 501 1805 3753 1888; baseline -0 -20"><span class='ocrx_word' id='word_1_211' title='bbox 501 1816 674 1868; x_wconf 86' lang='lat' dir='ltr'><strong>adltuc</strong></span> <span class='ocrx_word' id='word_1_212' title='bbox 698 1828 1078 1886; x_wconf 81' lang='lat' dir='ltr'><strong>perseverante,</strong></span> <span class='ocrx_word' id='word_1_213' title='bbox 1105 1819 1337 1874; x_wconf 85' lang='lat' dir='ltr'><strong>nondum</strong></span> <span class='ocrx_word' id='word_1_214' title='bbox 1369 1821 1613 1872; x_wconf 87' lang='lat' dir='ltr'><strong>restituta</strong></span> <span class='ocrx_word' id='word_1_215' title='bbox 1638 1817 1889 1874; x_wconf 73' lang='lat' dir='ltr'><strong>Ecclesia:</strong></span> <span class='ocrx_word' id='word_1_216' title='bbox 1914 1817 2080 1886; x_wconf 80' lang='lat' dir='ltr'><strong>ipsius</strong></span> <span class='ocrx_word' id='word_1_217' title='bbox 2113 1805 2154 1860; x_wconf 75' lang='grc' dir='ltr'><strong>Β</strong></span> <span class='ocrx_word' id='word_1_218' title='bbox 2185 1819 2312 1872; x_wconf 90' lang='lat' dir='ltr'><strong>lium</strong></span> <span class='ocrx_word' id='word_1_219' title='bbox 2345 1819 2583 1878; x_wconf 86' lang='lat' dir='ltr'><strong>oratione</strong></span> <span class='ocrx_word' id='word_1_220' title='bbox 2605 1818 2762 1888; x_wconf 83' lang='lat' dir='ltr'><strong>jungi</strong></span> <span class='ocrx_word' id='word_1_221' title='bbox 2789 1833 2955 1871; x_wconf 75' lang='lat' dir='ltr'><strong>sacra:</strong></span> <span class='ocrx_word' id='word_1_222' title='bbox 2990 1817 3354 1886; x_wconf 78' lang='lat' dir='ltr'><strong>mysteriorum</strong></span> <span class='ocrx_word' id='word_1_223' title='bbox 3384 1814 3690 1876; x_wconf 76' lang='lat' dir='ltr'><strong>celebritati,</strong></span> <span class='ocrx_word' id='word_1_224' title='bbox 3719 1833 3753 1869; x_wconf 72' lang='grc' dir='ltr'><em>α</em></span> 
     </span>
    </p>
   </div>
   <div class='ocr_carea' id='block_1_21' title="bbox 501 1903 3759 1979">
    <p class='ocr_par' dir='ltr' id='par_1_21' title="bbox 501 1903 3759 1979">
     <span class='ocr_line' id='line_1_21' title="bbox 501 1903 3759 1979; baseline -0.001 -19"><span class='ocrx_word' id='word_1_225' title='bbox 501 1924 630 1976; x_wconf 88' lang='lat' dir='ltr'><strong>pace</strong></span> <span class='ocrx_word' id='word_1_226' title='bbox 677 1910 746 1967; x_wconf 83' lang='lat' dir='ltr'><strong>ad</strong></span> <span class='ocrx_word' id='word_1_227' title='bbox 789 1912 1313 1965; x_wconf 87' lang='lat' dir='ltr'><strong>communicationem</strong></span> <span class='ocrx_word' id='word_1_228' title='bbox 1354 1911 1710 1964; x_wconf 86' lang='lat' dir='ltr'><strong>admittuntur</strong></span> <span class='ocrx_word' id='word_1_229' title='bbox 1731 1953 1746 1975; x_wconf 96' lang='lat'><strong>,</strong></span> <span class='ocrx_word' id='word_1_230' title='bbox 1779 1921 1826 1963; x_wconf 88' lang='lat' dir='ltr'><strong>et</strong></span> <span class='ocrx_word' id='word_1_231' title='bbox 1859 1911 2079 1979; x_wconf 75' lang='lat' dir='ltr'><strong>o/fertur</strong></span> <span class='ocrx_word' id='word_1_232' title='bbox 2187 1905 2478 1960; x_wconf 79' lang='lat' dir='ltr'><strong>Dominij</strong></span> <span class='ocrx_word' id='word_1_233' title='bbox 2507 1918 2677 1960; x_wconf 88' lang='lat' dir='ltr'><strong>autem</strong></span> <span class='ocrx_word' id='word_1_234' title='bbox 2712 1921 2902 1960; x_wconf 74' lang='lat' dir='ltr'><strong>mensa:</strong></span> <span class='ocrx_word' id='word_1_235' title='bbox 2923 1906 3156 1958; x_wconf 84' lang='lat' dir='ltr'><strong>convivio</strong></span> <span class='ocrx_word' id='word_1_236' title='bbox 3183 1905 3466 1978; x_wconf 79' lang='lat' dir='ltr'><strong>segregari.</strong></span> <span class='ocrx_word' id='word_1_237' title='bbox 3493 1903 3759 1970; x_wconf 37' lang='lat' dir='ltr'><strong>Quocirca,</strong></span> 
     </span>
    </p>
   </div>
   <div class='ocr_carea' id='block_1_22' title="bbox 503 1997 2104 2072">
    <p class='ocr_par' dir='ltr' id='par_1_22' title="bbox 503 2003 2076 2072">
     <span class='ocr_line' id='line_1_22' title="bbox 503 2003 2076 2072; baseline 0.001 -19"><span class='ocrx_word' id='word_1_238' title='bbox 503 2017 688 2056; x_wconf 87' lang='lat' dir='ltr'><strong>nomen</strong></span> <span class='ocrx_word' id='word_1_239' title='bbox 721 2019 900 2056; x_wconf 88' lang='lat' dir='ltr'><strong>eorum</strong></span> <span class='ocrx_word' id='word_1_240' title='bbox 921 2047 935 2069; x_wconf 94' lang='lat'><strong>,</strong></span> <span class='ocrx_word' id='word_1_241' title='bbox 969 2014 1017 2057; x_wconf 87' lang='lat' dir='ltr'><strong>et</strong></span> <span class='ocrx_word' id='word_1_242' title='bbox 1049 2007 1280 2057; x_wconf 89' lang='lat' dir='ltr'><strong>nondum</strong></span> <span class='ocrx_word' id='word_1_243' title='bbox 1312 2003 1618 2072; x_wconf 74' lang='lat' dir='ltr'><strong>paznitentia</strong></span> <span class='ocrx_word' id='word_1_244' title='bbox 1653 2013 1775 2055; x_wconf 89' lang='lat' dir='ltr'><strong>acta</strong></span> <span class='ocrx_word' id='word_1_245' title='bbox 1795 2045 1808 2066; x_wconf 90' lang='lat'><strong>,</strong></span> <span class='ocrx_word' id='word_1_246' title='bbox 1845 2004 2076 2056; x_wconf 81' lang='lat' dir='ltr'><strong>nomium</strong></span> 
     </span>
    </p>
   </div>
   <div class='ocr_carea' id='block_1_23' title="bbox 2156 1997 3757 2072">
    <p class='ocr_par' dir='ltr' id='par_1_23' title="bbox 2185 1997 3757 2068">
     <span class='ocr_line' id='line_1_23' title="bbox 2185 1997 3757 2068; baseline 0 -15"><span class='ocrx_word' id='word_1_247' title='bbox 2185 2001 2234 2053; x_wconf 79' lang='grc' dir='ltr'>οἱ</span> <span class='ocrx_word' id='word_1_248' title='bbox 2262 2001 2320 2052; x_wconf 84' lang='grc' dir='ltr'><strong>ἐν</strong></span> <span class='ocrx_word' id='word_1_249' title='bbox 2365 1999 2628 2061; x_wconf 57' lang='grc' dir='ltr'>συστάσει,</span> <span class='ocrx_word' id='word_1_250' title='bbox 2668 1997 2821 2062; x_wconf 79' lang='grc' dir='ltr'>ὄντες</span> <span class='ocrx_word' id='word_1_251' title='bbox 2867 2009 3020 2052; x_wconf 82' lang='lat' dir='ltr'><strong>extra</strong></span> <span class='ocrx_word' id='word_1_252' title='bbox 3066 1998 3448 2068; x_wconf 65' lang='lat' dir='ltr'><strong>poenitentium</strong></span> <span class='ocrx_word' id='word_1_253' title='bbox 3512 1999 3757 2063; x_wconf 34' lang='lat' dir='ltr'><strong>ordinem.</strong></span> 
     </span>
    </p>
   </div>
   <div class='ocr_carea' id='block_1_24' title="bbox 501 2089 3749 2164">
    <p class='ocr_par' dir='ltr' id='par_1_24' title="bbox 501 2089 3749 2164">
     <span class='ocr_line' id='line_1_24' title="bbox 501 2089 3749 2164; baseline 0 -18"><span class='ocrx_word' id='word_1_254' title='bbox 501 2092 891 2164; x_wconf 72' lang='lat' dir='ltr'><strong>exltomologesi</strong></span> <span class='ocrx_word' id='word_1_255' title='bbox 927 2095 1105 2164; x_wconf 80' lang='lat' dir='ltr'><strong>facta,</strong></span> <span class='ocrx_word' id='word_1_256' title='bbox 1156 2096 1386 2150; x_wconf 88' lang='lat' dir='ltr'><strong>nondum</strong></span> <span class='ocrx_word' id='word_1_257' title='bbox 1427 2112 1586 2148; x_wconf 89' lang='lat' dir='ltr'><strong>manu</strong></span> <span class='ocrx_word' id='word_1_258' title='bbox 1617 2096 1692 2148; x_wconf 89' lang='lat' dir='ltr'><strong>eis</strong></span> <span class='ocrx_word' id='word_1_259' title='bbox 1741 2095 1806 2148; x_wconf 91' lang='lat' dir='ltr'><strong>ab</strong></span> <span class='ocrx_word' id='word_1_260' title='bbox 1838 2095 2077 2164; x_wconf 82' lang='lat' dir='ltr'><strong>episcopo</strong></span> <span class='ocrx_word' id='word_1_261' title='bbox 2183 2107 2249 2146; x_wconf 82' lang='lat' dir='ltr'><strong>ex</strong></span> <span class='ocrx_word' id='word_1_262' title='bbox 2283 2091 2374 2145; x_wconf 82' lang='lat' dir='ltr'><strong>illa</strong></span> <span class='ocrx_word' id='word_1_263' title='bbox 2436 2105 2713 2146; x_wconf 88' lang='lat' dir='ltr'><strong>canonum</strong></span> <span class='ocrx_word' id='word_1_264' title='bbox 2754 2106 2818 2146; x_wconf 88' lang='lat' dir='ltr'><strong>ac</strong></span> <span class='ocrx_word' id='word_1_265' title='bbox 2868 2089 3087 2146; x_wconf 80' lang='lat' dir='ltr'><strong>Patrum</strong></span> <span class='ocrx_word' id='word_1_266' title='bbox 3132 2089 3388 2161; x_wconf 87' lang='lat' dir='ltr'><strong>loquendi</strong></span> <span class='ocrx_word' id='word_1_267' title='bbox 3427 2090 3634 2146; x_wconf 80' lang='lat' dir='ltr'><strong>ratione</strong></span> <span class='ocrx_word' id='word_1_268' title='bbox 3665 2105 3749 2146; x_wconf 86' lang='lat' dir='ltr'><strong>se-</strong></span> 
     </span>
    </p>
   </div>
   <div class='ocr_carea' id='block_1_25' title="bbox 500 2181 2492 2256">
    <p class='ocr_par' dir='ltr' id='par_1_25' title="bbox 500 2181 2492 2256">
     <span class='ocr_line' id='line_1_25' title="bbox 500 2181 2492 2256; baseline -0.002 -18"><span class='ocrx_word' id='word_1_269' title='bbox 500 2198 550 2238; x_wconf 84' lang='lat' dir='ltr'><strong>et</strong></span> <span class='ocrx_word' id='word_1_270' title='bbox 573 2185 712 2239; x_wconf 88' lang='lat' dir='ltr'><strong>clero</strong></span> <span class='ocrx_word' id='word_1_271' title='bbox 742 2186 1013 2256; x_wconf 84' lang='lat' dir='ltr'><strong>imposita,</strong></span> <span class='ocrx_word' id='word_1_272' title='bbox 1039 2187 1358 2240; x_wconf 81' lang='lat' dir='ltr'><strong>eucharistia</strong></span> <span class='ocrx_word' id='word_1_273' title='bbox 1384 2186 1492 2239; x_wconf 85' lang='lat' dir='ltr'><strong>illis</strong></span> <span class='ocrx_word' id='word_1_274' title='bbox 1509 2187 1688 2240; x_wconf 89' lang='lat' dir='ltr'><strong>datur.</strong></span> <span class='ocrx_word' id='word_1_275' title='bbox 1723 2186 1814 2244; x_wconf 87' lang='lat' dir='ltr'><strong>Sic</strong></span> <span class='ocrx_word' id='word_1_276' title='bbox 1829 2187 1986 2255; x_wconf 87' lang='lat' dir='ltr'><strong>epist.</strong></span> <span class='ocrx_word' id='word_1_277' title='bbox 2012 2187 2078 2240; x_wconf 77' lang='grc'><strong>10</strong></span> <span class='ocrx_word' id='word_1_278' title='bbox 2185 2181 2316 2235; x_wconf 89' lang='lat' dir='ltr'><strong>creti</strong></span> <span class='ocrx_word' id='word_1_279' title='bbox 2343 2190 2492 2236; x_wconf 91' lang='lat' dir='ltr'><strong>sunt.</strong></span> 
     </span>
    </p>
   </div>
   <div class='ocr_carea' id='block_1_26' title="bbox 500 2277 3760 2381">
    <p class='ocr_par' dir='ltr' id='par_1_26' title="bbox 500 2277 3760 2381">
     <span class='ocr_line' id='line_1_26' title="bbox 500 2277 3760 2381; baseline -0.001 -18"><span class='ocrx_word' id='word_1_280' title='bbox 500 2281 1236 2381; x_wconf 24' lang='lat' dir='ltr'><strong>pofiaflfmfmnnemiam</strong></span> <span class='ocrx_word' id='word_1_281' title='bbox 1261 2277 1487 2381; x_wconf 42' lang='lat' dir='ltr'><strong>Fub‘lic“</strong></span> <span class='ocrx_word' id='word_1_282' title='bbox 1519 2277 1984 2381; x_wconf 40' lang='grc' dir='ltr'><strong>Ῡδξξθφθιθεθδίλ</strong></span> <span class='ocrx_word' id='word_1_283' title='bbox 2013 2277 2080 2381; x_wconf 45' lang='lat' dir='ltr'><strong>EE&quot;</strong></span> <span class='ocrx_word' id='word_1_284' title='bbox 2187 2309 2430 2376; x_wconf 82' lang='lat' dir='ltr'><strong>Quonam</strong></span> <span class='ocrx_word' id='word_1_285' title='bbox 2459 2313 2514 2364; x_wconf 91' lang='lat' dir='ltr'><strong>in</strong></span> <span class='ocrx_word' id='word_1_286' title='bbox 2555 2312 2874 2381; x_wconf 73' lang='lat' dir='ltr'><strong>paenitentia:</strong></span> <span class='ocrx_word' id='word_1_287' title='bbox 2907 2312 3077 2381; x_wconf 87' lang='lat' dir='ltr'><strong>gradu</strong></span> <span class='ocrx_word' id='word_1_288' title='bbox 3113 2311 3516 2367; x_wconf 85' lang='lat' dir='ltr'><strong>sacramentalis</strong></span> <span class='ocrx_word' id='word_1_289' title='bbox 3545 2309 3760 2364; x_wconf 81' lang='lat' dir='ltr'><strong>absolu-.</strong></span> 
     </span>
    </p>
   </div>
   <div class='ocr_carea' id='block_1_27' title="bbox 501 2366 3250 2451">
    <p class='ocr_par' dir='ltr' id='par_1_27' title="bbox 501 2366 3250 2451">
     <span class='ocr_line' id='line_1_27' title="bbox 501 2366 3250 2451; baseline 0.002 -33"><span class='ocrx_word' id='word_1_290' title='bbox 501 2366 664 2435; x_wconf 79' lang='lat' dir='ltr'><strong>epist.</strong></span> <span class='ocrx_word' id='word_1_291' title='bbox 690 2367 790 2419; x_wconf 66' lang='grc' dir='ltr'><strong>ηε</strong></span> <span class='ocrx_word' id='word_1_292' title='bbox 826 2367 966 2420; x_wconf 85' lang='lat' dir='ltr'><strong>Nam</strong></span> <span class='ocrx_word' id='word_1_293' title='bbox 982 2385 1099 2421; x_wconf 88' lang='lat' dir='ltr'><strong>cum</strong></span> <span class='ocrx_word' id='word_1_294' title='bbox 1118 2370 1170 2420; x_wconf 86' lang='lat' dir='ltr'><strong>in</strong></span> <span class='ocrx_word' id='word_1_295' title='bbox 1200 2368 1490 2422; x_wconf 88' lang='lat' dir='ltr'><strong>minoribus</strong></span> <span class='ocrx_word' id='word_1_296' title='bbox 1511 2368 1737 2434; x_wconf 85' lang='lat' dir='ltr'><strong>delictis,</strong></span> <span class='ocrx_word' id='word_1_297' title='bbox 1761 2386 1878 2438; x_wconf 82' lang='lat' dir='ltr'><strong>qua:</strong></span> <span class='ocrx_word' id='word_1_298' title='bbox 1906 2372 2077 2425; x_wconf 83' lang='lat' dir='ltr'><strong>nonin</strong></span> <span class='ocrx_word' id='word_1_299' title='bbox 2191 2366 2227 2376; x_wconf 70' lang='grc'>”</span> <span class='ocrx_word' id='word_1_300' title='bbox 2556 2366 2568 2381; x_wconf 91' lang='grc'><em>’</em></span> <span class='ocrx_word' id='word_1_301' title='bbox 2695 2383 2769 2435; x_wconf 68' lang='grc' dir='ltr'><strong>τεο</strong></span> <span class='ocrx_word' id='word_1_302' title='bbox 2797 2366 3042 2436; x_wconf 60' lang='lat' dir='ltr'><strong>confessa</strong></span> <span class='ocrx_word' id='word_1_303' title='bbox 3073 2383 3250 2451; x_wconf 52' lang='lat' dir='ltr'><strong>fuerit,</strong></span> 
     </span>
    </p>
   </div>
   <div class='ocr_carea' id='block_1_28' title="bbox 502 2457 2103 2544">
    <p class='ocr_par' dir='ltr' id='par_1_28' title="bbox 502 2457 2076 2530">
     <span class='ocr_line' id='line_1_28' title="bbox 502 2457 2076 2530; baseline 0.002 -19"><span class='ocrx_word' id='word_1_304' title='bbox 502 2457 789 2513; x_wconf 82' lang='lat' dir='ltr'><strong>Dominum</strong></span> <span class='ocrx_word' id='word_1_305' title='bbox 841 2461 1284 2522; x_wconf 88' lang='lat' dir='ltr'><strong>committuntur,</strong></span> <span class='ocrx_word' id='word_1_306' title='bbox 1335 2461 1642 2530; x_wconf 73' lang='lat' dir='ltr'><strong>paenitentia</strong></span> <span class='ocrx_word' id='word_1_307' title='bbox 1685 2472 1876 2530; x_wconf 86' lang='lat' dir='ltr'><strong>agatur</strong></span> <span class='ocrx_word' id='word_1_308' title='bbox 1926 2465 2076 2530; x_wconf 89' lang='lat' dir='ltr'><strong>justo</strong></span> 
     </span>
    </p>
   </div>
   <div class='ocr_carea' id='block_1_29' title="bbox 2148 2457 3749 2544">
    <p class='ocr_par' dir='ltr' id='par_1_29' title="bbox 2257 2472 3749 2544">
     <span class='ocr_line' id='line_1_29' title="bbox 2257 2472 3749 2544; baseline -0.002 -18"><span class='ocrx_word' id='word_1_309' title='bbox 2257 2472 2335 2527; x_wconf 85' lang='lat' dir='ltr'><strong>Ex</strong></span> <span class='ocrx_word' id='word_1_310' title='bbox 2365 2489 2475 2544; x_wconf 89' lang='lat' dir='ltr'><strong>quo</strong></span> <span class='ocrx_word' id='word_1_311' title='bbox 2511 2473 2601 2528; x_wconf 91' lang='lat' dir='ltr'><strong>illa</strong></span> <span class='ocrx_word' id='word_1_312' title='bbox 2627 2488 2758 2528; x_wconf 88' lang='lat' dir='ltr'><strong>sane</strong></span> <span class='ocrx_word' id='word_1_313' title='bbox 2784 2490 2893 2528; x_wconf 90' lang='lat' dir='ltr'><strong>non</strong></span> <span class='ocrx_word' id='word_1_314' title='bbox 2923 2474 3056 2528; x_wconf 74' lang='lat' dir='ltr'><strong>levis</strong></span> <span class='ocrx_word' id='word_1_315' title='bbox 3081 2475 3297 2529; x_wconf 79' lang='lat' dir='ltr'><strong>exsistit</strong></span> <span class='ocrx_word' id='word_1_316' title='bbox 3321 2473 3548 2544; x_wconf 67' lang='lat' dir='ltr'><strong>quaestio</strong></span> <span class='ocrx_word' id='word_1_317' title='bbox 3582 2489 3594 2525; x_wconf 94' lang='lat'><strong>:</strong></span> <span class='ocrx_word' id='word_1_318' title='bbox 3621 2484 3749 2542; x_wconf 89' lang='lat' dir='ltr'><strong>quo-</strong></span> 
     </span>
    </p>
   </div>
   <div class='ocr_carea' id='block_1_30' title="bbox 505 2554 3756 2636">
    <p class='ocr_par' dir='ltr' id='par_1_30' title="bbox 505 2554 3756 2636">
     <span class='ocr_line' id='line_1_30' title="bbox 505 2554 3756 2636; baseline 0.004 -32"><span class='ocrx_word' id='word_1_319' title='bbox 505 2563 772 2621; x_wconf 87' lang='lat' dir='ltr'><strong>tempore,</strong></span> <span class='ocrx_word' id='word_1_320' title='bbox 820 2563 869 2606; x_wconf 92' lang='lat' dir='ltr'><strong>et</strong></span> <span class='ocrx_word' id='word_1_321' title='bbox 899 2554 1309 2623; x_wconf 72' lang='lat' dir='ltr'><strong>exliomologesis</strong></span> <span class='ocrx_word' id='word_1_322' title='bbox 1363 2554 1458 2622; x_wconf 84' lang='lat' dir='ltr'><strong>ﬁat</strong></span> <span class='ocrx_word' id='word_1_323' title='bbox 1503 2555 1737 2623; x_wconf 84' lang='lat' dir='ltr'><strong>inspecta</strong></span> <span class='ocrx_word' id='word_1_324' title='bbox 1790 2555 1894 2608; x_wconf 87' lang='lat' dir='ltr'><strong>vita</strong></span> <span class='ocrx_word' id='word_1_325' title='bbox 1939 2556 2076 2624; x_wconf 78' lang='lat' dir='ltr'><strong>ejus,</strong></span> <span class='ocrx_word' id='word_1_326' title='bbox 2185 2580 2312 2618; x_wconf 78' lang='lat' dir='ltr'><strong>nam</strong></span> <span class='ocrx_word' id='word_1_327' title='bbox 2347 2575 2607 2635; x_wconf 80' lang='lat' dir='ltr'><strong>tempore,</strong></span> <span class='ocrx_word' id='word_1_328' title='bbox 2647 2580 2825 2635; x_wconf 85' lang='lat' dir='ltr'><strong>quove</strong></span> <span class='ocrx_word' id='word_1_329' title='bbox 2864 2565 2918 2619; x_wconf 91' lang='lat' dir='ltr'><strong>in</strong></span> <span class='ocrx_word' id='word_1_330' title='bbox 2961 2566 3128 2636; x_wconf 79' lang='lat' dir='ltr'><strong>gradu</strong></span> <span class='ocrx_word' id='word_1_331' title='bbox 3171 2577 3498 2636; x_wconf 87' lang='lat' dir='ltr'><strong>postremam</strong></span> <span class='ocrx_word' id='word_1_332' title='bbox 3535 2565 3679 2618; x_wconf 84' lang='lat' dir='ltr'><strong>illam</strong></span> <span class='ocrx_word' id='word_1_333' title='bbox 3719 2577 3756 2620; x_wconf 68' lang='lat' dir='ltr'><strong>at</strong></span> 
     </span>
    </p>
   </div>
   <div class='ocr_carea' id='block_1_31' title="bbox 503 2641 2104 2726">
    <p class='ocr_par' dir='ltr' id='par_1_31' title="bbox 503 2641 2076 2712">
     <span class='ocr_line' id='line_1_31' title="bbox 503 2641 2076 2712; baseline 0.003 -19"><span class='ocrx_word' id='word_1_334' title='bbox 503 2643 592 2712; x_wconf 88' lang='lat' dir='ltr'><strong>qui</strong></span> <span class='ocrx_word' id='word_1_335' title='bbox 626 2643 732 2711; x_wconf 83' lang='lat' dir='ltr'><strong>agit</strong></span> <span class='ocrx_word' id='word_1_336' title='bbox 771 2641 1167 2711; x_wconf 76' lang='lat' dir='ltr'><strong>paenitentiam,</strong></span> <span class='ocrx_word' id='word_1_337' title='bbox 1213 2659 1303 2706; x_wconf 84' lang='lat' dir='ltr'><strong>nec</strong></span> <span class='ocrx_word' id='word_1_338' title='bbox 1339 2643 1408 2696; x_wconf 89' lang='lat' dir='ltr'><strong>ad</strong></span> <span class='ocrx_word' id='word_1_339' title='bbox 1433 2644 1954 2697; x_wconf 80' lang='lat' dir='ltr'><strong>communicationem</strong></span> <span class='ocrx_word' id='word_1_340' title='bbox 1989 2661 2076 2698; x_wconf 86' lang='lat' dir='ltr'><strong>ve-</strong></span> 
     </span>
    </p>
   </div>
   <div class='ocr_carea' id='block_1_32' title="bbox 2152 2641 3753 2726">
    <p class='ocr_par' dir='ltr' id='par_1_32' title="bbox 2186 2653 3753 2726">
     <span class='ocr_line' id='line_1_32' title="bbox 2186 2653 3753 2726; baseline 0 -14"><span class='ocrx_word' id='word_1_341' title='bbox 2186 2656 2422 2726; x_wconf 86' lang='lat' dir='ltr'><strong>peccatis</strong></span> <span class='ocrx_word' id='word_1_342' title='bbox 2450 2655 2851 2711; x_wconf 90' lang='lat' dir='ltr'><strong>absolutionem</strong></span> <span class='ocrx_word' id='word_1_343' title='bbox 2885 2658 3210 2725; x_wconf 68' lang='lat' dir='ltr'><strong>posuitentes</strong></span> <span class='ocrx_word' id='word_1_344' title='bbox 3237 2656 3561 2712; x_wconf 87' lang='lat' dir='ltr'><strong>obtinerent.</strong></span> <span class='ocrx_word' id='word_1_345' title='bbox 3599 2653 3753 2720; x_wconf 74' lang='lat' dir='ltr'><strong>Quod</strong></span> 
     </span>
    </p>
   </div>
   <div class='ocr_carea' id='block_1_33' title="bbox 505 2735 3746 2815">
    <p class='ocr_par' dir='ltr' id='par_1_33' title="bbox 505 2735 3746 2815">
     <span class='ocr_line' id='line_1_33' title="bbox 505 2735 3746 2815; baseline 0.001 -27"><span class='ocrx_word' id='word_1_346' title='bbox 505 2735 618 2788; x_wconf 87' lang='lat' dir='ltr'><strong>nire</strong></span> <span class='ocrx_word' id='word_1_347' title='bbox 639 2737 756 2805; x_wconf 86' lang='lat' dir='ltr'><strong>quis</strong></span> <span class='ocrx_word' id='word_1_348' title='bbox 796 2737 981 2806; x_wconf 85' lang='lat' dir='ltr'><strong>possit,</strong></span> <span class='ocrx_word' id='word_1_349' title='bbox 1024 2737 1126 2791; x_wconf 86' lang='lat' dir='ltr'><strong>nisi</strong></span> <span class='ocrx_word' id='word_1_350' title='bbox 1164 2737 1310 2805; x_wconf 87' lang='lat' dir='ltr'><strong>prius</strong></span> <span class='ocrx_word' id='word_1_351' title='bbox 1350 2737 1433 2790; x_wconf 79' lang='lat' dir='ltr'><strong>illi</strong></span> <span class='ocrx_word' id='word_1_352' title='bbox 1482 2737 1546 2790; x_wconf 89' lang='lat' dir='ltr'><strong>ab</strong></span> <span class='ocrx_word' id='word_1_353' title='bbox 1572 2737 1810 2806; x_wconf 79' lang='lat' dir='ltr'><strong>episeopo</strong></span> <span class='ocrx_word' id='word_1_354' title='bbox 1860 2747 1907 2789; x_wconf 91' lang='lat' dir='ltr'><strong>et</strong></span> <span class='ocrx_word' id='word_1_355' title='bbox 1937 2735 2076 2790; x_wconf 83' lang='lat' dir='ltr'><strong>clero</strong></span> <span class='ocrx_word' id='word_1_356' title='bbox 2185 2747 2328 2806; x_wconf 80' lang='lat' dir='ltr'><strong>enim</strong></span> <span class='ocrx_word' id='word_1_357' title='bbox 2383 2745 2614 2801; x_wconf 81' lang='lat' dir='ltr'><strong>subinde</strong></span> <span class='ocrx_word' id='word_1_358' title='bbox 2669 2756 2793 2815; x_wconf 62' lang='lat' dir='ltr'><strong>post</strong></span> <span class='ocrx_word' id='word_1_359' title='bbox 2827 2747 3026 2800; x_wconf 70' lang='lat' dir='ltr'><strong>editam</strong></span> <span class='ocrx_word' id='word_1_360' title='bbox 3058 2755 3402 2815; x_wconf 64' lang='lat' dir='ltr'><strong>peccatorum</strong></span> <span class='ocrx_word' id='word_1_361' title='bbox 3453 2745 3746 2800; x_wconf 78' lang='lat' dir='ltr'><strong>confessio-</strong></span> 
     </span>
    </p>
   </div>
   <div class='ocr_carea' id='block_1_34' title="bbox 504 2829 3755 2908">
    <p class='ocr_par' dir='ltr' id='par_1_34' title="bbox 504 2829 3755 2908">
     <span class='ocr_line' id='line_1_34' title="bbox 504 2829 3755 2908; baseline 0 -22"><span class='ocrx_word' id='word_1_362' title='bbox 504 2849 693 2886; x_wconf 81' lang='lat' dir='ltr'><strong>msnus</strong></span> <span class='ocrx_word' id='word_1_363' title='bbox 727 2833 891 2901; x_wconf 73' lang='lat' dir='ltr'><strong>fuerit.</strong></span> <span class='ocrx_word' id='word_1_364' title='bbox 928 2833 1196 2901; x_wconf 78' lang='lat' dir='ltr'><strong>imposita.</strong></span> <span class='ocrx_word' id='word_1_365' title='bbox 1231 2831 1372 2887; x_wconf 89' lang='lat' dir='ltr'><strong>Idem</strong></span> <span class='ocrx_word' id='word_1_366' title='bbox 1422 2832 1478 2886; x_wconf 91' lang='lat' dir='ltr'><strong>in</strong></span> <span class='ocrx_word' id='word_1_367' title='bbox 1511 2839 1650 2886; x_wconf 89' lang='lat' dir='ltr'><strong>orat.</strong></span> <span class='ocrx_word' id='word_1_368' title='bbox 1684 2829 1762 2884; x_wconf 88' lang='lat' dir='ltr'><strong>De</strong></span> <span class='ocrx_word' id='word_1_369' title='bbox 1797 2830 1991 2900; x_wconf 87' lang='lat' dir='ltr'><strong>lapsis,</strong></span> <span class='ocrx_word' id='word_1_370' title='bbox 2023 2839 2078 2885; x_wconf 89' lang='lat' dir='ltr'><strong>et</strong></span> <span class='ocrx_word' id='word_1_371' title='bbox 2186 2853 2310 2894; x_wconf 82' lang='lat' dir='ltr'><strong>nem</strong></span> <span class='ocrx_word' id='word_1_372' title='bbox 2369 2837 2576 2892; x_wconf 84' lang='lat' dir='ltr'><strong>absolvi</strong></span> <span class='ocrx_word' id='word_1_373' title='bbox 2636 2853 2744 2892; x_wconf 91' lang='lat' dir='ltr'><strong>non</strong></span> <span class='ocrx_word' id='word_1_374' title='bbox 2794 2837 3051 2902; x_wconf 88' lang='lat' dir='ltr'><strong>solerent,</strong></span> <span class='ocrx_word' id='word_1_375' title='bbox 3084 2838 3248 2908; x_wconf 89' lang='lat' dir='ltr'><strong>idque</strong></span> <span class='ocrx_word' id='word_1_376' title='bbox 3293 2837 3506 2891; x_wconf 90' lang='lat' dir='ltr'><strong>nonnisi</strong></span> <span class='ocrx_word' id='word_1_377' title='bbox 3541 2837 3755 2908; x_wconf 73' lang='lat' dir='ltr'><strong>expleto,</strong></span> 
     </span>
    </p>
   </div>
   <div class='ocr_carea' id='block_1_35' title="bbox 503 2920 3753 2999">
    <p class='ocr_par' dir='ltr' id='par_1_35' title="bbox 503 2920 3753 2999">
     <span class='ocr_line' id='line_1_35' title="bbox 503 2920 3753 2999; baseline 0.002 -20"><span class='ocrx_word' id='word_1_378' title='bbox 503 2924 631 2979; x_wconf 91' lang='lat' dir='ltr'><strong>alibi</strong></span> <span class='ocrx_word' id='word_1_379' title='bbox 656 2924 854 2994; x_wconf 71' lang='lat' dir='ltr'><strong>saepius</strong></span> <span class='ocrx_word' id='word_1_380' title='bbox 879 2923 1070 2981; x_wconf 88' lang='lat' dir='ltr'><strong>eodem</strong></span> <span class='ocrx_word' id='word_1_381' title='bbox 1089 2923 1279 2978; x_wconf 83' lang='lat' dir='ltr'><strong>ordine</strong></span> <span class='ocrx_word' id='word_1_382' title='bbox 1308 2931 1722 2984; x_wconf 77' lang='lat' dir='ltr'><strong>commemoral-</strong></span> <span class='ocrx_word' id='word_1_383' title='bbox 1748 2920 1890 2988; x_wconf 71' lang='lat' dir='ltr'><strong>Qum</strong></span> <span class='ocrx_word' id='word_1_384' title='bbox 1911 2922 2074 2975; x_wconf 70' lang='grc' dir='ltr'><strong>θῐῖιιηι</strong></span> <span class='ocrx_word' id='word_1_385' title='bbox 2185 2928 2514 2997; x_wconf 57' lang='lat' dir='ltr'><strong>paenitentia</strong></span> <span class='ocrx_word' id='word_1_386' title='bbox 2541 2937 2782 2999; x_wconf 89' lang='lat' dir='ltr'><strong>tempore</strong></span> <span class='ocrx_word' id='word_1_387' title='bbox 2809 2939 3293 2999; x_wconf 88' lang='lat' dir='ltr'><strong>consequerentur,</strong></span> <span class='ocrx_word' id='word_1_388' title='bbox 3325 2929 3567 2998; x_wconf 76' lang='lat' dir='ltr'><strong>pluribus</strong></span> <span class='ocrx_word' id='word_1_389' title='bbox 3597 2937 3753 2986; x_wconf 67' lang='lat' dir='ltr'><strong>antea</strong></span> 
     </span>
    </p>
   </div>
   <div class='ocr_carea' id='block_1_36' title="bbox 503 3012 3744 3084">
    <p class='ocr_par' dir='ltr' id='par_1_36' title="bbox 503 3012 3744 3084">
     <span class='ocr_line' id='line_1_36' title="bbox 503 3012 3744 3084; baseline -0.001 -14"><span class='ocrx_word' id='word_1_390' title='bbox 503 3015 730 3070; x_wconf 85' lang='lat' dir='ltr'><strong>Tertull.</strong></span> <span class='ocrx_word' id='word_1_391' title='bbox 782 3016 877 3071; x_wconf 91' lang='lat' dir='ltr'><strong>lib.</strong></span> <span class='ocrx_word' id='word_1_392' title='bbox 924 3015 1001 3070; x_wconf 88' lang='lat' dir='ltr'><strong>De</strong></span> <span class='ocrx_word' id='word_1_393' title='bbox 1049 3032 1182 3084; x_wconf 66' lang='lat' dir='ltr'><strong>pan.</strong></span> <span class='ocrx_word' id='word_1_394' title='bbox 1218 3014 1553 3069; x_wconf 89' lang='lat' dir='ltr'><strong>enumeratis</strong></span> <span class='ocrx_word' id='word_1_395' title='bbox 1598 3013 1854 3068; x_wconf 91' lang='lat' dir='ltr'><strong>omnibus</strong></span> <span class='ocrx_word' id='word_1_396' title='bbox 1905 3012 2077 3082; x_wconf 70' lang='lat' dir='ltr'><strong>pmni-</strong></span> <span class='ocrx_word' id='word_1_397' title='bbox 2183 3016 2616 3072; x_wconf 87' lang='lat' dir='ltr'><strong>demonstratum</strong></span> <span class='ocrx_word' id='word_1_398' title='bbox 2663 3025 2766 3072; x_wconf 92' lang='lat' dir='ltr'><strong>est.</strong></span> <span class='ocrx_word' id='word_1_399' title='bbox 2812 3016 2968 3071; x_wconf 82' lang='lat' dir='ltr'><strong>Nunc</strong></span> <span class='ocrx_word' id='word_1_400' title='bbox 3013 3019 3143 3073; x_wconf 88' lang='lat' dir='ltr'><strong>illud</strong></span> <span class='ocrx_word' id='word_1_401' title='bbox 3209 3019 3401 3072; x_wconf 90' lang='lat' dir='ltr'><strong>merito</strong></span> <span class='ocrx_word' id='word_1_402' title='bbox 3452 3018 3744 3078; x_wconf 90' lang='lat' dir='ltr'><strong>dubitatur,</strong></span> 
     </span>
    </p>
   </div>
   <div class='ocr_carea' id='block_1_37' title="bbox 505 3104 3750 3177">
    <p class='ocr_par' dir='ltr' id='par_1_37' title="bbox 505 3104 3750 3177">
     <span class='ocr_line' id='line_1_37' title="bbox 505 3104 3750 3177; baseline -0.002 -13"><span class='ocrx_word' id='word_1_403' title='bbox 505 3110 731 3164; x_wconf 80' lang='lat' dir='ltr'><strong>tentiam</strong></span> <span class='ocrx_word' id='word_1_404' title='bbox 769 3109 1131 3163; x_wconf 86' lang='lat' dir='ltr'><strong>incommodis</strong></span> <span class='ocrx_word' id='word_1_405' title='bbox 1166 3123 1229 3162; x_wconf 89' lang='lat' dir='ltr'><strong>ac</strong></span> <span class='ocrx_word' id='word_1_406' title='bbox 1257 3106 1674 3166; x_wconf 83' lang='lat' dir='ltr'><strong>vexationibus,</strong></span> <span class='ocrx_word' id='word_1_407' title='bbox 1721 3105 1836 3160; x_wconf 70' lang='lat' dir='ltr'><strong>haec</strong></span> <span class='ocrx_word' id='word_1_408' title='bbox 1867 3104 2071 3158; x_wconf 77' lang='lat' dir='ltr'><strong>infert:</strong></span> <span class='ocrx_word' id='word_1_409' title='bbox 2109 3163 2146 3177; x_wconf 48' lang='grc'><strong><em>⁸</em></strong></span> <span class='ocrx_word' id='word_1_410' title='bbox 2188 3113 2497 3158; x_wconf 89' lang='lat' dir='ltr'><strong>utrumnam</strong></span> <span class='ocrx_word' id='word_1_411' title='bbox 2538 3114 2735 3174; x_wconf 90' lang='lat' dir='ltr'><strong>quarto</strong></span> <span class='ocrx_word' id='word_1_412' title='bbox 2769 3105 2991 3177; x_wconf 89' lang='lat' dir='ltr'><strong>insuper</strong></span> <span class='ocrx_word' id='word_1_413' title='bbox 3037 3106 3230 3177; x_wconf 79' lang='lat' dir='ltr'><strong>gradu,</strong></span> <span class='ocrx_word' id='word_1_414' title='bbox 3283 3106 3388 3162; x_wconf 87' lang='lat' dir='ltr'><strong>hoc</strong></span> <span class='ocrx_word' id='word_1_415' title='bbox 3432 3117 3513 3161; x_wconf 92' lang='lat' dir='ltr'><strong>est</strong></span> <span class='ocrx_word' id='word_1_416' title='bbox 3558 3104 3750 3159; x_wconf 62' lang='grc' dir='ltr'>συστάε</span> 
     </span>
    </p>
   </div>
   <div class='ocr_carea' id='block_1_38' title="bbox 503 3163 3746 3271">
    <p class='ocr_par' dir='ltr' id='par_1_38' title="bbox 503 3163 3746 3271">
     <span class='ocr_line' id='line_1_38' title="bbox 503 3163 3746 3271; baseline -0.001 -14"><span class='ocrx_word' id='word_1_417' title='bbox 503 3198 762 3257; x_wconf 73' lang='lat' dir='ltr'><strong>Miserum</strong></span> <span class='ocrx_word' id='word_1_418' title='bbox 810 3209 885 3253; x_wconf 90' lang='lat' dir='ltr'><strong>est</strong></span> <span class='ocrx_word' id='word_1_419' title='bbox 927 3200 1003 3252; x_wconf 90' lang='lat' dir='ltr'><strong>sic</strong></span> <span class='ocrx_word' id='word_1_420' title='bbox 1050 3199 1118 3251; x_wconf 93' lang='lat' dir='ltr'><strong>ad</strong></span> <span class='ocrx_word' id='word_1_421' title='bbox 1169 3198 1590 3268; x_wconf 76' lang='lat' dir='ltr'><strong>exhomologesin</strong></span> <span class='ocrx_word' id='word_1_422' title='bbox 1620 3197 1898 3265; x_wconf 85' lang='lat' dir='ltr'><strong>pervenire.</strong></span> <span class='ocrx_word' id='word_1_423' title='bbox 1931 3196 2077 3250; x_wconf 79' lang='lat' dir='ltr'><strong>Malo</strong></span> <span class='ocrx_word' id='word_1_424' title='bbox 2104 3163 2147 3220; x_wconf 74' lang='lat' dir='ltr'>c</span> <span class='ocrx_word' id='word_1_425' title='bbox 2185 3215 2288 3265; x_wconf 84' lang='grc' dir='ltr'>σει,</span> <span class='ocrx_word' id='word_1_426' title='bbox 2328 3198 2482 3268; x_wconf 92' lang='lat' dir='ltr'><strong>prius</strong></span> <span class='ocrx_word' id='word_1_427' title='bbox 2525 3197 2927 3269; x_wconf 81' lang='lat' dir='ltr'><strong>defungendum</strong></span> <span class='ocrx_word' id='word_1_428' title='bbox 2981 3199 3087 3254; x_wconf 89' lang='lat' dir='ltr'><strong>illis</strong></span> <span class='ocrx_word' id='word_1_429' title='bbox 3132 3199 3329 3265; x_wconf 90' lang='lat' dir='ltr'><strong>fuerit,</strong></span> <span class='ocrx_word' id='word_1_430' title='bbox 3365 3216 3525 3271; x_wconf 87' lang='lat' dir='ltr'><strong>quam</strong></span> <span class='ocrx_word' id='word_1_431' title='bbox 3567 3216 3746 3256; x_wconf 83' lang='lat' dir='ltr'><strong>sacra-</strong></span> 
     </span>
    </p>
   </div>
   <div class='ocr_carea' id='block_1_39' title="bbox 502 3285 3751 3359">
    <p class='ocr_par' dir='ltr' id='par_1_39' title="bbox 502 3285 3751 3359">
     <span class='ocr_line' id='line_1_39' title="bbox 502 3285 3751 3359; baseline -0.002 -12"><span class='ocrx_word' id='word_1_432' title='bbox 502 3293 641 3347; x_wconf 85' lang='lat' dir='ltr'><strong>enim</strong></span> <span class='ocrx_word' id='word_1_433' title='bbox 687 3291 756 3344; x_wconf 89' lang='lat' dir='ltr'><strong>ad</strong></span> <span class='ocrx_word' id='word_1_434' title='bbox 789 3292 1056 3347; x_wconf 77' lang='lat' dir='ltr'><strong>miseriam</strong></span> <span class='ocrx_word' id='word_1_435' title='bbox 1103 3291 1438 3359; x_wconf 84' lang='lat' dir='ltr'><strong>pervenitur;</strong></span> <span class='ocrx_word' id='word_1_436' title='bbox 1474 3291 1562 3348; x_wconf 84' lang='lat' dir='ltr'><strong>sed</strong></span> <span class='ocrx_word' id='word_1_437' title='bbox 1594 3289 1682 3343; x_wconf 87' lang='lat' dir='ltr'><strong>ubi</strong></span> <span class='ocrx_word' id='word_1_438' title='bbox 1725 3290 2079 3359; x_wconf 83' lang='lat' dir='ltr'><strong>pamilendum</strong></span> <span class='ocrx_word' id='word_1_439' title='bbox 2185 3285 2503 3350; x_wconf 91' lang='lat' dir='ltr'><strong>mentalem,</strong></span> <span class='ocrx_word' id='word_1_440' title='bbox 2559 3296 2619 3340; x_wconf 89' lang='lat' dir='ltr'><strong>ut</strong></span> <span class='ocrx_word' id='word_1_441' title='bbox 2673 3297 2898 3355; x_wconf 73' lang='lat' dir='ltr'><strong>vocant,</strong></span> <span class='ocrx_word' id='word_1_442' title='bbox 2934 3287 3329 3343; x_wconf 86' lang='lat' dir='ltr'><strong>absolutionem</strong></span> <span class='ocrx_word' id='word_1_443' title='bbox 3380 3289 3751 3359; x_wconf 85' lang='lat' dir='ltr'><strong>impetrarent,</strong></span> 
     </span>
    </p>
   </div>
   <div class='ocr_carea' id='block_1_40' title="bbox 501 3373 3748 3451">
    <p class='ocr_par' dir='ltr' id='par_1_40' title="bbox 501 3373 3748 3451">
     <span class='ocr_line' id='line_1_40' title="bbox 501 3373 3748 3451; baseline -0.002 -16"><span class='ocrx_word' id='word_1_444' title='bbox 501 3392 599 3444; x_wconf 87' lang='lat' dir='ltr'><strong>est,</strong></span> <span class='ocrx_word' id='word_1_445' title='bbox 631 3382 821 3435; x_wconf 85' lang='lat' dir='ltr'><strong>desinit</strong></span> <span class='ocrx_word' id='word_1_446' title='bbox 851 3382 1099 3434; x_wconf 83' lang='lat' dir='ltr'><strong>miserum</strong></span> <span class='ocrx_word' id='word_1_447' title='bbox 1126 3421 1140 3445; x_wconf 94' lang='lat'><strong>,</strong></span> <span class='ocrx_word' id='word_1_448' title='bbox 1179 3383 1302 3448; x_wconf 86' lang='lat' dir='ltr'><strong>quia</strong></span> <span class='ocrx_word' id='word_1_449' title='bbox 1335 3382 1539 3451; x_wconf 78' lang='lat' dir='ltr'><strong>factum</strong></span> <span class='ocrx_word' id='word_1_450' title='bbox 1589 3391 1666 3439; x_wconf 79' lang='lat' dir='ltr'><strong>est</strong></span> <span class='ocrx_word' id='word_1_451' title='bbox 1697 3381 1956 3444; x_wconf 82' lang='lat' dir='ltr'><strong>salutare.</strong></span> <span class='ocrx_word' id='word_1_452' title='bbox 2001 3380 2077 3436; x_wconf 87' lang='lat' dir='ltr'><strong>Ex</strong></span> <span class='ocrx_word' id='word_1_453' title='bbox 2183 3389 2251 3428; x_wconf 87' lang='lat' dir='ltr'><strong>an</strong></span> <span class='ocrx_word' id='word_1_454' title='bbox 2279 3383 2401 3442; x_wconf 92' lang='lat' dir='ltr'><strong>post</strong></span> <span class='ocrx_word' id='word_1_455' title='bbox 2431 3373 2746 3428; x_wconf 78' lang='grc' dir='ltr'>ὑπόπτωσιν</span> <span class='ocrx_word' id='word_1_456' title='bbox 2776 3374 3191 3430; x_wconf 85' lang='lat' dir='ltr'><strong>absolverentur</strong></span> <span class='ocrx_word' id='word_1_457' title='bbox 3217 3390 3248 3430; x_wconf 94' lang='lat' dir='ltr'><strong>a</strong></span> <span class='ocrx_word' id='word_1_458' title='bbox 3273 3377 3507 3446; x_wconf 88' lang='lat' dir='ltr'><strong>peccatis</strong></span> <span class='ocrx_word' id='word_1_459' title='bbox 3538 3376 3615 3431; x_wconf 76' lang='lat' dir='ltr'><strong>illi</strong></span> <span class='ocrx_word' id='word_1_460' title='bbox 3639 3378 3748 3446; x_wconf 81' lang='lat' dir='ltr'><strong>qui-</strong></span> 
     </span>
    </p>
   </div>
   <div class='ocr_carea' id='block_1_41' title="bbox 505 3460 3746 3545">
    <p class='ocr_par' dir='ltr' id='par_1_41' title="bbox 505 3460 3746 3545">
     <span class='ocr_line' id='line_1_41' title="bbox 505 3460 3746 3545; baseline 0.001 -19"><span class='ocrx_word' id='word_1_461' title='bbox 505 3471 706 3543; x_wconf 70' lang='lat' dir='ltr'><strong>Quibus</strong></span> <span class='ocrx_word' id='word_1_462' title='bbox 749 3473 1097 3542; x_wconf 89' lang='lat' dir='ltr'><strong>perspicuum</strong></span> <span class='ocrx_word' id='word_1_463' title='bbox 1148 3473 1392 3527; x_wconf 90' lang='lat' dir='ltr'><strong>redditur</strong></span> <span class='ocrx_word' id='word_1_464' title='bbox 1417 3513 1431 3538; x_wconf 94' lang='lat'><strong>,</strong></span> <span class='ocrx_word' id='word_1_465' title='bbox 1468 3481 1594 3527; x_wconf 89' lang='lat' dir='ltr'><strong>ante</strong></span> <span class='ocrx_word' id='word_1_466' title='bbox 1627 3471 2076 3545; x_wconf 79' lang='lat' dir='ltr'><strong>exliomologcsin</strong></span> <span class='ocrx_word' id='word_1_467' title='bbox 2179 3460 2451 3528; x_wconf 69' lang='grc' dir='ltr'><strong>ἀθηιν,εεά</strong></span> <span class='ocrx_word' id='word_1_468' title='bbox 2493 3462 2732 3515; x_wconf 72' lang='grc' dir='ltr'>ηοιιάυπι</span> <span class='ocrx_word' id='word_1_469' title='bbox 2765 3471 2946 3516; x_wconf 67' lang='lat' dir='ltr'><strong>“lmen</strong></span> <span class='ocrx_word' id='word_1_470' title='bbox 2995 3462 3063 3520; x_wconf 70' lang='lat' dir='ltr'><strong>ad</strong></span> <span class='ocrx_word' id='word_1_471' title='bbox 3114 3462 3382 3519; x_wconf 77' lang='lat' dir='ltr'><strong>DomlnlCl</strong></span> <span class='ocrx_word' id='word_1_472' title='bbox 3417 3464 3746 3518; x_wconf 72' lang='lat' dir='ltr'><strong>communlo&#39;</strong></span> 
     </span>
    </p>
   </div>
   <div class='ocr_carea' id='block_1_42' title="bbox 504 3550 2105 3634">
    <p class='ocr_par' dir='ltr' id='par_1_42' title="bbox 504 3564 2075 3634">
     <span class='ocr_line' id='line_1_42' title="bbox 504 3564 2075 3634; baseline 0.001 -16"><span class='ocrx_word' id='word_1_473' title='bbox 504 3565 703 3620; x_wconf 89' lang='lat' dir='ltr'><strong>multas</strong></span> <span class='ocrx_word' id='word_1_474' title='bbox 757 3564 1135 3634; x_wconf 72' lang='lat' dir='ltr'><strong>pmnitentium</strong></span> <span class='ocrx_word' id='word_1_475' title='bbox 1193 3565 1440 3621; x_wconf 86' lang='lat' dir='ltr'><strong>actiones</strong></span> <span class='ocrx_word' id='word_1_476' title='bbox 1496 3565 1632 3620; x_wconf 90' lang='lat' dir='ltr'><strong>alias</strong></span> <span class='ocrx_word' id='word_1_477' title='bbox 1695 3566 2075 3632; x_wconf 83' lang='lat' dir='ltr'><strong>antecessisse,</strong></span> 
     </span>
    </p>
   </div>
   <div class='ocr_carea' id='block_1_43' title="bbox 2141 3550 3742 3634">
    <p class='ocr_par' dir='ltr' id='par_1_43' title="bbox 2185 3550 3742 3624">
     <span class='ocr_line' id='line_1_43' title="bbox 2185 3550 3742 3624; baseline 0.003 -22"><span class='ocrx_word' id='word_1_478' title='bbox 2185 3563 2310 3602; x_wconf 90' lang='lat' dir='ltr'><strong>nem</strong></span> <span class='ocrx_word' id='word_1_479' title='bbox 2345 3550 2591 3617; x_wconf 89' lang='lat' dir='ltr'><strong>corporis</strong></span> <span class='ocrx_word' id='word_1_480' title='bbox 2623 3551 3059 3606; x_wconf 89' lang='lat' dir='ltr'><strong>admitterentur.</strong></span> <span class='ocrx_word' id='word_1_481' title='bbox 3090 3552 3171 3607; x_wconf 84' lang='lat' dir='ltr'><strong>Ac</strong></span> <span class='ocrx_word' id='word_1_482' title='bbox 3191 3553 3361 3608; x_wconf 90' lang='lat' dir='ltr'><strong>videri</strong></span> <span class='ocrx_word' id='word_1_483' title='bbox 3395 3569 3529 3610; x_wconf 88' lang='lat' dir='ltr'><strong>sane</strong></span> <span class='ocrx_word' id='word_1_484' title='bbox 3555 3561 3742 3624; x_wconf 88' lang='lat' dir='ltr'><strong>potest,</strong></span> 
     </span>
    </p>
   </div>
   <div class='ocr_carea' id='block_1_44' title="bbox 505 3641 2106 3727">
    <p class='ocr_par' dir='ltr' id='par_1_44' title="bbox 505 3655 2077 3727">
     <span class='ocr_line' id='line_1_44' title="bbox 505 3655 2077 3727; baseline 0 -15"><span class='ocrx_word' id='word_1_485' title='bbox 505 3657 652 3714; x_wconf 85' lang='lat' dir='ltr'><strong>illam</strong></span> <span class='ocrx_word' id='word_1_486' title='bbox 693 3666 875 3710; x_wconf 89' lang='lat' dir='ltr'><strong>autem</strong></span> <span class='ocrx_word' id='word_1_487' title='bbox 923 3655 1291 3720; x_wconf 82' lang='grc' dir='ltr'>ὑποπτὼσεως</span> <span class='ocrx_word' id='word_1_488' title='bbox 1340 3657 1669 3726; x_wconf 86' lang='lat' dir='ltr'><strong>peculiarem</strong></span> <span class='ocrx_word' id='word_1_489' title='bbox 1727 3672 1890 3724; x_wconf 88' lang='lat' dir='ltr'><strong>esse,</strong></span> <span class='ocrx_word' id='word_1_490' title='bbox 1948 3658 2077 3727; x_wconf 89' lang='lat' dir='ltr'><strong>quia</strong></span> 
     </span>
    </p>
   </div>
   <div class='ocr_carea' id='block_1_45' title="bbox 2144 3641 3745 3727">
    <p class='ocr_par' dir='ltr' id='par_1_45' title="bbox 2183 3641 3745 3712">
     <span class='ocr_line' id='line_1_45' title="bbox 2183 3641 3745 3712; baseline 0.003 -18"><span class='ocrx_word' id='word_1_491' title='bbox 2183 3649 2304 3709; x_wconf 87' lang='lat' dir='ltr'><strong>post</strong></span> <span class='ocrx_word' id='word_1_492' title='bbox 2346 3641 2682 3706; x_wconf 81' lang='grc' dir='ltr'>ὑπόπτωσιν,</span> <span class='ocrx_word' id='word_1_493' title='bbox 2728 3653 3074 3712; x_wconf 82' lang='lat' dir='ltr'><strong>peccatorum</strong></span> <span class='ocrx_word' id='word_1_494' title='bbox 3114 3644 3220 3700; x_wconf 91' lang='lat' dir='ltr'><strong>illis</strong></span> <span class='ocrx_word' id='word_1_495' title='bbox 3258 3646 3495 3709; x_wconf 84' lang='lat' dir='ltr'><strong>veniam,</strong></span> <span class='ocrx_word' id='word_1_496' title='bbox 3539 3646 3641 3700; x_wconf 88' lang='lat' dir='ltr'><strong>hoc</strong></span> <span class='ocrx_word' id='word_1_497' title='bbox 3671 3652 3745 3699; x_wconf 84' lang='lat' dir='ltr'><strong>est</strong></span> 
     </span>
    </p>
   </div>
   <div class='ocr_carea' id='block_1_46' title="bbox 506 3731 3747 3820">
    <p class='ocr_par' dir='ltr' id='par_1_46' title="bbox 506 3731 3747 3820">
     <span class='ocr_line' id='line_1_46' title="bbox 506 3731 3747 3820; baseline 0.001 -18"><span class='ocrx_word' id='word_1_498' title='bbox 506 3748 764 3810; x_wconf 76' lang='grc' dir='ltr'>σύστασις</span> <span class='ocrx_word' id='word_1_499' title='bbox 800 3764 906 3803; x_wconf 85' lang='grc'><strong>11011</strong></span> <span class='ocrx_word' id='word_1_500' title='bbox 943 3748 1054 3818; x_wconf 86' lang='lat' dir='ltr'><strong>jam</strong></span> <span class='ocrx_word' id='word_1_501' title='bbox 1107 3750 1322 3807; x_wconf 81' lang='lat' dir='ltr'><strong>miseria</strong></span> <span class='ocrx_word' id='word_1_502' title='bbox 1351 3750 1457 3804; x_wconf 87' lang='lat' dir='ltr'><strong>dici</strong></span> <span class='ocrx_word' id='word_1_503' title='bbox 1492 3758 1705 3820; x_wconf 74' lang='lat' dir='ltr'><strong>potest,</strong></span> <span class='ocrx_word' id='word_1_504' title='bbox 1738 3765 1862 3808; x_wconf 90' lang='lat' dir='ltr'><strong>cum</strong></span> <span class='ocrx_word' id='word_1_505' title='bbox 1900 3759 2077 3806; x_wconf 85' lang='lat' dir='ltr'><strong>status</strong></span> <span class='ocrx_word' id='word_1_506' title='bbox 2183 3731 2630 3792; x_wconf 60' lang='lat' dir='ltr'><strong>sacrameﬂlalem</strong></span> <span class='ocrx_word' id='word_1_507' title='bbox 2703 3735 2851 3789; x_wconf 74' lang='lat' dir='ltr'><strong>lllam</strong></span> <span class='ocrx_word' id='word_1_508' title='bbox 2909 3737 3306 3792; x_wconf 62' lang='lat' dir='ltr'><strong>relaxallonel“</strong></span> <span class='ocrx_word' id='word_1_509' title='bbox 3357 3751 3478 3791; x_wconf 60' lang='lat' dir='ltr'><strong>esse</strong></span> <span class='ocrx_word' id='word_1_510' title='bbox 3529 3751 3747 3792; x_wconf 72' lang='lat' dir='ltr'><strong>conces‘</strong></span> 
     </span>
    </p>
   </div>
   <div class='ocr_carea' id='block_1_47' title="bbox 507 3824 2108 3909">
    <p class='ocr_par' dir='ltr' id='par_1_47' title="bbox 507 3839 2073 3909">
     <span class='ocr_line' id='line_1_47' title="bbox 507 3839 2073 3909; baseline 0.001 -16"><span class='ocrx_word' id='word_1_511' title='bbox 507 3842 596 3898; x_wconf 84' lang='lat' dir='ltr'><strong>hic</strong></span> <span class='ocrx_word' id='word_1_512' title='bbox 636 3839 968 3909; x_wconf 66' lang='lat' dir='ltr'><strong>pmuilentia:</strong></span> <span class='ocrx_word' id='word_1_513' title='bbox 996 3839 1478 3899; x_wconf 85' lang='lat' dir='ltr'><strong>commodissimus</strong></span> <span class='ocrx_word' id='word_1_514' title='bbox 1512 3839 1756 3896; x_wconf 87' lang='lat' dir='ltr'><strong>omnium</strong></span> <span class='ocrx_word' id='word_1_515' title='bbox 1779 3841 2073 3895; x_wconf 86' lang='lat' dir='ltr'><strong>exstiterit.</strong></span> 
     </span>
    </p>
   </div>
   <div class='ocr_carea' id='block_1_48' title="bbox 2144 3824 3745 3909">
    <p class='ocr_par' dir='ltr' id='par_1_48' title="bbox 2181 3824 3745 3902">
     <span class='ocr_line' id='line_1_48' title="bbox 2181 3824 3745 3902; baseline 0.003 -25"><span class='ocrx_word' id='word_1_516' title='bbox 2181 3839 2318 3878; x_wconf 89' lang='lat' dir='ltr'><strong>sam.</strong></span> <span class='ocrx_word' id='word_1_517' title='bbox 2372 3824 2506 3880; x_wconf 87' lang='lat' dir='ltr'><strong>Nam</strong></span> <span class='ocrx_word' id='word_1_518' title='bbox 2555 3841 2681 3882; x_wconf 92' lang='lat' dir='ltr'><strong>cum</strong></span> <span class='ocrx_word' id='word_1_519' title='bbox 2733 3829 2893 3883; x_wconf 91' lang='lat' dir='ltr'><strong>tertio</strong></span> <span class='ocrx_word' id='word_1_520' title='bbox 2942 3845 3009 3885; x_wconf 83' lang='lat' dir='ltr'><strong>ex</strong></span> <span class='ocrx_word' id='word_1_521' title='bbox 3057 3829 3153 3885; x_wconf 91' lang='lat' dir='ltr'><strong>illo</strong></span> <span class='ocrx_word' id='word_1_522' title='bbox 3203 3829 3373 3902; x_wconf 77' lang='lat' dir='ltr'><strong>gradu</strong></span> <span class='ocrx_word' id='word_1_523' title='bbox 3425 3830 3493 3884; x_wconf 89' lang='lat' dir='ltr'><strong>ad</strong></span> <span class='ocrx_word' id='word_1_524' title='bbox 3555 3830 3745 3883; x_wconf 76' lang='grc' dir='ltr'>σύστα-</span> 
     </span>
    </p>
   </div>
   <div class='ocr_carea' id='block_1_49' title="bbox 503 3919 2104 4000">
    <p class='ocr_par' dir='ltr' id='par_1_49' title="bbox 503 3931 2079 4000">
     <span class='ocr_line' id='line_1_49' title="bbox 503 3931 2079 4000; baseline 0 -14"><span class='ocrx_word' id='word_1_525' title='bbox 503 3931 574 3992; x_wconf 81' lang='lat' dir='ltr'><strong>At</strong></span> <span class='ocrx_word' id='word_1_526' title='bbox 628 3931 943 3994; x_wconf 73' lang='grc' dir='ltr'>ὑπόπτωσις</span> <span class='ocrx_word' id='word_1_527' title='bbox 1000 3931 1200 3985; x_wconf 88' lang='lat' dir='ltr'><strong>multas</strong></span> <span class='ocrx_word' id='word_1_528' title='bbox 1253 3931 1751 4000; x_wconf 87' lang='lat' dir='ltr'><strong>acerbissimasque</strong></span> <span class='ocrx_word' id='word_1_529' title='bbox 1799 3931 2079 3986; x_wconf 89' lang='lat' dir='ltr'><strong>molestias</strong></span> 
     </span>
    </p>
   </div>
   <div class='ocr_carea' id='block_1_50' title="bbox 2146 3919 3747 4000">
    <p class='ocr_par' dir='ltr' id='par_1_50' title="bbox 2183 3919 3747 3993">
     <span class='ocr_line' id='line_1_50' title="bbox 2183 3919 3747 3993; baseline 0.006 -25"><span class='ocrx_word' id='word_1_530' title='bbox 2183 3932 2267 3968; x_wconf 92' lang='grc' dir='ltr'><strong>σιν</strong></span> <span class='ocrx_word' id='word_1_531' title='bbox 2305 3928 2661 3986; x_wconf 82' lang='lat' dir='ltr'><strong>emerseram,</strong></span> <span class='ocrx_word' id='word_1_532' title='bbox 2693 3919 3021 3989; x_wconf 70' lang='lat' dir='ltr'><strong>ptenitentes</strong></span> <span class='ocrx_word' id='word_1_533' title='bbox 3055 3937 3179 3977; x_wconf 88' lang='lat' dir='ltr'><strong>esse</strong></span> <span class='ocrx_word' id='word_1_534' title='bbox 3227 3922 3633 3993; x_wconf 88' lang='lat' dir='ltr'><strong>quodammodo</strong></span> <span class='ocrx_word' id='word_1_535' title='bbox 3667 3923 3747 3977; x_wconf 91' lang='lat' dir='ltr'><strong>de-</strong></span> 
     </span>
    </p>
   </div>
   <div class='ocr_carea' id='block_1_51' title="bbox 503 4007 2104 4092">
    <p class='ocr_par' dir='ltr' id='par_1_51' title="bbox 503 4022 2074 4092">
     <span class='ocr_line' id='line_1_51' title="bbox 503 4022 2074 4092; baseline -0.001 -14"><span class='ocrx_word' id='word_1_536' title='bbox 503 4023 725 4087; x_wconf 77' lang='lat' dir='ltr'><strong>habuit,</strong></span> <span class='ocrx_word' id='word_1_537' title='bbox 777 4031 830 4078; x_wconf 90' lang='lat' dir='ltr'><strong>et</strong></span> <span class='ocrx_word' id='word_1_538' title='bbox 859 4022 1066 4092; x_wconf 88' lang='lat' dir='ltr'><strong>majore</strong></span> <span class='ocrx_word' id='word_1_539' title='bbox 1111 4037 1236 4077; x_wconf 93' lang='lat' dir='ltr'><strong>cum</strong></span> <span class='ocrx_word' id='word_1_540' title='bbox 1267 4022 1593 4077; x_wconf 90' lang='lat' dir='ltr'><strong>verecundia</strong></span> <span class='ocrx_word' id='word_1_541' title='bbox 1621 4022 1911 4091; x_wconf 89' lang='lat' dir='ltr'><strong>conjuncta</strong></span> <span class='ocrx_word' id='word_1_542' title='bbox 1951 4022 2074 4090; x_wconf 90' lang='lat' dir='ltr'><strong>fuit,</strong></span> 
     </span>
    </p>
   </div>
   <div class='ocr_carea' id='block_1_52' title="bbox 2148 4007 3749 4092">
    <p class='ocr_par' dir='ltr' id='par_1_52' title="bbox 2183 4007 3749 4085">
     <span class='ocr_line' id='line_1_52' title="bbox 2183 4007 3749 4085; baseline 0.005 -25"><span class='ocrx_word' id='word_1_543' title='bbox 2183 4007 2456 4072; x_wconf 87' lang='lat' dir='ltr'><strong>sinebant,</strong></span> <span class='ocrx_word' id='word_1_544' title='bbox 2489 4019 2547 4064; x_wconf 91' lang='lat' dir='ltr'><strong>ut</strong></span> <span class='ocrx_word' id='word_1_545' title='bbox 2582 4012 2745 4079; x_wconf 92' lang='lat' dir='ltr'><strong>paulo</strong></span> <span class='ocrx_word' id='word_1_546' title='bbox 2774 4025 2899 4067; x_wconf 89' lang='lat' dir='ltr'><strong>ante</strong></span> <span class='ocrx_word' id='word_1_547' title='bbox 2936 4013 3337 4075; x_wconf 85' lang='lat' dir='ltr'><strong>declaravimus</strong></span> <span class='ocrx_word' id='word_1_548' title='bbox 3364 4034 3376 4069; x_wconf 96' lang='lat'><strong>:</strong></span> <span class='ocrx_word' id='word_1_549' title='bbox 3415 4016 3560 4085; x_wconf 91' lang='lat' dir='ltr'><strong>quod</strong></span> <span class='ocrx_word' id='word_1_550' title='bbox 3590 4029 3749 4084; x_wconf 57' lang='lat' dir='ltr'><strong>argu-n</strong></span> 
     </span>
    </p>
   </div>
   <div class='ocr_carea' id='block_1_53' title="bbox 503 4106 2104 4185">
    <p class='ocr_par' dir='ltr' id='par_1_53' title="bbox 503 4113 2079 4185">
     <span class='ocr_line' id='line_1_53' title="bbox 503 4113 2079 4185; baseline 0.001 -16"><span class='ocrx_word' id='word_1_551' title='bbox 503 4130 629 4172; x_wconf 86' lang='lat' dir='ltr'><strong>cum</strong></span> <span class='ocrx_word' id='word_1_552' title='bbox 668 4115 720 4172; x_wconf 86' lang='lat' dir='ltr'><strong>in</strong></span> <span class='ocrx_word' id='word_1_553' title='bbox 771 4113 955 4173; x_wconf 29' lang='lat' dir='ltr'><strong>media,</strong></span> <span class='ocrx_word' id='word_1_554' title='bbox 977 4115 1158 4185; x_wconf 91' lang='lat' dir='ltr'><strong>populi</strong></span> <span class='ocrx_word' id='word_1_555' title='bbox 1207 4113 1472 4170; x_wconf 88' lang='lat' dir='ltr'><strong>concione</strong></span> <span class='ocrx_word' id='word_1_556' title='bbox 1506 4116 1706 4170; x_wconf 88' lang='lat' dir='ltr'><strong>sistens</strong></span> <span class='ocrx_word' id='word_1_557' title='bbox 1736 4130 1857 4170; x_wconf 85' lang='lat' dir='ltr'><strong>sese</strong></span> <span class='ocrx_word' id='word_1_558' title='bbox 1894 4131 2079 4185; x_wconf 90' lang='lat' dir='ltr'><strong>pecca-</strong></span> 
     </span>
    </p>
   </div>
   <div class='ocr_carea' id='block_1_54' title="bbox 2144 4106 3745 4185">
    <p class='ocr_par' dir='ltr' id='par_1_54' title="bbox 2183 4106 3745 4175">
     <span class='ocr_line' id='line_1_54' title="bbox 2183 4106 3745 4175; baseline 0.004 -23"><span class='ocrx_word' id='word_1_559' title='bbox 2183 4110 2369 4155; x_wconf 84' lang='lat' dir='ltr'><strong>mento</strong></span> <span class='ocrx_word' id='word_1_560' title='bbox 2395 4117 2516 4156; x_wconf 86' lang='lat' dir='ltr'><strong>esse</strong></span> <span class='ocrx_word' id='word_1_561' title='bbox 2569 4114 2768 4173; x_wconf 86' lang='lat' dir='ltr'><strong>potest,</strong></span> <span class='ocrx_word' id='word_1_562' title='bbox 2811 4107 3052 4161; x_wconf 80' lang='lat' dir='ltr'><strong>relaxata</strong></span> <span class='ocrx_word' id='word_1_563' title='bbox 3077 4107 3188 4175; x_wconf 85' lang='lat' dir='ltr'><strong>jam</strong></span> <span class='ocrx_word' id='word_1_564' title='bbox 3222 4106 3331 4163; x_wconf 89' lang='lat' dir='ltr'><strong>illis</strong></span> <span class='ocrx_word' id='word_1_565' title='bbox 3359 4121 3424 4169; x_wconf 88' lang='lat' dir='ltr'><strong>ac</strong></span> <span class='ocrx_word' id='word_1_566' title='bbox 3449 4106 3745 4161; x_wconf 86' lang='lat' dir='ltr'><strong>condonata</strong></span> 
     </span>
    </p>
   </div>
   <div class='ocr_carea' id='block_1_55' title="bbox 505 4194 3755 4276">
    <p class='ocr_par' dir='ltr' id='par_1_55' title="bbox 505 4194 3755 4276">
     <span class='ocr_line' id='line_1_55' title="bbox 505 4194 3755 4276; baseline 0.001 -13"><span class='ocrx_word' id='word_1_567' title='bbox 505 4215 683 4266; x_wconf 88' lang='lat' dir='ltr'><strong>torem.</strong></span> <span class='ocrx_word' id='word_1_568' title='bbox 709 4205 1054 4276; x_wconf 85' lang='lat' dir='ltr'><strong>profiteretur</strong></span> <span class='ocrx_word' id='word_1_569' title='bbox 1076 4245 1092 4271; x_wconf 90' lang='lat'><strong>,</strong></span> <span class='ocrx_word' id='word_1_570' title='bbox 1147 4221 1211 4261; x_wconf 90' lang='lat' dir='ltr'><strong>ac</strong></span> <span class='ocrx_word' id='word_1_571' title='bbox 1268 4207 1575 4276; x_wconf 83' lang='lat' dir='ltr'><strong>generalem</strong></span> <span class='ocrx_word' id='word_1_572' title='bbox 1631 4205 2075 4276; x_wconf 68' lang='lat' dir='ltr'><strong>exhomol03csin</strong></span> <span class='ocrx_word' id='word_1_573' title='bbox 2181 4208 2303 4248; x_wconf 66' lang='lat' dir='ltr'><strong>esse</strong></span> <span class='ocrx_word' id='word_1_574' title='bbox 2336 4194 2591 4259; x_wconf 57' lang='lat' dir='ltr'><strong>crimina.</strong></span> <span class='ocrx_word' id='word_1_575' title='bbox 2621 4205 2841 4266; x_wconf 69' lang='grc' dir='ltr'><strong>Ρτοριετ</strong></span> <span class='ocrx_word' id='word_1_576' title='bbox 2864 4213 2987 4268; x_wconf 66' lang='grc' dir='ltr'><strong>ηυδε</strong></span> <span class='ocrx_word' id='word_1_577' title='bbox 3027 4198 3082 4252; x_wconf 64' lang='lat' dir='ltr'><strong>in</strong></span> <span class='ocrx_word' id='word_1_578' title='bbox 3115 4198 3261 4263; x_wconf 82' lang='lat' dir='ltr'><strong>illam</strong></span> <span class='ocrx_word' id='word_1_579' title='bbox 3298 4198 3562 4263; x_wconf 73' lang='lat' dir='ltr'><strong>obeundae</strong></span> <span class='ocrx_word' id='word_1_580' title='bbox 3583 4195 3755 4266; x_wconf 71' lang='grc' dir='ltr'><strong>Ρωυῖ-</strong></span> 
     </span>
    </p>
   </div>
   <div class='ocr_carea' id='block_1_56' title="bbox 504 4282 3746 4369">
    <p class='ocr_par' dir='ltr' id='par_1_56' title="bbox 504 4282 3746 4369">
     <span class='ocr_line' id='line_1_56' title="bbox 504 4282 3746 4369; baseline -0.001 -17"><span class='ocrx_word' id='word_1_581' title='bbox 504 4298 815 4367; x_wconf 88' lang='lat' dir='ltr'><strong>concipiens</strong></span> <span class='ocrx_word' id='word_1_582' title='bbox 837 4296 1094 4369; x_wconf 86' lang='lat' dir='ltr'><strong>lacrymis</strong></span> <span class='ocrx_word' id='word_1_583' title='bbox 1122 4307 1285 4368; x_wconf 90' lang='lat' dir='ltr'><strong>atque</strong></span> <span class='ocrx_word' id='word_1_584' title='bbox 1309 4297 1604 4364; x_wconf 88' lang='lat' dir='ltr'><strong>ejulatibus</strong></span> <span class='ocrx_word' id='word_1_585' title='bbox 1635 4297 1864 4357; x_wconf 87' lang='lat' dir='ltr'><strong>instaret</strong></span> <span class='ocrx_word' id='word_1_586' title='bbox 1890 4299 2078 4352; x_wconf 89' lang='lat' dir='ltr'><strong>arden-</strong></span> <span class='ocrx_word' id='word_1_587' title='bbox 2183 4282 2368 4337; x_wconf 56' lang='lat' dir='ltr'><strong>lentia?</strong></span> <span class='ocrx_word' id='word_1_588' title='bbox 2397 4286 2776 4340; x_wconf 61' lang='grc' dir='ltr'><strong>ηεεθεδῖῑθῑειη</strong></span> <span class='ocrx_word' id='word_1_589' title='bbox 2822 4287 3184 4354; x_wconf 76' lang='lat' dir='ltr'><strong>incurrerant-</strong></span> <span class='ocrx_word' id='word_1_590' title='bbox 3215 4289 3367 4343; x_wconf 65' lang='lat' dir='ltr'><strong>Atlth</strong></span> <span class='ocrx_word' id='word_1_591' title='bbox 3403 4289 3588 4343; x_wconf 73' lang='lat' dir='ltr'><strong>omnia</strong></span> <span class='ocrx_word' id='word_1_592' title='bbox 3625 4287 3746 4350; x_wconf 74' lang='lat' dir='ltr'><strong>illis.</strong></span> 
     </span>
    </p>
   </div>
   <div class='ocr_carea' id='block_1_57' title="bbox 503 4370 3750 4459">
    <p class='ocr_par' dir='ltr' id='par_1_57' title="bbox 503 4370 3750 4459">
     <span class='ocr_line' id='line_1_57' title="bbox 503 4370 3750 4459; baseline 0.001 -16"><span class='ocrx_word' id='word_1_593' title='bbox 503 4388 632 4446; x_wconf 84' lang='lat' dir='ltr'><strong>tius.</strong></span> <span class='ocrx_word' id='word_1_594' title='bbox 663 4389 956 4459; x_wconf 88' lang='lat' dir='ltr'><strong>Propterea</strong></span> <span class='ocrx_word' id='word_1_595' title='bbox 986 4389 1277 4448; x_wconf 81' lang='lat' dir='ltr'><strong>concilium</strong></span> <span class='ocrx_word' id='word_1_596' title='bbox 1315 4389 1696 4458; x_wconf 80' lang='lat' dir='ltr'><strong>Ancyranum,</strong></span> <span class='ocrx_word' id='word_1_597' title='bbox 1721 4398 1781 4443; x_wconf 91' lang='lat' dir='ltr'><strong>ut</strong></span> <span class='ocrx_word' id='word_1_598' title='bbox 1805 4404 1971 4458; x_wconf 88' lang='lat' dir='ltr'><strong>supra</strong></span> <span class='ocrx_word' id='word_1_599' title='bbox 1996 4388 2077 4444; x_wconf 90' lang='lat' dir='ltr'><strong>vi-</strong></span> <span class='ocrx_word' id='word_1_600' title='bbox 2187 4385 2297 4424; x_wconf 77' lang='grc' dir='ltr'><strong>υηο</strong></span> <span class='ocrx_word' id='word_1_601' title='bbox 2321 4382 2546 4441; x_wconf 72' lang='grc' dir='ltr'>ειοειηο</span> <span class='ocrx_word' id='word_1_602' title='bbox 2579 4370 2794 4431; x_wconf 69' lang='lat' dir='ltr'><strong>Domini</strong></span> <span class='ocrx_word' id='word_1_603' title='bbox 2825 4389 3076 4445; x_wconf 54' lang='lat' dir='ltr'><strong>corpore,</strong></span> <span class='ocrx_word' id='word_1_604' title='bbox 3112 4391 3235 4431; x_wconf 68' lang='lat' dir='ltr'><strong>cum</strong></span> <span class='ocrx_word' id='word_1_605' title='bbox 3260 4377 3474 4442; x_wconf 58' lang='grc' dir='ltr'><strong>(καθ’ίὸ</strong></span> <span class='ocrx_word' id='word_1_606' title='bbox 3507 4375 3750 4430; x_wconf 64' lang='grc' dir='ltr'><strong>θαθηυυε</strong></span> 
     </span>
    </p>
   </div>
   <div class='ocr_carea' id='block_1_58' title="bbox 502 4461 3754 4553">
    <p class='ocr_par' dir='ltr' id='par_1_58' title="bbox 502 4461 3754 4553">
     <span class='ocr_line' id='line_1_58' title="bbox 502 4461 3754 4553; baseline 0.003 -22"><span class='ocrx_word' id='word_1_607' title='bbox 502 4477 718 4543; x_wconf 90' lang='lat' dir='ltr'><strong>dimus,</strong></span> <span class='ocrx_word' id='word_1_608' title='bbox 765 4492 887 4532; x_wconf 89' lang='lat' dir='ltr'><strong>can.</strong></span> <span class='ocrx_word' id='word_1_609' title='bbox 921 4476 988 4532; x_wconf 78' lang='lat' dir='ltr'><strong>l9</strong></span> <span class='ocrx_word' id='word_1_610' title='bbox 1017 4477 1307 4534; x_wconf 89' lang='lat' dir='ltr'><strong>voluntarii</strong></span> <span class='ocrx_word' id='word_1_611' title='bbox 1348 4478 1623 4549; x_wconf 91' lang='lat' dir='ltr'><strong>parricidii</strong></span> <span class='ocrx_word' id='word_1_612' title='bbox 1660 4494 1782 4535; x_wconf 89' lang='lat' dir='ltr'><strong>reos</strong></span> <span class='ocrx_word' id='word_1_613' title='bbox 1808 4488 1923 4534; x_wconf 90' lang='lat' dir='ltr'><strong>toto</strong></span> <span class='ocrx_word' id='word_1_614' title='bbox 1949 4480 2074 4536; x_wconf 69' lang='lat' dir='ltr'><strong>vitae</strong></span> <span class='ocrx_word' id='word_1_615' title='bbox 2107 4497 2152 4553; x_wconf 77' lang='grc' dir='ltr'>υ</span> <span class='ocrx_word' id='word_1_616' title='bbox 2184 4461 2356 4518; x_wconf 61' lang='lat' dir='ltr'><strong>“lisse</strong></span> <span class='ocrx_word' id='word_1_617' title='bbox 2401 4467 2713 4520; x_wconf 67' lang='lat' dir='ltr'><strong>communia</strong></span> <span class='ocrx_word' id='word_1_618' title='bbox 2754 4485 2768 4521; x_wconf 76' lang='grc'>³</span> <span class='ocrx_word' id='word_1_619' title='bbox 2819 4468 3000 4522; x_wconf 74' lang='lat' dir='ltr'><strong>locum</strong></span> <span class='ocrx_word' id='word_1_620' title='bbox 3055 4470 3111 4523; x_wconf 71' lang='lat' dir='ltr'><strong>in</strong></span> <span class='ocrx_word' id='word_1_621' title='bbox 3171 4469 3363 4533; x_wconf 70' lang='lat' dir='ltr'><strong>Primis</strong></span> <span class='ocrx_word' id='word_1_622' title='bbox 3415 4484 3481 4525; x_wconf 71' lang='lat'><strong>3°</strong></span> <span class='ocrx_word' id='word_1_623' title='bbox 3540 4480 3754 4537; x_wconf 68' lang='grc' dir='ltr'><strong>ῑθῐηβυδ</strong></span> 
     </span>
    </p>
   </div>
   <div class='ocr_carea' id='block_1_59' title="bbox 504 4555 3749 4638">
    <p class='ocr_par' dir='ltr' id='par_1_59' title="bbox 504 4555 3749 4638">
     <span class='ocr_line' id='line_1_59' title="bbox 504 4555 3749 4638; baseline -0.003 -18"><span class='ocrx_word' id='word_1_624' title='bbox 504 4575 748 4638; x_wconf 88' lang='lat' dir='ltr'><strong>tempore</strong></span> <span class='ocrx_word' id='word_1_625' title='bbox 781 4567 1110 4621; x_wconf 81' lang='grc' dir='ltr'>ὑποπίπτειν</span> <span class='ocrx_word' id='word_1_626' title='bbox 1133 4566 1309 4637; x_wconf 86' lang='lat' dir='ltr'><strong>jubet.</strong></span> <span class='ocrx_word' id='word_1_627' title='bbox 2182 4555 2484 4622; x_wconf 89' lang='lat' dir='ltr'><strong>orationis;</strong></span> <span class='ocrx_word' id='word_1_628' title='bbox 2533 4572 2709 4626; x_wconf 89' lang='lat' dir='ltr'><strong>neque</strong></span> <span class='ocrx_word' id='word_1_629' title='bbox 2735 4560 2878 4614; x_wconf 89' lang='lat' dir='ltr'><strong>enim</strong></span> <span class='ocrx_word' id='word_1_630' title='bbox 2907 4576 3028 4614; x_wconf 85' lang='lat' dir='ltr'><strong>cum</strong></span> <span class='ocrx_word' id='word_1_631' title='bbox 3076 4561 3469 4631; x_wconf 81' lang='lat' dir='ltr'><strong>pceuiteutibus</strong></span> <span class='ocrx_word' id='word_1_632' title='bbox 3511 4560 3749 4623; x_wconf 89' lang='lat' dir='ltr'><strong>exibant,</strong></span> 
     </span>
    </p>
   </div>
   <div class='ocr_carea' id='block_1_60' title="bbox 574 4647 3755 4732">
    <p class='ocr_par' dir='ltr' id='par_1_60' title="bbox 574 4647 3755 4732">
     <span class='ocr_line' id='line_1_60' title="bbox 574 4647 3755 4732; baseline -0 -27"><span class='ocrx_word' id='word_1_633' title='bbox 574 4663 753 4732; x_wconf 57' lang='lat' dir='ltr'><strong>Atque</strong></span> <span class='ocrx_word' id='word_1_634' title='bbox 783 4659 1029 4714; x_wconf 78' lang='lat' dir='ltr'><strong>eamdem</strong></span> <span class='ocrx_word' id='word_1_635' title='bbox 1057 4673 1178 4713; x_wconf 70' lang='lat' dir='ltr'><strong>esse</strong></span> <span class='ocrx_word' id='word_1_636' title='bbox 1207 4673 1428 4717; x_wconf 74' lang='lat' dir='ltr'><strong>causam</strong></span> <span class='ocrx_word' id='word_1_637' title='bbox 1475 4659 1765 4729; x_wconf 68' lang='lat' dir='ltr'><strong>suspicor,</strong></span> <span class='ocrx_word' id='word_1_638' title='bbox 1806 4670 1908 4711; x_wconf 67' lang='lat' dir='ltr'><strong>cur</strong></span> <span class='ocrx_word' id='word_1_639' title='bbox 1952 4673 2071 4728; x_wconf 58' lang='lat' dir='ltr'><strong>pm-</strong></span> <span class='ocrx_word' id='word_1_640' title='bbox 2179 4661 2281 4701; x_wconf 88' lang='lat' dir='ltr'><strong>nec</strong></span> <span class='ocrx_word' id='word_1_641' title='bbox 2319 4647 2468 4710; x_wconf 91' lang='lat' dir='ltr'><strong>alibi,</strong></span> <span class='ocrx_word' id='word_1_642' title='bbox 2516 4664 2679 4718; x_wconf 89' lang='lat' dir='ltr'><strong>quam</strong></span> <span class='ocrx_word' id='word_1_643' title='bbox 2733 4651 2825 4706; x_wconf 92' lang='lat' dir='ltr'><strong>ubi</strong></span> <span class='ocrx_word' id='word_1_644' title='bbox 2879 4651 3066 4717; x_wconf 80' lang='lat' dir='ltr'><strong>fideles</strong></span> <span class='ocrx_word' id='word_1_645' title='bbox 3111 4654 3327 4719; x_wconf 67' lang='lat' dir='ltr'><strong>caeteri,</strong></span> <span class='ocrx_word' id='word_1_646' title='bbox 3376 4654 3755 4710; x_wconf 75' lang='lat' dir='ltr'><strong>versabantur.</strong></span> 
     </span>
    </p>
   </div>
   <div class='ocr_carea' id='block_1_61' title="bbox 505 4733 2106 4826">
    <p class='ocr_par' dir='ltr' id='par_1_61' title="bbox 505 4750 2078 4826">
     <span class='ocr_line' id='line_1_61' title="bbox 505 4750 2078 4826; baseline -0.001 -19"><span class='ocrx_word' id='word_1_647' title='bbox 505 4753 791 4815; x_wconf 84' lang='lat' dir='ltr'><strong>nitentium</strong></span> <span class='ocrx_word' id='word_1_648' title='bbox 845 4752 1066 4805; x_wconf 91' lang='lat' dir='ltr'><strong>nomine</strong></span> <span class='ocrx_word' id='word_1_649' title='bbox 1103 4765 1244 4820; x_wconf 66' lang='lat' dir='ltr'><strong>saape</strong></span> <span class='ocrx_word' id='word_1_650' title='bbox 1291 4750 1366 4804; x_wconf 93' lang='lat' dir='ltr'><strong>illi</strong></span> <span class='ocrx_word' id='word_1_651' title='bbox 1409 4751 1509 4806; x_wconf 90' lang='lat' dir='ltr'><strong>soli</strong></span> <span class='ocrx_word' id='word_1_652' title='bbox 1551 4752 2078 4826; x_wconf 85' lang='lat' dir='ltr'><strong>comprehendantur</strong></span> 
     </span>
    </p>
   </div>
   <div class='ocr_carea' id='block_1_62' title="bbox 2154 4733 3755 4826">
    <p class='ocr_par' dir='ltr' id='par_1_62' title="bbox 2182 4733 3755 4813">
     <span class='ocr_line' id='line_1_62' title="bbox 2182 4733 3755 4813; baseline 0.003 -25"><span class='ocrx_word' id='word_1_653' title='bbox 2182 4733 2320 4790; x_wconf 91' lang='lat' dir='ltr'><strong>Tum</strong></span> <span class='ocrx_word' id='word_1_654' title='bbox 2381 4738 2648 4793; x_wconf 86' lang='lat' dir='ltr'><strong>sacrificia</strong></span> <span class='ocrx_word' id='word_1_655' title='bbox 2703 4741 2819 4810; x_wconf 89' lang='lat' dir='ltr'><strong>ipsa</strong></span> <span class='ocrx_word' id='word_1_656' title='bbox 2869 4751 2924 4799; x_wconf 90' lang='lat' dir='ltr'><strong>et</strong></span> <span class='ocrx_word' id='word_1_657' title='bbox 2981 4742 3227 4813; x_wconf 82' lang='lat' dir='ltr'><strong>Iiturgias</strong></span> <span class='ocrx_word' id='word_1_658' title='bbox 3261 4785 3276 4809; x_wconf 92' lang='lat'><strong>,</strong></span> <span class='ocrx_word' id='word_1_659' title='bbox 3326 4759 3568 4813; x_wconf 20' lang='lat' dir='ltr'><strong>quorum,</strong></span> <span class='ocrx_word' id='word_1_660' title='bbox 3618 4741 3755 4795; x_wconf 85' lang='lat' dir='ltr'><strong>citra.</strong></span> 
     </span>
    </p>
   </div>
   <div class='ocr_carea' id='block_1_63' title="bbox 503 4829 3752 4913">
    <p class='ocr_par' dir='ltr' id='par_1_63' title="bbox 503 4829 3752 4913">
     <span class='ocr_line' id='line_1_63' title="bbox 503 4829 3752 4913; baseline -0 -14"><span class='ocrx_word' id='word_1_661' title='bbox 503 4863 536 4904; x_wconf 77' lang='lat' dir='ltr'><strong>a</strong></span> <span class='ocrx_word' id='word_1_662' title='bbox 559 4843 810 4899; x_wconf 90' lang='lat' dir='ltr'><strong>conciliis</strong></span> <span class='ocrx_word' id='word_1_663' title='bbox 855 4851 909 4896; x_wconf 90' lang='lat' dir='ltr'><strong>et</strong></span> <span class='ocrx_word' id='word_1_664' title='bbox 937 4840 1212 4905; x_wconf 82' lang='lat' dir='ltr'><strong>Patribus,</strong></span> <span class='ocrx_word' id='word_1_665' title='bbox 1246 4841 1426 4910; x_wconf 86' lang='lat' dir='ltr'><strong>quiin</strong></span> <span class='ocrx_word' id='word_1_666' title='bbox 1461 4840 1635 4897; x_wconf 88' lang='lat' dir='ltr'><strong>tribus</strong></span> <span class='ocrx_word' id='word_1_667' title='bbox 1665 4842 1856 4910; x_wconf 91' lang='lat' dir='ltr'><strong>primis</strong></span> <span class='ocrx_word' id='word_1_668' title='bbox 1895 4841 2076 4913; x_wconf 81' lang='lat' dir='ltr'><strong>gradi-</strong></span> <span class='ocrx_word' id='word_1_669' title='bbox 2180 4829 2649 4893; x_wconf 59' lang='lat' dir='ltr'><strong>communionem,</strong></span> <span class='ocrx_word' id='word_1_670' title='bbox 2684 4841 2840 4887; x_wconf 69' lang='lat' dir='ltr'><strong>eram</strong></span> <span class='ocrx_word' id='word_1_671' title='bbox 2878 4833 3194 4903; x_wconf 68' lang='grc' dir='ltr'><strong>Ρθτιίοίρθε·</strong></span> <span class='ocrx_word' id='word_1_672' title='bbox 3241 4832 3446 4888; x_wconf 69' lang='lat' dir='ltr'><strong>Deinde</strong></span> <span class='ocrx_word' id='word_1_673' title='bbox 3482 4847 3614 4888; x_wconf 68' lang='lat' dir='ltr'><strong>“3T0</strong></span> <span class='ocrx_word' id='word_1_674' title='bbox 3658 4846 3752 4898; x_wconf 62' lang='grc' dir='ltr'><strong>Μ’</strong></span> 
     </span>
    </p>
   </div>
   <div class='ocr_carea' id='block_1_64' title="bbox 504 4921 3750 5003">
    <p class='ocr_par' dir='ltr' id='par_1_64' title="bbox 504 4921 3750 5003">
     <span class='ocr_line' id='line_1_64' title="bbox 504 4921 3750 5003; baseline -0.002 -10"><span class='ocrx_word' id='word_1_675' title='bbox 504 4937 607 4999; x_wconf 81' lang='lat' dir='ltr'><strong>bus</strong></span> <span class='ocrx_word' id='word_1_676' title='bbox 643 4936 927 4989; x_wconf 75' lang='lat' dir='ltr'><strong>haererent.</strong></span> <span class='ocrx_word' id='word_1_677' title='bbox 959 4929 1094 4985; x_wconf 91' lang='lat' dir='ltr'><strong>Nam</strong></span> <span class='ocrx_word' id='word_1_678' title='bbox 1141 4931 1194 4984; x_wconf 93' lang='lat' dir='ltr'><strong>in</strong></span> <span class='ocrx_word' id='word_1_679' title='bbox 1240 4930 1476 5001; x_wconf 79' lang='lat' dir='ltr'><strong>liturgiis</strong></span> <span class='ocrx_word' id='word_1_680' title='bbox 1519 4945 1583 4986; x_wconf 85' lang='lat' dir='ltr'><strong>ac</strong></span> <span class='ocrx_word' id='word_1_681' title='bbox 1628 4933 1911 4995; x_wconf 81' lang='lat' dir='ltr'><strong>sacrificiis</strong></span> <span class='ocrx_word' id='word_1_682' title='bbox 1955 4943 2078 5003; x_wconf 89' lang='lat' dir='ltr'><strong>post</strong></span> <span class='ocrx_word' id='word_1_683' title='bbox 2181 4921 2315 4979; x_wconf 81' lang='lat' dir='ltr'><strong>mini</strong></span> <span class='ocrx_word' id='word_1_684' title='bbox 2351 4922 2576 4978; x_wconf 82' lang='lat' dir='ltr'><strong>dubium</strong></span> <span class='ocrx_word' id='word_1_685' title='bbox 2614 4923 2746 4979; x_wconf 80' lang='lat' dir='ltr'><strong>illud</strong></span> <span class='ocrx_word' id='word_1_686' title='bbox 2778 4935 2885 4992; x_wconf 71' lang='lat' dir='ltr'><strong>est.</strong></span> <span class='ocrx_word' id='word_1_687' title='bbox 2909 4941 3005 5003; x_wconf 85' lang='lat' dir='ltr'><strong>per</strong></span> <span class='ocrx_word' id='word_1_688' title='bbox 3038 4925 3436 4995; x_wconf 82' lang='lat' dir='ltr'><strong>imposilionem</strong></span> <span class='ocrx_word' id='word_1_689' title='bbox 3469 4937 3750 4988; x_wconf 75' lang='lat' dir='ltr'><strong>manuum.</strong></span> 
     </span>
    </p>
   </div>
   <div class='ocr_carea' id='block_1_65' title="bbox 502 5015 3761 5096">
    <p class='ocr_par' dir='ltr' id='par_1_65' title="bbox 502 5015 3761 5096">
     <span class='ocr_line' id='line_1_65' title="bbox 502 5015 3761 5096; baseline -0.001 -14"><span class='ocrx_word' id='word_1_690' title='bbox 502 5025 911 5096; x_wconf 83' lang='lat' dir='ltr'><strong>Scripturarum</strong></span> <span class='ocrx_word' id='word_1_691' title='bbox 952 5023 1241 5078; x_wconf 88' lang='lat' dir='ltr'><strong>lectionem</strong></span> <span class='ocrx_word' id='word_1_692' title='bbox 1276 5030 1330 5076; x_wconf 91' lang='lat' dir='ltr'><strong>et</strong></span> <span class='ocrx_word' id='word_1_693' title='bbox 1363 5023 1530 5077; x_wconf 91' lang='lat' dir='ltr'><strong>divini</strong></span> <span class='ocrx_word' id='word_1_694' title='bbox 1569 5024 2079 5093; x_wconf 71' lang='lat' dir='ltr'><strong>verbipraedicatio-</strong></span> <span class='ocrx_word' id='word_1_695' title='bbox 2179 5023 2374 5068; x_wconf 61' lang='grc' dir='ltr'><strong>οπωτὲ</strong></span> <span class='ocrx_word' id='word_1_696' title='bbox 2427 5024 2487 5068; x_wconf 80' lang='grc' dir='ltr'><strong>ιιι</strong></span> <span class='ocrx_word' id='word_1_697' title='bbox 2532 5015 2814 5081; x_wconf 61' lang='lat' dir='ltr'><strong>militum.</strong></span> <span class='ocrx_word' id='word_1_698' title='bbox 2859 5029 3208 5087; x_wconf 75' lang='lat' dir='ltr'><strong>Peccalorum</strong></span> <span class='ocrx_word' id='word_1_699' title='bbox 3255 5017 3363 5074; x_wconf 83' lang='lat' dir='ltr'><strong>illis</strong></span> <span class='ocrx_word' id='word_1_700' title='bbox 3418 5016 3761 5087; x_wconf 65' lang='lat' dir='ltr'><strong>temporibus</strong></span> 
     </span>
    </p>
   </div>
   <div class='ocr_carea' id='block_1_66' title="bbox 502 5107 3755 5189">
    <p class='ocr_par' dir='ltr' id='par_1_66' title="bbox 502 5107 3755 5189">
     <span class='ocr_line' id='line_1_66' title="bbox 502 5107 3755 5189; baseline -0.002 -15"><span class='ocrx_word' id='word_1_701' title='bbox 502 5135 648 5186; x_wconf 91' lang='lat' dir='ltr'><strong>nem,</strong></span> <span class='ocrx_word' id='word_1_702' title='bbox 692 5119 1007 5187; x_wconf 90' lang='lat' dir='ltr'><strong>priusquam</strong></span> <span class='ocrx_word' id='word_1_703' title='bbox 1041 5115 1110 5170; x_wconf 89' lang='lat' dir='ltr'><strong>ad</strong></span> <span class='ocrx_word' id='word_1_704' title='bbox 1142 5130 1339 5170; x_wconf 88' lang='lat' dir='ltr'><strong>arcana</strong></span> <span class='ocrx_word' id='word_1_705' title='bbox 1366 5116 1792 5186; x_wconf 80' lang='lat' dir='ltr'><strong>augustioraque</strong></span> <span class='ocrx_word' id='word_1_706' title='bbox 1818 5118 2076 5189; x_wconf 86' lang='lat' dir='ltr'><strong>mysteria</strong></span> <span class='ocrx_word' id='word_1_707' title='bbox 2179 5107 2439 5171; x_wconf 67' lang='grc' dir='ltr'><strong>ιτίιιυιηηι</strong></span> <span class='ocrx_word' id='word_1_708' title='bbox 2476 5122 2603 5163; x_wconf 74' lang='lat' dir='ltr'><strong>esse</strong></span> <span class='ocrx_word' id='word_1_709' title='bbox 2644 5109 2883 5164; x_wconf 68' lang='lat' dir='ltr'><strong>veniam.</strong></span> <span class='ocrx_word' id='word_1_710' title='bbox 2934 5107 3139 5163; x_wconf 63' lang='lat' dir='ltr'><strong>Docet&quot;.</strong></span> <span class='ocrx_word' id='word_1_711' title='bbox 3183 5110 3286 5164; x_wconf 84' lang='lat' dir='ltr'><strong>hoc</strong></span> <span class='ocrx_word' id='word_1_712' title='bbox 3331 5109 3617 5164; x_wconf 79' lang='lat' dir='ltr'><strong>innumera</strong></span> <span class='ocrx_word' id='word_1_713' title='bbox 3651 5109 3755 5189; x_wconf 68' lang='lat' dir='ltr'><strong>Cy-</strong></span> 
     </span>
    </p>
   </div>
   <div class='ocr_carea' id='block_1_67' title="bbox 495 5188 3755 5280">
    <p class='ocr_par' dir='ltr' id='par_1_67' title="bbox 495 5188 3755 5280">
     <span class='ocr_line' id='line_1_67' title="bbox 495 5188 3755 5280; baseline -0.002 -18"><span class='ocrx_word' id='word_1_714' title='bbox 495 5188 1955 5280; x_wconf 77' lang='lat' dir='ltr'><strong>progrederentur,_catechumenos,energumenoscum</strong></span> <span class='ocrx_word' id='word_1_715' title='bbox 1970 5225 2080 5280; x_wconf 70' lang='lat' dir='ltr'><strong>pm-</strong></span> <span class='ocrx_word' id='word_1_716' title='bbox 2181 5199 2358 5270; x_wconf 91' lang='lat' dir='ltr'><strong>priaui</strong></span> <span class='ocrx_word' id='word_1_717' title='bbox 2390 5193 2729 5272; x_wconf 69' lang='lat' dir='ltr'><strong>testimonia,</strong></span> <span class='ocrx_word' id='word_1_718' title='bbox 2769 5215 3002 5269; x_wconf 76' lang='lat' dir='ltr'><strong>quorum</strong></span> <span class='ocrx_word' id='word_1_719' title='bbox 3049 5203 3312 5256; x_wconf 86' lang='lat' dir='ltr'><strong>hactenus</strong></span> <span class='ocrx_word' id='word_1_720' title='bbox 3344 5201 3601 5271; x_wconf 88' lang='lat' dir='ltr'><strong>pleraque</strong></span> <span class='ocrx_word' id='word_1_721' title='bbox 3629 5188 3755 5272; x_wconf 84' lang='lat' dir='ltr'><strong>pro-</strong></span> 
     </span>
    </p>
   </div>
   <div class='ocr_carea' id='block_1_68' title="bbox 501 5293 3756 5372">
    <p class='ocr_par' dir='ltr' id='par_1_68' title="bbox 501 5293 3756 5372">
     <span class='ocr_line' id='line_1_68' title="bbox 501 5293 3756 5372; baseline -0.001 -15"><span class='ocrx_word' id='word_1_722' title='bbox 501 5298 796 5357; x_wconf 88' lang='lat' dir='ltr'><strong>nitentibus</strong></span> <span class='ocrx_word' id='word_1_723' title='bbox 833 5301 1102 5354; x_wconf 85' lang='lat' dir='ltr'><strong>facessere</strong></span> <span class='ocrx_word' id='word_1_724' title='bbox 1134 5297 1396 5353; x_wconf 89' lang='lat' dir='ltr'><strong>diaconus</strong></span> <span class='ocrx_word' id='word_1_725' title='bbox 1428 5299 1748 5368; x_wconf 88' lang='lat' dir='ltr'><strong>imperabat.</strong></span> <span class='ocrx_word' id='word_1_726' title='bbox 1785 5298 2076 5372; x_wconf 85' lang='lat' dir='ltr'><strong>Dionysius</strong></span> <span class='ocrx_word' id='word_1_727' title='bbox 2181 5294 2460 5356; x_wconf 63' lang='lat' dir='ltr'><strong>duximus.</strong></span> <span class='ocrx_word' id='word_1_728' title='bbox 2505 5293 2559 5347; x_wconf 73' lang='lat' dir='ltr'><strong>in</strong></span> <span class='ocrx_word' id='word_1_729' title='bbox 2590 5294 2791 5362; x_wconf 66' lang='lat' dir='ltr'><strong>(litibus</strong></span> <span class='ocrx_word' id='word_1_730' title='bbox 2834 5309 2927 5362; x_wconf 73' lang='lat' dir='ltr'><strong>per</strong></span> <span class='ocrx_word' id='word_1_731' title='bbox 2966 5309 3162 5348; x_wconf 76' lang='lat' dir='ltr'><strong>manus</strong></span> <span class='ocrx_word' id='word_1_732' title='bbox 3204 5294 3611 5363; x_wconf 77' lang='lat' dir='ltr'><strong>imposilionem</strong></span> <span class='ocrx_word' id='word_1_733' title='bbox 3652 5307 3756 5361; x_wconf 65' lang='grc' dir='ltr'><strong>ρει</strong></span> 
     </span>
    </p>
   </div>
   <div class='ocr_carea' id='block_1_69' title="bbox 500 5381 3758 5461">
    <p class='ocr_par' dir='ltr' id='par_1_69' title="bbox 500 5381 3758 5461">
     <span class='ocr_line' id='line_1_69' title="bbox 500 5381 3758 5461; baseline -0.003 -17"><span class='ocrx_word' id='word_1_734' title='bbox 500 5390 594 5451; x_wconf 80' lang='lat' dir='ltr'><strong>lib.</strong></span> <span class='ocrx_word' id='word_1_735' title='bbox 627 5388 701 5442; x_wconf 87' lang='lat' dir='ltr'><strong>De</strong></span> <span class='ocrx_word' id='word_1_736' title='bbox 720 5388 901 5442; x_wconf 89' lang='lat' dir='ltr'><strong>eccles.</strong></span> <span class='ocrx_word' id='word_1_737' title='bbox 927 5388 1122 5446; x_wconf 80' lang='lat' dir='ltr'><strong>hierar.</strong></span> <span class='ocrx_word' id='word_1_738' title='bbox 1142 5403 1262 5458; x_wconf 80' lang='lat' dir='ltr'><strong>cap.</strong></span> <span class='ocrx_word' id='word_1_739' title='bbox 1283 5388 1348 5442; x_wconf 72' lang='lat'><strong>5&#39;:</strong></span> <span class='ocrx_word' id='word_1_740' title='bbox 1376 5389 1486 5441; x_wconf 73' lang='grc' dir='ltr'><strong>Καὶ</strong></span> <span class='ocrx_word' id='word_1_741' title='bbox 1502 5389 1637 5459; x_wconf 85' lang='grc' dir='ltr'>μετὰ</span> <span class='ocrx_word' id='word_1_742' title='bbox 1651 5389 2078 5461; x_wconf 76' lang='grc' dir='ltr'><strong>ταύτας-(Ιεοιίο-</strong></span> <span class='ocrx_word' id='word_1_743' title='bbox 2179 5393 2236 5440; x_wconf 88' lang='lat' dir='ltr'><strong>et</strong></span> <span class='ocrx_word' id='word_1_744' title='bbox 2270 5384 2647 5440; x_wconf 88' lang='lat' dir='ltr'><strong>reconciliatio</strong></span> <span class='ocrx_word' id='word_1_745' title='bbox 2681 5385 3215 5454; x_wconf 86' lang='lat' dir='ltr'><strong>communicatioque</strong></span> <span class='ocrx_word' id='word_1_746' title='bbox 3245 5385 3580 5439; x_wconf 79' lang='lat' dir='ltr'><strong>conceditur.</strong></span> <span class='ocrx_word' id='word_1_747' title='bbox 3616 5381 3758 5436; x_wconf 84' lang='lat' dir='ltr'><strong>Tum</strong></span> 
     </span>
    </p>
   </div>
   <div class='ocr_carea' id='block_1_70' title="bbox 499 5475 2100 5555">
    <p class='ocr_par' dir='ltr' id='par_1_70' title="bbox 499 5479 2079 5555">
     <span class='ocr_line' id='line_1_70' title="bbox 499 5479 2079 5555; baseline 0.002 -21"><span class='ocrx_word' id='word_1_748' title='bbox 499 5498 598 5542; x_wconf 80' lang='lat' dir='ltr'><strong>nes</strong></span> <span class='ocrx_word' id='word_1_749' title='bbox 629 5481 832 5549; x_wconf 84' lang='lat' dir='ltr'><strong>sacras)</strong></span> <span class='ocrx_word' id='word_1_750' title='bbox 864 5479 967 5545; x_wconf 71' lang='grc' dir='ltr'><strong>ἔξω</strong></span> <span class='ocrx_word' id='word_1_751' title='bbox 1001 5479 1236 5555; x_wconf 63' lang='grc' dir='ltr'>γίνονται</span> <span class='ocrx_word' id='word_1_752' title='bbox 1253 5481 1350 5549; x_wconf 85' lang='grc' dir='ltr'><strong>τῆς</strong></span> <span class='ocrx_word' id='word_1_753' title='bbox 1381 5481 1529 5550; x_wconf 80' lang='grc' dir='ltr'>ἱερᾶς</span> <span class='ocrx_word' id='word_1_754' title='bbox 1577 5482 1838 5552; x_wconf 81' lang='grc' dir='ltr'><strong>περιοχῆς</strong></span> <span class='ocrx_word' id='word_1_755' title='bbox 1861 5484 1908 5536; x_wconf 80' lang='grc' dir='ltr'><strong>οἱ</strong></span> <span class='ocrx_word' id='word_1_756' title='bbox 1948 5500 2079 5538; x_wconf 83' lang='grc' dir='ltr'>κατ-</span> 
     </span>
    </p>
   </div>
   <div class='ocr_carea' id='block_1_71' title="bbox 2156 5475 3757 5555">
    <p class='ocr_par' dir='ltr' id='par_1_71' title="bbox 2181 5475 3757 5547">
     <span class='ocr_line' id='line_1_71' title="bbox 2181 5475 3757 5547; baseline -0.003 -16"><span class='ocrx_word' id='word_1_757' title='bbox 2181 5477 2235 5531; x_wconf 94' lang='lat' dir='ltr'><strong>in</strong></span> <span class='ocrx_word' id='word_1_758' title='bbox 2262 5475 2521 5545; x_wconf 79' lang='lat' dir='ltr'><strong>Carthag.</strong></span> <span class='ocrx_word' id='word_1_759' title='bbox 2556 5491 2711 5531; x_wconf 91' lang='lat' dir='ltr'><strong>conc.</strong></span> <span class='ocrx_word' id='word_1_760' title='bbox 2742 5492 2816 5541; x_wconf 79' lang='lat' dir='ltr'><strong>tv,</strong></span> <span class='ocrx_word' id='word_1_761' title='bbox 2841 5492 2963 5530; x_wconf 90' lang='lat' dir='ltr'><strong>can.</strong></span> <span class='ocrx_word' id='word_1_762' title='bbox 2996 5475 3063 5529; x_wconf 85' lang='lat'><strong>76</strong></span> <span class='ocrx_word' id='word_1_763' title='bbox 3087 5478 3153 5531; x_wconf 91' lang='lat' dir='ltr'><strong>de</strong></span> <span class='ocrx_word' id='word_1_764' title='bbox 3174 5492 3239 5532; x_wconf 91' lang='lat' dir='ltr'><strong>eo</strong></span> <span class='ocrx_word' id='word_1_765' title='bbox 3261 5478 3356 5547; x_wconf 90' lang='lat' dir='ltr'><strong>qui</strong></span> <span class='ocrx_word' id='word_1_766' title='bbox 3382 5476 3757 5547; x_wconf 82' lang='lat' dir='ltr'><strong>pamitentiam</strong></span> 
     </span>
    </p>
   </div>
   <div class='ocr_carea' id='block_1_72' title="bbox 499 5567 2100 5647">
    <p class='ocr_par' dir='ltr' id='par_1_72' title="bbox 499 5567 2078 5647">
     <span class='ocr_line' id='line_1_72' title="bbox 499 5567 2078 5647; baseline 0.002 -23"><span class='ocrx_word' id='word_1_767' title='bbox 499 5571 813 5647; x_wconf 69' lang='grc' dir='ltr'><strong>ηχούμενοι,</strong></span> <span class='ocrx_word' id='word_1_768' title='bbox 839 5571 930 5622; x_wconf 74' lang='grc' dir='ltr'>καὶ</span> <span class='ocrx_word' id='word_1_769' title='bbox 960 5567 1094 5642; x_wconf 77' lang='grc' dir='ltr'>πρὸς</span> <span class='ocrx_word' id='word_1_770' title='bbox 1115 5571 1298 5633; x_wconf 71' lang='grc' dir='ltr'>αὐτοῖς</span> <span class='ocrx_word' id='word_1_771' title='bbox 1322 5571 1370 5622; x_wconf 82' lang='lat' dir='ltr'><strong>oi</strong></span> <span class='ocrx_word' id='word_1_772' title='bbox 1403 5571 1801 5642; x_wconf 83' lang='grc' dir='ltr'>ὲνεργούμενοι,</span> <span class='ocrx_word' id='word_1_773' title='bbox 1829 5574 1922 5626; x_wconf 74' lang='grc' dir='ltr'>καὶ</span> <span class='ocrx_word' id='word_1_774' title='bbox 1937 5575 1989 5626; x_wconf 76' lang='lat' dir='ltr'><strong>oi</strong></span> <span class='ocrx_word' id='word_1_775' title='bbox 2021 5577 2078 5628; x_wconf 83' lang='grc' dir='ltr'>ὲν</span> 
     </span>
    </p>
   </div>
   <div class='ocr_carea' id='block_1_73' title="bbox 2154 5567 3755 5647">
    <p class='ocr_par' dir='ltr' id='par_1_73' title="bbox 2183 5567 3755 5641">
     <span class='ocr_line' id='line_1_73' title="bbox 2183 5567 3755 5641; baseline -0.003 -17"><span class='ocrx_word' id='word_1_776' title='bbox 2183 5571 2236 5627; x_wconf 93' lang='lat' dir='ltr'><strong>in</strong></span> <span class='ocrx_word' id='word_1_777' title='bbox 2295 5572 2613 5634; x_wconf 83' lang='lat' dir='ltr'><strong>infirmitate</strong></span> <span class='ocrx_word' id='word_1_778' title='bbox 2660 5571 2902 5641; x_wconf 88' lang='lat' dir='ltr'><strong>postulat</strong></span> <span class='ocrx_word' id='word_1_779' title='bbox 2947 5590 2960 5626; x_wconf 93' lang='lat'><strong>:</strong></span> <span class='ocrx_word' id='word_1_780' title='bbox 3019 5570 3089 5625; x_wconf 84' lang='lat' dir='ltr'><strong>Et</strong></span> <span class='ocrx_word' id='word_1_781' title='bbox 3139 5571 3188 5625; x_wconf 86' lang='lat' dir='ltr'><strong>si</strong></span> <span class='ocrx_word' id='word_1_782' title='bbox 3236 5571 3506 5636; x_wconf 87' lang='lat' dir='ltr'><strong>continuo,</strong></span> <span class='ocrx_word' id='word_1_783' title='bbox 3559 5567 3755 5638; x_wconf 87' lang='lat' dir='ltr'><strong>inquit,</strong></span> 
     </span>
    </p>
   </div>
   <div class='ocr_carea' id='block_1_74' title="bbox 504 5647 3757 5734">
    <p class='ocr_par' dir='ltr' id='par_1_74' title="bbox 504 5647 3757 5734">
     <span class='ocr_line' id='line_1_74' title="bbox 504 5647 3757 5734; baseline -0.001 -21"><span class='ocrx_word' id='word_1_784' title='bbox 504 5663 764 5734; x_wconf 77' lang='grc' dir='ltr'>μετανοίᾳ</span> <span class='ocrx_word' id='word_1_785' title='bbox 821 5647 1021 5722; x_wconf 42' lang='grc' dir='ltr'>ὄντες(</span> <span class='ocrx_word' id='word_1_786' title='bbox 1064 5659 1155 5716; x_wconf 90' lang='lat' dir='ltr'><strong>Sic</strong></span> <span class='ocrx_word' id='word_1_787' title='bbox 1219 5663 1273 5715; x_wconf 93' lang='lat' dir='ltr'><strong>in</strong></span> <span class='ocrx_word' id='word_1_788' title='bbox 1339 5661 1566 5718; x_wconf 85' lang='lat' dir='ltr'><strong>Constit.</strong></span> <span class='ocrx_word' id='word_1_789' title='bbox 1634 5673 1803 5731; x_wconf 88' lang='lat' dir='ltr'><strong>apost.</strong></span> <span class='ocrx_word' id='word_1_790' title='bbox 1867 5665 1903 5718; x_wconf 94' lang='grc' dir='ltr'><strong>Ι.</strong></span> <span class='ocrx_word' id='word_1_791' title='bbox 1958 5681 2075 5730; x_wconf 82' lang='lat' dir='ltr'><strong>vni,</strong></span> <span class='ocrx_word' id='word_1_792' title='bbox 2183 5664 2417 5718; x_wconf 82' lang='lat' dir='ltr'><strong>creditur</strong></span> <span class='ocrx_word' id='word_1_793' title='bbox 2445 5664 2757 5725; x_wconf 87' lang='lat' dir='ltr'><strong>moriturus,</strong></span> <span class='ocrx_word' id='word_1_794' title='bbox 2795 5663 3160 5716; x_wconf 87' lang='lat' dir='ltr'><strong>reconcilietur</strong></span> <span class='ocrx_word' id='word_1_795' title='bbox 3195 5678 3287 5732; x_wconf 86' lang='lat' dir='ltr'><strong>per</strong></span> <span class='ocrx_word' id='word_1_796' title='bbox 3315 5676 3503 5715; x_wconf 83' lang='lat' dir='ltr'><strong>manus</strong></span> <span class='ocrx_word' id='word_1_797' title='bbox 3539 5659 3757 5728; x_wconf 82' lang='lat' dir='ltr'><strong>imposi-</strong></span> 
     </span>
    </p>
   </div>
   <div class='ocr_carea' id='block_1_75' title="bbox 500 5750 2101 5831">
    <p class='ocr_par' dir='ltr' id='par_1_75' title="bbox 500 5750 2078 5831">
     <span class='ocr_line' id='line_1_75' title="bbox 500 5750 2078 5831; baseline 0.003 -23"><span class='ocrx_word' id='word_1_798' title='bbox 500 5767 618 5827; x_wconf 58' lang='grc' dir='ltr'><strong>(αι).</strong></span> <span class='ocrx_word' id='word_1_799' title='bbox 655 5753 729 5808; x_wconf 87' lang='lat'><strong>9:</strong></span> <span class='ocrx_word' id='word_1_800' title='bbox 767 5750 870 5806; x_wconf 75' lang='grc' dir='ltr'><strong>Καὶ</strong></span> <span class='ocrx_word' id='word_1_801' title='bbox 914 5755 942 5807; x_wconf 74' lang='grc' dir='ltr'><strong>ὁ</strong></span> <span class='ocrx_word' id='word_1_802' title='bbox 987 5753 1233 5818; x_wconf 80' lang='grc' dir='ltr'><strong>διάκονος</strong></span> <span class='ocrx_word' id='word_1_803' title='bbox 1279 5755 1499 5831; x_wconf 63' lang='grc' dir='ltr'><strong>λεγέτω·</strong></span> <span class='ocrx_word' id='word_1_804' title='bbox 1549 5756 1896 5826; x_wconf 77' lang='grc' dir='ltr'>Ἀπολὺεσθε,</span> <span class='ocrx_word' id='word_1_805' title='bbox 1932 5758 1980 5811; x_wconf 85' lang='grc' dir='ltr'><strong>οἱ</strong></span> <span class='ocrx_word' id='word_1_806' title='bbox 2021 5760 2078 5813; x_wconf 79' lang='grc' dir='ltr'>ἐν</span> 
     </span>
    </p>
   </div>
   <div class='ocr_carea' id='block_1_76' title="bbox 2159 5750 3760 5831">
    <p class='ocr_par' dir='ltr' id='par_1_76' title="bbox 2187 5750 3760 5825">
     <span class='ocr_line' id='line_1_76' title="bbox 2187 5750 3760 5825; baseline -0.004 -9"><span class='ocrx_word' id='word_1_807' title='bbox 2187 5764 2418 5819; x_wconf 82' lang='lat' dir='ltr'><strong>tionem,</strong></span> <span class='ocrx_word' id='word_1_808' title='bbox 2464 5765 2514 5810; x_wconf 86' lang='lat' dir='ltr'><strong>et</strong></span> <span class='ocrx_word' id='word_1_809' title='bbox 2549 5755 2868 5825; x_wconf 78' lang='lat' dir='ltr'><strong>infundatur</strong></span> <span class='ocrx_word' id='word_1_810' title='bbox 2901 5755 2983 5809; x_wconf 89' lang='lat' dir='ltr'><strong>ori</strong></span> <span class='ocrx_word' id='word_1_811' title='bbox 3041 5754 3154 5825; x_wconf 83' lang='lat' dir='ltr'><strong>ejus</strong></span> <span class='ocrx_word' id='word_1_812' title='bbox 3205 5753 3563 5812; x_wconf 82' lang='lat' dir='ltr'><strong>Eucharistia.</strong></span> <span class='ocrx_word' id='word_1_813' title='bbox 3627 5750 3760 5810; x_wconf 74' lang='lat' dir='ltr'><strong>Item</strong></span> 
     </span>
    </p>
   </div>
  </div>
