4054 6404
303 396 443 454 {045

302 607 656 663 Eucharistiw
707 605 1022 674 acceperint,
1079 622 1181 658 non
1238 623 1292 660 se
1347 605 1562 658 credant
1607 603 1876 657 absolutos

298 698 413 752 sine
438 711 626 749 manus
648 695 1004 764 impositione,
1045 695 1090 748 si
1123 695 1524 763 supervixerint.
1556 692 1613 747 In
1646 693 1872 748 Constit.

297 799 473 860 apost.
503 789 542 842 l.
577 804 647 853 ιι,
678 804 800 860 cap.
826 789 920 852 41,
959 787 1324 860 ήχειροθεσία
1349 787 1734 858 paenitentibus
1760 786 1880 839 ἀντὶ

296 882 392 938 τοῦ
431 883 734 956 λούσματος
781 897 904 938 esse
941 880 1160 935 dicitur.
1205 881 1278 934 At
1318 895 1447 934 vero
1478 894 1673 940 manus
1703 878 1879 948 impo-

299 977 425 1032 sitio
451 976 672 1048 propria
711 977 812 1047 τῆς
853 974 1224 1038 ὑποπτώσεως
1276 972 1449 1027 fuisse
1493 970 1728 1026 videtur.
1759 970 1880 1037 Quo

298 1072 355 1129 Eu
389 1073 560 1142 gradu
591 1070 920 1142 pmnitentes
958 1070 1060 1125 sub
1089 1067 1330 1139 episcopi
1353 1082 1548 1126 manus
1572 1065 1834 1120 subibant
1863 1083 1877 1120 :

301 1163 447 1219 unde
475 1164 576 1234 τῆς
603 1160 972 1224 ὑποπτώσεως
1000 1160 1327 1216 vocabulum
1366 1157 1681 1212 deductum.
1705 1157 1882 1226 Atque

301 1258 408 1321 hoc
439 1266 566 1320 ante
623 1267 955 1327 postremam
1005 1253 1405 1308 absolutionem
1454 1266 1521 1306 ac
1563 1250 1883 1307 reconcilia-

301 1349 506 1411 tionem
538 1345 735 1416 sapius
759 1343 1103 1400 factitabant.
1149 1342 1209 1398 ln
1247 1342 1472 1397 Laodic.
1524 1341 1755 1407 can.i9,
1792 1341 1880 1396 tibi

297 1439 643 1510 liturgiarum
669 1436 1118 1492 celebrandarum
1145 1433 1321 1489 forma
1343 1431 1738 1504 praescribitur,
1756 1432 1884 1503 περὶ

297 1531 392 1596 τοῦ
441 1531 552 1584 δεῖν
596 1531 703 1600 ἰδίᾳ
762 1528 980 1601 πρῶτον
1032 1528 1168 1600 μετὰ
1213 1527 1311 1591 τὰς
1361 1525 1578 1597 ὁμιλίας
1619 1523 1727 1578 τῶν
1767 1526 1885 1578 ἐπι-

297 1625 537 1688 σκόπων,
569 1624 664 1677 καὶ
683 1622 793 1676 τῶν
827 1622 1250 1694 κατηχουμένων
1281 1622 1449 1693 εὐχὴν
1489 1617 1881 1683 ἐπιτελεῖσθαι,

296 1717 392 1776 καὶ
428 1714 567 1786 μετὰ
605 1715 667 1768 τὸ
703 1715 940 1780 ἐξελθεῖν
988 1715 1115 1778 τοὺς
1161 1712 1626 1785 κατηχουμένους,
1669 1710 1778 1764 τῶν
1828 1712 1885 1764 ὲν

298 1808 564 1879 μετανοίᾳ
595 1806 694 1878 τὴν
718 1807 881 1878 εὐχὴν
910 1806 1178 1876 γίνεσθαι,
1213 1805 1307 1858 καὶ
1336 1804 1541 1858 τούτων
1561 1802 1887 1877 προσελθόν-

1561 393 1648 448 DE
1681 391 2253 450 CllOREPlSCOPlS.

300 532 423 574 can.
476 510 953 574 78:Paenitentes.
1008 513 1098 583 qui
1145 515 1198 566 in
1263 512 1577 583 inﬁrmitate
1632 513 1886 566 viaticum
1917 522 1960 575 Α
1992 512 2362 582 ticipationem
2440 513 2885 583 impetraverint;

3427 369 3577 453 toto"

2961 512 3267 584 Cyprianus
3346 511 3570 582 insuper

1979 604 2138 674 epist.
2159 605 2219 658 11
2245 621 2258 657 :
2279 604 2412 659 Ante
2427 613 2622 668 actam,
2641 605 2848 676 inquit,
2879 604 3256 674 paenitentiam,
3276 615 3396 657 ante
3414 604 3572 657 exho-

1980 700 2266 772 mologesin
2307 702 2606 772 gravissimi
2644 710 2799 772 atque
2862 701 3084 755 extremi
3126 700 3307 753 delicti
3348 699 3564 768 factam,

1981 801 2102 846 ante
2126 809 2340 846 manum
2370 794 2434 846 ab
2460 795 2702 863 episcopo
2726 802 2774 847 et
2807 793 2948 848 clero
2980 794 3032 846 in
3066 793 3432 862 paenitentiam
3465 791 3571 844 im-

1989 887 2238 956 positam.
2288 885 2366 940 lbi
2411 885 2730 956 poenitentia
2784 901 2884 956 pro
2926 884 3272 940 absolutione
3316 883 3568 952 usurpari

1986 977 2222 1040 videtur,
2264 984 2325 1031 ut
2361 985 2416 1030 et
2448 976 2577 1030 alibi
2616 977 2843 1046 passim,
2895 975 3109 1046 quoties
3149 975 3216 1029 de
3257 974 3576 1029 reconcilia‘

1983 1069 2131 1124 tione
2163 1069 2393 1138 loquens
2434 1068 2501 1124 iis
2540 1069 2718 1123 verbis
2762 1069 2929 1123 utitur
2973 1087 2985 1122 :
3028 1084 3191 1121 manu
3225 1068 3281 1120 in
3313 1067 3569 1135 poeniten-

1983 1161 2114 1214 tiam
2175 1161 2443 1231 imposita.
2522 1160 2791 1228 Quocirca
2849 1161 2903 1215 in
2966 1161 3073 1216 line
3154 1160 3257 1230 τῆς
3314 1156 3570 1212 ὑποπτώ-

1984 1271 2122 1318 σεως
2167 1253 2379 1311 fortean
2411 1255 2606 1310 manus
2639 1253 2694 1308 in
2736 1253 3110 1323 paenitentiam
3157 1253 3410 1324 imposita
3446 1252 3566 1316 fuit,

1983 1347 2089 1402 hoc
2124 1355 2213 1402 est
2277 1346 2551 1402 absolutio
2593 1331 3078 1415 reconciliatioque
3121 1345 3247 1400 data
3294 1343 3567 1415 paeniten-

1985 1437 2149 1503 tibus,
2181 1436 2262 1492 sic
2295 1447 2356 1492 ut
2387 1437 2653 1508 tantisper
2683 1452 2713 1490 a
2747 1435 3024 1508 mysteriis
3052 1435 3408 1491 abstinerent.

2054 1529 2258 1586 Verum
2300 1545 2368 1585 ne
2410 1531 2538 1585 huic
2589 1530 2919 1600 conjecturae
2961 1528 3192 1583 nimium
3255 1527 3526 1584 conﬁdam
3551 1565 3566 1592 ,

1985 1638 2154 1677 unum
2185 1622 2313 1676 illud
2347 1621 2506 1685 facit,
2550 1620 2695 1692 quod
2727 1620 3084 1676 vetustissimi
3126 1619 3338 1682 Patres,
3371 1619 3428 1674 in
3458 1619 3570 1689 pri-

1988 1714 2200 1784 misque
2223 1713 2528 1784 Cyprianus
2589 1723 2716 1784 post
2753 1713 3202 1784 exhomolugesin
3242 1720 3572 1766 extremam-

1988 1821 2094 1876 que
2122 1821 2387 1860 manuum
2421 1806 2828 1876 impositionem
2863 1805 3050 1861 statim
3080 1805 3146 1860 ad
3180 1802 3567 1876 mysteriorum

295 1917 403 1953 των
443 1898 549 1953 ὑπὸ
579 1902 757 1970 χεῖρα,
792 1897 886 1951 καὶ
919 1898 1421 1970 ὑποχωρησάντων,
1461 1895 1635 1960 οὕτως
1667 1894 1772 1959 τὰς
1793 1895 1883 1948 εὑ-

1990 1900 2431 1952 communionem
2449 1897 2540 1966 jus
2565 1897 2825 1952 habuisse
2849 1897 3182 1966 pmnitentes
3209 1909 3320 1950 non
3338 1894 3571 1949 obscure

295 1991 396 2061 χὰς
447 1990 555 2044 τῶν
605 1989 813 2044 πιστῶν
852 1989 1097 2059 γίνεσθαι
1143 1991 1311 2061 τρεῖς.
1359 1987 1668 2058 Agatltense
1719 2001 1873 2042 conc.

295 2099 421 2138 can.
454 2083 523 2137 15
552 2100 566 2137 :
600 2082 917 2136 Pwnitentes
966 2092 1215 2151 tempore,
1266 2097 1366 2152 quo
1407 2079 1770 2150 pmnitentiam
1801 2094 1882 2147 pe-

299 2184 436 2240 tunt,
477 2176 864 2245 intpositionem
894 2191 1148 2228 manuum
1189 2184 1238 2228 et
1279 2172 1516 2226 cilicium
1542 2187 1697 2240 super
1722 2181 1879 2240 caput

296 2287 331 2322 a
373 2269 669 2332 sacerdote,
722 2269 859 2322 sicut
907 2267 1098 2338 ubique
1142 2266 1488 2321 constitutum
1533 2273 1645 2326 est,
1697 2279 1880 2318 conse-

295 2370 548 2429 quantur.
579 2360 712 2414 Item
745 2359 998 2429 Carthag.
1047 2374 1120 2422 IV,
1165 2372 1288 2414 can.
1309 2355 1379 2410 80
1414 2373 1432 2419 ι,
1462 2353 1621 2408 Omni
1652 2363 1880 2423 tempore

285 2436 484 2522 jejunii
516 2469 701 2506 manus
730 2451 1097 2522 paenitentibus
1123 2448 1529 2504 asacerdotibus
1552 2448 1880 2517 imponatur.

365 2545 550 2615 Itaque
577 2560 702 2600 cum
737 2545 807 2599 ab
861 2541 1177 2598 ὑποπτώσει
1223 2547 1291 2596 ad
1328 2549 1582 2610 quartum
1629 2539 1876 2595 ordinem

294 2652 361 2698 ac
385 2645 720 2705 postremum
754 2635 1073 2706 migrarent,
1122 2631 1403 2703 probabile
1444 2642 1529 2688 est
1568 2647 1666 2701 per
1707 2631 1883 2702 impo-

295 2727 548 2782 sitionem
601 2741 862 2782 manuum
915 2726 1365 2782 sacramentalem
1417 2724 1529 2785 illis
1579 2725 1883 2781 absolutio-

295 2834 420 2874 nem
455 2817 786 2888 impertitam
828 2817 1019 2874 fuisse.
1067 2815 1252 2888 Neque
1291 2816 1462 2884 enim,
1499 2817 1644 2888 quod
1685 2817 1880 2882 sciam,

294 2911 507 2982 antiqui
549 2925 792 2966 canones
842 2920 966 2981 post
997 2909 1257 2964 σύστασιν
1289 2910 1682 2980 paenitentibus
1709 2911 1884 2980 impo-

294 3004 457 3058 sitam
488 3017 612 3058 esse
646 3001 976 3073 signiﬁcant,
1018 3003 1115 3058 sed
1148 3018 1268 3058 eam
1314 3002 1726 3072 impositionem
1754 3012 1882 3056 cum

305 3093 621 3158 ὑποπτώσει
649 3095 1009 3166 conjungunt.
1032 3093 1166 3162 Qua:
1195 3094 1507 3166 conjectura
1537 3095 1582 3149 si
1612 3095 1698 3149 cui
1726 3093 1885 3150 {orsi-

301 3198 392 3247 t_an
446 3186 733 3256 placuerit,
771 3186 840 3241 ad
871 3186 1135 3248 nonnulla
1187 3185 1408 3242 Patrum
1452 3187 1568 3240 loca
1605 3185 1884 3242 transferri

294 3275 811 3346 accommodarique
839 3277 1059 3347 poterit,
1097 3277 1153 3330 in
1184 3277 1382 3346 quibus
1414 3277 1732 3350 poenitentia
1765 3278 1885 3333 sine

293 3367 681 3434 communione
703 3368 868 3424 certis
893 3369 1271 3438 peccatoribus
1286 3385 1547 3425 concessa
1579 3369 1792 3440 legitur.
1815 3369 1888 3425 Ut

293 3473 420 3521 cum
441 3457 792 3514 Innocentius
824 3458 963 3528 papa
981 3459 1188 3523 scribit,
1223 3460 1353 3519 olim
1388 3460 1474 3524 iis,
1502 3461 1596 3530 qui
1641 3461 1890 3516 reconci-

294 3547 571 3612 liationem
623 3553 728 3607 sub
771 3558 1078 3606 extremum
1109 3561 1326 3621 tempus
1356 3553 1481 3606 vitae
1506 3551 1879 3622 postulabant,

296 3649 490 3711 negata
520 3643 932 3708 communione,
960 3655 1280 3697 concessam
1308 3656 1430 3697 esse
1454 3641 1829 3711 paenitentiam
1860 3660 1878 3704 ε,

296 3749 425 3788 nam
471 3735 804 3804 poenitentiae
863 3735 1086 3789 nomine
1133 3735 1546 3795 sacramentalis
1607 3735 1880 3791 absolutio

297 3835 475 3904 potest
499 3827 744 3898 intelligi,
778 3843 942 3901 quam
987 3830 1130 3886 citra
1172 3826 1441 3884 Dominici
1472 3829 1724 3901 corporis
1753 3844 1879 3899 par-

1980 1989 2374 2044 demonstrant.
2409 1989 2502 2044 Sic
2525 1989 2577 2042 in
2609 1989 2767 2059 epist.
2807 1988 2874 2042 iO
2900 1987 2969 2042 ad
2993 1986 3242 2043 Clarum:
3276 1984 3422 2040 Nam
3451 2001 3569 2039 cum

1982 2083 2038 2136 in
2078 2079 2376 2134 minoribus
2419 2081 2650 2149 peccatis
2693 2079 2973 2150 (Cypriani
3015 2077 3186 2134 verba
3217 2077 3367 2138 sunt)
3408 2085 3570 2147 agant

1980 2179 2278 2240 peccatores
2306 2169 2668 2238 ptenitentiam
2706 2168 2853 2235 justo
2898 2179 3147 2237 tempore,
3190 2175 3239 2221 et
3285 2164 3570 2221 secundum

1981 2261 2278 2331 disciplina:
2307 2261 2544 2316 ordinem
2571 2262 2639 2314 ad
2680 2260 3107 2331 exhomologesin
3145 2257 3373 2321 veniant,
3403 2267 3452 2312 et
3481 2271 3572 2326 per

1984 2371 2170 2409 manus
2209 2354 2600 2424 impositionem
2640 2353 2871 2422 episcopi
2907 2362 2955 2407 et
2987 2351 3114 2405 cleri
3146 2349 3239 2420 jus
3277 2348 3570 2404 communi-

1983 2447 2208 2508 cationis
2240 2446 2526 2516 accipiant,
2568 2463 2709 2507 nunc
2740 2445 2904 2506 crudo
2931 2453 3180 2512 tempore,
3209 2442 3570 2512 persecutione

1983 2539 2156 2593 adhuc
2227 2547 2623 2609 perseverante,
2694 2537 2932 2592 nondum
2997 2537 3244 2590 restituto
3316 2533 3570 2588 Ecclesia!

1983 2634 2150 2703 ipsius
2183 2649 2335 2703 pace,
2389 2634 2457 2687 ad
2503 2633 3037 2695 communicationem
3093 2631 3476 2695 admittuntur,
3521 2636 3572 2682 et

1983 2727 2204 2796 offertur
2224 2743 2414 2781 nomen
2435 2742 2637 2793 eorum,
2659 2737 2707 2781 et
2736 2725 2968 2781 nondum
2996 2723 3384 2795 exhomologesi
3401 2724 3568 2794 facta,

1983 2817 2220 2872 nondum
2266 2835 2428 2876 manu
2475 2819 2549 2872 eis
2619 2816 2684 2870 ab
2726 2817 2968 2887 episcopo
3017 2825 3069 2870 et
3117 2815 3256 2870 clero
3296 2814 3570 2882 imposita,

1985 2908 2337 2975 Eucharistia
2365 2909 2476 2963 illis
2503 2912 2688 2965 datur.
2725 2909 2871 2964 ldem
2901 2908 3096 2978 repetit
3123 2907 3282 2978 epist.
3313 2907 3376 2962 11
3412 2921 3477 2961 ac
3501 2906 3571 2960 ‘12

1984 3007 2039 3053 et
2065 2998 2340 3054 sexcentis
2373 2997 2498 3053 aliis
2525 2998 2679 3054 locis.
2712 2996 2793 3052 Ex
2820 2998 3024 3069 quibus
3053 2997 3312 3064 eilicitur,
3351 2995 3570 3050 nonnisi

1989 3100 2210 3162 peracta
2244 3091 2584 3162 poenitentia,
2615 3099 2669 3145 et
2702 3091 2806 3145 sub
2830 3091 2994 3146 ﬁnem
3026 3090 3338 3152 συστάσεως
3368 3096 3576 3159 postre-

1989 3199 2135 3240 mam
2164 3183 2312 3239 illam
2345 3197 2608 3238 manuum
2637 3181 3064 3252 impositionem,
3093 3195 3203 3250 qua
3257 3192 3572 3234 sacramen-

1992 3276 2116 3331 talis
2180 3275 2454 3330 absolutio
2532 3273 2956 3340 continebatur,
3027 3271 3360 3342 pcenitentes
3430 3267 3575 3323 obti-

1999 3369 2207 3428 nuisse.
2257 3366 2403 3421 Nihil
2460 3366 2604 3422 inter
2652 3381 2841 3437 pacem
2873 3373 2928 3420 et
2963 3362 3469 3433 reconciliationem
3509 3374 3576 3414 ac

1991 3462 2376 3534 mysteriorum
2430 3460 2935 3531 participandorum
2980 3456 3073 3528 jus
3118 3453 3572 3530 interponendum

1993 3553 2206 3608 videtur
2250 3572 2263 3607 :
2309 3561 2365 3608 et
2406 3565 2699 3623 utrumque
2745 3548 3150 3607 communionis
3209 3545 3574 3618 appellatione

1984 3644 2487 3714 comprehenditur.
2537 3641 2636 3698 llic
2686 3643 2852 3712 igitur
2902 3641 3121 3718 ἐπέχω⁹
3171 3638 3349 3714 deque
3399 3652 3462 3692 ea
3512 3652 3576 3693 re

1988 3739 2277 3792 doctorum
2328 3744 2382 3792 et
2412 3737 2755 3807 antiquitatis
2784 3732 3175 3798 ecclesiasticae
3195 3730 3573 3788 consultorum

1993 3829 2281 3884 hominum
2308 3829 2579 3901 judicium
2610 3837 2886 3899 exspecto.

1356 4131 1503 4252 DE
1581 4155 2574 4251 CHOREPISCOPIS.

1315 4346 1402 4404 Ad
1428 4349 1562 4406 bter.
1598 4365 1748 4416 uix,
1778 4356 1915 4405 tom.
1938 4348 2005 4417 Il,
2037 4352 2143 4410 col.
2179 4352 2309 4420 201,
2342 4363 2458 4410 not.
2489 4353 2578 4418 62,

370 4533 546 4585 Ὅσαι
578 4529 688 4600 γὰρ
723 4528 1076 4598 Ἐκκλησίαι
1099 4511 1587 4598 τῆςλκαθολικῆς.
1623 4529 1876 4602 Singula-

1980 4533 2086 4588 sint
2118 4535 2454 4588 constituttv:
2487 4549 2716 4602 quarum
2737 4531 3049 4602 presbyteri,
3073 4533 3199 4604 quia
3218 4533 3305 4588 die
3326 4534 3430 4587 isto
3455 4549 3573 4604 pro-

299 4640 413 4680 rem
442 4634 570 4679 tunc
595 4623 859 4692 temporis
891 4622 1237 4676 Alexandriae
1272 4636 1481 4676 morem
1519 4623 1666 4678 hunc
1697 4624 1888 4691 fuisse,
1923 4611 1970 4668 Ι)
1994 4635 2111 4695 pter
2139 4625 2337 4696 plebem
2364 4626 2466 4679 sibi
2497 4626 2834 4679 commissam
2864 4625 3138 4679 nobiscum
3174 4625 3447 4680 conuenire
3476 4643 3582 4682 non

299 4717 392 4771 vel
408 4717 598 4771 saltem
625 4715 814 4785 paucis
834 4716 890 4770 in
913 4715 1174 4770 Ecclesiis
1197 4725 1541 4784 usurpatum,
1566 4731 1633 4770 ex
1663 4732 1729 4770 eo
1752 4732 1886 4771 cou-

295 4810 478 4881 jicias,
507 4809 653 4879 quod
687 4818 796 4863 tam
824 4823 1080 4879 expresse
1109 4807 1420 4864 istiusmodi
1446 4809 1888 4874 consuetudinis,

302 4909 561 4970 tanquam
577 4898 958 4954 Alexandrinae
982 4899 1240 4954 Ecclesiae
1269 4899 1578 4970 peculiaris,
1607 4899 1890 4955 meminit:

303 4991 384 5045 uti
413 4991 671 5045 nimirum
704 4990 887 5060 plures
911 4992 965 5044 in
990 4991 1180 5046 eadem
1214 4991 1348 5045 urbe
1374 4991 1511 5045 tituli
1542 4989 1745 5053 forent,
1770 4991 1894 5062 qui-

301 5083 406 5137 bus
452 5083 681 5153 singulis
734 5098 870 5138 suus
916 5081 1214 5137 attributus
1261 5091 1407 5137 esset
1447 5082 1752 5154 presbyter,
1803 5083 1898 5153 qui

307 5173 707 5230 ecclesiasticas
733 5174 1039 5230 functiones
1060 5174 1173 5230 illic
1193 5173 1390 5230 obiret.
1420 5174 1524 5230 Sed
1548 5175 1684 5230 alibi
1714 5184 1896 5231 tamen

299 5262 629 5332 jampridem
656 5264 970 5319 institutum
993 5264 1133 5319 idem
1165 5263 1365 5328 fuerat,
1395 5265 1542 5320 velut
1569 5263 1778 5332 Romae,
1802 5265 1899 5322 ubi

306 5369 402 5422 per
435 5353 624 5410 titulos
658 5355 936 5411 distributi
969 5356 1273 5427 presbyteri
1309 5372 1438 5413 suos
1486 5358 1692 5426 quique
1724 5372 1903 5428 popu-

305 5446 391 5500 los
424 5447 704 5516 regebant.
751 5448 832 5502 Ad
850 5455 956 5504 ‘eos
976 5449 1216 5518 episc0pi
1248 5448 1548 5504 Dominicis
1577 5449 1770 5504 diebus
1798 5448 1905 5504 ier-

309 5543 580 5603 mentum,
632 5537 748 5592 sive
789 5539 1132 5594 benedictum
1177 5555 1373 5610 panem
1408 5543 1461 5595 in
1498 5541 1906 5596 communionis

313 5628 625 5699 symbolum
680 5630 895 5686 mittere
953 5640 1370 5687 consueverant.
1430 5632 1781 5687 Innocentius
1835 5632 1905 5686 ad

313 5720 622 5775 Decentium
653 5738 772 5792 cap.
797 5723 831 5777 ὅ
869 5743 881 5778 :
917 5723 993 5777 De
1036 5724 1288 5794 fermento
1319 5740 1458 5789 vero,
1495 5725 1634 5794 quod
1673 5725 1759 5778 die
1797 5723 1908 5778 Do-

316 5809 512 5862 ικἰηὶεο
547 5826 638 5877 per
659 5810 841 5865 titulos
869 5812 1164 5875 mittimus,
1200 5815 1461 5884 superﬂue
1496 5831 1589 5868 nos
1629 5815 1902 5870 consulere

319 5899 553 5971 coluisti,
601 5919 719 5957 cum
751 5920 926 5960 omnes
951 5905 1184 5963 ecclesia:
1222 5917 1417 5963 nostra:
1454 5909 1596 5964 intra
1631 5909 1900 5964 civitatem

1991 4726 2230 4787 possunt,
2261 4717 2378 4770 ideo
2414 4716 2730 4786 fermentum
2751 4734 2786 4770 a
2821 4718 2970 4772 nobis
3015 4717 3309 4787 confectum
3336 4733 3428 4788 per
3453 4735 3580 4773 aco-

1993 4811 2165 4882 lythos
2188 4813 2479 4881 accipiunt,
2498 4821 2554 4863 ut
2583 4827 2638 4865 se
2663 4828 2695 4863 a
2724 4819 2907 4869 nostra
2937 4813 3324 4872 communione,
3349 4811 3582 4866 maxime

1995 4905 2093 4960 illa
2118 4906 2204 4958 die
2252 4921 2355 4958 non
2380 4903 2624 4973 judicent
2667 4912 2960 4972 separatos.
3019 4901 3175 4969 Quod
3207 4917 3238 4958 a
3288 4901 3583 4958 Melchiade

1998 4998 2358 5052 constitutum
2397 4995 2568 5050 fuisse
2595 4995 2731 5049 liber
2763 4993 3094 5050 Pontiﬁcalis
3127 4994 3346 5050 Damasi
3396 4994 3581 5053 tradit.

2001 5087 2223 5144 Laodic.
2275 5103 2430 5142 conc.
2487 5101 2610 5142 can.
2660 5087 2756 5152 M,
2803 5087 3144 5157 eulogiarum
3194 5087 3425 5142 istarum
3471 5103 3586 5141 me-

2001 5182 2208 5236 minit:
2262 5181 2400 5252 Περὶ
2444 5180 2538 5233 τοῦ
2589 5178 2663 5251 μὴ
2701 5179 2772 5232 τὰ
2811 5178 2943 5247 ἆγια
2980 5179 3062 5241 εἰς
3116 5177 3275 5246 λόγον
3324 5177 3586 5247 εὐλογιῶν

2003 5271 2148 5325 κατὰ
2181 5272 2278 5342 τὴν
2319 5271 2512 5342 ἑορτὴν
2555 5270 2651 5322 τοῦ
2691 5270 2884 5340 Πάσχα
2923 5271 3004 5332 εἰς
3056 5268 3248 5339 ἐτέρας
3295 5268 3588 5340 παροικίας

2007 5355 2437 5425 διαπέμπεσθαι.
2457 5355 2577 5419 Sed
2606 5355 2672 5410 de
2700 5355 2804 5410 hoc
2834 5355 2942 5410 ritu
2975 5354 3224 5426 pluribus
3251 5354 3306 5409 in
3334 5353 3589 5408 Ecclesia:

2009 5465 2135 5502 ann.
2166 5447 2437 5503 Baronius
2466 5463 2518 5503 a.
2558 5449 2682 5503 515.
2736 5445 2854 5503 Non
2891 5447 3082 5503 dubito
3115 5447 3416 5519 majoribus
3442 5446 3589 5503 dun-

2007 5551 2157 5596 taxat
2180 5541 2234 5594 in
2256 5541 2485 5595 urbibus
2511 5540 2695 5612 plures
2718 5541 2860 5595 intra
2883 5539 3154 5609 pomatria
3181 5541 3367 5596 titulos
3394 5540 3584 5605 fuisse,

2008 5649 2132 5688 cum
2162 5632 2303 5686 intra
2331 5631 2519 5686 eadem
2551 5640 2702 5701 septa
2735 5629 3006 5686 contineri
3058 5645 3274 5700 unaque
3298 5629 3584 5686 convenire

2011 5739 2118 5778 non
2145 5732 2402 5794 possent:
2445 5723 2690 5790 adeoque
2717 5723 3062 5792 presbyteros
3088 5722 3317 5791 singulis
3345 5722 3589 5777 ecclesiis

2012 5814 2320 5883 impositos.
2357 5816 2415 5868 In
2449 5814 2756 5870 minoribus
2804 5824 2984 5868 autem
3023 5829 3094 5869 ac.
3115 5812 3299 5867 minus
3335 5811 3590 5880 frequen-

2012 5908 2158 5963 tibus
2195 5907 2406 5979 oppidis
2453 5922 2617 5962 uuatu
2665 5905 2931 5962 duntaxat
2970 5905 3258 5964 ecclesiam
3292 5904 3586 5968 exstitisse,
