4054 6404
507 331 644 388 1047

1532 334 1884 390 APPENDIX
1925 332 2549 395 DISSERTATIONLTM.

3620 331 3766 388 1058

507 448 563 500 itt
592 463 754 517 quam
785 448 1018 500 universi
1054 447 1406 504 conﬂuerent.
1452 450 1771 520 Cujusmodi
1796 452 1956 524 Cypri
1992 468 2084 505 ur-

2195 454 2452 525 κειμένας
2473 454 2654 518 αὐτοῖς
2677 453 2844 522 ἐκκΑη
2855 451 2995 516 σίας,
3017 453 3112 506 καὶ
3130 453 3197 522 τῇ
3228 450 3433 504 τούτων
3466 447 3762 520 ἀρκεῖσθαι

507 535 603 589 bes
660 546 830 589 erant.
884 533 1036 590 Unde
1081 538 1224 606 quod
1253 538 1592 594 Alexandria:
1631 553 1906 610 receptum
1944 551 2080 607 erat,

509 627 653 681 velut
673 628 1023 696 popularibus
1043 628 1156 681 suis
1181 630 1520 700 peregrinum
1547 632 1958 697 etinusitatum,
1989 633 2085 686 ad-

509 718 717 772 notavit
746 718 1100 788 Epiphanius.
1149 718 1286 774 Hinc
1323 721 1477 790 origo
1506 723 1890 791 parwciarum,
1936 722 2081 794 quod

510 812 829 865 vocabulum
853 828 882 864 a
911 813 1204 867 rusticanis
1243 813 1490 869 ecclesiis
1519 814 1584 867 ad
1612 815 1829 890 urbicas
1855 815 2085 870 transla-

508 912 644 956 tum.
685 902 950 974 Παροικία
980 905 1198 974 proprie
1230 903 1413 975 χώραν
1447 921 1662 959 omnem
1696 907 2084 978 regionemque

507 995 793 1063 signiﬁcat,
820 1011 942 1065 qua:
972 1000 1040 1050 ab
1076 998 1208 1051 urbe
1245 999 1456 1054 distans
1480 999 1727 1054 ecclesia:
1753 1011 1917 1057 certae
1952 1017 2084 1056 con-

508 1084 781 1150 tribuitur,
836 1087 1294 1154 quemadmodum
1344 1089 1472 1143 olim
1504 1089 1691 1145 Romae
1744 1093 1974 1161 singulis
2004 1093 2083 1147 vi-

505 1174 646 1230 cinis
698 1175 884 1245 πάγοι,
922 1178 1036 1230 sive
1074 1179 1238 1232 colles
1273 1179 1551 1234 constituti
1585 1180 1805 1236 fuerunt
1831 1197 1863 1236 a
1893 1181 2084 1237 Sn-rvio

506 1263 684 1320 Tullio
716 1281 858 1339 rege,
887 1277 1146 1336 tanquam
1184 1269 1561 1340 κρησφύγετα,
1596 1272 1709 1326 sive
1743 1281 1990 1341 receptus
2020 1289 2084 1328 ac

507 1355 750 1427 perfugia
779 1399 792 1418 ,
824 1374 934 1428 quo
964 1375 1022 1414 se
1054 1362 1123 1414 ab
1153 1362 1422 1432 ingruenti
1456 1363 1612 1418 hoste
1638 1372 1964 1419 tutarentur.
2021 1362 2081 1420 In

507 1446 574 1502 iis
609 1449 842 1503 collibus
891 1466 996 1504 ara:
1028 1452 1339 1508 collocatae:
1371 1453 1521 1508 Θεῶν
1546 1456 1860 1510 ἐπισκόπων
1895 1473 1954 1510 τε
1989 1458 2084 1512 xui.

506 1540 762 1608 φυλάκων
804 1543 897 1596 τοῦ
929 1545 1127 1613 πάγου,
1172 1545 1265 1610 οὒς
1295 1547 1447 1613 ἔταξε
1484 1548 1695 1614 ουσῐαις
1754 1554 1959 1616 κοιναῖς
1989 1569 2084 1620 γε-

511 1632 740 1704 ραίρειν,
777 1645 884 1690 etc.
924 1639 999 1690 ait
1033 1637 1305 1694 ilalicarn.
1343 1639 1436 1695 lib.
1475 1657 1544 1695 tv.
1584 1640 1696 1697 [mo
1721 1659 1850 1697 vero
1877 1653 1930 1698 et
1961 1643 2080 1715 pagi

507 1727 707 1796 singull
741 1737 1024 1782 curatores
1055 1745 1183 1783 suos
1214 1729 1541 1792 habuerunt,
1569 1748 1708 1802 quos
1753 1735 2084 1800 ἐπισκόπους

2185 545 2444 616 φροντίδι,
2464 547 2557 598 καὶ
2572 544 2865 616 κηδεμονίᾳ
2882 560 2897 574 °
2917 542 3180 614 καθιστᾷν
3199 543 3252 595 δὲ
3276 542 3647 611 ἀναγνώστας,
3667 539 3767 592 καὶ

2183 639 2589 700 ὑποδιακόνους,
2615 638 2708 690 καὶ
2733 634 3085 707 έπορκιστὰς,
3115 636 3207 687 καὶ
3334 634 3537 687 τούτων
3568 633 3770 702 ἀρκεῖ-

2185 731 2309 784 σθαι
2335 731 2656 802 προαγωγῇ,
2692 731 2827 800 μήτε
2855 729 2913 782 δὲ
2939 727 3326 800 πρεσϐύτερον,
3357 726 3491 796 μήτε
3517 723 3772 777 διάκονον

2183 825 2508 894 χειροτονεῖν
2534 823 2740 892 τολμᾷν
2769 821 2893 892 δίχα
2927 821 3022 874 τοῦ
3067 822 3124 874 ὲν
3155 822 3219 890 τῇ
3259 819 3410 871 πόλει
3441 816 3768 880 ἐπισκόπου,

2181 909 2216 988 ᾖ
2247 914 2561 966 ὑπόκεινται
2592 913 2753 976 αὑτός
2788 930 2846 965 τε
2901 914 2997 965 καὶ
3026 914 3059 983 ἠ
3091 910 3262 983 χώρα.
3295 911 3356 963 Εἰ
3380 908 3438 961 δὲ
3467 906 3770 978 τολμήσειέ

2183 1024 2264 1068 τις
2298 1005 2609 1076 παραϐῆναι
2642 1004 2710 1057 τὰ
2737 1002 3043 1075 ὁρισθέντα,
3075 1000 3450 1074 καθαιρεῖσθαι
3480 999 3638 1052 αὐτὸν
3662 998 3769 1051 καὶ

2181 1093 2249 1170 ἦς
2295 1097 2510 1167 μετέχει
2551 1095 2738 1166 τιμῆς.
2805 1095 3228 1167 Χωρεπίσκοπον
3260 1093 3316 1146 δὲ
3359 1091 3602 1160 γίνεσθαι
3652 1088 3768 1142 ὑπὸ

2181 1191 2280 1259 τῆς
2311 1182 2593 1262 πόλεως,ᾗ
2623 1188 2929 1250 ὑπόκειται,
2958 1185 3276 1247 ἐπισκόπου.
3303 1183 3472 1252 Quem
3493 1197 3765 1238 canonem

2184 1277 2262 1330 sic
2295 1274 2524 1330 Latinus
2548 1276 2814 1346 interpres
2839 1275 3105 1332 reddidit:
3137 1275 3521 1344 Chorepiscopi,
3548 1274 3768 1327 tametsi

2183 1386 2373 1423 manus
2416 1370 2803 1438 intpositionem
2840 1369 2904 1422 ab
2936 1369 3173 1437 episcopo
3207 1377 3565 1437 susceperunt,
3616 1377 3664 1419 et
3698 1373 3769 1419 stt

2182 1459 2412 1528 episcopi
2430 1469 2549 1512 sunt
2574 1460 2888 1523 consecrati,
2920 1467 3092 1512 tamen
3109 1457 3312 1526 placuit
3336 1466 3534 1511 sancta:
3555 1456 3768 1525 synodo

2183 1564 2268 1602 eos
2305 1548 2516 1601 modum
2551 1549 2822 1616 proprium
2849 1550 3090 1613 retinere,
3119 1557 3167 1601 et
3198 1548 3487 1617 gubernare
3509 1547 3770 1615 adjacen-

2186 1650 2259 1692 tes
2290 1640 2390 1693 sibi
2431 1640 2688 1704 civitates,
2722 1649 2770 1692 et
2811 1654 2921 1693 esse
2951 1647 3221 1692 contentos
3253 1639 3466 1708 propria
3505 1637 3770 1690 sollicitu-

2187 1731 2310 1784 dine
2335 1741 2383 1785 et
2426 1731 2821 1802 gubernatione,
2851 1747 3012 1800 quam
3041 1739 3399 1799 susceperunt.
3431 1727 3770 1784 Constituere

504 1826 559 1872 et
589 1818 918 1890 περιπόλους
973 1821 1110 1875 idem
1161 1833 1352 1877 auctor
1385 1825 1636 1894 appellat.
1697 1825 1906 1894 Quibus
1934 1828 2086 1882 Chri-
2119 1805 2159 1860 Β
2189 1831 2366 1876 autem
2387 1824 2467 1876 his
2502 1824 2830 1892 permittitur
2865 1823 3173 1887 Iectores,et
3204 1822 3568 1886 subdiaconus,
3602 1830 3768 1888 atque

504 1910 806 1964 stianorum
855 1911 907 1964 in
964 1912 1107 1982 agris
1144 1916 1395 1982 parmciae
1429 1932 1592 1984 quam
1637 1917 1927 1972 simillima:
1965 1918 2084 1973 fue-

503 2010 651 2056 runt.
716 2000 850 2055 Nam
887 2012 940 2057 et
974 2004 1084 2059 illic
1121 2005 1432 2070 ἐπίσκοποι,
1473 2009 1587 2063 sive
1635 2011 1815 2079 potius
1845 2011 2085 2083 χωρεπί-

506 2111 696 2146 σκοποι
738 2094 867 2148 olim
903 2095 1256 2165 prteruuruut,
1295 2114 1431 2168 quos
1459 2102 1820 2170 episcoporum
1862 2104 2086 2162 vicarios

505 2185 712 2242 Latinae
759 2189 1004 2258 quaedam
1043 2206 1314 2246 canonum
1345 2192 1820 2262 interpretationes
1851 2205 2082 2251 vocant:

505 2281 625 2334 alia:
674 2283 1024 2350 regionarios,
1060 2299 1156 2338 seu
1196 2288 1424 2350 vicanos,
1466 2289 1622 2354 longe
1655 2305 1817 2357 quam
1868 2290 1970 2342 “[113
2001 2306 2086 2344 re-

505 2372 666 2426 ctius.
720 2371 844 2425 Fuit
870 2389 1059 2427 eorum
1099 2374 1332 2445 dignitas
1389 2387 1443 2429 et
1479 2387 1717 2446 potestas
1754 2381 2084 2451 presbyteris

505 2465 866 2534 simplicibus,
901 2477 957 2520 ut
992 2466 1225 2532 videtur,
1257 2470 1508 2537 amplior,
1555 2481 1604 2524 et
1632 2470 1924 2541 episcopali
1957 2490 2082 2544 sup-

504 2573 634 2625 par;
661 2572 784 2610 nam
818 2568 871 2612 et
899 2558 1181 2613 inferiores
1209 2560 1430 2615 ordines
1458 2563 1524 2613 ab
1550 2561 1614 2614 iis
1645 2564 1936 2619 collocatos
1965 2580 2085 2619 csse

503 2657 739 2703 constat.
781 2647 897 2714 Qua
945 2653 1011 2703 de
1040 2665 1098 2704 re
1130 2650 1398 2705 obscurus
1427 2661 1512 2706 est
1559 2655 1828 2725 Ancyrani
1865 2657 2081 2711 concilii

505 2757 626 2794 cat).
661 2742 1240 2812 15εΧωρεπισκόπους
1276 2745 1349 2814 μὴ
1385 2742 1584 2809 ἐξεῖναι
1615 2746 2020 2818 πρεσϐυτέρους
2048 2747 2082 2820 ἢ

503 2833 785 2897 διακόνους
818 2837 1142 2906 χειροτονεῖν
1167 2852 1180 2865 ·
1220 2835 1354 2889 ἀλλὰ
1381 2837 1512 2906 μηδὲ
1543 2837 1950 2908 πρεσϐυτέρους
1983 2839 2080 2891 πόο

502 2925 660 2992 λεως,
679 2930 846 2999 χωρίς
866 2929 959 2982 τοῦ
991 2930 1356 3001 ἐπιτραπῆναι
1385 2932 1488 2984 ὑπὸ
1508 2931 1600 2984 τοῦ
1625 2932 1922 2985 ἐπισκόπου
1947 2931 2084 3003 μετὰ

503 3018 845 3089 γραμμάτιον
877 3020 932 3070 έν
955 3020 1116 3087 ἑτέρα
1145 3021 1429 3092 παροικίᾳ.
1462 3020 1619 3076 Vetat
1647 3023 1991 3094 presbyteros
2019 3037 2084 3078 ac

503 3114 763 3166 diaconos
794 3129 824 3166 a
851 3113 1256 3183 chorepiscopis
1291 3115 1622 3168 consecrari.

577 3204 680 3259 Sed
714 3206 1102 3260 obscurissima
1135 3217 1261 3260 sunt
1289 3222 1410 3275 quae
1433 3206 1749 3276 subjunxit:
1779 3206 1914 3261 ἀλλὰ
1946 3206 2082 3280 μηδὲ

505 3296 928 3368 πρεσϐυτέρους,
983 3289 1214 3366 quorum
1258 3298 1457 3367 duplex
1504 3307 1680 3367 potest
1710 3315 1830 3353 esse
1863 3313 2080 3355 sensus.

505 3387 612 3448 Aut
632 3389 775 3441 enim
795 3389 1038 3444 eamdem
1060 3389 1284 3444 urbanis
1303 3389 1633 3460 presbyteris
1659 3399 1977 3458 potestatem
1998 3389 2087 3444 ad-

507 3481 653 3540 imit:
702 3481 845 3551 quod
878 3480 1113 3534 otiosum
1168 3492 1220 3534 et
1247 3481 1487 3548 ineptum
1517 3480 1747 3534 videtur.
1777 3478 1911 3546 Quis
1937 3479 2082 3534 enim

507 3575 856 3646 presbyteros
881 3589 912 3628 a
943 3573 1272 3644 presbyteris
1302 3573 1582 3627 ordinatos
1617 3587 1856 3643 unquam
1891 3573 2083 3633 audiit.

511 3680 602 3724 aut
629 3667 746 3737 ejus
774 3668 849 3722 rei
882 3677 1202 3736 potestatem
1237 3667 1340 3720 illis
1378 3670 1444 3721 ab
1470 3668 1726 3736 episcopo
1755 3683 1850 3736 per
1879 3668 2086 3721 litteras

507 3777 628 3815 esse
677 3759 921 3814 tactam?
972 3759 1115 3828 quod
1175 3775 1349 3813 canon
1393 3759 1641 3828 excipere
1703 3758 1933 3812 videtur.
1997 3757 2088 3812 Vel

509 3863 655 3910 certe
710 3852 1132 3921 chorepiscopos
1181 3851 1427 3921 prohibet
1475 3850 1692 3905 urbicos
1743 3850 2088 3921 presbyteros

509 3943 765 4003 ordinare
795 3943 913 3997 sine
951 3942 1188 4012 episcopi
1239 3941 1600 3997 consensione
1642 3955 1704 3996 ac
1745 3941 1961 4008 litteris,
2012 3941 2090 3996 id-

509 4051 615 4106 que
656 4037 707 4088 in
739 4035 912 4088 aliena
947 4034 1218 4104 paruacia;
1271 4042 1434 4103 atque
1484 4033 1558 4087 ita
1604 4031 1889 4088 Balsama:
1941 4033 2087 4103 quod

511 4141 579 4180 ne
626 4125 804 4196 ipsum
861 4123 1078 4194 quidem
1128 4121 1420 4192 probatur;
1481 4136 1605 4175 nam
1655 4121 1701 4177 si
1745 4120 2088 4190 presbyteros

509 4221 604 4274 aut
649 4213 904 4266 diaconos
959 4211 1170 4281 penitus
1208 4211 1463 4265 ordinare
1504 4210 1725 4264 vetitum
1777 4219 1891 4276 est,
1955 4209 2092 4280 quid

510 4304 703 4364 attinet
746 4302 813 4356 de
860 4303 1082 4358 urbanis
1131 4303 1460 4374 presbyteris
1519 4303 1842 4364 nominatim
1897 4303 2088 4359 memi-

511 4394 694 4450 nisse?
758 4393 1075 4449 Mendosum
1134 4395 1300 4464 igitur
1344 4409 1466 4448 esse
1517 4393 1768 4450 Graecum
1819 4409 2084 4450 cattonem

2187 1917 2516 1970 cxorcistas:
2542 1915 2730 1984 quibus
2755 1915 2976 1983 sumciat
3012 1915 3236 1967 istorum
3261 1924 3464 1966 tantum
3500 1913 3769 1982 graduum

2185 2007 2454 2059 licentiam
2471 2006 2748 2075 (tt-cepisse.
2787 2004 2907 2058 Non
2929 2016 3102 2058 autem
3124 2005 3498 2074 presbyterum,
3525 2021 3625 2056 non
3645 2005 3775 2061 dia-

2186 2114 2374 2152 conum
2416 2098 2644 2151 audeant
2689 2098 2936 2151 ordinare
2979 2109 3170 2166 praeter
3211 2099 3585 2154 conscientiam
3649 2099 3773 2163 cpi-

2185 2190 2329 2258 scopi
2357 2189 2604 2254 civitatis,
2647 2188 2723 2242 vel
2759 2188 3028 2254 Ecclesia,
3058 2191 3144 2242 cui
3185 2190 3433 2258 adjacens
3460 2191 3769 2253 invenitur;

2184 2302 2270 2337 seu
2296 2285 2424 2352 ipse.
2464 2301 2552 2338 seu
2585 2287 2748 2354 regio,
2788 2286 2842 2337 in
2887 2301 2990 2354 qua
3018 2301 3238 2353 pra’esse
3273 2283 3615 2353 dignoscitur,
3651 2292 3769 2337 etc.

2187 2375 2598 2445 Cltorept'scopus
2643 2387 2820 2430 autem
2859 2377 2922 2429 ab
2951 2379 3191 2446 episcopo
3222 2376 3471 2440 civitatis,
3519 2373 3596 2428 vel
3637 2375 3773 2442 loci,

2186 2471 2270 2522 cui
2305 2471 2440 2521 idem
2469 2469 2696 2538 adjacet,
2732 2469 3060 2522 ordinandus
3085 2477 3182 2523 est.

2256 2560 2512 2616 Poterant
2550 2563 2731 2631 itaque
2777 2561 3142 2616 subdiaconus
3203 2575 3268 2616 ac
3330 2561 3568 2614 minores
3598 2558 3773 2614 cleri-

2185 2667 2281 2708 cos
2324 2652 2596 2715 ordinare,
2637 2663 2691 2707 et
2735 2669 2864 2706 vero
2891 2654 3240 2722 presbyteros
3295 2667 3359 2706 ac
3402 2652 3683 2715 diaconos,
3717 2651 3775 2704 si

2185 2744 2253 2798 ab
2277 2744 2531 2813 episcopo
2561 2743 2710 2798 ﬁeret
2742 2751 2999 2813 potestas.
3033 2742 3212 2810 Quare
3242 2744 3476 2814 amplius
3507 2743 3774 2812 quiddam

2184 2848 2530 2908 erantquam
2562 2839 2976 2910 presbyteri,et,
3010 2841 3055 2894 si
3085 2855 3272 2894 verum
3305 2840 3624 2909 qumrimus,
3659 2839 3778 2908 epi-

2185 2931 2332 3000 scopi
2357 2939 2534 2992 erant,
2569 2945 2692 2984 cum
2721 2931 2787 2982 ab
2813 2931 2938 2994 alio,
2969 2947 3132 2999 quam
3157 2932 3226 2984 ab
3250 2931 3508 3000 episcopo
3525 2930 3772 2985 ordinari

2187 3021 2500 3079 sacerdotes
2543 3036 2608 3076 ac
2644 3021 2856 3076 diaconi
2915 3023 3106 3077 saltem
3155 3031 3446 3092 nequeant.
3497 3019 3588 3076 Sic
3619 3021 3774 3076 enim

2185 3113 2554 3183 argumentari
2588 3113 2749 3168 licet:
2788 3112 2925 3168 Cum
2966 3114 3020 3168 in
3068 3114 3309 3169 secundo
3336 3113 3771 3184 apostolicorum

2187 3219 2456 3258 canonum
2511 3206 2886 3275 praescriptum
2940 3206 3046 3271 sit,
3108 3215 3169 3260 ut
3218 3206 3288 3260 ab
3345 3220 3454 3260 uno
3512 3206 3774 3276 episcopo

2188 3296 2488 3366 presbyter,
2511 3306 2568 3350 et
2593 3296 2876 3360 diaconus,
2903 3313 2967 3351 ac
2995 3296 3189 3368 reliqui
3212 3298 3398 3353 clerici
3424 3298 3770 3361 ordinentur,

2187 3387 2558 3457 cborepiscopi
2594 3396 2773 3441 autem
2811 3388 3179 3443 subdiaconos
3242 3387 3636 3458 inferioresque
3663 3403 3775 3444 ca:-

2189 3489 2333 3532 teros
2365 3493 2458 3546 per
2486 3491 2624 3541 sese,
2645 3477 2987 3548 presbyteros
3019 3492 3084 3532 ac
3108 3476 3393 3543 diaconos,
3424 3479 3774 3548 permittente

2188 3570 2465 3637 episcopo,
2492 3583 2814 3627 consecrare
2841 3568 3142 3638 potuerint,
3155 3585 3377 3625 necesse
3403 3579 3486 3624 est
3501 3570 3624 3624 illos
3655 3572 3776 3639 cpi-

2189 3676 2384 3730 scopos
2426 3659 2617 3715 fuisse.
2685 3661 2861 3730 Atque
2893 3660 2996 3714 hoc
3041 3661 3327 3730 perspicue
3362 3677 3542 3716 canon
3573 3662 3776 3716 Antio—

2188 3751 2397 3806 cbenus
2427 3751 2715 3820 signillcat,
2763 3765 2887 3806 cum
2917 3752 3025 3804 ait:
3073 3753 3135 3804 Et
3169 3753 3262 3804 καὶ
3291 3751 3630 3823 χειροθεσίαν
3662 3747 3778 3805 εἷεν

2190 3843 2505 3897 ἐπισκόπων
2539 3843 2838 3914 εἰληφότες.
2912 3844 3065 3910 Quod
3101 3843 3392 3914 Dionysius
3425 3842 3671 3914 Exiguus
3699 3843 3778 3898 ita

2192 3937 2386 3991 vertit:
2436 3934 2688 4001 Quamvis
2741 3952 2928 3990 manus
2979 3937 3366 4006 impositionem
3409 3938 3778 4005 episcoporum

2190 4030 2532 4097 perceperint,
2580 4038 2629 4082 et
2667 4037 2725 4082 ut
2773 4029 3003 4098 episcopi
3053 4029 3346 4082 consecrati
3376 4031 3504 4082 sint.
3566 4029 3677 4084 Sed
3720 4039 3782 4083 et

2190 4121 2628 4176 Neoczesariense
2663 4122 2954 4183 concilium
2989 4137 3110 4175 can.
3162 4121 3252 4182 15,
3293 4137 3416 4176 cum
3455 4122 3780 4190 prohibuis-

2191 4223 2296 4276 set,
2328 4229 2396 4268 ne
2421 4211 2705 4284 ἐπιχώριοι
2735 4213 3094 4284 πρεσϐύτεροι
3131 4213 3294 4284 (quos
3323 4216 3652 4284 presbyteros
3681 4232 3781 4268 rst-

2193 4307 2265 4358 rt's
2308 4305 2694 4374 interpretatur
2744 4303 3075 4376 Dionysius:
3127 4307 3232 4360 alia
3287 4321 3560 4361 canonum
3605 4307 3780 4362 editio

2191 4397 2604 4468 conregionutes)
2645 4399 2703 4450 ὲν
2741 4397 2990 4468 κυριακῷ
3028 4399 3128 4468 τῆς
3175 4398 3385 4462 πόλεως
3427 4413 3612 4454 coram
3657 4399 3779 4468 epi-

509 4494 759 4556 oportet:
788 4485 945 4554 cujus
971 4486 1294 4540 sententiam
1325 4485 1394 4538 ita
1418 4483 1607 4538 Latina
1635 4485 1800 4540 editio
1822 4487 2079 4555 concipit:
2117 4499 2160 4555 D
2191 4505 2378 4558 scopo,
2406 4489 2490 4544 vel
2523 4490 2675 4544 urbis
2710 4490 3027 4562 presbytero
3057 4490 3387 4559 oblationem
3439 4488 3679 4544 facerent
3717 4501 3781 4545 et

525 4579 748 4634 Vicariis
783 4580 1163 4648 episcoporum,
1193 4595 1321 4648 quos
1355 4576 1527 4635 (ἵνωεὶ
1564 4580 1956 4650 cltorepiscopos
1999 4598 2086 4635 vo-

509 4682 652 4737 cant,
694 4690 795 4728 non
819 4673 974 4726 licere
1016 4670 1093 4726 vel
1138 4670 1488 4741 presbyteros,
1538 4671 1615 4724 vel
1656 4673 1907 4727 diaconos
1940 4674 2086 4727 ordi—

509 4783 674 4822 nare:
704 4767 794 4820 sed
823 4782 913 4819 nec
945 4764 1260 4834 presbyteris
1288 4765 1540 4831 civitatis,
1564 4766 1676 4819 sine
1706 4768 1932 4836 episcopi
1958 4784 2089 4837 prce-

509 4859 924 4928 cepto,amplius
957 4857 1162 4927 aliquid
1182 4858 1477 4926 imperare;
1508 4874 1601 4911 nec
1630 4861 1743 4913 sine
1771 4861 2087 4915 auctoritate

509 4953 806 5006 litterarum
840 4951 953 5019 ejus
979 4951 1033 5004 in
1058 4966 1370 5020 unaquaque
1397 4949 1650 5020 parochia
1676 4949 1878 5020 aliquid
1911 4967 2082 5021 agere.

508 5042 663 5108 Quod
689 5042 732 5094 si
755 5040 808 5094 in
832 5039 1022 5095 Graeco
1043 5053 1248 5093 canone
1269 5039 1429 5093 verba
1450 5039 1541 5092 illa
1563 5039 1891 5107 expunxeris
1913 5058 1924 5093 :
1952 5039 2087 5094 ἀλλὰ

513 5133 646 5207 μηδὲ
683 5129 1088 5204 πρεσϐυτέρους
1129 5130 1358 5196 πόλεως,
1388 5145 1583 5187 sensus
1607 5132 1710 5184 erit
1747 5131 2084 5199 aptissimus,

508 5242 618 5294 quo
646 5227 988 5281 interdictum
1018 5225 1420 5294 cborepiscopis
1447 5234 1531 5280 est
1557 5225 1996 5296 presbyterorum
2019 5240 2086 5280 ac

510 5321 866 5374 diaconorum
883 5318 1244 5384 ordinatione,
1260 5317 1363 5371 nisi
1382 5317 1435 5371 id
1450 5332 1542 5386 per
1557 5316 1840 5386 episcopos
1851 5317 2083 5378 licuerit.

511 5409 667 5477 Quod
697 5425 822 5466 cum.
842 5410 1192 5465 Antiochente
1220 5409 1412 5480 synodi
1437 5409 1652 5463 decreto
1673 5409 1949 5478 geminum
1982 5419 2084 5471 est.

509 5519 632 5573 qua:
659 5520 781 5558 can.
812 5503 878 5556 l0
912 5504 984 5558 ita
1009 5504 1224 5557 sanxit:
1256 5502 1392 5566 Τοὺς
1423 5503 1480 5555 ὲν
1505 5503 1623 5563 ταῖς
1646 5500 1882 5572 κώμαις,
1909 5501 1942 5572 ἢ
1967 5505 2086 5567 ταῖς

512 5593 736 5667 χώραις,
752 5595 785 5664 ἢ
803 5595 928 5657 τοὺς
941 5593 1304 5664 καλουμένους
1324 5593 1787 5665 χωρεπισκόπους,
1807 5594 1854 5645 ει
1875 5594 1968 5647 καὶ
1983 5612 2088 5665 χει-

515 5685 759 5756 ροθεσίαν
781 5683 888 5737 εἷεν
912 5686 1224 5740 ἐπισκόπων
1245 5685 1544 5754 εἰληφότες,
1563 5683 1706 5750 ἔδοξε
1727 5687 1794 5756 τῇ
1811 5686 1941 5758 ἁγίᾳ
1958 5704 2083 5741 συν-

512 5775 614 5848 ϐδῳ
643 5776 942 5839 εἰδένοιι,τὰ¹
970 5778 1177 5832 ἑαυτῶν
1216 5778 1409 5851 μέτρα,
1448 5779 1540 5831 καὶ
1571 5778 1790 5833 διοικεῖν
1823 5779 1920 5844 τὰς
1947 5783 2080 5835 ὑπο-

2195 4582 2367 4641 sacris
2391 4589 2768 4647 operarentur,
2799 4583 2988 4636 eodem
3034 4596 3264 4646 canone,
3289 4580 3588 4637 secundum
3621 4579 3778 4636 Lati-

2195 4689 2292 4728 nas
2309 4672 2594 4738 editiones,
2621 4672 2702 4727 vel
2731 4673 3002 4743 sequenti,
3028 4683 3085 4728 ut
3103 4671 3284 4734 (ἰτωεί
3305 4673 3517 4726 codices
3544 4672 3775 4740 habent,

2195 4765 2598 4835 cborepiscopis
2652 4765 2704 4819 id
2760 4765 3046 4835 permittit,
3095 4767 3238 4835 quod
3291 4767 3403 4828 τοῖς
3453 4765 3776 4834 ἐπιχωρίοις

2193 4857 2586 4928 πρεσϐυτέροις
2621 4864 2929 4926 negaverat.
2989 4859 3054 4908 Οἱ
3087 4856 3492 4927 χωρεπίσκοποί
3525 4858 3632 4908 εἱσι
3670 4861 3777 4926 μὲν

2194 4953 2273 5014 εἰς
2301 4951 2471 5004 τύπον
2493 4950 2602 5004 τῶν
2635 4949 3026 5021 ἑϐδομήκοντα,
3055 4948 3130 5012 ὡς
3162 4949 3219 5002 δὲ
3251 4948 3650 5021 συλλειτουργοὶ
3679 4949 3777 5006 διὰ

2193 5041 2291 5112 τὴν
2326 5040 2559 5112 σπουδὴν
2593 5042 2672 5103 εις
2695 5041 2821 5104 τοὺς
2854 5039 3105 5109 πτωχοὺς
3131 5038 3499 5110 προσφέρουσι
3529 5038 3779 5108 τιμώμεο

2193 5152 2294 5187 νοι.
2345 5132 2462 5188 Νοη
2508 5119 2673 5203 igitur
2709 5133 3011 5203 presbyteri
3045 5117 3324 5201 simplices
3347 5141 3533 5187 erant:
3564 5133 3774 5203 alioqui

2195 5226 2327 5280 nihil
2349 5225 2495 5280 aliud
2539 5234 2742 5289 essent,
2771 5240 2936 5295 quam
2963 5223 3246 5296 ἐπιχώριοι
3281 5224 3664 5297 πρεσϐύτεροι,
3718 5241 3747 5278 e

2193 5335 2316 5373 cum
2355 5317 2754 5390 συλλειτουργοί
2793 5317 3165 5384 nominantur,
3200 5333 3320 5387 qua
3355 5333 3462 5373 vox
3503 5326 3563 5372 ut
3601 5318 3746 5388 pluri

2195 5425 2346 5464 tuum
2372 5411 2753 5484 episcoporum
2777 5409 3013 5478 collegas
3041 5409 3332 5479 signiﬁcat,
3355 5410 3421 5464 ad
3449 5424 3571 5464 eam
3593 5410 3778 5479 digni-

2195 5514 2358 5559 tatem
2380 5503 2706 5572 pertinuisse
2726 5501 3000 5556 videntur.
3029 5499 3173 5559 Sane
3194 5502 3246 5556 in
3274 5500 3775 5571 subscriptionibus

2192 5595 2551 5649 conciliorum
2566 5607 2958 5660 nonnunquam
2971 5591 3239 5661 episcopis
3251 5590 3776 5646 aceenseuturchor—

2192 5687 2454 5756 epismpi,
2489 5695 2548 5741 ut
2582 5687 2634 5739 in
2668 5683 2938 5754 Ephesina
2975 5685 3184 5754 synodo
3225 5699 3279 5754 p.
3324 5683 3449 5748 522,
3496 5681 3777 5738 Caesarius

2195 5779 2636 5850 cltorepiscOpns,
2667 5788 2720 5833 et
2752 5776 3195 5841 Neocaesariensi,
3247 5775 3558 5848 Stephanus
3601 5773 3777 5830 chor-
