4054 6404
299 320 438 375 1019

1505 319 1591 374 DE
1628 316 2197 384 CHOREPISCOPIS.

3436 326 3579 384 1050

295 437 583 504 episcopus
605 431 978 504 Cappadociae.
1006 432 1062 486 ln
1088 433 1429 489 Antiocheno
1453 451 1581 490 vero
1613 451 1824 500 canone
1847 435 1880 490 8
1908 436 1956 512 Α
1983 436 2308 492 ostenditur.
2366 437 2611 493 Primum
2643 438 2788 509 quod
2823 439 2892 494 ab
2918 456 3030 496 uno
3055 441 3310 512 episcopo
3339 443 3580 501 ordinari

296 526 705 596 cborepiscopis
751 540 1102 592 concessum,
1160 535 1218 581 ut
1263 525 1517 597 paciﬁcas
1549 527 1756 582 litteras
1787 527 1883 582 tri-

299 619 463 674 buere
492 618 726 687 possint.

370 710 655 766 Postremo
689 709 796 766 Leo
829 726 965 781 papa
995 712 1153 782 epist.
1174 710 1245 765 8“!
1267 710 1334 767 de
1363 711 1553 765 iisdem
1575 711 1664 766 ille
1682 727 1881 783 agens:

300 800 445 855 Nam
493 804 755 873 quamvis,
800 803 998 873 inquit,
1042 821 1162 858 cum
1206 806 1460 875 episcopis
1499 807 1732 877 plurima
1776 807 1885 861 illis

298 895 714 949 ministeriorum
765 898 1059 952 communis
1112 900 1182 951 sit
1237 897 1582 968 dispensatio,
1641 899 1886 971 quadam

299 993 474 1045 tamen
521 984 840 1040 auctoritate
879 990 1065 1040 veteris
1108 987 1260 1058 legis,
1299 990 1546 1059 qutedam
1580 991 1807 1057 novella,
1837 999 1888 1044 et

299 1077 672 1133 ecclesiasticis
726 1076 920 1148 regulis
971 1078 1072 1132 sibi
1122 1079 1392 1150 prohibita
1433 1084 1691 1148 noverint,
1749 1085 1888 1138 sicut

298 1170 721 1240 presbyterorum
743 1179 790 1224 et
813 1170 1181 1240 diaconorum,
1207 1184 1299 1226 aut
1327 1175 1590 1244 virginum
1613 1190 1891 1228 consecra-

302 1260 413 1328 tio;
440 1261 573 1315 sicut
591 1263 899 1315 constitutio
923 1261 1138 1330 altaris,
1161 1281 1223 1319 ac
1246 1264 1558 1330 benedictio,
1584 1267 1663 1321 vel
1684 1267 1886 1333 unctio,

300 1361 406 1408 etc.
471 1352 796 1424 Quanquam
844 1354 946 1410 bac
995 1356 1182 1411 eadem
1209 1355 1448 1428 Epistola
1482 1357 1594 1412 Leo
1636 1360 1891 1431 cborepi-

300 1459 498 1515 scopos
530 1446 584 1500 in
621 1447 1064 1518 presbyterorum
1113 1449 1358 1504 ordinem
1403 1450 1615 1521 redigit,
1653 1468 1775 1506 cum
1815 1454 1889 1508 ita

301 1536 575 1606 loquitur:
605 1535 1012 1606 Cltorepiscopos
1036 1535 1146 1608 (qui
1168 1536 1330 1607 juxta
1357 1555 1580 1593 canones
1607 1538 1892 1596 Neocaesa-

300 1630 519 1694 riemes,
547 1630 651 1684 sive
676 1629 966 1683 secundum
991 1629 1219 1684 aliorum
1245 1634 1453 1686 decreta
1479 1631 1705 1691 Patrum
1734 1634 1891 1688 iidem

299 1734 445 1787 sunt,
485 1723 575 1792 qui
618 1731 667 1778 et
714 1722 1027 1795 presbyteri)
1061 1723 1136 1778 vel
1172 1723 1501 1801 presbyteros
1540 1725 1888 1780 destinarent.

303 1812 417 1868 Nisi
477 1813 616 1868 forte
677 1812 812 1876 haec,
875 1829 997 1883 quae
1051 1815 1363 1884 parenthesi
1419 1815 1771 1883 clauduntur,
1825 1808 1972 1873 abB

305 1907 483 1962 otioso
517 1906 700 1976 aliquo
739 1907 803 1960 ad
844 1905 1142 1976 marginem
1174 1907 1409 1978 ascripta
1444 1921 1635 1978 postea,
1663 1910 1716 1962 in
1759 1925 1894 1964 con-

305 2007 514 2052 textum
562 1998 914 2068 irrepserint:
965 2000 1110 2070 quod
1155 2016 1344 2055 verum
1397 2011 1549 2071 puto.
1605 2001 1740 2057 Nam
1791 2008 1897 2068 etsi

303 2105 515 2146 canone
554 2088 1014 2149 Neocaesariensis
1047 2093 1238 2164 synodi
1268 2093 1335 2148 15
1370 2094 1794 2166 cborepiscopos
1826 2098 1895 2153 ad

301 2184 615 2254 exemplum
654 2181 1006 2256 Septuaginta
1055 2186 1388 2242 constitutos
1445 2201 1566 2242 esse
1612 2188 1892 2244 decretum

303 2275 395 2339 sit,
428 2283 609 2330 tamen
646 2275 864 2332 dillerre
915 2276 1209 2343 plurimum
1258 2293 1288 2332 a
1325 2278 1680 2350 presbyteris,
1719 2264 1896 2350 iisque

302 2369 627 2423 antecellere
675 2369 863 2424 docuit
917 2384 1094 2424 canon
1144 2370 1308 2434 idem,
1341 2387 1503 2440 quem
1540 2387 1702 2442 supra
1751 2389 1896 2428 com-

304 2460 748 2515 memoravimus.
800 2459 994 2516 Exstat
1039 2461 1181 2519 intcr
1218 2463 1538 2532 pontiﬁcum
1587 2463 1895 2520 Decretalcs

305 2551 532 2620 epistola
569 2551 788 2608 Damasi
821 2551 884 2619 ν,
919 2553 987 2608 de
1019 2554 1447 2625 chos-episcopis,
1498 2557 1553 2609 in
1588 2573 1695 2626 qua
1729 2560 1896 2613 vebe-

309 2651 521 2696 menter
565 2643 812 2698 ordinem
850 2643 1002 2698 illum
1029 2645 1288 2716 exagitat,
1323 2657 1592 2716 negatque
1627 2649 1892 2716 funditus,

311 2749 340 2787 a
377 2733 704 2806 presbyteris
750 2735 855 2788 ulla
896 2749 964 2793 ex
1003 2745 1155 2804 parte
1200 2736 1534 2808 discrepare.
1590 2738 1692 2794 Sed
1724 2744 1894 2798 multa

313 2835 462 2893 sunt,
502 2843 624 2896 qua:
653 2835 961 2897 suspectam
1002 2827 1150 2882 illius
1184 2829 1430 2899 epistola:
1456 2829 1615 2885 ﬁdem
1647 2848 1756 2888 non
1796 2834 1895 2890 ob-

310 2935 418 2976 esa:
449 2920 598 2973 naris
631 2919 946 2975 hominibus
977 2921 1233 2989 reddant;
1266 2938 1389 2976 nam
1422 2933 1479 2978 ut
1501 2924 1566 2979 de
1591 2926 1732 2995 stylo
1777 2928 1895 2998 ipso

312 3012 692 3082 scribendique
732 3025 929 3082 genere
972 3011 1107 3068 nihil
1137 3012 1228 3068 hic
1257 3013 1457 3079 dicam,
1494 3031 1677 3073 nonne
1711 3017 1894 3076 falsis.

313 3106 512 3159 simum
535 3112 638 3167 est,
664 3105 808 3174 quod
835 3105 1034 3160 ibidem
1059 3105 1312 3171 refertur,
1335 3107 1756 3186 cborepisc0pos
1783 3123 1889 3167 tam

313 3213 342 3250 a
377 3197 618 3251 Romana
646 3198 802 3262 sede,
832 3213 998 3267 quam
1049 3213 1079 3251 a
1114 3198 1278 3254 totius
1318 3201 1468 3256 orbis
1504 3203 1776 3272 episcopis
1802 3207 1898 3260 ab-

314 3301 533 3358 rogatos
564 3305 628 3343 ac
676 3290 984 3344 ministerio
1011 3290 1316 3360 prohibitos
1343 3291 1551 3349 luisse?
1606 3293 1699 3351 γει
1730 3297 1895 3354 unius

312 3378 512 3442 Leonis
562 3380 816 3450 epistola,
872 3396 1037 3450 quam
1083 3383 1329 3452 proxime
1370 3385 1691 3444 citavimus.
1739 3403 1896 3458 argu-

313 3481 498 3528 mento
549 3489 670 3529 esse
715 3482 911 3542 potest,
975 3489 1085 3527 non
1138 3473 1303 3529 modo
1349 3491 1456 3530 non
1507 3482 1822 3550 antiquatos
1864 3497 1895 3536 a

313 3567 561 3622 Romano
607 3567 862 3638 pontiﬁce
899 3567 1338 3638 cborepiscopos,
1390 3572 1484 3625 sed
1539 3575 1743 3630 ascitos
1774 3591 1896 3636 esse

314 3678 378 3716 ae
408 3671 557 3716 certa
585 3661 873 3732 disciplina
905 3663 1265 3717 constrictos:
1308 3680 1433 3720 cum
1464 3667 1580 3722 suis
1611 3683 1669 3723 se
1696 3669 1895 3726 ﬁnibus

313 3755 593 3810 continere
619 3755 904 3824 iubentur,
943 3770 1044 3810 nec
1070 3770 1132 3808 ea
1179 3769 1301 3825 quae
1329 3758 1646 3827 pontiﬁcum
1677 3762 1893 3831 propria

315 3857 446 3903 sunt
483 3863 750 3917 usurpare
787 3862 1036 3903 munera.
1079 3846 1356 3913 Quamvis,
1393 3850 1590 3920 inquit,
1635 3869 1751 3906 cum
1781 3855 1894 3922 epi-

315 3941 485 4010 scopis
507 3940 740 4009 plurima
769 3940 880 3994 illis
921 3939 1334 3994 ministeriorum
1361 3945 1651 4000 communis
1673 3955 1748 3998 est
1778 3947 1892 4000 dis-

313 4035 571 4103 pensatio.
623 4032 778 4097 Quod
813 4033 877 4086 ad
907 4033 1148 4102 reliquos
1175 4044 1382 4104 spectat
1415 4037 1581 4091 totius
1606 4038 1756 4093 orbis
1779 4041 1895 4108 epi-

315 4138 529 4192 scopos,
585 4137 616 4177 a
672 4121 872 4192 quibus
924 4123 1227 4191 prohibitos
1281 4138 1404 4178 esse
1456 4125 1622 4192 dicit;
1683 4137 1891 4186 tantum

313 4216 488 4279 abest,
533 4223 592 4268 ιιι
635 4215 686 4268 id
736 4230 920 4270 verum
975 4215 1064 4282 sit,
1114 4225 1175 4270 ut
1226 4217 1280 4270 in
1310 4221 1651 4279 mcumenica
1685 4224 1894 4293 synodo

313 4307 747 4362 Cbalcedonensi
780 4306 923 4360 inter
967 4307 1198 4363 clericos
1234 4321 1622 4366 recenseantur
1658 4329 1780 4367 can.
1816 4313 1852 4366 ἓ
1877 4332 1898 4378 ε,

315 4399 383 4452 Εῖ
398 4415 481 4462 τις
511 4399 807 4461 ἐπίσκοπος
831 4397 924 4451 ἐπὶ
951 4399 1198 4468 χρήμασι
1228 4403 1558 4472 χειροτονίαν
1588 4408 1891 4474 ποιήσαιτο,

313 4498 446 4558 etc.,
485 4491 579 4545 καὶ
613 4491 1043 4563 χειροτονήσειεν
1073 4491 1166 4544 ἐπὶ
1195 4494 1473 4565 χρήμασιν
1507 4497 1825 4562 ἐπίσκοπον,
1859 4501 1892 4569 ἢ
1925 4519 1973 4578 D

312 4582 748 4653 χωρεπίσκοπον,
780 4581 813 4653 ἢ
847 4582 1272 4654 πρεσϐυτέρους,
1302 4586 1335 4656 ἢ
1366 4586 1668 4656 διακόνους,
1699 4599 1828 4653 etc..
1847 4605 1902 4650 et

314 4675 369 4727 in
403 4673 697 4744 Ephesina,
739 4673 817 4728 uti
855 4673 1119 4739 diximus,
1167 4675 1307 4730 inter
1339 4679 1624 4748 episcopos
1661 4682 1905 4737 subscri-

313 4767 478 4835 pserit
498 4765 770 4822 Caesarius
784 4767 1232 4837 cborepisc0pns.
1249 4769 1389 4834 Quin
1407 4772 1569 4825 etiam
1590 4773 1642 4826 in
1661 4774 1898 4843 Capitnl.

311 4855 493 4911 Caroli
522 4857 718 4927 imper.
741 4874 858 4926 cap.
885 4859 918 4913 9
944 4859 1010 4912 de
1043 4859 1448 4930 cborepiscopis
1477 4877 1542 4917 ex
1562 4863 1905 4921 Antiochena

313 4957 369 5002 et
391 4949 676 5019 Ancyrana
703 4947 914 5018 synodo
947 4948 1227 5003 decretum
1255 4951 1536 5017 inseritur,
1559 4963 1619 5006 ιιι
1644 4966 1902 5024 appareat

309 5038 476 5091 etiam
531 5047 645 5092 tum
699 5039 758 5092 in.
796 5037 986 5094 Galliis
1039 5039 1208 5096 fuisse
1253 5042 1699 5114 chorepiscopos.
1759 5046 1896 5108 Nam

314 5138 369 5184 et
426 5129 492 5184 ad
532 5127 843 5186 Gallicanos
898 5131 1185 5202 episcopos
1234 5131 1344 5188 Leo
1395 5150 1532 5205 papa
1592 5137 1658 5192 de
1707 5137 1898 5196 iisdem

315 5221 630 5288 scripserat.

385 5307 505 5364 Non
531 5311 714 5366 minus
744 5310 939 5374 falsum
965 5321 1068 5374 est,
1087 5313 1232 5384 quod
1259 5315 1370 5371 illic
1389 5319 1769 5389 supposititius
1789 5322 1898 5377 Da-

316 5417 505 5457 masus
543 5401 800 5468 allirmat,
833 5420 940 5463 non
964 5405 1188 5464 licuisse
1230 5409 1640 5480 chorepiscopis
1671 5413 1898 5470 subdia-

315 5510 486 5550 conos
505 5495 781 5562 ordinare,
799 5510 987 5554 contra
1008 5498 1332 5555 Antiocheni
1362 5506 1578 5561 concilii
1605 5521 1901 5573 canonem,

316 5595 372 5640 et
407 5586 605 5642 Leonis
648 5588 955 5657 epistolam,
998 5590 1092 5658 qui
1131 5593 1576 5664 presbyterorum
1611 5598 1894 5666 duntaxat,

316 5694 380 5732 ac
407 5677 768 5733 (liaconorum
802 5681 1268 5737 consecrationem
1299 5685 1510 5742 adimit.
1541 5687 1754 5744 Atenim
1779 5692 1895 5761 epi-

318 5787 514 5839 scopos
564 5771 686 5827 illos
744 5788 848 5826 non
901 5771 1070 5833 fuisse
1120 5775 1284 5832 etiam
1337 5779 1642 5836 rationibus
1693 5781 1889 5839 ibidem

1993 528 2252 594 solerent,
2281 545 2406 585 cum
2437 546 2468 586 a
2495 530 2748 587 Patribus
2778 533 3014 588 edictum
3042 533 3134 599 sit,
3158 544 3214 588 ut
3248 535 3341 606 qui
3372 537 3441 591 ab
3467 554 3580 594 uno

1991 622 2076 677 vel
2102 638 2130 676 a
2166 623 2377 680 duobus
2411 635 2540 680 sunt
2571 626 2806 681 ordinati
2837 627 3129 697 episcopis,
3162 644 3264 684 nec
3293 631 3582 686 nominen-

1993 724 2082 770 tur
2113 716 2377 787 episcopi.
2413 716 2616 773 Deinde
2660 718 2803 788 quod
2849 717 3232 775 ecclesiastica:
3266 723 3580 780 sanctiones

1995 808 2318 878 prohibeant
2349 810 2400 862 in
2435 810 2585 875 villa,
2636 811 2720 866 vel
2771 812 2825 865 in
2873 813 3124 877 castello,
3165 821 3261 868 aut
3296 814 3348 868 in
3381 816 3580 886 exiguo

1996 901 2182 972 aliquo
2217 903 2478 973 oppidulo
2523 905 2842 973 episcopum
2881 920 3220 960 consecrare.
3253 905 3344 971 At,
3380 906 3578 977 inquit,

1995 993 2423 1064 cborepisc0pns
2457 1003 2539 1049 est
2563 996 2794 1051 villanus
2835 999 3148 1066 cpiscopus.
3179 995 3348 1068 Igitur
3386 1010 3580 1054 contra

1997 1101 2268 1138 canonum
2325 1086 2706 1140 auctoritatem
2753 1096 2838 1142 est
2870 1089 3384 1158 cborepiscoporum
3420 1091 3580 1144 insti-

1996 1175 2156 1229 tutio.
2206 1173 2310 1228 Sed
2349 1176 2494 1244 quod
2533 1177 2598 1229 ad
2631 1177 3146 1248 chorepiscoporum
3179 1179 3579 1236 ordinationem

1997 1269 2209 1329 attinet,
2247 1269 2520 1323 l'uerintne
2569 1269 2638 1323 ab
2686 1284 2796 1323 uno
2839 1270 3125 1336 duntaxat,
3156 1271 3316 1342 cujus
3351 1272 3404 1326 in
3437 1273 3579 1329 diae-

1997 1360 2108 1414 cesi
2147 1367 2322 1424 erant,
2358 1359 2616 1428 episeopo
2645 1359 2971 1425 consecrati,
3025 1377 3092 1415 an
3135 1377 3164 1415 a
3199 1363 3466 1430 pluribus,
3497 1364 3580 1418 ni-

1999 1451 2072 1509 hil
2115 1451 2169 1504 in
2209 1451 2356 1510 omni
2393 1451 2733 1520 antiquitatis
2780 1455 3040 1506 memoria
3086 1451 3220 1508 satis
3257 1470 3580 1524 expressum

1997 1543 2156 1598 nobis
2181 1542 2440 1597 occurrit.
2473 1542 2701 1614 Quodsi
2743 1542 2979 1598 Damaso
3029 1545 3102 1598 illi
3137 1548 3434 1611 credimus,
3468 1563 3579 1602 non

1998 1634 2177 1688 solum
2208 1634 2448 1704 episcopi
2480 1644 2592 1687 tum
2617 1643 2804 1698 erant,
2833 1639 2924 1688 sed
2951 1654 2977 1688 ιι
3010 1637 3258 1705 pluribus
3287 1637 3449 1692 etiam
3473 1638 3581 1708 epi-

1998 1726 2180 1795 scopis
2227 1726 2644 1785 ordinahantur.
2691 1726 2846 1792 Quod
2880 1742 2944 1780 cx
2987 1728 3312 1783 Antiocheni
3350 1728 3595 1796 canonis,

2001 1819 2182 1874 verbis
2212 1817 2468 1884 aﬁirmat,
2503 1819 2761 1888 quoniam
2810 1819 2884 1872 ita
2932 1820 3191 1888 scriptum
3221 1830 3306 1874 est
3337 1840 3350 1876 :
3390 1821 3455 1874 Et
3485 1821 3580 1876 καὶ

2003 1911 2340 1982 χειροθεσίαν
2384 1906 2494 1963 εἷεν
2526 1910 2840 1964 ἐπισκόπων
2879 1909 3179 1980 εἰληφότες.
3219 1909 3457 1975 Videtur,
3492 1911 3579 1966 in-

2002 2005 2138 2073 quit,
2169 2005 2297 2058 mitti
2320 2005 2457 2073 quod
2481 2013 2603 2055 tunc
2631 2019 2730 2055 non
2763 2004 2828 2055 ab
2859 2020 2984 2069 uno,
3010 2004 3099 2056 sed
3123 2019 3153 2056 a
3181 2001 3419 2073 pluribus
3442 2005 3584 2058 ordi-

2003 2095 2288 2160 nabuntur,
2322 2095 2448 2165 quia
2476 2093 2780 2147 nullatenus
2816 2091 3008 2148 diceret
3034 2095 3417 2162 episcoporum,
3448 2094 3494 2146 si
3517 2092 3581 2146 ab

2002 2203 2106 2240 uno
2134 2186 2281 2254 ﬁeret
2315 2185 2504 2238 talium
2536 2185 2822 2250 ordinatio,
2861 2203 2979 2241 cum
3014 2187 3380 2255 episcoporum
3407 2186 3584 2255 plura-

2003 2277 2125 2332 liter
2144 2278 2343 2336 dictum
2375 2277 2466 2330 sit.
2507 2275 2613 2330 Sed
2639 2277 2934 2345 genitivum
2959 2277 3108 2331 illum
3131 2275 3445 2328 ἐπισκόπων
3483 2275 3583 2330 ali-

2004 2378 2086 2422 ter
2111 2369 2288 2423 Latini
2321 2370 2644 2438 interpretes
2683 2376 3032 2437 acceperunt,
3079 2376 3137 2421 ut
3176 2367 3435 2420 nimirum
3468 2381 3584 2437 χει-

2005 2459 2226 2533 ροθεσία
2253 2460 2570 2524 ἐπισκόπων
2601 2475 2710 2514 non
2747 2460 2838 2513 illa
2875 2447 3136 2513 manuum
3172 2458 3450 2528 impositio
3487 2457 3579 2522 sit,

2002 2570 2167 2626 quam
2192 2553 2376 2624 plures
2398 2553 2638 2623 episcopi
2667 2552 2894 2615 faciunt,
2939 2551 3031 2607 sed
3061 2567 3166 2620 qua
3198 2550 3332 2605 ﬁunt
3366 2550 3583 2620 episco-

2003 2647 2076 2716 pi.
2111 2644 2292 2713 Quare
2334 2645 2381 2700 si
2428 2659 2615 2700 verum
2644 2653 2749 2708 est,
2783 2642 2928 2714 quod
2967 2641 3198 2712 epislola
3230 2642 3334 2696 ista
3364 2651 3577 2706 narrat,

2003 2754 2111 2793 non
2140 2741 2209 2793 ab
2235 2755 2344 2794 uno
2375 2747 2586 2794 tantum
2617 2739 2921 2794 consecrati
2953 2737 3154 2793 inierint
3180 2737 3578 2811 cborepiscopi.

2002 2828 2203 2883 Verum
2246 2830 2558 2900 perturbate
2613 2830 2908 2887 admodum
2938 2845 3001 2884 ac
3033 2830 3282 2900 perplexe
3315 2829 3579 2900 loquitur,

2001 2938 2124 2979 eum
2157 2923 2400 2989 eosdem,
2449 2939 2590 2992 quos
2635 2923 2923 2992 episcopos
2965 2922 3137 2977 fuisse
3174 2933 3302 2978 tunc
3331 2938 3583 2978 asserue-

2002 3025 2104 3079 rat,
2129 3017 2316 3071 nescio
2337 3031 2444 3085 quo
2467 3026 2626 3086 pacto
2647 3016 2876 3070 subinde
2897 3024 3052 3084 neget
3079 3016 3368 3085 episcopos
3387 3015 3578 3071 fuisse.

2004 3107 2108 3164 Sed
2138 3108 2463 3164 Antiocheni
2489 3109 2719 3163 canonis
2746 3107 3044 3163 auctoritas
3068 3106 3385 3176 opponitur,
3423 3107 3582 3178 cujus

1999 3216 2062 3254 ea
2091 3201 2336 3254 clausula
2370 3209 2454 3254 est
2481 3218 2494 3254 :
2529 3199 2965 3270 Χωρεπίσκοπον
2994 3198 3050 3250 δὲ
3081 3196 3327 3267 γίνεσθαι
3357 3198 3462 3251 ὑπὸ
3486 3197 3581 3252 τοῦ

1997 3293 2096 3363 τῆς
2137 3293 2343 3356 πόλεως
2473 3293 2757 3346 ὑπόκειται
2806 3291 3130 3344 ἐπισκόπου·
3168 3289 3582 3360 Chorepiscopus

1999 3395 2172 3440 autem
2205 3385 2270 3438 ab
2304 3385 2547 3453 episcopo
2578 3384 2812 3439 civitatis
2847 3382 2924 3436 vel
2961 3383 3086 3444 loci,
3136 3382 3221 3434 cui
3257 3381 3395 3436 idem
3435 3381 3586 3452 adia-

1998 3484 2098 3542 cet,
2134 3475 2466 3536 ardinandns
2500 3484 2600 3530 est.
2633 3474 2772 3530 Hinc
2803 3475 2908 3529 illa:
2951 3474 3224 3544 lacrymte.
3256 3473 3418 3542 Atqui
3453 3487 3580 3528 cum

1998 3568 2068 3621 ab
2101 3568 2380 3637 episcopo,
2425 3567 2513 3621 cui
2552 3567 2841 3636 subjectus
2865 3574 2968 3631 est,
3001 3564 3241 3620 ordinari
3265 3565 3436 3635 jubet,
3470 3579 3582 3620 non

1997 3659 2137 3715 alios
2182 3659 2444 3724 excludit,
2475 3659 2569 3729 qui
2622 3674 2733 3714 una
2773 3674 2970 3714 manus
3002 3659 3307 3728 imponant,
3351 3659 3445 3714 sed
3476 3660 3581 3716 boc

1998 3752 2176 3806 solum
2208 3750 2472 3820 przecipit,
2505 3758 2566 3804 ut
2591 3749 2956 3809 ordinationis
2986 3766 3190 3822 praeses
3225 3765 3291 3805 ac
3321 3751 3577 3805 modera-

2001 3855 2087 3902 tor
2122 3847 2212 3901 ille
2243 3846 2336 3910 sit,
2372 3845 2531 3915 cujus
2562 3845 2618 3898 in
2649 3844 2861 3900 ditione
2893 3855 3164 3913 versatur,
3202 3852 3263 3898 ut
3299 3843 3418 3914 ejus
3453 3843 3581 3898 bor-

2001 3948 2113 3993 tatu
2149 3938 2492 4008 invitatuque
2551 3936 2917 3994 adhibeantur
2943 3937 3056 4002 alii,
3087 3945 3147 3990 ut
3178 3937 3368 3992 eodem
3397 3937 3583 3992 incon-

1997 4030 2166 4094 sulto,
2202 4039 2262 4085 ut
2291 4029 2513 4099 injussu
2537 4028 2775 4098 denique
2804 4029 3230 4099 cborepiscopus
3258 4044 3366 4083 non
3395 4029 3508 4083 ﬁat.

2066 4124 2240 4192 Quam
2271 4122 2433 4191 huius
2456 4122 2684 4176 canonis
2707 4135 2827 4176 esse
2855 4121 3177 4175 sententiam
3191 4119 3430 4174 declarat
3459 4118 3583 4172 Bal-

1998 4232 2174 4280 samo,
2231 4229 2358 4270 cum
2407 4213 2504 4279 ait,
2547 4213 3068 4282 cborepiscoporum
3127 4211 3230 4266 hac
3285 4210 3581 4281 appendice

2000 4308 2328 4362 refrenatam
2382 4305 2775 4375 arrogantiam,
2824 4302 2940 4372 qui,
2975 4302 3213 4372 propriis
3256 4303 3581 4372 contemptis

1998 4399 2289 4470 episc0pis,
2339 4413 2376 4456 a.
2395 4397 2837 4466 metropolitano,
2879 4395 2960 4449 vel
2996 4395 3303 4464 patriarcha
3337 4395 3581 4451 ordinari

2000 4507 2118 4546 sese
2145 4491 2366 4550 vellent.
2407 4504 2518 4558 quo
2547 4487 2732 4544 minus
2757 4487 2810 4539 in
2841 4501 3065 4543 suorum
3089 4495 3351 4555 potestate
3381 4485 3578 4542 forent.
3611 4525 3627 4538 .

2004 4580 2130 4643 Ideo
2156 4580 2535 4643 constitutum,
2579 4585 2640 4630 ut
2677 4577 2747 4630 ab
2775 4576 3039 4646 episcopo.
3059 4590 3160 4630 suo
3192 4591 3582 4630 consecraren-

2003 4683 2109 4727 tur.
2146 4671 2359 4729 Etenim
2402 4668 2738 4726 simillimum
2775 4666 3032 4736 quiddam
3083 4665 3298 4719 videtur
3344 4680 3410 4719 ac
3454 4679 3578 4719 cum

2003 4765 2224 4826 dicitur,
2253 4779 2280 4816 a
2315 4759 2733 4830 metropolitano
2761 4757 3125 4829 provinciales
3151 4773 3343 4811 omnes
3370 4757 3583 4828 episco-

2002 4873 2102 4928 pos
2135 4856 2410 4922 ordinari;
2443 4870 2513 4911 ex
2560 4855 2727 4911 veteri
2770 4870 3002 4918 canone,
3040 4857 3133 4924 qui
3164 4857 3217 4909 in
3249 4857 3578 4911 Chalcedon.

2002 4947 2262 5011 concilio,
2295 4947 2483 5005 Actor.
2507 4947 2596 5012 15,
2619 4959 2751 5014 pag.
2777 4943 2901 5009 589,
2921 4943 2994 4999 ita
3035 4946 3342 5017 concipitur
3369 4965 3382 5002 :
3418 4948 3581 5002 Ὥστε

2001 5039 2061 5092 ὲν
2092 5039 2192 5108 μιᾷ
2217 5035 2429 5110 ἑκάστῃ
2454 5034 2564 5088 τῶν
2591 5033 2869 5106 ἐπαρχιῶν
2901 5038 2965 5086 τὸ
2992 5033 3158 5106 κῦρος
3193 5035 3338 5106 ἔχειν
3369 5035 3457 5088 τὸν
3483 5036 3584 5107 τῆς

2005 5129 2412 5204 μητροπόλεως,
2455 5127 2550 5180 καὶ
2585 5127 2746 5180 αὐτὸν
2783 5126 3047 5197 καθιστᾷν
3085 5127 3293 5190 πάντας
3324 5128 3451 5190 τοὺς
3477 5126 3584 5181 ὑπὸ

1999 5223 2109 5295 τὴν.
2129 5221 2296 5298 αὐτὴν
2335 5219 2611 5299 ἐπαρχίαν.
2657 5218 3010 5282 ἐπισκόπουςο
3060 5217 3127 5272 Ut
3171 5219 3224 5271 in
3272 5235 3584 5290 unaquaque

1997 5317 2269 5387 provincia
2303 5314 2396 5383 jus
2431 5329 2493 5366 ac
2556 5320 2870 5382 potestatem
2905 5309 3338 5378 metropolitanus
3369 5310 3582 5375 habeat,

1999 5409 2240 5475 idemque
2273 5415 2508 5468 cunctos,
2554 5406 2644 5477 qui
2675 5405 2732 5464 in
2765 5403 2949 5458 eadem
2988 5405 3262 5473 provincia
3301 5415 3446 5471 sunt,
3472 5406 3585 5476 epi—

2000 5517 2182 5570 scopas
2219 5500 2445 5556 ordinet.
2481 5498 2575 5554 Sic
2597 5496 2843 5567 eiusdem
2886 5495 3104 5551 concilii
3135 5497 3324 5551 Actor.
3362 5496 3429 5551 16
3460 5511 3582 5549 itum

1998 5605 2067 5648 ex
2101 5607 2138 5644 ιι
2175 5589 2369 5662 synodi
2406 5590 2626 5643 decreto
2659 5585 3269 5655 Constantinopolitano
3307 5585 3582 5654 archiepi-

2000 5697 2167 5752 θεορο
2192 5696 2514 5738 concessum
2538 5679 2762 5743 dicitur,
2787 5687 2848 5732 ut
2875 5676 3131 5742 Ponticae,
3155 5677 3391 5745 Asiana,
3416 5675 3458 5729 Τ
3464 5677 3587 5731 bra-

2000 5776 2098 5831 ciae
2125 5775 2433 5830 diocmseos
2463 5771 2861 5842 metropolitani
2901 5771 3166 5825 duntaxat
3194 5774 3262 5828 ab
3295 5786 3360 5826 eo
3386 5785 3598 5826 course-
