4054 6404
471 371 604 426 1051

470 488 690 536 Crentur
739 496 752 531 :

472 567 886 642 προειρημένων
916 569 1238 640 διοικήσεων
1286 571 1440 644 παρὰ
1468 573 1562 626 τοῦ
1625 576 2056 645 ἁρχιεπισκόπου

469 660 1128 725 Κωνσταντινουπόλεως,
1187 677 1296 716 non
1341 664 1526 718 statim
1579 681 1920 736 consequens
1953 677 2058 730 est,

471 751 648 806 solum
680 751 1154 822 archiepiscopum
1189 770 1380 811 manus
1413 757 1716 824 imponere,
1748 759 1862 824 sed,
1887 759 1949 811 τὸ
1971 759 2062 812 κῦ-

474 859 568 914 ρος
595 844 762 913 ἔχειν,
795 852 854 897 ιιι
882 842 1135 900 Νἰοωηυε
1168 861 1346 901 canon
1379 864 1428 901 tv
1457 848 1704 919 loquitur
1737 873 1749 905 :
1779 851 1842 904 τὸ
1877 851 1932 904 δὲ
1966 850 2060 905 κῦ-

475 951 567 1006 ρος
596 935 703 988 τῶν
731 935 1034 1006 γινομένων
1073 937 1316 992 δίδοσθαι
1357 943 1480 994 καθ’
1515 942 1754 1013 ἑκάστην
1792 943 2062 1014 ἐπαρχίαν

471 1025 551 1097 τῷ
597 1027 989 1100 μητροπολίτῃ.
1015 1029 1096 1084 Ad
1121 1031 1372 1086 eumdem
1403 1033 1586 1103 itaque
1618 1033 1841 1088 modum
1891 1037 2052 1089 chor-

472 1117 765 1188 episcopus
796 1134 826 1174 a
863 1120 1112 1190 pluribus
1161 1125 1399 1180 ordinari
1445 1127 1642 1196 potuit,
1675 1137 1951 1198 praeeunte
1999 1143 2065 1183 ac

474 1208 798 1263 moderante
833 1211 1044 1266 scilicet
1087 1215 1368 1286 episeopo.
1428 1216 1676 1272 Alterum
1708 1220 1856 1289 quod
1890 1219 1942 1273 in
1973 1219 2063 1274 illa

477 1296 695 1355 Damasi
725 1301 954 1371 epistola
985 1307 1330 1377 proponitur,
1371 1319 1594 1365 cautum
1627 1327 1774 1377 esse,
1810 1329 1876 1366 ne
1908 1313 1960 1367 in
1992 1315 2067 1367 vi-

435 1398 440 1404 '
476 1392 557 1449 cis
585 1395 800 1464 agrisve
823 1399 1294 1455 constituerentur
1319 1402 1584 1472 episcopi,
1621 1404 1949 1458 sententiam
1976 1421 2066 1460 no-

476 1495 644 1541 stram
677 1490 940 1560 majorem
972 1492 1026 1546 in
1051 1494 1272 1548 modum
1295 1497 1605 1551 conlirmat.
1639 1495 1734 1553 Est
1757 1498 1902 1552 enim
1933 1497 2068 1555 Lao-

475 1577 653 1633 diceni
677 1583 897 1636 concilii
920 1599 1096 1639 canon
1120 1585 1223 1640 57:
1253 1587 1376 1640 Ὅτι
1407 1589 1468 1641 οὐ
1499 1589 1655 1648 δεῖσεν
1681 1592 1800 1654 ταῖς
1826 1589 2064 1661 κώμαις,

476 1671 573 1724 καὶ
609 1673 668 1724 ὲν
713 1678 833 1738 ταῖς
877 1675 1084 1748 χώραις
1131 1677 1502 1734 καθίστασθαι
1546 1683 1900 1746 ἐπισκόπους,
1931 1683 2068 1736 ἀλλὰ

477 1763 854 1833 περιοδευτάς·
885 1769 1010 1833 τοὺς
1054 1770 1236 1840 μέντοι
1286 1772 1840 1842 προκατασταθέντας
1905 1775 2069 1844 μηδὲν

1526 372 1868 430 APPENDIX
1899 372 2526 432 DISSERTATIONUM.

800 478 1237 550 Χειροτονεῖσθαι
1289 482 1415 546 τοὺς
1483 483 1888 554 μητροπολίτας
1942 485 2048 540 τῶν

2224 484 2354 540 Mihi
2409 498 2541 539 vero
2569 485 3085 556 chorepiscoporum
3115 485 3264 555 or':go
3295 482 3485 538 iisdem
3520 497 3584 536 ex
3614 496 3751 535 eau-

3605 365 3751 421 i052

2161 577 2238 633 sis
2261 575 2587 646 proﬂuxisse
2612 575 2829 630 videtur
2847 616 2863 641 ,
2899 575 2970 630 ob
3001 589 3143 644 quas
3172 573 3513 628 Alexandria:
3539 569 3750 624 Laura-

2161 686 2308 734 rum,
2337 669 2453 724 sive
2484 667 2854 723 Ecelesiarum
2879 666 3176 722 divisiones
3204 664 3481 719 institutas
3508 661 3752 731 Epipha-

2164 761 2288 816 nius
2323 759 2534 827 scribit,
2597 759 2891 828 itidemque
2932 757 3122 812 Roma:
3160 755 3466 810 Christiana
3499 753 3650 823 plebs
3685 752 3748 805 in

2163 854 2352 908 titulos
2391 853 2684 909 distributa
2732 850 2855 905 fuit.
2901 849 3038 905 Cum
3085 849 3230 903 enim
3261 847 3502 916 episcopi
3533 845 3748 900 urbana

2163 947 2320 1016 plebe
2352 947 2586 1017 regenda
2619 928 3003 1017 paseendaque
3043 941 3296 1007 districti,
3348 940 3402 994 in
3445 952 3604 1008 agros
3646 952 3752 991 ex-

2165 1055 2404 1105 currere,
2439 1049 2602 1110 atque
2631 1039 2999 1094 ecclesiastica
3033 1050 3259 1090 munera
3315 1042 3369 1088 et
3402 1040 3748 1088 sacramenta

2166 1133 2465 1189 rusticanis
2519 1133 2837 1188 hominibus
2891 1129 3206 1201 impendere
3261 1127 3447 1182 minus
3497 1133 3751 1196 possent,

2169 1225 2405 1280 \icarios
2451 1225 2642 1279 eodem
2695 1223 3118 1293 ehorepiseopos
3151 1218 3492 1290 allegabant;
3521 1216 3574 1271 in
3603 1230 3754 1286 quos

2168 1334 2424 1390 magnam
2462 1319 2602 1388 juris
2651 1317 3048 1388 potestatisque
3082 1329 3194 1370 suae
3229 1321 3438 1383 partem
3481 1308 3758 1365 transfer-

2167 1420 2310 1474 rent,
2349 1411 2633 1466 nonnullis
2661 1410 2872 1464 scilicet
2901 1406 3164 1478 exceptis,
3202 1421 3266 1460 ac
3296 1404 3400 1460 sibi
3436 1403 3756 1467 reservatis,

2168 1519 2404 1577 quorum
2450 1518 2581 1558 usus
2633 1518 2698 1557 ac
2741 1501 2952 1557 functio
2995 1500 3177 1553 minus
3219 1505 3462 1568 urgeret;
3511 1511 3633 1566 quae
3677 1494 3760 1549 ab

2169 1591 2350 1650 Leone
2402 1603 2457 1648 et
2521 1594 2613 1648 illo
2672 1592 2909 1647 Damaso
2957 1597 3476 1645 commemorantur.
3539 1585 3758 1653 Quam-

2171 1686 2358 1740 obrem
2419 1685 2804 1755 antiquissima
2851 1699 2976 1740 esse
3021 1683 3182 1737 debet
3231 1681 3758 1752 cborepiseoporum

2173 1775 2473 1839 institutio,
2510 1776 2760 1845 adeoque
2794 1773 2965 1829 altera
2995 1773 3088 1827 illa
3122 1771 3407 1826 titulorum
3442 1772 3495 1825 in
3527 1771 3762 1826 urbibus

477 1856 743 1926 πράττειν
775 1859 903 1912 ἄνευ
949 1860 1178 1934 γνώμης
1218 1863 1314 1917 τοῦ
1360 1866 1418 1916 ὲν
1449 1869 1511 1936 τῇ
1545 1867 1719 1921 πόλει.
1765 1866 1919 1936 Quod
1968 1884 2069 1920 non

2178 1865 2445 1921 divisione
2471 1868 2754 1921 vetustior.
2797 1865 3077 1936 Siquidem
3125 1864 3277 1918 initio
3307 1879 3450 1918 unus
3470 1861 3765 1932 oppidanis

477 1960 714 2019 oporteat
743 1953 799 2006 in
835 1953 1056 2017 rillulis,
1091 1966 1142 2009 et
1186 1957 1240 2009 in
1288 1958 1430 2027 agris
1474 1960 1741 2029 episcopos
1788 1961 2063 2023 constitui,

477 2043 569 2098 sed
611 2045 934 2100 uisitatores.
992 2047 1365 2111 Verumtamen
1412 2052 1738 2121 jampridem
1790 2055 2066 2108 constituti

478 2136 614 2190 nihil
648 2137 852 2207 faciant
897 2150 1090 2209 prwter
1129 2142 1508 2200 conscientiam
1546 2145 1774 2213 episcopi
1813 2145 2066 2199 civitatis.

479 2229 556 2284 De
582 2231 995 2302 chorepiscopis
1027 2235 1382 2303 praescribere
1409 2235 1646 2300 videtur,
1683 2251 1823 2302 quos
1857 2236 2070 2306 episeo-

478 2338 580 2392 pos
615 2324 884 2395 agnoscit,
923 2324 1016 2379 sed
1053 2327 1306 2396 usurpari
1338 2327 1390 2380 id
1427 2327 1661 2397 amplius
1690 2335 1854 2394 vetat,
1895 2343 2070 2398 neque

479 2415 737 2486 deinceps
771 2416 838 2472 iis
873 2417 928 2472 in
971 2417 1107 2473 locis
1137 2419 1426 2490 episcopos
1465 2420 1610 2490 eligi.
1648 2419 1823 2487 Quam
1847 2421 2066 2491 quidem

481 2509 819 2564 sanctionem
871 2525 1216 2580 nequaquam
1256 2512 1602 2567 observatam
1633 2512 1804 2567 fuisse
1842 2512 1974 2567 satis
2004 2529 2069 2567 ea

482 2599 883 2668 demonstrant,
921 2618 1042 2672 qua:
1076 2619 1142 2658 ex
1175 2603 1520 2662 Antiocheno
1573 2605 1808 2659 concilio
1853 2613 1908 2660 et
1936 2605 2073 2660 alio-

481 2708 605 2748 rum
646 2692 869 2748 Patrum
901 2695 1136 2752 decretis
1163 2698 1470 2752 attulimus.

551 2784 633 2840 Ad
666 2802 940 2845 summam
992 2789 1372 2860 ehorepiscopi
1401 2791 1500 2862 τῆς
1538 2789 1744 2861 χώρας.
1775 2806 1898 2860 quae
1936 2789 2068 2844 olim

481 2876 699 2946 proprie
745 2880 1008 2951 παροικία
1038 2881 1342 2948 dicebatur,
1385 2883 1650 2952 episc0pi,
1683 2899 1749 2938 ac
1779 2883 2072 2939 rusticanis

483 2966 746 3025 Eeelesiis
769 2973 1045 3042 praepisiti
1080 2972 1322 3030 fuerunt.
1357 2973 1432 3029 De
1456 2990 1693 3044 quorum
1731 2975 2074 3031 institutione

483 3059 738 3128 Balsamo
769 3065 836 3117 ad
867 3065 933 3120 li
971 3081 1094 3121 cau.
1129 3065 1373 3122 Ncoeazs.
1405 3067 1622 3124 concilii
1669 3067 1740 3122 ita
1786 3069 2070 3138 disputat:

485 3153 789 3226 Episcopus
837 3155 890 3209 in
951 3156 1133 3211 locum
1185 3139 1558 3228 apostolorum
1609 3174 1684 3213 xu
1718 3160 2072 3225 successisse,

485 3244 690 3315 quibus
750 3246 952 3316 ligandi
987 3249 1344 3320 solvendique
1375 3260 1617 3320 potestas
1659 3260 1744 3308 est
1781 3252 1924 3312 data.
1966 3253 2074 3308 Sed

485 3351 610 3391 cum
652 3338 719 3391 ad
753 3337 1030 3411 Evangelii
1096 3343 1538 3412 praedicationem
1573 3353 1909 3415 caeterasque
1945 3345 2073 3400 fun-

486 3429 695 3486 Ctiones
724 3431 1009 3486 obeundas
1037 3433 1271 3501 apostoli
1304 3434 1531 3488 minime
1567 3435 1901 3501 sulIlcerent,
1929 3435 2077 3489 adhi-

488 3520 631 3577 bitos
662 3520 715 3574 in
748 3523 1089 3577 consortium
1142 3536 1320 3580 certos
1364 3526 1637 3593 homines,
1682 3528 1776 3597 qui
1828 3529 2076 3596 discipuli

493 3611 705 3668 Domini
735 3624 1081 3682 vocarentur,
1107 3617 1198 3686 qui
1222 3617 1441 3686 quidem
1477 3618 1928 3673 remittendorum
1959 3635 2080 3689 pee-

489 3714 736 3759 catorum
791 3715 1058 3776 potestate
1107 3718 1376 3764 carerent.
1424 3708 1632 3764 llorum
1663 3711 1730 3765 ad
1762 3711 2076 3767 similitudi-

491 3812 616 3852 nem
643 3798 1036 3868 charepiscopos
1065 3797 1236 3855 fuisse
1264 3800 1544 3868 sull‘ectos,
1587 3803 1679 3872 qui
1728 3803 2074 3858 ecclesiasti-

491 3906 587 3948 cas
617 3891 880 3962 pecunias
909 3889 962 3944 in
1000 3907 1270 3962 pauperes
1317 3893 1642 3949 dividerent.
1695 3892 1852 3950 Unde
1902 3910 2079 3967 neque

494 3982 840 4053 presbyteros
883 3997 948 4036 ac
991 3982 1254 4037 diaconos
1298 3984 1555 4038 ordinare
1605 3995 1856 4055 possunt,
1902 4000 2081 4056 neque

496 4083 721 4148 peccata
772 4075 1075 4141 remittere,
1131 4076 1592 4146 quemadmodum
1635 4093 1735 4132 nec
1768 4093 1873 4138 axx
1908 4078 2078 4134 disci-

496 4168 608 4238 puli
651 4177 920 4238 poterant.
967 4167 1094 4224 Ha:c
1130 4169 1243 4223 fere
1270 4168 1542 4225 Balsamo.
1576 4169 1675 4224 Ubi
1707 4171 1854 4241 quod
1891 4171 2081 4226 remit-

499 4259 788 4313 tendorum
853 4269 1177 4329 potestatem
1249 4274 1601 4332 peccatorum
1671 4265 2081 4336 chorepiscopis

498 4350 710 4417 adimit,
740 4367 804 4406 ac
826 4353 958 4406 solis
990 4353 1262 4424 episcopis
1289 4355 1502 4421 tribuit,
1533 4371 1644 4426 quo
1679 4373 1846 4412 sensu
1874 4357 2080 4412 dictum

501 4441 573 4496 sit
585 4443 747 4512 paulo
766 4452 888 4513 post
905 4445 1172 4499 declarat:
1191 4447 1312 4500 Ὅτι
1337 4449 1385 4500 oi
1406 4447 1569 4520 ἱερεῖς
1582 4447 1642 4501 οὑ
1669 4447 1922 4505 δύνανται
1941 4449 2086 4520 δέχε-

2171 1959 2433 2014 omnibus
2462 1975 2562 2029 par
2588 1975 2711 2013 esse
2740 1967 2954 2031 poterat
2986 1958 3298 2028 episcopus.
3333 1955 3477 2026 llinq
3501 1965 3583 2010 est
3607 1955 3763 2024 quod

2173 2050 2226 2104 in
2263 2048 2508 2106 Neocaes.
2549 2067 2673 2105 can.
2709 2053 2773 2106 15
2808 2065 2980 2105 unum
3012 2051 3277 2104 duxtaxat
3313 2048 3465 2102 urbis
3494 2045 3765 2118 κυριακὸν

2172 2143 2510 2207 nominatur,
2545 2144 2598 2198 in
2639 2159 2750 2214 quo
2780 2143 2990 2198 vicanis
3014 2142 3372 2214 presbyteris,
3398 2140 3768 2210 praesentibus

2174 2233 2400 2301 urbicis,
2430 2235 2603 2289 sacris
2637 2234 2850 2305 operari
2883 2250 2991 2289 non
3015 2234 3161 2289 licet.
3187 2231 3366 2302 Atque
3381 2232 3495 2287 haec
3517 2231 3768 2301 Epipha—

2175 2327 2254 2382 nii
2285 2338 2394 2382 tam
2430 2338 2688 2383 accurata
2717 2327 2785 2382 de
2818 2326 3206 2382 Alexandrinae
3227 2324 3482 2380 Ecclesia:
3509 2324 3772 2395 pluribus

2171 2418 2420 2474 ecclesiis
2459 2418 2770 2473 observatio
2802 2434 2916 2472 rem
2960 2433 3061 2472 nec
3091 2417 3218 2470 alibi
3250 2416 3477 2486 passim,
3507 2430 3606 2470 nec
3627 2414 3767 2469 olim

2175 2520 2492 2580 usurpatam
2527 2525 2592 2563 ac
2633 2518 2908 2580 receptam
2949 2508 3117 2564 fuisse
3155 2509 3518 2563 demonstrat.
3567 2507 3640 2559 At
3697 2509 3765 2559 in

2174 2603 2322 2674 agris
2371 2603 2740 2672 parteeiarum
2783 2601 3258 2671 ecelesiarumque
3299 2599 3531 2654 divortia
3567 2596 3775 2667 primi-

2173 2704 2264 2750 tus
2296 2695 2544 2750 instituta
2581 2709 2742 2749 nemo
2781 2693 3022 2764 prudens
3071 2693 3369 2764 negaverit.
3409 2690 3622 2759 Quibus
3668 2689 3777 2743 ad-

2176 2787 2554 2842 ministrandis
2583 2802 2648 2844 ac
2693 2785 3065 2856 gubernandis
3083 2784 3484 2855 chorepiscopi,
3503 2793 3777 2852 tanquam

2178 2880 2328 2934 ruris
2378 2879 2646 2950 episc0pi,
2699 2879 2981 2950 praepositi
3031 2886 3182 2944 sunt,
3237 2892 3363 2932 cum
3424 2875 3781 2946 amplissima

2177 2971 2479 3040 quondam,
2531 2980 2591 3025 ut
2637 2969 2897 3034 vidimus,
2949 2969 3229 3033 facultate,
3268 2967 3587 3038 optimaque
3628 2966 3774 3036 lege.

2177 3059 2357 3127 Quam
2393 3061 2592 3116 deinde
2623 3069 2952 3133 potestatem
2983 3059 3229 3131 episcopi
3257 3057 3776 3128 constringendam,

2179 3168 2243 3208 ac
2301 3154 2468 3209 certis
2516 3152 2932 3208 conditionibus
2987 3151 3397 3222 temperandam
3442 3157 3712 3220 putarunt
3758 3166 3775 3201 :

2179 3248 2352 3301 donec
2380 3245 2676 3316 episcopali
2713 3245 2977 3314 dignitate
3029 3259 3094 3300 ac
3125 3243 3538 3299 consecratione
3567 3243 3778 3312 privati

2179 3339 2443 3410 primum,
2477 3339 2676 3393 deinde
2714 3354 2945 3409 prorsus
2978 3338 3228 3409 abrOgati
3265 3337 3506 3392 luerunt.
3556 3335 3668 3390 Pro
3703 3336 3782 3400 iis

2178 3431 2324 3485 enim
2358 3429 2714 3505 περιοδευτάς
2742 3431 2922 3486 creari
2946 3429 3320 3485 Laodicenum
3348 3427 3649 3484 concilium
3676 3428 3783 3482 de-

2179 3519 2349 3574 crevit
2382 3538 2396 3574 :
2429 3535 2568 3589 quos
2598 3519 2793 3575 Latina
2833 3520 3212 3591 interpretatio
3244 3521 3552 3576 visitatares
3583 3518 3778 3589 appel:

2180 3611 2255 3668 lat
2283 3630 2296 3668 :
2331 3613 2770 3677 circuitores,aut
2795 3614 3109 3668 lustratores
3132 3629 3328 3668 vocare
3359 3614 3577 3684 possis;
3607 3621 3669 3668 ut
3690 3621 3784 3667 est

2181 3704 2236 3760 in
2269 3704 2553 3760 Glossario
2595 3705 2714 3760 νει.
2753 3705 3043 3762 Balsamou
3081 3707 3150 3761 ad
3196 3705 3420 3761 Laodic.
3452 3717 3578 3764 ean.
3619 3705 3779 3761 illum

2181 3797 2247 3852 57
2283 3821 2293 3853 ;
2329 3797 2684 3869 Περιοδευταὶ
2713 3797 2770 3851 δέ
2797 3800 2934 3852 εἰσιν
2973 3800 3024 3852 ot
3060 3799 3303 3870 σήμερον
3335 3796 3782 3876 προϐαλλόμενοι

2182 3888 2334 3960 παρὰ
2363 3889 2472 3942 τῶν
2507 3890 2824 3943 ἐπισκόπων
2872 3888 3112 3960 ἔξαρχοι.
3153 3882 3315 3943 Οὗτοι
3343 3889 3453 3961 γὰρ
3494 3888 3785 3960 περιοδεύ-

2181 3999 2322 4045 ουσι,
2355 3982 2451 4034 καὶ
2479 3981 2803 4053 ἑπιτηροῦσι
2833 3981 2901 4035 τὰ
2927 3981 3138 4052 ψυχικὰ
3171 3981 3484 4052 σφάλματα,
3515 3981 3615 4034 καὶ
3644 3999 3785 4035 κατ-

2183 4073 2470 4144 αρτίζουσι
2515 4074 2641 4136 τοὺς
2699 4073 2948 4137 πιστούς.
3017 4073 3071 4127 lu
3135 4074 3375 4129 concilio
3435 4073 3787 4129 Chalcedon.

2182 4162 2302 4218 Act.
2332 4164 2385 4230 4,
2407 4166 2435 4217 ὁ
2461 4164 2854 4228 εὐλαϐέστατος
2884 4164 3277 4237 πρεσϐύτερος,
3307 4167 3789 4240 καὶπεριοδευτής

2198 4256 2570 4328 Ἀλέξανδρος.
2613 4257 2743 4311 Item
2767 4257 2954 4311 Actor.
3003 4257 3070 4310 10
3105 4259 3159 4311 in
3194 4258 3380 4313 libello
3408 4241 3593 4311 contra
3623 4258 3789 4312 Ibam

2185 4365 2215 4403 a
2247 4350 2462 4405 clericis
2493 4347 2787 4405 Edessenis
2836 4349 3028 4405 oblato
3063 4369 3076 4405 :
3111 4349 3402 4412 Βαλέντιόν
3445 4367 3572 4411 τινα.
3617 4351 3788 4424 ὲπξρ-

2188 4442 2352 4511 ρητον
2384 4441 2577 4513 ἄνδρα,
2605 4436 2667 4496 οὗ
2698 4442 2900 4506 πάντες
2942 4444 2990 4496 oi
3038 4444 3404 4515 συγκωμῆται
3435 4444 3792 4516 κατεϐόησαν

502 4533 625 4586 σθαι
653 4533 970 4606 λογισμοὺς,
1003 4539 1098 4590 καὶ
1125 4537 1342 4606 ἀφιέναι
1381 4539 1676 4610 ἁμαρτίας,
1717 4542 1766 4593 εί
1797 4540 1880 4618 μὴ
1916 4543 2086 4612 ἐκχω.
2111 4559 2162 4619 D
2188 4531 2480 4604 ἐγγράφως
2505 4535 2598 4586 καὶ
2628 4533 2892 4604 ἀγράφως
2921 4537 3186 4604 μοιχείαν,
3215 4536 3310 4597 καὶ
3334 4536 3780 4611 ἀρσενοκοιτίαν,

505 4626 712 4700 ρηθῶσι
745 4627 918 4682 ταῦτα
949 4630 1101 4704 παρὰ
1125 4630 1218 4684 τοῦ
1249 4633 1572 4687 ἐπισκόπου.
1606 4633 1728 4687 Νοη
1754 4646 1973 4703 possunt
1996 4653 2085 4692 sa-

501 4717 757 4785 cerdotes,
808 4729 868 4773 ut
919 4737 1011 4774 nec
1051 4721 1406 4792 cliorepiscopi
1441 4724 1791 4793 confessiones
1823 4727 2082 4798 excipere,

504 4827 668 4882 neque
692 4822 909 4882 peccata
944 4814 1227 4881 remittere,
1277 4816 1380 4868 nisi
1412 4814 1477 4871 ab
1511 4816 1748 4885 episcopo
1771 4826 2084 4885 potestatem

501 4903 650 4973 prius
711 4905 1126 4972 impetraverint.
1181 4907 1359 4981 Atque
1395 4907 1508 4962 hoc.
1539 4907 1608 4962 de
1659 4909 1872 4978 publica
1911 4910 2087 4980 pceni-

505 4993 733 5047 tentium
783 4995 1233 5051 reconciliatione
1275 4997 1623 5066 potissimum
1675 4999 2082 5070 intelligendum

503 5095 606 5152 est,
639 5102 802 5157 quam
837 5088 905 5142 ab
939 5089 1198 5160 episcopo
1227 5090 1393 5144 tribui
1423 5105 1660 5146 canones
1690 5093 2082 5161 praescribunt:

502 5180 650 5235 velut
673 5181 726 5234 in
749 5181 1005 5253 Carthag.
1029 5197 1090 5236 ιιι
1118 5198 1242 5241 can.
1272 5184 1342 5238 32.
1367 5201 1380 5236 :
1409 5183 1474 5236 Ut
1493 5185 1763 5256 presbyter
1787 5185 2086 5238 inconsulto

504 5273 768 5342 episcopo,
823 5291 926 5327 non
955 5275 1253 5331 reconciliet
1315 5277 1670 5348 prenitentem.
1704 5275 1814 5331 Leo
1867 5292 2088 5348 quoque

505 5364 750 5432 pontifex
792 5367 953 5434 epist.
977 5365 1046 5421 88
1082 5366 1223 5424 inter
1268 5383 1354 5435 ea,
1395 5385 1516 5438 quae
1547 5371 1649 5424 soli
1677 5370 1934 5444 episcopo
1963 5385 2090 5425 con-

505 5470 680 5522 cessa,
710 5458 1102 5528 chorepiscopo
1135 5471 1328 5530 negata
1361 5461 1527 5526 dicit,
1559 5461 1664 5517 hoc
1693 5463 1868 5532 ipsum
1899 5478 2087 5517 recen-

505 5559 588 5603 set
621 5566 634 5602 :
672 5547 874 5619 Neque,
912 5551 1108 5621 inquit,
1143 5553 1353 5622 publice
1384 5554 1593 5624 quidem
1633 5555 1689 5608 in
1720 5555 1883 5609 missa
1910 5571 2092 5624 quem-

505 5650 665 5708 quam
687 5639 1019 5710 paenitentem
1037 5644 1393 5700 reconciliare.
1422 5646 1577 5714 Quod
1603 5661 1710 5701 una
1732 5662 1854 5702 cum
1879 5647 2090 5702 caeteris

509 5733 564 5787 in
611 5737 894 5805 epistolam
943 5754 1102 5797 suam
1147 5739 1419 5797 Damasus
1450 5755 1517 5797 ex
1555 5740 1646 5798 illa
1679 5739 1878 5798 Leonis
1911 5751 2090 5796 trans-

512 5826 653 5880 tulit.

2187 4625 2563 4696 ἐχειροτόνησε
2627 4626 3033 4698 πρεσϐύτερον,
3093 4626 3188 4680 καὶ
3244 4609 3620 4702 περιοδευτήν.
3691 4627 3780 4681 lbi

2185 4728 2583 4788 procuratorem
2632 4716 2862 4773 Latinus
2917 4721 3185 4790 interpres
3242 4720 3405 4774 vertit
3445 4739 3458 4774 :
3494 4721 3626 4774 alibi
3661 4722 3779 4773 cir-

2187 4812 2467 4865 cuitorem.
2499 4809 2623 4865 Fuit
2652 4811 2816 4881 igitur
2852 4812 3211 4885 περιοδευτής
3239 4813 3538 4884 presbyter,
3573 4821 3632 4867 et
3662 4813 3796 4881 qui-

2186 4902 2308 4956 dem
2339 4902 2397 4953 ἐν
2433 4900 2649 4972 κώμαις
2684 4903 3081 4974 chorepiscopo
3113 4904 3469 4959 substitutus.
3501 4902 3793 4959 Caeterum

2188 5010 2312 5048 cum
2343 4993 2732 5049 ecclesiasticae
2764 5009 2896 5064 opes
2927 5009 2992 5049 ac
3024 4995 3295 5064 pecuniae,
3337 5009 3462 5065 quae
3485 5009 3691 5064 magna
3721 5009 3793 5050 ex

2189 5095 2342 5163 parte
2364 5087 2418 5139 in
2448 5102 2580 5140 usus
2599 5101 2902 5156 pauperum
2930 5085 3376 5151 insumebantur,
3401 5085 3628 5140 rusticis
3653 5100 3795 5154 quo-

2189 5193 2298 5248 que
2336 5178 2559 5248 praediis
2611 5177 3056 5244 continerentur,
3109 5178 3238 5233 inde
3271 5176 3479 5232 factum
3515 5176 3792 5242 arbitror,

2193 5281 2251 5324 ut
2276 5287 2467 5327 earum
2496 5286 2678 5324 rerum
2709 5271 2922 5325 curatio
2951 5269 3368 5341 chorepiscopis
3397 5269 3790 5328 mandaretur.

2191 5362 2457 5428 Quocirca
2511 5361 2807 5431 peculiaris
2847 5361 2964 5416 hmc
3005 5362 3250 5432 ipsorum
3293 5361 3505 5417 functio
3541 5361 3678 5426 fuit,
3733 5373 3796 5418 ut

2190 5455 2434 5510 Neocazs.
2487 5469 2664 5508 canon
2719 5455 2785 5508 15
2835 5453 3113 5518 admonet,
3152 5454 3221 5511 ad
3256 5471 3420 5524 quem
3481 5453 3791 5512 Balsamon

2189 5546 2534 5626 τὰηκυριακὰ
2594 5547 2689 5600 καὶ
2725 5545 2981 5618 πτωχικὰ
3034 5547 3296 5620 χρήματα
3347 5547 3663 5617 dispensari
3724 5550 3798 5603 ab

2193 5641 2302 5696 illis
2332 5642 2578 5695 adnotat.
2617 5638 2863 5694 Zonaras
2903 5654 3126 5710 quoque
3161 5657 3175 5694 :
3227 5639 3340 5703 Τὰς
3372 5639 3482 5711 γὰρ
3513 5638 3629 5693 τῶν
3665 5640 3795 5694 Ἐκ-

2193 5731 2454 5805 κ).ησιῶν,
2475 5725 2552 5788 ὧν
2580 5731 2929 5804 προῖσταντο,
2956 5731 3255 5803 προσόδους
3291 5734 3370 5796 εἰς
3422 5731 3682 5802 πτωχοὺς
3711 5735 3801 5786 ἀνι

2196 5825 2442 5881 αλίσκειν
2460 5825 2827 5898 ὥφειλον,και
2859 5826 3205 5902 προνοεῖσθαι
3239 5827 3439 5884 αὐτῶν.
3477 5825 3623 5880 Tum
3659 5843 3800 5883 veno
