  <div class='ocr_page' id='page_1' title='image "/cluster/home/n/w/nwhite01/storage/ocr_20150623/42/nnc1.0046978682/564.png"; bbox 0 0 4054 6404; ppageno 0'>
   <div class='ocr_carea' id='block_1_1' title="bbox 280 326 425 384">
    <p class='ocr_par' dir='ltr' id='par_1_1' title="bbox 280 326 425 384">
     <span class='ocr_line' id='line_1_1' title="bbox 280 326 425 384; baseline 0 -1"><span class='ocrx_word' id='word_1_1' title='bbox 280 326 425 384; x_wconf 65' lang='lat'><strong>4053‘</strong></span> 
     </span>
    </p>
   </div>
   <div class='ocr_carea' id='block_1_2' title="bbox 1512 325 2191 395">
    <p class='ocr_par' dir='ltr' id='par_1_2' title="bbox 1512 325 2191 395">
     <span class='ocr_line' id='line_1_2' title="bbox 1512 325 2191 395; baseline 0.018 -13"><span class='ocrx_word' id='word_1_2' title='bbox 1512 325 1607 382; x_wconf 68' lang='lat' dir='ltr'><strong>DE</strong></span> <span class='ocrx_word' id='word_1_3' title='bbox 1638 327 1921 390; x_wconf 63' lang='lat' dir='ltr'><strong>MPUE]</strong></span> <span class='ocrx_word' id='word_1_4' title='bbox 1952 334 2191 395; x_wconf 67' lang='grc' dir='ltr'><strong>εἴδω.</strong></span> 
     </span>
    </p>
   </div>
   <div class='ocr_carea' id='block_1_3' title="bbox 3424 339 3567 395">
    <p class='ocr_par' dir='ltr' id='par_1_3' title="bbox 3424 339 3567 395">
     <span class='ocr_line' id='line_1_3' title="bbox 3424 339 3567 395; baseline 0.014 -2"><span class='ocrx_word' id='word_1_5' title='bbox 3424 339 3567 395; x_wconf 66' lang='grc'><strong>1034</strong></span> 
     </span>
    </p>
   </div>
   <div class='ocr_carea' id='block_1_4' title="bbox 284 434 3566 522">
    <p class='ocr_par' dir='ltr' id='par_1_4' title="bbox 284 434 3566 522">
     <span class='ocr_line' id='line_1_4' title="bbox 284 434 3566 522; baseline 0.003 -26"><span class='ocrx_word' id='word_1_6' title='bbox 284 441 561 494; x_wconf 77' lang='lat' dir='ltr'><strong>Damasus</strong></span> <span class='ocrx_word' id='word_1_7' title='bbox 595 455 607 491; x_wconf 95' lang='lat'>:</span> <span class='ocrx_word' id='word_1_8' title='bbox 644 437 753 493; x_wconf 67' lang='lat' dir='ltr'><strong>Sed</strong></span> <span class='ocrx_word' id='word_1_9' title='bbox 784 440 930 508; x_wconf 77' lang='lat' dir='ltr'><strong>quia,</strong></span> <span class='ocrx_word' id='word_1_10' title='bbox 975 434 1081 493; x_wconf 73' lang='lat' dir='ltr'><strong>Deo</strong></span> <span class='ocrx_word' id='word_1_11' title='bbox 1120 439 1346 509; x_wconf 73' lang='lat' dir='ltr'><strong>gratias.</strong></span> <span class='ocrx_word' id='word_1_12' title='bbox 1383 440 1539 492; x_wconf 77' lang='lat' dir='ltr'><strong>modo</strong></span> <span class='ocrx_word' id='word_1_13' title='bbox 1576 447 1883 513; x_wconf 67' lang='lat' dir='ltr'><strong>necessarii,</strong></span> <span class='ocrx_word' id='word_1_14' title='bbox 1912 453 1957 508; x_wconf 82' lang='grc' dir='ltr'>Α</span> <span class='ocrx_word' id='word_1_15' title='bbox 1994 452 2219 506; x_wconf 87' lang='lat' dir='ltr'><strong>termitti</strong></span> <span class='ocrx_word' id='word_1_16' title='bbox 2257 451 2412 507; x_wconf 81' lang='lat' dir='ltr'><strong>nefas</strong></span> <span class='ocrx_word' id='word_1_17' title='bbox 2446 448 2701 505; x_wconf 85' lang='lat' dir='ltr'><strong>arbitrer.</strong></span> <span class='ocrx_word' id='word_1_18' title='bbox 2730 446 2793 502; x_wconf 87' lang='lat' dir='ltr'><strong>in</strong></span> <span class='ocrx_word' id='word_1_19' title='bbox 2838 448 3034 521; x_wconf 78' lang='lat' dir='ltr'><strong>primis</strong></span> <span class='ocrx_word' id='word_1_20' title='bbox 3061 449 3301 507; x_wconf 79' lang='lat' dir='ltr'><strong>Basilius</strong></span> <span class='ocrx_word' id='word_1_21' title='bbox 3335 450 3566 522; x_wconf 78' lang='lat' dir='ltr'><strong>epistola</strong></span> 
     </span>
    </p>
   </div>
   <div class='ocr_carea' id='block_1_5' title="bbox 277 529 1869 606">
    <p class='ocr_par' dir='ltr' id='par_1_5' title="bbox 277 529 1869 606">
     <span class='ocr_line' id='line_1_5' title="bbox 277 529 1869 606; baseline 0.003 -22"><span class='ocrx_word' id='word_1_22' title='bbox 277 531 421 584; x_wconf 77' lang='lat' dir='ltr'><strong>sicut</strong></span> <span class='ocrx_word' id='word_1_23' title='bbox 478 531 534 583; x_wconf 77' lang='lat' dir='ltr'><strong>in</strong></span> <span class='ocrx_word' id='word_1_24' title='bbox 583 531 858 600; x_wconf 74' lang='lat' dir='ltr'><strong>primitiva</strong></span> <span class='ocrx_word' id='word_1_25' title='bbox 909 529 1172 599; x_wconf 74' lang='lat' dir='ltr'><strong>Ecclesia,</strong></span> <span class='ocrx_word' id='word_1_26' title='bbox 1203 538 1417 601; x_wconf 76' lang='lat' dir='ltr'><strong>propter</strong></span> <span class='ocrx_word' id='word_1_27' title='bbox 1442 531 1700 599; x_wconf 77' lang='lat' dir='ltr'><strong>studium,</strong></span> <span class='ocrx_word' id='word_1_28' title='bbox 1731 538 1869 606; x_wconf 84' lang='lat' dir='ltr'><strong>quod</strong></span> 
     </span>
    </p>
   </div>
   <div class='ocr_carea' id='block_1_6' title="bbox 273 622 1872 693">
    <p class='ocr_par' dir='ltr' id='par_1_6' title="bbox 273 622 1872 693">
     <span class='ocr_line' id='line_1_6' title="bbox 273 622 1872 693; baseline 0.004 -18"><span class='ocrx_word' id='word_1_29' title='bbox 273 638 405 692; x_wconf 79' lang='lat' dir='ltr'><strong>erga</strong></span> <span class='ocrx_word' id='word_1_30' title='bbox 433 637 695 691; x_wconf 73' lang='lat' dir='ltr'><strong>pauperes</strong></span> <span class='ocrx_word' id='word_1_31' title='bbox 723 622 1021 693; x_wconf 71' lang='lat' dir='ltr'><strong>exigebant,</strong></span> <span class='ocrx_word' id='word_1_32' title='bbox 1064 640 1169 677; x_wconf 85' lang='lat' dir='ltr'><strong>non</strong></span> <span class='ocrx_word' id='word_1_33' title='bbox 1196 631 1340 690; x_wconf 83' lang='lat' dir='ltr'><strong>sunt,</strong></span> <span class='ocrx_word' id='word_1_34' title='bbox 1373 632 1479 680; x_wconf 88' lang='lat' dir='ltr'><strong>etc.</strong></span> <span class='ocrx_word' id='word_1_35' title='bbox 1508 625 1635 680; x_wconf 80' lang='lat' dir='ltr'><strong>Cor.</strong></span> <span class='ocrx_word' id='word_1_36' title='bbox 1659 627 1872 681; x_wconf 79' lang='lat' dir='ltr'><strong>exhibe-</strong></span> 
     </span>
    </p>
   </div>
   <div class='ocr_carea' id='block_1_7' title="bbox 276 713 1866 788">
    <p class='ocr_par' dir='ltr' id='par_1_7' title="bbox 276 713 1866 788">
     <span class='ocr_line' id='line_1_7' title="bbox 276 713 1866 788; baseline 0.003 -18"><span class='ocrx_word' id='word_1_37' title='bbox 276 717 407 770; x_wconf 81' lang='lat' dir='ltr'><strong>bant</strong></span> <span class='ocrx_word' id='word_1_38' title='bbox 450 729 518 769; x_wconf 85' lang='lat' dir='ltr'><strong>ex</strong></span> <span class='ocrx_word' id='word_1_39' title='bbox 573 713 768 768; x_wconf 87' lang='lat' dir='ltr'><strong>Latina</strong></span> <span class='ocrx_word' id='word_1_40' title='bbox 818 715 1052 771; x_wconf 91' lang='lat' dir='ltr'><strong>canonis</strong></span> <span class='ocrx_word' id='word_1_41' title='bbox 1092 715 1339 773; x_wconf 66' lang='lat' dir='ltr'><strong>Neoctes.</strong></span> <span class='ocrx_word' id='word_1_42' title='bbox 1393 717 1866 788; x_wconf 76' lang='lat' dir='ltr'><strong>interpretatione,</strong></span> 
     </span>
    </p>
   </div>
   <div class='ocr_carea' id='block_1_8' title="bbox 281 803 1847 879">
    <p class='ocr_par' dir='ltr' id='par_1_8' title="bbox 281 803 1847 879">
     <span class='ocr_line' id='line_1_8' title="bbox 281 803 1847 879; baseline 0.004 -20"><span class='ocrx_word' id='word_1_43' title='bbox 281 819 451 875; x_wconf 90' lang='lat' dir='ltr'><strong>quam</strong></span> <span class='ocrx_word' id='word_1_44' title='bbox 491 818 560 859; x_wconf 84' lang='lat' dir='ltr'><strong>ex</strong></span> <span class='ocrx_word' id='word_1_45' title='bbox 590 803 856 875; x_wconf 84' lang='lat' dir='ltr'><strong>Dionysio</strong></span> <span class='ocrx_word' id='word_1_46' title='bbox 891 803 1105 873; x_wconf 80' lang='lat' dir='ltr'><strong>Exiguo</strong></span> <span class='ocrx_word' id='word_1_47' title='bbox 1141 804 1414 861; x_wconf 84' lang='lat' dir='ltr'><strong>Damasus</strong></span> <span class='ocrx_word' id='word_1_48' title='bbox 1440 807 1529 862; x_wconf 92' lang='lat' dir='ltr'><strong>ille</strong></span> <span class='ocrx_word' id='word_1_49' title='bbox 1553 809 1847 879; x_wconf 73' lang='lat' dir='ltr'><strong>descripsit</strong></span> 
     </span>
    </p>
   </div>
   <div class='ocr_carea' id='block_1_9' title="bbox 272 896 1866 972">
    <p class='ocr_par' dir='ltr' id='par_1_9' title="bbox 272 896 1866 972">
     <span class='ocr_line' id='line_1_9' title="bbox 272 896 1866 972; baseline 0.004 -20"><span class='ocrx_word' id='word_1_50' title='bbox 272 908 337 952; x_wconf 80' lang='lat' dir='ltr'><strong>ut</strong></span> <span class='ocrx_word' id='word_1_51' title='bbox 367 896 451 952; x_wconf 88' lang='lat' dir='ltr'><strong>vel</strong></span> <span class='ocrx_word' id='word_1_52' title='bbox 484 906 553 951; x_wconf 67' lang='lat' dir='ltr'><strong>et</strong></span> <span class='ocrx_word' id='word_1_53' title='bbox 582 897 687 951; x_wconf 90' lang='lat' dir='ltr'><strong>hoc</strong></span> <span class='ocrx_word' id='word_1_54' title='bbox 715 897 835 967; x_wconf 91' lang='lat' dir='ltr'><strong>ipso</strong></span> <span class='ocrx_word' id='word_1_55' title='bbox 859 906 1189 954; x_wconf 79' lang='lat' dir='ltr'><strong>vetustatem</strong></span> <span class='ocrx_word' id='word_1_56' title='bbox 1216 900 1339 969; x_wconf 90' lang='lat' dir='ltr'><strong>ejus</strong></span> <span class='ocrx_word' id='word_1_57' title='bbox 1361 916 1651 970; x_wconf 80' lang='lat' dir='ltr'><strong>agnoscas,</strong></span> <span class='ocrx_word' id='word_1_58' title='bbox 1676 918 1866 972; x_wconf 84' lang='lat' dir='ltr'><strong>quem-</strong></span> 
     </span>
    </p>
   </div>
   <div class='ocr_carea' id='block_1_10' title="bbox 274 988 1869 1061">
    <p class='ocr_par' dir='ltr' id='par_1_10' title="bbox 274 988 1869 1061">
     <span class='ocr_line' id='line_1_10' title="bbox 274 988 1869 1061; baseline 0.004 -20"><span class='ocrx_word' id='word_1_59' title='bbox 274 989 572 1043; x_wconf 80' lang='lat' dir='ltr'><strong>admodum</strong></span> <span class='ocrx_word' id='word_1_60' title='bbox 604 996 659 1042; x_wconf 88' lang='lat' dir='ltr'><strong>et</strong></span> <span class='ocrx_word' id='word_1_61' title='bbox 692 1004 757 1042; x_wconf 83' lang='lat' dir='ltr'><strong>ex</strong></span> <span class='ocrx_word' id='word_1_62' title='bbox 794 988 886 1042; x_wconf 89' lang='lat' dir='ltr'><strong>illa</strong></span> <span class='ocrx_word' id='word_1_63' title='bbox 914 990 1174 1058; x_wconf 83' lang='lat' dir='ltr'><strong>loquendi</strong></span> <span class='ocrx_word' id='word_1_64' title='bbox 1208 991 1422 1045; x_wconf 85' lang='lat' dir='ltr'><strong>ratione</strong></span> <span class='ocrx_word' id='word_1_65' title='bbox 1452 1009 1465 1046; x_wconf 91' lang='lat'><strong>:</strong></span> <span class='ocrx_word' id='word_1_66' title='bbox 1496 992 1633 1046; x_wconf 76' lang='lat' dir='ltr'><strong>sicut</strong></span> <span class='ocrx_word' id='word_1_67' title='bbox 1671 994 1726 1046; x_wconf 84' lang='lat' dir='ltr'><strong>in</strong></span> <span class='ocrx_word' id='word_1_68' title='bbox 1757 994 1869 1061; x_wconf 85' lang='lat' dir='ltr'><strong>pri-</strong></span> 
     </span>
    </p>
   </div>
   <div class='ocr_carea' id='block_1_11' title="bbox 273 1079 1868 1155">
    <p class='ocr_par' dir='ltr' id='par_1_11' title="bbox 273 1079 1868 1155">
     <span class='ocr_line' id='line_1_11' title="bbox 273 1079 1868 1155; baseline 0.007 -26"><span class='ocrx_word' id='word_1_69' title='bbox 273 1081 465 1139; x_wconf 75' lang='lat' dir='ltr'><strong>mitiva</strong></span> <span class='ocrx_word' id='word_1_70' title='bbox 498 1079 780 1144; x_wconf 82' lang='lat' dir='ltr'><strong>Ecclesia;</strong></span> <span class='ocrx_word' id='word_1_71' title='bbox 808 1096 872 1135; x_wconf 90' lang='lat' dir='ltr'><strong>ac</strong></span> <span class='ocrx_word' id='word_1_72' title='bbox 902 1090 1180 1150; x_wconf 87' lang='lat' dir='ltr'><strong>postremo</strong></span> <span class='ocrx_word' id='word_1_73' title='bbox 1205 1083 1374 1137; x_wconf 88' lang='lat' dir='ltr'><strong>etiam</strong></span> <span class='ocrx_word' id='word_1_74' title='bbox 1402 1098 1470 1139; x_wconf 83' lang='lat' dir='ltr'><strong>ex</strong></span> <span class='ocrx_word' id='word_1_75' title='bbox 1502 1099 1569 1139; x_wconf 92' lang='lat' dir='ltr'><strong>eo</strong></span> <span class='ocrx_word' id='word_1_76' title='bbox 1594 1086 1739 1155; x_wconf 88' lang='lat' dir='ltr'><strong>quod</strong></span> <span class='ocrx_word' id='word_1_77' title='bbox 1762 1086 1868 1140; x_wconf 91' lang='lat' dir='ltr'><strong>sub</strong></span> 
     </span>
    </p>
   </div>
   <div class='ocr_carea' id='block_1_12' title="bbox 272 1170 1867 1243">
    <p class='ocr_par' dir='ltr' id='par_1_12' title="bbox 272 1170 1867 1243">
     <span class='ocr_line' id='line_1_12' title="bbox 272 1170 1867 1243; baseline 0.002 -18"><span class='ocrx_word' id='word_1_78' title='bbox 272 1170 523 1241; x_wconf 71' lang='lat' dir='ltr'><strong>epistola:</strong></span> <span class='ocrx_word' id='word_1_79' title='bbox 557 1170 717 1225; x_wconf 84' lang='lat' dir='ltr'><strong>linem</strong></span> <span class='ocrx_word' id='word_1_80' title='bbox 753 1171 820 1225; x_wconf 91' lang='lat' dir='ltr'><strong>de</strong></span> <span class='ocrx_word' id='word_1_81' title='bbox 858 1170 1031 1226; x_wconf 90' lang='lat' dir='ltr'><strong>Paulo</strong></span> <span class='ocrx_word' id='word_1_82' title='bbox 1072 1172 1147 1226; x_wconf 87' lang='lat' dir='ltr'><strong>ita</strong></span> <span class='ocrx_word' id='word_1_83' title='bbox 1183 1174 1431 1243; x_wconf 79' lang='lat' dir='ltr'><strong>loquitur</strong></span> <span class='ocrx_word' id='word_1_84' title='bbox 1462 1194 1478 1231; x_wconf 86' lang='lat'>:</span> <span class='ocrx_word' id='word_1_85' title='bbox 1521 1175 1658 1230; x_wconf 83' lang='lat' dir='ltr'><strong>Cum</strong></span> <span class='ocrx_word' id='word_1_86' title='bbox 1704 1177 1867 1230; x_wconf 84' lang='lat' dir='ltr'><strong>etiam</strong></span> 
     </span>
    </p>
   </div>
   <div class='ocr_carea' id='block_1_13' title="bbox 271 1261 1866 1349">
    <p class='ocr_par' dir='ltr' id='par_1_13' title="bbox 271 1261 1866 1349">
     <span class='ocr_line' id='line_1_13' title="bbox 271 1261 1866 1349; baseline 0.002 -32"><span class='ocrx_word' id='word_1_87' title='bbox 271 1263 512 1332; x_wconf 74' lang='lat' dir='ltr'><strong>egregius</strong></span> <span class='ocrx_word' id='word_1_88' title='bbox 560 1261 887 1349; x_wconf 58' lang='lat' dir='ltr'><strong>praedicator</strong></span> <span class='ocrx_word' id='word_1_89' title='bbox 910 1263 1054 1317; x_wconf 82' lang='lat' dir='ltr'><strong>dicat</strong></span> <span class='ocrx_word' id='word_1_90' title='bbox 1080 1278 1099 1317; x_wconf 92' lang='lat'><strong><em>:</em></strong></span> <span class='ocrx_word' id='word_1_91' title='bbox 1133 1264 1409 1333; x_wconf 88' lang='lat' dir='ltr'><strong>quomodo</strong></span> <span class='ocrx_word' id='word_1_92' title='bbox 1471 1264 1701 1319; x_wconf 89' lang='lat' dir='ltr'><strong>Paulum</strong></span> <span class='ocrx_word' id='word_1_93' title='bbox 1737 1266 1866 1320; x_wconf 84' lang='grc' dir='ltr'><strong>ἀντ-</strong></span> 
     </span>
    </p>
   </div>
   <div class='ocr_carea' id='block_1_14' title="bbox 271 1351 1863 1427">
    <p class='ocr_par' dir='ltr' id='par_1_14' title="bbox 271 1351 1863 1427">
     <span class='ocr_line' id='line_1_14' title="bbox 271 1351 1863 1427; baseline 0.002 -20"><span class='ocrx_word' id='word_1_94' title='bbox 271 1353 670 1424; x_wconf 84' lang='grc' dir='ltr'><strong>ωνομαστικῶς</strong></span> <span class='ocrx_word' id='word_1_95' title='bbox 689 1351 1057 1425; x_wconf 81' lang='lat' dir='ltr'><strong>Gregoriusin</strong></span> <span class='ocrx_word' id='word_1_96' title='bbox 1091 1354 1317 1409; x_wconf 89' lang='lat' dir='ltr'><strong>bomilia</strong></span> <span class='ocrx_word' id='word_1_97' title='bbox 1342 1356 1412 1409; x_wconf 75' lang='lat'><strong>57</strong></span> <span class='ocrx_word' id='word_1_98' title='bbox 1441 1357 1498 1408; x_wconf 79' lang='lat' dir='ltr'><strong>in</strong></span> <span class='ocrx_word' id='word_1_99' title='bbox 1525 1354 1732 1427; x_wconf 82' lang='lat' dir='ltr'><strong>Evang.</strong></span> <span class='ocrx_word' id='word_1_100' title='bbox 1765 1373 1863 1410; x_wconf 90' lang='lat' dir='ltr'><strong>vo-</strong></span> 
     </span>
    </p>
   </div>
   <div class='ocr_carea' id='block_1_15' title="bbox 271 1445 1863 1514">
    <p class='ocr_par' dir='ltr' id='par_1_15' title="bbox 271 1445 1863 1514">
     <span class='ocr_line' id='line_1_15' title="bbox 271 1445 1863 1514; baseline 0.005 -16"><span class='ocrx_word' id='word_1_101' title='bbox 271 1454 386 1514; x_wconf 79' lang='lat' dir='ltr'><strong>cat.</strong></span> <span class='ocrx_word' id='word_1_102' title='bbox 428 1445 561 1512; x_wconf 67' lang='lat' dir='ltr'><strong>Quae</strong></span> <span class='ocrx_word' id='word_1_103' title='bbox 592 1447 800 1511; x_wconf 88' lang='lat' dir='ltr'><strong>omnia,</strong></span> <span class='ocrx_word' id='word_1_104' title='bbox 854 1454 915 1501; x_wconf 92' lang='lat' dir='ltr'><strong>ut</strong></span> <span class='ocrx_word' id='word_1_105' title='bbox 956 1455 1012 1502; x_wconf 83' lang='lat' dir='ltr'><strong>et</strong></span> <span class='ocrx_word' id='word_1_106' title='bbox 1044 1446 1152 1501; x_wconf 87' lang='lat' dir='ltr'><strong>alia</strong></span> <span class='ocrx_word' id='word_1_107' title='bbox 1190 1458 1472 1513; x_wconf 84' lang='lat' dir='ltr'><strong>sexcenta,</strong></span> <span class='ocrx_word' id='word_1_108' title='bbox 1503 1450 1863 1506; x_wconf 91' lang='lat' dir='ltr'><strong>recentiorem</strong></span> 
     </span>
    </p>
   </div>
   <div class='ocr_carea' id='block_1_16' title="bbox 272 1537 1866 1613">
    <p class='ocr_par' dir='ltr' id='par_1_16' title="bbox 272 1537 1866 1613">
     <span class='ocr_line' id='line_1_16' title="bbox 272 1537 1866 1613; baseline 0.005 -23"><span class='ocrx_word' id='word_1_109' title='bbox 272 1539 521 1593; x_wconf 85' lang='lat' dir='ltr'><strong>auctoris</strong></span> <span class='ocrx_word' id='word_1_110' title='bbox 551 1549 765 1594; x_wconf 62' lang='lat' dir='ltr'><strong>aetatem</strong></span> <span class='ocrx_word' id='word_1_111' title='bbox 797 1537 1079 1609; x_wconf 86' lang='lat' dir='ltr'><strong>detegunt.</strong></span> <span class='ocrx_word' id='word_1_112' title='bbox 1123 1540 1423 1611; x_wconf 84' lang='grc' dir='ltr'><strong>Πτωχικῶν</strong></span> <span class='ocrx_word' id='word_1_113' title='bbox 1454 1541 1777 1613; x_wconf 84' lang='grc' dir='ltr'><strong>χρημάτων,</strong></span> <span class='ocrx_word' id='word_1_114' title='bbox 1809 1551 1866 1598; x_wconf 89' lang='lat' dir='ltr'><strong>et</strong></span> 
     </span>
    </p>
   </div>
   <div class='ocr_carea' id='block_1_17' title="bbox 272 1629 1863 1701">
    <p class='ocr_par' dir='ltr' id='par_1_17' title="bbox 272 1629 1863 1701">
     <span class='ocr_line' id='line_1_17' title="bbox 272 1629 1863 1701; baseline 0.005 -21"><span class='ocrx_word' id='word_1_115' title='bbox 272 1636 555 1682; x_wconf 84' lang='lat' dir='ltr'><strong>certorum</strong></span> <span class='ocrx_word' id='word_1_116' title='bbox 591 1629 899 1693; x_wconf 88' lang='lat' dir='ltr'><strong>hominum,</strong></span> <span class='ocrx_word' id='word_1_117' title='bbox 934 1630 1026 1699; x_wconf 91' lang='lat' dir='ltr'><strong>qui</strong></span> <span class='ocrx_word' id='word_1_118' title='bbox 1063 1632 1329 1701; x_wconf 84' lang='lat' dir='ltr'><strong>pecunias</strong></span> <span class='ocrx_word' id='word_1_119' title='bbox 1361 1632 1484 1687; x_wconf 87' lang='lat' dir='ltr'><strong>illas</strong></span> <span class='ocrx_word' id='word_1_120' title='bbox 1508 1633 1863 1690; x_wconf 83' lang='lat' dir='ltr'><strong>administra—</strong></span> 
     </span>
    </p>
   </div>
   <div class='ocr_carea' id='block_1_18' title="bbox 271 1719 1859 1794">
    <p class='ocr_par' dir='ltr' id='par_1_18' title="bbox 271 1719 1859 1794">
     <span class='ocr_line' id='line_1_18' title="bbox 271 1719 1859 1794; baseline 0.003 -20"><span class='ocrx_word' id='word_1_121' title='bbox 271 1719 427 1783; x_wconf 85' lang='lat' dir='ltr'><strong>bant,</strong></span> <span class='ocrx_word' id='word_1_122' title='bbox 451 1720 699 1774; x_wconf 90' lang='lat' dir='ltr'><strong>meminit</strong></span> <span class='ocrx_word' id='word_1_123' title='bbox 722 1719 985 1792; x_wconf 82' lang='lat' dir='ltr'><strong>Synesius</strong></span> <span class='ocrx_word' id='word_1_124' title='bbox 1004 1722 1057 1776; x_wconf 91' lang='lat' dir='ltr'><strong>in</strong></span> <span class='ocrx_word' id='word_1_125' title='bbox 1091 1722 1361 1785; x_wconf 88' lang='lat' dir='ltr'><strong>luculenta</strong></span> <span class='ocrx_word' id='word_1_126' title='bbox 1383 1723 1475 1778; x_wconf 88' lang='lat' dir='ltr'><strong>illa</strong></span> <span class='ocrx_word' id='word_1_127' title='bbox 1502 1724 1729 1794; x_wconf 85' lang='lat' dir='ltr'><strong>epistola</strong></span> <span class='ocrx_word' id='word_1_128' title='bbox 1752 1724 1859 1779; x_wconf 86' lang='lat'><strong>67:</strong></span> 
     </span>
    </p>
   </div>
   <div class='ocr_carea' id='block_1_19' title="bbox 1988 540 3550 613">
    <p class='ocr_par' dir='ltr' id='par_1_19' title="bbox 1988 540 3550 613">
     <span class='ocr_line' id='line_1_19' title="bbox 1988 540 3550 613; baseline -0.001 -16"><span class='ocrx_word' id='word_1_129' title='bbox 1988 558 2155 612; x_wconf 83' lang='lat' dir='ltr'><strong>quam</strong></span> <span class='ocrx_word' id='word_1_130' title='bbox 2189 542 2482 599; x_wconf 81' lang='lat' dir='ltr'><strong>Balsamon</strong></span> <span class='ocrx_word' id='word_1_131' title='bbox 2512 542 2654 596; x_wconf 81' lang='lat' dir='ltr'><strong>inter</strong></span> <span class='ocrx_word' id='word_1_132' title='bbox 2676 540 2987 597; x_wconf 82' lang='lat' dir='ltr'><strong>Decretales</strong></span> <span class='ocrx_word' id='word_1_133' title='bbox 3015 542 3217 612; x_wconf 88' lang='lat' dir='ltr'><strong>posuit,</strong></span> <span class='ocrx_word' id='word_1_134' title='bbox 3245 543 3550 613; x_wconf 85' lang='lat' dir='ltr'><strong>antiquissi-</strong></span> 
     </span>
    </p>
   </div>
   <div class='ocr_carea' id='block_1_20' title="bbox 1988 632 3561 706">
    <p class='ocr_par' dir='ltr' id='par_1_20' title="bbox 1988 632 3561 706">
     <span class='ocr_line' id='line_1_20' title="bbox 1988 632 3561 706; baseline 0.001 -19"><span class='ocrx_word' id='word_1_135' title='bbox 1988 649 2139 689; x_wconf 90' lang='lat' dir='ltr'><strong>mum</strong></span> <span class='ocrx_word' id='word_1_136' title='bbox 2194 635 2345 691; x_wconf 86' lang='lat' dir='ltr'><strong>hunc</strong></span> <span class='ocrx_word' id='word_1_137' title='bbox 2388 636 2443 689; x_wconf 91' lang='lat' dir='ltr'><strong>in</strong></span> <span class='ocrx_word' id='word_1_138' title='bbox 2481 632 2722 690; x_wconf 86' lang='lat' dir='ltr'><strong>Ecclesia</strong></span> <span class='ocrx_word' id='word_1_139' title='bbox 2757 635 2923 691; x_wconf 81' lang='lat' dir='ltr'><strong>ritum</strong></span> <span class='ocrx_word' id='word_1_140' title='bbox 2959 633 3130 690; x_wconf 80' lang='lat' dir='ltr'><strong>fuisse</strong></span> <span class='ocrx_word' id='word_1_141' title='bbox 3164 634 3343 698; x_wconf 89' lang='lat' dir='ltr'><strong>docet,</strong></span> <span class='ocrx_word' id='word_1_142' title='bbox 3381 644 3440 689; x_wconf 91' lang='lat' dir='ltr'><strong>ut</strong></span> <span class='ocrx_word' id='word_1_143' title='bbox 3466 634 3561 706; x_wconf 90' lang='lat' dir='ltr'><strong>qui</strong></span> 
     </span>
    </p>
   </div>
   <div class='ocr_carea' id='block_1_21' title="bbox 1989 726 3561 796">
    <p class='ocr_par' dir='ltr' id='par_1_21' title="bbox 1989 726 3561 796">
     <span class='ocr_line' id='line_1_21' title="bbox 1989 726 3561 796; baseline 0.001 -17"><span class='ocrx_word' id='word_1_144' title='bbox 1989 726 2058 780; x_wconf 90' lang='lat' dir='ltr'><strong>ad</strong></span> <span class='ocrx_word' id='word_1_145' title='bbox 2092 726 2353 782; x_wconf 72' lang='lat' dir='ltr'><strong>Ecclesia:</strong></span> <span class='ocrx_word' id='word_1_146' title='bbox 2383 727 2752 783; x_wconf 80' lang='lat' dir='ltr'><strong>ministerium</strong></span> <span class='ocrx_word' id='word_1_147' title='bbox 2781 726 3193 790; x_wconf 81' lang='lat' dir='ltr'><strong>adhiberentur,</strong></span> <span class='ocrx_word' id='word_1_148' title='bbox 3223 740 3252 779; x_wconf 89' lang='lat' dir='ltr'><strong>a</strong></span> <span class='ocrx_word' id='word_1_149' title='bbox 3281 726 3561 796; x_wconf 79' lang='lat' dir='ltr'><strong>presbyte-</strong></span> 
     </span>
    </p>
   </div>
   <div class='ocr_carea' id='block_1_22' title="bbox 1980 814 3561 886">
    <p class='ocr_par' dir='ltr' id='par_1_22' title="bbox 1980 814 3561 886">
     <span class='ocr_line' id='line_1_22' title="bbox 1980 814 3561 886; baseline 0.004 -20"><span class='ocrx_word' id='word_1_150' title='bbox 1980 814 2060 868; x_wconf 84' lang='lat' dir='ltr'><strong>ris</strong></span> <span class='ocrx_word' id='word_1_151' title='bbox 2110 823 2164 867; x_wconf 91' lang='lat' dir='ltr'><strong>et</strong></span> <span class='ocrx_word' id='word_1_152' title='bbox 2206 814 2461 870; x_wconf 89' lang='lat' dir='ltr'><strong>diaconis</strong></span> <span class='ocrx_word' id='word_1_153' title='bbox 2504 825 2631 869; x_wconf 86' lang='lat' dir='ltr'><strong>ante</strong></span> <span class='ocrx_word' id='word_1_154' title='bbox 2675 815 2861 870; x_wconf 90' lang='lat' dir='ltr'><strong>omnia</strong></span> <span class='ocrx_word' id='word_1_155' title='bbox 2908 815 3122 886; x_wconf 88' lang='lat' dir='ltr'><strong>probati</strong></span> <span class='ocrx_word' id='word_1_156' title='bbox 3156 815 3561 885; x_wconf 87' lang='lat' dir='ltr'><strong>cborepiscopis</strong></span> 
     </span>
    </p>
   </div>
   <div class='ocr_carea' id='block_1_23' title="bbox 1979 906 3565 981">
    <p class='ocr_par' dir='ltr' id='par_1_23' title="bbox 1979 906 3565 981">
     <span class='ocr_line' id='line_1_23' title="bbox 1979 906 3565 981; baseline 0.001 -22"><span class='ocrx_word' id='word_1_157' title='bbox 1979 906 2523 971; x_wconf 85' lang='lat' dir='ltr'><strong>commendarentur,</strong></span> <span class='ocrx_word' id='word_1_158' title='bbox 2550 909 2612 961; x_wconf 76' lang='grc' dir='ltr'><strong>Οἳ</strong></span> <span class='ocrx_word' id='word_1_159' title='bbox 2641 907 2741 971; x_wconf 77' lang='grc' dir='ltr'><strong>τὰς</strong></span> <span class='ocrx_word' id='word_1_160' title='bbox 2774 906 2927 975; x_wconf 80' lang='grc' dir='ltr'>παρὰ</span> <span class='ocrx_word' id='word_1_161' title='bbox 2974 906 3084 959; x_wconf 83' lang='grc' dir='ltr'>τῶν</span> <span class='ocrx_word' id='word_1_162' title='bbox 3119 906 3388 978; x_wconf 78' lang='grc' dir='ltr'><strong>ἀληθινῶς</strong></span> <span class='ocrx_word' id='word_1_163' title='bbox 3430 925 3565 981; x_wconf 76' lang='grc' dir='ltr'><strong>μαρο</strong></span> 
     </span>
    </p>
   </div>
   <div class='ocr_carea' id='block_1_24' title="bbox 1975 993 3561 1067">
    <p class='ocr_par' dir='ltr' id='par_1_24' title="bbox 1975 993 3561 1067">
     <span class='ocr_line' id='line_1_24' title="bbox 1975 993 3561 1067; baseline -0.001 -20"><span class='ocrx_word' id='word_1_164' title='bbox 1975 994 2285 1066; x_wconf 82' lang='grc' dir='ltr'><strong>τυρούντων</strong></span> <span class='ocrx_word' id='word_1_165' title='bbox 2338 994 2621 1065; x_wconf 83' lang='grc' dir='ltr'><strong>δεξάμενοι</strong></span> <span class='ocrx_word' id='word_1_166' title='bbox 2677 996 2929 1067; x_wconf 75' lang='grc' dir='ltr'><strong>ψήφους,</strong></span> <span class='ocrx_word' id='word_1_167' title='bbox 2994 993 3089 1046; x_wconf 76' lang='grc' dir='ltr'><strong>καὶ</strong></span> <span class='ocrx_word' id='word_1_168' title='bbox 3150 994 3561 1064; x_wconf 83' lang='grc' dir='ltr'><strong>ὑπομνήσαντες</strong></span> 
     </span>
    </p>
   </div>
   <div class='ocr_carea' id='block_1_25' title="bbox 1975 1083 3560 1156">
    <p class='ocr_par' dir='ltr' id='par_1_25' title="bbox 1975 1083 3560 1156">
     <span class='ocr_line' id='line_1_25' title="bbox 1975 1083 3560 1156; baseline 0 -17"><span class='ocrx_word' id='word_1_169' title='bbox 1975 1086 2296 1150; x_wconf 79' lang='grc' dir='ltr'>ἐπίσκοπον,</span> <span class='ocrx_word' id='word_1_170' title='bbox 2343 1084 2518 1149; x_wconf 79' lang='grc' dir='ltr'><strong>οὕτως</strong></span> <span class='ocrx_word' id='word_1_171' title='bbox 2554 1084 2883 1156; x_wconf 82' lang='grc' dir='ltr'><strong>ὲνηρίθμουν</strong></span> <span class='ocrx_word' id='word_1_172' title='bbox 2920 1084 3011 1138; x_wconf 85' lang='grc' dir='ltr'><strong>τὸν</strong></span> <span class='ocrx_word' id='word_1_173' title='bbox 3046 1085 3322 1155; x_wconf 81' lang='grc' dir='ltr'><strong>ὑπηρέτην</strong></span> <span class='ocrx_word' id='word_1_174' title='bbox 3354 1083 3433 1154; x_wconf 83' lang='grc' dir='ltr'><strong>τῷ</strong></span> <span class='ocrx_word' id='word_1_175' title='bbox 3463 1084 3560 1139; x_wconf 80' lang='grc' dir='ltr'><strong>τά·</strong></span> 
     </span>
    </p>
   </div>
   <div class='ocr_carea' id='block_1_26' title="bbox 1974 1174 3559 1246">
    <p class='ocr_par' dir='ltr' id='par_1_26' title="bbox 1974 1174 3559 1246">
     <span class='ocr_line' id='line_1_26' title="bbox 1974 1174 3559 1246; baseline 0.001 -18"><span class='ocrx_word' id='word_1_176' title='bbox 1974 1191 2149 1245; x_wconf 84' lang='grc' dir='ltr'><strong>γματι</strong></span> <span class='ocrx_word' id='word_1_177' title='bbox 2175 1175 2285 1229; x_wconf 87' lang='grc' dir='ltr'><strong>τῶν</strong></span> <span class='ocrx_word' id='word_1_178' title='bbox 2322 1174 2636 1246; x_wconf 75' lang='grc' dir='ltr'><strong>ἱερατικῶν.</strong></span> <span class='ocrx_word' id='word_1_179' title='bbox 2682 1174 2783 1229; x_wconf 87' lang='lat' dir='ltr'><strong>Cui</strong></span> <span class='ocrx_word' id='word_1_180' title='bbox 2825 1175 3209 1230; x_wconf 81' lang='lat' dir='ltr'><strong>consuetudini</strong></span> <span class='ocrx_word' id='word_1_181' title='bbox 3238 1176 3559 1245; x_wconf 85' lang='lat' dir='ltr'><strong>derogatum</strong></span> 
     </span>
    </p>
   </div>
   <div class='ocr_carea' id='block_1_27' title="bbox 1975 1264 3559 1337">
    <p class='ocr_par' dir='ltr' id='par_1_27' title="bbox 1975 1264 3559 1337">
     <span class='ocr_line' id='line_1_27' title="bbox 1975 1264 3559 1337; baseline 0 -18"><span class='ocrx_word' id='word_1_182' title='bbox 1975 1282 2005 1319; x_wconf 90' lang='lat' dir='ltr'><strong>a</strong></span> <span class='ocrx_word' id='word_1_183' title='bbox 2036 1266 2456 1336; x_wconf 82' lang='lat' dir='ltr'><strong>chorepiscOpis</strong></span> <span class='ocrx_word' id='word_1_184' title='bbox 2501 1266 2775 1337; x_wconf 85' lang='lat' dir='ltr'><strong>queritur,</strong></span> <span class='ocrx_word' id='word_1_185' title='bbox 2817 1266 2912 1335; x_wconf 87' lang='lat' dir='ltr'><strong>qui</strong></span> <span class='ocrx_word' id='word_1_186' title='bbox 2951 1281 3169 1320; x_wconf 86' lang='lat' dir='ltr'><strong>omnem</strong></span> <span class='ocrx_word' id='word_1_187' title='bbox 3205 1264 3271 1319; x_wconf 90' lang='lat' dir='ltr'><strong>ad</strong></span> <span class='ocrx_word' id='word_1_188' title='bbox 3306 1280 3427 1319; x_wconf 87' lang='lat' dir='ltr'><strong>sese</strong></span> <span class='ocrx_word' id='word_1_189' title='bbox 3458 1265 3559 1319; x_wconf 82' lang='lat' dir='ltr'><strong>ad-</strong></span> 
     </span>
    </p>
   </div>
   <div class='ocr_carea' id='block_1_28' title="bbox 1972 1356 3558 1414">
    <p class='ocr_par' dir='ltr' id='par_1_28' title="bbox 1972 1356 3558 1414">
     <span class='ocr_line' id='line_1_28' title="bbox 1972 1356 3558 1414; baseline -0.001 -2"><span class='ocrx_word' id='word_1_190' title='bbox 1972 1358 2387 1414; x_wconf 86' lang='lat' dir='ltr'><strong>sciscendorum</strong></span> <span class='ocrx_word' id='word_1_191' title='bbox 2427 1356 2693 1413; x_wconf 70' lang='lat' dir='ltr'><strong>Ecclesia:</strong></span> <span class='ocrx_word' id='word_1_192' title='bbox 2746 1356 3125 1411; x_wconf 89' lang='lat' dir='ltr'><strong>ministrorum</strong></span> <span class='ocrx_word' id='word_1_193' title='bbox 3175 1358 3558 1411; x_wconf 87' lang='lat' dir='ltr'><strong>auctoritatem</strong></span> 
     </span>
    </p>
   </div>
   <div class='ocr_carea' id='block_1_29' title="bbox 1972 1447 3558 1519">
    <p class='ocr_par' dir='ltr' id='par_1_29' title="bbox 1972 1447 3558 1519">
     <span class='ocr_line' id='line_1_29' title="bbox 1972 1447 3558 1519; baseline -0.001 -14"><span class='ocrx_word' id='word_1_194' title='bbox 1972 1448 2365 1513; x_wconf 73' lang='lat' dir='ltr'><strong>transferrent,</strong></span> <span class='ocrx_word' id='word_1_195' title='bbox 2413 1464 2478 1502; x_wconf 88' lang='lat' dir='ltr'><strong>ac</strong></span> <span class='ocrx_word' id='word_1_196' title='bbox 2524 1457 2800 1518; x_wconf 89' lang='lat' dir='ltr'><strong>postremo</strong></span> <span class='ocrx_word' id='word_1_197' title='bbox 2832 1447 3165 1519; x_wconf 86' lang='lat' dir='ltr'><strong>presbyteris</strong></span> <span class='ocrx_word' id='word_1_198' title='bbox 3205 1456 3259 1501; x_wconf 91' lang='lat' dir='ltr'><strong>et</strong></span> <span class='ocrx_word' id='word_1_199' title='bbox 3309 1447 3558 1503; x_wconf 90' lang='lat' dir='ltr'><strong>diaconis</strong></span> 
     </span>
    </p>
   </div>
   <div class='ocr_carea' id='block_1_30' title="bbox 1974 1539 3556 1614">
    <p class='ocr_par' dir='ltr' id='par_1_30' title="bbox 1974 1539 3556 1614">
     <span class='ocr_line' id='line_1_30' title="bbox 1974 1539 3556 1614; baseline -0.004 -16"><span class='ocrx_word' id='word_1_200' title='bbox 1974 1542 2373 1614; x_wconf 87' lang='lat' dir='ltr'><strong>permitterent,</strong></span> <span class='ocrx_word' id='word_1_201' title='bbox 2426 1551 2484 1594; x_wconf 92' lang='lat' dir='ltr'><strong>ut</strong></span> <span class='ocrx_word' id='word_1_202' title='bbox 2514 1554 2654 1609; x_wconf 92' lang='lat' dir='ltr'><strong>quos</strong></span> <span class='ocrx_word' id='word_1_203' title='bbox 2692 1540 2915 1601; x_wconf 84' lang='lat' dir='ltr'><strong>vellent,</strong></span> <span class='ocrx_word' id='word_1_204' title='bbox 2938 1540 3102 1594; x_wconf 85' lang='lat' dir='ltr'><strong>etiam</strong></span> <span class='ocrx_word' id='word_1_205' title='bbox 3144 1539 3556 1610; x_wconf 80' lang='lat' dir='ltr'><strong>indignissimos</strong></span> 
     </span>
    </p>
   </div>
   <div class='ocr_carea' id='block_1_31' title="bbox 1972 1629 3556 1704">
    <p class='ocr_par' dir='ltr' id='par_1_31' title="bbox 1972 1629 3556 1704">
     <span class='ocr_line' id='line_1_31' title="bbox 1972 1629 3556 1704; baseline -0.003 -14"><span class='ocrx_word' id='word_1_206' title='bbox 1972 1641 2311 1704; x_wconf 84' lang='lat' dir='ltr'><strong>coeptarent.</strong></span> <span class='ocrx_word' id='word_1_207' title='bbox 2350 1631 2427 1687; x_wconf 92' lang='lat' dir='ltr'><strong>De</strong></span> <span class='ocrx_word' id='word_1_208' title='bbox 2468 1630 2823 1685; x_wconf 82' lang='lat' dir='ltr'><strong>subdiaconis</strong></span> <span class='ocrx_word' id='word_1_209' title='bbox 2884 1632 3209 1700; x_wconf 29' lang='lat' dir='ltr'><strong>caeterisque</strong></span> <span class='ocrx_word' id='word_1_210' title='bbox 3249 1629 3556 1686; x_wconf 86' lang='lat' dir='ltr'><strong>minoribus</strong></span> 
     </span>
    </p>
   </div>
   <div class='ocr_carea' id='block_1_32' title="bbox 1977 1723 3556 1794">
    <p class='ocr_par' dir='ltr' id='par_1_32' title="bbox 1977 1723 3556 1794">
     <span class='ocr_line' id='line_1_32' title="bbox 1977 1723 3556 1794; baseline -0.004 -12"><span class='ocrx_word' id='word_1_211' title='bbox 1977 1728 2194 1782; x_wconf 90' lang='lat' dir='ltr'><strong>clericis</strong></span> <span class='ocrx_word' id='word_1_212' title='bbox 2228 1726 2500 1781; x_wconf 85' lang='lat' dir='ltr'><strong>duntaxat</strong></span> <span class='ocrx_word' id='word_1_213' title='bbox 2531 1724 2598 1778; x_wconf 91' lang='lat' dir='ltr'><strong>iis</strong></span> <span class='ocrx_word' id='word_1_214' title='bbox 2628 1723 2890 1792; x_wconf 89' lang='lat' dir='ltr'><strong>loquitur,</strong></span> <span class='ocrx_word' id='word_1_215' title='bbox 2925 1723 3019 1792; x_wconf 92' lang='lat' dir='ltr'><strong>qui</strong></span> <span class='ocrx_word' id='word_1_216' title='bbox 3055 1723 3108 1776; x_wconf 90' lang='lat' dir='ltr'><strong>in</strong></span> <span class='ocrx_word' id='word_1_217' title='bbox 3152 1723 3383 1794; x_wconf 79' lang='lat' dir='ltr'><strong>paganis</strong></span> <span class='ocrx_word' id='word_1_218' title='bbox 3427 1736 3556 1777; x_wconf 89' lang='lat' dir='ltr'><strong>cen-</strong></span> 
     </span>
    </p>
   </div>
   <div class='ocr_carea' id='block_1_33' title="bbox 274 1810 3555 1885">
    <p class='ocr_par' dir='ltr' id='par_1_33' title="bbox 274 1810 3555 1885">
     <span class='ocr_line' id='line_1_33' title="bbox 274 1810 3555 1885; baseline 0.001 -22"><span class='ocrx_word' id='word_1_219' title='bbox 274 1818 466 1880; x_wconf 88' lang='lat' dir='ltr'><strong>ntputa</strong></span> <span class='ocrx_word' id='word_1_220' title='bbox 508 1810 862 1881; x_wconf 83' lang='lat' dir='ltr'><strong>Lamponiani</strong></span> <span class='ocrx_word' id='word_1_221' title='bbox 902 1814 1223 1885; x_wconf 87' lang='lat' dir='ltr'><strong>presbyteri,</strong></span> <span class='ocrx_word' id='word_1_222' title='bbox 1265 1828 1319 1869; x_wconf 91' lang='lat' dir='ltr'><strong>et</strong></span> <span class='ocrx_word' id='word_1_223' title='bbox 1346 1824 1472 1870; x_wconf 87' lang='lat' dir='ltr'><strong>ante</strong></span> <span class='ocrx_word' id='word_1_224' title='bbox 1528 1815 1673 1870; x_wconf 91' lang='lat' dir='ltr'><strong>hunc</strong></span> <span class='ocrx_word' id='word_1_225' title='bbox 1704 1814 1866 1871; x_wconf 78' lang='lat' dir='ltr'><strong>Ilios-</strong></span> <span class='ocrx_word' id='word_1_226' title='bbox 1903 1822 1943 1877; x_wconf 89' lang='grc' dir='ltr'><strong>Β</strong></span> <span class='ocrx_word' id='word_1_227' title='bbox 1970 1827 2224 1875; x_wconf 90' lang='lat' dir='ltr'><strong>serentur</strong></span> <span class='ocrx_word' id='word_1_228' title='bbox 2274 1815 2541 1871; x_wconf 88' lang='lat' dir='ltr'><strong>ecclesiis.</strong></span> <span class='ocrx_word' id='word_1_229' title='bbox 2595 1813 2791 1867; x_wconf 83' lang='lat' dir='ltr'><strong>Subdit</strong></span> <span class='ocrx_word' id='word_1_230' title='bbox 2841 1813 2987 1867; x_wconf 85' lang='lat' dir='ltr'><strong>enim</strong></span> <span class='ocrx_word' id='word_1_231' title='bbox 3040 1813 3177 1866; x_wconf 73' lang='grc' dir='ltr'>ςΔιὸ</span> <span class='ocrx_word' id='word_1_232' title='bbox 3222 1812 3405 1866; x_wconf 77' lang='grc' dir='ltr'><strong>πολλοὶ</strong></span> <span class='ocrx_word' id='word_1_233' title='bbox 3453 1811 3555 1882; x_wconf 87' lang='grc' dir='ltr'><strong>μὲν</strong></span> 
     </span>
    </p>
   </div>
   <div class='ocr_carea' id='block_1_34' title="bbox 272 1903 1867 1980">
    <p class='ocr_par' dir='ltr' id='par_1_34' title="bbox 272 1903 1867 1980">
     <span class='ocr_line' id='line_1_34' title="bbox 272 1903 1867 1980; baseline 0.004 -24"><span class='ocrx_word' id='word_1_234' title='bbox 272 1903 391 1957; x_wconf 91' lang='lat' dir='ltr'><strong>cori</strong></span> <span class='ocrx_word' id='word_1_235' title='bbox 449 1904 710 1974; x_wconf 88' lang='lat' dir='ltr'><strong>episcopi,</strong></span> <span class='ocrx_word' id='word_1_236' title='bbox 765 1905 835 1960; x_wconf 88' lang='lat' dir='ltr'><strong>de</strong></span> <span class='ocrx_word' id='word_1_237' title='bbox 886 1922 996 1976; x_wconf 92' lang='lat' dir='ltr'><strong>quo</strong></span> <span class='ocrx_word' id='word_1_238' title='bbox 1052 1907 1154 1962; x_wconf 88' lang='lat' dir='ltr'><strong>ista</strong></span> <span class='ocrx_word' id='word_1_239' title='bbox 1202 1909 1429 1965; x_wconf 86' lang='lat' dir='ltr'><strong>scribit;</strong></span> <span class='ocrx_word' id='word_1_240' title='bbox 1472 1908 1681 1980; x_wconf 83' lang='grc' dir='ltr'><strong>Πολλὴν</strong></span> <span class='ocrx_word' id='word_1_241' title='bbox 1711 1904 1867 1979; x_wconf 79' lang='grc' dir='ltr'>οἶμαι</span> 
     </span>
    </p>
   </div>
   <div class='ocr_carea' id='block_1_35' title="bbox 272 1990 1856 2070">
    <p class='ocr_par' dir='ltr' id='par_1_35' title="bbox 272 1990 1856 2070">
     <span class='ocr_line' id='line_1_35' title="bbox 272 1990 1856 2070; baseline 0.006 -27"><span class='ocrx_word' id='word_1_242' title='bbox 272 1990 435 2060; x_wconf 80' lang='grc' dir='ltr'>χάριν</span> <span class='ocrx_word' id='word_1_243' title='bbox 463 1992 699 2061; x_wconf 80' lang='grc' dir='ltr'><strong>ὀφείλειν</strong></span> <span class='ocrx_word' id='word_1_244' title='bbox 737 1994 886 2065; x_wconf 79' lang='grc' dir='ltr'><strong>αὐτῷ</strong></span> <span class='ocrx_word' id='word_1_245' title='bbox 915 1996 1041 2059; x_wconf 83' lang='grc' dir='ltr'>τοὺς</span> <span class='ocrx_word' id='word_1_246' title='bbox 1074 1999 1135 2050; x_wconf 84' lang='grc' dir='ltr'>ἐν</span> <span class='ocrx_word' id='word_1_247' title='bbox 1178 1996 1557 2070; x_wconf 76' lang='grc' dir='ltr'><strong>Ἀλεξανδρείᾳ</strong></span> <span class='ocrx_word' id='word_1_248' title='bbox 1591 1998 1856 2070; x_wconf 82' lang='grc' dir='ltr'><strong>συμπτώ-</strong></span> 
     </span>
    </p>
   </div>
   <div class='ocr_carea' id='block_1_36' title="bbox 271 2078 1863 2162">
    <p class='ocr_par' dir='ltr' id='par_1_36' title="bbox 271 2078 1863 2162">
     <span class='ocr_line' id='line_1_36' title="bbox 271 2078 1863 2162; baseline 0.005 -25"><span class='ocrx_word' id='word_1_249' title='bbox 271 2101 423 2155; x_wconf 75' lang='grc' dir='ltr'>χους,</span> <span class='ocrx_word' id='word_1_250' title='bbox 461 2078 536 2138; x_wconf 82' lang='grc' dir='ltr'>ὧν</span> <span class='ocrx_word' id='word_1_251' title='bbox 582 2087 709 2151; x_wconf 86' lang='grc' dir='ltr'>τοὺς</span> <span class='ocrx_word' id='word_1_252' title='bbox 746 2089 952 2158; x_wconf 85' lang='grc' dir='ltr'><strong>ἀγροὺς</strong></span> <span class='ocrx_word' id='word_1_253' title='bbox 1001 2091 1242 2145; x_wconf 81' lang='grc' dir='ltr'><strong>ἑκπονεῖ.</strong></span> <span class='ocrx_word' id='word_1_254' title='bbox 1276 2089 1467 2147; x_wconf 81' lang='lat' dir='ltr'><strong>Finem</strong></span> <span class='ocrx_word' id='word_1_255' title='bbox 1505 2091 1573 2147; x_wconf 87' lang='lat' dir='ltr'><strong>de</strong></span> <span class='ocrx_word' id='word_1_256' title='bbox 1604 2091 1863 2162; x_wconf 89' lang='lat' dir='ltr'><strong>chorepi-</strong></span> 
     </span>
    </p>
   </div>
   <div class='ocr_carea' id='block_1_37' title="bbox 272 2179 1863 2248">
    <p class='ocr_par' dir='ltr' id='par_1_37' title="bbox 272 2179 1863 2248">
     <span class='ocr_line' id='line_1_37' title="bbox 272 2179 1863 2248; baseline 0.004 -15"><span class='ocrx_word' id='word_1_257' title='bbox 272 2179 457 2248; x_wconf 82' lang='lat' dir='ltr'><strong>scopis</strong></span> <span class='ocrx_word' id='word_1_258' title='bbox 473 2179 785 2248; x_wconf 87' lang='lat' dir='ltr'><strong>disputandi</strong></span> <span class='ocrx_word' id='word_1_259' title='bbox 813 2179 1069 2248; x_wconf 81' lang='lat' dir='ltr'><strong>facerem,</strong></span> <span class='ocrx_word' id='word_1_260' title='bbox 1095 2183 1199 2238; x_wconf 91' lang='lat' dir='ltr'><strong>nisi</strong></span> <span class='ocrx_word' id='word_1_261' title='bbox 1223 2184 1289 2238; x_wconf 92' lang='lat' dir='ltr'><strong>ad</strong></span> <span class='ocrx_word' id='word_1_262' title='bbox 1313 2198 1503 2239; x_wconf 91' lang='lat' dir='ltr'><strong>eorum</strong></span> <span class='ocrx_word' id='word_1_263' title='bbox 1528 2183 1863 2240; x_wconf 74' lang='lat' dir='ltr'><strong>iunctionem</strong></span> 
     </span>
    </p>
   </div>
   <div class='ocr_carea' id='block_1_38' title="bbox 273 2270 1847 2347">
    <p class='ocr_par' dir='ltr' id='par_1_38' title="bbox 273 2270 1847 2347">
     <span class='ocr_line' id='line_1_38' title="bbox 273 2270 1847 2347; baseline 0.006 -25"><span class='ocrx_word' id='word_1_264' title='bbox 273 2270 649 2326; x_wconf 68' lang='lat' dir='ltr'><strong>Nlustrandam</strong></span> <span class='ocrx_word' id='word_1_265' title='bbox 677 2288 847 2343; x_wconf 89' lang='lat' dir='ltr'><strong>pauca</strong></span> <span class='ocrx_word' id='word_1_266' title='bbox 868 2274 1118 2344; x_wconf 69' lang='lat' dir='ltr'><strong>quaedam</strong></span> <span class='ocrx_word' id='word_1_267' title='bbox 1159 2286 1531 2345; x_wconf 82' lang='lat' dir='ltr'><strong>superessent,</strong></span> <span class='ocrx_word' id='word_1_268' title='bbox 1564 2292 1687 2347; x_wconf 73' lang='lat' dir='ltr'><strong>qua:</strong></span> <span class='ocrx_word' id='word_1_269' title='bbox 1709 2292 1847 2346; x_wconf 74' lang='lat' dir='ltr'><strong>prae-</strong></span> 
     </span>
    </p>
   </div>
   <div class='ocr_carea' id='block_1_39' title="bbox 272 2444 569 2468">
    <p class='ocr_par' dir='ltr' id='par_1_39' title="bbox 272 2444 569 2468">
     <span class='ocr_line' id='line_1_39' title="bbox 272 2444 569 2468; baseline 0.007 -2"><span class='ocrx_word' id='word_1_270' title='bbox 272 2444 569 2468; x_wconf 60' lang='grc' dir='ltr'><strong>Ξ.τῖ</strong></span> 
     </span>
    </p>
   </div>
   <div class='ocr_carea' id='block_1_40' title="bbox 578 2460 849 2469">
    <p class='ocr_par' dir='ltr' id='par_1_40' title="bbox 578 2460 849 2469">
     <span class='ocr_line' id='line_1_40' title="bbox 578 2460 849 2469; baseline -0.004 -2"><span class='ocrx_word' id='word_1_271' title='bbox 578 2460 849 2469; x_wconf 47' lang='grc' dir='ltr'><strong>,Ψ--φ-</strong></span> 
     </span>
    </p>
   </div>
   <div class='ocr_carea' id='block_1_41' title="bbox 1973 1903 3556 1983">
    <p class='ocr_par' dir='ltr' id='par_1_41' title="bbox 1973 1903 3556 1983">
     <span class='ocr_line' id='line_1_41' title="bbox 1973 1903 3556 1983; baseline -0.005 -18"><span class='ocrx_word' id='word_1_272' title='bbox 1973 1910 2248 1983; x_wconf 81' lang='grc' dir='ltr'><strong>ὑπηρέται</strong></span> <span class='ocrx_word' id='word_1_273' title='bbox 2279 1907 2641 1981; x_wconf 80' lang='grc' dir='ltr'><strong>ἀριθμοῦνται</strong></span> <span class='ocrx_word' id='word_1_274' title='bbox 2667 1904 2789 1959; x_wconf 84' lang='grc' dir='ltr'>καθ’</span> <span class='ocrx_word' id='word_1_275' title='bbox 2820 1904 3056 1976; x_wconf 80' lang='grc' dir='ltr'><strong>ἑκάστην</strong></span> <span class='ocrx_word' id='word_1_276' title='bbox 3083 1903 3297 1975; x_wconf 85' lang='grc' dir='ltr'><strong>κώμην.</strong></span> <span class='ocrx_word' id='word_1_277' title='bbox 3332 1904 3556 1959; x_wconf 65' lang='lat' dir='ltr'><strong>Ad&#39;hatc</strong></span> 
     </span>
    </p>
   </div>
   <div class='ocr_carea' id='block_1_42' title="bbox 1973 1996 3552 2074">
    <p class='ocr_par' dir='ltr' id='par_1_42' title="bbox 1973 1996 3552 2074">
     <span class='ocr_line' id='line_1_42' title="bbox 1973 1996 3552 2074; baseline -0.006 -14"><span class='ocrx_word' id='word_1_278' title='bbox 1973 2003 2223 2060; x_wconf 74' lang='lat' dir='ltr'><strong>Gelasius</strong></span> <span class='ocrx_word' id='word_1_279' title='bbox 2244 2002 2548 2074; x_wconf 79' lang='lat' dir='ltr'><strong>Cyzicenus</strong></span> <span class='ocrx_word' id='word_1_280' title='bbox 2569 1998 2665 2053; x_wconf 89' lang='lat' dir='ltr'><strong>lib.</strong></span> <span class='ocrx_word' id='word_1_281' title='bbox 2689 2014 2748 2051; x_wconf 94' lang='grc' dir='ltr'><strong>ιιι</strong></span> <span class='ocrx_word' id='word_1_282' title='bbox 2780 1996 2856 2051; x_wconf 90' lang='lat' dir='ltr'><strong>De</strong></span> <span class='ocrx_word' id='word_1_283' title='bbox 2884 2015 3030 2054; x_wconf 84' lang='lat' dir='ltr'><strong>conc.</strong></span> <span class='ocrx_word' id='word_1_284' title='bbox 3047 1996 3291 2063; x_wconf 75' lang='lat' dir='ltr'><strong>Nicwno,</strong></span> <span class='ocrx_word' id='word_1_285' title='bbox 3312 2012 3436 2051; x_wconf 89' lang='lat' dir='ltr'><strong>can.</strong></span> <span class='ocrx_word' id='word_1_286' title='bbox 3460 1996 3552 2058; x_wconf 72' lang='grc'><strong>54,</strong></span> 
     </span>
    </p>
   </div>
   <div class='ocr_carea' id='block_1_43' title="bbox 1984 2089 3554 2166">
    <p class='ocr_par' dir='ltr' id='par_1_43' title="bbox 1984 2089 3554 2166">
     <span class='ocr_line' id='line_1_43' title="bbox 1984 2089 3554 2166; baseline -0.006 -14"><span class='ocrx_word' id='word_1_287' title='bbox 1984 2099 2075 2163; x_wconf 80' lang='grc'><strong>55,</strong></span> <span class='ocrx_word' id='word_1_288' title='bbox 2126 2106 2182 2151; x_wconf 84' lang='lat' dir='ltr'><strong>et</strong></span> <span class='ocrx_word' id='word_1_289' title='bbox 2232 2095 2587 2166; x_wconf 87' lang='lat' dir='ltr'><strong>sequentibus</strong></span> <span class='ocrx_word' id='word_1_290' title='bbox 2626 2092 2795 2147; x_wconf 91' lang='lat' dir='ltr'><strong>multa</strong></span> <span class='ocrx_word' id='word_1_291' title='bbox 2839 2091 2906 2145; x_wconf 90' lang='lat' dir='ltr'><strong>de</strong></span> <span class='ocrx_word' id='word_1_292' title='bbox 2955 2090 3369 2161; x_wconf 71' lang='lat' dir='ltr'><strong>chon-episcopis</strong></span> <span class='ocrx_word' id='word_1_293' title='bbox 3408 2089 3554 2144; x_wconf 86' lang='lat' dir='ltr'><strong>scitu</strong></span> 
     </span>
    </p>
   </div>
   <div class='ocr_carea' id='block_1_44' title="bbox 1971 2184 2956 2257">
    <p class='ocr_par' dir='ltr' id='par_1_44' title="bbox 1971 2184 2956 2257">
     <span class='ocr_line' id='line_1_44' title="bbox 1971 2184 2956 2257; baseline -0.005 -15"><span class='ocrx_word' id='word_1_294' title='bbox 1971 2187 2135 2257; x_wconf 86' lang='lat' dir='ltr'><strong>digna</strong></span> <span class='ocrx_word' id='word_1_295' title='bbox 2169 2187 2433 2252; x_wconf 89' lang='lat' dir='ltr'><strong>continet,</strong></span> <span class='ocrx_word' id='word_1_296' title='bbox 2465 2203 2587 2257; x_wconf 78' lang='lat' dir='ltr'><strong>quae</strong></span> <span class='ocrx_word' id='word_1_297' title='bbox 2621 2197 2676 2242; x_wconf 90' lang='lat' dir='ltr'><strong>tu</strong></span> <span class='ocrx_word' id='word_1_298' title='bbox 2710 2184 2956 2241; x_wconf 90' lang='lat' dir='ltr'><strong>consule.</strong></span> 
     </span>
    </p>
   </div>
   <div class='ocr_carea' id='block_1_45' title="bbox 1430 2443 3554 2481">
    <p class='ocr_par' dir='ltr' id='par_1_45' title="bbox 1430 2443 3554 2481">
     <span class='ocr_line' id='line_1_45' title="bbox 1430 2443 3554 2481; baseline -0 -11"><span class='ocrx_word' id='word_1_299' title='bbox 1430 2443 3554 2481; x_wconf 52' lang='lat' dir='ltr'><strong>mw</strong></span> 
     </span>
    </p>
   </div>
   <div class='ocr_carea' id='block_1_46' title="bbox 895 2595 2948 2686">
    <p class='ocr_par' dir='ltr' id='par_1_46' title="bbox 895 2595 2948 2686">
     <span class='ocr_line' id='line_1_46' title="bbox 895 2595 2948 2686; baseline 0 -30"><span class='ocrx_word' id='word_1_300' title='bbox 895 2597 1001 2667; x_wconf 79' lang='lat' dir='ltr'><strong>DE</strong></span> <span class='ocrx_word' id='word_1_301' title='bbox 1042 2596 1352 2669; x_wconf 78' lang='lat' dir='ltr'><strong>DUPLICI</strong></span> <span class='ocrx_word' id='word_1_302' title='bbox 1401 2597 1663 2667; x_wconf 82' lang='lat' dir='ltr'><strong>CVCLO</strong></span> <span class='ocrx_word' id='word_1_303' title='bbox 1714 2599 1812 2657; x_wconf 82' lang='lat' dir='ltr'><strong>ET</strong></span> <span class='ocrx_word' id='word_1_304' title='bbox 1859 2596 2514 2686; x_wconf 72' lang='lat' dir='ltr'><strong>EMBOLISMQRU‘M</strong></span> <span class='ocrx_word' id='word_1_305' title='bbox 2563 2595 2948 2657; x_wconf 82' lang='lat' dir='ltr'><strong>RATIONE.</strong></span> 
     </span>
    </p>
   </div>
   <div class='ocr_carea' id='block_1_47' title="bbox 1530 2760 2271 2827">
    <p class='ocr_par' dir='ltr' id='par_1_47' title="bbox 1530 2760 2271 2827">
     <span class='ocr_line' id='line_1_47' title="bbox 1530 2760 2271 2827; baseline 0.001 -12"><span class='ocrx_word' id='word_1_306' title='bbox 1530 2763 1611 2817; x_wconf 86' lang='lat' dir='ltr'><strong>Ad</strong></span> <span class='ocrx_word' id='word_1_307' title='bbox 1649 2765 1779 2817; x_wconf 71' lang='lat' dir='ltr'><strong>hazr.</strong></span> <span class='ocrx_word' id='word_1_308' title='bbox 1823 2778 1975 2827; x_wconf 78' lang='lat' dir='ltr'><strong>thx,</strong></span> <span class='ocrx_word' id='word_1_309' title='bbox 2007 2762 2113 2817; x_wconf 89' lang='lat' dir='ltr'><strong>col.</strong></span> <span class='ocrx_word' id='word_1_310' title='bbox 2150 2760 2271 2816; x_wconf 72' lang='grc'><strong>186.</strong></span> 
     </span>
    </p>
   </div>
   <div class='ocr_carea' id='block_1_48' title="bbox 346 2984 1857 3057">
    <p class='ocr_par' dir='ltr' id='par_1_48' title="bbox 346 2984 1857 3057">
     <span class='ocr_line' id='line_1_48' title="bbox 346 2984 1857 3057; baseline 0.002 -17"><span class='ocrx_word' id='word_1_311' title='bbox 346 2985 550 3056; x_wconf 85' lang='lat' dir='ltr'><strong>Duplex</strong></span> <span class='ocrx_word' id='word_1_312' title='bbox 604 2985 751 3057; x_wconf 90' lang='lat' dir='ltr'><strong>apud</strong></span> <span class='ocrx_word' id='word_1_313' title='bbox 800 2993 1012 3042; x_wconf 81' lang='lat' dir='ltr'><strong>veteres</strong></span> <span class='ocrx_word' id='word_1_314' title='bbox 1068 2984 1306 3055; x_wconf 90' lang='lat' dir='ltr'><strong>computi</strong></span> <span class='ocrx_word' id='word_1_315' title='bbox 1369 2984 1662 3056; x_wconf 83' lang='lat' dir='ltr'><strong>magistros</strong></span> <span class='ocrx_word' id='word_1_316' title='bbox 1724 2986 1857 3043; x_wconf 91' lang='lat' dir='ltr'><strong>olim</strong></span> 
     </span>
    </p>
   </div>
   <div class='ocr_carea' id='block_1_49' title="bbox 273 3076 1853 3152">
    <p class='ocr_par' dir='ltr' id='par_1_49' title="bbox 273 3076 1853 3152">
     <span class='ocr_line' id='line_1_49' title="bbox 273 3076 1853 3152; baseline -0.004 -14"><span class='ocrx_word' id='word_1_317' title='bbox 273 3080 460 3152; x_wconf 88' lang='lat' dir='ltr'><strong>cyclus</strong></span> <span class='ocrx_word' id='word_1_318' title='bbox 487 3078 716 3143; x_wconf 83' lang='lat' dir='ltr'><strong>exstitit,</strong></span> <span class='ocrx_word' id='word_1_319' title='bbox 744 3093 868 3133; x_wconf 91' lang='lat' dir='ltr'><strong>cum</strong></span> <span class='ocrx_word' id='word_1_320' title='bbox 898 3078 1049 3132; x_wconf 90' lang='lat' dir='ltr'><strong>aurei</strong></span> <span class='ocrx_word' id='word_1_321' title='bbox 1085 3078 1297 3132; x_wconf 89' lang='lat' dir='ltr'><strong>numeri</strong></span> <span class='ocrx_word' id='word_1_322' title='bbox 1331 3076 1486 3132; x_wconf 84' lang='lat' dir='ltr'><strong>fastis</strong></span> <span class='ocrx_word' id='word_1_323' title='bbox 1513 3077 1853 3132; x_wconf 88' lang='lat' dir='ltr'><strong>ascriberen-</strong></span> 
     </span>
    </p>
   </div>
   <div class='ocr_carea' id='block_1_50' title="bbox 273 3167 1847 3235">
    <p class='ocr_par' dir='ltr' id='par_1_50' title="bbox 273 3167 1847 3235">
     <span class='ocr_line' id='line_1_50' title="bbox 273 3167 1847 3235; baseline -0.004 -8"><span class='ocrx_word' id='word_1_324' title='bbox 273 3179 365 3227; x_wconf 85' lang='lat' dir='ltr'><strong>tur</strong></span> <span class='ocrx_word' id='word_1_325' title='bbox 400 3188 413 3225; x_wconf 74' lang='grc' dir='ltr'><strong><em>τ</em></strong></span> <span class='ocrx_word' id='word_1_326' title='bbox 451 3170 587 3225; x_wconf 87' lang='lat' dir='ltr'><strong>alter</strong></span> <span class='ocrx_word' id='word_1_327' title='bbox 615 3168 1150 3235; x_wconf 88' lang='lat' dir='ltr'><strong>decemnovennalis,</strong></span> <span class='ocrx_word' id='word_1_328' title='bbox 1188 3169 1327 3227; x_wconf 86' lang='lat' dir='ltr'><strong>alter</strong></span> <span class='ocrx_word' id='word_1_329' title='bbox 1368 3168 1595 3223; x_wconf 85' lang='lat' dir='ltr'><strong>lunaris.</strong></span> <span class='ocrx_word' id='word_1_330' title='bbox 1627 3167 1847 3223; x_wconf 82' lang='lat' dir='ltr'><strong>Decern-</strong></span> 
     </span>
    </p>
   </div>
   <div class='ocr_carea' id='block_1_51' title="bbox 272 3256 1846 3326">
    <p class='ocr_par' dir='ltr' id='par_1_51' title="bbox 272 3256 1846 3326">
     <span class='ocr_line' id='line_1_51' title="bbox 272 3256 1846 3326; baseline 0 -15"><span class='ocrx_word' id='word_1_331' title='bbox 272 3257 615 3319; x_wconf 77' lang='lat' dir='ltr'><strong>novennalis,</strong></span> <span class='ocrx_word' id='word_1_332' title='bbox 640 3264 699 3311; x_wconf 91' lang='lat' dir='ltr'><strong>ut</strong></span> <span class='ocrx_word' id='word_1_333' title='bbox 730 3256 872 3311; x_wconf 89' lang='lat' dir='ltr'><strong>Beda</strong></span> <span class='ocrx_word' id='word_1_334' title='bbox 906 3257 1106 3326; x_wconf 64' lang='lat' dir='ltr'><strong>saepius</strong></span> <span class='ocrx_word' id='word_1_335' title='bbox 1138 3257 1393 3323; x_wconf 72' lang='lat' dir='ltr'><strong>inculcnt,</strong></span> <span class='ocrx_word' id='word_1_336' title='bbox 1430 3257 1497 3313; x_wconf 88' lang='lat' dir='ltr'><strong>ad</strong></span> <span class='ocrx_word' id='word_1_337' title='bbox 1530 3257 1846 3312; x_wconf 89' lang='lat' dir='ltr'><strong>metbodum</strong></span> 
     </span>
    </p>
   </div>
   <div class='ocr_carea' id='block_1_52' title="bbox 268 3347 1848 3416">
    <p class='ocr_par' dir='ltr' id='par_1_52' title="bbox 268 3347 1848 3416">
     <span class='ocr_line' id='line_1_52' title="bbox 268 3347 1848 3416; baseline 0.002 -16"><span class='ocrx_word' id='word_1_338' title='bbox 268 3347 805 3416; x_wconf 86' lang='lat' dir='ltr'><strong>quartadecimarum</strong></span> <span class='ocrx_word' id='word_1_339' title='bbox 828 3347 1169 3411; x_wconf 83' lang='lat' dir='ltr'><strong>Paschalium</strong></span> <span class='ocrx_word' id='word_1_340' title='bbox 1198 3348 1454 3406; x_wconf 80' lang='lat' dir='ltr'><strong>inventus</strong></span> <span class='ocrx_word' id='word_1_341' title='bbox 1477 3357 1580 3414; x_wconf 89' lang='lat' dir='ltr'><strong>est,</strong></span> <span class='ocrx_word' id='word_1_342' title='bbox 1614 3358 1675 3404; x_wconf 89' lang='lat' dir='ltr'><strong>ut</strong></span> <span class='ocrx_word' id='word_1_343' title='bbox 1704 3358 1848 3403; x_wconf 87' lang='lat' dir='ltr'><strong>stato</strong></span> 
     </span>
    </p>
   </div>
   <div class='ocr_carea' id='block_1_53' title="bbox 268 3438 1846 3512">
    <p class='ocr_par' dir='ltr' id='par_1_53' title="bbox 268 3438 1846 3512">
     <span class='ocr_line' id='line_1_53' title="bbox 268 3438 1846 3512; baseline 0.004 -22"><span class='ocrx_word' id='word_1_344' title='bbox 268 3438 356 3492; x_wconf 89' lang='lat' dir='ltr'><strong>die</strong></span> <span class='ocrx_word' id='word_1_345' title='bbox 378 3438 620 3506; x_wconf 84' lang='lat' dir='ltr'><strong>quolibet</strong></span> <span class='ocrx_word' id='word_1_346' title='bbox 642 3454 789 3501; x_wconf 85' lang='lat' dir='ltr'><strong>anno</strong></span> <span class='ocrx_word' id='word_1_347' title='bbox 814 3456 910 3509; x_wconf 85' lang='lat' dir='ltr'><strong>per</strong></span> <span class='ocrx_word' id='word_1_348' title='bbox 936 3440 1122 3497; x_wconf 89' lang='lat' dir='ltr'><strong>orbem</strong></span> <span class='ocrx_word' id='word_1_349' title='bbox 1147 3440 1405 3496; x_wconf 86' lang='lat' dir='ltr'><strong>redirent.</strong></span> <span class='ocrx_word' id='word_1_350' title='bbox 1439 3439 1611 3512; x_wconf 87' lang='lat' dir='ltr'><strong>Ilujus</strong></span> <span class='ocrx_word' id='word_1_351' title='bbox 1634 3442 1846 3496; x_wconf 90' lang='lat' dir='ltr'><strong>initium</strong></span> 
     </span>
    </p>
   </div>
   <div class='ocr_carea' id='block_1_54' title="bbox 269 3527 1851 3595">
    <p class='ocr_par' dir='ltr' id='par_1_54' title="bbox 269 3527 1851 3595">
     <span class='ocr_line' id='line_1_54' title="bbox 269 3527 1851 3595; baseline 0.005 -16"><span class='ocrx_word' id='word_1_352' title='bbox 269 3534 372 3592; x_wconf 86' lang='lat' dir='ltr'><strong>est,</strong></span> <span class='ocrx_word' id='word_1_353' title='bbox 404 3537 631 3587; x_wconf 82' lang='lat' dir='ltr'><strong>auctore</strong></span> <span class='ocrx_word' id='word_1_354' title='bbox 689 3527 852 3595; x_wconf 88' lang='lat' dir='ltr'><strong>Beda,</strong></span> <span class='ocrx_word' id='word_1_355' title='bbox 909 3544 939 3582; x_wconf 89' lang='lat' dir='ltr'><strong>a</strong></span> <span class='ocrx_word' id='word_1_356' title='bbox 987 3527 1236 3584; x_wconf 86' lang='lat' dir='ltr'><strong>Paschali</strong></span> <span class='ocrx_word' id='word_1_357' title='bbox 1281 3544 1488 3595; x_wconf 86' lang='lat' dir='ltr'><strong>mense,</strong></span> <span class='ocrx_word' id='word_1_358' title='bbox 1536 3530 1640 3587; x_wconf 90' lang='lat' dir='ltr'><strong>hoc</strong></span> <span class='ocrx_word' id='word_1_359' title='bbox 1691 3539 1775 3585; x_wconf 91' lang='lat' dir='ltr'><strong>est</strong></span> <span class='ocrx_word' id='word_1_360' title='bbox 1818 3545 1851 3587; x_wconf 86' lang='lat' dir='ltr'><strong>a</strong></span> 
     </span>
    </p>
   </div>
   <div class='ocr_carea' id='block_1_55' title="bbox 270 3618 1849 3691">
    <p class='ocr_par' dir='ltr' id='par_1_55' title="bbox 270 3618 1849 3691">
     <span class='ocr_line' id='line_1_55' title="bbox 270 3618 1849 3691; baseline 0.002 -19"><span class='ocrx_word' id='word_1_361' title='bbox 270 3618 459 3673; x_wconf 92' lang='lat' dir='ltr'><strong>citimo</strong></span> <span class='ocrx_word' id='word_1_362' title='bbox 514 3620 774 3686; x_wconf 88' lang='lat' dir='ltr'><strong>termino,</strong></span> <span class='ocrx_word' id='word_1_363' title='bbox 839 3620 933 3691; x_wconf 88' lang='lat' dir='ltr'><strong>qui</strong></span> <span class='ocrx_word' id='word_1_364' title='bbox 974 3628 1058 3675; x_wconf 83' lang='lat' dir='ltr'><strong>est</strong></span> <span class='ocrx_word' id='word_1_365' title='bbox 1098 3634 1176 3674; x_wconf 77' lang='grc' dir='ltr'><strong>ιιι</strong></span> <span class='ocrx_word' id='word_1_366' title='bbox 1222 3619 1443 3675; x_wconf 80' lang='lat' dir='ltr'><strong>Kalend.</strong></span> <span class='ocrx_word' id='word_1_367' title='bbox 1496 3619 1849 3691; x_wconf 82' lang='lat' dir='ltr'><strong>Apr.,Martii</strong></span> 
     </span>
    </p>
   </div>
   <div class='ocr_carea' id='block_1_56' title="bbox 269 3709 1853 3782">
    <p class='ocr_par' dir='ltr' id='par_1_56' title="bbox 269 3709 1853 3782">
     <span class='ocr_line' id='line_1_56' title="bbox 269 3709 1853 3782; baseline 0.003 -19"><span class='ocrx_word' id='word_1_368' title='bbox 269 3709 580 3781; x_wconf 78' lang='lat' dir='ltr'><strong>xxt.Cujus</strong></span> <span class='ocrx_word' id='word_1_369' title='bbox 631 3712 844 3782; x_wconf 89' lang='lat' dir='ltr'><strong>primus</strong></span> <span class='ocrx_word' id='word_1_370' title='bbox 882 3728 1059 3767; x_wconf 90' lang='lat' dir='ltr'><strong>annus</strong></span> <span class='ocrx_word' id='word_1_371' title='bbox 1087 3726 1314 3768; x_wconf 88' lang='lat' dir='ltr'><strong>aureum</strong></span> <span class='ocrx_word' id='word_1_372' title='bbox 1358 3728 1647 3768; x_wconf 89' lang='lat' dir='ltr'><strong>numerum</strong></span> <span class='ocrx_word' id='word_1_373' title='bbox 1688 3714 1853 3769; x_wconf 88' lang='lat' dir='ltr'><strong>habet</strong></span> 
     </span>
    </p>
   </div>
   <div class='ocr_carea' id='block_1_57' title="bbox 271 3801 1853 3876">
    <p class='ocr_par' dir='ltr' id='par_1_57' title="bbox 271 3801 1853 3876">
     <span class='ocr_line' id='line_1_57' title="bbox 271 3801 1853 3876; baseline 0.004 -21"><span class='ocrx_word' id='word_1_374' title='bbox 271 3817 385 3868; x_wconf 85' lang='grc' dir='ltr'>ιιι,</span> <span class='ocrx_word' id='word_1_375' title='bbox 421 3801 629 3872; x_wconf 89' lang='lat' dir='ltr'><strong>initque</strong></span> <span class='ocrx_word' id='word_1_376' title='bbox 680 3818 743 3857; x_wconf 83' lang='lat' dir='ltr'><strong>ex</strong></span> <span class='ocrx_word' id='word_1_377' title='bbox 780 3804 848 3858; x_wconf 95' lang='lat' dir='ltr'><strong>A.</strong></span> <span class='ocrx_word' id='word_1_378' title='bbox 879 3803 943 3859; x_wconf 91' lang='lat' dir='ltr'><strong>D.</strong></span> <span class='ocrx_word' id='word_1_379' title='bbox 983 3803 1125 3876; x_wconf 80' lang='lat' dir='ltr'><strong>prid.</strong></span> <span class='ocrx_word' id='word_1_380' title='bbox 1157 3801 1299 3863; x_wconf 86' lang='lat' dir='ltr'><strong>Non.</strong></span> <span class='ocrx_word' id='word_1_381' title='bbox 1332 3803 1465 3874; x_wconf 91' lang='lat' dir='ltr'><strong>Apr.</strong></span> <span class='ocrx_word' id='word_1_382' title='bbox 1508 3804 1624 3859; x_wconf 77' lang='lat' dir='ltr'><strong>sive</strong></span> <span class='ocrx_word' id='word_1_383' title='bbox 1651 3804 1853 3875; x_wconf 83' lang='lat' dir='ltr'><strong>Aprilis</strong></span> 
     </span>
    </p>
   </div>
   <div class='ocr_carea' id='block_1_58' title="bbox 274 3894 1854 3965">
    <p class='ocr_par' dir='ltr' id='par_1_58' title="bbox 274 3894 1854 3965">
     <span class='ocr_line' id='line_1_58' title="bbox 274 3894 1854 3965; baseline 0.002 -17"><span class='ocrx_word' id='word_1_384' title='bbox 274 3909 368 3951; x_wconf 74' lang='lat' dir='ltr'><strong>tv:</strong></span> <span class='ocrx_word' id='word_1_385' title='bbox 404 3894 491 3947; x_wconf 91' lang='lat' dir='ltr'><strong>cui</strong></span> <span class='ocrx_word' id='word_1_386' title='bbox 543 3895 595 3947; x_wconf 90' lang='lat' dir='ltr'><strong>in</strong></span> <span class='ocrx_word' id='word_1_387' title='bbox 637 3904 818 3950; x_wconf 91' lang='lat' dir='ltr'><strong>vetere</strong></span> <span class='ocrx_word' id='word_1_388' title='bbox 849 3894 1178 3951; x_wconf 87' lang='lat' dir='ltr'><strong>Kalendario</strong></span> <span class='ocrx_word' id='word_1_389' title='bbox 1229 3895 1501 3965; x_wconf 84' lang='lat' dir='ltr'><strong>ascriptus</strong></span> <span class='ocrx_word' id='word_1_390' title='bbox 1530 3903 1615 3956; x_wconf 81' lang='lat' dir='ltr'><strong>est</strong></span> <span class='ocrx_word' id='word_1_391' title='bbox 1655 3910 1854 3951; x_wconf 86' lang='lat' dir='ltr'><strong>aureus</strong></span> 
     </span>
    </p>
   </div>
   <div class='ocr_carea' id='block_1_59' title="bbox 273 3987 1853 4063">
    <p class='ocr_par' dir='ltr' id='par_1_59' title="bbox 273 3987 1853 4063">
     <span class='ocr_line' id='line_1_59' title="bbox 273 3987 1853 4063; baseline 0.003 -25"><span class='ocrx_word' id='word_1_392' title='bbox 273 3999 537 4040; x_wconf 89' lang='lat' dir='ltr'><strong>numerus</strong></span> <span class='ocrx_word' id='word_1_393' title='bbox 593 4002 706 4040; x_wconf 87' lang='grc' dir='ltr'>ιιι.</span> <span class='ocrx_word' id='word_1_394' title='bbox 761 3987 973 4063; x_wconf 83' lang='lat' dir='ltr'><strong>Quippe</strong></span> <span class='ocrx_word' id='word_1_395' title='bbox 1036 3987 1252 4062; x_wconf 84' lang='lat' dir='ltr'><strong>cyclum</strong></span> <span class='ocrx_word' id='word_1_396' title='bbox 1304 3987 1853 4044; x_wconf 90' lang='lat' dir='ltr'><strong>decemnovennalem</strong></span> 
     </span>
    </p>
   </div>
   <div class='ocr_carea' id='block_1_60' title="bbox 275 4077 1853 4145">
    <p class='ocr_par' dir='ltr' id='par_1_60' title="bbox 275 4077 1853 4145">
     <span class='ocr_line' id='line_1_60' title="bbox 275 4077 1853 4145; baseline 0.001 -14"><span class='ocrx_word' id='word_1_397' title='bbox 275 4093 383 4143; x_wconf 87' lang='lat' dir='ltr'><strong>non</strong></span> <span class='ocrx_word' id='word_1_398' title='bbox 424 4079 492 4136; x_wconf 84' lang='lat' dir='ltr'><strong>ab</strong></span> <span class='ocrx_word' id='word_1_399' title='bbox 538 4094 704 4133; x_wconf 89' lang='lat' dir='ltr'><strong>aureo</strong></span> <span class='ocrx_word' id='word_1_400' title='bbox 766 4094 1002 4133; x_wconf 90' lang='lat' dir='ltr'><strong>numero</strong></span> <span class='ocrx_word' id='word_1_401' title='bbox 1035 4095 1049 4133; x_wconf 86' lang='grc' dir='ltr'><strong>ι</strong></span> <span class='ocrx_word' id='word_1_402' title='bbox 1079 4095 1142 4134; x_wconf 88' lang='lat' dir='ltr'><strong>ac</strong></span> <span class='ocrx_word' id='word_1_403' title='bbox 1179 4094 1315 4143; x_wconf 85' lang='lat' dir='ltr'><strong>xxnl</strong></span> <span class='ocrx_word' id='word_1_404' title='bbox 1353 4077 1556 4145; x_wconf 78' lang='lat' dir='ltr'><strong>Martii,</strong></span> <span class='ocrx_word' id='word_1_405' title='bbox 1579 4080 1670 4133; x_wconf 89' lang='lat' dir='ltr'><strong>sed</strong></span> <span class='ocrx_word' id='word_1_406' title='bbox 1705 4094 1735 4133; x_wconf 88' lang='lat' dir='ltr'><strong>a</strong></span> <span class='ocrx_word' id='word_1_407' title='bbox 1762 4094 1853 4133; x_wconf 86' lang='lat' dir='ltr'><strong>xtx</strong></span> 
     </span>
    </p>
   </div>
   <div class='ocr_carea' id='block_1_61' title="bbox 274 4167 1858 4248">
    <p class='ocr_par' dir='ltr' id='par_1_61' title="bbox 274 4167 1858 4248">
     <span class='ocr_line' id='line_1_61' title="bbox 274 4167 1858 4248; baseline -0.001 -23"><span class='ocrx_word' id='word_1_408' title='bbox 274 4171 593 4226; x_wconf 90' lang='lat' dir='ltr'><strong>inchoatum</strong></span> <span class='ocrx_word' id='word_1_409' title='bbox 649 4167 839 4234; x_wconf 77' lang='lat' dir='ltr'><strong>fuisse,</strong></span> <span class='ocrx_word' id='word_1_410' title='bbox 890 4179 945 4223; x_wconf 89' lang='lat' dir='ltr'><strong>et</strong></span> <span class='ocrx_word' id='word_1_411' title='bbox 977 4170 1046 4226; x_wconf 84' lang='lat' dir='ltr'><strong>ab</strong></span> <span class='ocrx_word' id='word_1_412' title='bbox 1078 4170 1279 4239; x_wconf 87' lang='lat' dir='ltr'><strong>Aprilis</strong></span> <span class='ocrx_word' id='word_1_413' title='bbox 1326 4185 1379 4223; x_wconf 87' lang='lat' dir='ltr'><strong>tv</strong></span> <span class='ocrx_word' id='word_1_414' title='bbox 1418 4169 1630 4227; x_wconf 89' lang='lat' dir='ltr'><strong>erudite</strong></span> <span class='ocrx_word' id='word_1_415' title='bbox 1663 4170 1858 4248; x_wconf 85' lang='lat' dir='ltr'><strong>probat</strong></span> 
     </span>
    </p>
   </div>
   <div class='ocr_carea' id='block_1_62' title="bbox 274 4259 1854 4318">
    <p class='ocr_par' dir='ltr' id='par_1_62' title="bbox 274 4259 1854 4318">
     <span class='ocr_line' id='line_1_62' title="bbox 274 4259 1854 4318; baseline 0.001 -4"><span class='ocrx_word' id='word_1_416' title='bbox 274 4261 469 4318; x_wconf 85' lang='lat' dir='ltr'><strong>Petrus</strong></span> <span class='ocrx_word' id='word_1_417' title='bbox 514 4261 726 4316; x_wconf 87' lang='lat' dir='ltr'><strong>Pitatus</strong></span> <span class='ocrx_word' id='word_1_418' title='bbox 802 4259 1133 4317; x_wconf 87' lang='lat' dir='ltr'><strong>Veronensis</strong></span> <span class='ocrx_word' id='word_1_419' title='bbox 1185 4276 1459 4317; x_wconf 87' lang='lat' dir='ltr'><strong>canonum</strong></span> <span class='ocrx_word' id='word_1_420' title='bbox 1509 4261 1854 4315; x_wconf 89' lang='lat' dir='ltr'><strong>Paschalium</strong></span> 
     </span>
    </p>
   </div>
   <div class='ocr_carea' id='block_1_63' title="bbox 274 4350 1854 4422">
    <p class='ocr_par' dir='ltr' id='par_1_63' title="bbox 274 4350 1854 4422">
     <span class='ocr_line' id='line_1_63' title="bbox 274 4350 1854 4422; baseline 0.001 -15"><span class='ocrx_word' id='word_1_421' title='bbox 274 4369 391 4422; x_wconf 82' lang='lat' dir='ltr'><strong>cap.</strong></span> <span class='ocrx_word' id='word_1_422' title='bbox 425 4354 493 4419; x_wconf 89' lang='lat'><strong>6;</strong></span> <span class='ocrx_word' id='word_1_423' title='bbox 529 4361 582 4408; x_wconf 90' lang='lat' dir='ltr'><strong>et</strong></span> <span class='ocrx_word' id='word_1_424' title='bbox 611 4363 738 4406; x_wconf 90' lang='lat' dir='ltr'><strong>ante</strong></span> <span class='ocrx_word' id='word_1_425' title='bbox 766 4352 1113 4406; x_wconf 90' lang='lat' dir='ltr'><strong>illumdocuit</strong></span> <span class='ocrx_word' id='word_1_426' title='bbox 1132 4350 1337 4416; x_wconf 83' lang='lat' dir='ltr'><strong>Paulus</strong></span> <span class='ocrx_word' id='word_1_427' title='bbox 1360 4351 1854 4422; x_wconf 89' lang='lat' dir='ltr'><strong>Forosempronius</strong></span> 
     </span>
    </p>
   </div>
   <div class='ocr_carea' id='block_1_64' title="bbox 1968 2976 3550 3050">
    <p class='ocr_par' dir='ltr' id='par_1_64' title="bbox 1968 2976 3550 3050">
     <span class='ocr_line' id='line_1_64' title="bbox 1968 2976 3550 3050; baseline -0.002 -14"><span class='ocrx_word' id='word_1_428' title='bbox 1968 2980 2185 3041; x_wconf 89' lang='lat' dir='ltr'><strong>initium</strong></span> <span class='ocrx_word' id='word_1_429' title='bbox 2221 2980 2480 3035; x_wconf 89' lang='lat' dir='ltr'><strong>statuitnr</strong></span> <span class='ocrx_word' id='word_1_430' title='bbox 2524 2976 2696 3035; x_wconf 78' lang='lat' dir='ltr'><strong>Nonis</strong></span> <span class='ocrx_word' id='word_1_431' title='bbox 2718 2978 3032 3036; x_wconf 88' lang='lat' dir='ltr'><strong>Decembris</strong></span> <span class='ocrx_word' id='word_1_432' title='bbox 3064 2978 3298 3050; x_wconf 81' lang='lat' dir='ltr'><strong>(corrige</strong></span> <span class='ocrx_word' id='word_1_433' title='bbox 3318 2994 3435 3043; x_wconf 83' lang='lat' dir='ltr'><strong>vnt,</strong></span> <span class='ocrx_word' id='word_1_434' title='bbox 3468 2977 3550 3034; x_wconf 88' lang='lat' dir='ltr'><strong>Id.</strong></span> 
     </span>
    </p>
   </div>
   <div class='ocr_carea' id='block_1_65' title="bbox 1963 3069 3553 3141">
    <p class='ocr_par' dir='ltr' id='par_1_65' title="bbox 1963 3069 3553 3141">
     <span class='ocr_line' id='line_1_65' title="bbox 1963 3069 3553 3141; baseline 0.001 -17"><span class='ocrx_word' id='word_1_435' title='bbox 1963 3071 2217 3129; x_wconf 87' lang='lat' dir='ltr'><strong>Decernb.</strong></span> <span class='ocrx_word' id='word_1_436' title='bbox 2246 3069 2380 3125; x_wconf 83' lang='lat' dir='ltr'><strong>Nam</strong></span> <span class='ocrx_word' id='word_1_437' title='bbox 2416 3086 2482 3126; x_wconf 81' lang='lat' dir='ltr'><strong>ex</strong></span> <span class='ocrx_word' id='word_1_438' title='bbox 2516 3071 2849 3141; x_wconf 90' lang='lat' dir='ltr'><strong>compendio</strong></span> <span class='ocrx_word' id='word_1_439' title='bbox 2872 3082 3127 3126; x_wconf 86' lang='lat' dir='ltr'><strong>notarum</strong></span> <span class='ocrx_word' id='word_1_440' title='bbox 3148 3070 3436 3141; x_wconf 83' lang='lat' dir='ltr'><strong>.prol&#39;ectus</strong></span> <span class='ocrx_word' id='word_1_441' title='bbox 3466 3080 3553 3126; x_wconf 89' lang='lat' dir='ltr'><strong>est</strong></span> 
     </span>
    </p>
   </div>
   <div class='ocr_carea' id='block_1_66' title="bbox 1955 3160 3550 3233">
    <p class='ocr_par' dir='ltr' id='par_1_66' title="bbox 1955 3160 3550 3233">
     <span class='ocr_line' id='line_1_66' title="bbox 1955 3160 3550 3233; baseline -0.001 -14"><span class='ocrx_word' id='word_1_442' title='bbox 1955 3180 2131 3229; x_wconf 87' lang='lat' dir='ltr'><strong>error,</strong></span> <span class='ocrx_word' id='word_1_443' title='bbox 2197 3179 2322 3218; x_wconf 89' lang='lat' dir='ltr'><strong>cum</strong></span> <span class='ocrx_word' id='word_1_444' title='bbox 2392 3163 2656 3233; x_wconf 89' lang='lat' dir='ltr'><strong>scriptum</strong></span> <span class='ocrx_word' id='word_1_445' title='bbox 2709 3171 2855 3218; x_wconf 88' lang='lat' dir='ltr'><strong>esset</strong></span> <span class='ocrx_word' id='word_1_446' title='bbox 2906 3178 3006 3218; x_wconf 88' lang='lat' dir='ltr'><strong>vm</strong></span> <span class='ocrx_word' id='word_1_447' title='bbox 3048 3163 3150 3228; x_wconf 92' lang='lat' dir='ltr'><strong>ld.,</strong></span> <span class='ocrx_word' id='word_1_448' title='bbox 3178 3161 3322 3231; x_wconf 90' lang='lat' dir='ltr'><strong>quod</strong></span> <span class='ocrx_word' id='word_1_449' title='bbox 3364 3160 3550 3217; x_wconf 84' lang='lat' dir='ltr'><strong>Nonas</strong></span> 
     </span>
    </p>
   </div>
   <div class='ocr_carea' id='block_1_67' title="bbox 1951 3252 3547 3325">
    <p class='ocr_par' dir='ltr' id='par_1_67' title="bbox 1951 3252 3547 3325">
     <span class='ocr_line' id='line_1_67' title="bbox 1951 3252 3547 3325; baseline 0.001 -19"><span class='ocrx_word' id='word_1_450' title='bbox 1951 3252 2080 3310; x_wconf 88' lang='lat' dir='ltr'><strong>Dec.</strong></span> <span class='ocrx_word' id='word_1_451' title='bbox 2133 3254 2390 3308; x_wconf 88' lang='lat' dir='ltr'><strong>librarius</strong></span> <span class='ocrx_word' id='word_1_452' title='bbox 2428 3268 2551 3307; x_wconf 86' lang='lat' dir='ltr'><strong>esse</strong></span> <span class='ocrx_word' id='word_1_453' title='bbox 2594 3252 2868 3325; x_wconf 89' lang='lat' dir='ltr'><strong>credidit).</strong></span> <span class='ocrx_word' id='word_1_454' title='bbox 2902 3252 3088 3323; x_wconf 87' lang='lat' dir='ltr'><strong>Atqui</strong></span> <span class='ocrx_word' id='word_1_455' title='bbox 3138 3267 3314 3307; x_wconf 91' lang='lat' dir='ltr'><strong>annus</strong></span> <span class='ocrx_word' id='word_1_456' title='bbox 3343 3252 3412 3306; x_wconf 90' lang='lat' dir='ltr'><strong>ab</strong></span> <span class='ocrx_word' id='word_1_457' title='bbox 3450 3269 3547 3307; x_wconf 87' lang='lat' dir='ltr'><strong>vm</strong></span> 
     </span>
    </p>
   </div>
   <div class='ocr_carea' id='block_1_68' title="bbox 1950 3344 3545 3419">
    <p class='ocr_par' dir='ltr' id='par_1_68' title="bbox 1950 3344 3545 3419">
     <span class='ocr_line' id='line_1_68' title="bbox 1950 3344 3545 3419; baseline -0.002 -18"><span class='ocrx_word' id='word_1_458' title='bbox 1950 3346 2030 3401; x_wconf 90' lang='lat' dir='ltr'><strong>Id.</strong></span> <span class='ocrx_word' id='word_1_459' title='bbox 2082 3344 2209 3403; x_wconf 89' lang='lat' dir='ltr'><strong>Dec.</strong></span> <span class='ocrx_word' id='word_1_460' title='bbox 2255 3344 2586 3419; x_wconf 80' lang='lat' dir='ltr'><strong>auspicatur,</strong></span> <span class='ocrx_word' id='word_1_461' title='bbox 2642 3359 2927 3404; x_wconf 84' lang='lat' dir='ltr'><strong>numerum</strong></span> <span class='ocrx_word' id='word_1_462' title='bbox 2971 3359 3199 3398; x_wconf 90' lang='lat' dir='ltr'><strong>aureum</strong></span> <span class='ocrx_word' id='word_1_463' title='bbox 3228 3344 3395 3414; x_wconf 80' lang='lat' dir='ltr'><strong>exigit</strong></span> <span class='ocrx_word' id='word_1_464' title='bbox 3432 3359 3545 3398; x_wconf 85' lang='grc' dir='ltr'>ιιι.</span> 
     </span>
    </p>
   </div>
   <div class='ocr_carea' id='block_1_69' title="bbox 1954 3435 3548 3509">
    <p class='ocr_par' dir='ltr' id='par_1_69' title="bbox 1954 3435 3548 3509">
     <span class='ocr_line' id='line_1_69' title="bbox 1954 3435 3548 3509; baseline -0.001 -18"><span class='ocrx_word' id='word_1_465' title='bbox 1954 3438 2098 3493; x_wconf 81' lang='lat' dir='ltr'><strong>Satis</strong></span> <span class='ocrx_word' id='word_1_466' title='bbox 2133 3439 2297 3509; x_wconf 81' lang='lat' dir='ltr'><strong>igitur</strong></span> <span class='ocrx_word' id='word_1_467' title='bbox 2343 3447 2561 3492; x_wconf 87' lang='lat' dir='ltr'><strong>constat</strong></span> <span class='ocrx_word' id='word_1_468' title='bbox 2604 3436 2817 3507; x_wconf 85' lang='lat' dir='ltr'><strong>cyclum</strong></span> <span class='ocrx_word' id='word_1_469' title='bbox 2872 3436 3431 3491; x_wconf 85' lang='lat' dir='ltr'><strong>decernnovennalem</strong></span> <span class='ocrx_word' id='word_1_470' title='bbox 3477 3435 3548 3490; x_wconf 91' lang='lat' dir='ltr'><strong>ab</strong></span> 
     </span>
    </p>
   </div>
   <div class='ocr_carea' id='block_1_70' title="bbox 1952 3527 3542 3597">
    <p class='ocr_par' dir='ltr' id='par_1_70' title="bbox 1952 3527 3542 3597">
     <span class='ocr_line' id='line_1_70' title="bbox 1952 3527 3542 3597; baseline -0.001 -14"><span class='ocrx_word' id='word_1_471' title='bbox 1952 3545 2119 3585; x_wconf 89' lang='lat' dir='ltr'><strong>aureo</strong></span> <span class='ocrx_word' id='word_1_472' title='bbox 2146 3543 2378 3583; x_wconf 89' lang='lat' dir='ltr'><strong>numero</strong></span> <span class='ocrx_word' id='word_1_473' title='bbox 2404 3544 2497 3583; x_wconf 89' lang='grc' dir='ltr'><strong>ιιι</strong></span> <span class='ocrx_word' id='word_1_474' title='bbox 2520 3528 2733 3581; x_wconf 90' lang='lat' dir='ltr'><strong>initium</strong></span> <span class='ocrx_word' id='word_1_475' title='bbox 2765 3542 2980 3597; x_wconf 81' lang='lat' dir='ltr'><strong>capere.</strong></span> <span class='ocrx_word' id='word_1_476' title='bbox 3019 3527 3193 3597; x_wconf 86' lang='lat' dir='ltr'><strong>Cujus</strong></span> <span class='ocrx_word' id='word_1_477' title='bbox 3221 3528 3335 3582; x_wconf 61' lang='lat' dir='ltr'><strong>haec</strong></span> <span class='ocrx_word' id='word_1_478' title='bbox 3365 3527 3542 3582; x_wconf 82' lang='lat' dir='ltr'><strong>aﬂ&#39;erri</strong></span> 
     </span>
    </p>
   </div>
   <div class='ocr_carea' id='block_1_71' title="bbox 1952 3618 3547 3691">
    <p class='ocr_par' dir='ltr' id='par_1_71' title="bbox 1952 3618 3547 3691">
     <span class='ocr_line' id='line_1_71' title="bbox 1952 3618 3547 3691; baseline -0.003 -15"><span class='ocrx_word' id='word_1_479' title='bbox 1952 3636 2122 3676; x_wconf 86' lang='lat' dir='ltr'><strong>causa</strong></span> <span class='ocrx_word' id='word_1_480' title='bbox 2197 3628 2374 3691; x_wconf 86' lang='lat' dir='ltr'><strong>potest</strong></span> <span class='ocrx_word' id='word_1_481' title='bbox 2410 3639 2424 3681; x_wconf 70' lang='grc' dir='ltr'>ξ</span> <span class='ocrx_word' id='word_1_482' title='bbox 2464 3618 2694 3673; x_wconf 81' lang='lat' dir='ltr'><strong>Romani</strong></span> <span class='ocrx_word' id='word_1_483' title='bbox 2742 3634 3033 3672; x_wconf 86' lang='lat' dir='ltr'><strong>aureorum</strong></span> <span class='ocrx_word' id='word_1_484' title='bbox 3080 3632 3433 3672; x_wconf 88' lang='lat' dir='ltr'><strong>numerorum</strong></span> <span class='ocrx_word' id='word_1_485' title='bbox 3481 3633 3547 3672; x_wconf 90' lang='lat' dir='ltr'><strong>ac</strong></span> 
     </span>
    </p>
   </div>
   <div class='ocr_carea' id='block_1_72' title="bbox 1953 3706 3546 3782">
    <p class='ocr_par' dir='ltr' id='par_1_72' title="bbox 1953 3706 3546 3782">
     <span class='ocr_line' id='line_1_72' title="bbox 1953 3706 3546 3782; baseline -0.002 -15"><span class='ocrx_word' id='word_1_486' title='bbox 1953 3713 2087 3782; x_wconf 81' lang='lat' dir='ltr'><strong>cycli</strong></span> <span class='ocrx_word' id='word_1_487' title='bbox 2144 3710 2661 3778; x_wconf 81' lang='lat' dir='ltr'><strong>decemnovennalis</strong></span> <span class='ocrx_word' id='word_1_488' title='bbox 2712 3709 3027 3763; x_wconf 89' lang='lat' dir='ltr'><strong>metbodum</strong></span> <span class='ocrx_word' id='word_1_489' title='bbox 3066 3709 3140 3763; x_wconf 89' lang='lat' dir='ltr'><strong>ab</strong></span> <span class='ocrx_word' id='word_1_490' title='bbox 3161 3706 3546 3764; x_wconf 81' lang='lat' dir='ltr'><strong>Alexandrinis</strong></span> 
     </span>
    </p>
   </div>
   <div class='ocr_carea' id='block_1_73' title="bbox 1954 3796 3545 3877">
    <p class='ocr_par' dir='ltr' id='par_1_73' title="bbox 1954 3796 3545 3877">
     <span class='ocr_line' id='line_1_73' title="bbox 1954 3796 3545 3877; baseline -0.003 -20"><span class='ocrx_word' id='word_1_491' title='bbox 1954 3809 2306 3877; x_wconf 83' lang='lat' dir='ltr'><strong>acceperunt.</strong></span> <span class='ocrx_word' id='word_1_492' title='bbox 2356 3800 2459 3873; x_wconf 82' lang='lat' dir='ltr'><strong>Qui</strong></span> <span class='ocrx_word' id='word_1_493' title='bbox 2511 3815 2635 3855; x_wconf 90' lang='lat' dir='ltr'><strong>cum</strong></span> <span class='ocrx_word' id='word_1_494' title='bbox 2669 3797 2850 3853; x_wconf 85' lang='lat' dir='ltr'><strong>Thoth</strong></span> <span class='ocrx_word' id='word_1_495' title='bbox 2904 3814 3088 3863; x_wconf 89' lang='lat' dir='ltr'><strong>suum,</strong></span> <span class='ocrx_word' id='word_1_496' title='bbox 3133 3797 3378 3867; x_wconf 82' lang='lat' dir='ltr'><strong>adeoque</strong></span> <span class='ocrx_word' id='word_1_497' title='bbox 3413 3796 3545 3853; x_wconf 90' lang='lat' dir='ltr'><strong>anni</strong></span> 
     </span>
    </p>
   </div>
   <div class='ocr_carea' id='block_1_74' title="bbox 1955 3890 3543 3963">
    <p class='ocr_par' dir='ltr' id='par_1_74' title="bbox 1955 3890 3543 3963">
     <span class='ocr_line' id='line_1_74' title="bbox 1955 3890 3543 3963; baseline -0.002 -17"><span class='ocrx_word' id='word_1_498' title='bbox 1955 3893 2283 3963; x_wconf 88' lang='lat' dir='ltr'><strong>principium</strong></span> <span class='ocrx_word' id='word_1_499' title='bbox 2308 3891 2377 3946; x_wconf 92' lang='lat' dir='ltr'><strong>ab</strong></span> <span class='ocrx_word' id='word_1_500' title='bbox 2403 3892 2632 3961; x_wconf 78' lang='lat' dir='ltr'><strong>Augusti</strong></span> <span class='ocrx_word' id='word_1_501' title='bbox 2658 3906 2783 3944; x_wconf 83' lang='grc' dir='ltr'>ιιιι</span> <span class='ocrx_word' id='word_1_502' title='bbox 2807 3890 3087 3952; x_wconf 82' lang='lat' dir='ltr'><strong>ducerent,</strong></span> <span class='ocrx_word' id='word_1_503' title='bbox 3116 3904 3313 3944; x_wconf 89' lang='lat' dir='ltr'><strong>aureos</strong></span> <span class='ocrx_word' id='word_1_504' title='bbox 3347 3904 3543 3943; x_wconf 83' lang='lat' dir='ltr'><strong>nume-</strong></span> 
     </span>
    </p>
   </div>
   <div class='ocr_carea' id='block_1_75' title="bbox 1956 3975 3546 4047">
    <p class='ocr_par' dir='ltr' id='par_1_75' title="bbox 1956 3975 3546 4047">
     <span class='ocr_line' id='line_1_75' title="bbox 1956 3975 3546 4047; baseline -0.006 -8"><span class='ocrx_word' id='word_1_505' title='bbox 1956 4001 2046 4040; x_wconf 92' lang='lat' dir='ltr'><strong>ros</strong></span> <span class='ocrx_word' id='word_1_506' title='bbox 2086 3983 2324 4038; x_wconf 91' lang='lat' dir='ltr'><strong>indidem</strong></span> <span class='ocrx_word' id='word_1_507' title='bbox 2368 3981 2722 4036; x_wconf 89' lang='lat' dir='ltr'><strong>inchoabant.</strong></span> <span class='ocrx_word' id='word_1_508' title='bbox 2767 3979 2880 4036; x_wconf 86' lang='lat' dir='ltr'><strong>llos</strong></span> <span class='ocrx_word' id='word_1_509' title='bbox 2916 3980 3111 4034; x_wconf 86' lang='lat' dir='ltr'><strong>imitati</strong></span> <span class='ocrx_word' id='word_1_510' title='bbox 3141 3988 3327 4047; x_wconf 86' lang='lat' dir='ltr'><strong>postea</strong></span> <span class='ocrx_word' id='word_1_511' title='bbox 3343 3975 3546 4044; x_wconf 90' lang='lat' dir='ltr'><strong>Latini,</strong></span> 
     </span>
    </p>
   </div>
   <div class='ocr_carea' id='block_1_76' title="bbox 1956 4068 3541 4142">
    <p class='ocr_par' dir='ltr' id='par_1_76' title="bbox 1956 4068 3541 4142">
     <span class='ocr_line' id='line_1_76' title="bbox 1956 4068 3541 4142; baseline -0.003 -16"><span class='ocrx_word' id='word_1_512' title='bbox 1956 4071 2051 4142; x_wconf 89' lang='lat' dir='ltr'><strong>qui</strong></span> <span class='ocrx_word' id='word_1_513' title='bbox 2101 4088 2137 4135; x_wconf 89' lang='lat' dir='ltr'><strong>a_</strong></span> <span class='ocrx_word' id='word_1_514' title='bbox 2191 4070 2442 4127; x_wconf 83' lang='lat' dir='ltr'><strong>Paschali</strong></span> <span class='ocrx_word' id='word_1_515' title='bbox 2488 4084 2697 4133; x_wconf 89' lang='lat' dir='ltr'><strong>mense,</strong></span> <span class='ocrx_word' id='word_1_516' title='bbox 2738 4068 2844 4125; x_wconf 88' lang='lat' dir='ltr'><strong>hoc</strong></span> <span class='ocrx_word' id='word_1_517' title='bbox 2890 4079 2977 4124; x_wconf 90' lang='lat' dir='ltr'><strong>est</strong></span> <span class='ocrx_word' id='word_1_518' title='bbox 3007 4068 3224 4133; x_wconf 79' lang='lat' dir='ltr'><strong>Martio,</strong></span> <span class='ocrx_word' id='word_1_519' title='bbox 3262 4068 3346 4123; x_wconf 86' lang='lat' dir='ltr'><strong>vel</strong></span> <span class='ocrx_word' id='word_1_520' title='bbox 3368 4068 3541 4139; x_wconf 85' lang='lat' dir='ltr'><strong>Aprili</strong></span> 
     </span>
    </p>
   </div>
   <div class='ocr_carea' id='block_1_77' title="bbox 1957 4161 3542 4230">
    <p class='ocr_par' dir='ltr' id='par_1_77' title="bbox 1957 4161 3542 4230">
     <span class='ocr_line' id='line_1_77' title="bbox 1957 4161 3542 4230; baseline -0.003 -11"><span class='ocrx_word' id='word_1_521' title='bbox 1957 4178 2177 4219; x_wconf 91' lang='lat' dir='ltr'><strong>sacrum</strong></span> <span class='ocrx_word' id='word_1_522' title='bbox 2221 4178 2425 4217; x_wconf 90' lang='lat' dir='ltr'><strong>annum</strong></span> <span class='ocrx_word' id='word_1_523' title='bbox 2468 4161 2806 4226; x_wconf 90' lang='lat' dir='ltr'><strong>ordirentur,</strong></span> <span class='ocrx_word' id='word_1_524' title='bbox 2847 4175 3045 4215; x_wconf 87' lang='lat' dir='ltr'><strong>aureos</strong></span> <span class='ocrx_word' id='word_1_525' title='bbox 3092 4175 3369 4226; x_wconf 83' lang='lat' dir='ltr'><strong>numeros,</strong></span> <span class='ocrx_word' id='word_1_526' title='bbox 3400 4175 3542 4230; x_wconf 89' lang='lat' dir='ltr'><strong>quos</strong></span> 
     </span>
    </p>
   </div>
   <div class='ocr_carea' id='block_1_78' title="bbox 1956 4252 3536 4326">
    <p class='ocr_par' dir='ltr' id='par_1_78' title="bbox 1956 4252 3536 4326">
     <span class='ocr_line' id='line_1_78' title="bbox 1956 4252 3536 4326; baseline -0.003 -16"><span class='ocrx_word' id='word_1_527' title='bbox 1956 4270 2079 4310; x_wconf 90' lang='lat' dir='ltr'><strong>cum</strong></span> <span class='ocrx_word' id='word_1_528' title='bbox 2136 4252 2517 4309; x_wconf 85' lang='lat' dir='ltr'><strong>Alexandrinis</strong></span> <span class='ocrx_word' id='word_1_529' title='bbox 2564 4253 2631 4308; x_wconf 88' lang='lat' dir='ltr'><strong>ad</strong></span> <span class='ocrx_word' id='word_1_530' title='bbox 2690 4267 2864 4323; x_wconf 89' lang='lat' dir='ltr'><strong>usque</strong></span> <span class='ocrx_word' id='word_1_531' title='bbox 2901 4262 3188 4326; x_wconf 85' lang='lat' dir='ltr'><strong>exeuntem</strong></span> <span class='ocrx_word' id='word_1_532' title='bbox 3229 4254 3536 4323; x_wconf 84' lang='lat' dir='ltr'><strong>Augustum</strong></span> 
     </span>
    </p>
   </div>
   <div class='ocr_carea' id='block_1_79' title="bbox 1958 4344 3539 4416">
    <p class='ocr_par' dir='ltr' id='par_1_79' title="bbox 1958 4344 3539 4416">
     <span class='ocr_line' id='line_1_79' title="bbox 1958 4344 3539 4416; baseline 0 -15"><span class='ocrx_word' id='word_1_533' title='bbox 1958 4361 2276 4405; x_wconf 90' lang='lat' dir='ltr'><strong>communes</strong></span> <span class='ocrx_word' id='word_1_534' title='bbox 2305 4345 2630 4410; x_wconf 85' lang='lat' dir='ltr'><strong>habuerant,</strong></span> <span class='ocrx_word' id='word_1_535' title='bbox 2654 4352 2766 4400; x_wconf 89' lang='lat' dir='ltr'><strong>toto</strong></span> <span class='ocrx_word' id='word_1_536' title='bbox 2786 4360 2932 4401; x_wconf 91' lang='lat' dir='ltr'><strong>anno</strong></span> <span class='ocrx_word' id='word_1_537' title='bbox 2960 4346 3333 4415; x_wconf 65' lang='lat' dir='ltr'><strong>perterrebant.</strong></span> <span class='ocrx_word' id='word_1_538' title='bbox 3370 4344 3539 4416; x_wconf 89' lang='lat' dir='ltr'><strong>Igitur</strong></span> 
     </span>
    </p>
   </div>
   <div class='ocr_carea' id='block_1_80' title="bbox 273 4435 3540 4517">
    <p class='ocr_par' dir='ltr' id='par_1_80' title="bbox 273 4435 3540 4517">
     <span class='ocr_line' id='line_1_80' title="bbox 273 4435 3540 4517; baseline -0.002 -21"><span class='ocrx_word' id='word_1_539' title='bbox 273 4446 461 4513; x_wconf 68' lang='lat' dir='ltr'><strong>prima:</strong></span> <span class='ocrx_word' id='word_1_540' title='bbox 491 4445 661 4514; x_wconf 87' lang='lat' dir='ltr'><strong>partis</strong></span> <span class='ocrx_word' id='word_1_541' title='bbox 691 4445 828 4498; x_wconf 89' lang='lat' dir='ltr'><strong>libro</strong></span> <span class='ocrx_word' id='word_1_542' title='bbox 875 4459 949 4498; x_wconf 84' lang='lat' dir='ltr'><strong>vr.</strong></span> <span class='ocrx_word' id='word_1_543' title='bbox 980 4441 1092 4501; x_wconf 82' lang='lat' dir='ltr'><strong>Nec</strong></span> <span class='ocrx_word' id='word_1_544' title='bbox 1141 4442 1298 4496; x_wconf 86' lang='lat' dir='ltr'><strong>aliter</strong></span> <span class='ocrx_word' id='word_1_545' title='bbox 1322 4442 1465 4502; x_wconf 30' lang='lat' dir='ltr'><strong>Beda.</strong></span> <span class='ocrx_word' id='word_1_546' title='bbox 1493 4458 1617 4501; x_wconf 92' lang='lat' dir='ltr'><strong>cum</strong></span> <span class='ocrx_word' id='word_1_547' title='bbox 1647 4443 1769 4499; x_wconf 80' lang='lat' dir='ltr'><strong>aliis</strong></span> <span class='ocrx_word' id='word_1_548' title='bbox 1798 4444 1849 4497; x_wconf 92' lang='lat' dir='ltr'><strong>in</strong></span> <span class='ocrx_word' id='word_1_549' title='bbox 1883 4461 1928 4517; x_wconf 76' lang='grc' dir='ltr'>ο</span> <span class='ocrx_word' id='word_1_550' title='bbox 1958 4452 2104 4491; x_wconf 90' lang='lat' dir='ltr'><strong>anno</strong></span> <span class='ocrx_word' id='word_1_551' title='bbox 2156 4436 2489 4508; x_wconf 83' lang='lat' dir='ltr'><strong>Dionysiano</strong></span> <span class='ocrx_word' id='word_1_552' title='bbox 2541 4435 2669 4502; x_wconf 69' lang='lat'><strong>284,</strong></span> <span class='ocrx_word' id='word_1_553' title='bbox 2705 4435 2857 4507; x_wconf 86' lang='lat' dir='ltr'><strong>cyclo</strong></span> <span class='ocrx_word' id='word_1_554' title='bbox 2907 4435 3385 4492; x_wconf 84' lang='lat' dir='ltr'><strong>deeemnovennali</strong></span> <span class='ocrx_word' id='word_1_555' title='bbox 3424 4453 3540 4502; x_wconf 86' lang='grc' dir='ltr'>ιιι,</span> 
     </span>
    </p>
   </div>
   <div class='ocr_carea' id='block_1_81' title="bbox 275 4535 1853 4607">
    <p class='ocr_par' dir='ltr' id='par_1_81' title="bbox 275 4535 1853 4607">
     <span class='ocr_line' id='line_1_81' title="bbox 275 4535 1853 4607; baseline 0 -17"><span class='ocrx_word' id='word_1_556' title='bbox 275 4537 430 4601; x_wconf 84' lang='lat' dir='ltr'><strong>locis,</strong></span> <span class='ocrx_word' id='word_1_557' title='bbox 483 4546 599 4599; x_wconf 83' lang='lat' dir='ltr'><strong>tum</strong></span> <span class='ocrx_word' id='word_1_558' title='bbox 651 4536 790 4591; x_wconf 89' lang='lat' dir='ltr'><strong>libro</strong></span> <span class='ocrx_word' id='word_1_559' title='bbox 820 4536 897 4590; x_wconf 88' lang='lat' dir='ltr'><strong>De</strong></span> <span class='ocrx_word' id='word_1_560' title='bbox 939 4546 1096 4604; x_wconf 87' lang='lat' dir='ltr'><strong>temp.</strong></span> <span class='ocrx_word' id='word_1_561' title='bbox 1122 4544 1228 4587; x_wconf 91' lang='lat' dir='ltr'><strong>rat.</strong></span> <span class='ocrx_word' id='word_1_562' title='bbox 1259 4550 1378 4604; x_wconf 84' lang='lat' dir='ltr'><strong>cap.</strong></span> <span class='ocrx_word' id='word_1_563' title='bbox 1408 4535 1497 4600; x_wconf 63' lang='grc'><strong>54,</strong></span> <span class='ocrx_word' id='word_1_564' title='bbox 1524 4536 1615 4590; x_wconf 90' lang='lat' dir='ltr'><strong>ubi</strong></span> <span class='ocrx_word' id='word_1_565' title='bbox 1644 4536 1853 4607; x_wconf 82' lang='lat' dir='ltr'><strong>cyclum</strong></span> 
     </span>
    </p>
   </div>
   <div class='ocr_carea' id='block_1_82' title="bbox 274 4627 1853 4698">
    <p class='ocr_par' dir='ltr' id='par_1_82' title="bbox 274 4627 1853 4698">
     <span class='ocr_line' id='line_1_82' title="bbox 274 4627 1853 4698; baseline -0.003 -13"><span class='ocrx_word' id='word_1_566' title='bbox 274 4632 519 4685; x_wconf 89' lang='lat' dir='ltr'><strong>lunarem</strong></span> <span class='ocrx_word' id='word_1_567' title='bbox 568 4645 691 4693; x_wconf 89' lang='lat' dir='ltr'><strong>cum</strong></span> <span class='ocrx_word' id='word_1_568' title='bbox 737 4627 1219 4684; x_wconf 81' lang='lat' dir='ltr'><strong>decetnnovennali</strong></span> <span class='ocrx_word' id='word_1_569' title='bbox 1269 4641 1605 4698; x_wconf 69' lang='lat' dir='ltr'><strong>proponens,</strong></span> <span class='ocrx_word' id='word_1_570' title='bbox 1651 4643 1853 4681; x_wconf 88' lang='lat' dir='ltr'><strong>annum</strong></span> 
     </span>
    </p>
   </div>
   <div class='ocr_carea' id='block_1_83' title="bbox 274 4719 1854 4803">
    <p class='ocr_par' dir='ltr' id='par_1_83' title="bbox 274 4719 1854 4803">
     <span class='ocr_line' id='line_1_83' title="bbox 274 4719 1854 4803; baseline -0.001 -26"><span class='ocrx_word' id='word_1_571' title='bbox 274 4723 420 4778; x_wconf 89' lang='lat' dir='ltr'><strong>illius</strong></span> <span class='ocrx_word' id='word_1_572' title='bbox 472 4722 711 4793; x_wconf 86' lang='lat' dir='ltr'><strong>primum</strong></span> <span class='ocrx_word' id='word_1_573' title='bbox 764 4737 886 4776; x_wconf 91' lang='lat' dir='ltr'><strong>cum</strong></span> <span class='ocrx_word' id='word_1_574' title='bbox 929 4721 1439 4776; x_wconf 88' lang='lat' dir='ltr'><strong>decemnovennalis</strong></span> <span class='ocrx_word' id='word_1_575' title='bbox 1476 4719 1613 4803; x_wconf 66' lang='lat' dir='ltr'><strong>cycli</strong></span> <span class='ocrx_word' id='word_1_576' title='bbox 1657 4730 1854 4791; x_wconf 81' lang='lat' dir='ltr'><strong>quarto</strong></span> 
     </span>
    </p>
   </div>
   <div class='ocr_carea' id='block_1_84' title="bbox 275 4809 1850 4884">
    <p class='ocr_par' dir='ltr' id='par_1_84' title="bbox 275 4809 1850 4884">
     <span class='ocr_line' id='line_1_84' title="bbox 275 4809 1850 4884; baseline -0.003 -14"><span class='ocrx_word' id='word_1_577' title='bbox 275 4814 577 4884; x_wconf 75' lang='lat' dir='ltr'><strong>coniungit,</strong></span> <span class='ocrx_word' id='word_1_578' title='bbox 638 4821 692 4867; x_wconf 91' lang='lat' dir='ltr'><strong>et</strong></span> <span class='ocrx_word' id='word_1_579' title='bbox 745 4827 775 4865; x_wconf 89' lang='lat' dir='ltr'><strong>a</strong></span> <span class='ocrx_word' id='word_1_580' title='bbox 834 4810 1060 4866; x_wconf 81' lang='lat' dir='ltr'><strong>Kalend.</strong></span> <span class='ocrx_word' id='word_1_581' title='bbox 1103 4809 1380 4866; x_wconf 82' lang='lat' dir='ltr'><strong>Januariis</strong></span> <span class='ocrx_word' id='word_1_582' title='bbox 1414 4811 1659 4865; x_wconf 90' lang='lat' dir='ltr'><strong>inchoari</strong></span> <span class='ocrx_word' id='word_1_583' title='bbox 1699 4811 1850 4866; x_wconf 90' lang='lat' dir='ltr'><strong>dicit.</strong></span> 
     </span>
    </p>
   </div>
   <div class='ocr_carea' id='block_1_85' title="bbox 278 4901 1851 4966">
    <p class='ocr_par' dir='ltr' id='par_1_85' title="bbox 278 4901 1851 4966">
     <span class='ocr_line' id='line_1_85' title="bbox 278 4901 1851 4966; baseline -0.001 -8"><span class='ocrx_word' id='word_1_584' title='bbox 278 4905 580 4961; x_wconf 75' lang='lat' dir='ltr'><strong>EsLautem</strong></span> <span class='ocrx_word' id='word_1_585' title='bbox 610 4902 886 4963; x_wconf 73' lang='lat' dir='ltr'><strong>Ianuariis</strong></span> <span class='ocrx_word' id='word_1_586' title='bbox 920 4902 1175 4966; x_wconf 77' lang='lat' dir='ltr'><strong>Kalendis</strong></span> <span class='ocrx_word' id='word_1_587' title='bbox 1205 4901 1397 4958; x_wconf 74' lang='lat' dir='ltr'><strong>afﬁxus</strong></span> <span class='ocrx_word' id='word_1_588' title='bbox 1431 4917 1630 4957; x_wconf 88' lang='lat' dir='ltr'><strong>aureus</strong></span> <span class='ocrx_word' id='word_1_589' title='bbox 1658 4917 1851 4957; x_wconf 83' lang='lat' dir='ltr'><strong>nume-</strong></span> 
     </span>
    </p>
   </div>
   <div class='ocr_carea' id='block_1_86' title="bbox 275 4996 1853 5067">
    <p class='ocr_par' dir='ltr' id='par_1_86' title="bbox 275 4996 1853 5067">
     <span class='ocr_line' id='line_1_86' title="bbox 275 4996 1853 5067; baseline -0.002 -15"><span class='ocrx_word' id='word_1_590' title='bbox 275 5014 368 5052; x_wconf 91' lang='lat' dir='ltr'><strong>rus</strong></span> <span class='ocrx_word' id='word_1_591' title='bbox 426 5013 507 5051; x_wconf 90' lang='grc' dir='ltr'>ιιι.</span> <span class='ocrx_word' id='word_1_592' title='bbox 557 4996 726 5067; x_wconf 86' lang='lat' dir='ltr'><strong>Igitur</strong></span> <span class='ocrx_word' id='word_1_593' title='bbox 771 4997 986 5067; x_wconf 89' lang='lat' dir='ltr'><strong>primus</strong></span> <span class='ocrx_word' id='word_1_594' title='bbox 1033 5006 1119 5052; x_wconf 87' lang='lat' dir='ltr'><strong>est.</strong></span> <span class='ocrx_word' id='word_1_595' title='bbox 1165 5010 1460 5064; x_wconf 83' lang='lat' dir='ltr'><strong>xrx,aquo</strong></span> <span class='ocrx_word' id='word_1_596' title='bbox 1497 5004 1727 5065; x_wconf 79' lang='lat' dir='ltr'><strong>quartus</strong></span> <span class='ocrx_word' id='word_1_597' title='bbox 1768 5004 1853 5049; x_wconf 90' lang='lat' dir='ltr'><strong>est</strong></span> 
     </span>
    </p>
   </div>
   <div class='ocr_carea' id='block_1_87' title="bbox 276 5082 1852 5158">
    <p class='ocr_par' dir='ltr' id='par_1_87' title="bbox 276 5082 1852 5158">
     <span class='ocr_line' id='line_1_87' title="bbox 276 5082 1852 5158; baseline -0.002 -18"><span class='ocrx_word' id='word_1_598' title='bbox 276 5087 484 5145; x_wconf 87' lang='lat' dir='ltr'><strong>tertius.</strong></span> <span class='ocrx_word' id='word_1_599' title='bbox 545 5087 699 5158; x_wconf 84' lang='lat' dir='ltr'><strong>Quod</strong></span> <span class='ocrx_word' id='word_1_600' title='bbox 756 5087 814 5140; x_wconf 88' lang='lat' dir='ltr'><strong>in</strong></span> <span class='ocrx_word' id='word_1_601' title='bbox 855 5085 1212 5156; x_wconf 89' lang='lat' dir='ltr'><strong>sequentibus</strong></span> <span class='ocrx_word' id='word_1_602' title='bbox 1281 5085 1559 5155; x_wconf 81' lang='lat' dir='ltr'><strong>cyclorum</strong></span> <span class='ocrx_word' id='word_1_603' title='bbox 1606 5082 1852 5138; x_wconf 89' lang='lat' dir='ltr'><strong>numeris</strong></span> 
     </span>
    </p>
   </div>
   <div class='ocr_carea' id='block_1_88' title="bbox 273 5174 1852 5247">
    <p class='ocr_par' dir='ltr' id='par_1_88' title="bbox 273 5174 1852 5247">
     <span class='ocr_line' id='line_1_88' title="bbox 273 5174 1852 5247; baseline -0.003 -14"><span class='ocrx_word' id='word_1_604' title='bbox 273 5186 584 5233; x_wconf 87' lang='lat' dir='ltr'><strong>constanter</strong></span> <span class='ocrx_word' id='word_1_605' title='bbox 640 5186 807 5233; x_wconf 89' lang='lat' dir='ltr'><strong>tenet.</strong></span> <span class='ocrx_word' id='word_1_606' title='bbox 857 5175 1101 5247; x_wconf 84' lang='lat' dir='ltr'><strong>Exempli</strong></span> <span class='ocrx_word' id='word_1_607' title='bbox 1160 5190 1325 5231; x_wconf 88' lang='lat' dir='ltr'><strong>causa</strong></span> <span class='ocrx_word' id='word_1_608' title='bbox 1371 5190 1548 5228; x_wconf 86' lang='lat' dir='ltr'><strong>annus</strong></span> <span class='ocrx_word' id='word_1_609' title='bbox 1595 5174 1729 5239; x_wconf 64' lang='lat' dir='ltr'><strong>«veli</strong></span> <span class='ocrx_word' id='word_1_610' title='bbox 1773 5174 1852 5228; x_wconf 89' lang='lat' dir='ltr'><strong>lu-</strong></span> 
     </span>
    </p>
   </div>
   <div class='ocr_carea' id='block_1_89' title="bbox 274 5264 1850 5333">
    <p class='ocr_par' dir='ltr' id='par_1_89' title="bbox 274 5264 1850 5333">
     <span class='ocr_line' id='line_1_89' title="bbox 274 5264 1850 5333; baseline -0.002 -11"><span class='ocrx_word' id='word_1_611' title='bbox 274 5268 420 5322; x_wconf 88' lang='lat' dir='ltr'><strong>naris</strong></span> <span class='ocrx_word' id='word_1_612' title='bbox 471 5284 560 5322; x_wconf 79' lang='grc' dir='ltr'>ινι</span> <span class='ocrx_word' id='word_1_613' title='bbox 610 5268 770 5322; x_wconf 77' lang='lat' dir='ltr'><strong>Bedae</strong></span> <span class='ocrx_word' id='word_1_614' title='bbox 806 5276 889 5321; x_wconf 85' lang='lat' dir='ltr'><strong>est</strong></span> <span class='ocrx_word' id='word_1_615' title='bbox 939 5264 1450 5329; x_wconf 86' lang='lat' dir='ltr'><strong>decemnovennalis</strong></span> <span class='ocrx_word' id='word_1_616' title='bbox 1499 5280 1620 5329; x_wconf 80' lang='grc' dir='ltr'>ιιι,</span> <span class='ocrx_word' id='word_1_617' title='bbox 1671 5264 1763 5333; x_wconf 92' lang='lat' dir='ltr'><strong>qui</strong></span> <span class='ocrx_word' id='word_1_618' title='bbox 1819 5279 1850 5319; x_wconf 86' lang='lat' dir='ltr'><strong>a</strong></span> 
     </span>
    </p>
   </div>
   <div class='ocr_carea' id='block_1_90' title="bbox 275 5356 1851 5429">
    <p class='ocr_par' dir='ltr' id='par_1_90' title="bbox 275 5356 1851 5429">
     <span class='ocr_line' id='line_1_90' title="bbox 275 5356 1851 5429; baseline -0.003 -16"><span class='ocrx_word' id='word_1_619' title='bbox 275 5375 362 5414; x_wconf 71' lang='lat' dir='ltr'><strong>svr</strong></span> <span class='ocrx_word' id='word_1_620' title='bbox 409 5358 530 5418; x_wconf 76' lang='lat' dir='ltr'><strong>Kal.</strong></span> <span class='ocrx_word' id='word_1_621' title='bbox 591 5358 819 5414; x_wconf 84' lang='lat' dir='ltr'><strong>Januar.</strong></span> <span class='ocrx_word' id='word_1_622' title='bbox 874 5360 1087 5429; x_wconf 86' lang='lat' dir='ltr'><strong>incipit,</strong></span> <span class='ocrx_word' id='word_1_623' title='bbox 1145 5358 1274 5413; x_wconf 88' lang='lat' dir='ltr'><strong>Dec.</strong></span> <span class='ocrx_word' id='word_1_624' title='bbox 1321 5373 1476 5426; x_wconf 63' lang='lat' dir='ltr'><strong>xvii;</strong></span> <span class='ocrx_word' id='word_1_625' title='bbox 1532 5371 1561 5415; x_wconf 85' lang='lat' dir='ltr'><strong>a</strong></span> <span class='ocrx_word' id='word_1_626' title='bbox 1606 5372 1716 5427; x_wconf 87' lang='lat' dir='ltr'><strong>quo</strong></span> <span class='ocrx_word' id='word_1_627' title='bbox 1769 5356 1851 5409; x_wconf 90' lang='lat' dir='ltr'><strong>in-</strong></span> 
     </span>
    </p>
   </div>
   <div class='ocr_carea' id='block_1_91' title="bbox 274 5448 1845 5521">
    <p class='ocr_par' dir='ltr' id='par_1_91' title="bbox 274 5448 1845 5521">
     <span class='ocr_line' id='line_1_91' title="bbox 274 5448 1845 5521; baseline -0.003 -14"><span class='ocrx_word' id='word_1_628' title='bbox 274 5455 403 5521; x_wconf 82' lang='lat' dir='ltr'><strong>crpit</strong></span> <span class='ocrx_word' id='word_1_629' title='bbox 456 5467 636 5507; x_wconf 85' lang='lat' dir='ltr'><strong>annus</strong></span> <span class='ocrx_word' id='word_1_630' title='bbox 692 5451 777 5507; x_wconf 89' lang='lat' dir='ltr'><strong>cui</strong></span> <span class='ocrx_word' id='word_1_631' title='bbox 816 5466 1079 5505; x_wconf 90' lang='lat' dir='ltr'><strong>numerus</strong></span> <span class='ocrx_word' id='word_1_632' title='bbox 1141 5464 1342 5511; x_wconf 89' lang='lat' dir='ltr'><strong>aureus</strong></span> <span class='ocrx_word' id='word_1_633' title='bbox 1395 5448 1649 5503; x_wconf 85' lang='lat' dir='ltr'><strong>convenit</strong></span> <span class='ocrx_word' id='word_1_634' title='bbox 1695 5464 1845 5503; x_wconf 78' lang='lat' dir='ltr'><strong>xurr.</strong></span> 
     </span>
    </p>
   </div>
   <div class='ocr_carea' id='block_1_92' title="bbox 274 5540 1850 5617">
    <p class='ocr_par' dir='ltr' id='par_1_92' title="bbox 274 5540 1850 5617">
     <span class='ocr_line' id='line_1_92' title="bbox 274 5540 1850 5617; baseline -0.001 -20"><span class='ocrx_word' id='word_1_635' title='bbox 274 5542 509 5599; x_wconf 82' lang='lat' dir='ltr'><strong>Proinde</strong></span> <span class='ocrx_word' id='word_1_636' title='bbox 546 5557 749 5601; x_wconf 88' lang='lat' dir='ltr'><strong>aureus</strong></span> <span class='ocrx_word' id='word_1_637' title='bbox 801 5557 1065 5597; x_wconf 89' lang='lat' dir='ltr'><strong>numerus</strong></span> <span class='ocrx_word' id='word_1_638' title='bbox 1110 5557 1269 5609; x_wconf 77' lang='lat' dir='ltr'><strong>xvm,</strong></span> <span class='ocrx_word' id='word_1_639' title='bbox 1300 5551 1385 5595; x_wconf 88' lang='lat' dir='ltr'><strong>est</strong></span> <span class='ocrx_word' id='word_1_640' title='bbox 1420 5556 1515 5603; x_wconf 81' lang='grc' dir='ltr'><strong>ιιι</strong></span> <span class='ocrx_word' id='word_1_641' title='bbox 1587 5540 1721 5617; x_wconf 74' lang='lat' dir='ltr'><strong>cycli</strong></span> <span class='ocrx_word' id='word_1_642' title='bbox 1756 5542 1850 5595; x_wconf 79' lang='lat' dir='ltr'><strong>de-</strong></span> 
     </span>
    </p>
   </div>
   <div class='ocr_carea' id='block_1_93' title="bbox 273 5631 1847 5693">
    <p class='ocr_par' dir='ltr' id='par_1_93' title="bbox 273 5631 1847 5693">
     <span class='ocr_line' id='line_1_93' title="bbox 273 5631 1847 5693; baseline -0.003 -2"><span class='ocrx_word' id='word_1_643' title='bbox 273 5634 740 5691; x_wconf 80' lang='lat' dir='ltr'><strong>eernnovennalis.</strong></span> <span class='ocrx_word' id='word_1_644' title='bbox 810 5632 1097 5693; x_wconf 86' lang='lat' dir='ltr'><strong>Postremo</strong></span> <span class='ocrx_word' id='word_1_645' title='bbox 1158 5648 1282 5687; x_wconf 90' lang='lat' dir='ltr'><strong>cum</strong></span> <span class='ocrx_word' id='word_1_646' title='bbox 1328 5631 1847 5687; x_wconf 82' lang='lat' dir='ltr'><strong>decemnovcnnalis</strong></span> 
     </span>
    </p>
   </div>
   <div class='ocr_carea' id='block_1_94' title="bbox 274 5724 1847 5802">
    <p class='ocr_par' dir='ltr' id='par_1_94' title="bbox 274 5724 1847 5802">
     <span class='ocr_line' id='line_1_94' title="bbox 274 5724 1847 5802; baseline -0.001 -18"><span class='ocrx_word' id='word_1_647' title='bbox 274 5728 406 5802; x_wconf 80' lang='lat' dir='ltr'><strong>cycli</strong></span> <span class='ocrx_word' id='word_1_648' title='bbox 434 5727 614 5802; x_wconf 84' lang='lat' dir='ltr'><strong>primo</strong></span> <span class='ocrx_word' id='word_1_649' title='bbox 639 5742 784 5785; x_wconf 85' lang='lat' dir='ltr'><strong>anno</strong></span> <span class='ocrx_word' id='word_1_650' title='bbox 814 5726 1026 5789; x_wconf 83' lang='lat' dir='ltr'><strong>lunaris</strong></span> <span class='ocrx_word' id='word_1_651' title='bbox 1064 5742 1174 5781; x_wconf 78' lang='lat' dir='ltr'><strong>xvrr</strong></span> <span class='ocrx_word' id='word_1_652' title='bbox 1217 5724 1586 5797; x_wconf 86' lang='lat' dir='ltr'><strong>componitur,</strong></span> <span class='ocrx_word' id='word_1_653' title='bbox 1615 5725 1847 5798; x_wconf 87' lang='lat' dir='ltr'><strong>ejusque</strong></span> 
     </span>
    </p>
   </div>
   <div class='ocr_carea' id='block_1_95' title="bbox 1959 4526 3536 4599">
    <p class='ocr_par' dir='ltr' id='par_1_95' title="bbox 1959 4526 3536 4599">
     <span class='ocr_line' id='line_1_95' title="bbox 1959 4526 3536 4599; baseline 0.001 -18"><span class='ocrx_word' id='word_1_654' title='bbox 1959 4528 2313 4583; x_wconf 87' lang='lat' dir='ltr'><strong>Alexandrini</strong></span> <span class='ocrx_word' id='word_1_655' title='bbox 2362 4528 2431 4581; x_wconf 90' lang='lat' dir='ltr'><strong>ab</strong></span> <span class='ocrx_word' id='word_1_656' title='bbox 2478 4526 2709 4598; x_wconf 87' lang='lat' dir='ltr'><strong>Augusti</strong></span> <span class='ocrx_word' id='word_1_657' title='bbox 2739 4543 2871 4582; x_wconf 80' lang='grc' dir='ltr'>ιιιι</span> <span class='ocrx_word' id='word_1_658' title='bbox 2922 4528 3029 4591; x_wconf 82' lang='lat' dir='ltr'><strong>die,</strong></span> <span class='ocrx_word' id='word_1_659' title='bbox 3060 4528 3269 4597; x_wconf 84' lang='lat' dir='ltr'><strong>eyclum</strong></span> <span class='ocrx_word' id='word_1_660' title='bbox 3304 4532 3536 4599; x_wconf 89' lang='lat' dir='ltr'><strong>primum</strong></span> 
     </span>
    </p>
   </div>
   <div class='ocr_carea' id='block_1_96' title="bbox 1959 4619 3537 4689">
    <p class='ocr_par' dir='ltr' id='par_1_96' title="bbox 1959 4619 3537 4689">
     <span class='ocr_line' id='line_1_96' title="bbox 1959 4619 3537 4689; baseline 0.001 -16"><span class='ocrx_word' id='word_1_661' title='bbox 1959 4635 2256 4681; x_wconf 85' lang='lat' dir='ltr'><strong>numerare</strong></span> <span class='ocrx_word' id='word_1_662' title='bbox 2309 4630 2594 4689; x_wconf 70' lang='lat' dir='ltr'><strong>creperum</strong></span> <span class='ocrx_word' id='word_1_663' title='bbox 2627 4636 2639 4673; x_wconf 95' lang='lat'>:</span> <span class='ocrx_word' id='word_1_664' title='bbox 2694 4619 2922 4675; x_wconf 84' lang='lat' dir='ltr'><strong>Romani</strong></span> <span class='ocrx_word' id='word_1_665' title='bbox 2958 4636 3087 4676; x_wconf 90' lang='lat' dir='ltr'><strong>vero</strong></span> <span class='ocrx_word' id='word_1_666' title='bbox 3129 4630 3301 4676; x_wconf 88' lang='lat' dir='ltr'><strong>totum</strong></span> <span class='ocrx_word' id='word_1_667' title='bbox 3332 4637 3537 4676; x_wconf 84' lang='lat' dir='ltr'><strong>annum</strong></span> 
     </span>
    </p>
   </div>
   <div class='ocr_carea' id='block_1_97' title="bbox 1956 4712 3538 4783">
    <p class='ocr_par' dir='ltr' id='par_1_97' title="bbox 1956 4712 3538 4783">
     <span class='ocr_line' id='line_1_97' title="bbox 1956 4712 3538 4783; baseline 0.001 -16"><span class='ocrx_word' id='word_1_668' title='bbox 1956 4712 2237 4768; x_wconf 72' lang='lat' dir='ltr'><strong>Iulianum</strong></span> <span class='ocrx_word' id='word_1_669' title='bbox 2290 4729 2457 4775; x_wconf 80' lang='lat' dir='ltr'><strong>aureo</strong></span> <span class='ocrx_word' id='word_1_670' title='bbox 2515 4729 2747 4767; x_wconf 87' lang='lat' dir='ltr'><strong>numero</strong></span> <span class='ocrx_word' id='word_1_671' title='bbox 2801 4729 2890 4767; x_wconf 75' lang='lat' dir='ltr'><strong>xix</strong></span> <span class='ocrx_word' id='word_1_672' title='bbox 2946 4715 3356 4783; x_wconf 83' lang='lat' dir='ltr'><strong>consignarunt.</strong></span> <span class='ocrx_word' id='word_1_673' title='bbox 3408 4714 3538 4769; x_wconf 80' lang='lat' dir='ltr'><strong>Post</strong></span> 
     </span>
    </p>
   </div>
   <div class='ocr_carea' id='block_1_98' title="bbox 1958 4806 3537 4864">
    <p class='ocr_par' dir='ltr' id='par_1_98' title="bbox 1958 4806 3537 4864">
     <span class='ocr_line' id='line_1_98' title="bbox 1958 4806 3537 4864; baseline 0.003 -4"><span class='ocrx_word' id='word_1_674' title='bbox 1958 4822 2102 4860; x_wconf 86' lang='lat' dir='ltr'><strong>anno</strong></span> <span class='ocrx_word' id='word_1_675' title='bbox 2145 4806 2250 4860; x_wconf 67' lang='grc' dir='ltr'><strong>ι285</strong></span> <span class='ocrx_word' id='word_1_676' title='bbox 2308 4823 2432 4861; x_wconf 87' lang='lat' dir='ltr'><strong>cum</strong></span> <span class='ocrx_word' id='word_1_677' title='bbox 2485 4806 2870 4862; x_wconf 78' lang='lat' dir='ltr'><strong>Alexandrinis</strong></span> <span class='ocrx_word' id='word_1_678' title='bbox 2918 4822 3143 4861; x_wconf 86' lang='lat' dir='ltr'><strong>aureum</strong></span> <span class='ocrx_word' id='word_1_679' title='bbox 3188 4823 3477 4863; x_wconf 89' lang='lat' dir='ltr'><strong>numerum</strong></span> <span class='ocrx_word' id='word_1_680' title='bbox 3518 4824 3537 4864; x_wconf 87' lang='grc' dir='ltr'><strong>ι</strong></span> 
     </span>
    </p>
   </div>
   <div class='ocr_carea' id='block_1_99' title="bbox 1955 4899 3535 4975">
    <p class='ocr_par' dir='ltr' id='par_1_99' title="bbox 1955 4899 3535 4975">
     <span class='ocr_line' id='line_1_99' title="bbox 1955 4899 3535 4975; baseline 0.001 -22"><span class='ocrx_word' id='word_1_681' title='bbox 1955 4902 2141 4955; x_wconf 83' lang='lat' dir='ltr'><strong>exorsi</strong></span> <span class='ocrx_word' id='word_1_682' title='bbox 2190 4910 2340 4955; x_wconf 90' lang='lat' dir='ltr'><strong>sunt.</strong></span> <span class='ocrx_word' id='word_1_683' title='bbox 2383 4899 2458 4953; x_wconf 86' lang='lat' dir='ltr'><strong>Ex</strong></span> <span class='ocrx_word' id='word_1_684' title='bbox 2493 4917 2603 4969; x_wconf 87' lang='lat' dir='ltr'><strong>quo</strong></span> <span class='ocrx_word' id='word_1_685' title='bbox 2636 4901 2841 4954; x_wconf 80' lang='lat' dir='ltr'><strong>factum</strong></span> <span class='ocrx_word' id='word_1_686' title='bbox 2897 4908 3141 4975; x_wconf 88' lang='lat' dir='ltr'><strong>apparet,</strong></span> <span class='ocrx_word' id='word_1_687' title='bbox 3181 4907 3242 4954; x_wconf 92' lang='lat' dir='ltr'><strong>ut</strong></span> <span class='ocrx_word' id='word_1_688' title='bbox 3274 4900 3410 4971; x_wconf 85' lang='lat' dir='ltr'><strong>cycli</strong></span> <span class='ocrx_word' id='word_1_689' title='bbox 3444 4914 3535 4955; x_wconf 84' lang='grc' dir='ltr'><strong>ιιι</strong></span> 
     </span>
    </p>
   </div>
   <div class='ocr_carea' id='block_1_100' title="bbox 1954 4990 3535 5070">
    <p class='ocr_par' dir='ltr' id='par_1_100' title="bbox 1954 4990 3535 5070">
     <span class='ocr_line' id='line_1_100' title="bbox 1954 4990 3535 5070; baseline 0.001 -25"><span class='ocrx_word' id='word_1_690' title='bbox 1954 4992 2165 5070; x_wconf 87' lang='lat' dir='ltr'><strong>primus</strong></span> <span class='ocrx_word' id='word_1_691' title='bbox 2218 5008 2397 5047; x_wconf 90' lang='lat' dir='ltr'><strong>annus</strong></span> <span class='ocrx_word' id='word_1_692' title='bbox 2444 4991 2608 5046; x_wconf 79' lang='lat' dir='ltr'><strong>fuerit</strong></span> <span class='ocrx_word' id='word_1_693' title='bbox 2649 4993 2801 5046; x_wconf 86' lang='lat' dir='ltr'><strong>aurei</strong></span> <span class='ocrx_word' id='word_1_694' title='bbox 2840 4992 3055 5046; x_wconf 91' lang='lat' dir='ltr'><strong>numeri</strong></span> <span class='ocrx_word' id='word_1_695' title='bbox 3088 5007 3200 5046; x_wconf 84' lang='lat' dir='ltr'><strong>xrx.</strong></span> <span class='ocrx_word' id='word_1_696' title='bbox 3228 4990 3363 5046; x_wconf 85' lang='lat' dir='ltr'><strong>Nam</strong></span> <span class='ocrx_word' id='word_1_697' title='bbox 3391 4990 3535 5061; x_wconf 88' lang='lat' dir='ltr'><strong>quod</strong></span> 
     </span>
    </p>
   </div>
   <div class='ocr_carea' id='block_1_101' title="bbox 1954 5082 3533 5154">
    <p class='ocr_par' dir='ltr' id='par_1_101' title="bbox 1954 5082 3533 5154">
     <span class='ocr_line' id='line_1_101' title="bbox 1954 5082 3533 5154; baseline -0.003 -15"><span class='ocrx_word' id='word_1_698' title='bbox 1954 5084 2257 5141; x_wconf 83' lang='lat' dir='ltr'><strong>doctissimi</strong></span> <span class='ocrx_word' id='word_1_699' title='bbox 2311 5083 2534 5154; x_wconf 89' lang='lat' dir='ltr'><strong>quidam</strong></span> <span class='ocrx_word' id='word_1_700' title='bbox 2594 5098 2821 5138; x_wconf 88' lang='lat' dir='ltr'><strong>auremn</strong></span> <span class='ocrx_word' id='word_1_701' title='bbox 2885 5098 3175 5138; x_wconf 90' lang='lat' dir='ltr'><strong>numerum</strong></span> <span class='ocrx_word' id='word_1_702' title='bbox 3222 5097 3280 5137; x_wconf 90' lang='grc' dir='ltr'><strong>ιιι</strong></span> <span class='ocrx_word' id='word_1_703' title='bbox 3319 5082 3533 5136; x_wconf 91' lang='lat' dir='ltr'><strong>initium</strong></span> 
     </span>
    </p>
   </div>
   <div class='ocr_carea' id='block_1_102' title="bbox 1953 5171 3535 5248">
    <p class='ocr_par' dir='ltr' id='par_1_102' title="bbox 1953 5171 3535 5248">
     <span class='ocr_line' id='line_1_102' title="bbox 1953 5171 3535 5248; baseline -0.005 -14"><span class='ocrx_word' id='word_1_704' title='bbox 1953 5176 2474 5234; x_wconf 71' lang='lat' dir='ltr'><strong>decemnovennalis</strong></span> <span class='ocrx_word' id='word_1_705' title='bbox 2494 5177 2639 5248; x_wconf 70' lang='lat' dir='ltr'><strong>&#39;cycli</strong></span> <span class='ocrx_word' id='word_1_706' title='bbox 2671 5176 3035 5243; x_wconf 84' lang='lat' dir='ltr'><strong>constituunt,</strong></span> <span class='ocrx_word' id='word_1_707' title='bbox 3073 5182 3358 5246; x_wconf 86' lang='lat' dir='ltr'><strong>propterea</strong></span> <span class='ocrx_word' id='word_1_708' title='bbox 3390 5171 3535 5243; x_wconf 85' lang='lat' dir='ltr'><strong>quod</strong></span> 
     </span>
    </p>
   </div>
   <div class='ocr_carea' id='block_1_103' title="bbox 1956 5267 3529 5337">
    <p class='ocr_par' dir='ltr' id='par_1_103' title="bbox 1956 5267 3529 5337">
     <span class='ocr_line' id='line_1_103' title="bbox 1956 5267 3529 5337; baseline -0.003 -13"><span class='ocrx_word' id='word_1_709' title='bbox 1956 5270 2075 5325; x_wconf 91' lang='lat' dir='ltr'><strong>Kal.</strong></span> <span class='ocrx_word' id='word_1_710' title='bbox 2105 5268 2228 5331; x_wconf 72' lang='lat' dir='ltr'><strong>Ian.</strong></span> <span class='ocrx_word' id='word_1_711' title='bbox 2264 5268 2456 5331; x_wconf 72' lang='lat' dir='ltr'><strong>aﬂixus</strong></span> <span class='ocrx_word' id='word_1_712' title='bbox 2504 5279 2609 5337; x_wconf 88' lang='lat' dir='ltr'><strong>est,</strong></span> <span class='ocrx_word' id='word_1_713' title='bbox 2640 5278 2831 5325; x_wconf 87' lang='lat' dir='ltr'><strong>contra</strong></span> <span class='ocrx_word' id='word_1_714' title='bbox 2868 5267 3026 5324; x_wconf 69' lang='lat' dir='ltr'><strong>Beda:</strong></span> <span class='ocrx_word' id='word_1_715' title='bbox 3062 5268 3401 5337; x_wconf 89' lang='lat' dir='ltr'><strong>aliorumque</strong></span> <span class='ocrx_word' id='word_1_716' title='bbox 3451 5281 3529 5320; x_wconf 84' lang='lat' dir='ltr'><strong>ve-</strong></span> 
     </span>
    </p>
   </div>
   <div class='ocr_carea' id='block_1_104' title="bbox 1956 5361 3535 5429">
    <p class='ocr_par' dir='ltr' id='par_1_104' title="bbox 1956 5361 3535 5429">
     <span class='ocr_line' id='line_1_104' title="bbox 1956 5361 3535 5429; baseline -0.003 -13"><span class='ocrx_word' id='word_1_717' title='bbox 1956 5371 2131 5416; x_wconf 90' lang='lat' dir='ltr'><strong>terum</strong></span> <span class='ocrx_word' id='word_1_718' title='bbox 2158 5361 2212 5416; x_wconf 90' lang='lat' dir='ltr'><strong>id</strong></span> <span class='ocrx_word' id='word_1_719' title='bbox 2240 5361 2623 5417; x_wconf 76' lang='lat' dir='ltr'><strong>auetoritatem</strong></span> <span class='ocrx_word' id='word_1_720' title='bbox 2660 5369 2950 5426; x_wconf 87' lang='lat' dir='ltr'><strong>asserum;-</strong></span> <span class='ocrx_word' id='word_1_721' title='bbox 2994 5374 3173 5429; x_wconf 91' lang='lat' dir='ltr'><strong>neque</strong></span> <span class='ocrx_word' id='word_1_722' title='bbox 3227 5361 3374 5414; x_wconf 90' lang='lat' dir='ltr'><strong>enim</strong></span> <span class='ocrx_word' id='word_1_723' title='bbox 3422 5364 3535 5412; x_wconf 68' lang='lat' dir='ltr'><strong>ani.</strong></span> 
     </span>
    </p>
   </div>
   <div class='ocr_carea' id='block_1_105' title="bbox 1953 5449 3566 5525">
    <p class='ocr_par' dir='ltr' id='par_1_105' title="bbox 1953 5449 3566 5525">
     <span class='ocr_line' id='line_1_105' title="bbox 1953 5449 3566 5525; baseline 0.001 -20"><span class='ocrx_word' id='word_1_724' title='bbox 1953 5452 2307 5509; x_wconf 87' lang='lat' dir='ltr'><strong>madvertunt</strong></span> <span class='ocrx_word' id='word_1_725' title='bbox 2335 5453 2471 5523; x_wconf 70' lang='lat' dir='ltr'><strong>cycl’i</strong></span> <span class='ocrx_word' id='word_1_726' title='bbox 2498 5468 2590 5507; x_wconf 87' lang='grc' dir='ltr'><strong>ιιι</strong></span> <span class='ocrx_word' id='word_1_727' title='bbox 2619 5451 2833 5506; x_wconf 81' lang='lat' dir='ltr'><strong>initium</strong></span> <span class='ocrx_word' id='word_1_728' title='bbox 2856 5449 3308 5515; x_wconf 86' lang='lat' dir='ltr'><strong>nonaJanuario,</strong></span> <span class='ocrx_word' id='word_1_729' title='bbox 3344 5451 3437 5506; x_wconf 88' lang='lat' dir='ltr'><strong>sed</strong></span> <span class='ocrx_word' id='word_1_730' title='bbox 3465 5454 3533 5507; x_wconf 89' lang='lat' dir='ltr'><strong>ab</strong></span> <span class='ocrx_word' id='word_1_731' title='bbox 3558 5516 3566 5525; x_wconf 34' lang='grc' dir='ltr'>ι</span> 
     </span>
    </p>
   </div>
   <div class='ocr_carea' id='block_1_106' title="bbox 1951 5526 3530 5613">
    <p class='ocr_par' dir='ltr' id='par_1_106' title="bbox 1951 5526 3530 5613">
     <span class='ocr_line' id='line_1_106' title="bbox 1951 5526 3530 5613; baseline 0.001 -19"><span class='ocrx_word' id='word_1_732' title='bbox 1951 5543 2146 5612; x_wconf 83' lang='lat' dir='ltr'><strong>Aprili,</strong></span> <span class='ocrx_word' id='word_1_733' title='bbox 2168 5542 2277 5598; x_wconf 86' lang='lat' dir='ltr'><strong>hoc</strong></span> <span class='ocrx_word' id='word_1_734' title='bbox 2300 5526 2391 5598; x_wconf 83' lang='lat' dir='ltr'><strong>est</strong></span> <span class='ocrx_word' id='word_1_735' title='bbox 2418 5543 2487 5598; x_wconf 90' lang='lat' dir='ltr'><strong>ab</strong></span> <span class='ocrx_word' id='word_1_736' title='bbox 2520 5558 2583 5597; x_wconf 87' lang='lat' dir='ltr'><strong>ea</strong></span> <span class='ocrx_word' id='word_1_737' title='bbox 2618 5543 2769 5609; x_wconf 87' lang='lat' dir='ltr'><strong>luna,</strong></span> <span class='ocrx_word' id='word_1_738' title='bbox 2797 5558 2920 5613; x_wconf 78' lang='lat' dir='ltr'><strong>qua:</strong></span> <span class='ocrx_word' id='word_1_739' title='bbox 2956 5541 3011 5596; x_wconf 90' lang='lat' dir='ltr'><strong>in</strong></span> <span class='ocrx_word' id='word_1_740' title='bbox 3042 5541 3281 5611; x_wconf 85' lang='lat' dir='ltr'><strong>Aprilem</strong></span> <span class='ocrx_word' id='word_1_741' title='bbox 3312 5541 3530 5609; x_wconf 86' lang='lat' dir='ltr'><strong>desinit,</strong></span> 
     </span>
    </p>
   </div>
   <div class='ocr_carea' id='block_1_107' title="bbox 1952 5630 3531 5703">
    <p class='ocr_par' dir='ltr' id='par_1_107' title="bbox 1952 5630 3531 5703">
     <span class='ocr_line' id='line_1_107' title="bbox 1952 5630 3531 5703; baseline 0.003 -19"><span class='ocrx_word' id='word_1_742' title='bbox 1952 5651 2019 5689; x_wconf 78' lang='grc' dir='ltr'>ρι</span> <span class='ocrx_word' id='word_1_743' title='bbox 2051 5635 2266 5689; x_wconf 90' lang='lat' dir='ltr'><strong>illorum</strong></span> <span class='ocrx_word' id='word_1_744' title='bbox 2312 5634 2578 5690; x_wconf 85' lang='lat' dir='ltr'><strong>sententia</strong></span> <span class='ocrx_word' id='word_1_745' title='bbox 2610 5633 2830 5691; x_wconf 91' lang='lat' dir='ltr'><strong>deduci.</strong></span> <span class='ocrx_word' id='word_1_746' title='bbox 2864 5630 3006 5689; x_wconf 78' lang='lat' dir='ltr'><strong>ﬂinc</strong></span> <span class='ocrx_word' id='word_1_747' title='bbox 3040 5648 3247 5689; x_wconf 88' lang='lat' dir='ltr'><strong>annum</strong></span> <span class='ocrx_word' id='word_1_748' title='bbox 3289 5648 3531 5703; x_wconf 79' lang='lat' dir='ltr'><strong>primum</strong></span> 
     </span>
    </p>
   </div>
   <div class='ocr_carea' id='block_1_108' title="bbox 1951 5723 3525 5799">
    <p class='ocr_par' dir='ltr' id='par_1_108' title="bbox 1951 5723 3525 5799">
     <span class='ocr_line' id='line_1_108' title="bbox 1951 5723 3525 5799; baseline 0 -19"><span class='ocrx_word' id='word_1_749' title='bbox 1951 5741 2018 5780; x_wconf 88' lang='lat' dir='ltr'><strong>ex</strong></span> <span class='ocrx_word' id='word_1_750' title='bbox 2055 5726 2293 5799; x_wconf 76' lang='lat' dir='ltr'><strong>Dionysii</strong></span> <span class='ocrx_word' id='word_1_751' title='bbox 2319 5725 2573 5782; x_wconf 82' lang='lat' dir='ltr'><strong>instituto</strong></span> <span class='ocrx_word' id='word_1_752' title='bbox 2599 5733 2823 5782; x_wconf 86' lang='lat' dir='ltr'><strong>veteres</strong></span> <span class='ocrx_word' id='word_1_753' title='bbox 2850 5725 2925 5781; x_wconf 90' lang='lat' dir='ltr'><strong>illi</strong></span> <span class='ocrx_word' id='word_1_754' title='bbox 2950 5724 3140 5782; x_wconf 84' lang='lat' dir='ltr'><strong>dicunt</strong></span> <span class='ocrx_word' id='word_1_755' title='bbox 3160 5740 3187 5780; x_wconf 85' lang='lat' dir='ltr'><strong>a</strong></span> <span class='ocrx_word' id='word_1_756' title='bbox 3215 5729 3357 5798; x_wconf 77' lang='lat' dir='ltr'><strong>prid.</strong></span> <span class='ocrx_word' id='word_1_757' title='bbox 3389 5723 3525 5780; x_wconf 67' lang='lat' dir='ltr'><strong>Non.</strong></span> 
     </span>
    </p>
   </div>
  </div>
