4054 6404
528 370 673 430 1055

1587 367 1936 425 APPENDIX
1975 367 2616 426 DISSEllTATIONUM.

3683 362 3840 421 1056

445 475 450 481 ’
527 490 662 557 Apr.
725 485 994 548 inchoari,
1047 495 1103 539 et
1167 485 1225 540 ia
1267 484 1446 540 Martii
1479 501 1590 540 xxn
1642 485 1922 553 desinere,
1950 489 2111 558 eique
2139 492 2186 549 Α
2213 484 3836 557 mmi.m,.vi,mt,xl.xiv,xvtt,xtx,quibusaureinumH-i

527 591 721 634 CCCLIII
755 576 872 631 dies
901 576 1168 631 duntaxat
1193 585 1528 644 competere,
1561 576 1780 645 quodin
1804 591 1928 631 eum
1953 576 2116 640 lunae,

528 668 610 724 sic
639 669 784 722 enim
809 674 1032 730 vocant,
1061 665 1231 721 saltus
1261 665 1527 728 incurrat,
1560 679 1684 733 qua:
1715 673 1801 720 est
1828 665 1994 720 unius
2011 665 2119 721 diei

525 760 786 833 superﬂui
830 759 1126 832 ἐξαίρεσις,
1176 766 1292 812 tum
1361 757 1660 813 secundum
1717 773 1921 813 annum
1981 759 2120 815 inire

527 853 708 910 Martii
738 869 895 917 ιιιιι,
925 863 980 908 ει
1014 852 1228 906 dierum
1265 865 1390 906 esse
1423 865 1634 914 cccuv,
1664 859 1828 921 atque
1862 850 1935 904 ita
1966 850 2121 905 dein-

525 963 675 1014 ceps.
732 954 791 1001 ut
833 945 998 1009 Beda,
1047 944 1257 1001 Pitatus
1321 945 1458 1000 locis
1505 943 1704 1009 citatis,
1736 943 1939 1016 aliique
1979 944 2114 1000 deli-

526 1039 705 1094 niunt.

557 1130 750 1185 ‘Alter
774 1129 960 1201 cyclus
1013 1129 1223 1185 lunaris
1283 1127 1621 1199 appellatur;
1683 1126 1777 1198 qui
1815 1126 1880 1181 ad
1928 1125 2113 1181 lunam

523 1231 844 1292 epactarum
883 1236 946 1276 ac
977 1220 1310 1292 regularium
1336 1219 1602 1274 beneﬁcio
1628 1216 1988 1289 indagandam
2022 1233 2114 1272 ac-

523 1314 908 1369 commodatus
943 1321 1047 1380 est,
1082 1313 1227 1384 quod
1277 1311 1430 1366 aurei
1465 1311 1678 1367 numeri
1715 1319 1974 1382 praestare
2002 1326 2110 1365 non

524 1416 775 1478 possunt.
803 1405 907 1474 Qui
961 1421 1086 1461 cum
1134 1419 1201 1460 ex
1246 1403 1738 1460 Alexandrinorum
1788 1401 2114 1458 Kalendario

526 1501 774 1554 translati
810 1500 939 1564 sint,
971 1514 1035 1553 ac
1066 1513 1162 1568 per
1188 1505 1501 1553 contextum
1541 1494 1719 1552 Latini
1752 1495 1881 1550 anni
1908 1494 2110 1560 diﬂ‘usi,

526 1593 684 1662 cujus
723 1592 868 1646 aliud
903 1591 1142 1656 initium,
1192 1590 1298 1646 alia
1344 1587 1616 1644 mensium
1669 1587 1959 1658 dispositio
1995 1598 2107 1652 est;

526 1691 648 1755 qua:
677 1701 742 1738 cx
767 1685 872 1738 illis
901 1692 1104 1753 epactze
1135 1680 1413 1737 communi
1449 1681 1710 1736 methodo
1748 1690 2109 1752 consurgunt,

524 1776 782 1831 eruendis
815 1776 1110 1831 neviluniis
1156 1775 1279 1830 usui
1309 1789 1433 1830 esse
1463 1782 1760 1844 nequeunt.
1789 1771 1970 1839 Quare
2005 1774 2106 1828 tria

2223 581 2278 636 in
2332 580 2660 636 Kalendario
2713 581 3072 650 respondent,
3114 594 3176 638 ιι,
3218 593 3272 644 v,
3300 594 3398 642 vn,
3439 593 3499 642 x,
3531 593 3656 642 xm,
3696 591 3830 642 ινι,

2223 689 2379 737 ινιιι,
2430 673 2714 744 quoniam,
2772 681 2832 727 ut
2868 686 3012 742 saepe
3050 670 3359 735 docuimus,
3394 683 3666 724 numerus
3714 683 3830 723 xxx

2220 766 2433 837 cyclum
2465 763 2724 830 ducebat,
2767 778 2798 818 a
2857 778 2969 834 quo
2999 761 3276 818 secundus
3322 769 3439 816 erat
3484 760 3704 816 tertius.
3746 759 3830 814 At

2219 858 2422 929 insigni
2477 857 2870 913 mathematico
2911 856 3117 927 placuit
3152 855 3298 911 hunc
3335 855 3824 910 embolimaoru

2218 953 2462 1006 ordinem
2530 967 2674 1016 esse,
2702 967 2782 1016 ιιι,
2815 967 2890 1016 vr,
2946 967 3021 1015 ιι,
3049 965 3126 1012 ιι,
3155 965 3270 1017 xiv,
3302 948 3825 1018 xm,xtquuibus

2218 1058 2417 1098 aureos
2459 1043 2596 1100 istos
2627 1058 2888 1099 numeros
2942 1042 3193 1098 attribuit
3231 1056 3293 1106 ιι,
3330 1057 3525 1109 v,vm,
3563 1057 3648 1105 ιι,
3679 1057 3821 1104 ιιιι,

2216 1149 2330 1196 xvi.
2364 1151 2479 1197 ιιι,
2511 1134 2773 1204 quoniam
2802 1133 2938 1205 cycli
2971 1131 3483 1188 decemnovennalis
3521 1130 3592 1186 ab
3607 1130 3822 1201 Aprili,

2217 1241 2324 1280 non
2365 1242 2394 1280 a
2429 1225 2713 1284 Januario.
2755 1241 2822 1280 ex
2855 1233 3098 1280 veterum
3128 1225 3445 1294 praescripto
3474 1225 3824 1294 repetendus

2213 1325 2317 1372 est.
2362 1315 2427 1370 Et
2493 1315 2584 1371 ille
2649 1316 2767 1386 ipse
2828 1316 3299 1372 embolimaeorum
3338 1317 3475 1371 ordo
3501 1317 3819 1383 mensium,

2214 1424 2377 1479 quem
2417 1408 3019 1478 proposuimus.Bedae,
3061 1407 3242 1474 Pit-ati,
3270 1407 3422 1464 Pauli
3450 1407 3818 1480 Forosempr.

2214 1500 2559 1570 aliorumque
2605 1499 2846 1570 computi
2897 1498 3167 1554 artiﬁcum
3206 1501 3531 1554 auctoritate
3582 1499 3819 1554 nititur.

2215 1591 2352 1648 Vide
2371 1607 2493 1661 cap.
2527 1591 2599 1646 43
2634 1591 2706 1644 De
2741 1601 2900 1662 temp.
2920 1593 3125 1646 ratione
3158 1591 3301 1662 apud
3344 1592 3538 1646 Bedam
3559 1601 3698 1648 tom.
3739 1590 3820 1645 ll.

2213 1681 2358 1739 Idem
2409 1694 2463 1737 et
2511 1681 2819 1737 certissima
2861 1683 3073 1738 ratione
3109 1683 3175 1738 ad
3213 1682 3363 1737 hunc
3393 1682 3615 1737 modum
3646 1683 3822 1738 colli-

2215 1775 2358 1845 gltur
2395 1773 2877 1840 :Enibolimzeum,
2919 1775 3136 1844 opinor,
3189 1790 3391 1830 annum
3439 1775 3493 1830 in
3531 1775 3685 1846 cyclo
3717 1790 3826 1845 pa-

523 1859 592 1921 de
621 1881 788 1920 aureo
821 1881 1050 1920 numero
1101 1864 1430 1920 detrahenda
1462 1873 1610 1926 sunt.
1658 1869 1718 1916 ut
1755 1877 1849 1932 per
1887 1871 2109 1932 epactas
2142 1864 2183 1919 Β
2212 1867 2381 1922 schali
2450 1881 2576 1922 eum
2631 1883 2824 1923 omnes
2875 1868 3218 1938 intelligunt.
3277 1868 3369 1938 qui
3402 1910 3416 1932 ,
3466 1877 3526 1922 ut
3590 1868 3822 1937 primus

525 1973 591 2013 ac
621 1958 898 2028 regulares
923 1959 1200 2012 novilunia
1231 1971 1655 2026 consequamur.
1686 1954 1932 2024 Atquein
1965 1953 2112 2009 hunc

525 2049 749 2103 modum
778 2049 1030 2103 diminuti
1085 2049 1298 2105 numeri
1330 2049 1542 2120 cyclum
1567 2049 1813 2102 lunarem
1849 2046 2110 2102 efﬁciunt.

525 2136 704 2194 Veluti
737 2137 857 2194 Kal.
882 2139 1005 2196 Jan.
1058 2156 1260 2196 aureus
1297 2156 1562 2196 numerus
1597 2157 1659 2195 ιιι
1688 2141 1957 2210 ascriptus
1991 2151 2112 2196 est:

524 2231 592 2286 de
623 2247 734 2301 quo
765 2232 1050 2288 subductis
1102 2235 1300 2294 tribus.
1334 2233 1723 2303 respondente
1748 2233 1900 2304 cyclo
1933 2233 2112 2288 lunari

525 2342 642 2391 ιιι,
680 2343 803 2392 qua:
834 2327 1086 2383 undecim
1122 2328 1341 2392 additis,
1379 2344 1488 2382 xxx
1531 2337 1754 2398 epactas
1794 2327 2108 2383 coniiciunt.

525 2416 631 2482 Ha;
651 2433 762 2473 uno
793 2420 1030 2489 regulari
1060 2420 1264 2486 addito,
1296 2435 1426 2474 xxxt
1461 2419 1754 2490 complent,
1795 2435 1920 2490 quae
1954 2421 2113 2474 novi—

525 2508 737 2562 lunium
765 2508 1021 2564 indicant.
1056 2507 1241 2580 Itaque
1267 2509 1414 2564 nulla
1439 2509 1490 2564 id
1520 2509 1736 2565 inscitia
1774 2509 1978 2564 factum
2004 2518 2108 2573 est,

525 2601 726 2672 duplex
760 2611 818 2655 ut
847 2602 986 2671 apud
1022 2601 1244 2657 Latinos
1273 2602 1465 2674 cyclus
1512 2611 1676 2666 esset,
1699 2603 1845 2673 quod
1885 2601 2115 2658 ridicule

525 2692 630 2750 sibi
662 2692 954 2763 persuadet
1007 2693 1249 2764 Scaliger
1294 2708 1327 2746 v
1375 2691 1451 2746 De
1502 2693 1706 2747 emend.
1734 2691 2022 2760 temp.,ubi
2046 2691 2114 2747 de

523 2784 730 2856 epocha
769 2784 945 2838 lunari
1003 2782 1476 2854 Constantinopol.
1521 2784 1756 2838 disserit.
1817 2781 1930 2838 Iloc
1965 2783 2110 2837 enim

525 2876 839 2932 necessario
879 2875 949 2930 ab
989 2875 1097 2930 illis
1148 2875 1543 2930 instituendum
1589 2874 1713 2941 fuit,
1753 2883 2110 2946 posteaquam

527 2967 696 3022 semel
718 2967 1209 3023 Alexandrinorum
1242 2984 1440 3024 aureos
1463 2985 1722 3023 numeros
1757 2969 1809 3021 in
1833 2966 2109 3022 Julianum

526 3064 914 3120 Kalendarium
946 3065 1366 3127 transtulerunt,
1421 3064 1512 3118 ubi
1551 3073 1757 3134 epactas
1779 3079 1844 3117 ex
1877 3063 1983 3117 illis
2012 3078 2114 3116 nu-

527 3153 697 3226 meris
727 3134 1000 3216 erutaafet
1039 3153 1106 3208 ad
1144 3153 1260 3208 dies
1291 3151 1552 3222 apposita:
1595 3151 1990 3221 complementa
2018 3164 2112 3204 eo-

525 3245 776 3300 rumdem
825 3260 948 3301 esse
997 3261 1107 3300 non
1148 3253 1400 3315 poterant
1457 3243 1804 3314 regularibus
1859 3241 2105 3312 adjectis,

526 3338 672 3410 quod
706 3347 764 3392 ut
786 3337 1124 3403 obtinerent,
1154 3337 1259 3398 tria
1287 3337 1469 3396 aureis
1507 3334 1752 3391 numeris
1774 3333 2112 3390 detrahenda

528 3430 770 3488 fuerunt.
811 3433 987 3496 Quam
1038 3430 1108 3507 ob
1161 3443 1386 3485 causam
1422 3426 1639 3482 lunaris.
1679 3425 1779 3480 iste
1819 3425 2004 3496 cyclus
2027 3433 2112 3480 est

527 3524 736 3590 dictus,
760 3538 868 3578 non
893 3523 1015 3578 ideo
1041 3521 1186 3590 quod
1202 3519 1739 3581 decemnoveimalis,
1770 3517 1886 3572 sive
1908 3531 2108 3572 aureus

528 3631 794 3672 numerus
819 3614 1100 3670 novilunia
1137 3628 1247 3668 non
1279 3611 1626 3678 ostenderet;
1675 3609 1876 3664 etenim
1914 3609 2106 3663 iisdem

528 3710 640 3770 illis
664 3710 879 3776 diebus,
911 3708 1113 3780 quibus
1146 3705 1438 3776 adjunctus
1486 3713 1624 3768 erat,
1659 3699 1861 3756 Nicaeni
1892 3699 2110 3772 concilii

527 3808 797 3868 tempore,
821 3797 1105 3854 novilunia
1118 3795 1630 3856 committebantur;
1659 3791 1753 3847 sed
1780 3791 1925 3861 quod
1954 3789 2108 3844 inda-

529 3891 724 3961 ganda:
740 3906 805 3945 ex
824 3888 1076 3946 mctliodo
1094 3886 1585 3958 computandaeque
1609 3885 1773 3949 lunai,
1802 3892 1862 3938 ut
1890 3891 2108 3948 vocant,

530 3986 676 4044 artati
706 3983 930 4042 minime
958 3990 1106 4038 esset
1136 3982 1387 4045 idoneus,
1419 3981 1528 4036 nisi
1573 3979 1815 4034 ternario
1843 3978 2114 4032 minuere-

531 4088 642 4144 tur,
694 4085 910 4146 prepter
946 4073 1177 4132 Romani
1228 4083 1284 4129 et
1325 4071 1680 4128 Alexandrini
1717 4070 1845 4125 anni
1903 4069 2112 4124 discre-

528 4178 750 4242 pantem
772 4168 1005 4225 formam
1038 4167 1304 4238 initiaque
1325 4165 1560 4221 diversa.
1585 4163 1661 4219 De
1675 4163 1874 4234 quibus
1891 4160 2112 4217 uberior

531 4259 668 4315 alias
701 4259 1068 4313 instituendus
1091 4266 1175 4312 est
1210 4271 1411 4311 sermo.

605 4351 873 4405 Caeterum
917 4350 1127 4404 lunaris
1181 4349 1285 4404 iste
1327 4348 1514 4419 cyclus
1546 4361 1577 4401 a
1623 4343 1888 4402 Januario
1928 4358 2116 4398 mense

532 4442 684 4510 ducit
709 4441 1020 4508 exordium,
1055 4449 1116 4494 ut
1137 4439 1282 4502 Beda
1309 4455 1417 4495 non
1441 4453 1550 4493 uno
1579 4437 1699 4496 loco
1725 4445 1976 4494 testatur.
2009 4434 2114 4501 Qui

2217 1961 2499 2030 sequentis
2547 1961 2676 2015 anni
2734 1961 2940 2016 mensis
3007 1962 3149 2016 intra
3206 1961 3489 2032 paschales
3540 1963 3823 2017 terminos

2215 2065 2566 2116 coerceatur,
2643 2067 2831 2108 mense
2895 2068 3006 2108 uno
3066 2052 3126 2107 ﬁt
3201 2053 3436 2108 auctior.
3515 2051 3817 2122 Ejusmodi

2215 2150 2394 2196 autem
2426 2144 2553 2196 anni
2581 2142 2657 2196 illi
2701 2153 2831 2198 sunt
2890 2159 2966 2198 vn
3005 2160 3144 2213 quos
3181 2145 3650 2208 enumeravimus,
3701 2145 3824 2201 hoc

2214 2244 2298 2290 est
2352 2235 2502 2288 aurei
2552 2235 2609 2290 in
2651 2233 2981 2290 Kalendario
3037 2237 3251 2292 numeri
3313 2253 3388 2300 ιι,
3459 2253 3528 2304 v,
3579 2253 3681 2304 vu,
3753 2253 3820 2300 ι,

2216 2342 2338 2392 xm,
2396 2342 2523 2393 xvi,
2590 2341 2746 2390 xvm,
2821 2342 2930 2380 non
3001 2335 3182 2381 autem
3240 2343 3360 2392 vni,
3403 2344 3478 2394 ιι,
3535 2345 3654 2385 ιιι.
3719 2329 3823 2385 Et-

2217 2418 2363 2473 enim
2406 2433 2530 2473 cum
2562 2433 2764 2474 aureus
2825 2434 3088 2474 numerus
3145 2436 3216 2473 vn
3260 2421 3313 2474 in
3367 2437 3468 2474 usu
3510 2431 3614 2484 est,
3641 2437 3818 2490 quem

2215 2511 2350 2582 cycli
2399 2510 2913 2566 decemnovennalis
2961 2521 3214 2566 octavum
3235 2527 3355 2566 esse
3387 2513 3665 2576 volumus,
3695 2514 3822 2582 pri—

2215 2617 2339 2656 mus
2373 2602 2578 2656 mensis
2639 2601 2830 2671 incipit
2880 2601 3060 2656 Martii
3103 2619 3218 2656 xxu
3255 2621 3268 2658 :
3308 2603 3540 2673 ideoque
3568 2604 3819 2658 emboli-

2216 2707 2387 2746 mosus
2407 2707 2530 2748 esse
2556 2691 2716 2748 debet
2751 2710 2764 2746 :
2791 2692 2995 2762 alioqui
3037 2710 3272 2762 sequens
3293 2710 3470 2751 annus
3499 2695 3727 2749 aliartii
3760 2713 3820 2750 vr

2215 2783 2559 2838 inchoandus
2581 2784 2704 2849 erit,
2727 2785 2814 2839 cui
2843 2800 3044 2840 aureus
3068 2801 3328 2842 numerus
3355 2803 3449 2842 vni
3481 2786 3676 2842 allixus
3700 2797 3818 2854 est,

2214 2892 2358 2932 anno
2374 2877 2882 2933 decemnovennalis
2899 2877 3032 2948 cycli
3049 2893 3214 2932 nono.
3234 2877 3348 2934 Hoc
3363 2887 3542 2934 autem
3559 2879 3819 2948 paschali

2213 2970 2409 3024 canoni
2441 2985 2506 3024 ac
2533 2967 2768 3026 Nicrenis
2790 2971 3023 3026 decretis
3053 2981 3347 3041 repugnat;
3374 2986 3438 3027 ac
3461 2971 3815 3038 Latinorum,

2215 3059 2318 3116 hoc
2365 3067 2449 3116 est
2482 3059 2888 3116 Judalzantium
2915 3102 2930 3126 ,
2967 3061 3259 3132 peculiaris
3315 3077 3470 3118 error
3525 3062 3617 3118 ille
3662 3061 3812 3118 fuit:

2213 3168 2377 3223 quem
2409 3162 2471 3208 ut
2493 3153 2776 3222 evitemus,
2811 3155 3061 3211 decimus
3079 3155 3270 3210 tertius
3287 3169 3481 3224 nempe
3512 3155 3720 3210 mensis
3741 3157 3813 3210 ad

2218 3261 2422 3300 annum
2439 3261 2534 3300 vin
2567 3246 2792 3302 accedat
2815 3255 3049 3318 oportet,
3076 3247 3154 3300 uti
3188 3261 3388 3308 nonus,
3414 3246 3505 3301 cui
3537 3261 3812 3300 numerus

2219 3354 2419 3394 aureus
2450 3339 2856 3401 vnttribuitur.
2898 3340 2952 3393 in
2989 3339 3191 3408 Aprilis
3233 3353 3263 3389 v
3301 3338 3734 3402 submoveatur,
3777 3354 3811 3394 ε

2219 3447 2330 3502 quo
2365 3433 2574 3502 primus
2620 3430 2904 3487 Paschalis
2961 3432 3169 3486 mensis
3212 3430 3457 3499 incipiat.
3501 3429 3704 3486 Eadem
3753 3439 3812 3486 et

2219 3524 2494 3578 undecimi
2535 3525 2673 3579 ratio
2703 3532 2807 3589 est,
2837 3523 2920 3579 cui
2952 3539 3212 3577 numerus
3227 3537 3426 3577 aureus
3447 3525 3706 3579 convenit
3729 3539 3789 3577 x.

2222 3613 2321 3670 llic
2380 3615 2706 3671 enim'cum
2743 3631 2774 3670 a
2830 3631 2920 3670 xlv
2967 3614 3148 3668 Martii
3189 3615 3355 3680 ineat,
3413 3614 3610 3669 decimi
3657 3617 3807 3670 tertii

2229 3704 2440 3760 mensis
2471 3707 2813 3761 neomeniam
2843 3707 2898 3760 in
2935 3705 3114 3760 Martii
3147 3720 3210 3758 ιιι
3231 3703 3492 3760 conferet.
3512 3704 3697 3771 Quare
3724 3706 3812 3760 in-

2226 3795 2574 3852 tercalandus
2603 3795 2691 3850 hic
2716 3796 2839 3859 erit,
2872 3806 2931 3850 ut
2958 3810 3263 3850 annusxua
3284 3794 3541 3864 "Aprilis
3562 3795 3809 3864 incipiat.

2297 3885 2544 3956 Denique
2590 3902 2682 3940 ιιι
2740 3902 2920 3942 annus
2971 3902 3095 3941 cum
3137 3901 3166 3940 a
3214 3895 3412 3955 quarto
3463 3886 3552 3940 die
3605 3887 3814 3956 Aprilis

2222 3979 2572 4045 exordiatur,
2603 3979 2959 4033 embolimum
2994 3994 3237 4035 mensem
3278 3994 3388 4033 non
3415 3979 3684 4044 continet,
3714 3978 3811 4032 sed

2225 4070 2481 4125 eumdem
2514 4071 2781 4141 sequitur.
2814 4070 3094 4138 Siquidem
3133 4087 3266 4126 xvm
3293 4086 3494 4125 aureus
3523 4085 3812 4134 numerus,

2229 4177 2394 4231 quem
2433 4164 2569 4233 cvcli
2599 4163 3116 4219 decemnovennalis
3147 4163 3418 4218 decimum
3454 4176 3665 4215 nonum
3700 4171 3816 4216 sta-

2230 4251 2457 4320 tuimus,
2487 4251 2664 4307 Martii
2694 4269 2783 4306 xv:
2814 4252 3095 4323 competit,
3132 4267 3162 4309 a
3191 4267 3304 4322 quo
3333 4267 3510 4306 annus
3543 4252 3817 4320 incipiens

2225 4344 2533 4401 necessario
2589 4345 2808 4400 tertium
2827 4345 3099 4399 decimum
3130 4359 3372 4399 mensem
3413 4343 3516 4398 sibi
3543 4344 3812 4408 vindicat,

2226 4435 2385 4506 cujus
2438 4437 2728 4491 neomenia
2759 4435 2939 4489 Martii
2960 4452 2992 4489 v
3022 4435 3248 4490 minime
3281 4432 3565 4489 Paschalis
3606 4443 3714 4496 est,
3748 4450 3816 4488 ac

533 4535 627 4590 ιιι).
649 4534 722 4589 De
751 4544 903 4602 temp.
921 4545 1024 4594 rat.
1042 4549 1160 4604 cap.
1184 4534 1273 4599 54,
1300 4533 1443 4589 illius
1467 4545 1662 4587 omnes
1677 4545 1852 4586 annos
1873 4529 2114 4600 exponit.
2148 4547 2194 4604 ι)
2226 4527 2454 4597 proinde
2480 4527 2642 4597 primi
2675 4527 2900 4592 mensis,
2941 4537 2997 4583 et
3039 4527 3168 4584 anni
3214 4525 3507 4581 ueomenia
3557 4525 3614 4579 in
3645 4525 3815 4595 Apri-

534 4626 778 4693 Quorum
809 4627 1022 4698 primus
1075 4642 1183 4681 non
1217 4623 1699 4681 decemnovennali
1741 4631 1938 4692 quarto
1966 4636 2118 4676 com-

533 4719 793 4782 mittitur,
821 4717 914 4788 qui
942 4727 1026 4773 est
1049 4732 1250 4772 aureus
1293 4730 1555 4771 numerus
1583 4729 1642 4768 ιιι
1677 4711 1798 4767 Kal.
1845 4709 1967 4765 Jan.
2005 4710 2118 4764 alii-

538 4827 660 4869 xus.
693 4809 978 4866 Secundus
1029 4824 1058 4863 a
1100 4823 1174 4863 ιιι
1204 4806 1324 4862 Kal.
1355 4805 1477 4862 Jan.
1522 4805 1650 4861 Dec.
1690 4821 1802 4869 ιιι,
1849 4813 2012 4872 atque
2043 4803 2118 4856 ita

536 4901 792 4970 deinceps
819 4899 1013 4970 reliqui
1031 4899 1099 4954 ab
1116 4913 1179 4953 ea
1195 4897 1411 4970 syzygia
1426 4895 1539 4951 fere
1552 4910 1740 4950 omnes
1765 4893 2114 4958 inchoantur,

535 5009 660 5062 qua:
681 4992 735 5047 in
761 4990 1023 5047 Januario
1051 4991 1271 5047 desinit.
1305 4990 1534 5046 Constat
1559 4988 1726 5060 igitur
1756 4988 1812 5042 in
1857 4985 2009 5057 cyclo
2038 4983 2120 5038 lu-

537 5088 682 5150 nari,
705 5078 936 5157 perinde
953 5093 1013 5140 ut
1035 5085 1090 5140 in
1117 5081 1622 5147 decemnovennali,
1646 5079 1884 5152 primum
1913 5093 2117 5134 annum

538 5194 658 5234 esse
687 5193 1002 5243 numerum,
1055 5186 1117 5233 ut
1168 5179 1240 5233 ita
1278 5178 1478 5247 dicam,
1515 5178 1764 5233 lunarem
1794 5190 1890 5230 ιιι
1928 5173 2023 5243 qui
2053 5172 2120 5227 ad

539 5269 658 5326 Kal.
691 5268 816 5326 Jan.
857 5269 1166 5324 adnotatur.

612 5362 708 5418 llis
737 5362 1135 5420 animadversis
1156 5377 1360 5417 annum
1412 5355 1942 5416 enneadecaeteridis
1975 5362 2124 5412 octa-

537 5469 668 5507 vum
719 5453 1096 5509 intercalarem
1145 5452 1316 5509 fuisse
1359 5451 1726 5516 defendimus,
1756 5451 1848 5518 qui
1895 5463 2121 5505 aureum

541 5558 834 5598 numerum
865 5543 1056 5599 habuit
1085 5559 1160 5597 vit
1190 5559 1202 5594 :
1235 5541 1328 5614 qui
1358 5550 1442 5598 est
1474 5556 1502 5594 a
1533 5540 1732 5610 primo,
1761 5538 1876 5592 sive
1904 5551 2022 5598 ιιι,
2047 5532 2129 5593 uti.

541 5635 748 5690 dictum
789 5642 896 5702 est,
955 5646 1228 5691 octavus:
1267 5635 1412 5705 quod
1459 5635 1526 5688 de
1553 5631 1706 5704 cyclo
1734 5630 2133 5686 decemnoven-.

547 5727 676 5789 nali,
713 5741 822 5796 quo
855 5727 922 5782 de
974 5727 1178 5795 agitur,
1206 5725 1552 5790 potissimum
1598 5723 1919 5780 asserimus.
1951 5718 2127 5774 Fuere

553 5818 753 5892 quippe
805 5817 1335 5874 enneauetaeteridis
1391 5818 1518 5874 anni
1553 5817 1640 5873 isti
1671 5823 1877 5887 septem
1906 5813 2124 5869 emboli-

2221 4621 2290 4676 lis
2317 4636 2370 4675 iv
2398 4619 2750 4675 diﬂ‘undetur.
2790 4618 2866 4674 Ita
2894 4619 3040 4674 enim
3072 4616 3500 4673 existimandum
3530 4626 3648 4671 est:
3683 4616 3817 4669 Em-

2219 4713 2502 4768 bolimaeos
2536 4727 2754 4767 menses
2777 4712 2830 4766 in
2868 4709 3118 4765 Pascliali
3144 4709 3298 4781 cyclo
3327 4724 3424 4764 eos
3453 4722 3596 4772 esse,
3632 4706 3728 4775 qui
3758 4712 3813 4760 in

2221 4805 2382 4859 linem
2443 4804 2570 4858 anni
2629 4803 2861 4873 conjecti
2917 4803 3261 4859 neomeniam
3347 4799 3626 4870 sequentis
3680 4799 3814 4853 anni

2221 4895 2469 4965 proxime
2515 4895 2868 4966 praacedunt,
2903 4903 2962 4948 ut
2994 4903 3049 4947 et
3096 4893 3308 4948 Pitatus
3351 4891 3420 4946 ad
3447 4892 3585 4946 idem
3641 4907 3815 4961 nego-

2224 4987 2357 5042 tium
2402 4987 2656 5041 observat
2690 5001 2808 5056 cap.
2841 4985 2894 5039 6.
2931 4983 3253 5051 Quanquam
3294 4983 3452 5037 aliter
3485 4981 3627 5051 apud
3657 4996 3815 5036 com-

2222 5092 2476 5150 putorum
2533 5079 2769 5134 artilices
2819 5077 3124 5146 dispensari
3167 5091 3385 5132 menses
3434 5075 3813 5131 embolimaeos

2223 5173 2515 5227 didicimus
2564 5187 2628 5224 ex
2692 5170 2833 5223 Beda
2895 5185 3015 5239 cap.
3074 5150 3169 5222 illo
3223 5167 3294 5222 ιδ
3343 5168 3439 5222 lib.
3473 5166 3550 5220 De
3604 5167 3814 5219 ratione

2227 5273 2543 5336 temporum,
2574 5277 2637 5316 ac
2666 5277 2764 5330 per
2787 5258 2970 5314 varios
3000 5259 3131 5312 anni
3165 5255 3366 5312 Juliani
3395 5270 3614 5312 menses
3644 5255 3811 5310 dissi-

2226 5355 2362 5424 pari.
2387 5353 2592 5409 Verum
2631 5353 2688 5407 in
2749 5349 2991 5421 paschali
3039 5349 3146 5404 hoc
3186 5348 3437 5404 instituto
3479 5347 3811 5404 embolimus

2225 5443 2317 5502 ille
2339 5443 2544 5498 mensis
2571 5441 2763 5512 procul
2792 5439 2961 5497 dubio
2989 5439 3296 5494 censendus
3317 5450 3422 5504 est,
3449 5437 3544 5509 qui
3569 5438 3809 5508 primum

2228 5550 2474 5591 mensem
2513 5534 2650 5606 cycli
2687 5533 2912 5602 ἀμέσως
2945 5530 3235 5586 antecedit.
3273 5528 3396 5596 Quo
3431 5529 3651 5600 quidem
3698 5538 3812 5584 sta-

2232 5636 2370 5688 tuto.
2406 5625 2617 5681 nullum
2653 5625 2765 5694 jam
2787 5623 3014 5679 dubium
3047 5632 3153 5689 est,
3185 5623 3315 5693 quin
3341 5622 3810 5677 embolimieorum

2230 5721 2400 5775 series
2451 5717 2721 5790 ejusmodi
2775 5718 2867 5785 sit,
2901 5715 3119 5786 qualem
3163 5730 3195 5770 a
3259 5715 3536 5771 veteribus
3585 5728 3814 5784 compn-

2231 5814 2373 5870 tistis
2400 5813 2736 5884 accepimus,
2765 5811 2820 5866 in
2849 5825 2958 5881 qua
2985 5819 3211 5865 octavus
3247 5824 3448 5873 annus,
3489 5824 3599 5862 non
3634 5821 3813 5863 nonus
