4054 6404
265 389 400 446 1οέιῖ

998 392 1086 449 DE
1126 393 1470 450 SIRMIENSI
1516 393 1602 449 ET
1639 391 2015 449 ANCYRANA
2053 391 2624 452 PSEUDOSYNODO.

3399 397 3532 453 H'E’S

264 506 610 564 intercalaris
659 510 866 566 mensis
914 513 1263 580 appendicem
1290 511 1582 580 excipiat:
1624 525 1750 564 nam
1793 519 1848 565 et
1879 517 1923 572 Α
1951 517 2076 565 octo
2107 509 2400 578 detractis,
2446 527 2587 582 quos
2629 512 2882 580 superior
2933 510 3291 567 embolismus
3327 513 3536 568 exhau-
3591 505 3594 508 ’

262 609 544 670 propterea
585 602 1153 659 enneadecaeteridem
1185 620 1239 658 ιιι
1272 602 1576 674 ogdoadem
1611 613 1664 656 et
1713 602 1845 656 hen-

261 690 522 746 decadem
555 692 749 761 partiri
783 693 986 757 solent,
1025 696 1104 748 uti
1159 694 1302 750 Beda
1343 694 1472 748 facit
1513 693 1608 748 lib.
1647 692 1720 746 De
1750 709 1845 745 ra-

269 783 413 836 tione
443 792 767 852 temporum,
787 797 910 854 cap.
928 788 1019 857 44,
1035 798 1088 844 et
1102 788 1331 861 ogdoadi
1374 793 1486 842 tres
1519 785 1847 841 embolimos

263 891 505 942 menses,
537 876 840 932 hendecadi
868 885 1165 948 quaternos
1187 877 1514 932 attribuunt.
1539 875 1678 932 Hinc
1701 875 1849 930 Afri-

262 982 437 1021 canus
462 967 604 1037 apud
629 966 851 1023 Hieran.
886 969 943 1022 in
969 984 1087 1038 cap.
1120 983 1175 1023 ιχ
1217 967 1383 1035 Ι)αη.,
1417 966 1610 1033 Graeci,
1644 967 1842 1038 inquit,

260 1069 312 1113 et
352 1059 534 1114 Judaei
589 1077 682 1130 per
731 1071 848 1115 octo
879 1078 1046 1116 annos
1096 1063 1259 1115 trium
1310 1061 1568 1116 mensium
1627 1060 1848 1131 ὲμὸολι-

264 1150 437 1222 σμούς
466 1151 692 1221 faciunt.
726 1151 806 1206 Ac
839 1151 1054 1206 tametsi
1080 1151 1288 1206 mensis
1312 1151 1521 1220 integer
1558 1165 1668 1205 non
1701 1161 1851 1206 octa-

264 1259 334 1298 vo
363 1258 544 1308 anno,
584 1245 681 1299 sed
728 1259 875 1299 nono
901 1259 967 1298 ex
1007 1237 1202 1298 diebus
1242 1243 1481 1298 residuis
1527 1251 1847 1318 consurgat,

266 1337 628 1392 nihilominus
664 1336 805 1407 quod
832 1344 888 1391 et
917 1336 1166 1404 proxime
1195 1335 1426 1392 solidam
1461 1334 1528 1389 ad
1568 1333 1847 1406 syzygiam

263 1428 591 1498 appendices
618 1427 725 1484 illa:
748 1427 866 1484 dies
895 1429 1196 1494 accedant,
1236 1436 1292 1483 et
1327 1427 1474 1499 quod
1508 1442 1574 1483 ex
1603 1425 1847 1497 superio-

263 1535 388 1574 rum
431 1534 705 1574 annorum
735 1519 1032 1575 ratiocinio
1062 1535 1280 1591 semper
1321 1519 1526 1591 aliquid
1583 1518 1849 1590 supersit,

261 1627 376 1682 quo
404 1612 653 1667 defectus
686 1613 776 1668 ille
811 1623 1229 1683 compensatur,
1274 1623 1470 1669 octavo
1504 1628 1649 1667 anno
1686 1612 1849 1668 inter-

263 1704 462 1760 calaris
493 1704 830 1775 adjungitur.

333 1797 494 1864 Quod
539 1806 722 1852 autem
771 1797 1015 1852 nondum
1049 1796 1200 1868 justo
1249 1798 1460 1852 dierum
1505 1814 1738 1853 numero
1785 1813 1853 1854 ex

257 1890 472 1960 epactis
503 1890 733 1946 collecto
787 1904 1179 1960 nonnunquam
1203 1890 1559 1945 embolismos
1590 1892 1854 1946 anteverti

268 1997 332 2038 ac
371 1981 699 2052 prtecipitari
738 1981 1001 2046 diximus,
1034 1981 1298 2037 ilinstrari
1331 1990 1506 2052 potest
1528 1997 1600 2036 ex
1641 1980 1856 2040 Judaici

256 2072 405 2144 'cycli
433 2071 816 2142 dispositione,
842 2072 1061 2140 qualem
1087 2070 1283 2127 Clossa
1316 2072 1509 2142 prima:
1547 2072 1720 2142 partis
1753 2070 1854 2126 Jad

261 2161 337 2216 Β.
390 2161 544 2216 Mosa
595 2160 852 2215 Tractatu
885 2159 1166 2214 Kiddusch
1214 2160 1542 2216 hachodesclt
1593 2161 1858 2215 describit

262 2271 388 2326 cap.
413 2255 467 2320 l,
495 2253 612 2326 52:
651 2255 911 2309 nimirum
947 2265 1168 2324 epactas
1207 2255 1336 2309 anni
1367 2271 1384 2309 l
1419 2262 1474 2309 et
1510 2269 1572 2320 ιι,
1616 2255 1671 2308 in
1701 2256 1856 2326 cyclo

267 2347 498 2403 Judaico
533 2362 658 2402 cum
683 2348 888 2418 epactis
913 2363 946 2400 v
971 2347 1244 2402 mensium
1275 2348 1406 2402 anni
1441 2347 1584 2402 tertii
1603 2347 1681 2402 ad
1707 2363 1856 2404 xxvn

269 2441 389 2497 dies
430 2441 689 2496 accedere
726 2458 740 2495 :
787 2440 1020 2511 ideoque
1059 2441 1125 2495 ad
1175 2441 1636 2511 complementum
1667 2442 1858 2497 embo-

259 2534 420 2590 ‘lismi
461 2534 671 2590 mensis
705 2533 949 2588 triduum
980 2522 1044 2588 ex
1070 2534 1244 2589 annis
1273 2534 1633 2604 sequentibus
1668 2545 1858 2590 mutuo

267 2627 464 2696 accipi.
494 2627 684 2682 Postea
729 2642 796 2681 ex
843 2625 1224 2680 residuo-anni
1259 2625 1402 2679 tertii
1447 2634 1502 2680 et
1549 2641 1617 2680 ex
1659 2635 1859 2696 quarto

257 2726 335 2772 'ac
367 2719 560 2786 quinto
595 2731 703 2770 una
741 2731 865 2770 cum
910 2715 1195 2770 mensibus
1228 2730 1260 2769 v
1292 2713 1424 2769 anui
1473 2716 1634 2782 sexti,
1671 2716 1857 2785 colligi

269 2808 389 2862 dies
422 2807 536 2862 fere
563 2823 741 2862 χχχιιι
767 2826 781 2862 :
807 2823 875 2862 ex
905 2808 1110 2878 quibus
1141 2815 1498 2876 compensato
1527 2807 1706 2861 triduo
1741 2807 1855 2868 illo.

271 2899 419 2969 quod
451 2901 808 2971 anticipatum
840 2898 1039 2960 fuerat,
1078 2898 1355 2966 secundus
1391 2898 1750 2953 embolismus
1776 2897 1859 2952 in-

260 2990 489 3046 seritur.
515 2989 720 3045 Deinde
759 3005 828 3045 ex
866 2989 1072 3060 epactis
1112 2990 1382 3046 mensium
1415 3005 1488 3044 vn
1517 2990 1650 3045 anni
1693 2991 1856 3054 sexti,

253 3091 324 3138 ‘et
352 3082 483 3136 anni
523 3081 764 3151 septimi,
799 3097 1016 3137 necnon
1064 3090 1118 3136 et
1146 3097 1175 3135 v
1201 3081 1472 3136 mensium
1503 3082 1629 3134 anni
1659 3081 1857 3146 octavi,

267 3192 386 3231 χχιι
416 3175 530 3232 fere
565 3177 685 3231 dies
721 3175 989 3231 couliunt.
1021 3174 1210 3246 Neque
1240 3184 1421 3230 tamen
1462 3173 1711 3228 differtur
1742 3187 1859 3226 em-

257 3266 570 3323 “bolismus:
599 3268 694 3322 sed
717 3281 816 3320 vnt
848 3267 965 3320 dies
993 3283 1060 3320 ex
1091 3267 1254 3320 annis
1271 3265 1626 3335 sequentibus
1659 3278 1858 3332 reprae-

259 3369 600 3424 sentantur,
642 3368 704 3414 ut
767 3359 978 3414 solidus
1029 3359 1234 3412 mensis
1299 3355 1612 3411 intercalari
1662 3352 1856 3424 possit.

256 3439 408 3506 Tum
450 3467 580 3507 vero
625 3467 692 3506 ex
741 3453 965 3506 residuo
1015 3466 1090 3504 vn
1146 3449 1441 3513 mensium,
1486 3461 1541 3503 et
1585 3462 1858 3502 annorum

268 3543 527 3607 duorum,
575 3541 830 3596 videlicet
877 3557 928 3595 ιχ
980 3555 1046 3595 ac
1095 3556 1128 3594 χ
1173 3540 1472 3609 itidemque
1509 3539 1782 3593 mensium
1827 3554 1857 3593 v

258 3633 515 3704 tpriorum
560 3634 690 3688 anni
737 3648 791 3688 χι
841 3633 957 3688 dies
989 3631 1332 3701 "colliguntur
1381 3645 1551 3685 χχχιιι
1597 3649 1610 3684 :

320 3766 873 3793 mm.”
892 3766 1665 3777 ._.___....._.____..

1657 3629 1861 3700 quibus

1948 610 2115 668 serat,
2135 603 2378 674 quinque
2402 612 2456 658 et
2477 605 2667 674 viginti
2693 612 2922 668 restant,
2943 605 3010 658 ad
3037 617 3176 675 quos
3201 605 3537 675 complcnd:e

1951 696 2188 767 syzygiaa
2212 712 2244 749 v
2282 696 2374 750 alii
2401 696 2520 753 dies
2558 698 2952 768 anticipantur,
2980 707 3034 752 et
3073 697 3363 752 undecimo
3391 713 3537 753 anno

1947 787 2094 842 Adar
2118 788 2401 844 inseritur.
2434 788 2639 843 Eadem
2663 798 2750 845 est
2780 791 2909 844 anni
2945 806 3037 844 χιν
3073 790 3240 844 ratio.
3272 787 3536 844 Conliunt

1947 878 2094 932 enim
2128 877 2248 934 dies
2309 893 2516 945 χχχιιι,
2569 895 2634 934 ex
2685 879 2889 950 quibus
2920 895 2953 933 v
2993 879 3191 935 diebus
3241 881 3533 949 exemptis,

1950 967 2048 1038 qui
2083 968 2138 1022 in
2175 978 2524 1024 antecessum
2561 970 2811 1039 usurpati
2854 968 3101 1034 fuerant,
3144 968 3536 1039 relinquuntur

1952 1075 2121 1113 xxvm
2143 1059 2282 1123 dies,
2306 1068 2360 1114 et
2378 1061 2603 1114 biduum
2627 1060 2694 1115 ad
2721 1060 3106 1116 embolismum
3137 1061 3535 1118 cumulandum

1951 1161 1982 1201 a
2017 1149 2376 1216 sequentibus
2402 1150 2660 1204 sumitur.
2689 1147 2897 1204 Deinde
2921 1164 3066 1205 anno
3093 1164 3205 1204 xvu
3236 1161 3442 1219 epaetm
3467 1152 3537 1207 ad

1950 1237 2070 1294 dies
2101 1255 2274 1294 χχχιιι
2299 1226 3227 1312 perveniunt,restitutoquebiduo
3272 1241 3368 1296 illo
3409 1259 3535 1306 mu-

1951 1333 2192 1400 tuatitio,
2256 1348 2324 1410 εχ
2387 1349 2522 1388 χχχι
2571 1332 2806 1402 reliquis
2862 1333 3221 1388 intercalatur
3267 1335 3436 1400 Adar,
3482 1345 3540 1390 et

1953 1442 2100 1482 unus
2127 1427 2246 1482 dies
2279 1435 2551 1498 superest.
2581 1425 2771 1496 Itaque
2818 1425 2875 1479 in
2926 1426 3032 1481 fine
3068 1427 3206 1497 eycli
3237 1441 3387 1480 xxvii
3419 1425 3538 1482 dies

1951 1527 2209 1574 restant:
2265 1527 2321 1574 et
2375 1517 2742 1572 nihilominus
2791 1533 2865 1571 vn
2935 1517 3293 1574 intercalatur
3345 1517 3538 1576 embo-

1952 1612 2184 1676 lismus,
2240 1625 2386 1665 anno
2444 1626 2559 1665 χιχ.
2608 1608 2736 1665 llam
2785 1604 2994 1666 Glossat
3023 1609 3092 1665 de
3135 1611 3272 1682 cycli
3325 1608 3540 1666 Judaici

1953 1713 2234 1760 contextu.
2271 1704 2329 1758 In
2377 1718 2490 1774 quo
2529 1704 2771 1758 nondum
2819 1705 3031 1773 expleta
3082 1707 3302 1775 syzygla
3348 1719 3539 1759 versu-

1953 1813 2072 1851 ram
2106 1796 2246 1859 fieri,
2272 1804 2327 1851 et
2367 1795 2659 1865 anticipari
2705 1797 2822 1851 dies
2852 1797 3066 1864 aliquot
3109 1795 3303 1850 vides:
3347 1805 3540 1852 contra

1958 1905 2120 1960 quam
2161 1887 2412 1960 Scaliger
2455 1888 2549 1942 lib.
2579 1903 2654 1941 vn
2687 1887 2766 1942 De
2811 1889 3078 1943 emendat.
3117 1889 3172 1943 in
3217 1903 3397 1958 comp.
3443 1887 3542 1943 Ju-

1957 1983 2117 2038 daico
2156 1982 2310 2054 cyclo
2346 1981 2704 2036 embolismos
2740 1981 3076 2050 praicipitan'
3122 1980 3288 2035 nimis
3327 1981 3541 2050 impru-

1958 2077 2152 2132 denter
2197 2085 2379 2146 negat.
2409 2076 2736 2144 Quanquam
2781 2074 2979 2130 Glossa
3011 2075 3117 2130 ista
3152 2075 3401 2130 lunarem
3439 2090 3541 2128 an-

1962 2185 2092 2223 num
2131 2169 2360 2239 praecise
2403 2167 2620 2222 dierum
2653 2181 2843 2221 occuv
2870 2165 3191 2231 constituit,
3233 2181 3409 2235 neque
3447 2181 3544 2234 ap-

1961 2261 2220 2331 pendices
2247 2260 2413 2314 hor-as
2466 2274 2530 2314 ac
2559 2259 2820 2313 minutias
2851 2258 3252 2329 complectitur,
3283 2273 3404 2328 qtue
3429 2265 3544 2312 toto

1959 2353 2114 2424 cyclo
2147 2352 2392 2407 collecta:
2415 2351 2543 2406 dies
2573 2350 2876 2405 coniiciunt
2901 2367 2976 2414 Vl,
3021 2366 3148 2405 cum
3185 2350 3335 2404 horis
3358 2365 3450 2403 χχι
3489 2357 3546 2403 et

1960 2441 2190 2498 minutis
2216 2441 2286 2496 51
2337 2459 2350 2496 :
2389 2441 2591 2512 quibus
2624 2441 2788 2512 primi
2825 2457 2893 2496 ac
2932 2442 3198 2512 postremi
3233 2441 3544 2498 embolismi

1960 2533 2209 2590 defectus
2267 2544 2678 2605 compensatur.
2732 2533 3102 2601 Quamobrem
3152 2536 3309 2590 rudis
3358 2544 3445 2592 est
3491 2544 3548 2593 et

1961 2626 2292 2682 adumbrata
2327 2627 2468 2699 cycli
2494 2625 2716 2682 Judaici
2748 2622 2860 2681 ist!
2883 2627 3204 2697 descriptio,
3231 2636 3284 2681 et
3313 2627 3379 2682 ad
3411 2626 3545 2682 faci-

1961 2719 2155 2774 liorem
2185 2718 2508 2773 methodum
2539 2733 2606 2774 ac
2661 2721 2984 2789 popularem
3024 2729 3242 2789 captum
3273 2719 3543 2789 apposita,

1961 2825 2086 2865 cum
2116 2809 2338 2864 interim
2363 2809 2471 2864 alia
2501 2810 2575 2865 sit
2603 2810 2746 2878 apud
2769 2808 2997 2866 Judzeos
3029 2820 3346 2881 epactarum
3376 2826 3550 2878 anno-

1961 2916 2197 2971 rumque
2252 2900 2645 2956 conformatio.
2699 2899 2858 2966 Quod
2915 2900 3061 2955 idem
3124 2902 3193 2955 de
3252 2899 3545 2970 Epiphauii

1963 2991 2308 3049 Octaeteride
2341 2993 2705 3063 pronuntiare
2753 2993 2901 3058 licet,
2933 3008 3099 3063 quam
3131 2993 3218 3048 vel
3249 2994 3407 3058 nulli,
3441 2993 3546 3056 vel,

1962 3085 2010 3141 si
2039 3084 2209 3153 forte,
2242 3084 2588 3160 paucissimi,
2631 3092 2758 3155 post
2790 3083 3074 3140 Nicaanum
3118 3099 3386 3140 canonem
3415 3100 3549 3141 con-

1963 3175 2136 3231 ditum
2159 3173 2229 3231 ad
2254 3176 2577 3233 Paschalem
2600 3191 2766 3232 usum
2789 3177 3181 3233 adhibuerunt.
3212 3175 3364 3231 Hanc
3390 3177 3549 3232 nobis

1962 3268 2028 3322 de
2074 3267 2418 3323 embolismis
2464 3269 2890 3337 disputationem
2930 3269 3141 3339 peperit
3201 3267 3550 3322 octaeteridis

1959 3359 2356 3430 Epiphanianae
2410 3360 2724 3431 dispositio.
2777 3360 2912 3427 Quae
2959 3360 3152 3414 tandiu
3206 3360 3296 3414 hic
3348 3360 3550 3414 habere

1962 3452 2141 3505 locum
2173 3452 2384 3518 debuit,
2421 3452 2551 3506 dum
2587 3453 2844 3507 uberiore
2874 3467 2906 3507 a
2939 3452 3098 3515 nobis
3127 3451 3546 3514 commentario,

1966 3554 2129 3607 quem
2176 3539 2244 3594 de
2293 3549 2607 3610 temporum
2650 3540 2904 3596 doctrina
2938 3539 3303 3606 meditamur,
3354 3541 3545 3597 eadem

1967 3631 2055 3684 illa
2093 3642 2478 3702 pertractetur.

586 3768 872 3791 ...ηπ
892 3765 1885 3777 ._.____.__._._.____—__.

1957 3766 3540 3798 ΞΜ

949 3918 1054 3980 DE
1095 3917 1504 3979 SlRMlENSl
1549 3917 1652 3977 ET
1693 3916 2134 3978 ANCYRANA
2178 3915 2844 3994 PSEUDOSYNODO,

1435 4075 1678 4124 ALllSQUB
1719 4075 2155 4116 δειιιιιιιιλιιοιιυιι
2195 4075 2372 4125 ΛϐτΙε,

1072 4200 1405 4270 Soan'ns,
1440 4199 1771 4258 SO-ZOMENI
1811 4211 2350 4268 CETEBOBUMQUE
2386 4215 2730 4262 ΝΑιιιιΑτιο.

1628 4327 1708 4380 Ad
1735 4326 1925 4380 haeres.
1951 4341 2096 4380 Lm.

1875 4452 1941 4463 ...-

342 4535 442 4592 Ubi
467 4499 756 4593 se‘Ariana
785 4534 1009 4607 perfidia
1038 4533 1094 4590 in
1131 4534 1321 4589 orbem
1349 4534 1720 4590 Christianum
1762 4535 1846 4591 ef-
1881 4539 1928 4595 Ι)
1958 4537 2090 4590 tales
2123 4534 2362 4605 episc0pi
2387 4574 2402 4599 ,
2456 4531 2672 4589 Marcus
2712 4533 3076 4603 Arethusius,
3121 4537 3386 4610 Georgius
3425 4539 3552 4596 Ale-

269 4628 427 4695 l'ud'rt,
463 4628 633 4684 scissa
661 4636 746 4684 est
785 4627 966 4683 varias
1005 4627 1060 4681 in
1103 4639 1305 4696 partes,
1355 4642 1420 4683 ac
1470 4627 1852 4697 multiplicium

261 4729 540 4776 (sectarum
585 4729 641 4776 et
695 4719 992 4776 factionum
1045 4729 1173 4775 sunt
1213 4728 1337 4776 nata
1393 4719 1652 4774 divortia.
1684 4717 1756 4773 Ut
1787 4719 1855 4774 de

257 4811 475 4867 caeteris
527 4814 690 4867 modo
743 4821 994 4877 taceam,
1055 4811 1286 4883 insignis
1341 4810 1690 4880 potissimum
1751 4810 1855 4865 fuit

258 4901 480 4962 Photini
513 4903 829 4959 Sirmiensis
864 4903 1137 4974 impietas,
1169 4902 1266 4972 qui
1311 4901 1540 4957 Sabellii
1567 4909 1622 4957 et
1655 4901 1853 4957 Samo-

263 4993 438 5049 sateni
484 4994 738 5065 dogmata
787 4995 948 5065 longo
995 4995 1281 5050 intervallo
1327 4993 1626 5048 renovavit.
1676 4993 1851 5065 Cujus

264 5086 498 5142 hmresin
529 5087 721 5142 ordine
751 5103 818 5141 ιχ
850 5087 1033 5157 posuit
1080 5101 1147 5142 ac
1180 5085 1440 5140 refutavit
1481 5084 1846 5156 Epiphanius.

260 5177 420 5234 Hunc
447 5189 507 5234 ut
528 5180 897 5250 opprimerent
929 5178 1139 5241 Ariani,
1183 5193 1247 5233 ac
1297 5185 1498 5232 tantam
1540 5193 1569 5231 a
1611 5193 1671 5233 se
1705 5178 1848 5233 invi-

259 5269 404 5324 diam
436 5271 904 5342 ignominiamque
932 5270 1283 5340 depellerent,
1317 5270 1509 5340 utique
1539 5284 1599 5324 se
1628 5271 1846 5325 tandem

256 5362 560 5418 catholicos
625 5378 748 5419 esse
803 5363 1227 5432 profiterentur,
1275 5362 1583 5417 Constantii
1650 5362 1844 5432 imper.

253 5450 413 5520 jussu
447 5451 732 5519 Sirmium,
761 5468 883 5523 quae
911 5452 1040 5507 urbs
1068 5461 1151 5508 est
1197 5449 1509 5517 Pannoniae,
1536 5450 1847 5507 Orientales

250 5558 633 5605 conrocantur
661 5550 930 5622 episcopi,
955 5552 1415 5620 quemadmodum
1455 5551 1711 5608 Socrates
1744 5553 1841 5608 lib.

255 5655 331 5706 Iv,
373 5657 494 5711 cap.
531 5642 585 5706 5,
623 5644 826 5714 aliique
859 5651 1102 5697 narrant.
1145 5643 1302 5709 Quod
1353 5643 1516 5698 iidem
1548 5645 1844 5715 contigisse

253 5733 446 5788 volunt
475 5745 596 5804 post
628 5737 974 5790 consulatum
1031 5734 1207 5802 Sergii
1251 5744 1306 5789 et
1339 5733 1602 5806 Nigriaui,
1634 5737 1728 5806 qui
1762 5745 1845 5792 cst

249 5838 434 5882 annus
459 5827 662 5883 Christi
693 5825 1070 5887 55LAdfuere
1101 5826 1312 5900 synodo
1345 5827 1396 5882 iu
1425 5827 1615 5898 primis
1640 5828 1837 5884 Orien-

1965 4626 2225 4692 xandrize,
2262 4625 2496 4681 Basilius
2539 4626 2770 4698 Ancyra:
2805 4627 3069 4698 episcopi,
3102 4628 3424 4689 Pancratius
3452 4632 3553 4689 Pe-

1964 4715 2114 4779 lusii,
2149 4714 2488 4788 Hypatianus
2519 4715 2815 4773 Heracleae.
2841 4717 2922 4772 Εχ
2943 4719 3386 4779 Occidentalibus
3419 4739 3552 4781 vero

1961 4809 2150 4864 eadem
2187 4808 2404 4864 infectis
2439 4809 2577 4875 labe,
2607 4807 2807 4866 Valens
2857 4809 3172 4866 Mursorum
3221 4815 3547 4885 episcopus;

1963 4917 2176 4958 necnon
2225 4913 2281 4957 et
2333 4901 2511 4957 Osius‘
2550 4901 2923 4958 Cordubensis
2970 4902 3228 4959 Ecclesiae
3266 4906 3550 4962 catholica:

1963 5012 2058 5066 per
2090 4996 2178 5050 illa
2209 5005 2452 5065 tempora
2493 4995 2769 5059 columen,
2812 4995 2905 5066 qui
2949 5009 3016 5051 eo
3061 4997 3186 5052 licet
3220 4997 3424 5053 invitus
3457 5013 3552 5054 ac.-

1959 5089 2146 5145 cessit.
2177 5088 2232 5142 In
2269 5089 2373 5142 hoc
2390 5088 2646 5155 concilio,
2675 5087 3039 5143 condemnato
3076 5089 3325 5154 Photino,
3356 5092 3550 5162 triplex

1958 5183 2102 5237 edita
2127 5190 2212 5236 est
2240 5182 2309 5236 ab
2342 5182 2563 5236 Arianis
2613 5179 2735 5234 ﬁdei
2768 5177 3005 5234 formula
3039 5199 3052 5234 :
3091 5181 3265 5250 prima
3296 5180 3483 5237 Graece
3516 5198 3548 5238 a

1957 5275 2140 5330 Marco
2163 5274 2458 5328 Aretlrusio
2487 5281 2774 5342 concepta,
2799 5287 2964 5342 quam
3011 5272 3266 5327 Socrates
3297 5287 3417 5342 cap.
3454 5272 3544 5338 3’5,

1956 5377 2006 5420 et
2033 5376 2160 5419 ante
2189 5380 2313 5418 eum
2344 5363 2684 5417 Athanasius
2715 5362 2856 5415 libro
2889 5359 2960 5414 De
2999 5361 3215 5430 synodis
3249 5360 3434 5416 Graece
3463 5377 3550 5416 re-

1957 5456 2174 5522 ferunt;
2203 5455 2396 5510 Latine
2426 5469 2556 5510 vero
2599 5453 2838 5507 Hilarius
2865 5452 3002 5507 libro
3035 5451 3108 5504 De
3146 5453 3384 5521 ayuodia.
3422 5450 3549 5506 Dure

1954 5548 2073 5602 aliae
2103 5548 2308 5602 Latinae
2350 5554 2498 5610 sunt,
2522 5561 2756 5616 quarum
2784 5545 2959 5614 prima
2993 5559 3024 5597 a
3053 5542 3278 5598 Socrate
3303 5553 3356 5596 et
3379 5542 3550 5597 Atha-

1954 5641 2109 5697 nasio
2166 5641 2358 5697 iisdem
2421 5641 2557 5695 locis
2612 5639 2887 5708 descripta
2936 5637 3282 5700 continetur;
3341 5644 3550 5704 postre-

1954 5749 2121 5801 mam,
2149 5749 2271 5803 quze
2307 5733 2362 5787 in
2410 5730 2746 5788 Ari'mineusi
2800 5728 3010 5801 synodo
3055 5744 3085 5782 a
3133 5725 3353 5782 Valente
3407 5727 3550 5782 reci-

1951 5837 2064 5882 tata
2090 5826 2438 5898 postmodum
2483 5835 2588 5890 est,
2631 5835 2684 5880 ct
2731 5839 2760 5879 a
2811 5821 3097 5878 catholicis
3133 5819 3354 5890 rejects,
3383 5818 3546 5874 habet
