4054 6404
595 337 736 397 1039

593 554 834 621 synodis.
869 555 1000 615 Duae
1048 562 1230 635 itaque
1274 577 1388 626 tum
1436 572 1688 634 formula:
1719 579 1906 637 Sirmii
1941 587 2185 656 promul-

590 652 732 710 gata:
775 657 947 704 sunt:
990 668 1117 708 nam
1168 661 1382 716 tertiam
1429 665 1662 723 Arimini
1711 682 1898 741 postea
1940 652 2187 745 publica-

587 743 737 788 runt.
796 737 856 792 ln
912 742 1099 800 eadem
1145 751 1354 819 synodo
1398 752 1638 815 Basilius
1691 737 2014 835 Ancyran-us
2058 783 2181 824 cum

585 819 821 884 Photino
870 845 1054 890 coram
1103 838 1435 910 imperatore
1481 860 1812 920 congressus
1857 863 1980 913 est:
2026 861 2182 928 cujus

582 915 974 987 disputationis
1008 933 1340 990 mentionem
1383 937 1437 992 in
1479 915 1801 1002 Photiniana
1846 948 2038 1007 haeresi
2095 952 2180 1006 fa-

581 1006 658 1061 cit
713 1008 1066 1084 Epiphanius.
1119 1021 1286 1080 Osius
1332 1043 1462 1083 vero
1520 1033 1611 1087 ditt
1663 1051 1786 1092 cum
1847 1006 2175 1101 Arianorum

578 1102 806 1168 perfidia
846 1115 902 1161 et
937 1108 1283 1180 imperatoris
1317 1123 1638 1181 crudelitate
1671 1128 1931 1200 luctatus,
1973 1150 2038 1192 ac
2085 1139 2177 1194 di-

543 1627 548 1632 _
573 1559 700 1628 quis
723 1567 974 1634 tyrannis
1003 1569 1320 1634 felicissime
1353 1559 1689 1653 compressis
1734 1602 1830 1648 aut
1857 1596 2165 1666 exstinctis,

572 1648 729 1706 Callo
770 1655 994 1730 insuper
1039 1676 1255 1732 necato,
1299 1648 1622 1732 Constantio
1661 1674 1750 1734 VII
1793 1694 1848 1738 et
1903 1686 2058 1742 Gallo
2100 1685 2166 1745 ΙΙΙ

569 1754 740 1810 coss.,
765 1761 911 1804 anno
935 1751 1061 1820 554,
1085 1756 1303 1815 demum
1328 1761 1621 1825 Arbetione
1643 1783 1694 1828 et
1715 1773 1962 1844 Lolliano
1993 1796 2164 1852 coss.,

569 1849 717 1891 anno
749 1838 876 1908 555,
910 1841 1139 1903 Romam
1191 1861 1251 1906 ut
1297 1856 1661 1928 triumpharet
1715 1838 2008 1941 profectus,
2048 1838 2161 1931 Me:

568 1927 777 1985 diolani
819 1937 1088 2005 synodum
1134 1944 1284 2014 cogit
1327 1927 1587 2008 adversus
1629 1927 2014 2019 Athanasium:
2048 1927 2162 2025 fCui

567 2031 693 2072 cum
759 2025 1026 2081 acerrime
1083 2029 1492 2103 refragarentur
1561 2044 1815 2102 catholici
1884 2053 2160 2128 episcopi,

568 2112 870 2178 praesertim
907 2114 1177 2178 Eusebius
1211 2122 1590 2198 Vercellensis,
1623 2112 1932 2210 Dionysius
1958 2112 2162 2206 Medio;

568 2199 834 2271 lanensis,
857 2204 1120 2267 Paulinus
1151 2213 1523 2290 Treverensis,
1554 2199 2158 2311 Lucifer'Calaritanus,

565 2293 750 2348 casula
760 2311 815 2351 re
838 2297 977 2367 jussi
1013 2313 1162 2360 sunt.

642 2382 845 2443 Eodem
887 2405 1035 2448 anno
1076 2406 1131 2451 et
1157 2395 1408 2458 Liberius
1451 2404 1731 2469 Romanus
1762 2421 2028 2488 pontifex,
2064 2429 2159 2497 qui

564 2472 712 2530 Julio
761 2493 1121 2551 successerat,
1178 2493 1323 2588 (“rod
1375 2472 2159 2575 Athanasiumlcondemnalre

569 2567 756 2632 nollet,
789 2572 1061 2646 relegatus
1098 2567 1294 2648 est,'ut
1345 2586 1506 2643 iidem
1545 2592 1788 2652 historici
1823 2618 1946 2657 cum
1978 2603 2160 2666 Theo-

567 2658 758 2715 dorcto
778 2673 833 2718 et
861 2663 1164 2727 Athanasio
1190 2684 1478 2735 testantur.
1505 2680 1580 2739 De
1605 2686 1822 2748 Liberio
1839 2712 1968 2753 vero
1991 2703 2154 2760 etiam

565 2746 892 2811 Ammianus
934 2759 1029 2816 lib.
1087 2779 1178 2820 xv.
1236 2765 1331 2824 His
1378 2771 1451 2826 ita
1503 2778 1803 2848 confectis,
1861 2787 2158 2860 imperator

566 2857 713 2898 amo
759 2852 1006 2918 sequenti
1057 2857 1219 2913 tertio
1265 2858 1493 2921 Kalend.
1540 2867 1711 2930 Maias
1755 2852 1985 2938 Romam
2034 2903 2156 2946 sese

567 2939 822 3006 contulit,
877 2953 936 2998 ut
978 2945 1120 3003 idem
1179 2951 1504 3013 Ammianus
1553 2975 1748 3023 auctor
1784 2984 1869 3029 est
1914 2977 2008 3034 lib.
2041 2998 2151 3038 xvr.

567 3026 673 3090 Qui
729 3045 854 3086 cum
914 3035 1024 3092 illic
1073 3040 1279 3101 diutius
1329 3058 1658 3111 commorari
1717 3063 1902 3131 vellet,
1953 3073 2154 3131 auditis

565 3117 924 3181 barbarorum
952 3129 1383 3204 incursionibus,
1411 3161 1463 3197 ιν
1493 3145 1610 3202 Kal.
1637 3149 1762 3208 Jun.
1793 3156 1847 3212 in
1879 3159 2149 3233 Illyricum

565 3211 838 3233 ---θυι-μ
938 3227 950 3233 -
1015 3221 1051 3233 ’-

563 3211 842 3280 profectus
871 3227 974 3274 est.
1009 3221 1148 3279 Cum
1191 3238 1372 3286 autem
1419 3233 1604 3294 Romae
1654 3243 1832 3301 adhuc
1862 3211 2155 3321 imperator
2182 3225 2225 3282 ε

565 3303 806 3373 degeret,
835 3308 938 3366 hoc
974 3324 1057 3369 est
1089 3330 1289 3376 anter
1316 3322 1434 3379 Kal.
1473 3326 1686 3394 lunias,
1715 3303 1992 3399 Eudoxius
2022 3345 2155 3402 Ger-

566 3396 817 3453 manicia:
840 3400 892 3454 in
924 3400 1080 3474 Syria
1107 3409 1419 3482 episcopus,
1451 3433 1574 3474 cum
1621 3422 1688 3478 de
1724 3425 1936 3486 Leontii
1963 3434 2156 3494 Antio-

567 3485 706 3539 chiae
751 3489 989 3562 episcopi
1049 3510 1223 3556 morte
1269 3509 1639 3568 renuntiatum
1685 3530 1859 3586 esset,
1897 3525 2155 3583 missione

566 3591 600 3630 a
627 3577 952 3640 Constantio
980 3586 1286 3659 impetrata,
1335 3597 1389 3652 in
1430 3598 1642 3672 Syriam
1678 3614 2001 3678 perveniens
2039 3619 2153 3675 An-

565 3669 878 3729 tiochenam
926 3679 1109 3736 sedem
1159 3701 1408 3758 occupat.
1454 3669 1628 3760 Quam
1675 3669 1996 3771 dignitatem
2022 3669 2151 3767 ade-

563 3769 688 3830 ptus
737 3773 883 3822 totus
917 3768 972 3824 in
1028 3772 1081 3828 id
1120 3777 1404 3849 incumbit,
1445 3796 1504 3840 ut
1542 3768 1758 3846 Aetium
1788 3811 2150 3868 cognomento

558 3853 753 3921 ἄθεον,
807 3867 861 3912 et
921 3863 1314 3926 Anomteorum
1371 3876 1671 3949 principem
1727 3887 2018 3954 pristinum
2083 3894 2139 3950 in

557 3949 788 4013 gradum
827 3953 1159 4014 restituet-ct.
1215 3961 1313 4020 llic
1355 3970 1499 4024 enim
1542 3988 1573 4027 a
1615 3973 1841 4033 Leontio
1880 3981 2145 4044 diaconus

553 4039 863 4108 ordinatus,
895 4060 993 4114 pro
1024 4063 1090 4104 eo
1119 4055 1263 4122 quod
1299 4056 1497 4116 Filium
1547 4064 1638 4120 Dei
1675 4084 1742 4123 ex
1779 4073 1950 4129 nihilo
1989 4039 2143 4134 orca:

552 4138 692 4196 tum,
735 4142 790 4189 et
825 4133 1004 4195 Patris
1066 4140 1390 4205 dissimilem
1424 4166 1710 4227 assereret,
1755 4163 2048 4224 damnatus
2090 4181 2143 4227 et

556 4223 765 4294 ejectus
797 4223 992 4286 fuerat.
1024 4231 1197 4304 Cujus
1238 4238 1566 4311 impietatem
1607 4223 1733 4306 cum
1778 4252 1986 4312 foveret

1658 364 2003 423 APPENDIX
2044 370 2680 446 DISSERTATIONUM.

595 455 853 518 Socrates
897 478 1014 536 cap.
1057 467 1164 537 29,
1209 475 1458 533 meminh
1499 486 1554 536 et
1603 483 1938 546 Athanasius
1980 489 2075 546 lib.
2117 492 2192 547 De

3782 416 3911 473 ίῦω

2221 502 2268 557 A
2297 499 2476 559 studio
2508 506 2862 570 Constantius
2903 522 3190 588 revocatis,
3223 540 3363 596 quas
3408 528 3698 600 Aspbalio
3733 532 3913 594 Eudo-

2298 593 2370 647 xii
2424 601 2760 672 presbytero,
2821 619 2877 662 et
2935 610 3072 667 Aetii
3123 593 3325 675 fautori
3380 593 3640 688 dederat.
3684 628 3909 695 litteris,

2293 684 2429 742 alias
2467 685 2734 750 Adversus
2769 694 3074 756 Eudozium
3125 709 3195 760 ad
3245 713 3607 771 Αηιὶοιήεηυε
3651 720 3904 790 scripsit.

2295 779 2530 862 Subjicit
2561 785 2647 842 his
2680 787 2934 848 Socrates
2960 796 3324 859 Ariminensis
3365 810 3594 864 concilii
3631 817 3910 868 narratio-

2291 881 2415 923 nem
2443 890 2456 926 :
2489 856 2542 928 in
2574 892 2686 946 quo
2719 879 2843 936 fidei
2881 884 3137 952 Ἐκθεσις
3175 856 3668 955 ἰΙΙαήξᾱὺπῦιῖέξι-έίο
3709 911 3770 956 et
3807 903 3906 959 Ya-

2285 954 2432 1018 lente
2459 969 2733 1036 proposita
2764 982 2867 1035 est,
2901 992 3024 1046 qua:
3066 980 3251 1038 Sirmii
3286 995 3415 1043 ante
3449 954 3764 1062 conapta'
3790 994 3901 1050 fue-

2288 1065 2392 1111 rat.
2431 1051 2775 1120 Sozomenus
2812 1078 2991 1124 autem
3043 1071 3242 1132 Liberii
3285 1079 3353 1133 ab
3389 1083 3598 1138 exsilio
3653 1091 3900 1143 revocati

2285 1161 2350 1202 ac
2379 1146 2606 1205 Romam
2649 1156 2929 1216 redeuntis
2963 1162 3245 1222 historiam
3277 1175 3536 1240 pertexit.

2285 1256 2406 1326 Qua
2442 1260 2499 1315 in
2545 1280 2600 1318 re
2646 1265 3204 1363 hodiernipscrjiplores
3227 1284 3506 1340 annalium
3546 1290 3620 1342 ab
3654 1294 3895 1363 antiquis

2841 1341 2951 1396 illis
2984 1341 3317 1406 dissentiant.

2351 1417 2505 1486 Quod
2551 1424 2618 1511 de
2664 1424 2983 1490 Sirmiensis
3028 1438 3289 1498 adversus
3327 1442 3633 1505 Photinum
3668 1457 3893 1511 concﬂii

2282 1519 2523 1581 tempore
2573 1509 2830 1578 Socrates
2881 1539 2946 1580 ac
2990 1526 3330 1590 Sozomenus
3361 1541 3733 1600 tradiderunt
3763 1589 3779 1610 ,
3819 1552 3893 1603 ni-

2279 1604 2480 1662 mirum
2514 1605 2705 1681 Sergio
2740 1629 2804 1670 ac
2836 1615 3098 1689 Nigriano
3122 1639 3265 1680 coss.
3300 1629 3649 1690 celebratum
3687 1639 3886 1706 fuisse,

2276 1698 2368 1768 qui
2413 1715 2497 1754 εει
2539 1717 2718 1758 annus
2759 1721 2882 1762 serae
2929 1709 3253 1770 Christiana:
3290 1718 3415 1787 55f,
3455 1721 3508 1777 id
3559 1726 3618 1780 in
3673 1698 3892 1803 magnis

2274 1783 2579 1848 Annalibus
2631 1795 2701 1849 ad
2747 1811 2950 1854 annum
2991 1802 3094 1857 557
3127 1807 3338 1864 duobus
3381 1783 3466 1867 vel
3511 1818 3711 1875 tribus

3314 1860 3334 1864 -
3394 1860 3466 1867 ---
3512 1860 3711 1875 -..πο
3762 1860 3886 1892 ...ες-

2197 1860 2240 1918 B
2274 1884 2462 1938 sertim
2513 1891 2852 1956 argumentis
2885 1892 3164 1953 refellitur.
3202 1901 3445 1968 Quorum
3479 1914 3886 1972 auctoritatem

2273 1976 2448 2030 secuti
2487 1979 2682 2050 reliqui
2718 1983 3106 2044 ecclesiasticae
3161 1990 3403 2051 historiaa
3442 2007 3889 2078 temporumque

2272 2068 2605 2136 conditores,
2641 2088 2766 2128 cum
2795 2078 3000 2134 erroris
3031 2083 3249 2138 eosdem
3294 2086 3418 2144 illos
3456 2094 3786 2163 scriptores
3814 2101 3888 2152 iu-

2271 2159 2554 2230 simulant,
2586 2171 2700 2219 tum
2737 2181 2883 2222 anno
2913 2168 3118 2228 Christi
3165 2175 3290 2241 557,
3338 2159 3684 2243 Constantio
3733 2189 3800 2242 IX
3839 2204 3888 2247 et

2268 2246 2484 2308 Juliano
2506 2268 2676 2319 coss.,
2727 2257 3042 2317 damnatum
3086 2265 3140 2320 in
3177 2265 3461 2329 Sirmiensi
3494 2281 3887 2339 conciliablo

2271 2341 2565 2400 Photinum
2618 2360 2894 2406 asserunt.
2940 2355 3275 2425 Argumenta
3330 2379 3494 2432 porro
3551 2383 3701 2427 sunt
3743 2376 3886 2444 ejus-

2269 2436 2415 2490 modi
2451 2455 2464 2490 :
2499 2439 2551 2492 in
2576 2440 2769 2524 primis
2795 2443 3050 2502 Socrates
3088 2466 3152 2505 ac
3187 2451 3530 2515 Sozomenus
3576 2471 3884 2528 testantur,

2267 2525 2456 2583 Osium
2487 2515 2898 2590 Cordubensem
2930 2539 2996 2592 ad
3032 2539 3384 2602 Sirmiensem
3417 2555 3715 2621 synodum
3755 2559 3884 2612 inri-

2269 2629 2382 2675 tum
2419 2626 2740 2690 accessisse,
2777 2630 2958 2702 ibique
2987 2634 3038 2688 vi
3073 2651 3137 2690 ac
3170 2642 3456 2698 tormentis
3483 2657 3789 2704 extortam
3821 2653 3884 2706 ab

2268 2713 2360 2768 illo
2384 2713 2669 2773 Athanasii
2706 2720 3134 2800 damnationem.
3166 2729 3328 2801 Atqui
3365 2737 3597 2793 nonnisi
3632 2743 3884 2814 relegata

2260 2807 2374 2874 jam
2423 2807 2658 2872 Liberio.
2708 2825 2995 2886 postquam
3047 2819 3271 2892 insuper
3320 2840 3532 2881 annum
3577 2829 3706 2899 jam
3748 2807 3883 2889 inte-

2265 2915 2422 2970 grum
2480 2899 2666 2957 Sirmii
2717 2917 2863 2962 esset
2923 2925 2954 2964 a
3019 2911 3340 2970 Constantio
3395 2919 3695 2987 detentus,
3758 2943 3880 2982 cum

2264 2991 2483 3048 Arianis
2513 3000 2937 3055 communicavit
2970 3003 3166 3070 Osius;
3204 3009 3346 3078 quod
3379 3012 3752 3073 Athanasius
3788 3021 3880 3074 do-

2265 3096 2350 3140 cet
2386 3085 2556 3155 Epist.
2605 3090 2676 3142 ad
2711 3092 2980 3150 solitario:
3014 3115 3025 3149 ε
3055 3098 3167 3152 Καὶ
3209 3099 3330 3154 ἀντὶ
3377 3103 3697 3178 ὲξορισμοῦ
3751 3131 3879 3165 κατ-

2265 3173 2378 3246 έχει
2429 3176 2620 3232 τοῦτον
2659 3179 2779 3234 ὅλον
2835 3184 3080 3239 ἐνιαυτὸν
3132 3191 3191 3242 ἐν
3246 3191 3323 3262 τῷ
3367 3195 3612 3267 Σιρμίῳ.
3671 3199 3875 3256 Exsilii

2258 3264 2372 3320 loco
2413 3285 2610 3323 annum
2647 3273 2904 3344 integrum
2948 3275 3134 3334 Sirmii
3167 3283 3320 3337 illum
3358 3264 3582 3341 dctiueti.
3608 3291 3870 3350 Liberius

2259 3373 2462 3427 autem,
2499 3373 2558 3418 ut
2591 3381 2653 3418 ex
2690 3364 2914 3425 Socrate
2943 3381 2997 3426 et
3040 3373 3330 3432 Ammiano
3359 3381 3551 3451 liquet,
3588 3403 3706 3442 non
3747 3402 3870 3446 ante

2253 3451 2459 3509 Christi
2499 3472 2702 3513 annum
2735 3457 2862 3526 555,
2903 3465 3199 3524 Arbetione
3249 3472 3457 3528 scilicet
3503 3487 3564 3532 et
3605 3478 3865 3537 Lolliano

2253 3559 2433 3609 coss.,
2468 3547 2523 3602 in
2556 3551 2808 3606 exsilium
2845 3555 3000 3618 abiit,
3027 3574 3150 3614 cum
3184 3561 3576 3635 Mediolanum,
3613 3574 3714 3628 ubi
3748 3587 3858 3630 tum

2252 3635 2612 3695 Constantius
2657 3652 2794 3707 erat,
2846 3641 3018 3702 Roma
3067 3663 3212 3708 esset
3241 3657 3473 3713 excitus.
3507 3661 3854 3721 Athanasius

2251 3743 2379 3784 vero
2423 3732 2613 3788 eodem
2663 3735 2753 3789 illo
2798 3737 2935 3794 libro
2981 3744 3172 3798 scribit
3221 3744 3408 3803 Osium
3459 3769 3529 3806 ex
3585 3755 3848 3826 Hispania

2249 3818 2487 3886 primum
2553 3821 2858 3881 Constantii
2920 3829 3122 3889 litteris
3176 3838 3410 3893 accitum
3470 3818 3845 3904 Mediolanum

2249 3907 2493 3976 venisse;
2528 3911 2875 3987 indidenique
2913 3918 2963 3973 in
3006 3926 3237 3992 patriam
3269 3930 3337 3984 ab
3370 3932 3464 3986 illo
3495 3939 3842 3998 remissum:

2243 3999 2408 4066 paulo
2437 4012 2560 4070 post
2592 4005 2788 4062 iterum
2819 4023 3105 4069 evocatum
3155 4033 3302 4075 anno
3340 4031 3458 4079 toto
3496 4025 3697 4086 Sirmii
3734 4052 3844 4088 ma-

2244 4101 2489 4147 ceratum
2529 4098 2940 4172 cruciatumque
2981 4106 3200 4163 demum
3236 4116 3615 4175 succubuisse.
3693 4125 3846 4192 Quod

2241 4181 2288 4234 si
2319 4199 2462 4240 anno
2508 4186 2776 4245 duntaxat
2818 4192 2923 4249 556
2968 4197 3343 4268 Constantius,
3377 4223 3444 4262 ex
3481 4226 3595 4280 quo
3636 4214 3846 4274 Sirmio

2241 4272 2297 4326 in
2331 4274 2537 4331 Italiam
2566 4280 2846 4350 profectus
2875 4298 3016 4353 erat,
3048 4290 3220 4349 Roma
3255 4297 3308 4350 in
3341 4298 3616 4372 Illyricum
3659 4323 3846 4365 rever-

545 4416 663 4472 tus,
716 4421 776 4467 ut
822 4415 1014 4471 scribit
1069 4419 1358 4491 Socrates,
1401 4428 1580 4497 palam
1624 4433 1830 4490 nefaria
1877 4438 1996 4508 ejus
2037 4443 2137 4497 do-

541 4511 726 4572 gmata
757 4508 1053 4574 przedicare
1081 4515 1267 4584 coepit,
1305 4533 1371 4573 eo
1397 4534 1529 4576 sane
1565 4525 1929 4585 confidentius

538 4591 655 4649 Osii
686 4597 1059 4658 Cordubensis
1105 4604 1317 4664 litteras
1363 4610 1662 4683 jactitaret,
1694 4619 1895 4690 quibus

539 4687 714 4741 errori
751 4692 1172 4763 subscripserat.

1949 4625 2127 4681 eidem

610 4793 744 4863 Quae
782 4815 906 4854 cum
936 4799 1201 4876 Georgius
1250 4805 1588 4869 Laodicenus
1634 4817 2130 4894 animadvertisset,

537 4883 748 4941 litteras
774 4887 1045 4961 Ancyram
1079 4894 1148 4948 ad
1178 4894 1440 4955 Basilium
1479 4902 1662 4970 dedit;
1709 4909 1802 4977 qui
1838 4919 1950 4966 tum
1991 4914 2131 4972 forte

534 4977 602 5033 ad
651 4978 1042 5048 dedicandam.
1111 5003 1274 5057 quam
1338 5005 1762 5066 construxerat,
1835 5006 2124 5063 ecclesiam

471 5092 478 5100 -
533 5066 845 5136 complures
900 5084 968 5124 ex
1018 5073 1264 5131 finitimis
1305 5079 1579 5152 episcopis
1631 5101 1978 5146 convocarat.
2013 5091 2126 5148 lla-

471 5169 482 5179 ‘
532 5158 646 5213 bito
681 5159 863 5231 itaque
885 5161 1174 5236 Aucyrano
1204 5159 1457 5238 concilio,
1487 5175 1750 5250 lectisque
1783 5181 2004 5254 Georgii
2034 5187 2120 5242 lit-

531 5247 682 5312 teris,
711 5248 989 5307 decretum
1034 5254 1168 5310 illud
1214 5255 1338 5312 fidei
1377 5243 1784 5331 conditum'est,
1814 5243 1961 5341 quod
1995 5273 2124 5346 Epi-

528 5340 764 5409 phanius
806 5352 861 5398 et
901 5343 1138 5403 Hilarius
1183 5363 1655 5420 commemorant;
1723 5361 1776 5414 in
1830 5378 1942 5433 quo
1989 5383 2124 5438 sup-

525 5448 716 5502 pressa
745 5435 840 5488 τοῦ
885 5437 1167 5508 ὁμοουσίου
1205 5457 1360 5508 voce,
1409 5445 1734 5516 ὀμοιούσιος,
1767 5452 1870 5509 hoc
1909 5465 2011 5523 est,
2043 5459 2118 5514 si-

523 5524 673 5580 milis
711 5525 858 5582 Patri
911 5531 1231 5588 substautiaa
1275 5533 1473 5590 Filium
1520 5554 1641 5595 esse
1685 5543 1919 5612 professi
1964 5561 2114 5617 sunt,

523 5631 555 5669 a
604 5632 714 5686 quo
751 5617 1078 5677 Semiariani
1122 5624 1272 5678 dicti.
1325 5625 1462 5682 Tum
1517 5629 1675 5700 legati
1737 5633 1997 5692 Sirmium
2042 5642 2111 5696 ad

524 5705 905 5775 imperatorem
941 5727 970 5765 a
1002 5715 1212 5784 synodo
1243 5717 1418 5783 missi,
1451 5718 1682 5778 Basilius
1715 5725 1966 5800 Ancyrar,
2005 5731 2114 5786 Eu-

520 5797 757 5857 stathius
782 5798 1044 5871 Sebastte,
1075 5804 1333 5863 Leontius
1360 5807 1540 5880 Cyzici
1568 5797 2107 5888 episcopiJQuoruut

2238 4374 2334 4417 sus
2363 4377 2467 4432 est,
2499 4369 2577 4422 uti
2609 4387 2773 4442 supra
2799 4375 3136 4447 disputatum
3172 4396 3275 4452 est,
3310 4369 3538 4460 apparet
3565 4411 3680 4451 non
3718 4414 3845 4457 ante

2235 4453 2341 4508 357
2370 4473 2597 4527 annum,
2634 4466 2879 4523 confecta
2904 4471 3017 4538 jam
3069 4473 3181 4530 Osii
3226 4453 3409 4538 annua
3453 4485 3651 4545 Sirmii
3703 4453 3845 4550 rele-

1935 4573 1949 4598 ,
1983 4535 2128 4602 quod
2163 4567 2207 4624 υ
2236 4549 2471 4617 gatione,
2518 4554 2876 4616 Sirmiensem
2930 4568 3200 4635 synodum
3239 4572 3378 4628 obiri
3423 4582 3704 4649 potuisse,
3757 4590 3842 4644 cui

1953 4625 2123 4649 ΑΞ)-..-
2240 4638 2276 4649 ιι
2317 4639 2328 4649 ·
2517 4645 2552 4649 ’-

2236 4638 2400 4696 Osius
2439 4645 2766 4719 suffragator
2815 4659 3127 4712 accesserit.
3189 4659 3282 4719 His
3331 4638 3548 4726 duabus
3603 4680 3846 4734 rationi-

2235 4729 2359 4794 bus.
2384 4736 2527 4803 quod
2559 4749 2614 4792 et
2640 4751 2761 4809 post
2793 4741 2995 4800 Liberii
3024 4752 3302 4819 exsilium,
3333 4767 3385 4812 et
3417 4772 3543 4828 post

2235 4834 2508 4878 carcerem
2544 4827 2610 4881 ad
2643 4835 3094 4893 consentiendum
3122 4845 3350 4901 adactus
3384 4827 3455 4904 sit
3491 4851 3699 4923 Osius,
3739 4873 3842 4916 ter-

2232 4914 2363 4968 tiam
2395 4919 2643 4989 adjunxit
2676 4939 2740 4979 ex
2777 4925 3004 4998 Hilario,
3037 4935 3130 5004 qui
3175 4937 3316 4995 libro
3353 4942 3428 4997 De
3453 4914 3697 5016 synodi;

2232 5005 2495 5062 miensem
2534 5013 2767 5070 affirmat
2813 5030 2936 5087 post
2977 5024 3269 5084 triennium
3298 5049 3421 5089 esse
3462 5041 3839 5111 celebratam.

2229 5109 2296 5149 ex
2324 5113 2434 5167 quo
2463 5098 2758 5160 Saturnino
2788 5107 3090 5169 Arelatensi
3125 5119 3381 5191 episcopo
3414 5125 3626 5182 Ariani»
3671 5150 3707 5188 a
3744 5152 3838 5191 ca-

2228 5187 2448 5246 tholicis
2481 5203 2566 5249 est
2606 5207 2800 5269 negata
2826 5187 3171 5263 communio.
3214 5187 3500 5272 Manifesta
3544 5237 3686 5279 vero
3733 5228 3836 5283 Sa-

2227 5282 2432 5337 turnini
2469 5287 2704 5345 defectio
2748 5301 2861 5348 tum
2902 5300 3152 5370 contigit,
3187 5320 3308 5359 cum
3343 5323 3667 5380 expugnato
3719 5319 3836 5375 Ila-

2227 5374 2448 5439 gncntio
2489 5376 2842 5440 Constantius
2894 5385 3170 5448 Arelatam
3222 5412 3346 5452 sese
3384 5405 3646 5460 contulit.
3685 5409 3835 5467 Con-

2223 5474 2330 5519 stat
2359 5478 2544 5523 autetn
2570 5488 2634 5526 ex
2671 5476 2961 5535 Ammiano
2989 5482 3083 5537 lib.
3116 5502 3226 5540 xxn
3257 5488 3650 5552 Constantium
3692 5518 3827 5556 non-

2189 5556 2326 5611 -uisi
2374 5578 2520 5617 alino
2549 5564 2754 5622 Christi
2787 5569 2894 5627 555
2940 5588 2999 5628 se
3035 5574 3101 5632 Vl
3138 5588 3193 5634 et
3237 5581 3394 5638 Gallo
3428 5584 3470 5639 ll
3496 5603 3654 5646 coss.
3697 5596 3834 5650 Are-

2220 5646 2383 5704 latam
2415 5653 2649 5721 venisse,
2683 5659 2990 5733 ibidemque
3021 5672 3253 5726 natalem
3287 5690 3446 5731 suum
3477 5694 3532 5734 v1
3574 5681 3660 5737 ld.
3706 5686 3830 5742 Oct.

2220 5740 2544 5799 celebrasse.
2575 5746 3104 5825 Uude~perspicuum
3140 5774 3225 5818 est
3263 5782 3410 5823 anno
3449 5771 3687 5831 demum

2221 5831 2454 5890 triennio
2473 5838 2584 5906 jam
2627 5843 2900 5915 absoluto,
2947 5847 3305 5914 Sirtnicnsem
3360 5867 3641 5936 synodum
3704 5889 3830 5942 per-
