4054 6404
292 422 421 479 1061

1133 416 1218 470 DE
1248 412 1594 471 SIRMIENSI
1626 411 1713 465 ET
1754 404 2132 464 ANCYRANA
2169 400 2756 463 PSEUDOSYNODO.

3419 400 3557 456 ωδε

292 549 465 593 actam
498 534 689 591 fuisse.
722 534 854 601 Quae
879 533 1097 604 quidem
1126 534 1311 588 omnia
1360 533 1441 587 sic
1482 532 1534 586 in
1581 527 1875 586 Annalibus
1905 529 1951 585 Α
1980 523 2159 590 Quam
2220 522 2441 593 quidem
2498 522 2644 593 apud
2708 520 2990 574 Socratem
3047 515 3246 578 habes,
3303 514 3556 584 ascriptis

289 629 629 698 digeruntur.

360 721 521 774 Anno
551 719 656 773 555
708 717 1029 772 Constantio
1060 717 1131 773 VI
1176 727 1230 773 et
1254 719 1409 774 Gallo
1438 716 1479 770 ll
1513 731 1685 779 coss.,
1723 714 1868 768 victo

292 809 601 881 Magnentio
627 810 991 865 Constantius
1023 815 1076 863 in
1105 809 1308 865 Gallias
1334 808 1628 879 profectus,
1657 806 1869 861 Arelate

293 905 527 959 hiemem
572 902 832 957 traduxit.
879 902 983 958 Ubi
1030 902 1261 955 concilio
1306 901 1633 955 Arianorum
1681 908 1869 954 coacto

292 998 585 1051 damnatur
618 994 988 1059 Athanasius;
1041 992 1300 1048 Paulinus
1344 992 1718 1056 Treverensis,
1761 1007 1869 1047 una

294 1104 420 1144 eum
446 1088 653 1156 aliquot
675 1086 959 1141 catholicis
997 1086 1268 1155 episcopis
1299 1085 1492 1140 exsilio
1525 1085 1761 1138 multati.

364 1181 522 1234 Anno
554 1180 658 1233 554
690 1178 1009 1233 Censtantio
1037 1177 1124 1232 VII
1167 1187 1221 1232 et
1244 1177 1401 1232 Gallo
1429 1176 1496 1230 Ill
1533 1193 1702 1240 coss.,
1745 1175 1873 1231 Gal-

295 1275 382 1327 lus
427 1270 609 1326 Caesar
649 1270 957 1324 Constantii
1008 1270 1165 1340 jussu
1226 1279 1475 1324 necatur.
1540 1269 1872 1324 Athanasius

294 1362 637 1417 Alexandriae
672 1373 915 1416 vexatur.

366 1456 524 1510 Anno
563 1455 669 1509 555
698 1455 993 1510 Arbetione
1034 1464 1085 1509 et
1130 1454 1377 1511 Lolliano
1415 1471 1586 1521 coss.,
1618 1453 1875 1508 Mediola-

298 1561 468 1602 nense
518 1547 807 1601 concilium
862 1546 1119 1601 indicitur
1162 1562 1225 1601 ac
1267 1548 1574 1602 celebratur
1606 1545 1660 1600 in
1708 1559 1875 1600 causa

296 1638 605 1702 Athanasii,
650 1649 917 1709 prwsente
962 1638 1299 1695 Constantio.
1329 1640 1433 1708 Qui
1469 1640 1766 1695 catholicos
1812 1654 1876 1694 ac

298 1730 680 1786 sanctissimos
726 1730 1010 1801 episcopos
1060 1732 1207 1787 illius
1252 1733 1587 1787 damnationi
1639 1731 1877 1787 subscri-

298 1822 428 1876 bere
457 1831 771 1877 recusantes
802 1824 856 1876 in
908 1824 1162 1879 exsilium
1209 1825 1397 1894 ejicit:
1442 1826 1699 1880 nimirum
1744 1825 1877 1881 Ver-

1977 630 2121 669 coss.
2194 614 2571 669 nominibus:
2622 626 2732 682 qua
2788 610 2855 665 de
2921 622 3089 662 causa
3161 605 3554 661 catholicorum

1975 705 2243 767 omnium.
2295 702 2595 773 przese'rtim
2626 699 2936 766 Athanasii,
2970 698 3082 753 risu
3118 713 3183 753 ac
3207 697 3443 752 ludibrio
3474 705 3558 751 est

1971 804 2226 866 excepta.
2286 795 2488 850 Eodem
2539 810 2683 848 anno
2732 793 2982 848 Liberius
3034 791 3226 846 Bercta
3271 798 3560 844 revocatus

1979 888 2167 944 Sirmii
2206 889 2399 959 primae
2433 889 2507 942 illi
2563 886 2813 941 formulae
2846 885 3191 953 subscripsit,
3228 897 3351 953 quae
3374 882 3561 937 Grazee

1978 997 2008 1036 a
2055 981 2238 1037 Marco
2277 992 2469 1036 contra
2512 981 2803 1035 Photinum
2841 977 3044 1046 scripta
3095 975 3446 1042 fuerat;non
3474 989 3561 1027 se-

1979 1071 2189 1125 cundae.
2231 1070 2351 1137 Quo
2372 1071 2665 1140 impetrato
2702 1071 2929 1123 Romam
2960 1066 3274 1121 remittitur.

2048 1165 2210 1217 Anno
2241 1163 2346 1218 558
2375 1162 2623 1217 absoluta
2655 1159 2928 1215 Sirmiana
2947 1156 3387 1227 pseudosynade,
3417 1154 3563 1210 Con-

1978 1258 2215 1313 stantius
2261 1255 2633 1310 Nicomediam
2669 1254 2897 1307 alteram
2932 1250 3148 1305 indieit.
3183 1248 3289 1302 Sed
3310 1263 3375 1302 ea
3401 1259 3561 1302 terra:

1982 1363 2131 1405 motu
2165 1359 2458 1420 prostrata,
2493 1364 2618 1402 mox
2653 1349 2816 1402 etiam
2857 1343 3057 1409 Nicaea,
3086 1358 3199 1412 quo
3230 1351 3558 1396 conventum

1983 1441 2263 1497 transferri
2300 1442 2596 1511 placuerat,
2629 1439 2817 1493 eadem
2856 1437 3015 1489 ruina
3045 1435 3327 1490 subversa.

2050 1537 2209 1588 Anno
2248 1534 2353 1588 559
2387 1533 2639 1588 bifariam
2690 1529 2995 1585 distributis
3037 1527 3330 1597 episcOpis,
3368 1528 3559 1579 eodem

1985 1638 2231 1697 tempore
2261 1627 2493 1680 Arimini
2531 1642 2595 1681 ac
2640 1625 2901 1680 Seleucia:
2934 1626 2986 1678 in
3023 1624 3229 1679 Isauria
3257 1620 3447 1690 synodi
3479 1636 3565 1673 ce-

1983 1720 2284 1774 lebrantur.
2310 1716 2470 1773 Hanc
2514 1719 2730 1772 illorum
2767 1726 3072 1787 temporum
3113 1716 3418 1778 historiam,
3464 1727 3564 1767 cu-

1979 1811 2221 1881 jusmodi
2272 1811 2326 1865 in
2379 1811 2673 1865 Annalibus
2734 1812 3002 1875 traditur,
3057 1825 3181 1864 eum
3230 1808 3287 1863 in
3348 1807 3562 1862 caeteris

294 1914 588 1969 cellensem
636 1912 956 1978 Eusebium,
1011 1891 1328 1987 Dionysium
1381 1918 1874 1986 Mediolanensem;
1912 1891 1953 1944 Β
1979 1904 2239 1959 Nicolans
2268 1905 2467 1967 Faber,
2495 1905 2579 1959 vir
2596 1904 3020 1968 eruditissimus,
3047 1918 3154 1957 non
3182 1899 3470 1970 improbet,
3506 1897 3562 1952 in

282 2021 363 2059 sae
391 2014 666 2075 postremo
705 2005 979 2062 Liberium
1028 2023 1247 2077 papam,
1278 2025 1437 2079 quem
1478 2009 1647 2064 Roma
1678 2010 1879 2066 Medio-

297 2097 486 2152 lanum
530 2100 822 2151 acciverat.
863 2096 977 2152 Sub
1016 2099 1131 2153 haec
1177 2097 1340 2155 Osius
1385 2116 1449 2155 ex
1480 2099 1755 2170 Hispaniis
1796 2119 1881 2157 ae-

301 2186 535 2240 eersitus
587 2185 895 2253 frustraque
954 2186 1279 2241 sollicitatus
1323 2188 1375 2241 in
1414 2188 1644 2256 patriam
1697 2187 1876 2243 rediit.

372 2280 529 2332 Anno
556 2278 658 2332 556
689 2278 1013 2332 Constantio
1042 2276 1156 2332 Vlll
1188 2289 1239 2333 et
1271 2277 1487 2334 Juliano
1512 2295 1679 2345 coss.,
1714 2281 1881 2335 Atha-

290 2366 491 2421 ‘nasius
530 2364 761 2437 Syriano
792 2366 931 2421 duce
981 2377 1265 2437 grassante
1295 2368 1620 2424 Alexandria
1667 2371 1877 2440 pulsus,

290 2458 462 2526 eique
492 2457 819 2511 substitutus
848 2456 1136 2524 Georgius.
1186 2459 1543 2515 Constantius
1574 2460 1881 2516 Mediolano

306 2546 532 2600 ltomam
563 2547 810 2615 pervenit
840 2548 998 2601 tertio
1036 2546 1166 2601 Kal.
1217 2547 1401 2618 Majas.
1433 2550 1509 2603 lbi
1558 2565 1588 2602 a
1620 2552 1881 2606 matronis

306 2636 686 2705 interpellatus
742 2636 1021 2692 Liberium
1073 2639 1252 2692 edicto
1300 2648 1544 2694 revocat.
1600 2640 1882 2696 Eudoxius

293 2726 667 2781 Germanicis:
698 2727 993 2796 episcopus
1032 2728 1219 2782 audita
1260 2728 1469 2783 Leontii
1504 2739 1676 2785 morte
1710 2730 1880 2786 Roma

305 2814 653 2869 Antiochiam
690 2816 949 2872 advolans
990 2818 1173 2872 sedem
1225 2829 1480 2889 occupat.
1527 2819 1883 2877 Constantius

308 2924 360 2960 tv
414 2907 532 2962 Kal.
570 2908 696 2963 Jun.
723 2908 875 2965 Urbe
899 2909 1212 2979 digrediens
1248 2912 1302 2966 in
1336 2911 1611 2984 Illyricum
1640 2914 1878 2970 festinat.

378 2999 535 3053 Anno
567 2999 668 3053 557
706 2999 1031 3056 Constantio
1063 3000 1131 3055 IX
1163 3002 1461 3057 et~Juliano
1499 3004 1536 3058 ll
1566 3020 1734 3070 coss.,
1764 3006 1881 3061 Sir-

307 3090 521 3143 miense
566 3090 862 3144 concilium
916 3105 1100 3145 coram
1151 3090 1479 3145 Constantio
1520 3091 1881 3146 celebratum.

307 3174 364 3230 In
397 3192 506 3247 quo
553 3179 793 3248 primum
841 3180 1470 3243 damnatus-Photinus,
1507 3190 1562 3235 et
1608 3198 1636 3235 a
1685 3181 1883 3237 Basilio

307 3270 536 3341 Ancyrae
584 3272 843 3340 episeopo
894 3272 1232 3329 confutatus.
1286 3273 1425 3328 Tum
1462 3275 1584 3329 ﬁdei
1634 3274 1883 3332 formulae

300 3371 421 3417 tres
451 3364 774 3433 conscripta:
809 3384 821 3419 :
861 3365 1033 3433 prima
1088 3375 1313 3421 auctore
1360 3365 1545 3420 Marco
1594 3366 1885 3423 Arethusio

308 3452 520 3519 Graeca,
568 3455 620 3507 in
661 3471 769 3525 qua
807 3457 1048 3510 damnati
1084 3459 1223 3511 inter
1264 3468 1479 3521 etetera,
1525 3459 1616 3525 qui
1660 3475 1726 3512 ex
1776 3460 1882 3513 alia

304 3547 639 3609 substantia,
673 3557 729 3603 et
773 3565 882 3603 non
928 3565 994 3603 ex
1046 3549 1156 3605 Deo
1187 3550 1384 3604 Filium
1421 3552 1698 3605 exstitisse
1735 3552 1884 3605 dice-

309 3645 461 3691 rent:
482 3637 623 3692 hanc
648 3638 809 3692 habet
826 3640 1159 3695 Athanasius
1175 3641 1267 3693 lib.
1284 3640 1360 3693 De
1376 3642 1610 3709 synouis,
1646 3641 1884 3695 Hilarius

309 3729 407 3782 Lib.
440 3727 518 3782 De
564 3730 800 3798 synodis,
835 3739 889 3784 et
943 3730 1231 3797 Socrates;
1280 3730 1734 3786 secundaLatine
1767 3733 1883 3802 pri-

301 3835 461 3874 mum
499 3808 675 3885 edita,
699 3831 754 3876 et
789 3821 976 3877 Graece
1023 3824 1370 3892 postmodum
1414 3839 1699 3887 conversa,
1742 3828 1882 3894 apud

308 3911 508 3964 Athan.
560 3922 617 3966 et
672 3912 949 3967 Socratem
997 3923 1197 3970 exstat.
1249 3915 1382 3979 Quae
1435 3916 1533 3985 τῆς
1577 3915 1786 3982 οὐσίας,
1834 3928 1887 3970 et

307 4001 617 4071 ὁμοθυσιου,
665 4017 767 4057 nec
816 4018 925 4057 non
971 4004 1280 4075 ὀμοιουσίου
1325 4006 1591 4059 vocabula
1645 4020 1888 4060 comme-

311 4093 514 4146 morari
562 4093 766 4157 vetuit;
818 4092 1033 4149 Patrem
1082 4111 1211 4150 vero
1264 4096 1528 4165 majorem
1580 4112 1700 4151 esse
1748 4096 1889 4152 Filio

310 4181 573 4237 decrevit.
624 4181 775 4238 Hanc
820 4185 940 4239 ﬁdei
970 4185 1375 4255 professionem
1431 4187 1500 4241 ab
1533 4187 1667 4242 Osio
1699 4199 1752 4242 et
1784 4187 1889 4242 Po-

311 4282 533 4329 tamone
554 4278 921 4344 conscriptam
955 4278 1134 4346 prodit
1166 4278 1433 4335 Hilarius.
1466 4280 1545 4334 Ex
1579 4295 1690 4351 quo
1730 4280 1889 4336 facile

311 4367 606 4436 colligitur,
640 4369 776 4421 bane
805 4384 925 4423 esse
960 4369 1081 4423 ﬁdei
1106 4369 1345 4434 ἔκθεσιν,
1377 4372 1537 4441 cujus
1562 4373 1888 4442 apprebatio

312 4459 365 4511 vi
412 4475 477 4514 ac
525 4462 814 4515 tormentis
863 4462 931 4516 ab
985 4461 1117 4518 Osio
1166 4472 1251 4518 est
1295 4480 1574 4534 expressa.
1631 4465 1734 4520 Sed
1771 4464 1888 4521 Osii

1982 1996 2084 2049 hoc
2118 1994 2372 2050 dissentit
2402 2010 2533 2061 uno,
2559 1993 2704 2064 quod
2739 1994 2955 2049 tertiam
2988 1992 3113 2047 ﬁdei
3143 1989 3560 2062 professionem,

1981 2087 2069 2141 cui
2109 2101 2254 2142 coss.
2302 2086 2471 2140 additi
2522 2095 2672 2151 sunt,
2718 2094 2879 2157 negat
2922 2086 2976 2139 in
3022 2082 3310 2139 Sirmiensi
3354 2080 3562 2151 synodo

1982 2177 2153 2233 fuisse
2185 2177 2501 2232 conﬂatam.
2533 2177 2719 2248 Itaque
2751 2179 2889 2232 duas
2920 2176 3187 2231 duntaxat
3212 2175 3419 2246 priores
3447 2172 3565 2227 edi-

1974 2279 2067 2325 tas
2092 2278 2207 2324 tum
2236 2284 2357 2325 esse
2381 2281 2729 2334 censetgcum
2756 2271 3021 2325 adversus
3047 2268 3341 2323 Photinum
3372 2264 3561 2319 Ariani

1983 2371 2379 2418 convenerunt.
2412 2362 2753 2417 Postremam
2781 2378 2911 2417 vero
2945 2360 3133 2416 Sirmii
3163 2361 3309 2414 illam
3340 2358 3561 2428 quidem

1982 2453 2207 2518 editam,
2239 2454 2333 2508 sed
2364 2454 2418 2507 in
2443 2452 2678 2507 fortuito
2704 2453 3092 2522 episcoporum
3125 2464 3421 2512 concursu,
3454 2462 3563 2501 non

1982 2545 2224 2616 legitimo
2268 2546 2584 2615 indictaque
2629 2545 2882 2599 concilio.
2937 2544 3029 2598 Sic
3088 2543 3236 2598 enim
3287 2541 3565 2596 existimat

1983 2638 2038 2692 in
2076 2638 2164 2691 illa
2212 2636 2563 2704 Praefatione,
2620 2653 2784 2707 quam
2835 2634 3029 2690 Hilarii
3079 2634 3396 2704 fragmentis
3428 2649 3566 2703 prae-

1984 2731 2137 2786 fixit:
2187 2731 2565 2786 Constantium
2599 2731 2796 2785 litteris
2827 2734 2893 2785 ad
2925 2730 3272 2801 Aneyranum
3306 2729 3565 2785 Basilium

1986 2819 2227 2890 scriptis,
2264 2820 2556 2873 mandasse
2580 2828 2644 2872 ut
2666 2818 2733 2872 de
2762 2819 2881 2873 loco
2915 2819 3178 2887 cogendae
3218 2819 3407 2889 synodi
3439 2835 3564 2873 cum

1974 2910 2356 2967 Orientalibus
2384 2909 2732 2964 deliberaret.
2770 2908 2873 2963 Sed
2908 2924 3033 2963 eum
3084 2910 3225 2962 inter
3270 2910 3391 2965 illos
3433 2925 3567 2964 con-

1984 3002 2169 3057 venire
2196 3016 2299 3055 non
2329 3008 2532 3069 posset,
2552 2998 2812 3053 Basilium
2834 2998 2901 3052 ad
2938 2999 3325 3067 imperatorem
3351 2999 3568 3053 venisse

1987 3093 2173 3161 ibique
2232 3089 2475 3145 Marcum
2549 3090 2926 3156 Arethusium,
2976 3088 3256 3144 Valentem
3322 3089 3569 3159 aliosque

1992 3184 2280 3254 reperisse.
2332 3182 2490 3236 Tunc
2516 3182 2733 3238 collatis
2758 3181 3025 3250 capitibus
3052 3188 3105 3235 et
3129 3181 3567 3250 eonspirantibus

1992 3277 2057 3329 ad
2087 3274 2359 3329 Nicaenam
2390 3274 2548 3328 ﬁdem
2580 3272 2929 3329 evertendam
2961 3272 3183 3338 animis,
3226 3273 3487 3327 statuisse
3512 3284 3570 3327 ut

1986 3366 2177 3421 Nicata:
2214 3359 2455 3436 Synodus
2504 3365 2813 3419 haberetur.
2858 3362 2991 3419 Post
3036 3378 3159 3418 cum
3206 3364 3452 3418 eamdem
3479 3380 3571 3417 ur-

1988 3459 2108 3512 bem
2135 3468 2293 3511 terra:
2325 3464 2509 3510 motus
2550 3455 2851 3522 afﬂixisset,
2880 3456 3160 3519 statuisse,
3201 3464 3260 3509 ut
3289 3456 3571 3524 episeopo-

1987 3565 2107 3602 rum
2150 3563 2278 3617 pars
2326 3547 2631 3602 Seleuciam
2672 3562 2794 3602 sese
2837 3546 3133 3602 conferret.
3169 3546 3249 3601 Ae
3292 3562 3388 3616 per
3425 3546 3567 3600 idem

1989 3652 2202 3711 tempus
2231 3640 2418 3694 Sirtnii
2449 3654 2642 3694 novam
2674 3655 2740 3695 ac
2778 3640 2991 3695 tertiam
3041 3639 3164 3694 ﬁdei
3212 3638 3502 3693 formulam
3537 3653 3567 3691 εν.

1990 3733 2169 3787 Marco
2214 3731 2509 3786 Arethusio
2559 3730 2731 3787 fuisse
2776 3730 3178 3801 conscriptam;
3232 3739 3293 3784 ut
3327 3745 3392 3784 ex
3443 3730 3576 3784 Ger-

1990 3824 2141 3878 minii
2168 3823 2419 3894 epistola,
2448 3838 2571 3892 qua:
2601 3822 2655 3876 in
2680 3821 3025 3894 Fragmentis
3059 3821 3275 3893 legitur,
3310 3819 3569 3885 Nicolaus

1986 3916 2163 3970 Faber
2196 3915 2472 3970 observat.

1989 4008 2270 4077 Refeflitur
2315 4008 2570 4062 historica
2626 4007 2956 4075 superiorum
3009 4007 3245 4059 omnium
3307 4006 3569 4060 narratio.

2060 4100 2186 4154 Fuit
2213 4100 2318 4154 hoc
2347 4099 2512 4170 igitur
2546 4099 2811 4154 hactenus
2836 4113 3159 4167 persuasum
3181 4098 3460 4163 omnibus,
3499 4098 3573 4153 a'o

1990 4208 2101 4247 una
2168 4192 2470 4260 eademque
2543 4189 2830 4244 Sirmiensi
2895 4191 3102 4261 synodo
3153 4189 3570 4245 condemnatum

1990 4300 2113 4339 esse
2136 4283 2454 4347 Photinum,
2487 4290 2542 4336 et
2582 4282 2699 4334 sive
2730 4289 2860 4345 tres,
2905 4281 3019 4335 sive
3052 4280 3191 4335 duas
3222 4280 3413 4336 saltem
3445 4281 3573 4335 fidei

1993 4375 2261 4430 formulas
2290 4390 2412 4429 esse
2433 4372 2729 4443 profectas.
2767 4372 3011 4438 Quarum
3049 4373 3311 4428 adversus
3353 4372 3573 4427 Pbotini

1993 4469 2246 4538 dogmata
2276 4465 2423 4536 prior
2454 4465 2599 4539 edita
2635 4474 2751 4528 est;
2782 4464 2836 4517 in
2869 4479 2976 4534 qua
3014 4462 3124 4518 Deo
3151 4480 3346 4520 nomen
3386 4464 3574 4527 οὐσίας

307 4551 526 4620 lapsum
572 4555 945 4624 eompcnsavit
991 4553 1452 4612 Semiarianorum
1492 4559 1886 4629 propemodum
1922 4567 1965 4621 ι)
1996 4560 2318 4614 attributum
2350 4565 2455 4621 est,
2488 4572 2652 4626 quam
2705 4571 2881 4624 neqtte
2923 4554 3195 4617 collatari,
3239 4570 3413 4623 neque
3449 4569 3573 4609 con-

314 4641 647 4696 catholicum
700 4645 979 4697 decretum
1035 4644 1089 4699 in
1153 4643 1448 4716 Ancyrana
1502 4650 1749 4719 synodo,
1800 4654 1888 4704 cui

310 4733 548 4788 Basilius
584 4734 817 4802 praefuit.
856 4736 913 4789 In
943 4753 1053 4807 quo
1088 4738 1354 4793 adversus
1407 4739 1736 4794 Sirmianam
1770 4757 1893 4811 per—

308 4825 496 4879 ﬁdiam
533 4823 837 4882 Orientales
872 4827 1106 4897 professi
1139 4841 1285 4897 sunt,
1318 4830 1517 4885 Filium
1551 4847 1649 4902 per
1683 4834 1889 4897 omnia,

306 4917 558 4986 adeoque
604 4917 903 4972 secundum
957 4921 1341 4990 substantiam,
1384 4938 1506 4978 esse
1550 4924 1696 4979 Patri
1738 4925 1893 4979 simi-

310 5006 441 5060 lem.
500 5005 676 5073 Quam
724 5007 1115 5077 professionem
1154 5014 1311 5068 valde
1346 5018 1786 5070 commendatam
1829 5032 1894 5072 ac

310 5098 459 5152 notis
492 5099 819 5153 illustratam
872 5100 923 5154 in
955 5100 1158 5159 Gallias
1184 5106 1334 5160 misit
1382 5105 1644 5161 Hilarius.
1686 5109 1758 5160 At
1784 5107 1892 5161 Ba-

313 5189 471 5242 silius
503 5204 626 5243 cum
665 5187 1023 5245 Semiarianis
1075 5194 1242 5248 sociis
1293 5192 1557 5249 Sirmium
1613 5206 1890 5260 reverSus,

309 5291 366 5335 et
420 5284 544 5337 cum
621 5282 879 5349 Valente,
937 5284 1186 5350 Ursaeio,
1238 5287 1557 5356 exterisque
1616 5288 1892 5355 germanis

313 5375 534 5429 Arianis
582 5392 911 5445 congressus
955 5386 1058 5432 est.
1110 5378 1211 5445 Qui
1263 5379 1337 5432 ita
1387 5379 1605 5434 demum
1661 5382 1802 5434 inter
1835 5396 1894 5435 se

308 5464 635 5519 Constantio
687 5468 966 5522 annitentc
999 5471 1372 5535 consentiunt,
1410 5481 1470 5526 ut
1498 5474 1712 5527 sublato
1755 5473 1891 5527 sub-

310 5556 528 5609 stantiae
577 5558 815 5621 nomine,
867 5557 1060 5612 Filium
1102 5575 1199 5628 per
1232 5563 1413 5615 omnia
1472 5561 1619 5616 Patri
1656 5563 1892 5617 similem

308 5661 434 5700 esse
486 5646 889 5715 profiterentur.
944 5647 1084 5704 Hinc
1124 5653 1281 5706 tertia
1336 5654 1425 5707 illa
1478 5654 1603 5708 fidei
1654 5653 1890 5709 formula

314 5738 576 5799 manavit,
630 5754 791 5807 quant
846 5737 1045 5796 Valens
1092 5744 1157 5797 ad
1194 5743 1540 5800 Ariminense
1590 5747 1889 5801 concilium

311 5830 524 5897 detulit,
557 5838 615 5883 ut
646 5830 979 5899 Epiphanius
1013 5833 1114 5891 hac
1159 5836 1274 5906 ipsa
1319 5839 1372 5892 in
1406 5839 1597 5893 haeresi
1630 5848 1887 5896 testatur.

1996 4651 2138 4705 trahi
2199 4664 2359 4719 posse
2406 4648 2814 4703 decreverunt:
2863 4662 3027 4715 quam
3082 4646 3248 4700 etiam
3312 4645 3498 4700 Graere
3543 4662 3571 4700 a

1994 4740 2177 4794 Marco
2214 4738 2507 4793 Arethusia
2541 4737 2797 4805 scriptam
2830 4746 3061 4793 testatur
3096 4737 3350 4793 Socrates
3390 4737 3486 4792 lib.
3511 4754 3571 4802 ll,

1995 4847 2111 4901 cap.
2147 4831 2254 4893 25;
2308 4830 2477 4884 altera
2530 4829 2727 4883 Latino
2774 4843 3027 4884 sermone
3066 4829 3287 4895 tradita,
3329 4829 3573 4892 Valente,

1996 4923 2249 4989 Ursaeio,
2291 4921 2595 4988 Germinio,
2643 4937 2709 4976 ac
2737 4923 2948 4976 czeteris
2982 4921 3254 4991 episcopis
3294 4922 3577 4991 prasenti-

1994 5013 2119 5077 bus,
2155 5023 2213 5067 ut
2244 5012 2531 5080 inscriptio
2573 5011 2690 5080 ipsa
2742 5009 2865 5066 fert.
2898 5009 2954 5064 In
2985 5026 3091 5080 qua
3137 5010 3325 5073 οὐσίας
3376 5027 3573 5065 nomen

1995 5119 2209 5160 necnon
2250 5111 2305 5159 et
2349 5101 2633 5173 ὁμοουσίου
2688 5111 2852 5172 atque
2902 5103 3209 5173 ὁμοιουσὶου
3289 5103 3574 5167 vocabula,

1995 5199 2142 5267 quod
2188 5199 2244 5252 in
2296 5198 2468 5253 sacris
2501 5197 2719 5253 Litteris
2767 5213 2877 5251 non
2925 5206 3229 5261 exstarent,
3267 5196 3576 5251 oblitterata

1997 5300 2147 5356 sunt,
2180 5300 2234 5344 et
2268 5291 2323 5345 in
2373 5301 2695 5359 perpetuum
2738 5289 3079 5359 proscripta;
3133 5306 3258 5343 nam
3303 5290 3369 5344 de
3419 5291 3575 5344 tertia

1998 5382 2217 5447 merito,
2269 5390 2328 5434 ut
2384 5390 2573 5450 postea
2609 5382 2938 5445 videbimus,
2992 5382 3247 5435 bicolaus
3277 5379 3451 5434 Faber
3492 5397 3579 5434 re-

1997 5485 2219 5545 pugnat,
2250 5490 2413 5544 quam
2450 5474 2542 5527 alii
2571 5472 2760 5527 eadem
2798 5472 2889 5527 illa
2913 5471 2967 5526 in
3008 5471 3217 5542 synodo
3241 5479 3435 5539 putant
3457 5483 3579 5523 esse

1998 5567 2387 5635 conscriptam.
2452 5564 2606 5620 Hmc
2656 5564 2923 5628 Socratis,
2976 5562 3270 5616 Sozomeni
3318 5562 3570 5615 aliorum-

1997 5673 2123 5727 que,
2155 5668 2214 5711 ut
2249 5673 2374 5711 mox
2418 5656 2715 5718 constabit,
2760 5654 3246 5709 ballucinationem
3297 5652 3453 5705 novis
3487 5666 3577 5705 er-

1995 5750 2213 5804 roribus
2256 5749 2588 5817 recentiores
2637 5748 2887 5802 historici
2921 5746 3294 5801 cumularunt.
3330 5742 3576 5809 Quorum

1998 5856 2106 5899 non
2140 5839 2399 5896 minimus
2448 5839 2536 5895 ille
2582 5848 2684 5903 est,
2714 5838 2863 5911 quod
2907 5837 3253 5903 Aucyranam
3284 5833 3577 5891 Semiaria-
