4054 6404
535 426 676 484 1065

1684 418 2020 475 APPEN-Dlx
2080 414 2701 477 DISSERTATIONUM.

3646 418 3783 473 ιῡει

537 554 732 595 norum
758 537 1046 611 synodum,
1079 553 1202 608 quas
1224 538 1488 592 adversus
1513 534 1809 589 secundam
1847 532 2113 588 Sirmien—
2143 540 2188 597 Α
2222 533 2364 603 apud
2423 532 2789 588 Sozomenum
2832 531 2926 587 lib.
2978 547 3055 595 tv,
3098 544 3221 599 cap.
3272 528 3335 582 l2
3376 528 3533 583 enixe
3570 529 3636 583 ab
3679 532 3788 584 ius-

534 644 651 684 sem
678 627 963 683 formulam
1000 629 1178 682 habita
1215 638 1317 691 est,
1351 628 1403 681 in
1438 627 1687 681 eumdem
1736 640 1938 679 annum
1970 639 2109 680 con-

532 719 761 789 jiciunt,
808 734 923 789 quo
982 735 1013 773 a
1063 719 1347 772 Sirmiensi
1398 702 1629 773 concilio
1679 718 1971 772 damnatus
2025 726 2111 772 est

534 807 821 873 Photinus,
854 823 1053 879 nempe
1091 808 1293 863 Christi
1329 809 1454 863 357.
1494 807 1695 863 Verum
1725 824 1825 863 nos
1863 824 1929 862 ex
1965 809 2109 863 anti-

534 900 661 971 quis
711 900 963 953 Patrihus
1001 900 1236 969 primum
1273 899 1405 953 illud
1453 898 1661 953 odorati
1710 914 1939 962 sumus,
1995 907 2108 952 tres

533 992 760 1046 omnino
784 1004 1085 1047 conventus
1106 990 1487 1060 episcoporum
1518 991 1708 1044 eodem
1741 989 1792 1043 in
1818 989 2106 1044 Sirmiensi

533 1081 732 1149 oppido
783 1096 889 1134 non
940 1081 1130 1135 iisdem
1179 1080 1519 1149 temporibus
1578 1079 1880 1134 celebratos
1915 1078 2105 1133 fuisse.

533 1173 776 1238 Quorum
830 1174 1041 1242 primus
1080 1172 1374 1243 synodicus
1423 1180 1477 1225 et
1526 1172 1759 1226 indictus
1808 1173 1929 1234 luit,
1977 1186 2103 1225 cum

534 1261 798 1315 adversus
828 1259 1117 1315 Photinum
1168 1261 1512 1329 imperatoris
1546 1260 1741 1315 litteris
1766 1261 1944 1335 acciti
1977 1271 2105 1315 sunt

533 1352 811 1421 episcopi;
854 1353 1048 1423 reliqui
1078 1353 1186 1405 duo
1218 1352 1448 1413 fortuiti,
1481 1352 1815 1421 minimeque
1843 1352 2111 1406 concilio—

532 1459 655 1497 rum
709 1444 830 1498 loco
878 1459 942 1497 ac
997 1444 1218 1498 nomine
1266 1443 1518 1497 censendi
1550 1460 1562 1496 :
1597 1443 1651 1496 in
1702 1442 1901 1512 quibus
1946 1443 2103 1511 pauci

531 1534 799 1587 duntaxat
847 1535 1109 1604 episcopi,
1156 1536 1249 1603 qui
1297 1535 1431 1588 forte
1479 1534 1547 1587 ad
1592 1534 1973 1603 imperatorem
2010 1550 2110 1588 ac-

534 1632 832 1689 cesserant,
882 1625 1300 1678 communicatis
1354 1624 1605 1679 consiliis
1656 1640 1797 1679 nova
1854 1625 1977 1680 fidei
2014 1626 2112 1680 de-

532 1723 680 1768 creta
719 1714 1093 1769 conciderunt.
1124 1715 1393 1781 Quocirca
1425 1717 1661 1786 primum
1692 1718 1938 1772 omnium
1971 1734 2106 1773 con-

532 1811 617 1861 tra
646 1804 937 1860 Photinum
965 1806 1150 1861 Sirmii
1185 1809 1478 1863 concilium
1518 1809 1769 1878 generale
1795 1807 2106 1864 Constantii

2212 633 2462 693 peratore
2505 623 2872 693 postulantes,
2949 622 3092 677 ὥστε
3162 624 3386 692 κρατεῖν
3425 621 3493 672 τὰ
3538 622 3595 672 ὲν
3642 622 3791 691 Σαρ-

2209 715 2331 785 δικῇ
2356 753 2370 778 ,
2408 715 2502 766 καὶ
2534 716 2592 767 ἐν
2627 714 2868 784 Σιρμιῳ,
2911 711 3007 765 καὶ
3052 713 3109 764 ὲν
3151 715 3272 776 ταῖς
3316 711 3504 774 ἄλλαις
3549 712 3793 776 συνόδοις

2212 801 2545 872 κεκριμένα·
2594 810 2768 855 ut'ea
2811 812 2930 855 rata
2963 812 3265 865 manerent,
3316 816 3436 870 qut:
3478 802 3532 853 in
3591 801 3793 856 Sardi-

2212 893 2387 955 censi,
2451 908 2513 945 ac
2558 890 2874 959 Sirmiensi,
2935 894 3159 963 aliisque
3218 893 3455 948 conciliis
3501 894 3793 947 constituta

2212 982 2444 1049 fuerant.

2284 1073 2549 1129 Przeterea
2574 1074 2809 1131 Basilius
2830 1076 3153 1147 Ancyranus
3201 1078 3253 1132 in
3299 1080 3488 1134 eadem
3529 1080 3793 1149 synodica

2211 1165 2484 1236 Ancyrani
2513 1169 2753 1234 concilii,
2791 1169 2954 1239 longo
2985 1178 3103 1238 post
3128 1167 3483 1224 Sirmiensem
3515 1170 3792 1241 synodum

2212 1256 2533 1324 intervallo,
2584 1260 2810 1315 alteram
2880 1261 3028 1315 illam
3090 1260 3441 1315 Sirmiensem
3494 1261 3791 1317 formulam

2211 1349 2490 1403 exstitisse
2524 1349 2884 1405 demonstrat.
2927 1350 3137 1408 Etenim
3176 1361 3294 1421 post
3325 1348 3621 1406 Sirmiense
3646 1366 3792 1404 con-

2211 1440 2420 1506 cilium,
2472 1441 2640 1511 quod,
2688 1443 2765 1497 uti
2806 1444 3011 1498 dictum
3056 1454 3162 1509 est,
3195 1444 3487 1499 observare
3529 1458 3591 1497 ac
3645 1444 3790 1497 tueri

2211 1532 2346 1585 velle
2382 1533 2673 1603 significat,
2701 1536 3040 1605 acquievisse
3077 1551 3138 1590 se
3172 1537 3380 1600 scribit,
3408 1538 3577 1590 donec
3614 1549 3791 1590 novo-

2212 1638 2332 1677 rum
2367 1624 2749 1680 haereticorum
2790 1628 3222 1696 importunitate,
3254 1638 3307 1682 et
3336 1628 3549 1697 Georgii
3587 1627 3793 1683 Laodi-

2211 1714 2329 1767 ceni
2353 1715 2547 1771 litteris
2582 1725 2890 1772 commotus
2930 1720 2996 1773 ad
3044 1719 3494 1791 propugnandam
3532 1719 3685 1773 ﬁdem
3722 1735 3794 1775 se

2213 1821 2336 1860 cum
2368 1808 2484 1862 suis
2504 1810 2777 1879 episcopis
2805 1813 2997 1866 erexit.
3032 1810 3259 1880 Oportet
3290 1812 3456 1882 igitur
3496 1812 3635 1865 inter
3664 1812 3792 1865 Sir-

528 1898 689 1967 jussu
722 1897 1053 1953 celebratum
1086 1917 1098 1952 :
1133 1899 1200 1954 de
1231 1900 1389 1969 cujus
1417 1914 1563 1953 anno
1591 1910 1779 1970 postea
1808 1901 2110 1956 constitue-
2145 1900 2183 1957 Β
2212 1898 2476 1954 miensem
2537 1903 2804 1972 synodum
2844 1914 2897 1957 et
2924 1905 3268 1975 Ancyranum
3302 1904 3588 1959 concilium
3617 1905 3793 1958 inter-

532 2005 678 2044 mus.
718 1988 793 2044 lbi
840 1988 1075 2045 formula
1114 1991 1202 2044 illa
1248 1991 1368 2045 fidei
1416 1992 1579 2059 edita,
1616 1994 1683 2047 de
1711 2009 1819 2062 qua
1864 1995 2111 2063 proxime

530 2079 793 2134 diximus.
841 2077 1040 2135 Deinde
1076 2080 1309 2137 diversis
1353 2084 1689 2152 temporibus
1726 2086 1845 2140 alia:
1879 2085 1999 2139 dua:
2043 2086 2111 2140 ab

533 2167 759 2224 Ursacio
785 2177 836 2225 et
868 2167 1112 2235 Valente,
1147 2171 1376 2242 aliisque
1406 2174 1626 2228 Arianis
1655 2176 1947 2245 episcopis,
1975 2192 2111 2231 con-

532 2257 650 2313 scio
683 2257 1030 2327 imperatore,
1063 2260 1400 2328 prodierunt.
1433 2260 1547 2317 Hoc
1584 2279 1651 2318 ne
1684 2273 1886 2318 temere
1922 2275 2112 2319 contra

532 2362 880 2402 communem
930 2358 1009 2402 tot
1037 2350 1363 2419 scriptorum
1410 2354 1829 2410 consensionem
1862 2358 2111 2412 attulisse

531 2438 740 2502 videar,
789 2454 1085 2507 proponam
1137 2442 1368 2497 breviter
1418 2444 1619 2514 quibus
1663 2446 1715 2501 id
1773 2450 2112 2519 argumentis

532 2527 706 2583 fretus
736 2529 1003 2585 aflirmare
1037 2548 1145 2587 non
1178 2534 1442 2591 dubitem.

603 2618 808 2675 ﬂorum
849 2621 1031 2691 itaque
1074 2624 1309 2692 primum
1353 2634 1437 2680 est
1474 2645 1487 2681 :
1534 2627 1681 2697 quod
1729 2630 1875 2685 istud
1932 2631 2110 2701 ipsum

534 2712 769 2767 Basilius
842 2714 1163 2784 Aucyrauus
1236 2732 1302 2771 ac
1363 2720 1545 2774 caeteri
1643 2719 2111 2777 Semiarianorum

534 2806 840 2875 principes,
884 2808 977 2876 qui
1024 2809 1327 2879 Ancyrana:
1374 2812 1587 2881 synodo
1629 2814 2111 2884 subscripserunt,

533 2896 733 2950 diserte
787 2900 967 2952 testati
1024 2908 1153 2953 sunt
1219 2899 1271 2953 in
1330 2901 1558 2970 epistola
1616 2904 1903 2973 synodica,
1946 2920 2112 2974 quam

532 2982 870 3055 Epiphanius
911 2989 1220 3058 descripsit.
1265 2988 1439 3055 Quam
1476 2992 1702 3061 quidem
1744 2994 1797 3047 in
1835 2994 1973 3049 hanc
2003 2994 2113 3049 fere

534 3078 860 3129 sententiam
900 3080 1080 3132 exorsi
1115 3088 1245 3133 sunt
1288 3099 1300 3134 :
1343 3089 1570 3150 optasse
1609 3082 1661 3137 id
1706 3098 1825 3139 sese
1866 3085 2110 3153 quidem,

534 3172 596 3218 ut
623 3175 746 3234 post
784 3168 1178 3236 expositionem
1214 3170 1360 3224 illam
1395 3170 1539 3235 fidei,
1580 3187 1702 3239 quae
1727 3173 2030 3229 Antiochia:
2058 3176 2111 3231 in

2214 1992 2450 2046 cessisse
2508 1992 2725 2063 Georgii
2782 1993 3075 2051 Laudiceni
3125 1999 3365 2061 litteras,
3413 2012 3549 2066 quas
3593 1998 3796 2051 recitat

2217 2078 2435 2135 Sozom.
2482 2082 2575 2136 lib.
2640 2099 2724 2148 tv,
2767 2099 2888 2152 cap.
2922 2085 3006 2139 l2.
3049 2084 3326 2155 Superiori
3382 2099 3559 2140 autem
3607 2089 3795 2157 capite

2216 2171 2408 2225 scribit
2439 2171 2743 2227 Eudoxium
2767 2214 2780 2237 ,
2815 2177 3143 2247 simulatque
3172 2179 3225 2232 in
3254 2178 3599 2235 Antiochenre
3637 2183 3793 2236 sedis

2215 2262 2621 2328 possessionem
2656 2266 2845 2333 pedem
2880 2268 3078 2336 posuit,
3114 2276 3289 2323 totum
3323 2283 3381 2326 se
3404 2272 3469 2324 ad
3502 2271 3638 2325 Aetii
3668 2287 3796 2340 pro-

2217 2352 2537 2404 movendam
2588 2354 2871 2421 perfidiam
2936 2372 3061 2410 cum
3106 2358 3307 2413 Acacio
3360 2359 3681 2415 Caesariensi
3735 2370 3796 2415 et

2218 2444 2423 2500 Uranio
2476 2443 2602 2516 Tyri
2647 2447 2905 2518 episcopo
2939 2450 3276 2515 contulisse,
3306 2466 3538 2520 eamque
3579 2466 3692 2521 pra:
3728 2467 3796 2507 se

2216 2536 2406 2591 tulisse
2455 2538 2724 2606 speciem,
2770 2539 2914 2608 quod
2966 2538 3275 2594 Occidentis
3321 2542 3561 2610 episcopi
3609 2542 3792 2595 eidem

2216 2625 2495 2692 sufl‘ragati
2530 2625 2762 2681 fuissent
2793 2646 2806 2682 :
2835 2628 3093 2682 nimirum
3131 2628 3315 2696 Osius,
3351 2633 3443 2699 qui
3475 2647 3596 2685 cum
3628 2630 3799 2687 Ursa-

2217 2717 2302 2771 cio
2333 2730 2387 2771 et
2415 2716 2641 2773 Valente
2672 2721 2875 2776 invitus
2914 2731 3290 2788 consenserat,
3328 2734 3387 2778 ut
3414 2719 3475 2777 τὸ
3507 2725 3797 2794 ὁμοούσῖον

2215 2816 2268 2861 et
2289 2802 2596 2874 ὀμοιούσιον
2625 2823 3046 2882 expungeretur.
3087 2814 3232 2879 Quas
3265 2828 3389 2869 cum
3428 2814 3541 2870 Osii
3580 2817 3797 2871 litteras

2216 2900 2575 2969 accepissent,
2634 2901 2845 2959 Valenti
2894 2917 2946 2959 et
3007 2904 3234 2961 Ursacio
3290 2910 3492 2977 gratias
3538 2919 3796 2979 egerunt,

2216 2993 2362 3059 quod
2415 2993 2630 3048 illorum
2683 3010 2848 3064 opera
2903 2994 3215 3053 Occidentis
3270 3000 3513 3069 episcopi
3582 3011 3795 3055 rectam

2217 3082 2375 3137 ﬁdem
2402 3094 2587 3139 essent
2619 3087 2874 3157 amplexi.
2911 3086 3126 3154 Quibus
3148 3089 3308 3145 rebus
3331 3092 3596 3145 excitatus
3629 3092 3799 3146 Geor-

2222 3176 2343 3244 gius
2400 3174 2739 3233 Laodicenus
2796 3177 3260 3233 Semiarianorum
3325 3192 3606 3250 patronus,
3663 3197 3794 3235 cum

533 3254 805 3311 Encteniis
836 3259 977 3313 edita
1004 3270 1087 3315 est
1114 3262 1258 3315 :Kat
1289 3263 1432 3333 μετὰ
1452 3264 1627 3317 ταῦτα.
1652 3267 1793 3320 κατὰ
1821 3268 2113 3341 Σαρδικὴν,

2222 3242 2324 3321 sub
2349 3267 2489 3322 idem
2519 3278 2729 3338 tempus
2761 3270 2829 3324 ad
2868 3286 3064 3325 novam
3099 3242 3457 3326 dedicandam
3499 3273 3793 3327 basilicam

534 3347 629 3400 καὶ
657 3347 756 3417 τὴν
788 3348 905 3400 ἐκεῖ
938 3345 1093 3413 αὖθις
1125 3350 1443 3422 ἀνθήσας-αν
1474 3354 1680 3416 πίστιν,
1726 3357 1821 3408 καὶ
1864 3356 1944 3410 ἐτι
1979 3358 2115 3427 μετὰ

532 3440 603 3493 τὰ
628 3442 685 3495 ὲν
720 3443 933 3515 Σιρμίῳ
963 3445 1055 3498 ἐπὶ
1086 3445 1338 3517 Φωτεινῴ
1367 3448 1715 3518 γεγενημένα
1741 3466 1752 3479 ·
1777 3460 1893 3518 post
1921 3450 2116 3504 Sardi-

535 3549 737 3588 censem
770 3536 897 3604 ﬁdei
925 3538 1326 3605 professionem,
1357 3556 1520 3609 eaque
1553 3557 1670 3611 quae
1704 3539 1894 3596 Sirmii
1930 3554 2116 3596 contra

542 3623 827 3680 Plautinum
885 3630 1094 3682 decreta
1148 3640 1311 3695 sunt,
1376 3630 1620 3688 Ecclesia
1680 3634 2114 3704 conquiesceret.

537 3721 679 3775 Tum
722 3721 932 3790 aliquot
965 3721 1286 3790 interjectis,
1326 3737 1387 3777 ea
1428 3738 1486 3779 se
1515 3725 1783 3794 perpolire
1827 3737 1991 3797 atque
2030 3744 2121 3781 ex-

539 3816 739 3896 plicare
764 3814 1005 3868 voluisse
1028 3814 1439 3878 demonstrant,
1486 3832 1608 3886 qua:
1654 3817 1708 3871 in
1743 3820 2118 3887 superioribus

538 3905 759 3976 synodis
807 3906 1111 3959 constituta
1165 3915 1353 3968 erant,
1398 3915 1456 3960 ut
1506 3908 1845 3965 Antiochena
1893 3921 1947 3966 et
1991 3911 2120 3965 Sar-

536 3995 766 4060 dicensi,
804 3994 871 4065 ἥν
914 3994 1207 4065 ἀνείληφεν
1235 3997 1267 4066 ὴ
1299 3998 1357 4049 ἐν
1387 3998 1607 4068 Σιρμιῳ
1644 3998 1880 4064 σύνοδος,
1931 4018 2116 4071 quam,

538 4086 823 4157 inquiunt,
880 4086 1212 4141 Sardicensis
1282 4089 1497 4143 concilii
1565 4091 1724 4159 [idem
1807 4092 2116 4148 Sirmiensis

536 4181 769 4249 synodus
805 4178 1049 4247 amplexa
1090 4188 1188 4243 est,
1225 4180 1307 4235 vel
1348 4182 1575 4250 repetiit.
1620 4180 1803 4248 Quare
1857 4182 2119 4239 Sirmien-

539 4286 653 4325 sem
693 4271 961 4342 synodum
1006 4272 1294 4341 Ancyrana
1337 4273 1427 4326 illa
1484 4276 1727 4344 synodus
1771 4278 2116 4345 approbavit.

540 4361 740 4416 Eadem
787 4377 914 4416 vero
951 4377 982 4416 ε
1025 4364 1304 4417 contrario
1358 4363 1648 4418 formulam
1703 4366 1828 4420 fidei
1863 4369 2115 4435 alteram,

539 4470 703 4523 quam
727 4454 781 4508 in
802 4453 1087 4508 Sirmieusi
1107 4455 1338 4509 concilio
1355 4471 1547 4511 omnes
1572 4457 1772 4512 editam
1796 4460 2115 4530 opinantur,

540 4561 649 4600 non
687 4545 847 4600 modo
873 4561 984 4601 non
1008 4548 1229 4615 recepit,
1261 4548 1354 4602 sed
1389 4549 1455 4602 ad
1510 4564 1631 4604 eam
1658 4538 2022 4607 evertendam
2051 4569 2116 4609 ac

540 4638 930 4709 proﬂigandam
962 4648 1045 4694 est
1064 4641 1406 4709 potissimum
1439 4651 1646 4696 coacta.
1686 4641 1848 4709 Quod
1892 4645 1946 4699 in
1976 4646 2115 4702 libro

540 4731 619 4786 De
650 4732 862 4801 synodis
907 4731 1068 4788 docet
1109 4731 1394 4788 Hilarius:
1439 4735 1531 4788 ubi
1559 4735 1905 4806 Aneyranam
1953 4754 2119 4810 syno-

539 4822 668 4877 dum
716 4823 945 4893 ejusque
984 4823 1284 4891 decretum,
1327 4824 1637 4893 cujusmodi
1678 4828 1765 4882 hic
1797 4831 1939 4899 apud
1985 4830 2116 4899 Epi-

540 4914 801 4983 phanium
877 4916 1233 4985 exprimitur,
1307 4920 1618 4975 accuratius
1686 4922 1964 4991 explicans
2052 4939 2116 4978 ac

541 5005 884 5059 vehementer
906 5006 1319 5073 commendans,
1363 5009 1535 5065 eidem
1569 5009 1924 5067 Sirmiensem
1962 5013 2112 5067 illam

538 5094 663 5153 fidei
723 5097 1121 5166 professionem
1190 5102 1452 5170 praefixit,
1523 5120 1649 5158 cum
1712 5104 1818 5159 hoc
1882 5106 2041 5159 titulo
2098 5123 2112 5159 :

544 5187 854 5257 Exemplum
880 5190 1215 5260 blasphemia;
1243 5194 1385 5262 apud
1410 5192 1666 5248 Sirmium
1692 5212 1783 5264 per
1813 5196 2002 5250 Osium
2063 5206 2115 5249 et

539 5278 846 5334 Potamium
867 5284 1208 5351 conscripta;
1250 5296 1303 5341 et
1336 5287 1599 5341 adversus
1626 5288 1764 5340 hanc
1793 5287 1915 5341 fidei
1961 5287 2118 5342 ἔκθε-

542 5389 626 5426 σιν
654 5372 957 5433 Orientales
988 5380 1213 5449 Ancyrae
1244 5379 1564 5433 convenisse
1589 5382 1896 5435 confirmat.
1923 5378 2042 5444 Qua
2056 5394 2114 5433 re

540 5468 656 5521 lieri
682 5468 830 5522 nullo
858 5470 1016 5524 modo
1052 5478 1249 5538 potest,
1296 5480 1354 5524 ut
1400 5471 1537 5535 haec,
1579 5486 1744 5539 quam
1781 5469 2118 5526 Semiaria‘ni

541 5570 820 5629 tantopere
854 5562 1259 5632 impugnarunt,
1288 5562 1410 5617 fidei
1441 5563 1671 5617 formula
1704 5563 1758 5616 in
1788 5579 1854 5617 eo
1877 5565 2115 5619 concilio

542 5650 616 5704 sit
649 5650 816 5715 edita,
860 5652 949 5706 cui
988 5668 1098 5707 non
1144 5651 1510 5708 interfuerunt
1551 5653 1715 5707 modo
1756 5655 1883 5723 ipsi,
1918 5669 2111 5708 verum

542 5741 705 5796 etiam
759 5742 1121 5813 praefuerunt;
1196 5746 1450 5815 quodque
1505 5746 1744 5815 recipere
1792 5762 1857 5799 ac
1901 5756 2114 5801 sartum

543 5842 744 5890 tectum
786 5840 928 5894 tueri
970 5840 1107 5896 velle
1149 5854 1270 5897 sese
1301 5839 1642 5895 proﬁtentur.
1674 5840 1814 5895 Audi
1846 5840 2116 5910 ipsoszuet
2146 5905 2171 5913 κ

2217 3358 2444 3429 Ancyra:
2482 3361 2643 3414 vieini
2679 3376 2708 3413 a
2748 3361 2950 3417 Basilio
2997 3363 3284 3418 convocati
3314 3372 3497 3418 essent
3523 3364 3795 3433 episcopi,

2217 3448 2503 3515 epistolam
2539 3448 2605 3501 ad
2654 3463 2748 3501 eos
2783 3450 3022 3519 scripsit,
3058 3450 3416 3519 hortatusque
3456 3458 3557 3514 est,
3596 3458 3655 3503 ut
3683 3449 3797 3503 Eu-

2218 3538 2365 3592 doxii
2403 3548 2565 3609 atque
2601 3539 2739 3594 Aetii
2778 3550 3117 3610 grassantem
3169 3541 3498 3611 impietatem
3550 3543 3799 3595 auctori-

2217 3640 2329 3686 tate
2360 3647 2457 3685 sua
2488 3641 2915 3701 compescerent.
2947 3629 3020 3684 Ea
3054 3630 3158 3686 fuit
3192 3632 3466 3701 Ancyrani
3494 3643 3795 3688 conventus

2185 3724 2437 3779 'oecasio
2472 3742 2486 3777 :
2522 3739 2550 3777 a
2591 3738 2701 3792 quo
2741 3723 2902 3792 legati
2941 3722 3007 3776 ad
3055 3723 3437 3793 imperatorem
3479 3724 3655 3785 missi,
3699 3724 3798 3777 Ba.

2220 3817 2376 3872 silius
2422 3817 2559 3885 ipse,
2605 3814 2924 3871 Eustathius
2970 3813 3264 3878 Sebastiae,
3312 3814 3573 3870 Leontius
3609 3816 3795 3887 Cyzici

2219 3907 2482 3977 episcom,
2502 3906 2593 3975 qui
2618 3906 2937 3959 nominatim
2959 3905 3060 3959 hoc
3083 3914 3345 3974 peterent,
3375 3914 3432 3957 ut
3451 3903 3797 3960 Sardicensis

2220 4012 2286 4050 ac
2318 3994 2577 4050 Sirmiani
2604 3996 2821 4051 concilii
2851 3996 3065 4049 decreta
3103 4003 3474 4049 servarentur.
3507 3993 3627 4048 Jam
3661 3996 3796 4048 illud

2219 4102 2287 4143 ex
2336 4088 2709 4157 superioribus
2762 4087 3075 4149 didit-imus,
3119 4086 3424 4140 Eudoxium
3470 4100 3616 4139 anno
3662 4086 3792 4148 556,

2219 4195 2345 4235 cum
2363 4179 2551 4234 Romae
2572 4196 2679 4233 una
2700 4195 2822 4234 cum
2845 4179 3171 4248 imperatore
3189 4187 3352 4243 esset,
3374 4179 3557 4232 audita
3579 4177 3797 4233 Leontii

2219 4281 2415 4335 morte,
2478 4271 2826 4326 Antiochiam
2883 4287 2933 4324 tv
2984 4269 3209 4324 Kalend.
3250 4269 3375 4323 Jun.
3445 4285 3566 4325 esse
3616 4272 3799 4341 profe-

2219 4374 2388 4419 ctum.
2423 4363 2541 4429 Qua
2581 4365 2635 4418 in
2679 4364 2813 4418 urbe
2838 4361 3054 4419 Ursacii
3099 4371 3153 4417 et
3180 4362 3423 4417 Valentis
3463 4363 3677 4417 litteras
3700 4378 3798 4416 ac-

2218 4455 2361 4523 cepit
2397 4470 2521 4508 cum
2561 4453 2685 4509 fidei
2720 4452 2974 4520 formula,
3007 4469 3128 4522 qua:
3159 4452 3250 4507 τοῦ
3289 4453 3573 4523 ὀμοουσίου
3631 4467 3800 4521 atque

2217 4544 2525 4616 ὁμοιουσὶου
2561 4560 2721 4600 voces
2748 4545 3050 4600 oblitterari
3079 4545 3321 4614 jubebat.
3356 4543 3451 4599 Est
3486 4553 3691 4607 autem,
3735 4554 3803 4598 ut

2218 4652 2286 4691 ex
2311 4635 2517 4691 Hilario
2548 4637 2996 4700 monstravimus,
3017 4638 3206 4691 eadem
3237 4637 3327 4690 illa
3348 4635 3598 4697 formula,
3626 4650 3800 4705 quam

2220 4727 2275 4781 in
2322 4727 2605 4782 Sirmiensi
2650 4729 2857 4798 synodo
2899 4728 3142 4781 secundo
3182 4727 3305 4781 loco
3352 4726 3608 4781 dictatam
3655 4727 3806 4779 arbi-

2220 4827 2434 4874 trantur
2452 4836 2664 4875 omnes.
2692 4818 2846 4885 Quod
2878 4820 2921 4874 si
2953 4835 3096 4873 anno
3125 4819 3396 4888 sequenti,
3418 4819 3522 4871 hoc
3552 4827 3637 4871 est
3666 4816 3801 4880 557,

2222 4912 2521 4968 Sirmiense
2550 4913 2842 4967 concilium
2887 4913 3131 4966 habitum
3161 4920 3265 4975 est,
3299 4920 3359 4965 ut
3392 4910 3579 4963 iisdem
3609 4918 3809 4963 aucto-

2218 5005 2372 5061 ribus
2397 5007 2595 5076 placet,
2629 5020 2806 5074 neque
2839 5004 3141 5069 Eudoxius,
3172 5004 3405 5057 Aeacius
3434 5011 3485 5055 et
3532 4999 3803 5065 Uranius,

2219 5110 2396 5164 ne"lue
2430 5095 2663 5150 Basilius
2703 5098 2819 5163 ipse
2865 5111 2930 5149 ac
2978 5093 3244 5163 Georgius
3290 5094 3630 5148 Laodicenus
3686 5091 3810 5144 Sir-

2220 5186 2416 5240 mlensi
2444 5185 2652 5253 synodo
2683 5201 2746 5240 ac
2769 5184 2985 5239 Photini
3016 5184 3351 5239 damnationi
3407 5182 3804 5237 interfuerunt.

2219 5277 2375 5344 Quod
2406 5278 2472 5333 de
2502 5277 2704 5333 Basilio
2739 5294 2870 5333 sane
2904 5278 3262 5333 falsissimum
3297 5285 3402 5340 est,
3448 5275 3539 5344 qui
3595 5288 3809 5343 magna

2220 5386 2349 5438 pars
2380 5370 2697 5425 Sirmieusis
2745 5370 2964 5425 concilii
3012 5362 3158 5424 fuit:
3197 5378 3386 5439 utputa
3421 5368 3582 5436 cujus
3631 5383 3809 5437 opera

2219 5461 2499 5515 convictus
2529 5470 2612 5515 est
2662 5477 2728 5516 ac
2754 5472 3047 5531 sup-ratus
3073 5460 3359 5515 Photinus.
3388 5458 3529 5525 Quin
3563 5467 3623 5512 ut
3646 5459 3811 5513 omni

2219 5568 2286 5607 ex
2309 5563 2458 5623 parte
2478 5554 2679 5611 veritas
2701 5555 2996 5621 elucescat,
3020 5554 3249 5608 alterum
3275 5553 3479 5622 accipe.
3507 5552 3812 5621 Ancyrana

2221 5645 2486 5715 synodus,
2536 5646 2995 5715 quemadmodum
3055 5645 3316 5717 synodica
3374 5644 3520 5698 illius
3564 5644 3811 5711 epistola

2220 5737 2398 5798 docet,
2428 5747 2554 5791 ante
2582 5735 2791 5792 Pascha
2815 5738 3087 5793 celebrata
3123 5747 3227 5801 est,
3259 5737 3361 5805 τῆς
3392 5734 3551 5803 ἁγίας
3584 5733 3815 5803 ἡμέρας

2219 5828 2313 5881 τοῦ
2358 5828 2547 5899 Πάσχα
2589 5831 2964 5901 ἐπικειμένης·
3012 5831 3079 5885 ad
3120 5844 3284 5901 quam
3330 5835 3620 5899 propterea
3691 5829 3816 5899 epi-
