4054 6404
332 416 472 472 Ιῦὅὸ

1145 407 1228 461 DE
1264 405 1610 463 SlRMlENSl
1646 404 1733 459 ET
1773 402 2149 459 ANCYRANA
2186 400 2755 459 PSEUDOSYNODO.

3443 407 3458 458 l
3471 404 3577 459 066

333 530 484 599 scopi
518 524 788 597 plerique,
823 523 917 592 qui
963 521 1246 577 convocati
1301 519 1542 582 fuerant,
1589 519 1784 574 adesse
1830 517 1902 572 ob
1930 525 1976 580 Α
2004 515 2204 570 tbolica
2247 515 2352 570 fide
2376 523 2757 570 consentaneae
2789 523 2938 578 sunt,
2973 514 3233 582 exponit;
3265 516 3466 585 quibus
3501 521 3574 576 ita

336 622 530 676 hiemis
554 617 950 672 inclementiam
981 615 1205 668 minime
1227 621 1538 682 potuerunt.
1569 612 1707 679 Quid
1738 611 1902 680 igitur

336 714 465 783 ﬁngi
501 717 679 780 potest
717 706 1029 771 absurdius,
1062 721 1227 774 quam
1267 707 1412 775 quod
1440 719 1505 758 ex
1537 703 1752 756 illorum
1780 717 1906 756 nar-

339 800 551 854 ratione
585 796 854 866 sequitur,
909 795 1256 864 Ancyranam
1307 793 1577 863 synodum
1621 805 1744 847 ante
1787 791 1905 844 Sir-

336 893 601 945 miensem
651 903 772 943 esse
823 885 1196 942 celebratam?
1249 885 1462 939 Etenim
1516 883 1562 939 si
1607 897 1752 938 anno
1803 883 1908 937 556

335 981 616 1035 Eudoxius
656 977 1052 1031 Antiochenam
1093 975 1274 1029 sedem
1313 983 1507 1028 nactus
1536 982 1640 1040 est,
1668 973 1910 1042 Ancyra—

337 1087 469 1126 num
494 1085 624 1124 vero
657 1068 949 1124 concilium
974 1081 1118 1121 anno
1144 1065 1424 1136 sequenti;
1457 1073 1517 1118 ut
1544 1065 1734 1118 eodem
1759 1078 1907 1116 anno

340 1163 641 1218 Sirmiense
681 1159 974 1214 concilium
1004 1157 1265 1211 indictum
1295 1155 1480 1223 fuerit,
1533 1155 1754 1210 nonnisi
1785 1163 1910 1224 post

340 1255 596 1318 hiemem,
634 1260 689 1306 et
723 1249 956 1315 Pascha,
979 1249 1223 1318 adeoque
1251 1256 1374 1316 post
1400 1246 1748 1317 Ancyranum
1776 1245 1911 1300 cele-

340 1346 488 1402 brari
515 1345 706 1414 potuit.
739 1342 900 1412 Atqui
927 1340 1039 1411 jam
1070 1349 1351 1410 peractum
1381 1353 1505 1395 esse
1543 1336 1784 1406 oportuit
1808 1338 1917 1392 :si-

335 1439 558 1509 quidem
595 1436 739 1491 edita
782 1435 850 1488 ab
881 1433 1012 1489 Osio
1055 1431 1372 1487 Sirmiensis
1417 1429 1637 1485 concilii
1675 1428 1911 1483 formula

333 1532 450 1602 jam
488 1535 770 1585 emanarat
810 1527 863 1580 in
899 1525 1195 1596 publicum.
1242 1522 1424 1590 Quare
1457 1531 1510 1577 et
1543 1520 1767 1575 absente
1804 1517 1910 1571 Ba-

340 1624 488 1688 silio,
513 1637 576 1675 ac
599 1619 825 1690 reliquis
857 1617 1147 1688 episcopis,
1189 1616 1483 1670 damnatus
1518 1611 1804 1677 Photinus,
1848 1625 1912 1664 ac

342 1714 641 1770 Sirmiense
664 1711 958 1766 concilium
983 1709 1294 1764 absolutum
1316 1715 1431 1772 est;
1455 1715 1510 1760 et
1534 1712 1753 1775 propter
1778 1703 1913 1757 alias

340 1823 539 1865 causas
571 1807 812 1861 nondum
846 1803 1092 1860 inchoari
1126 1802 1302 1872 potuit
1335 1819 1348 1855 :
1379 1800 1639 1870 quoniam
1671 1798 1912 1867 Ancyra-

340 1914 470 1953 num
496 1895 785 1951 Sirmiensi
813 1893 974 1948 debet
997 1907 1121 1946 esse
1155 1889 1447 1959 posterius.

411 1989 652 2059 Apparet
679 1993 860 2040 autem
891 1993 1030 2044 tum,
1074 1995 1198 2036 eum
1236 1977 1556 2032 Sirmiensis
1590 1975 1684 2029 illa
1729 1982 1914 2043 poste-

343 2081 460 2135 rior
488 2088 573 2134 est
600 2077 803 2131 emissa
831 2073 1065 2128 formula
1087 2112 1102 2135 ,
1136 2085 1314 2140 neque
1347 2067 1650 2122 Eudoxium
1673 2105 1688 2128 ,
1738 2079 1915 2134 neque

343 2171 606 2227 Basilium
637 2175 733 2223 aut
762 2165 1056 2235 Georgium
1095 2161 1266 2216 fuisse
1299 2159 1485 2214 Sirmii
1517 2175 1530 2212 :
1567 2156 1916 2227 quandoqui-

344 2267 473 2321 dem
512 2260 797 2318 Eudoxius
840 2268 895 2314 et
927 2257 1018 2312 alii
1055 2255 1126 2310 ob
1161 2263 1441 2322 acceptam
1477 2251 1648 2313 illam,
1687 2247 1918 2303 Sirmio-

345 2372 452 2430 que
495 2355 720 2410 missam
747 2391 762 2415 ,
807 2361 861 2407 et
895 2365 927 2404 a
974 2347 1106 2403 solis
1156 2345 1411 2400 videlicet
1453 2339 1914 2404 Occidentalibus,

345 2449 578 2515 ideoque
634 2442 828 2498 Latine
879 2447 1233 2508 conceptam,
1293 2435 1496 2506 gratias
1551 2440 1780 2504 egerunt
1824 2446 1918 2499 per

345 2539 554 2594 litteras
585 2555 598 2591 :
635 2534 939 2606 Πρόφασιν,
975 2524 1182 2599 inquit,
1233 2526 1589 2596 ποιούμενος,
1624 2525 1700 2588 ὡς
1738 2523 1833 2576 καὶ
1870 2525 1918 2576 οἱ

345 2631 449 2686 ἀνὰ
477 2629 639 2683 Δύσιν
668 2628 954 2680 ἐπίσκοποι
983 2624 1154 2677 ταῦτα
1193 2621 1544 2692 ἐψηφίσαντο.
1589 2623 1701 2673 Hoc
1747 2619 1920 2686 ipsum

347 2726 416 2778 ad
437 2722 719 2792 impietatis
742 2736 852 2774 sua:
873 2718 1227 2788 patrocinium
1247 2715 1503 2784 allegans,
1526 2712 1664 2782 quod
1683 2711 1919 2763 eamdem

349 2816 506 2882 ﬁdem
531 2810 896 2868 Occidentales
925 2809 1174 2879 professsi
1202 2807 1442 2875 fuissent.
1473 2803 1597 2856 Mox
1625 2821 1636 2856 :
1670 2802 1920 2854 Ἐπιστο-

347 2909 444 2979 λὴν
470 2906 606 2978 πρὸς
631 2904 827 2967 αὐτοὺς
847 2900 1235 2972 διεπέμψαντο,
1266 2898 1529 2953 Οὐάλεντι
1583 2895 1676 2949 καὶ
1706 2895 1921 2966 Οὑρσα-

349 3000 452 3068 κίῳ
472 2997 565 3049 καὶ
590 2993 876 3067 Γερμανίῳ
897 2993 1052 3062 χάριν
1072 2988 1480 3060 ὁμολογοῦντες,
1500 2986 1596 3042 καὶ
1623 2984 1716 3040 τοῦ
1745 2984 1922 3056 ὀρθῶς

347 3089 594 3153 δοξάζειν
627 3088 753 3149 τοὺς
777 3086 835 3138 ὲν
870 3086 935 3155 τῇ
957 3082 1116 3135 Δύσει
1149 3081 1248 3144 τὰς
1285 3079 1542 3151 ἀφορμὰς
1573 3078 1755 3141 αὐτοῖς
1790 3077 1923 3131 ἀνα-

347 3180 612 3242 τιθέντες.
631 3176 756 3232 Haac
779 3178 985 3242 omnia,
1001 3173 1147 3245 quod
1165 3182 1220 3228 et
1245 3174 1312 3227 ab
1329 3171 1623 3228 Ocridente
1644 3180 1698 3225 et
1727 3171 1795 3224 ab
1817 3170 1921 3225 Oc-

350 3272 714 3329 cidentalibus
739 3269 1012 3339 episcopis
1043 3266 1196 3331 Osio,
1227 3264 1471 3330 Valente,
1503 3275 1668 3333 atque
1695 3261 1921 3317 Ursacio

331 3365 541 3428 'missa,
563 3371 616 3418 et
653 3362 706 3416 in
739 3358 1168 3415 Occidentalium
1195 3358 1423 3427 gratiam
1452 3356 1761 3424 conscripta
1795 3353 1920 3407 ﬁdei

350 3453 619 3523 expositio
635 3451 868 3512 dicatur,
883 3449 1018 3503 satis
1036 3447 1277 3503 indicant
1296 3447 1404 3501 alio
1423 3461 1585 3512 quam
1603 3443 1922 3499 Sirmiensis

351 3547 541 3618 synodi
565 3555 808 3612 tempore
830 3540 1000 3596 fuisse
1023 3548 1350 3595 contextam.
1379 3537 1505 3591 Fuit
1528 3537 1672 3591 enim
1699 3552 1804 3590 non
1831 3551 1922 3591 so-

351 3639 465 3694 ?um
490 3635 760 3707 generalis
786 3633 888 3688 ista
913 3632 1176 3704 synodus,
1195 3631 1290 3685 sed
1316 3629 1384 3684 ab
1401 3626 1766 3684 Orientalibus
1793 3643 1923 3695 prae-

353 3732 569 3794 sertim,
603 3728 917 3796 Graecisque
955 3725 1225 3779 celebrata
1256 3741 1269 3777 :
1313 3739 1345 3776 a
1374 3723 1572 3791 quibus
1607 3736 1718 3790 prae
1763 3730 1923 3775 caete-

351 3821 451 3885 ris,
485 3828 544 3872 ut
573 3818 778 3872 dictum
819 3823 924 3878 est,
964 3812 1184 3868 Photini
1230 3828 1384 3867 error
1424 3811 1754 3882 disputando
1788 3825 1922 3865 con-

355 3914 532 3968 victus
586 3919 688 3966 est.
726 3911 804 3964 Ac
853 3909 901 3965 si
945 3909 1088 3962 inter
1134 3909 1268 3962 Acta
1325 3904 1645 3960 Sirmiensis
1703 3903 1921 3959 concilii

355 4003 591 4062 secunda
623 4002 716 4063 illa
756 4001 992 4056 formula
1020 4006 1359 4060 censeretur,
1392 4012 1670 4068 nunquam
1708 3995 1921 4050 Semia-

356 4097 494 4153 riani
525 4105 620 4150 aut
662 4095 796 4149 illud
833 4095 1171 4156 laudassent,
1205 4101 1302 4147 aut
1343 4102 1522 4146 ratum
1563 4091 1750 4146 haberi
1804 4091 1923 4145 sine

359 4188 471 4242 ulla
500 4186 820 4255 exceptione
843 4185 1237 4254 postulassent,
1281 4182 1374 4238 sed
1409 4183 1732 4237 nominatim
1761 4197 1923 4251 repu-

355 4279 519 4335 diatis
545 4277 960 4346 posterioribus,
991 4276 1059 4330 de
1092 4276 1368 4345 prioribus
1399 4276 1518 4344 ejus
1557 4276 1707 4330 Actis
1738 4275 1921 4329 cavis-

355 4383 496 4428 sent.
538 4369 741 4426 Verum
799 4368 930 4440 quid
991 4369 1079 4422 hic
1123 4367 1578 4438 tergiversantur?
1627 4365 1724 4420 Est
1774 4366 1920 4420 enim

355 4467 580 4522 evidens
628 4472 683 4517 et
711 4477 844 4517 sane
884 4459 1220 4515 luculentum
1251 4457 1442 4512 Hilarii
1478 4473 1540 4511 ea
1573 4459 1638 4511 de
1675 4473 1734 4511 re
1765 4457 1922 4512 testi-

2012 609 2311 677 prael'atur:
2361 605 2588 675 Dignum
2622 617 2799 659 autem
2827 617 2900 658 est
2951 607 3268 660 conscientia
3311 615 3577 664 communi

2005 697 2167 751 etiam
2213 706 2432 752 crateras
2478 696 2777 751 earumdem
2825 699 3183 767 episcoporum
3222 699 3578 756 Orientalium

2008 789 2226 844 diuersis
2257 799 2307 844 et
2356 789 2484 843 locis
2534 799 2584 843 et
2627 790 2941 858 temporibus
2972 793 3292 862 conscriptas
3309 793 3473 854 Fides
3489 813 3582 849 no-

2011 899 2173 946 scere,
2201 892 2259 935 ut
2297 899 2389 952 per
2414 886 2590 951 plures
2616 883 2966 952 confessiones
3001 885 3278 939 sinceritas
3313 891 3580 943 conscien-

2015 976 2106 1029 tia:
2132 976 2298 1042 possit
2322 973 2569 1042 intelligi.
2599 974 2793 1028 Subdit
2813 985 2998 1044 postea
3029 974 3367 1034 Sardicensis
3389 979 3582 1033 Orien-

2023 1067 2214 1120 talium
2252 1064 2447 1136 synodi
2499 1065 2810 1120 formulam.
2855 1067 2992 1120 Tum
3027 1069 3100 1121 ita
3133 1070 3342 1138 pergit:
3383 1070 3578 1125 Conse-

2009 1173 2168 1226 quens
2208 1167 2379 1209 autem
2409 1165 2520 1221 est,
2570 1166 2626 1209 ut
2665 1172 2781 1209 eam
2826 1173 2963 1210 nunc
3009 1159 3166 1226 ﬁdem
3215 1169 3578 1226 retractemus,

2008 1263 2126 1317 qua:
2153 1263 2256 1300 non
2285 1247 2408 1299 olim
2436 1255 2580 1313 tunc,
2600 1264 2717 1300 cum
2743 1247 3004 1304 Photinus
3027 1252 3332 1321 episcopatu
3353 1253 3580 1323 dejecttts

2010 1348 2110 1403 est,
2144 1341 2440 1408 conscripta
2471 1349 2570 1393 est.
2610 1339 2733 1394 Mox
2774 1339 3092 1396 Sirmiensis
3124 1343 3340 1397 concilii
3374 1343 3584 1413 profes-

2012 1429 2222 1484 sionem
2257 1431 2537 1486 describit.
2575 1429 2745 1485 Satin‘
2791 1442 2978 1502 aperte
3014 1433 3261 1488 Latinam
3309 1436 3456 1490 illam
3494 1452 3586 1506 pu-

2015 1523 2415 1594 sterioremque
2462 1525 2751 1579 formulam
2795 1527 2864 1580 ab
2917 1524 3067 1592 O'sio,
3112 1535 3173 1582 ut
3212 1529 3434 1592 scribit,
3470 1531 3587 1583 edi-

2015 1623 2147 1679 tam,
2192 1630 2222 1670 a
2264 1613 2554 1671 Sirmiensi
2623 1618 2859 1671 concilio
2907 1628 3156 1686 separat,
3191 1620 3335 1689 quod
3384 1621 3584 1675 diverso

2016 1716 2245 1776 tempore
2267 1707 2600 1763 celebratum
2633 1707 2903 1763 afﬁrmat?
2933 1709 3038 1764 Sed
3071 1719 3127 1765 et
3154 1726 3278 1764 cum
3317 1710 3389 1765 ita
3416 1712 3590 1783 loqui-

2013 1809 2132 1863 tur,
2173 1798 2318 1853 Tunc
2371 1817 2487 1854 cum
2523 1799 2780 1854 Photinus
2835 1802 3140 1871 episcopatu
3186 1803 3415 1873 dejectus
3463 1814 3540 1858 est
3564 1821 3585 1869 ;

1945 1879 1987 1933 Β
2017 1893 2254 1961 itemque
2293 1906 2420 1946 cum
2459 1892 2857 1960 expositionem
2899 1892 3022 1947 fidei
3063 1903 3253 1948 contra
3295 1895 3587 1950 Photinum

2015 1982 2273 2050 scriptam
2314 1981 2615 2051 explicans,
2655 1982 2738 2036 bis
2773 1983 2952 2038 verbis
2982 1985 3236 2039 orditur:
3279 1984 3584 2040 Necessitas

2014 2083 2063 2127 et
2098 2083 2295 2142 tempus
2349 2073 2626 2126 admonuit
2658 2089 2778 2136 eos,
2835 2076 2923 2143 qui
2957 2085 3062 2128 tum
3108 2089 3451 2132 convenerant
3497 2096 3590 2148 per

2018 2164 2342 2233 multiplices
2391 2167 2702 2234 quwstiones
2755 2165 2914 2220 latius
2971 2184 3032 2220 ac
3089 2169 3334 2237 diﬂusius
3380 2175 3589 2238 exposi-

2021 2257 2208 2310 tionem
2244 2257 2370 2326 ﬁdei
2395 2255 2664 2320 ordinare,
2689 2265 2793 2312 etc.
2813 2297 2828 2320 ,
2862 2273 2972 2312 non
3001 2259 3232 2315 obscure
3268 2263 3413 2317 aliud
3442 2265 3589 2320 illius

2020 2355 2233 2414 tempus
2271 2358 2394 2399 esse
2433 2345 2722 2414 significat.
2773 2345 2889 2400 Hoc
2923 2348 3067 2401 enim
3105 2357 3312 2405 attente
3345 2355 3590 2409 conside-

2019 2437 2128 2489 rari
2160 2435 2412 2490 volumus
2430 2475 2445 2498 ,
2464 2435 2610 2504 quod
2637 2451 2762 2491 cum
2783 2421 3038 2508 deinceps
3056 2450 3271 2495 steteras
3293 2445 3590 2500 earumdem

2024 2527 2375 2582 Orientalium
2394 2531 2755 2597 episcoporum
2790 2530 3010 2586 diversis
3062 2541 3112 2588 et
3161 2534 3290 2590 locis
3323 2546 3371 2591 et
3397 2547 3592 2608 tempo-

2020 2620 2166 2674 ribus
2203 2621 2532 2690 conscriptas
2569 2617 2726 2673 Fides
2746 2622 3118 2690 expositurum
3146 2640 3205 2681 se
3237 2641 3358 2682 esse
3389 2629 3594 2684 denun-

2023 2712 2230 2776 tiasset,
2270 2711 2477 2766 nullam
2523 2721 2717 2781 praeter
2751 2711 3128 2771 Sardicensem
3159 2725 3212 2771 et
3239 2717 3593 2776 Sirmiensem

2021 2815 2209 2858 contra
2231 2803 2527 2859 Photinum
2552 2806 2750 2860 editam
2777 2807 3088 2877 subiecerit.
3109 2808 3187 2864 Ex
3211 2827 3320 2879 quo
3341 2827 3592 2869 necessa-

2023 2895 2106 2949 rio
2135 2897 2404 2966 sequitur,
2440 2912 2550 2951 non
2585 2898 2767 2952 minus
2790 2898 2973 2966 istam,
2995 2915 3161 2970 quam
3191 2901 3590 2968 Sardicensem,

2023 2987 2066 3040 si
2093 3002 2198 3041 non
2229 2987 2364 3042 locis
2412 2988 2480 3042 ab
2510 2985 2708 3044 Osiana
2744 2999 2798 3044 et
2835 2988 3026 3044 Latina
3067 2995 3371 3061 posteriore
3414 2996 3594 3051 diver-

2024 3081 2120 3143 sis,
2165 3080 2502 3150 temporibus
2533 3091 2678 3136 certe
2692 3099 2798 3136 non
2833 3084 3022 3138 iisdem
3054 3100 3175 3141 esse
3203 3090 3589 3158 conscriptam.

2095 3168 2377 3226 Postremo
2424 3172 2689 3243 Sulpitius
2726 3174 2960 3231 Severus
2988 3176 3082 3230 lib.
3116 3193 3153 3230 ll
3199 3177 3454 3234 Historiae
3498 3198 3590 3235 sa-

2027 3277 2148 3326 crte,
2177 3263 2385 3331 liquida
2416 3274 2715 3334 apertaque
2739 3267 3053 3321 narratione
3079 3269 3248 3324 multo
3279 3271 3329 3325 id
3363 3273 3593 3329 validius

2026 3357 2332 3410 confirmat.
2373 3355 2576 3412 Scribit
2636 3359 2782 3412 enim
2835 3369 2957 3428 post
3005 3361 3384 3418 Sardicensem
3433 3381 3593 3435 syno-

2028 3448 2180 3512 dum,
2209 3457 2263 3501 et
2289 3445 2501 3503 Ursaeii
2533 3464 2596 3504 ac
2617 3447 2859 3504 Valentis
2877 3452 3274 3521 paenitentiam,
3307 3456 3593 3526 interjecto

2027 3540 2223 3594 deinde
2251 3550 2515 3611 tempore,
2543 3559 2664 3598 cum
2692 3545 3028 3602 Athanasius
3051 3546 3385 3613 Marcellum,
3415 3551 3508 3620 qui
3538 3551 3592 3605 in

2030 3631 2339 3690 Sardicensi
2393 3638 2626 3692 concilio
2673 3654 2703 3692 a
2760 3639 3044 3696 catholicis
3109 3651 3227 3697 erat
3286 3643 3590 3706 absolutus,

2027 3741 2222 3795 parum
2260 3743 2408 3782 sanas
2456 3729 2577 3783 tidei
2609 3739 2944 3798 compertum
2980 3747 3012 3785 a
3053 3734 3440 3790 communione
3473 3751 3593 3790 sus-

2028 3817 2328 3886 pendisset,
2359 3819 2592 3873 Arianos
2620 3836 2683 3874 ea
2716 3821 3005 3877 occasione
3035 3821 3267 3878 libenter
3296 3840 3445 3886 usos.
3483 3841 3594 3894 quo

2031 3908 2377 3966 Sardicensis
2439 3912 2632 3981 synodi
2696 3913 2914 3967 decreta
2973 3915 3370 3972 subverterent.
3425 3917 3594 3987 Igitur

2028 4008 2212 4056 astuto
2275 4001 2510 4056 consilio
2589 4002 2839 4070 Photini,
2893 4003 3127 4060 Marcelli
3204 4019 3254 4061 et
3309 4009 3593 4066 Athanasii

2029 4093 2438 4148 damnationem
2499 4095 2809 4149 miscuisse.
2873 4093 3009 4149 Cum
3089 4098 3232 4151 enim
3311 4103 3593 4171 propalam

2028 4185 2216 4238 Ariani
2267 4186 2473 4240 erroris
2517 4187 2601 4240 sui
2645 4186 2899 4254 degmala
2952 4189 3244 4256 pra‘dicare
3290 4207 3396 4246 non
3433 4193 3594 4247 aude-

2029 4289 2168 4342 rent,
2219 4293 2284 4332 ae
2335 4278 2632 4333 catholicos
2675 4294 2734 4333 se
2787 4289 3054 4348 gererent,
3103 4283 3236 4336 nihil
3289 4285 3440 4353 prius
3489 4287 3593 4341 sibi

2029 4370 2295 4439 agendum
2330 4381 2478 4424 ratos
2519 4386 2660 4434 esse,
2700 4387 2865 4440 quam
2905 4381 2965 4426 ut
2996 4375 3352 4430 Athanasium
3383 4378 3453 4433 ab
3501 4379 3593 4432 Er-

2028 4463 2193 4517 clesia
2233 4463 2641 4520 snbmoverent.
2683 4461 2786 4518 Sed
2827 4479 2951 4519 cum
2993 4465 3200 4522 litteras
3234 4468 3299 4521 de
3331 4469 3420 4523 illa
3449 4469 3593 4524 Pho-

354 4556 642 4610 monium:
696 4551 789 4622 qui
842 4551 897 4604 in
951 4550 1088 4603 libro
1139 4548 1212 4601 De
1269 4548 1484 4618 synodis
1521 4532 1917 4600 dubitationem
1953 4575 1998 4630 Β
2029 4552 2146 4615 tini,
2191 4551 2428 4606 Marcelli
2463 4562 2516 4606 et
2552 4553 2835 4608 Athanasii
2878 4553 3227 4610 damnatione
3287 4557 3589 4623 dedissent,

356 4662 573 4701 omnem
607 4644 816 4699 eximit.
859 4640 1093 4710 Scripsit
1125 4641 1270 4694 hunc
1304 4640 1501 4693 librum
1534 4639 1602 4692 ad
1636 4638 1922 4708 episcopos

357 4740 674 4794 Gallicanos
727 4735 968 4789 Hilarius
998 4733 1159 4802 paulo
1209 4742 1336 4786 ante
1365 4730 1765 4784 Ariminensem
1800 4746 1923 4800 syn-

355 4835 558 4889 odum.
619 4845 742 4884 cum
789 4829 857 4882 ab
911 4827 1018 4880 illis
1070 4824 1444 4893 interpellatus
1495 4833 1686 4886 esset,
1743 4833 1802 4876 ut
1854 4821 1923 4875 de

358 4925 508 4979 Actis
537 4919 812 4992 Aneyrani
843 4917 1201 4972 Orientalium
1241 4930 1558 4979 consessus,
1590 4915 1768 4983 deque
1801 4914 1920 4967 Sir-

355 5017 551 5072 miame
589 5009 941 5081 blasphemiae
979 5008 1327 5062 damnatione
1359 5007 1742 5077 perscriberet.
1790 5005 1923 5071 Qni-

354 5108 458 5161 bus
488 5120 694 5160 morem
726 5103 814 5156 ille
853 5117 1045 5172 gerens
1077 5099 1342 5170 principio
1380 5097 1739 5152 Sirmiensem
1771 5096 1924 5149 €an-

359 5216 440 5252 cw
473 5197 748 5270 proponit,
785 5195 1030 5250 eamdem
1060 5192 1221 5262 plane
1253 5206 1379 5246 cum
1413 5205 1497 5251 ea.
1527 5205 1691 5258 quam
1723 5189 1922 5243 Soera-3

358 5301 440 5346 tes
493 5299 547 5343 et
572 5287 902 5342 Athanasius
942 5283 1220 5338 referunt:
1264 5281 1422 5352 cujus
1454 5291 1708 5336 auctores
1734 5280 1921 5334 Osium

356 5397 423 5437 ac
464 5379 769 5434 Potamium
827 5375 976 5430 facit.
1040 5373 1276 5444 Subjicit
1318 5373 1514 5428 deinde
1562 5373 1922 5428 Orientalium

355 5476 655 5536 decretum,
694 5468 842 5540 quod
882 5471 1144 5522 adversus
1187 5467 1347 5520 istam
1395 5465 1686 5519 formulam
1729 5464 1782 5518 in
1813 5464 1924 5518 An-

356 5579 560 5637 cyrano
599 5561 833 5618 concilio
865 5567 1130 5615 statutum
1167 5567 1282 5621 est;
1333 5557 1497 5626 idque
1537 5573 1661 5611 cum
1695 5557 1922 5612 miritice

357 5657 646 5730 praedicat,
697 5664 812 5708 tum
863 5652 1107 5722 singulas
1145 5650 1266 5719 ejus
1314 5650 1648 5710 sententias,
1691 5659 1743 5703 et
1792 5664 1923 5702 ana-

354 5748 732 5805 thematismos
761 5743 1036 5800 uberrime
1066 5743 1328 5797 declarat.
1374 5741 1653 5797 Postremo
1687 5741 1922 5811 reliquas

353 5844 424 5899 ab
451 5839 818 5898 Orientalibus
851 5839 1025 5892 editas
1066 5835 1468 5905 professiones,
1501 5851 1622 5907 qua:
1664 5851 1787 5890 cum
1825 5849 1920 5890 ca-

669 5934 938 5993 ΡΑτιιοι..
973 5933 1089 5993 Gn.
1124 5932 1319 5994 XLll.

2027 4645 2295 4698 restitisse
2341 4645 2642 4700 catholicos
2689 4645 2914 4712 scribit;
2959 4654 3122 4715 atque
3175 4649 3315 4703 inter
3366 4661 3592 4706 caeteros

2027 4734 2322 4789 Paulinum
2359 4735 2744 4791 Treverensem
2796 4738 2868 4792 ita
2925 4740 3358 4809 subscripsisse:
3417 4757 3474 4798 se
3535 4744 3589 4798 in

2024 4826 2246 4882 Photini
2277 4838 2438 4897 atque
2473 4827 2711 4884 Marcelli
2745 4829 3152 4885 damnationem
3184 4833 3424 4900 praebere
3461 4849 3593 4890 con-

2026 4935 2270 4986 sensum,
2321 4921 2387 4974 de
2432 4919 2732 4975 Athanasio
2790 4935 2898 4975 non
2941 4922 3192 4991 probare.
3241 4922 3421 4988 Quare
3463 4941 3587 4979 cmn

2028 5011 2244 5066 illorum
2288 5011 2356 5066 de
2400 5010 2700 5066 Athanasio
2730 5013 2998 5066 sententia
3052 5014 3445 5081 repudiaretur,
3476 5017 3591 5084 ple-

2028 5101 2180 5168 rique
2209 5116 2240 5154 a
2263 5100 2586 5155 Constantio
2623 5101 2878 5170 relegati;
2915 5117 2979 5156 ac
3009 5112 3122 5157 tum
3169 5103 3506 5160 Arelatensis
3535 5115 3591 5161 ct

2027 5189 2353 5245 Biterrensis
2410 5191 2603 5261 synodi
2643 5193 3025 5247 celebrantur:
3071 5195 3194 5248 inde
3227 5194 3592 5251 Mediolanen-

2026 5282 2138 5345 sis,
2173 5285 2226 5334 in
2262 5297 2368 5350 qua
2409 5282 2652 5353 insignes
2691 5284 2910 5352 quidam
2945 5285 3184 5354 episcopi
3235 5287 3287 5340 in
3335 5288 3588 5342 exsilium

2025 5373 2191 5442 pulsi,
2226 5372 2520 5444 Dionysius
2567 5373 3022 5440 Mediolanensis,
3070 5375 3340 5432 Eusebius
3383 5377 3592 5433 Vercel-

2025 5465 2215 5524 lensis.
2270 5464 2487 5520 Lucifer
2532 5465 2909 5533 Calaritanus;
2954 5467 3206 5524 Liberius
3269 5485 3486 5540 quoque
3537 5479 3590 5523 et

2025 5555 2286 5612 llilarius.
2316 5556 2449 5623 Quae
2493 5559 2678 5612 omnia
2715 5559 3010 5614 Arbetione
3055 5570 3109 5615 et
3151 5560 3395 5615 Lolliano
3441 5576 3586 5616 coss.

2026 5648 2166 5704 facta
2193 5663 2313 5704 esse
2357 5650 2566 5704 scribit.
2603 5649 2727 5704 Htec
2766 5651 3081 5706 summatim
3120 5651 3404 5722 Sulpitius.
3449 5651 3587 5719 Qui-

2023 5743 2128 5797 bus
2154 5742 2405 5810 superior
2432 5742 2521 5809 ille
2550 5745 2766 5812 agnitus
2793 5759 2824 5798 a
2852 5744 3008 5800 nobis
3028 5754 3081 5799 et
3106 5745 3408 5815 patefactus
3433 5763 3587 5804 error

2026 5835 2386 5892 convincitur.
2414 5834 2574 5892 Vides
2601 5837 2746 5892 enim
2769 5849 2892 5908 post
2917 5837 3292 5895 Sardicensem
3321 5842 3585 5912 synodum

3240 5937 3311 5996 3's
