4054 6404
415 420 565 475 10(ιῖ

1544 417 1886 473 APPENDIX
1925 416 2555 475 DlSSERTATlfmUM.

3558 419 3580 472 1
3591 418 3696 472 068

432 548 488 592 et
518 546 766 605 receptos
798 533 850 588 in
895 533 1335 588 communionem
1378 531 1665 588 Ursacium
1717 549 1781 588 ac
1820 534 2006 588 Valen-
2034 542 2079 596 Α
2110 536 2306 588 tiaram
2351 553 2571 590 suarum
2615 537 2836 592 decretis
2888 537 3300 591 conti-edixisse.
3345 533 3577 590 Necesse
3611 548 3699 592 est

422 639 566 689 tem,
615 612 898 697 aliquanto
952 635 1201 695 tempore
1259 624 1585 693 interjecto,
1651 622 2010 678 Sirmiensem

421 723 686 775 adversus
750 718 1048 774 Photinum
1113 717 1444 771 celebratam
1513 717 1825 787 synodum,
1888 727 2012 770 ante

420 814 789 868 Arelatensem
845 822 898 865 et
928 809 1405 869 Mediolanensem,
1462 823 1674 862 necnon
1720 815 2012 877 antequam

422 903 674 958 Liberius
718 918 876 973 papa,
922 901 1193 957 Eusebius
1232 903 1434 972 aliique
1512 901 2008 970 proscriberentur.

420 997 586 1066 Atqui
624 995 1046 1050 com-iliabulum
1090 995 1437 1059 Arelatense,
1465 994 1610 1063 quod
1650 1009 1680 1047 a
1713 992 2012 1046 Saturnino

399 1090 760 1144 celebratum
811 1097 917 1151 est,
967 1103 1116 1142 anno
1160 1087 1365 1142 Christi
1419 1087 1524 1141 353
1561 1086 1827 1154 contigit,
1884 1099 2011 1138 cum

396 1180 628 1235 -Sirmio
678 1180 733 1233 in
767 1178 976 1233 Gallias
1028 1176 1308 1247 profectus
1349 1185 1494 1231 esset
1541 1174 1918 1230 Constantius.
1953 1184 2011 1228 ut

422 1273 477 1325 in
516 1271 814 1325 Annalibus
841 1271 1075 1338 legitur;
1112 1267 1517 1322 Mediolanense
1550 1282 1680 1320 vero
1715 1281 1860 1320 anno
1883 1265 2008 1330 555,

421 1363 719 1416 Arbetione
748 1372 800 1415 et
835 1360 1087 1414 Lolliano
1122 1375 1267 1415 coss.
1301 1358 1482 1412 Tanto
1527 1359 1693 1428 igitur
1723 1367 1852 1412 ante
1882 1367 2009 1412 tem-

421 1470 555 1526 pore
611 1455 905 1508 damnatus
970 1452 1238 1507 Photinus
1297 1466 1361 1505 ac
1421 1450 1740 1506 Sirmiensis
1791 1459 2011 1520 peracta

421 1547 667 1618 synodus
733 1557 855 1610 est,
919 1560 1086 1614 quam
1155 1543 1392 1599 secunda
1459 1543 1582 1597 fidei
1620 1541 1891 1622 formula
1955 1542 2008 1595 in

419 1641 612 1695 eodem
721 1637 1009 1692 Sirmieusi
1081 1636 1282 1706 oppido
1331 1636 1400 1689 ab
1471 1634 1735 1697 Ursacio,
1787 1633 2012 1689 Valente

420 1734 664 1802 Osioque
710 1731 992 1802 prodiret,
1039 1745 1162 1800 qua:
1204 1739 1329 1798 post
1368 1729 1666 1799 relegatum
1717 1725 2006 1791 Hilarium,

420 1839 523 1878 nec
553 1825 712 1893 longe
741 1831 872 1877 ante
928 1821 1200 1892 synodum
1256 1819 1660 1875 Ariminensem
1711 1821 1856 1874 edita
1902 1828 2005 1884 est,

2116 628 2300 696 itaque
2331 629 2612 698 aliquanto
2645 639 2767 699 post
2787 630 3119 700 publicatam
3152 628 3508 682 Sirmiensem
3533 627 3695 682 ἔκθε-

2115 737 2199 774 σιν
2247 722 2445 791 spatio,
2505 724 2850 793 Ancyranam
2905 738 2934 776 a
2989 721 3197 777 Basilio
3254 721 3522 792 synodum
3571 735 3698 776 esse

2113 811 2419 867 conflatam.
2462 811 2601 879 Quid
2649 813 2796 883 quod
2834 812 2997 867 Osius
3045 813 3198 882 ipse,
3233 826 3264 864 a
3296 826 3405 879 quo
3447 809 3696 864 eamdem

2113 903 2260 957 illam
2289 902 2587 972 profectam
2623 902 2912 957 formulam
2944 912 3138 956 auctor
3184 910 3268 956 est
3309 899 3570 962 Hilarius,
3596 914 3703 951 an-

2113 1011 2243 1050 num
2295 996 2562 1064 integrum
2605 993 2793 1049 Sirmii
2839 1003 3081 1049 retentus
3115 1001 3220 1053 est,
3263 991 3583 1060 priusquam
3627 987 3700 1043 ad

2113 1103 2443 1143 consensum
2496 1089 2838 1160 adigeretur?
2878 1087 3060 1155 Quare
3110 1103 3234 1142 cum
3271 1102 3379 1141 non
3426 1085 3528 1141 nisi
3573 1095 3702 1156 post

2111 1177 2332 1234 Junium
2360 1195 2602 1235 mensem
2641 1181 2768 1236 anni
2796 1180 2900 1235 556
2951 1178 3312 1235 Constantius
3363 1177 3544 1232 Sirmii
3575 1192 3704 1231 es.~e

2111 1277 2368 1346 potuerit,
2417 1291 2759 1348 consequens
2801 1284 2913 1341 est,
2969 1289 3115 1330 anno
3167 1283 3457 1343 sequente,
3500 1272 3700 1326 eodem

2111 1366 2330 1421 circiter
2355 1377 2618 1438 tempore,
2646 1367 2806 1422 istam
2835 1368 2904 1422 ab
2941 1365 3074 1422 Osio
3109 1364 3504 1437 professionem
3539 1363 3704 1416 Aria-

2110 1473 2212 1512 nos
2249 1460 2568 1514 extorsisse.
2631 1459 2795 1529 Atqui
2833 1459 2922 1513 diu
2961 1469 3110 1522 ante,
3155 1458 3413 1513 nimirum
3457 1455 3561 1509 sub
3601 1470 3706 1525 pa-

2114 1549 2298 1604 schale
2325 1557 2560 1620 tempus,
2594 1551 2822 1623 Ancyrae
2851 1565 3157 1605 convenere
3179 1545 3704 1605 Semiariani.Vides

2113 1649 2354 1710 quantus
2386 1641 2458 1695 sit
2489 1641 2628 1711 apud
2661 1642 2784 1696 illos
2813 1643 3086 1696 rationum
3133 1641 3269 1696 inter
3307 1653 3428 1695 sese
3489 1654 3706 1693 sermo-

2109 1730 2304 1798 nisque
2321 1729 2628 1787 conflictus.
2655 1731 2758 1787 Sed
2778 1748 2844 1787 ex
2879 1732 2943 1788 iis
2973 1748 3094 1802 qua:
3110 1747 3274 1802 supra
3290 1731 3701 1795 constituimus,

2109 1836 2341 1891 quaeque
2383 1823 2548 1892 paulo
2583 1833 2703 1894 post
2748 1825 3027 1878 tractanda
3084 1833 3234 1887 sunt,
3277 1833 3499 1894 apparet
3549 1823 3706 1878 aliud

421 1927 482 1969 ut
517 1931 583 1970 ex
620 1915 814 1970 eodem
859 1912 1068 1967 Hilario
1111 1923 1368 1976 constat;
1416 1928 1594 1982 neque
1635 1921 1813 1981 potest
1859 1926 2004 1965 anno
2035 1895 2080 1956 Β
2109 1913 2410 1983 Ancyranaa
2445 1917 2652 1984 synodo
2687 1923 2901 1984 tempus
2924 1930 3044 1970 esse
3069 1915 3438 1969 tribuendum.

421 2008 525 2062 557
555 2008 853 2062 Sirmiensc
877 2006 1167 2061 concilium
1203 2006 1315 2060 ullo
1339 2006 1502 2060 modo
1527 2020 1850 2074 congruere.

492 2098 774 2155 Neminem
803 2094 1161 2152 vetustissimi
1195 2098 1404 2152 erroris
1442 2097 1580 2151 adeo
1617 2106 1862 2151 tenacem
1893 2095 2008 2150 fore

417 2192 656 2252 confido,
691 2190 785 2260 qui
821 2205 930 2244 non
966 2198 1045 2242 tot
1084 2188 1424 2256 argumentis
1479 2188 1762 2242 convictus
1811 2195 2009 2242 nostrae

421 2287 496 2340 illi
545 2301 652 2339 non
705 2283 970 2354 opinioni,
1030 2291 1126 2336 aut
1173 2282 1520 2352 conjecturae,
1549 2282 1642 2336 sed
1693 2279 2010 2335 certissimae

419 2380 635 2433 veritati
691 2377 1019 2447 suffragetur
1047 2420 1062 2442 ,
1137 2377 1384 2446 adeoque
1431 2376 1781 2431 vehementer
1822 2375 2010 2430 obstu-

419 2479 626 2540 pcscat,
661 2467 864 2521 nemini
908 2468 1172 2522 hactenus
1210 2466 1525 2521 mortalium
1571 2476 1679 2520 tam
1713 2467 2007 2521 immanem

420 2563 666 2618 historia
699 2562 874 2615 labem
907 2561 962 2614 in
988 2572 1135 2614 tanta
1173 2561 1548 2615 doctrinarum
1587 2560 1834 2614 omnium
1865 2560 2006 2624 luce,

417 2663 681 2723 tantaque
710 2653 989 2707 annalium
1023 2661 1076 2706 et
1109 2652 1496 2706 chronicorum
1529 2654 1684 2721 capia
1718 2652 1803 2706 vel
1843 2652 2010 2707 levis-

418 2749 558 2805 sime
585 2746 916 2802 snboluisse.
952 2745 1030 2799 Ac
1054 2744 1257 2800 nostris
1277 2743 1494 2814 quidem
1523 2744 1796 2799 accuratis
1848 2754 2011 2814 atque

419 2841 652 2896 eruditis
691 2838 1008 2893 hominibus
1052 2837 1230 2892 danda
1273 2837 1429 2890 venia
1465 2847 1569 2900 est,
1603 2839 1696 2907 qui
1743 2836 2009 2901 Socratis,

421 2932 712 2988 Sozomeni
755 2940 919 3002 atque
979 2934 1328 3000 antiquorum
1365 2930 1593 3001 vestigia
1641 2931 1812 2986 secuti
1841 2940 2005 2985 sunt:

419 3026 542 3082 illos
573 3026 723 3096 ipsos
761 3024 967 3078 erroris
991 3033 1247 3078 auctores
1284 3039 1352 3077 ac
1396 3024 1565 3078 duces
1605 3040 1871 3081 excusare
1898 3040 2007 3080 non

417 3134 672 3188 possum,
699 3117 816 3187 qui,
844 3126 904 3170 ut
934 3116 1150 3170 illorum
1185 3124 1490 3185 temporum
1521 3117 1809 3171 viciniores
1829 3126 2006 3182 erant,

2182 2003 2288 2058 Nec
2313 2005 2496 2060 minus
2523 2009 2667 2076 quod
2694 2007 2768 2060 illi
2801 2016 2911 2061 tam
2947 2008 3148 2062 acriter
3176 2016 3419 2079 pugnant
3451 2007 3704 2061 indidem

2109 2097 2376 2154 refellitur
2409 2117 2423 2153 :
2457 2097 2732 2154 Liberium
2769 2117 2964 2171 papam
3004 2101 3171 2171 priori
3204 2101 3281 2154 illi
3313 2101 3433 2154 fidei
3471 2100 3702 2170 profes-

2110 2191 2253 2245 sioni
2283 2191 2696 2262 subscripsisse,
2730 2209 2852 2263 quae
2876 2194 2930 2247 in
2955 2193 3243 2248 Sirmiensi
3270 2195 3482 2264 synodo
3505 2201 3710 2247 contra

2108 2279 2405 2337 Photinum
2466 2292 2553 2338 est
2595 2284 2817 2338 emissa.
2858 2284 3069 2354 Quippe
3121 2285 3332 2355 aliquot
3370 2284 3531 2338 annis
3585 2299 3708 2337 non

2110 2371 2312 2426 Liberii
2362 2374 2526 2429 modo
2576 2374 3007 2441 restitutionem,
3069 2376 3162 2431 sed
3215 2375 3466 2431 exsilium
3521 2375 3716 2444 ipsum

2109 2461 2435 2518 Photiniana
2477 2465 2758 2519 damnatio
2810 2467 3108 2535 praecessit.
3194 2466 3402 2521 Fecerit
3449 2465 3720 2521 Liberius

2111 2569 2305 2620 necne,
2348 2555 2492 2624 quod
2551 2557 2747 2611 fecisse
2795 2557 3045 2626 plerique
3090 2567 3333 2613 veterum
3363 2558 3619 2621 Patrum,
3655 2569 3722 2612 ut

2111 2646 2471 2710 Athanasius,
2533 2647 2896 2720 Hieronymus
2940 2651 3142 2720 aliique
3171 2652 3538 2715 consentiunt,
3571 2652 3723 2705 nihil

2111 2740 2179 2793 ad
2231 2739 2538 2794 institutam
2588 2741 3013 2810 disputationem
3059 2743 3272 2798 attinet.
3323 2742 3536 2797 Etenim
3589 2745 3724 2798 fieri

2110 2840 2309 2900 potest,
2339 2841 2397 2886 ut
2418 2846 2544 2885 cum
2580 2830 2829 2897 Ursac.o,
2859 2833 3081 2888 Valente
3135 2850 3198 2889 ac
3226 2835 3449 2904 reliquis
3485 2835 3725 2890 Arianis

2111 2921 2598 2977 communicaverit
2642 2924 2883 2993 quidem,
2937 2934 2992 2979 et
3047 2924 3409 2980 Athanasium
3467 2925 3727 2980 damna-

2111 3014 2270 3078 verit,
2291 3015 2384 3069 sed
2410 3015 2678 3070 hiereticae
2700 3018 2954 3087 pravitati
2984 3032 3328 3088 nequaquam
3361 3019 3728 3088 subscripse-

2112 3105 2182 3161 rit
2215 3148 2231 3173 ,
2264 3107 2504 3163 haeretici
2534 3124 2682 3172 ivero
2720 3111 2883 3164 etiam
2933 3111 3339 3180 comprobatam
3377 3111 3446 3164 ab
3473 3110 3571 3164 illo
3605 3111 3730 3164 lue-

417 3211 498 3266 sic
537 3211 604 3265 ad
644 3224 835 3264 eorum
877 3206 1269 3277 explorandam
1297 3207 1582 3263 historiam
1626 3209 2006 3263 instructiores

2114 3198 2259 3253 resin
2291 3198 2429 3254 falso
2453 3199 2803 3269 jactaverint.
2840 3200 2956 3256 Hoc
2998 3217 3128 3257 vero
3171 3201 3546 3256 certissimum
3604 3212 3725 3266 est,

2114 3303 2285 3311 ---_---
2334 3290 2498 3311 -..Ξ-..Ξ
2560 3291 2633 3311 :ll:
2698 3300 2875 3311 _-__._-
2917 3289 2988 3311 DL
3017 3293 3207 3311 -.!,_‘__.-
3263 3307 3281 3311 _
3303 3291 3410 3311 19...
3459 3292 3552 3311 ---1.
3575 3310 3588 3311 κ
3611 3294 3687 3311 -ςέ

416 3316 538 3355 esse
565 3299 898 3355 debuerunt.

488 3391 850 3461 Posteaquam
879 3390 1282 3442 firmamentum
1317 3389 1498 3458 ipsum
1559 3386 1707 3441 falsa:
1739 3389 2010 3442 narratio-

417 3479 505 3533 nis
531 3488 586 3532 et
637 3488 804 3548 caput
834 3477 1157 3541 evertimus,
1205 3478 1437 3546 reliqua,
1494 3493 1617 3546 quae
1663 3478 1791 3532 huic
1823 3479 2010 3532 innixa

417 3570 603 3622 minus
636 3568 841 3621 habent
876 3568 1161 3631 momenti,
1205 3569 1411 3623 erroris
1441 3583 1547 3622 non
1583 3568 1788 3633 minus,
1820 3578 2011 3638 suapte

419 3669 613 3728 sponte
641 3657 814 3713 fracta
844 3659 1228 3725 infirmataque
1266 3660 1574 3714 concident.
1614 3659 1896 3729 Ejusmodi
1927 3669 2011 3714 est

418 3747 564 3816 quod
619 3747 686 3801 de
734 3746 1036 3817 Ancyranae
1089 3749 1278 3818 synodi
1328 3757 1573 3818 tempore
1617 3748 1894 3814 definitur,
1954 3751 2008 3802 in

418 3838 671 3891 eumdem
725 3854 929 3892 annum
981 3838 1264 3904 incidisse,
1310 3856 1422 3909 quo
1456 3839 1724 3895 Photinus
1775 3843 1827 3895 in
1867 3840 2012 3895 “Sir-

420 3929 620 3984 rniensi
663 3930 898 3984 concilio
945 3929 1237 3985 damnatus
1272 3940 1374 3997 est,
1431 3947 1627 4002 nempe
1682 3948 1827 3987 anno
1880 3933 2004 3989 357.

421 4022 579 4086 Quod
602 4038 717 4076 non
756 4023 917 4075 modo
963 4021 1157 4076 falsum
1199 4031 1303 4085 est,
1352 4024 1479 4093 quia
1521 4024 1679 4095 longe
1703 4034 1828 4078 ante
1864 4026 2009 4084 hunc

423 4126 628 4164 annum
699 4109 1054 4165 Sirmiensem
1120 4113 1266 4165 illam
1336 4114 1605 4184 synodum
1678 4116 2006 4172 celebratam

423 4203 585 4270 paulo
617 4212 741 4256 ante
766 4203 1077 4266 docuimus,
1113 4205 1206 4258 sed
1231 4203 1394 4257 etiam
1433 4205 1602 4273 quod,
1628 4207 1730 4259 etsi
1761 4207 1862 4261 hoc
1884 4209 2008 4278 ipso

423 4309 572 4346 anno
602 4304 821 4362 peracta
849 4293 938 4357 sit,
975 4309 1082 4346 non
1117 4303 1292 4362 potest
1319 4295 1370 4347 in
1403 4295 1654 4349 eumdem
1686 4297 2007 4368 Ancyranus

420 4393 725 4439 conventus
758 4385 1061 4437 incurrere.
1107 4383 1204 4437 llic
1243 4385 1388 4438 enim
1442 4396 1568 4439 ante
1619 4385 1826 4441 Pascha
1861 4390 2005 4441 cele-

420 4476 614 4530 bratus
640 4483 723 4529 cst
752 4490 767 4527 :
803 4476 945 4529 unde
979 4485 1030 4528 et
1061 4475 1306 4544 plerique
1351 4475 1421 4530 ob
1452 4476 1686 4531 hiemem
1724 4477 2003 4532 interclusi

2113 3303 2288 3358 neque
2334 3290 2501 3360 priori
2560 3291 2636 3344 illi
2691 3300 2881 3345 contra
2917 3289 3214 3346 Photinum
3256 3291 3416 3346 editae
3455 3292 3726 3345 subscri-

2113 3382 2312 3453 psisse,
2353 3391 2427 3449 et,
2459 3383 2504 3438 si
2549 3398 2613 3437 ex
2654 3384 2834 3438 tribus
2884 3383 3285 3441 Sirmiensibus
3320 3385 3566 3454 aliquam
3617 3388 3726 3439 ad-

2114 3474 2347 3537 miserit,
2382 3490 2490 3528 non
2523 3474 2706 3536 aliam,
2743 3489 2908 3543 quam
2955 3477 3276 3539 secundam,
3311 3476 3398 3530 cui
3442 3483 3497 3529 et
3532 3474 3723 3529 Osius

2112 3581 2375 3620 assensus
2407 3575 2509 3632 est,
2557 3566 2966 3635 comprobasse.
3009 3567 3090 3622 Ac
3132 3567 3267 3621 mihi
3311 3566 3537 3636 quidem
3581 3583 3729 3636 pur-

2111 3657 2272 3726 gandi
2306 3658 2374 3711 ab
2406 3658 2556 3711 omni
2596 3657 2821 3713 haeresis
2852 3659 3168 3728 suspicione
3213 3657 3415 3714 Liberii
3451 3661 3730 3727 expedita

2110 3746 2359 3816 quaedam
2383 3749 2524 3801 ratio
2563 3758 2617 3801 et
2659 3747 2833 3802 facilis
2855 3752 3114 3815 occurrit,
3147 3750 3193 3804 si
3217 3749 3453 3804 oblatam
3480 3751 3728 3818 quidem

2109 3838 2184 3891 illi
2217 3841 2510 3893 secundam
2539 3838 2895 3895 Sirmiensem
2935 3839 3153 3894 ἔκθεσιν
3186 3841 3496 3896 dixerimus
3535 3860 3549 3894 :
3601 3857 3728 3896 non

2111 3931 2373 3998 integram
2407 3942 2609 3997 tamen,
2642 3943 2736 3988 aut
2773 3934 3083 4005 cujusmodi
3118 3935 3262 4004 apud
3304 3934 3630 3997 Socratem,
3667 3946 3729 3990 et

2107 4020 2488 4088 Athanasium,
2532 4031 2696 4093 atque
2736 4022 3000 4078 Hilarium
3043 4025 3268 4094 legitur,
3315 4026 3408 4081 sed
3456 4025 3727 4094 priorem

2106 4113 2223 4180 ejus
2277 4121 2505 4182 partem,
2557 4114 2610 4168 in
2666 4131 2773 4185 qua
2839 4117 2932 4169 τοῦ
2988 4117 3300 4188 ὁμοουσῐου,
3356 4126 3411 4171 et
3474 4118 3724 4188 ὁμοιου-

2109 4203 2223 4255 σίσυ
2279 4205 2542 4258 vocabula
2601 4207 2875 4261 reticenda
2939 4223 3063 4263 esse
3119 4209 3437 4264 decernitur
3491 4227 3504 4262 :
3555 4212 3728 4278 quod

2107 4301 2257 4368 pacis
2308 4317 2372 4356 ac
2428 4303 2628 4371 quietis
2698 4307 2881 4360 studio
2943 4309 3267 4378 complexus
3315 4320 3422 4364 est.
3494 4308 3722 4368 Verum

2108 4392 2298 4445 Ariani
2365 4395 2538 4448 eidem
2606 4393 2854 4452 formulae
2924 4399 3135 4468 reliqua
3200 4403 3555 4470 postmodum
3624 4406 3728 4460 in-

2109 4491 2424 4548 texuerunt,
2460 4500 2523 4538 ac
2559 4487 2804 4554 specioso
2835 4488 3066 4542 Romani
3095 4491 3371 4560 pontificis
3396 4493 3636 4547 nomine
3668 4505 3730 4550 et

420 4570 478 4624 in
529 4569 788 4639 synodica
837 4568 1067 4636 epistola
1133 4568 1416 4622 dicuntur.
1463 4566 1582 4622 Non
1613 4570 1790 4638 potuit
1839 4570 2005 4639 igitur
2038 4590 2080 4645 Ι)
2112 4576 2438 4629 auctoritate
2477 4593 2636 4630 suum
2678 4579 2875 4649 dogma
2920 4581 3294 4635 venditarunt.
3345 4582 3537 4636 Dicam
3592 4602 3732 4640 am-

399 4662 612 4716 'eodem
650 4675 795 4713 anno
848 4658 1170 4712 Sirmiensis
1221 4658 1462 4728 synodus
1495 4657 1612 4711 fieri
1649 4677 1660 4711 :
1692 4658 1796 4712 nisi
1824 4667 2007 4728 poste-

419 4755 624 4808 riorem
658 4754 798 4806 hanc
827 4750 998 4806 fuisse
1029 4750 1166 4803 velis
1187 4790 1201 4814 ,
1232 4749 1376 4818 quod
1430 4749 1588 4819 longe
1617 4762 1701 4803 est
1726 4750 2007 4804 absurdis-

420 4848 620 4902 simum
655 4885 669 4910 ,
731 4844 991 4913 quoniam
1048 4843 1113 4895 ad
1163 4844 1582 4910 oppugnandam
1649 4841 2005 4897 Sirmiensem

420 4937 569 4991 illam
622 4935 937 4997 formulam,
987 4948 1152 5002 quam
1221 4934 1274 4986 in
1341 4932 1577 4986 concilio
1634 4937 2002 5003 conscriptam

417 5029 758 5092 existimant,
811 5027 1096 5096 Ancyrana
1145 5034 1229 5079 est
1282 5025 1523 5094 synodus
1565 5026 1810 5080 collecta.
1859 5026 2002 5092 Quin

417 5121 587 5175 etiam
620 5129 908 5189 postquam
953 5117 1069 5170 haec
1122 5115 1244 5169 fidei
1301 5116 1571 5184 professio
1597 5117 1767 5170 allata
1801 5117 2004 5171 Sirmio

416 5223 520 5274 est,
558 5211 807 5266 nonnihil
845 5217 970 5264 ante
993 5209 1295 5262 concilium
1357 5209 1707 5277 Aneyranum
1741 5211 2003 5277 temporis

418 5303 757 5358 intercessit.
788 5300 922 5353 Nam
961 5297 1201 5352 Hilarius
1233 5299 1325 5351 lib.
1356 5297 1432 5351 De
1463 5299 1696 5367 synodis,
1734 5314 1856 5368 pag.
1876 5299 1999 5362 529,

422 5393 800 5451 Occidentales
827 5393 1116 5461 episcopos
1145 5389 1454 5451 collaudat,
1489 5389 1635 5458 quod
1685 5392 1902 5444 missam
1933 5393 2001 5444 ad

412 5503 525 5542 sese
566 5501 632 5540 ex
669 5484 948 5539 Sirmiensi
999 5481 1188 5550 oppido
1235 5480 1467 5550 inﬁdelis
1512 5482 1638 5550 ﬁdei
1682 5484 2000 5551 impietatem

413 5595 520 5632 non
570 5576 724 5629 modo
765 5591 869 5628 non
917 5574 1289 5640 suscepissent,
1331 5571 1421 5624 sed
1489 5575 1791 5627 nuntiatam
1838 5576 2000 5628 etiam

416 5669 880 5736 signi/icatamque
946 5665 1309 5718 damnassent.
1380 5663 1500 5728 Quo
1568 5681 1692 5719 cum
1750 5667 1999 5734 exemplo

411 5759 606 5815 scribit
634 5759 898 5812 excitatos
930 5753 1236 5809 Orientales
1281 5755 1565 5825 episcopos
1607 5757 1660 5809 in
1709 5759 1998 5826 Ancyrauo

411 5846 648 5903 concilio
681 5845 1101 5914 irreligiosorum
1130 5843 1386 5900 raudacite
1429 5841 1749 5916 quibusdam
1783 5856 1994 5901 senten-

1049 5973 1063 5980 .,
1090 5962 1254 5986 ηαλμ...

2110 4665 2287 4734 plius,
2357 4683 2424 4720 ne
2479 4667 2570 4719 isti
2622 4668 2846 4736 quidem
2906 4670 3240 4740 professioni
3299 4675 3731 4744 subscripsisse

2109 4755 2408 4821 Liberium,
2439 4759 2530 4812 sed
2559 4760 2716 4812 alteri
2747 4761 2987 4828 cuidam,
3013 4779 3120 4832 qua
3167 4764 3217 4817 id
3258 4781 3426 4818 unum
3476 4782 3730 4823 cavere-

2107 4861 2216 4909 tur,
2247 4864 2313 4902 ne
2336 4851 2458 4918 quis
2483 4852 2973 4908 consubstantialis
3019 4857 3290 4910 vocabulo
3326 4857 3380 4909 in
3414 4868 3727 4926 posterum

2108 4949 2370 4992 uteretur.
2395 4940 2557 5007 Quod
2587 4958 2711 4996 cum
2737 4945 2804 4998 de
2830 4946 3099 5001 catholica
3130 4948 3421 5002 severitate
3445 4949 3728 5006 Liberius

2107 5030 2435 5094 remisisset,
2476 5042 2532 5086 et
2568 5033 2852 5089 Athanasii
2904 5037 3132 5106 insuper
3164 5041 3509 5093 damnationi
3556 5056 3730 5096 con—

2107 5124 2391 5188 sensisset,
2428 5126 2579 5180 visus
2612 5138 2695 5181 est
2743 5130 2796 5180 in
2856 5129 3091 5184 haeresin
3144 5133 3476 5201 prolapsus;
3527 5148 3733 5204 eaque

2106 5220 2447 5286 postmodum
2500 5220 2685 5288 opinio
2736 5222 3070 5276 Arianorum
3128 5223 3419 5281 fraudibus
3477 5236 3534 5280 et
3619 5245 3734 5284 ca-

2105 5305 2327 5358 lumniis
2357 5307 2685 5373 percrebuit,
2732 5326 2857 5364 cum
2907 5312 3271 5369 Sirmiensem
3319 5316 3444 5369 fidei
3493 5316 3730 5374 formu-

2104 5395 2208 5448 lam
2251 5397 2439 5450 eodem
2485 5407 2734 5469 tempore
2768 5404 3147 5470 publicantes,
3198 5422 3320 5460 eam
3372 5407 3586 5477 ipsam,
3625 5414 3731 5468 cui

2103 5503 2364 5542 assensus
2409 5501 2524 5543 erat
2556 5491 2830 5558 Liberius,
2888 5497 3037 5551 illam
3086 5515 3210 5555 esse
3265 5501 3486 5555 mentiti
3550 5513 3730 5560 sunt.

2102 5579 2269 5645 Cujus
2299 5581 2372 5632 rei
2397 5582 2767 5649 conjecturam
2799 5602 2866 5640 ex
2906 5591 3219 5646 Sozomeno
3264 5594 3396 5647 licet
3444 5611 3667 5663 capere
3711 5619 3728 5653 :

2101 5672 2194 5740 qui
2227 5672 2318 5725 lib.
2352 5689 2424 5735 ιν,
2465 5691 2587 5744 cap.
2632 5678 2716 5736 i4.
2741 5681 2952 5744 scribit,
2991 5701 3115 5738 cum
3147 5701 3179 5740 a
3215 5685 3440 5740 Libet-io
3499 5687 3734 5746 Valens

2100 5772 2153 5816 et
2183 5761 2446 5819 Ursacius
2471 5772 2890 5826 consensionem
2919 5774 3632 5845 expressissent,vicissim
3650 5785 3733 5838 ab

2099 5865 2164 5906 eo
2191 5853 2584 5921 professionem
2620 5862 2896 5931 accepisse
2926 5865 3178 5935 alteram,
3201 5885 3309 5940 qua
3341 5871 3421 5926 illi
3460 5878 3730 5929 damna.-
