4054 6404
453 443 586 501 I069

1251 438 1337 491 DE
1379 436 1722 494 SIBMIENSI
1756 438 1844 494 ET
1882 438 2254 496 ANCYRANA
2293 439 2853 498 PSEUDOSYNODO.

3553 449 3690 505 1070

452 574 642 618 rentur
672 573 884 621 omnes,
917 557 1008 626 qui
1037 571 1144 611 non
1196 557 1498 612 substantia
1522 558 1839 627 cazterisqne
1870 559 2022 613 simi-
2051 567 2096 619 Α
2125 573 2189 612 ac
2215 554 2475 627 Nigriano
2511 573 2839 626 coss.,anno
2874 556 3072 610 Christi
3108 557 3231 620 551,
3267 558 3406 628 quod
3439 559 3554 614 sine
3589 563 3690 618 du-

451 655 555 708 lem
607 651 786 705 Patris
837 665 958 703 esse
1011 647 1210 702 Filium
1264 661 1586 704 assererem.
1641 648 1781 702 Tum
1831 650 2016 704 addit:

453 740 760 795 Eudoxium
835 753 900 792 ac
934 738 1175 807 reliquos
1209 737 1537 802 Anomoeos,
1580 740 1672 810 qui
1721 741 2022 795 Antiochiae

450 836 830 898 versabantur,
856 849 978 888 cum
1010 833 1123 888 Osii
1151 834 1457 904 epistolam,
1497 835 1602 888 hoc
1641 845 1725 890 est
1761 835 2025 890 Sirmien-

453 943 569 982 sem
603 927 894 980 formulam
926 926 1286 996 accepissent,
1323 927 1376 981 id
1409 927 1462 980 in
1491 927 1688 996 vulgus
1732 927 2021 996 sparsisse,

453 1021 732 1075 Liberium
778 1019 838 1073 τὸ
887 1019 1170 1090 ὁμοούσιον
1213 1017 1552 1087 repudiasse,
1597 1033 1663 1073 ac
1701 1018 2024 1073 dissimilem

453 1112 635 1168 Patris
661 1127 1006 1167 asseverasse
1034 1110 1255 1164 Filium.
1277 1109 1542 1175 Quocirca
1576 1110 1920 1180 perspicuum
1943 1118 2026 1165 est

457 1203 737 1258 Liberium
786 1202 1115 1272 professioni
1151 1201 1225 1255 illi
1264 1200 1569 1268 Sirmiensi,
1611 1217 1775 1272 quam
1815 1200 1930 1257 Osii
1972 1213 2026 1257 et

454 1293 685 1348 Potamii
741 1292 1138 1362 blasphemiam
1195 1292 1428 1362 appellat
1478 1291 1748 1359 Hilarius,
1801 1292 2027 1348 minime

456 1381 882 1450 subscripsisse,
939 1383 995 1436 in
1053 1396 1162 1451 qua
1214 1381 1537 1436 nominatim
1575 1381 1637 1434 τὸ
1683 1381 2022 1453 ὁμοιούσιον,

455 1473 917 1544 quemadmodum
947 1481 1003 1528 et
1034 1473 1096 1526 τὸ
1125 1473 1430 1544 ὁμοούσιον,
1480 1473 1742 1544 rejectum
1775 1483 1887 1540 est;
1915 1475 2024 1529 imo

456 1579 584 1619 vero
607 1564 866 1628 θιούσίας
896 1578 1094 1619 nomen
1134 1565 1352 1635 ipsum;
1397 1578 1462 1619 ac
1491 1577 1752 1633 prasterea
1782 1580 2027 1634 pronun-

456 1659 647 1712 tiatum
703 1680 715 1714 :
767 1657 982 1714 Patrem
1034 1660 1274 1722 honore,
1328 1659 1612 1731 dignitate,
1682 1659 1930 1715 claritate
1972 1672 2028 1715 et

455 1752 739 1820 majestate
769 1751 1033 1820 majorem
1058 1766 1179 1807 esse
1219 1751 1379 1817 Filio,
1404 1752 1498 1822 qui
1521 1750 1666 1805 Patri
1698 1767 1824 1806 cum
1849 1751 2028 1806 omni-

454 1842 558 1897 bus
581 1843 648 1897 ab
679 1858 744 1897 eo
765 1843 868 1898 sibi
893 1843 1153 1914 subjectis
1175 1845 1246 1899 sit
1273 1844 1388 1913 ipse
1412 1842 1711 1913 subjectus.
1743 1841 2026 1909 Quomodo

2126 650 2219 703 bio
2255 663 2319 702 ex
2349 649 2498 704 Actis
2520 650 2734 704 concilii
2769 648 3086 704 Sirmiensis
3114 660 3449 720 compertum
3480 653 3690 710 habue-

2127 745 2270 792 rant.
2306 735 2420 792 Hoc
2441 739 2584 791 enim
2616 753 2648 793 e
2671 739 3044 806 superioribus
3077 741 3421 805 abstulimus,
3461 759 3693 812 przeser-

2127 825 2224 878 tim
2260 841 2327 879 ex
2360 826 2588 881 historia
2626 826 2866 896 Sulpitii,
2914 831 3182 900 synodum
3225 833 3370 886 illam
3408 844 3531 890 ante
3561 836 3695 893 Are-

2129 917 2337 972 latense
2384 927 2438 972 et
2478 919 2786 976 Biterrense
2828 922 3121 977 concilium
3175 924 3431 980 indictam
3489 926 3692 994 fuisse;

2128 1010 2235 1064 hoc
2272 1020 2354 1064 est
2397 1023 2523 1064 ante
2565 1027 2769 1065 annum
2816 1013 2940 1067 555.
2992 1012 3161 1084 Igitur
3200 1016 3253 1069 in
3293 1032 3495 1072 annum
3541 1021 3692 1074 illum

2129 1101 2403 1163 convenit,
2436 1117 2596 1171 quem
2625 1102 2872 1158 historici
2904 1112 3112 1160 veteres
3137 1106 3483 1162 adnotarunt.
3511 1107 3612 1164 Sed
3639 1112 3695 1165 in

2127 1206 2195 1245 eo
2229 1192 2544 1247 hallucinati
2574 1202 2721 1259 sunt,
2762 1195 2906 1264 quod
2937 1211 3058 1250 cum
3104 1197 3296 1266 triplex
3337 1198 3522 1255 Sirmii
3553 1203 3697 1256 edita

2128 1292 2274 1337 esset
2303 1283 2426 1338 fidei
2459 1283 2750 1353 professio,
2787 1302 2896 1342 uno
2937 1288 3238 1358 eodemque
3289 1300 3530 1360 tempore
3571 1304 3624 1347 et
3666 1310 3697 1347 a

2130 1376 2340 1447 synodo
2385 1376 2630 1432 decretas
2679 1393 2870 1434 omnes
2922 1381 3322 1437 existimarunt.
3351 1382 3421 1436 At
3457 1385 3508 1438 id
3539 1401 3700 1442 secus

2129 1479 2250 1518 sese
2284 1466 2480 1533 habet;
2519 1483 2644 1521 nam
2681 1469 2732 1522 in
2768 1469 3002 1524 concilio
3032 1471 3317 1526 Sirmiensi
3349 1475 3523 1543 prima
3555 1477 3698 1529 dun-

2130 1566 2282 1612 taxat
2347 1559 2436 1612 illa
2497 1560 2700 1615 dictata
2764 1571 2866 1623 est,
2929 1579 3034 1632 qua
3100 1563 3414 1621 Pbotiniani
3485 1583 3703 1624 errores

2129 1650 2478 1715 damnantur,
2497 1668 2772 1722 quamque
2794 1663 2852 1707 ut
2880 1655 3017 1724 piam
3042 1671 3104 1711 ac
3136 1658 3460 1713 catholicam
3493 1662 3699 1716 descri-

2129 1742 2238 1812 psit
2271 1754 2434 1813 atque
2471 1746 2759 1813 explicavit
2787 1744 3044 1802 Hilarius.
3074 1747 3394 1819 Quanquam
3423 1753 3476 1805 in
3509 1753 3698 1806 eadem

2132 1837 2343 1906 synodo
2372 1836 2636 1892 adversus
2669 1838 3027 1894 Athanasium
3075 1841 3276 1909 aliquid
3321 1854 3579 1913 praeterea
3602 1844 3699 1899 de-

455 1934 600 1987 enim
663 1934 779 1988 haec
836 1934 1126 2003 approbari
1175 1949 1204 1988 a
1259 1933 1475 1988 Liberio
1533 1943 1866 2004 potuerunt,
1928 1934 2028 2004 qui
2059 1914 2101 1968 Β
2134 1939 2346 1984 cretum
2383 1931 2450 1985 ab
2481 1929 2700 1984 Arianis
2745 1941 2974 1987 testatur
3015 1931 3305 2001 Sulpitius.
3334 1937 3538 1990 Auctor
3569 1951 3699 1990 vero

455 2027 732 2096 conceptis
777 2029 955 2082 verbis
1012 2026 1159 2081 Patri
1218 2042 1314 2096 per
1377 2027 1596 2092 omnia,
1659 2028 1904 2096 adeoque
1955 2031 2022 2100 τῇ

455 2117 612 2189 οὐσίᾳ
649 2119 882 2174 similem
936 2134 1061 2176 esse
1089 2118 1286 2174 Filium
1320 2120 1584 2174 edixerit?
1621 2119 1726 2175 Sed
1763 2122 2022 2176 nimirum

456 2209 757 2279 simplicem
791 2211 862 2265 ab
907 2225 974 2266 eo
1021 2210 1360 2266 controversi
1395 2211 1643 2265 vocabuli
1677 2214 2023 2283 suppressio-

457 2317 578 2356 nem
597 2318 723 2358 cum
745 2303 1123 2369 extorsissent,
1144 2315 1336 2359 caetera
1367 2304 1432 2358 ad
1460 2305 1606 2358 illam
1627 2305 2022 2374 adjunxernnt;

457 2408 628 2463 eaque
669 2408 775 2460 res,
816 2396 887 2451 ob
919 2396 1162 2451 damnati
1195 2397 1495 2466 praesertim
1540 2396 1824 2453 Athanasii
1879 2398 2020 2452 invi-

457 2486 624 2551 diam,
676 2487 833 2542 fidem
877 2488 1019 2558 apud
1066 2488 1299 2543 Arianos
1341 2489 1563 2558 perinde
1610 2504 1673 2544 ac
1724 2491 2024 2546 catholicos

455 2578 708 2631 obtinuit.

527 2661 626 2717 lic
658 2664 789 2717 mihi
825 2680 936 2734 pra:
965 2667 1175 2720 caeteris
1208 2664 1398 2720 Hilarii
1440 2670 1824 2725 auctoritatem
1863 2671 2024 2741 objici

459 2769 618 2821 posse
643 2755 819 2818 video,
855 2756 947 2825 qui
981 2757 1034 2809 in
1066 2756 1386 2826 fragmentis
1417 2775 1446 2813 a
1475 2758 1700 2814 Nicolao
1723 2760 1898 2816 Fabro
1920 2762 2028 2816 edi-

458 2850 530 2902 tis
564 2849 805 2916 epistolae
833 2847 1057 2911 Liberii,
1107 2865 1272 2919 quam
1325 2851 1394 2905 ad
1433 2848 1738 2908 Orientales
1783 2853 2022 2920 scripsit,

458 2955 674 3008 quaque
692 2956 748 2994 se
771 2956 800 2994 a
829 2940 1147 3010 DemOpbilo
1177 2941 1336 2995 fidem
1361 2944 1710 3006 catholicam,
1735 2960 1859 3014 qua:
1881 2945 2024 3014 apud

460 3030 721 3086 Sirmium
741 3033 954 3102 prodita
981 3041 1084 3097 est,
1105 3033 1363 3089 didicisse
1390 3043 1596 3101 narrat,
1630 3037 1734 3091 ista
1760 3038 1980 3108 subjicit
2008 3057 2020 3092 :

460 3125 749 3194 Perﬁdiam
794 3135 971 3178 autem
1010 3124 1152 3192 apud
1185 3111 1444 3179 Sirmium
1476 3127 1819 3197 descriptam,
1865 3145 2026 3198 quam

457 3220 584 3271 dicit
623 3215 859 3269 Liberius
910 3214 1223 3268 catholicam
1251 3233 1282 3268 a
1314 3215 1620 3284 Demophilo
1662 3217 1764 3269 sibi
1815 3219 2024 3285 exposi-

458 3320 586 3373 tam,
615 3307 667 3360 hi
692 3315 812 3360 sunt
840 3306 927 3375 qui
954 3307 1372 3373 conscripserunt
1401 3322 1418 3356 :
1454 3304 1762 3367 Narcissus,
1789 3306 2026 3360 Theodo-

459 3418 569 3466 rus,
622 3399 883 3463 Basilius,
939 3398 1235 3461 Eudoxius,
1300 3396 1658 3466 Demophilus,
1719 3397 2021 3467 Cecropius,

457 3492 737 3562 Sylvanus,
775 3489 1050 3554 Ursacius,
1099 3487 1310 3551 Valens,
1349 3487 1711 3553 Macedonius,
1755 3499 1860 3544 etc.
1920 3487 2026 3544 Sed

457 3584 721 3653 quidquid
770 3583 837 3637 de
886 3580 1210 3652 fragmentis
1256 3581 1361 3636 illis
1397 3581 1738 3636 sentiendum
1771 3582 1862 3644 sit,
1913 3582 2026 3634 haec

458 3675 706 3745 profecto
753 3673 1084 3742 subscriptio
1124 3673 1192 3727 ab
1223 3670 1412 3726 Hilarii
1444 3688 1607 3732 manu
1647 3687 1770 3728 esse
1800 3689 1907 3726 non
1939 3674 2026 3726 vi-

458 3765 635 3829 detur,
689 3763 782 3817 sed
827 3761 1063 3830 imperiti
1109 3760 1417 3830 cujusdam,
1467 3763 1558 3832 qui
1605 3762 1821 3817 Arianae
1867 3773 2028 3817 secta:

459 3855 691 3909 divortia
723 3869 828 3909 non
851 3856 986 3910 satis
1008 3865 1378 3924 perspexerat.
1405 3853 1618 3908 Etenim
1647 3855 1881 3910 Basilius
1925 3855 2026 3909 iste

461 3961 524 3998 ac
551 3945 803 4000 Silvanus
824 3987 838 4009 ,
867 3961 1079 4000 necnon
1111 3955 1165 4000 et
1189 3945 1543 4000 Macedonius
1597 3945 1666 4000 ab
1721 3945 2026 4015 Epiphanio

459 4038 783 4106 caeterisque
831 4037 1299 4092 Semiarianorum
1354 4037 1631 4106 principes
1685 4047 2022 4091 censentur:

460 4143 692 4195 quorum
735 4126 998 4181 adversus
1038 4127 1392 4182 Sirmiensem
1439 4127 1585 4180 illam
1631 4125 2023 4195 professionem

459 4219 725 4272 acerrima
755 4218 934 4271 studia
961 4233 1025 4272 ac
1059 4219 1441 4273 contentiones
1463 4217 1808 4272 exstiterunt.
1839 4215 2026 4286 Neque

460 4323 589 4361 vero
625 4316 764 4370 tum,
801 4323 924 4363 cum
953 4323 1018 4361 ea
1054 4316 1140 4362 est
1183 4307 1350 4372 edita,
1405 4307 1591 4361 Sirmii
1638 4321 1758 4361 esse
1792 4306 2024 4361 Basilius

460 4401 670 4469 potuit;
699 4400 810 4453 imo
845 4414 946 4454 nec
980 4398 1265 4453 Eudoxius
1300 4399 1436 4467 ipse,
1464 4398 1559 4468 qui
1593 4398 1733 4451 hanc
1758 4398 1828 4451 ab
1858 4398 2028 4453 Ursa-

459 4493 546 4544 cio
589 4501 644 4546 et
676 4490 900 4546 Valente
949 4491 1174 4546 missam
1210 4491 1534 4552 Antiochiaz,
1591 4491 1684 4544 ubi
1738 4503 1850 4545 tum
1901 4506 2023 4544 cum

2132 2017 2450 2074 Sirmiensis
2488 2021 2636 2076 illius
2680 2020 2947 2080 formulae.
2965 2038 3072 2077 non
3109 2023 3324 2081 Marcus
3347 2023 3697 2088 Arethusius,

2129 2110 2224 2164 sed
2265 2111 2505 2181 synodus
2533 2113 2674 2180 ipsa,
2711 2124 2772 2167 ut
2803 2113 3038 2170 Hilarius
3068 2115 3275 2181 innuit;
3310 2132 3431 2172 nam
3461 2134 3489 2172 a
3515 2119 3697 2174 Marco

2131 2203 2309 2266 tertia,
2356 2212 2416 2257 ut
2473 2219 2575 2259 suo
2626 2205 2744 2259 loco
2785 2206 3016 2271 dicetur,
3057 2218 3140 2262 est
3187 2210 3515 2282 conscripta.
3567 2211 3698 2268 Post

2132 2293 2428 2350 Sirmiense
2474 2297 2788 2364 concilium,
2839 2299 3260 2371 convictumque
3302 2305 3371 2358 ab
3408 2304 3699 2378 Aneyrano

2128 2385 2353 2450 Basilio,
2385 2396 2440 2442 et
2469 2389 2539 2442 ab
2567 2389 2822 2444 omnibus
2851 2389 3167 2446 damnatum
3211 2393 3522 2462 Photinum,
3571 2414 3694 2453 cum

2124 2478 2236 2547 jam
2269 2478 2613 2549 Magnentius
2642 2496 2672 2534 a
2703 2481 3009 2536 Constantii
3038 2483 3227 2553 legatis
3259 2485 3505 2542 devictus
3528 2501 3694 2556 esset,

2128 2571 2422 2638 imperator
2450 2587 2596 2626 anno
2615 2573 2720 2627 555
2745 2573 2796 2627 in
2823 2571 3027 2629 Gallias
3055 2574 3329 2643 profectus
3354 2586 3457 2632 est.
3481 2580 3695 2636 Actum

2127 2659 2444 2716 Arelatense
2471 2662 2892 2718 conciliabulum
2923 2663 3252 2729 celebratur,
3286 2666 3341 2720 in
3381 2683 3491 2738 quo
3526 2669 3694 2738 pleri-

2128 2765 2234 2818 que
2289 2753 2543 2807 catholici
2597 2755 2860 2823 prmsules
2910 2757 3165 2812 exsulare
3211 2758 3372 2828 jussi,
3415 2772 3699 2830 grassante

2132 2843 2409 2899 Saturnini
2441 2845 2686 2913 perfidia.

2201 2936 2327 2989 Inde
2354 2951 2499 2990 anno
2530 2936 2634 2992 555
2671 2938 2961 2995 Arbetione
2992 2950 3044 2995 et
3094 2942 3340 2999 Lolliano
3374 2962 3539 3008 coss..
3571 2963 3697 3005 cum

2123 3025 2235 3095 jam
2266 3025 2621 3082 Constantius
2651 3027 3016 3087 Mediolanum
3059 3037 3415 3102 pervenisset,
3455 3041 3698 3109 synodus

2127 3117 2328 3172 ibidem
2363 3127 2447 3173 est
2479 3119 2686 3184 habita,
2718 3130 3024 3194 czcteraque
3050 3137 3221 3194 gesta,
3254 3144 3376 3196 qua!
3401 3144 3430 3183 a
3462 3129 3700 3188 Baronio

2129 3208 2415 3279 diligenter
2448 3211 2811 3280 explicantur.
2857 3213 2914 3266 In
2965 3216 3192 3286 reliquis
3225 3231 3419 3275 nutant
3445 3225 3696 3276 Annales.

2198 3302 2356 3354 Auno
2383 3300 2485 3355 557
2519 3302 2726 3366 Sirmii,
2767 3320 2875 3374 quo
2911 3308 3208 3376 imperator
3241 3327 3385 3366 anno
3417 3316 3700 3382 superiore

2129 3407 2246 3445 sese
2276 3395 2600 3456 contulerat,
2635 3411 2773 3451 nova
2799 3397 2922 3452 fidei
2950 3401 3218 3470 expositio
3241 3405 3429 3470 paucis
3449 3406 3518 3460 ab
3540 3406 3698 3462 Aria-

2129 3485 2215 3539 nis
2251 3485 2544 3556 episc0pis,
2595 3490 2895 3555 prtesertim
2941 3489 3399 3560 Occidentalibus,
3443 3499 3699 3567 produci-

2127 3584 2236 3637 tur,
2269 3591 2502 3644 quorum
2541 3579 2814 3648 principes
2861 3591 3014 3636 erant
3069 3583 3329 3640 Ursacius
3379 3595 3435 3641 et
3474 3586 3694 3644 Valens.

2127 3664 2225 3719 Cui
2258 3682 2382 3720 mox
2416 3668 2617 3722 invitus
2651 3685 2714 3724 ac
2753 3672 2993 3728 renitens
3028 3674 3153 3728 licet
3190 3677 3482 3734 subscribit
3511 3677 3694 3746 Osius,

2128 3770 2234 3809 non
2265 3766 2443 3812 tamen
2473 3760 2832 3816 Athanasium
2854 3774 2911 3818 ut
2938 3766 3222 3822 damnaret
3257 3769 3454 3826 adduci
3479 3773 3692 3840 potuit:

2127 3846 2268 3914 quod
2305 3851 2356 3900 in
2391 3847 2565 3917 Epist.
2602 3851 2670 3902 ad
2695 3851 2842 3906 salit.
2873 3852 3205 3909 Athanasius
3240 3856 3355 3924 ipse
3382 3857 3692 3913 confirmat.

2127 3933 2368 4004 Contigit
2396 3936 2512 3989 hare
2536 3934 2648 3991 Osii
2690 3941 2974 3995 calamitas
3008 3941 3204 3997 affecto
3227 3944 3339 4014 jam
3368 3961 3514 4002 anno
3539 3948 3641 4003 557
3679 3969 3692 4004 :

2129 4023 2330 4092 quippe
2364 4035 2487 4093 post
2512 4041 2716 4081 annum
2754 4029 3046 4100 integrum,
3075 4048 3237 4102 quam
3277 4033 3462 4091 Sirmii
3499 4053 3528 4091 a
3555 4038 3698 4094 Con-

2129 4117 2334 4169 stantio
2369 4117 2620 4172 detentus
2649 4130 2786 4186 erat,
2826 4123 3043 4177 Arianae
3071 4124 3397 4194 professioni
3439 4132 3696 4186 assentiri

2128 4215 2351 4262 coactus
2371 4214 2474 4262 est.
2493 4210 2563 4262 At
2586 4209 2938 4266 Constantius
2953 4211 3134 4279 Junio,
3163 4216 3246 4270 vel
3269 4215 3414 4273 Julio
3431 4219 3698 4276 duntaxat

2129 4315 2316 4354 mense
2352 4302 2480 4355 anni
2520 4304 2816 4371 superioris
2845 4303 3027 4359 Sirmii
3062 4322 3182 4362 esse
3214 4309 3408 4376 potuit,
3445 4319 3504 4365 ut
3527 4326 3695 4382 supra

2129 4391 2415 4458 probatum
2445 4400 2547 4447 est.
2585 4393 2765 4459 Quare
2809 4395 2951 4449 circa
2994 4396 3134 4450 idem
3184 4407 3397 4469 tempus
3430 4416 3576 4455 anno
3606 4418 3697 4458 se-

2128 4495 2328 4554 quente
2366 4493 2577 4539 extorta
2621 4485 2832 4540 videtur
2871 4488 2940 4540 ab
2967 4486 3096 4543 Osio
3127 4491 3414 4559 perfidiosa
3443 4491 3534 4547 illa
3564 4509 3699 4549 con-

461 4584 577 4638 suis
608 4584 951 4646 versabatur,
986 4583 1212 4652 accepit,
1247 4591 1302 4637 et
1349 4598 1380 4636 a
1419 4582 1552 4636 solis
1586 4581 2027 4638 Occidentalibus
2061 4599 2103 4652 υ
2130 4576 2316 4631 fessio.
2349 4575 2446 4631 Est
2468 4585 2648 4630 autem
2680 4593 2743 4632 ea
2773 4578 2987 4643 ἔκθεσις
3015 4580 3308 4648 Sirmiana,
3328 4599 3491 4654 quam
3509 4601 3698 4641 secun-

461 4675 824 4744 conscriptam
850 4689 973 4728 esse
999 4674 1142 4728 datis
1173 4674 1241 4728 ad
1265 4673 1388 4728 illos
1421 4675 1619 4727 litteris
1654 4683 1886 4728 testatus
1915 4683 2018 4729 est.

457 4767 593 4832 Qum
619 4768 802 4821 omnia
837 4782 1000 4836 supra
1035 4767 1253 4836 copiose
1290 4766 1560 4819 declarata
1592 4776 1739 4820 sunt.
1770 4766 1840 4819 De
1867 4768 2026 4820 tertia

460 4858 585 4912 ﬁdei
627 4858 970 4926 expositione
1023 4857 1146 4924 quid
1181 4858 1528 4911 statuendum
1563 4858 1654 4919 sit,
1688 4857 1933 4910 dicemus
1960 4856 2028 4909 ad

461 4965 749 5004 numerum
787 4949 878 5004 22.

464 5063 615 5118 Nova
660 5063 903 5134 quadam
943 5077 1007 5116 ea:
1054 5071 1280 5118 veterum
1314 5061 1540 5115 Patrum
1590 5061 1898 5114 testimoniis
1954 5063 2030 5115 rei

907 5141 1064 5202 gesta:
1093 5135 1252 5186 series
1277 5135 1576 5201 exponitur.

531 5223 759 5296 Pergam
789 5222 858 5279 de
890 5223 1135 5282 historiis
1201 5233 1255 5278 et
1306 5223 1594 5277 annalibus
1639 5221 2026 5277 ecclesiasticis

463 5316 600 5370 bene
640 5315 856 5381 mereri,
901 5329 966 5368 ac
998 5315 1452 5384 quemadmodum
1483 5313 1643 5384 dirigi
1682 5314 1925 5370 veritatis
1958 5315 2028 5367 ad

463 5406 724 5461 amussim
762 5407 1012 5468 debeant,
1052 5419 1353 5474 proponam
1384 5405 1488 5458 hoc
1518 5405 1637 5458 loco
1674 5405 1929 5470 breviter,
1969 5411 2031 5458 ut

465 5499 569 5551 hac
587 5495 889 5551 offensione
909 5495 1143 5556 sublata,
1173 5503 1376 5550 rectam
1409 5494 1660 5563 deinceps
1677 5495 1818 5548 viam
1838 5509 2029 5548 omnes

463 5588 736 5642 insistant.
756 5587 972 5643 [uitium
999 5603 1027 5642 a
1053 5586 1285 5642 concilio
1309 5585 1596 5640 Sirmiensi
1628 5587 1860 5656 capiam,
1882 5586 2030 5653 quod

461 5687 651 5735 contra
678 5679 1061 5735 Pbotinianum
1101 5679 1298 5748 dogma
1326 5677 1611 5732 collectum
1648 5695 1678 5732 a
1709 5677 2030 5732 Constantio

461 5780 566 5828 est.
601 5771 673 5829 De
699 5787 808 5843 quo
840 5773 1181 5828 verissimum
1212 5783 1330 5824 esse
1366 5777 1566 5833 statuo,
1599 5770 1746 5839 quod
1775 5768 2031 5824 Socrates

463 5881 524 5920 ac
553 5865 888 5921 Sozomenus
922 5864 1257 5934 scripserunt
1291 5879 1305 5914 :
1333 5862 1662 5917 celebratum
1696 5875 1814 5918 esse
1842 5859 2032 5931 Sergio

2133 4670 2255 4723 dam
2285 4684 2475 4722 omnes
2504 4679 2812 4734 numerant,
2847 4687 3076 4741 quaeque
3109 4675 3180 4729 ab
3212 4673 3418 4731 Hilario
3443 4677 3697 4748 blasphe-

2132 4763 2238 4814 mia
2285 4763 2394 4815 Osii
2430 4777 2495 4816 ac
2523 4762 2753 4816 Potan‘tii
2795 4765 3127 4820 nominatur.
3173 4765 3348 4838 Hujus
3385 4784 3509 4824 cum
3537 4771 3697 4826 Aria-

2131 4869 2232 4906 nos
2273 4863 2459 4922 postea
2509 4855 2886 4923 ptBnituisset,
2934 4873 3153 4926 operam
3207 4860 3472 4916 dederunt
3517 4871 3576 4918 ut
3629 4878 3698 4919 ea

2131 4945 2332 5013 ubique
2355 4947 2798 5015 supprimeretur,
2817 4948 3135 5018 interposita
3158 4951 3320 5006 etiam
3353 4953 3699 5023 imperatoris

2131 5043 2414 5103 potestate,
2433 5036 2524 5106 qui
2549 5037 2873 5107 supplicium
2905 5039 2992 5103 iis,
3009 5042 3102 5110 qui
3129 5041 3274 5095 illam
3294 5057 3460 5112 penes
3491 5059 3550 5100 se
3565 5045 3700 5099 reti-

2132 5135 2342 5190 nerent,
2400 5128 2781 5184 interminatus
2829 5139 2956 5185 est:
2990 5142 3180 5187 auctor
3227 5132 3479 5190 Socrates
3505 5135 3600 5190 lib.
3632 5152 3699 5199 ιι,

2131 5233 2249 5288 cap.
2271 5219 2359 5273 25.
2393 5217 2496 5273 Per
2527 5220 2666 5275 idem
2694 5230 2907 5292 tempus
2941 5221 3191 5280 Liberius
3216 5225 3477 5294 pontifex,
3509 5226 3604 5296 qui
3641 5227 3704 5281 in:

2132 5308 2518 5363 Mediolanensi
2552 5311 2784 5365 concilio
2809 5320 2935 5366 ante
2975 5313 3275 5378 biennium,
3307 5319 3409 5369 hoc
3438 5323 3522 5370 est
3551 5331 3707 5371 anno-

2132 5400 2256 5463 555,
2304 5399 2550 5456 Bermam
2600 5402 2992 5470 gloriosissime
3029 5405 3297 5476 relegatus
3320 5405 3517 5470 fuerat,
3548 5406 3705 5462 Con-

2132 5491 2319 5545 stantii
2356 5491 2701 5559 imperatoris
2729 5500 2785 5547 et
2817 5493 3144 5548 Arianorum
3181 5493 3461 5549 fraudibus
3491 5509 3555 5549 ac
3589 5504 3703 5550 ter—

2133 5584 2349 5638 roribus
2378 5582 2663 5650 infraetus,
2681 5583 2842 5638 simul
2870 5585 3250 5654 recuperanda:
3272 5585 3418 5642 sedis
3440 5596 3493 5641 et
3511 5585 3707 5656 patriae

2132 5676 2422 5741 desiderio,
2455 5674 2716 5730 Sirmium
2747 5686 3001 5732 evocatus
3039 5679 3320 5733 Athanasii
3362 5677 3704 5740 damnationi

2132 5767 2488 5834 subscripsit,
2534 5783 2749 5836 unaque
2782 5767 2905 5823 ﬁdei
2952 5770 3349 5840 professionem
3393 5771 3560 5833 dedit,
3589 5783 3702 5840 qua

2133 5857 2226 5911 τοῦ
2253 5857 2534 5928 ὁμοουσξου
2570 5860 2892 5916 vocabulum
2921 5863 3225 5919 concordiae
3248 5863 3420 5934 gratia
3451 5863 3701 5919 reticere-
