4054 6404
425 403 576 459 Ὶῦῦτ

1554 397 1896 454 ΛΡΡΕΝΒΙΧ
1935 396 2566 454 DlSSERTATlleUM.

3574 401 3594 454 l
3605 401 3711 455 υθε

443 532 499 576 et
529 528 776 588 receptos
808 517 861 571 in
905 515 1345 571 communionem
1388 511 1675 568 Ursacium
1727 529 1791 569 ac
1830 514 2016 568 Valen.
2045 522 2090 576 Α
2121 517 2318 568 tiarum
2362 533 2583 569 suarum
2628 516 2848 572 decretis
2901 517 3314 572 contradixisse.
3361 513 3593 572 Necesse
3624 530 3714 574 est

433 623 576 672 tem,
625 595 908 680 aliquanto
963 617 1211 677 tempore
1269 605 1596 674 interjecto,
1661 603 2021 659 Sirmiensem

431 706 698 758 adversus
761 701 1058 756 Photinum
1124 699 1455 753 celebratam
1523 697 1835 768 synodum,
1898 707 2023 751 ante

431 797 800 851 Arelatensem
855 803 909 848 et
939 791 1416 850 Mediolanensein,
1473 803 1684 843 necnon
1730 795 2022 858 antequam

432 887 684 942 Liberius
729 901 888 956 papa,
933 883 1204 939 Eusebius
1242 884 1445 954 aliique
1522 882 2020 952 proscriberentur.

432 980 597 1050 Atqui
635 977 1057 1033 conciliabulum
1100 977 1447 1040 Arelatense,
1475 975 1621 1045 quod
1660 989 1690 1028 a
1724 973 2023 1027 Saturnino

409 1073 770 1127 celebratum
822 1079 928 1133 est,
978 1085 1126 1124 anno
1171 1068 1375 1123 Christi
1430 1068 1536 1122 555
1571 1067 1838 1135 contigit,
1895 1080 2022 1119 cum

408 1163 640 1218 .Sirmio
690 1163 744 1216 in
778 1161 987 1216 Gallias
1039 1158 1319 1229 profectus
1360 1166 1505 1212 esset
1552 1155 1928 1212 Constantius.
1965 1165 2023 1209 ut

433 1255 488 1308 in
527 1254 825 1307 Annalibus
851 1253 1086 1321 legitur;
1123 1249 1528 1304 Mediolanense
1561 1263 1691 1301 vero
1725 1262 1870 1301 anno
1895 1247 2020 1310 555,

432 1346 731 1399 Arbetione
759 1354 811 1398 et
847 1343 1098 1396 Lolliano
1133 1357 1278 1397 coss.
1313 1339 1494 1394 Tanto
1538 1339 1704 1409 igitur
1734 1348 1863 1393 ante
1893 1348 2020 1393 tem-

433 1453 568 1509 pore
623 1437 916 1490 damnatus
981 1434 1249 1489 Photinus
1308 1448 1373 1487 ac
1432 1432 1752 1486 Sirmiensis
1803 1440 2023 1501 peracta

433 1530 679 1601 synodus
744 1539 867 1593 est,
930 1542 1098 1596 quam
1166 1525 1403 1581 secunda
1471 1524 1593 1578 fidei
1668 1522 1902 1577 formula
1967 1523 2020 1576 iu

430 1623 624 1677 eodem
733 1619 1020 1674 Sirmiensi
1093 1618 1293 1688 oppido
1343 1617 1411 1671 ab
1483 1615 1747 1677 Ursacio,
1799 1614 2024 1670 Valente

433 1717 676 1785 Osioque
721 1714 1003 1784 prodiret,
1051 1727 1174 1782 qua:
1216 1721 1340 1780 post
1380 1711 1677 1780 relegatum
1728 1706 2018 1772 Hilarium,

432 1823 536 1862 nec
566 1808 724 1876 longe
755 1813 883 1859 ante
939 1803 1211 1874 synodum
1267 1801 1672 1856 Ariminensem
1723 1803 1868 1856 edita
1915 1809 2018 1864 est,

2127 608 2312 676 itaque
2343 608 2625 678 aliquanto
2657 618 2780 678 post
2800 609 3133 680 publicatam
3165 609 3523 664 Sirmiensem
3549 609 3711 664 ἐκϐε-

2125 717 2210 753 σιν
2258 703 2457 771 spatio,
2518 703 2864 773 Ancyranam
2918 718 2948 756 a
3005 701 3211 757 Basilio
3268 703 3536 772 synodum
3587 717 3714 758 esse

2123 791 2430 847 conflatam.
2473 790 2614 859 Quid
2661 792 2809 863 quod
2847 793 3011 848 Osius
3060 793 3210 862 ipse,
3247 807 3277 846 a
3310 807 3420 861 quo
3463 791 3711 846 eamdem

2124 883 2270 937 illam
2301 882 2599 952 profectam
2636 881 2926 938 formulam
2959 892 3151 937 auctor
3197 891 3282 937 est
3324 880 3587 945 Hilarius,
3610 896 3717 934 an-

2124 991 2254 1030 num
2306 976 2575 1045 integrum
2617 973 2805 1030 Sirmii
2853 983 3095 1030 retentus
3128 983 3234 1034 est,
3276 973 3598 1042 priusquam
3641 971 3713 1026 ad

2124 1083 2455 1124 consensum
2508 1069 2852 1140 adigeretur?
2892 1067 3074 1135 Quare
3124 1083 3247 1123 cum
3284 1083 3394 1123 non
3440 1067 3542 1124 nisi
3589 1077 3716 1139 post

2123 1158 2344 1214 Junium
2372 1175 2614 1216 mensem
2653 1162 2781 1216 anni
2809 1161 2914 1216 556
2965 1160 3325 1216 Constantius
3377 1159 3560 1214 Sirmii
3589 1175 3715 1215 es.~e

2123 1257 2380 1326 potuerit,
2430 1271 2773 1328 consequens
2815 1266 2926 1322 est,
2983 1270 3128 1311 anno
3179 1265 3472 1325 sequente,
3514 1254 3713 1309 eodem

2123 1346 2342 1402 circiter
2368 1357 2631 1418 tempore,
2659 1348 2820 1402 istam
2849 1350 2918 1403 ab
2955 1346 3088 1403 Osio
3124 1346 3518 1418 professionem
3554 1346 3716 1400 Aria-

2123 1454 2224 1493 nos
2261 1441 2581 1494 extorsisse.
2645 1440 2808 1510 Atqui
2846 1441 2935 1494 diu
2976 1450 3123 1504 ante,
3169 1439 3427 1494 nimirum
3473 1439 3576 1492 sub
3613 1453 3717 1509 pa-

2126 1530 2310 1584 schale
2337 1539 2573 1600 tempus,
2608 1532 2835 1603 Ancyrae
2864 1547 3170 1587 convenere
3193 1529 3715 1586 Semiariani.Vides

2125 1630 2367 1690 quantus
2399 1622 2471 1676 sit
2501 1622 2642 1692 apud
2675 1623 2798 1678 illos
2827 1624 3100 1677 rationum
3147 1623 3284 1678 inter
3321 1636 3443 1678 sese
3503 1637 3715 1677 sermo-

2122 1711 2317 1780 nisque
2333 1711 2642 1768 conflictus.
2669 1713 2772 1768 Sed
2792 1729 2857 1768 ex
2893 1714 2957 1770 iis
2988 1730 3108 1784 qua:
3124 1729 3288 1784 supra
3304 1714 3711 1780 constituimus,

2122 1817 2354 1872 quaeque
2396 1804 2561 1874 paulo
2596 1815 2716 1874 post
2762 1807 3041 1860 tractanda
3099 1815 3248 1869 sunt,
3291 1816 3513 1876 apparet
3564 1808 3714 1862 aliud

433 1910 496 1952 ut
529 1914 595 1953 ex
632 1899 826 1952 eodem
871 1895 1080 1949 Hilario
1123 1905 1380 1958 constat;
1428 1909 1606 1964 neque
1647 1901 1824 1963 potest
1871 1907 2016 1947 anno
2047 1876 2092 1937 Β
2121 1893 2422 1964 Ancyrame
2458 1898 2666 1966 synodo
2700 1905 2915 1966 tempus
2938 1912 3059 1952 esse
3083 1897 3453 1952 tribuendum.

434 1991 538 2045 557
568 1991 865 2045 Sirmiense
889 1989 1179 2044 concilium
1215 1987 1327 2041 ullo
1350 1988 1514 2042 modo
1539 2001 1862 2056 congruere.

506 2081 786 2138 Neminem
815 2076 1173 2135 vetustissimi
1208 2079 1416 2134 erroris
1455 2080 1592 2132 adeo
1629 2089 1873 2133 tenacem
1906 2076 2021 2132 fore

430 2175 668 2235 confido,
703 2173 797 2243 qui
832 2188 942 2226 non
978 2180 1057 2225 tot
1096 2171 1436 2239 argumentis
1491 2170 1774 2224 convictus
1824 2177 2022 2224 nostra!

434 2271 510 2324 illi
559 2284 665 2322 non
717 2266 983 2337 opinioni,
1043 2274 1139 2320 aut
1185 2265 1533 2334 conjecturae,
1561 2264 1655 2318 sed
1705 2261 2023 2318 certissimae

432 2363 648 2416 veritati
703 2361 1032 2430 suffragetur
1060 2403 1074 2424 ,
1150 2360 1396 2429 adeoque
1444 2358 1794 2413 vehementer
1835 2357 2023 2412 obstu~

432 2462 640 2524 poscat,
673 2451 876 2504 nemini
920 2451 1185 2505 hactenus
1222 2449 1538 2503 mortalium
1584 2458 1692 2502 tam
1725 2449 2021 2503 immanem

433 2546 679 2602 historiae
712 2545 888 2599 labem
920 2543 975 2597 in
1001 2555 1148 2597 tanta
1187 2543 1562 2598 doctrinarum
1601 2542 1847 2597 omnium
1878 2542 2020 2606 luce,

431 2647 694 2707 tantaque
723 2637 1003 2691 annalium
1036 2644 1088 2690 el
1122 2635 1510 2690 chronicorum
1543 2637 1698 2704 copia
1732 2635 1816 2689 vel
1859 2634 2024 2689 levis-

431 2733 572 2789 sime
598 2730 930 2786 suboluisse.
965 2729 1043 2782 Ac
1067 2727 1270 2783 nostris
1290 2726 1508 2797 quidem
1536 2728 1809 2782 accuratis
1861 2737 2024 2797 atque

432 2825 665 2880 eruditis
705 2821 1021 2876 hominibus
1065 2820 1243 2875 danda
1286 2821 1443 2874 venia
1478 2830 1583 2883 est,
1617 2821 1710 2890 qui
1757 2819 2022 2884 Socratis,

435 2916 725 2972 Sozomeni
768 2924 933 2986 atque
992 2917 1341 2984 antiquorum
1378 2914 1606 2984 vestigia
1654 2914 1826 2969 secuti
1855 2923 2019 2968 sunt:

433 3010 556 3066 illos
587 3009 736 3079 ipsos
774 3008 980 3062 erroris
1004 3016 1260 3061 auctores
1298 3022 1365 3060 ac
1409 3007 1579 3060 duces
1619 3024 1884 3064 excusare
1911 3023 2020 3063 non

431 3117 686 3173 possum,
713 3101 830 3171 qui,
858 3109 917 3154 ut
947 3100 1164 3153 illorum
1197 3108 1503 3169 temporum
1535 3100 1823 3154 viciniores
1843 3109 2020 3165 erant,

432 3196 512 3250 sic
551 3195 618 3249 ad
658 3208 849 3249 eorum
891 3189 1282 3262 explorandam
1311 3191 1596 3246 historiam
1640 3192 2023 3247 instructiores
2047 3233 2098 3295 ε

430 3301 553 3339 esse
579 3284 911 3339 debuerunt.

503 3375 864 3446 Posteaquam
893 3375 1296 3426 firmamentum
1330 3373 1512 3442 ipsum
1573 3370 1721 3426 falsa:
1753 3373 2024 3426 narratio-

432 3464 520 3518 nis
547 3472 601 3516 et
651 3473 818 3532 caput
848 3461 1171 3525 evertimus,
1218 3462 1451 3531 reliqua,
1508 3478 1631 3531 qua:
1677 3463 1806 3517 huic
1837 3463 2025 3517 innixa

431 3555 618 3607 minus
651 3552 856 3606 habent
890 3552 1175 3615 momenti,
1219 3553 1424 3608 erroris
1455 3568 1561 3607 non
1598 3553 1802 3618 minus,
1834 3564 2026 3623 suapte

433 3653 627 3713 sponte
655 3642 828 3698 fracta
858 3644 1242 3710 intirmataque
1280 3645 1588 3699 concident.
1629 3643 1910 3713 Ejusmodi
1942 3653 2026 3700 est

433 3732 578 3802 quod
633 3732 702 3786 de
748 3731 1051 3802 Ancyrame
1104 3733 1292 3803 synodi
1342 3742 1587 3803 tempore
1631 3734 1909 3799 definitur,
1969 3736 2023 3788 in

433 3824 685 3877 eumdem
739 3839 943 3878 annum
996 3824 1278 3889 incidisse,
1325 3841 1436 3894 quo
1470 3824 1738 3881 Photinus
1789 3828 1842 3880 in
1881 3825 2028 3881 ‘Sir-

435 3915 634 3970 niiensi
677 3916 912 3970 concilio
958 3915 1252 3971 damnatus
1286 3925 1389 3982 est,
1446 3933 1642 3988 nempe
1696 3934 1842 3972 anno
1895 3918 2020 3974 357.

436 4008 592 4073 Quod
617 4023 732 4062 .non
770 4008 931 4062 modo
977 4007 1172 4062 falsum
1213 4017 1318 4072 cst,
1367 4009 1493 4080 quia
1536 4010 1694 4081 longe
1718 4019 1842 4064 ante
1879 4011 2025 4070 hunc

439 4113 642 4150 annum
713 4096 1068 4151 Sirmiensem
1135 4098 1281 4152 illam
1350 4100 1620 4170 synodum
1693 4102 2022 4158 celebratam

438 4190 600 4256 paulo
631 4198 756 4243 ante
779 4189 1091 4253 docuimus,
1127 4191 1220 4244 sed
1245 4190 1409 4244 etiam
1447 4192 1616 4260 quod,
1643 4194 1746 4246 etsi
1776 4194 1877 4248 hoc
1899 4196 2024 4265 ipso

439 4295 587 4333 anno
617 4291 835 4348 peracta
863 4281 952 4344 sit,
990 4296 1096 4333 non
1131 4290 1307 4349 potest
1333 4283 1385 4335 in
1418 4282 1669 4336 eumdem
1701 4284 2023 4356 Ancyranus

435 4380 739 4426 conventus
773 4372 1076 4426 incurrere.
1121 4370 1219 4425 llic
1257 4373 1404 4426 enim
1457 4384 1583 4427 ante
1634 4373 1843 4429 Pascha
1877 4378 2021 4430 cele-

436 4463 628 4518 bratus
655 4471 738 4517 est
767 4477 781 4514 :
817 4464 960 4517 unde
993 4473 1044 4516 et
1076 4463 1321 4532 plerique
1365 4464 1436 4519 ob
1467 4465 1702 4519 hiemem
1740 4465 2019 4520 interclusi

2195 1985 2301 2040 Nec
2326 1986 2510 2042 minus
2536 1990 2680 2057 quod
2709 1989 2782 2042 illi
2816 1998 2926 2042 tam
2963 1990 3162 2044 acriter
3191 1998 3434 2062 pugnant
3467 1990 3711 2044 indidem

2123 2079 2389 2135 refellitur
2423 2098 2435 2134 :
2471 2079 2746 2136 Liberium
2784 2098 2978 2152 papam
3018 2083 3185 2153 priori
3218 2084 3296 2137 illi
3329 2083 3449 2138 fidei
3486 2083 3708 2154 profes-

2123 2172 2266 2226 sioni
2296 2172 2711 2243 subscripsisse,
2744 2191 2866 2244 qua:
2891 2177 2944 2229 in
2969 2175 3257 2231 Sirmiensi
3285 2178 3496 2247 synodo
3519 2186 3712 2231 contra

2121 2261 2418 2318 Photinum
2479 2273 2566 2320 est
2609 2265 2831 2321 emissa.
2873 2266 3083 2336 Quippe
3135 2267 3348 2338 aliquot
3385 2268 3545 2322 annis
3593 2283 3710 2321 non

2124 2353 2325 2408 Liberii
2376 2356 2540 2411 modo
2591 2356 3022 2424 restitutionem,
3083 2359 3175 2413 sed
3227 2359 3482 2414 exsilium
3535 2359 3714 2428 ipsum

2123 2442 2448 2500 Photiniaua
2491 2447 2773 2501 damnatio
2824 2449 3121 2517 praecessit.
3207 2449 3416 2505 Fecerit
3465 2449 3716 2505 Liberius

2124 2551 2319 2601 necne,
2362 2537 2506 2606 quod
2565 2539 2761 2593 fecisse
2811 2540 3060 2610 plerique
3105 2551 3348 2596 veterum
3380 2541 3622 2607 Patrum,
3657 2553 3716 2596 ut

2126 2628 2484 2693 Athanasius,
2547 2629 2912 2702 Hieronymus
2955 2634 3156 2703 aliique
3185 2637 3550 2700 consentiunt,
3579 2637 3714 2690 nihil

2125 2723 2193 2775 ad
2245 2722 2552 2777 institutam
2602 2723 3028 2793 disputationem
3074 2727 3286 2781 attinet.
3339 2726 3548 2782 Etenim
3592 2729 3712 2783 fieri

2124 2822 2323 2882 potest,
2353 2824 2412 2868 ut
2433 2829 2558 2868 cum
2595 2813 2845 2880 Ursacio,
2874 2816 3095 2872 Valente
3149 2834 3213 2873 ac
3241 2820 3465 2888 reliquis
3498 2820 3711 2875 Arianis

2125 2905 2612 2960 communicaverit
2657 2907 2898 2976 quidem,
2952 2917 3007 2962 et
3061 2908 3426 2965 Athanasium
3481 2911 3711 2965 damna-

2125 2997 2284 3062 verit,
2305 2998 2399 3053 sed
2425 2999 2694 3054 hwreticae
2715 3002 2969 3070 pravitati
2999 3017 3344 3072 nequaquam
3376 3004 3713 3073 subscripse-

2127 3089 2197 3144 rit
2230 3131 2246 3158 ,
2279 3091 2518 3147 haeretici
2550 3108 2698 3156 .vero
2735 3096 2898 3148 etiam
2947 3096 3354 3164 comprobatam
3391 3097 3460 3150 ab
3487 3096 3574 3150 illo
3603 3097 3713 3149 lue-

2129 3182 2274 3238 resin
2307 3182 2444 3239 falso
2469 3184 2819 3253 jactaverint.
2855 3184 2970 3240 Hoc
3013 3202 3143 3241 vero
3187 3187 3554 3242 certissimum
3602 3198 3708 3251 est,

2128 3287 2304 3342 neque
2349 3274 2516 3345 priori
2576 3275 2652 3328 illi
2707 3285 2896 3330 contra
2931 3274 3229 3331 Photinum
3271 3278 3430 3332 editae
3469 3278 3708 3332 subscri-

2128 3367 2328 3437 psisse,
2369 3376 2442 3433 et,
2475 3367 2520 3422 si
2565 3383 2628 3422 ex
2670 3368 2850 3422 tribus
2899 3368 3300 3426 Sirmiensibus
3335 3372 3569 3441 aliquam
3612 3374 3709 3426 ad-

2129 3459 2364 3521 miserit,
2397 3475 2506 3512 nou
2539 3459 2722 3521 aliam,
2759 3475 2924 3528 quam
2971 3463 3291 3525 secundam,
3325 3462 3413 3516 cui
3457 3471 3506 3515 et
3539 3461 3705 3515 Osius

2127 3565 2391 3605 assensus
2423 3561 2526 3615 est,
2572 3551 2982 3620 comprobasse.
3025 3552 3104 3608 Ac
3147 3553 3281 3606 mihi
3326 3553 3544 3623 quidem
3581 3569 3712 3622 pur-

2127 3642 2289 3711 gandi
2322 3643 2391 3696 ab
2422 3643 2572 3697 omni
2612 3643 2837 3698 haeresis
2867 3644 3183 3714 suspicione
3228 3644 3430 3701 Liberii
3465 3647 3712 3715 expedita

2125 3732 2375 3801 quaedam
2400 3736 2540 3787 ratio
2579 3743 2633 3787 et
2675 3733 2849 3789 facilis
2871 3739 3130 3801 occurrit,
3162 3736 3208 3791 si
3232 3736 3466 3790 oblatam
3490 3737 3712 3806 quidem

2126 3824 2200 3877 illi
2233 3827 2527 3879 secundam
2555 3824 2910 3882 Sirmiensem
2951 3827 3168 3881 ἐκθεσιν
3201 3828 3505 3884 dixerimus
3541 3847 3554 3883 :
3597 3844 3710 3882 non

2126 3918 2389 3984 integram
2423 3929 2626 3984 tamen,
2659 3929 2752 3974 aut
2790 3921 3098 3991 cujusmodi
3133 3923 3276 3992 apud
3319 3922 3624 3984 Socratem,
3657 3932 3713 3976 et

2123 4007 2506 4076 Athanasium,
2549 4018 2713 4080 atque
2753 4009 3016 4065 Hilarium
3059 4012 3282 4082 legitur,
3330 4014 3423 4069 sed
3468 4013 3710 4083 priorem

2122 4100 2239 4168 ejus
2293 4109 2522 4169 partem,
2573 4102 2628 4156 in
2683 4118 2790 4172 qua
2855 4103 2948 4156 τοῦ
3005 4105 3314 4176 ὁμοουσῑου,
3370 4114 3426 4160 et
3485 4107 3709 4177 ὁμοιου-

2125 4191 2240 4243 σίου
2295 4193 2560 4247 vocabula
2619 4194 2892 4249 reticenda
2955 4211 3079 4251 esse
3136 4197 3450 4252 decernitur
3500 4216 3512 4250 :
3559 4199 3712 4266 quod

2124 4290 2273 4357 pacis
2325 4305 2389 4344 ac
2445 4291 2646 4360 quietis
2715 4295 2897 4348 studio
2959 4297 3282 4366 complexus
3330 4309 3435 4352 est.
3503 4297 3706 4355 Verum

2125 4381 2315 4434 Ariani
2382 4383 2556 4437 eidem
2624 4382 2870 4441 formulae
2939 4388 3151 4458 reliqua
3215 4391 3558 4459 post-modum
3618 4393 3712 4446 in—

2126 4480 2442 4538 texueruut,
2478 4490 2541 4528 ac
2577 4476 2822 4543 specioso
2851 4477 3083 4532 Romani
3112 4480 3383 4550 pontificis
3410 4481 3627 4535 nomine
3655 4492 3714 4537 et

436 4558 494 4612 in
543 4557 803 4627 synodica
851 4556 1081 4624 epistola
1147 4557 1432 4610 dicuntur.
1479 4555 1597 4611 Non
1629 4558 1806 4627 potuit
1855 4559 2021 4628 igitur
2054 4579 2097 4635 ι)
2129 4566 2456 4619 auctoritate
2495 4583 2654 4621 suum
2697 4569 2892 4638 dogma
2937 4570 3307 4624 venditarum.
3357 4572 3542 4626 Dicam
3589 4590 3716 4628 am-

415 4650 626 4704 'eodem
665 4663 810 4702 anno
863 4646 1185 4702 Sirmiensis
1235 4647 1477 4718 synodus
1510 4647 1628 4701 ﬁeri
1665 4666 1676 4701 :
1708 4647 1812 4702 nisi
1841 4659 2024 4718 poste-

435 4743 639 4796 riorem
673 4743 814 4795 hanc
842 4739 1013 4795 fuisse
1043 4739 1181 4793 velis
1203 4779 1216 4804 ,
1247 4740 1391 4808 quod
1445 4739 1604 4809 longe
1633 4753 1717 4793 est
1741 4741 2024 4794 absurdis-

436 4837 635 4890 simum
669 4875 684 4899 ,
746 4833 1006 4903 quoniam
1063 4832 1129 4885 ad
1178 4834 1598 4901 oppugnandam
1665 4832 2022 4889 Sirmiensem

436 4926 584 4981 illam
637 4925 952 4988 formulam,
1001 4939 1167 4993 quam
1237 4925 1290 4976 in
1356 4924 1593 4978 concilio
1651 4928 2020 4996 conscriptam

434 5019 773 5082 existimant,
826 5018 1111 5088 Ancyrana
1160 5025 1244 5070 est
1297 5016 1539 5086 synodus
1581 5018 1826 5072 collecta.
1876 5019 2020 5085 Quin

435 5111 602 5165 etiam
635 5119 922 5180 postquam
968 5109 1084 5162 lucc
1137 5107 1260 5161 fidei
1316 5108 1588 5177 professio
1612 5110 1784 5164 allata
1817 5110 2021 5163 Sirmio

433 5213 536 5265 est,
574 5202 823 5258 nonnihil
860 5209 986 5255 ante
1007 5201 1310 5254 conciiiurn
1372 5201 1724 5271 Ancyrauum
1757 5204 2020 5271 temporis

435 5294 772 5350 intercessit.
804 5292 938 5346 Nam
976 5290 1217 5346 llilarius
1249 5292 1341 5345 lib.
1372 5291 1449 5344 De
1480 5293 1714 5361 synodis,
1751 5293 2017 5361 pag.529,

439 5385 816 5442 Occidentales
843 5386 1132 5454 episcopos
1161 5384 1470 5446 collaudat,
1504 5385 1652 5454 quod
1702 5387 1919 5440 missam
1950 5388 2020 5440 ad

429 5495 542 5535 sese
583 5494 648 5533 ea:
685 5478 964 5533 Sirmiensi
1015 5476 1204 5546 oppido
1251 5476 1482 5546 inﬁdelis
1529 5479 1656 5547 ﬁdei
1699 5479 2018 5547 impietatem

431 5587 536 5626 non
587 5570 740 5623 modo
782 5586 885 5622 non
933 5570 1306 5636 suscepissent,
1348 5568 1437 5622 sed
1506 5572 1807 5624 nuntiatam
1855 5573 2018 5625 etiam

433 5664 897 5732 signiﬁcatamque
962 5662 1326 5715 damnassent.
1397 5661 1518 5726 Quo
1585 5679 1709 5718 cum
1767 5666 2018 5734 exemplo

429 5755 623 5812 scribit
652 5757 915 5810 excitatos
947 5751 1253 5807 Orientales
1299 5753 1582 5825 episcopos
1625 5756 1677 5808 in
1726 5757 2017 5826 Ancyrano

427 5845 664 5903 concilio
698 5843 1117 5914 irreligiosorum
1146 5841 1403 5900 audacite
1447 5840 1766 5915 quibusdam
1801 5857 2013 5902 senten-

1065 5974 1076 5982 ι
1107 5970 1270 5986 ..ωηο-Α...

2127 4656 2305 4724 plius,
2375 4673 2442 4710 ne
2497 4657 2588 4710 isti
2641 4658 2863 4727 quidem
2922 4660 3255 4730 professioni
3312 4665 3714 4733 subscripsisse

2127 4745 2426 4812 Liberium,
2458 4750 2549 4804 sed
2577 4751 2734 4804 alteri
2765 4751 3004 4817 cuidam,
3030 4769 3136 4823 qua
3181 4754 3232 4807 id
3273 4771 3438 4809 unum
3484 4773 3714 4810 cavere-

2125 4852 2234 4902 tur,
2265 4856 2331 4894 ne
2354 4842 2476 4910 quis
2502 4843 2990 4898 consubstantialis
3036 4847 3304 4901 vocabulo
3341 4849 3393 4901 in
3428 4858 3710 4918 posterum

2126 4941 2389 4985 uteretur.
2414 4932 2576 5000 Quod
2606 4949 2730 4988 cum
2757 4935 2822 4990 de
2847 4937 3114 4992 catholica
3146 4939 3434 4994 severitate
3455 4940 3710 4994 Liberius

2124 5023 2454 5087 remisisset,
2495 5035 2552 5078 et
2586 5025 2871 5081 Athanasii
2921 5028 3147 5098 insuper
3179 5031 3515 5085 damnationi
3557 5045 3711 5084 con—

2125 5117 2410 5182 sensisset,
2446 5119 2598 5173 visn-s
2631 5131 2714 5174 est
2761 5122 2815 5173 in
2874 5121 3107 5176 hmresin
3160 5125 3485 5192 prolapsus;
3531 5138 3714 5193 eaque

2125 5213 2466 5280 postmodum
2519 5213 2704 5282 opinio
2755 5215 3088 5269 Arianorum
3143 5215 3432 5273 fraudibus
3483 5226 3536 5272 et
3609 5234 3715 5273 ca-

2124 5299 2346 5353 lumniis
2376 5302 2706 5368 percrebuit,
2751 5319 2876 5358 cum
2927 5305 3284 5362 Sirmiensem
3334 5310 3454 5362 fidei
3499 5307 3712 5363 formu-

2123 5390 2227 5444 lam
2269 5391 2458 5446 eodem
2505 5402 2753 5464 tempore
2788 5398 3163 5466 publicantes,
3213 5415 3334 5453 eam
3386 5401 3580 5470 ipsam.
3612 5403 3712 5458 cui

2121 5500 2383 5540 assensus
2429 5497 2544 5540 erat
2576 5486 2850 5552 Liberius,
2908 5491 3054 5546 illam
3103 5508 3225 5549 esse
3280 5495 3490 5549 mentiti
3549 5502 3711 5549 sunt.

2120 5577 2288 5644 Cujus
2319 5579 2392 5631 rei
2418 5579 2787 5647 conjecturam
2820 5597 2884 5636 ex
2925 5585 3234 5640 Sozomeno
3280 5588 3408 5642 licet
3453 5602 3648 5655 capere
3692 5608 3708 5643 :

2120 5671 2212 5739 qui
2247 5671 2338 5724 ΙΙΙ).
2372 5688 2443 5734 ιν,
2485 5689 2607 5742 cap.
2651 5675 2736 5732 Η.
2761 5677 2972 5741 Scribit,
3009 5696 3132 5733 cum
3164 5696 3195 5735 a
3232 5680 3448 5735 Liberio
3501 5679 3717 5736 Valens

2119 5772 2171 5817 et
2203 5761 2467 5819 Ursacius
2492 5769 2910 5824 consensionem
2939 5769 3716 5842 expressissent,vicissimab

2118 5867 2184 5909 eo
2211 5854 2606 5924 professionem
2641 5861 2917 5930 accepisse
2946 5863 3196 5932 alteram,
3219 5881 3323 5937 qua
3354 5866 3429 5922 illi
3465 5871 3714 5921 damna-
