4054 6404
452 442 586 499 1089

1252 437 1337 489 DE
1378 435 1721 492 SIHMIENSI
1755 437 1842 493 ET
1883 436 2254 494 ANCYHANA
2292 438 2852 496 PSEL‘DOSYNODO.

3551 448 3688 504 1070

451 572 640 617 rentur
671 571 883 619 omnes,
916 555 1008 625 qui
1037 569 1144 609 non
1196 555 1497 610 substantia
1521 557 1838 626 exterisque
1870 557 2021 611 simi-
2051 565 2096 618 Α
2124 571 2187 610 ac
2214 553 2474 626 Nigriano
2509 571 2838 624 coss.,anno
2873 555 3072 610 Christi
3106 556 3230 620 551,
3265 557 3405 626 quod
3437 558 3553 614 sine
3587 563 3688 616 du-

450 654 554 707 }em
606 650 785 704 Patris
837 663 958 701 esse
1011 645 1210 699 Filium
1263 660 1586 702 assererent.
1641 646 1780 701 Tum
1829 648 2016 703 addit:

453 738 759 794 Eudoxium
833 751 899 790 ac
934 736 1175 805 reliquos
1209 735 1537 801 Anomoeos,
1579 738 1671 808 qui
1720 739 2022 794 Antiochiae

449 834 828 896 versabantur,
855 847 977 886 cum
1010 830 1123 886 Osii
1151 832 1457 902 epistolam,
1497 833 1602 886 hoc
1641 843 1724 887 est
1759 833 2024 888 Sirmien-

452 941 567 980 sem
602 925 894 979 formulam
925 925 1286 994 accepissent,
1323 925 1376 979 id
1408 925 1461 978 in
1491 925 1687 995 vulgus
1731 926 2020 994 sparsisse,

452 1019 732 1073 Liberium
777 1017 837 1072 τὸ
885 1016 1169 1087 ὁμοούσιον
1213 1016 1551 1085 repudiasse,
1597 1031 1662 1070 ac
1701 1016 2023 1071 dissimilem

452 1110 635 1166 Patris
660 1125 1005 1166 asseverasse
1033 1108 1254 1162 Filium.
1277 1107 1542 1173 Quocirca
1575 1108 1920 1178 perspicuum
1942 1117 2024 1163 est

456 1201 738 1256 Liberium
785 1200 1114 1270 professioni
1150 1199 1225 1253 illi
1263 1197 1569 1265 Sirmiensi,
1610 1215 1774 1270 quam
1814 1199 1929 1254 Osii
1971 1212 2025 1254 et

454 1291 685 1346 Potamii
741 1290 1136 1360 blasphemiam
1194 1290 1428 1360 appellat
1477 1289 1747 1357 Hilarius,
1801 1291 2026 1346 minime

455 1379 882 1448 subscripsisse,
939 1381 994 1434 in
1052 1393 1161 1448 qua
1213 1379 1535 1434 nominatim
1574 1379 1636 1432 τὸ
1681 1379 2020 1451 ὁμοιούσιον,

455 1471 917 1542 quemadmodum
947 1479 1002 1526 et
1033 1470 1096 1524 τὸ
1125 1470 1430 1542 ὁμοούσιον,
1479 1471 1742 1540 rejectum
1775 1480 1886 1538 est;
1914 1473 2024 1526 imo

456 1577 584 1617 vero
606 1571 661 1616 et
679 1562 866 1626 οὐσίας
895 1576 1094 1616 nomen
1134 1563 1350 1633 ipsum;
1397 1575 1460 1616 ac
1491 1575 1750 1631 praeterea
1780 1577 2026 1632 pronun-

456 1657 648 1710 tiatum
703 1677 715 1712 :
767 1655 982 1712 Patrem
1033 1657 1274 1719 honore,
1327 1657 1611 1729 dignitate,
1681 1657 1929 1712 claritate
1971 1670 2026 1712 et

455 1749 739 1817 majestate
768 1749 1032 1817 majorem
1057 1763 1178 1804 esse
1217 1748 1378 1815 Filio,
1403 1750 1498 1819 qui
1520 1748 1664 1803 Patri
1697 1764 1823 1803 cum
1847 1749 2026 1804 omni-

454 1839 558 1894 bus
581 1841 649 1894 ab
679 1855 744 1895 eo
765 1841 867 1895 sibi
892 1840 1152 1911 subjectis
1174 1841 1246 1896 sit
1273 1842 1387 1910 ipse
1411 1839 1710 1911 subjectus.
1741 1839 2025 1907 Quomodo

2125 649 2218 702 bio
2254 662 2320 701 ex
2348 647 2497 702 Actis
2519 648 2734 702 concilii
2767 646 3084 703 Sirmiensis
3113 659 3448 719 compertum
3479 652 3688 709 habue-

2126 744 2268 791 rant.
2304 734 2418 790 Hoc
2440 737 2583 790 enim
2615 751 2647 791 e
2670 737 3044 805 superioribus
3075 739 3419 804 abstulimus,
3459 758 3691 811 praeser-

2126 823 2223 877 tim
2259 840 2325 878 ex
2359 825 2586 880 historia
2625 824 2864 895 Sulpitii,
2912 829 3181 898 synodum
3224 832 3368 884 illam
3406 843 3530 888 ante
3559 835 3693 891 Are-

2127 915 2336 971 latense
2383 925 2437 971 et
2477 918 2784 974 Biterrense
2826 921 3119 976 concilium
3174 924 3429 979 indictam
3487 925 3690 994 fuisse;

2128 1008 2234 1062 hoc
2271 1019 2353 1062 est
2396 1022 2522 1063 ante
2563 1026 2767 1064 annum
2815 1011 2938 1066 555.
2991 1011 3158 1082 Igitur
3198 1015 3252 1067 in
3290 1031 3494 1071 annum
3538 1019 3691 1073 illum

2127 1100 2402 1161 convenit,
2435 1115 2595 1169 quem
2624 1101 2869 1157 historici
2903 1111 3111 1159 veteres
3136 1105 3482 1160 adnotarunt.
3509 1105 3610 1163 Sed
3637 1110 3693 1163 in

2126 1204 2194 1243 eo
2228 1191 2542 1246 hallucinati
2573 1201 2720 1258 sunt,
2761 1194 2903 1263 quod
2935 1211 3057 1249 cum
3103 1196 3294 1264 triplex
3335 1197 3520 1253 Sirmii
3550 1202 3696 1255 edita

2127 1290 2272 1336 esset
2301 1282 2424 1336 ﬁdei
2458 1282 2749 1352 professio,
2786 1301 2895 1340 uno
2935 1287 3236 1357 eodemque
3286 1299 3528 1358 tempore
3569 1304 3622 1346 et
3665 1309 3695 1346 a

2129 1375 2339 1444 synodo
2383 1375 2629 1430 decretas
2677 1391 2869 1433 omnes
2921 1379 3320 1435 existimarunt.
3349 1381 3418 1435 At
3455 1383 3506 1436 id
3536 1399 3698 1440 secus

2128 1477 2248 1516 sese
2283 1463 2479 1532 habet;
2518 1482 2643 1520 nam
2679 1467 2731 1521 in
2767 1469 3001 1523 concilio
3031 1469 3315 1525 Sirmiensi
3347 1474 3520 1542 prima
3553 1475 3696 1528 dun-

2128 1564 2280 1610 taxat
2345 1557 2434 1611 illa
2496 1559 2698 1614 dictata
2763 1569 2865 1624 est,
2927 1577 3033 1630 qua
3099 1561 3410 1620 Photiniani
3483 1581 3702 1623 errores

2127 1649 2478 1714 damnantur,
2497 1666 2771 1721 quamque
2792 1662 2851 1706 nt
2878 1654 3016 1722 piam
3041 1669 3103 1710 ac
3134 1656 3458 1712 catholicam
3491 1661 3697 1715 descri-

2127 1741 2237 1810 psit
2269 1753 2434 1812 atque
2471 1744 2758 1812 explicavit
2786 1743 3041 1801 Hilarius.
3072 1746 3392 1818 Quanquam
3421 1752 3474 1804 in
3507 1753 3696 1806 eadem

2130 1835 2342 1904 synodo
2371 1834 2635 1890 adversus
2669 1837 3025 1893 Athanasium
3074 1839 3275 1908 aliquid
3319 1852 3577 1912 praeterea
3601 1843 3698 1898 de-

455 1931 600 1984 enim
663 1932 778 1986 haec
835 1931 1126 2000 approbari
1174 1947 1203 1985 ε
1257 1931 1474 1986 Liberio
1531 1941 1865 2001 patuerunt,
1927 1933 2027 2002 qui
2058 1912 2100 1966 Β
2133 1937 2344 1982 cretum
2381 1929 2450 1982 ab
2478 1928 2699 1983 Arianis
2744 1939 2972 1986 testatur
3013 1929 3302 2000 Sulpitius.
3333 1936 3536 1989 Auctor
3567 1950 3697 1990 vero

455 2025 732 2094 conceptis
776 2026 955 2079 verbis
1012 2023 1158 2078 Patri
1218 2039 1313 2094 per
1375 2025 1594 2089 omnia,
1659 2026 1903 2094 adeoque
1954 2029 2020 2098 τῇ

455 2115 612 2186 οὐσίᾳ
649 2116 882 2171 similem
936 2131 1060 2173 esse
1088 2115 1285 2171 Filium
1319 2118 1582 2172 edixerit?
1620 2117 1725 2174 Sed
1762 2120 2021 2174 nimirum

456 2207 756 2276 simplicem
791 2208 860 2262 ab
906 2223 974 2263 eo
1020 2208 1359 2264 controversi
1393 2209 1642 2263 vocabuli
1676 2212 2022 2281 suppressio-

457 2315 578 2353 nem
598 2315 722 2355 cum
745 2301 1122 2366 extorsissent,
1144 2313 1336 2356 caetera
1365 2302 1432 2355 ad
1459 2303 1604 2356 illam
1626 2303 2020 2372 adjunxerunt;

456 2405 628 2460 eaque
668 2406 774 2458 res,
816 2394 887 2448 ob
919 2394 1162 2448 damnati
1194 2395 1493 2463 prazsertim
1539 2394 1822 2451 Athanasii
1878 2397 2019 2450 invi-

456 2483 623 2548 diam,
675 2484 833 2540 ﬁdem
877 2486 1017 2555 apud
1065 2485 1299 2541 Arianos
1339 2487 1561 2555 perinde
1609 2503 1672 2541 ac
1722 2489 2022 2544 catholicos

455 2575 708 2629 obtinuit.

529 2659 626 2714 lic
657 2662 788 2714 mihi
825 2677 935 2731 pra:
965 2664 1174 2718 caeteris
1207 2662 1396 2718 Hilarii
1439 2668 1822 2722 auctoritatem
1861 2670 2022 2739 objici

459 2767 618 2818 posse
643 2752 818 2817 video,
855 2754 946 2823 qui
980 2754 1033 2807 in
1066 2754 1386 2824 fragmentis
1415 2773 1445 2811 a
1472 2756 1698 2812 Nicolao
1722 2758 1896 2814 Fahro
1918 2761 2026 2814 edi-

459 2847 530 2899 tis
564 2847 804 2914 epistolze
832 2846 1056 2909 Liberii,
1106 2863 1271 2916 quam
1325 2849 1392 2903 ad
1431 2846 1737 2906 Orientales
1782 2851 2020 2919 scripsit,

458 2952 674 3005 quaque
692 2954 748 2992 se
771 2954 800 2992 a
827 2938 1146 3008 DemOphilo
1177 2939 1335 2993 ﬁdem
1361 2942 1708 3005 catholicam,
1734 2958 1857 3012 qua:
1879 2943 2023 3012 apud

460 3027 721 3083 Sirmium
741 3031 953 3100 prodita
981 3039 1083 3095 est,
1103 3031 1362 3087 didicisse
1389 3042 1595 3100 narrat,
1629 3035 1732 3089 ista
1759 3036 1978 3105 subjicit
2007 3055 2019 3090 :

460 3123 749 3192 Perﬁdiam
793 3133 970 3176 autem
1009 3122 1150 3190 apud
1185 3109 1443 3177 Sirmium
1475 3125 1818 3194 descriptam,
1863 3143 2024 3196 quam

457 3217 584 3269 dicit
622 3213 858 3267 Liberius
909 3212 1221 3265 catholicam
1249 3231 1280 3266 a
1314 3213 1618 3282 Demophilo
1660 3215 1763 3267 sibi
1813 3217 2022 3284 exposi-

458 3317 585 3370 tam,
614 3305 667 3357 lii
691 3313 812 3358 sunt
839 3304 926 3373 qui
953 3305 1370 3371 conscripserunt
1400 3320 1417 3354 :
1452 3301 1761 3365 Narcissus,
1787 3303 1994 3358 Tlteodo
2012 3333 2024 3342 -

459 3415 568 3464 rus,
621 3397 882 3460 Basilius,
937 3395 1234 3460 Eudoxius,
1299 3394 1657 3464 Demophilus,
1718 3394 2020 3465 Cecropius,

457 3489 736 3559 Sytvanus,
773 3487 1048 3550 Ursacius,
1096 3485 1308 3549 Valens,
1347 3485 1710 3551 Macedonius,
1754 3496 1859 3542 etc.
1919 3485 2024 3541 Sed

457 3581 720 3650 quidquid
769 3581 836 3634 de
885 3577 1208 3650 fragmentis
1254 3579 1360 3634 illis
1395 3579 1737 3634 sentiendum
1770 3580 1861 3642 sit,
1911 3580 2024 3633 haec

457 3671 704 3742 profecto
751 3671 1082 3740 subscriptio
1123 3671 1191 3724 ab
1220 3667 1410 3724 Hilarii
1442 3685 1606 3728 manu
1646 3685 1768 3726 esse
1799 3687 1905 3724 non
1938 3672 2024 3724 vi-

457 3763 634 3826 detur,
688 3760 781 3814 sed
826 3759 1062 3828 imperiti
1107 3757 1416 3828 cujusdam,
1465 3761 1557 3830 qui
1604 3760 1820 3815 Arianae
1865 3771 2025 3815 sectze

459 3853 690 3906 divortia
721 3867 827 3906 non
849 3853 984 3907 satis
1005 3863 1376 3922 perspexerat.
1404 3851 1617 3906 Etenim
1647 3853 1879 3908 Basilius
1923 3853 2024 3907 iste

460 3958 524 3995 ae
550 3941 802 3997 Silvanus
823 3985 836 4006 ,
865 3958 1078 3997 necnon
1109 3953 1163 3997 et
1187 3943 1541 3998 Macedonius
1594 3943 1664 3997 ab
1721 3943 2024 4013 Epiphanio

459 4036 782 4104 caaterisque
829 4035 1297 4090 Semiarianorum
1353 4034 1628 4105 principes
1683 4045 2020 4088 censentur:

459 4140 692 4192 quorum
733 4123 996 4179 adversus
1037 4124 1390 4180 Sirmiensem
1437 4125 1584 4178 illam
1629 4122 2021 4193 professionem

458 4217 724 4270 acerrima
753 4216 932 4269 studia
959 4231 1022 4270 ac
1058 4216 1440 4270 contentiones
1462 4215 1806 4270 exstiterunt.
1837 4213 2025 4284 Neque

459 4321 588 4358 vero
624 4313 762 4367 tum,
799 4320 923 4360 cum
951 4320 1016 4360 ea
1053 4314 1138 4360 est
1182 4305 1348 4369 edita,
1403 4304 1589 4358 Sirmii
1636 4319 1756 4360 esse
1789 4304 2022 4358 Basilius

458 4398 668 4466 potuit;
697 4397 809 4451 imo
843 4411 944 4451 nec
979 4395 1263 4451 Eudoxius
1299 4397 1434 4465 ipse,
1463 4396 1556 4465 qui
1591 4396 1731 4450 hanc
1757 4396 1825 4449 ab
1857 4396 2025 4450 Ursa-

458 4491 544 4542 cio
588 4499 642 4543 et
675 4487 899 4543 Valente
947 4490 1172 4544 missam
1208 4489 1532 4550 Antiochize,
1589 4489 1682 4542 ubi
1736 4501 1848 4543 tum
1899 4504 2020 4542 cum

2131 2015 2448 2073 Sirmiensis
2487 2019 2635 2074 illius
2679 2018 2946 2080 formulae.
2963 2037 3070 2075 non
3107 2021 3322 2080 Marcus
3345 2023 3695 2088 Arethusius,

2129 2108 2223 2162 sed
2264 2110 2504 2179 synodus
2532 2111 2672 2179 ipsa,
2709 2122 2770 2166 ut
2801 2111 3037 2168 Hilarius
3067 2114 3273 2180 innuit;
3307 2131 3429 2171 nam
3459 2133 3486 2171 a
3513 2117 3696 2173 Marco

2129 2201 2308 2264 tertia,
2355 2211 2415 2255 ut
2472 2217 2574 2257 suo
2625 2203 2742 2258 loco
2783 2205 3014 2269 dicetur,
3055 2217 3138 2261 est
3185 2209 3512 2281 conscripta.
3564 2210 3697 2267 Post

2131 2291 2427 2348 Sirmiense
2473 2295 2786 2362 concilium,
2837 2298 3258 2369 convictumque
3300 2304 3368 2356 ab
3405 2303 3697 2377 Ancyrano

2127 2383 2352 2448 Basilio,
2383 2395 2439 2440 et
2468 2387 2538 2440 ab
2566 2388 2820 2442 omnibus
2850 2387 3165 2444 damnatum
3208 2391 3520 2462 Photinum,
3567 2413 3692 2452 cum

2122 2476 2234 2545 jam
2268 2476 2612 2547 Magnentius
2641 2494 2671 2532 a
2702 2480 3007 2535 Constantii
3037 2481 3224 2551 legatis
3257 2484 3503 2541 devictus
3525 2500 3693 2556 esset,

2127 2569 2420 2636 imperator
2448 2585 2593 2624 anno
2613 2571 2719 2625 555
2743 2571 2794 2625 in
2821 2570 3025 2627 Gallias
3053 2573 3327 2642 profectus
3352 2585 3456 2631 est.
3478 2579 3555 2633 Ac
3577 2588 3693 2635 tum

2126 2657 2443 2714 Arelatense
2471 2661 2890 2716 conciliabulum
2921 2662 3250 2727 celebratur,
3284 2665 3339 2718 in
3379 2681 3489 2737 quo
3523 2669 3692 2737 pleri-

2127 2764 2232 2816 que
2288 2751 2542 2806 catholici
2596 2753 2859 2821 prtesules
2909 2756 3163 2811 exsulare
3209 2757 3370 2826 jussi,
3413 2771 3697 2829 grassante

2130 2841 2407 2897 Saturnini
2439 2844 2684 2912 perﬁdia.

2198 2934 2326 2987 Inde
2353 2949 2496 2988 anno
2529 2935 2632 2990 355
2669 2936 2960 2994 Arbetione
2991 2949 3043 2994 et
3093 2941 3339 2998 Lolliano
3372 2960 3537 3006 coss..
3568 2961 3695 3004 cum

2122 3023 2234 3094 jam
2265 3023 2619 3081 Constantius
2649 3026 3015 3086 Mediolanum
3057 3035 3413 3101 pervenisset,
3453 3040 3696 3108 synodus

2127 3115 2327 3170 ibidem
2361 3125 2445 3172 est
2477 3117 2684 3183 habita,
2716 3129 3022 3192 caeteraque
3049 3135 3219 3193 gesta,
3252 3143 3373 3195 quae
3399 3143 3428 3182 a
3461 3129 3699 3187 Baronio

2127 3206 2413 3276 diligenter
2447 3209 2810 3278 explicantur.
2855 3211 2912 3265 In
2963 3214 3190 3284 reliquis
3223 3229 3417 3274 nutant
3443 3223 3694 3276 Annales.

2197 3301 2354 3352 Ano
2382 3299 2484 3353 557
2517 3300 2724 3365 Sirmii,
2764 3319 2874 3372 quo
2909 3305 3206 3374 imperator
3239 3325 3383 3365 anno
3415 3316 3698 3382 superiore

2127 3405 2244 3443 sese
2275 3392 2598 3456 contulerat,
2633 3411 2771 3448 nova
2797 3395 2920 3450 ﬁdei
2948 3401 3217 3468 expositio
3239 3404 3426 3468 paucis
3446 3405 3516 3460 ab
3538 3405 3695 3461 Aria-

2127 3483 2214 3537 nis
2250 3483 2542 3554 episcopis,
2593 3489 2893 3553 prasertim
2939 3487 3397 3559 Occidentalibus,
3441 3498 3696 3566 produci-

2126 3582 2234 3635 tur,
2267 3590 2500 3642 quorum
2538 3578 2812 3647 principes
2859 3589 3012 3635 erant
3068 3581 3326 3639 Ursacius
3377 3595 3433 3640 et
3472 3585 3692 3644 Valens.

2125 3663 2223 3718 Cui
2257 3681 2381 3718 mox
2414 3667 2615 3721 invitus
2650 3683 2712 3723 ac
2750 3670 2991 3727 renitens
3025 3673 3152 3728 licet
3187 3675 3480 3732 subscribit
3509 3676 3692 3744 Osius,

2126 3769 2232 3807 n0n
2263 3765 2441 3811 tamen
2471 3759 2830 3815 Athanasium
2852 3773 2910 3817 ut
2936 3765 3220 3821 damnaret
3255 3769 3451 3824 adduci
3477 3773 3690 3840 potuit:

2126 3844 2266 3912 quod
2303 3849 2354 3899 in
2389 3846 2563 3916 Epist.
2599 3849 2668 3900 ad
2693 3849 2840 3904 salit.
2871 3851 3203 3909 Athanasius
3238 3855 3353 3924 ipse
3379 3857 3689 3912 confirmat.

2125 3931 2366 4002 Contigit
2395 3935 2510 3988 hare
2535 3933 2646 3990 Osii
2687 3938 2972 3994 calamitas
3006 3941 3201 3996 affecto
3224 3943 3337 4013 jam
3366 3960 3511 4001 anno
3536 3947 3638 4002 557
3677 3969 3689 4003 :

2127 4021 2328 4090 quippe
2362 4033 2485 4091 post
2510 4039 2715 4078 annum
2752 4028 3044 4098 integrum,
3073 4047 3234 4101 quam
3274 4032 3460 4090 Sirmii
3496 4053 3526 4090 a
3553 4037 3696 4094 Con-

2128 4115 2332 4167 stantio
2367 4115 2618 4170 detentus
2647 4127 2784 4185 erat,
2823 4121 3040 4176 Arianae
3069 4123 3394 4193 professioni
3436 4131 3694 4185 assentiri

2126 4213 2349 4260 coactus
2370 4213 2472 4260 est.
2491 4208 2561 4261 At
2584 4207 2936 4265 Constantius
2951 4209 3132 4278 Junio,
3161 4215 3242 4270 vel
3266 4214 3412 4272 Julio
3427 4219 3695 4276 duntaxat

2127 4312 2314 4352 mense
2350 4301 2478 4353 anni
2518 4302 2814 4370 superioris
2843 4301 3025 4358 Sirmii
3059 4321 3181 4360 esse
3211 4309 3406 4376 potuit,
3442 4319 3502 4365 ut
3525 4326 3693 4382 supra

2127 4389 2412 4456 probatum
2443 4398 2544 4445 est.
2583 4391 2762 4456 Quare
2807 4393 2948 4448 circa
2991 4395 3132 4450 idem
3181 4405 3395 4468 tempus
3428 4415 3572 4455 anno
3603 4417 3694 4457 se-

2126 4493 2326 4551 quente
2365 4491 2576 4537 extorta
2618 4483 2831 4538 videtur
2869 4486 2937 4539 ab
2964 4485 3094 4541 Osio
3125 4491 3411 4558 perfidiosa
3441 4491 3530 4546 illa
3561 4509 3696 4548 con-

459 4581 575 4635 snis
607 4581 950 4643 versabatur,
984 4581 1210 4650 accepit,
1245 4589 1301 4635 et
1347 4596 1377 4635 a
1417 4580 1550 4634 solis
1584 4579 2025 4636 Occidentalibus
2059 4597 2101 4650 ι)
2127 4574 2313 4629 fessio.
2347 4573 2444 4630 Est
2466 4583 2644 4629 autem
2678 4592 2740 4630 ea
2771 4576 2985 4641 ἔκθεσις
3013 4579 3305 4648 Sirmiana,
3325 4598 3488 4654 quam
3506 4600 3695 4641 secun-

459 4672 822 4742 conscriptam
849 4687 971 4726 esse
997 4672 1141 4727 datis
1171 4673 1239 4727 ad
1263 4671 1386 4727 illos
1419 4673 1617 4726 litteris
1651 4681 1884 4727 testatus
1913 4682 2016 4726 est.

455 4764 592 4830 Quae
617 4765 800 4819 omnia
835 4780 998 4833 supra
1033 4765 1251 4834 copiose
1288 4765 1558 4818 declarata
1589 4774 1737 4818 sunt.
1768 4764 1838 4817 De
1865 4766 2024 4817 tertia

459 4856 583 4909 ﬁdei
625 4855 968 4924 expositione
1021 4855 1144 4922 Quid
1180 4856 1526 4909 statuendum
1561 4856 1652 4917 sit,
1687 4855 1930 4908 dicemus
1957 4854 2025 4907 ad

459 4963 747 5002 numerum
785 4946 877 5002 22.

461 5061 612 5116 Nova
658 5061 900 5132 quadam
941 5075 1004 5114 ea:
1052 5070 1278 5116 veterum
1313 5059 1538 5114 Patrum
1587 5060 1895 5112 testimoniis
1952 5061 2028 5114 rei

905 5139 1062 5200 gestae
1091 5133 1250 5184 series
1275 5133 1573 5199 exponitur.

530 5221 757 5293 Pergam
787 5219 855 5276 de
888 5222 1133 5277 historiis
1199 5230 1253 5277 et
1303 5221 1592 5275 annalibus
1637 5220 2024 5276 ecclesiasticis

459 5313 598 5368 bene
638 5313 853 5378 mereri,
899 5327 964 5366 ac
995 5313 1450 5381 quemadmodum
1481 5311 1640 5383 dirigi
1679 5312 1922 5370 veritatis
1955 5313 2024 5366 ad

461 5404 722 5458 amussim
759 5403 1010 5465 debeant,
1051 5417 1351 5472 proponam
1381 5403 1486 5456 hoc
1516 5403 1635 5456 loco
1673 5403 1926 5468 breviter,
1967 5411 2028 5456 ut

463 5497 566 5548 hac
585 5492 887 5549 offensione
907 5493 1141 5554 sublata,
1171 5501 1374 5548 rectam
1407 5492 1658 5561 deinceps
1675 5493 1814 5546 viam
1835 5507 2026 5547 omnes

460 5585 733 5640 insistant.
753 5584 971 5640 Initium
996 5601 1026 5640 a
1052 5584 1283 5640 concilio
1307 5583 1594 5638 Sirmiensi
1625 5586 1856 5653 capiam,
1880 5584 2027 5651 quod

459 5685 648 5732 contra
676 5677 1059 5733 Photinianum
1099 5677 1295 5746 dogma
1324 5674 1608 5730 collectum
1646 5692 1677 5730 a
1707 5674 2028 5730 Constantio

458 5778 564 5826 est.
597 5769 671 5827 De
697 5785 806 5841 quo
837 5771 1179 5826 verissimum
1210 5781 1329 5821 esse
1364 5775 1564 5831 statuo,
1597 5767 1743 5836 quod
1773 5765 2028 5821 Socrates

459 5879 522 5918 ac
550 5862 885 5918 Sozomenus
920 5861 1254 5933 scripserunt
1289 5877 1302 5912 :
1331 5859 1660 5914 celebratum
1693 5873 1812 5914 esse
1839 5856 2029 5928 Sergio

2131 4668 2253 4721 dam
2282 4682 2472 4721 omnes
2501 4678 2810 4732 numerant,
2844 4685 3074 4739 quaeque
3107 4674 3177 4728 ab
3210 4673 3414 4730 Hilario
3440 4676 3694 4748 blasphe-

2130 4761 2237 4812 mia
2282 4760 2392 4814 Osii
2428 4775 2492 4814 ac
2521 4760 2751 4816 Potamii
2793 4764 3124 4819 nominatur.
3171 4763 3344 4836 Hujus
3381 4783 3506 4822 cum
3535 4769 3694 4826 Aria-

2128 4867 2229 4904 nos
2271 4861 2456 4920 postea
2506 4853 2884 4922 ptenituisset,
2931 4871 3150 4926 operam
3205 4858 3469 4914 dederunt
3513 4870 3573 4916 ut
3627 4877 3695 4918 ea

2128 4943 2329 5012 ubique
2352 4946 2795 5013 snpprimeretur,
2814 4946 3132 5016 interposita
3155 4950 3318 5005 etiam
3350 4951 3696 5021 imperatoris

2128 5041 2412 5102 potestate,
2431 5035 2522 5104 qui
2547 5037 2870 5104 supplicium
2902 5038 3099 5109 iis,qui
3126 5040 3272 5094 illam
3293 5056 3457 5110 penes
3488 5057 3547 5098 se
3562 5044 3696 5098 reti-

2129 5134 2340 5189 nerent,
2398 5126 2778 5182 interminatus
2826 5137 2954 5184 est:
2988 5141 3176 5185 auctor
3223 5130 3476 5188 Socrates
3502 5134 3596 5188 lib.
3629 5151 3697 5197 tt,

2128 5231 2247 5286 cap.
2268 5217 2357 5271 25.
2391 5216 2493 5271 Per
2525 5218 2664 5274 idem
2691 5229 2904 5290 tempus
2938 5220 3188 5278 Liberius
3213 5225 3474 5293 pontifex,
3507 5225 3600 5295 qui
3638 5226 3701 5280 in

2130 5307 2516 5362 Mediolanensi
2550 5309 2781 5364 concilio
2807 5319 2933 5365 ante
2971 5311 3272 5378 biennium,
3304 5319 3405 5369 hoc
3435 5322 3519 5370 est
3548 5329 3704 5370 anno

2129 5399 2253 5460 555,
2301 5397 2548 5455 Beroeam
2597 5401 2989 5468 gloriosissime
3026 5404 3294 5474 relegatus
3317 5405 3514 5468 fuerat,
3545 5405 3702 5461 Con-

2130 5489 2316 5544 stantii
2353 5490 2698 5558 imperatoris
2726 5499 2782 5546 et
2813 5493 3141 5547 Arianorum
3178 5492 3458 5549 fraudibus
3487 5508 3551 5548 ac
3586 5503 3699 5548 ter—

2130 5583 2346 5636 roribus
2375 5581 2660 5648 infractus,
2679 5583 2840 5637 simul
2867 5585 3248 5653 recuperanda:
3269 5584 3414 5640 sedis
3437 5595 3490 5640 et
3509 5584 3704 5656 patriae

2129 5675 2420 5740 desiderio,
2453 5673 2713 5730 Sirmium
2744 5686 2998 5732 evocatus
3036 5677 3317 5732 Athanasii
3359 5676 3701 5739 damnationi

2129 5766 2485 5833 subscripsit,
2531 5781 2746 5835 unaque
2779 5767 2902 5823 ﬁdei
2949 5769 3346 5839 professionem
3390 5769 3557 5832 dedit,
3586 5783 3700 5839 qua

2130 5855 2223 5910 τοῦ
2250 5855 2531 5926 ὁμοουσίου
2567 5859 2889 5915 vocabulum
2918 5861 3222 5917 concordiae
3244 5862 3416 5933 gratia
3447 5862 3698 5917 reticere-
