4054 6404
299 416 448 474 ΊΕἩ

1508 414 1850 470 APPENDIX
1892 411 2518 470 DlSSERTATlONUM.

3432 415 3566 469 107:).

323 551 432 605 tur,
484 537 612 591 licet
652 533 849 590 Filium
894 535 1041 590 Patri
1076 533 1403 600 substantia,
1445 537 1811 608 omnibusque
1844 537 1898 590 in
1929 543 1970 596 Α
2002 551 2031 586 e
2067 533 2291 588 Socrate
2319 550 2481 603 supra
2515 533 2824 597 retulimus,
2849 533 3276 602 utimperatoris
3310 535 3565 587 mandato

320 631 484 685 rebus
517 629 751 684 similem
784 644 904 683 esse
943 627 1274 682 defenderet.
1324 628 1498 693 Quam
1545 633 1889 685 occasionem

325 719 517 776 Valens
555 729 609 774 et
652 718 909 773 Ursacius
940 719 1105 786 nacti,
1148 721 1440 774 secundam
1482 722 1627 775 illam
1656 722 1891 791 perfidire

321 813 533 883 plenam
562 812 678 866 fidei
704 811 1120 881 professionem,
1147 819 1406 880 tanquam
1433 829 1461 865 a
1497 813 1741 866 Romano
1763 829 1892 882 pon-

317 905 464 958 tillce
519 902 949 970 comprobatam,
1007 903 1206 970 ubique
1252 903 1700 966 disseminarunt,
1747 914 1802 958 et
1837 904 1889 958 in

316 993 508 1063 primis
534 991 599 1046 ad
629 991 932 1046 Eudoxium
961 993 1189 1063 ejusque
1216 993 1430 1047 sodales
1462 993 1757 1049 Anommos
1780 995 1891 1048 An-

318 1085 574 1139 tiochiam
635 1084 923 1139 miserunt.
984 1084 1101 1150 Qua
1151 1100 1210 1140 re
1258 1085 1580 1139 audaciores
1636 1086 1709 1139 illi
1763 1086 1889 1140 facti

317 1174 604 1227 Aelianum
654 1174 872 1244 dogma,
929 1175 1074 1244 quod
1126 1176 1314 1230 timide
1353 1175 1614 1232 hactenus
1653 1177 1894 1232 dilIiden-

320 1274 508 1336 terque
533 1265 922 1334 praedicabant,
957 1268 1135 1337 palam
1169 1268 1449 1338 divulgare
1475 1279 1756 1339 creperum
1783 1288 1794 1323 :
1824 1287 1888 1324 ex

316 1370 428 1424 quo
475 1369 673 1424 magna
715 1370 809 1424 per
843 1353 1120 1411 Orientem
1180 1371 1244 1411 ac
1293 1354 1503 1426 Syriam
1554 1359 1891 1426 perturbatio

316 1457 630 1500 consecuta.
673 1445 843 1512 Cujus
891 1449 1064 1517 gratia
1109 1447 1376 1520 Georgius
1410 1450 1750 1505 Laodicenus
1777 1452 1890 1520 epi-

317 1538 511 1592 stolam
539 1537 758 1607 scripsit
787 1538 855 1590 ad
879 1539 1146 1594 Basiliam
1173 1541 1534 1611 Ancyranum,
1566 1544 1659 1612 qui
1693 1544 1756 1596 ad
1800 1559 1891 1596 ec-

316 1631 516 1696 clesiae,
567 1645 730 1700 quam
775 1646 948 1700 nuper
979 1647 1010 1685 a
1054 1631 1421 1688 fundamentis
1460 1636 1742 1699 exr-itarat,
1781 1635 1889 1688 En-

315 1722 486 1776 eaenia
516 1721 777 1776 finitimos
811 1725 1098 1791 epierpos
1130 1723 1441 1778 conciverat
1475 1725 1798 1789 admonens,
1832 1734 1890 1780 ut

317 1830 442 1868 cum
478 1813 698 1882 collegis
732 1813 848 1868 suis
876 1825 1216 1883 grassantem
1262 1814 1654 1871 Anomaaorum
1692 1817 1889 1885 impie-

1999 624 2198 679 Osiana
2241 626 2365 686 illa,
2401 626 2514 678 sive
2568 622 2806 677 secunda
2839 623 3158 677 Sirmiensis
3213 622 3566 688 abrogantur

1964 704 2278 776 'formula,
2337 729 2461 768 cum
2526 711 2760 765 Basilius
2817 710 3284 764 Semiariauorum
3340 710 3564 781 signifer

1999 806 2290 875 plurimum
2338 804 2479 873 apud
2509 804 2888 872 imperatorem
2925 802 3097 870 gratia
3141 811 3196 856 et
3245 803 3567 857 auctoritate

1999 906 2204 968 posset.
2241 897 2418 966 Atque
2448 896 2514 950 ad
2540 895 2847 950 Orientales
2880 896 3002 951 illos
3031 895 3314 956 tumultus,
3346 911 3568 948 novam-

1998 1004 2104 1058 que
2139 988 2386 1042 haeresim
2437 987 2940 1049 exterminandam,
2991 985 3350 1040 Constantius
3405 1001 3568 1056 syno-

1997 1080 2126 1134 dum
2155 1089 2376 1133 auctore
2398 1077 2602 1132 Basilio
2625 1077 2998 1132 Nicomediam
3038 1078 3254 1131 indixit.
3282 1077 3414 1142 Qum
3441 1094 3564 1131 cum

1997 1181 2156 1226 terrae
2191 1182 2340 1227 motu
2387 1172 2755 1236 concidisset,
2793 1187 2857 1226 ac
2889 1171 3122 1227 subinde
3160 1170 3429 1232 Nicaeam,
3457 1186 3566 1238 quo

1998 1264 2286 1333 episcopos
2342 1264 2633 1318 convocari
2691 1251 3008 1331 placuerat,
3045 1263 3232 1318 eadem
3285 1265 3567 1318 calamitas

1998 1355 2316 1437 amisisset:
2351 1355 2568 1409 tandem
2587 1354 2822 1410 Basilius
2853 1356 3195 1425 imperatoris
3226 1356 3418 1410 litteris
3442 1372 3568 1410 cum

1996 1447 2269 1516 episcopis
2325 1446 2446 1500 aliis
2494 1446 2561 1498 de
2601 1446 2796 1500 idoneo
2839 1446 2958 1500 loco
3006 1446 3308 1501 deliberare
3357 1445 3565 1512 jussus.

1998 1555 2120 1592 cum
2154 1538 2294 1593 inter
2350 1539 2474 1592 illos
2528 1539 2752 1591 minime
2805 1538 3160 1600 conveniret,
3195 1537 3456 1592 Sirmium
3499 1539 3566 1592 ad

1999 1631 2380 1700 imperatorem
2421 1630 2658 1684 advolat.
2708 1630 2780 1684 Ibi
2825 1631 3060 1686 Arianos
3089 1630 3377 1699 episcopos
3419 1647 3568 1700 repe-

2001 1724 2093 1786 rit,
2126 1723 2369 1777 Marcum
2397 1723 2775 1787 Aretbusium,
2804 1721 3094 1792 Georgium
3119 1723 3564 1786 Alexandrinum,

2001 1814 2278 1868 Valentem
2343 1822 2398 1867 et
2449 1825 2696 1868 caeteros.
2736 1814 2981 1878 Quorum
3052 1815 3297 1868 omnium
3335 1815 3567 1870 consilio

309 1913 483 1961 tatem
537 1904 798 1976 synodico
839 1905 1056 1960 decreto
1095 1905 1389 1975 jugularet.
1428 1907 1504 1960 Ex
1543 1909 1610 1962 iis
1638 1908 1744 1961 labi
1776 1908 1895 1965 illos
1927 1917 1968 1972 Β
1999 1907 2350 1962 Constantius
2385 1905 2689 1960 Seleuciam
2727 1907 2778 1959 in
2811 1907 3020 1961 Isauria
3070 1907 3136 1961 ad
3177 1909 3443 1978 Synodom
3475 1909 3570 1961 de-

316 1995 574 2065 opinione
601 2002 836 2058 constat,
867 1995 960 2064 qui
1002 2010 1068 2049 ex
1113 1994 1454 2050 Theodoreto
1488 1995 1770 2066 colligunt,
1801 1994 1891 2049 Li-

317 2089 527 2143 berium
562 2087 630 2141 ab
650 2088 843 2142 exsilio
873 2097 1185 2141 revocatum
1216 2103 1359 2151 esse,
1387 2087 1576 2140 eodem
1606 2087 1697 2141 illo
1725 2101 1891 2153 anno,

310 2193 426 2248 quo
465 2178 822 2233 Constantius
875 2176 1062 2232 Romae
1109 2178 1312 2248 degens
1351 2193 1381 2231 a
1417 2182 1685 2234 matronis
1735 2179 1897 2234 inter-

309 2270 550 2339 pellatus
578 2278 694 2322 est:
718 2267 988 2339 siquidem
1016 2269 1235 2322 nonnisi
1261 2278 1383 2338 post
1400 2269 1703 2333 biennium,
1727 2285 1891 2340 quam

317 2363 525 2432 ejectus
553 2361 751 2425 fuerat,
783 2362 1072 2416 restitutus
1106 2369 1190 2416 est
1220 2359 1491 2414 Liberius.
1528 2360 1597 2414 At
1622 2375 1766 2414 anno
1789 2362 1894 2416 555

313 2453 628 2518 Mediolani,
666 2451 744 2508 uti
771 2451 978 2507 dictum
1016 2462 1122 2522 est,
1156 2453 1452 2521 imperator
1480 2451 1800 2506 sententiam
1839 2455 1890 2506 in

319 2546 470 2600 illum
501 2547 660 2610 dixit,
695 2556 751 2602 et
799 2556 918 2617 post
955 2543 1070 2599 Osii
1115 2547 1327 2615 lapsum
1381 2544 1643 2600 Sirmium
1689 2547 1893 2603 accitus

316 2646 420 2692 est.
469 2636 651 2704 Quare
698 2639 771 2693 ita
809 2638 1187 2692 Theodoretus
1226 2638 1666 2706 interpretandus
1698 2652 1799 2702 est,
1836 2648 1896 2694 ut

316 2739 431 2785 tum
465 2730 682 2800 quidem
711 2728 1069 2784 Constantius
1095 2731 1360 2782 matronis
1391 2745 1538 2798 spem
1573 2729 1712 2784 illius
1741 2730 1896 2785 resti-

316 2821 504 2878 tuendi
551 2819 786 2886 fecerit,
826 2820 920 2874 sed
968 2819 1020 2874 id
1064 2819 1236 2873 altero
1280 2819 1474 2873 deinde
1511 2834 1656 2874 anno
1687 2821 1895 2888 praesti-

309 2913 464 2968 terit.
838 2911 841 2918 ’

391 3007 549 3060 Anno
598 3002 703 3060 358
735 3003 970 3059 Basilius
1026 3004 1349 3072 Ancyranus
1403 3002 1638 3070 acceptis
1676 3001 1891 3071 Georgii

320 3095 513 3152 litteris
537 3135 553 3158 .
589 3096 937 3167 cognitisque
981 3110 1103 3164 qua:
1161 3093 1345 3149 Sirmii
1381 3111 1410 3150 a
1446 3095 1668 3149 Valente
1704 3105 1758 3150 et
1789 3092 1892 3149 Ur-

316 3188 472 3244 sacio
509 3194 659 3257 gesta
706 3185 958 3251 fuerant,
998 3201 1122 3239 eum
1154 3187 1219 3240 ad
1261 3186 1507 3241 ecclesiae
1532 3225 1548 3249 ,
1581 3186 1656 3240 uti
1690 3186 1891 3240 dictum

1997 2000 2146 2071 legit.
2201 1999 2400 2054 Verum
2448 1999 2715 2063 Eudoxii,
2749 2000 2970 2062 Acacii,
3025 1998 3305 2064 Valentis,
3360 1999 3569 2054 Ursacii

1999 2093 2390 2148 Anommorum
2416 2107 2580 2161 Opera
2619 2090 2821 2145 factum
2849 2103 2932 2146 est
2957 2129 2973 2156 ,
3008 2102 3096 2157 ut,
3131 2092 3322 2147 divisis
3359 2094 3569 2162 episco-

1997 2185 2104 2254 pis,
2147 2183 2527 2239 Occidentales
2557 2183 2775 2252 quidem
2813 2183 3077 2247 Arimini,
3108 2181 3412 2238 Orientales
3443 2200 3568 2238 vero

1996 2276 2258 2330 Seleuciae
2291 2281 2778 2346 congregarentur.
2826 2271 2885 2326 In
2922 2275 3024 2328 hOc
3055 2275 3383 2328 Arianorum
3421 2275 3569 2344 prin-

1995 2369 2177 2437 cipum
2206 2383 2502 2438 congressu
2545 2365 2782 2432 accidit,
2837 2366 2984 2436 quod
3024 2365 3260 2422 llilarius
3303 2367 3443 2420 libro
3495 2365 3570 2419 De

1995 2462 2210 2530 synodis
2253 2468 2477 2524 narrat,
2514 2469 2574 2514 ut
2614 2458 2920 2513 Orientales
2970 2459 3254 2527 episcopi,
3311 2459 3404 2527 qui
3454 2456 3569 2511 Sir-

1996 2549 2190 2604 miensi
2224 2548 2576 2618 blasphemia:
2624 2552 2957 2612 restiterant,
2991 2558 3242 2602 auctores
3273 2547 3395 2616 ejus
3421 2564 3569 2602 com-

1995 2640 2297 2710 pellerent,
2335 2648 2395 2691 ut
2424 2637 2820 2692 subscribendo
2849 2639 3215 2702 damnarent,
3245 2637 3390 2706 quod
3437 2637 3570 2690 fece-

1995 2739 2137 2784 rant.
2170 2729 2312 2796 Quin
2342 2731 2506 2784 etiam
2549 2745 2613 2784 ex
2643 2731 2834 2792 eodem
2868 2728 3072 2783 Hilario
3096 2729 3388 2798 colligitur,
3418 2740 3568 2798 post-

1993 2835 2222 2890 eaquam
2283 2819 2448 2874 dividi
2509 2820 2774 2890 synodum
2841 2819 3070 2888 placuit,
3125 2820 3396 2887 principio
3459 2821 3569 2871 An-

1994 2925 2177 2982 cyram
2215 2910 2282 2965 ad
2317 2909 2671 2966 Orientalium
2716 2926 3034 2966 consessum
3073 2911 3334 2965 delectam
3380 2908 3567 2965 fuisse.

1998 3005 2202 3058 Scribit
2226 3004 2373 3058 enim
2400 3003 2487 3058 his
2513 3005 2693 3058 verbis
2722 3020 2733 3054 :
2770 3003 2872 3057 Sed
2891 3003 3118 3057 maxime
3143 3019 3263 3056 cum
3290 3004 3569 3070 comperis-

1995 3111 2105 3148 sem
2133 3095 2360 3164 synodos
2424 3096 2481 3147 in
2523 3095 2733 3164 Ancyra
2786 3105 2942 3164 atque
2979 3095 3220 3147 Arimino
3253 3110 3570 3163 congregan-

1996 3186 2093 3240 das
2120 3226 2134 3247 ,
2162 3194 2211 3239 et
2253 3200 2318 3239 ea:
2356 3184 2578 3255 singulis
2626 3186 2907 3253 provinciis
2949 3182 3239 3238 Gallicanis
3281 3184 3448 3250 binos,
3493 3185 3568 3237 vel

319 3285 422 3341 est,
451 3275 924 3332 consecrationem
960 3283 1289 3329 conventum
1332 3273 1558 3327 haberet
1609 3273 1894 3342 episcopo-
1920 3251 1962 3309 (ἶ
1996 3275 2231 3344 singulos
2263 3290 2323 3328 eo
2350 3290 2461 3328 esse
2492 3286 2758 3329 venturos.

322 3384 439 3423 rum
466 3407 480 3430 ,
520 3373 867 3437 Ancyranam
910 3364 1176 3436 synodum
1228 3363 1504 3425 celebrat,
1552 3363 1606 3416 in
1647 3376 1752 3432 qua
1780 3360 1894 3413 Sir-

323 3455 762 3514 miensisOsiiac
786 3454 1028 3511 Valentis
1081 3463 1134 3507 et
1182 3459 1503 3507 czeterorum
1534 3458 1892 3506 condemnata

324 3549 445 3604 fidei
486 3548 718 3602 formula
743 3555 867 3609 est;
916 3555 1289 3612 statutumque
1312 3584 1328 3610 ,
1358 3541 1501 3598 Patri
1537 3542 1734 3596 Filium
1768 3543 1897 3597 sub-

319 3642 522 3698 stantia
545 3655 666 3695 esse
694 3640 948 3694 similem.
978 3637 1095 3702 Qua
1124 3652 1190 3691 ex
1223 3636 1436 3706 synodo
1460 3636 1649 3690 littera:
1680 3636 1897 3704 scripta:

318 3743 452 3790 sunt
480 3734 547 3788 ad
581 3731 870 3787 Phoenices
937 3741 992 3784 et
1045 3728 1245 3800 Syros,
1280 3728 1368 3782 ubi
1425 3727 1654 3782 Eudoxii
1702 3728 1897 3781 Antio-

322 3825 483 3880 cheni
524 3824 705 3878 studio
734 3820 1124 3876 Anommorum
1156 3821 1378 3890 perﬁdia
1426 3819 1723 3890 ﬂagrabat:
1761 3835 1899 3888 quas

325 3915 664 3986 Epiphanius
698 3912 910 3968 recitat.
949 3910 1152 3966 Deinde
1201 3911 1360 3981 legati
1395 3912 1460 3965 ad
1514 3913 1896 3980 imperatorem

324 4007 589 4062 Sirmium
625 4004 804 4071 missi,
839 4002 1080 4058 Basilius
1107 4003 1243 4072 ipse,
1286 4001 1604 4057 Eustathius
1644 4002 1897 4057 Sebaste-

315 4116 466 4163 .nus,
502 4098 762 4154 Leontius
789 4096 1123 4167 Cyzicenns,
1173 4095 1264 4166 qui
1303 4094 1745 4151 Eudoxianorum
1787 4095 1899 4149 illic

327 4191 649 4247 disturbatis
699 4190 944 4246 consiliis
969 4227 982 4252 ,
1026 4189 1406 4257 imperatorem
1435 4188 1807 4258 perpulerunt,
1840 4196 1902 4242 ut

329 4286 594 4340 adversus
620 4282 926 4336 Eudoxium
991 4290 1046 4336 et
1079 4281 1377 4335 Anomoeos
1416 4281 1482 4335 ad
1532 4280 1901 4335 Antiochenos

308 4377 614 4434 scriberet.
640 4375 780 4431 Tum
812 4383 1016 4440 autem,
1044 4373 1149 4430 nisi
1174 4373 1350 4439 fallor,
1381 4373 1576 4428 accidit
1598 4373 1727 4427 illud
1757 4371 1899 4442 quod

2067 3367 2179 3421 Cur
2213 3375 2393 3420 autem
2425 3365 2477 3418 in
2529 3381 2732 3420 annum
2787 3364 2912 3430 558,
2961 3381 3068 3418 non
3103 3366 3438 3434 superiorem
3466 3407 3480 3431 ,
3514 3375 3571 3420 ut

1996 3458 2174 3511 caeteri
2195 3471 2408 3523 omnes,
2439 3455 2783 3526 Ancyranam
2808 3456 3273 3511 Setniarianorum
3304 3459 3570 3527 synodum

1997 3547 2359 3613 contulerim,
2411 3546 2685 3602 docebunt
2731 3548 2906 3601 allatae
2945 3562 2974 3600 a
3025 3563 3110 3603 me
3148 3557 3273 3602 ante
3315 3550 3568 3611 rationes,

1999 3656 2064 3694 ex
2112 3629 2312 3708 quibus
2346 3641 2658 3696 necessario
2711 3641 2827 3696 haec
2862 3650 3168 3710 temporum
3211 3642 3435 3710 partitio
3481 3642 3572 3696 de-

2003 3732 2241 3787 ducitur.

2076 3825 2234 3877 Anno
2267 3825 2486 3879 demum
2511 3823 2616 3879 359
2649 3824 2804 3877 tertia
2854 3824 2945 3878 illa
2995 3823 3312 3881 Sirmiensis
3344 3824 3575 3879 formula

2004 3932 2032 3970 a
2091 3917 2266 3971 Marco
2332 3917 2669 3980 Arethusio,
2736 3917 3204 3971 consuttientibus
3279 3915 3576 3971 Semiaria-

2005 4007 2091 4061 nis
2121 4047 2135 4071 ,
2175 4007 2319 4061 edita
2373 4017 2458 4062 est
2506 4008 2582 4060 uti
2643 4006 2892 4075 pluribus
2950 4015 3142 4076 postea
3191 4007 3573 4061 declarabitur.

2009 4098 2127 4166 Qua
2161 4099 2513 4168 conscripta,
2566 4097 2766 4154 Valens
2823 4098 2891 4152 ad
2946 4099 3348 4153 Ariminensem
3409 4112 3575 4167 syno-

2005 4189 2135 4243 dum
2183 4203 2305 4242 eam
2347 4188 2569 4250 detulit,
2603 4203 2724 4256 quae
2774 4187 2877 4243 hoc
2924 4202 3071 4242 anno
3117 4189 3186 4243 ab
3213 4186 3579 4242 Occidentali-

2008 4281 2112 4336 bus
2163 4280 2346 4334 habita
2373 4321 2386 4342 .
2422 4296 2545 4334 cum
2591 4279 2892 4334 Orientales
2953 4279 3217 4335 Seleucia:
3262 4281 3317 4334 ia
3369 4279 3578 4334 Isauria

2009 4372 2409 4426 convenissent.

970 4737 1076 4798 DE
1120 4734 1571 4797 VETERIBUS
1623 4733 2086 4808 QUIBUSDAM
2139 4735 2540 4796 ECCLESIIE
2603 4737 2936 4801 RITIBUS.

1361 4927 1434 4978 Ad
1485 4923 1896 4994 Expositionem
1941 4919 2085 4984 fidei,
2128 4922 2232 4974 col.
2274 4921 2378 4975 884
2409 4938 2561 4994 seqq.

1923 5069 1992 5083 —

402 5196 520 5251 Col.
543 5195 646 5251 884
669 5195 732 5251 Α.
753 5196 862 5249 Καὶ
893 5195 1124 5264 πρῶτον
1145 5196 1260 5264 μὲν
1286 5201 1520 5264 κρηπίς.
1538 5196 1779 5252 Primum
1811 5197 1893 5252 Eo

2089 5196 2164 5252 De
2197 5197 2494 5268 virginibus
2549 5199 2846 5268 praasertim
2898 5197 3116 5255 feminis
3165 5210 3294 5255 nota
3337 5217 3425 5257 res
3476 5212 3580 5266 est,

320 5292 516 5346 ~clesia‘:
542 5290 739 5345 veteris
769 5289 1095 5354 institutum,
1126 5289 1268 5358 quod
1294 5289 1560 5360 hodieque
1589 5289 1640 5343 in
1662 5289 1905 5343 Romana
2012 5305 2175 5359 quam
2211 5291 2469 5359 antiquus
2514 5291 2564 5343 in
2598 5290 2857 5355 Ecclesia,
2890 5307 3163 5363 quamque
3207 5294 3460 5363 capiosus
3494 5294 3584 5348 ille

325 5381 619 5445 retinetur,
656 5380 709 5433 in
735 5379 997 5449 graduum
1030 5379 1390 5449 ordinumque
1418 5379 1732 5435 discrimine
1759 5379 1908 5447 posi-
2016 5380 2152 5433 ordo
2181 5378 2361 5433 fuerit.
2397 5379 2646 5435 Justinus
2683 5380 2902 5451 Apolog.
2930 5379 2974 5433 ll
3009 5399 3023 5435 :
3055 5382 3164 5435 Καὶ
3187 5383 3372 5436 πολλοί
3419 5400 3581 5447 τινες,

329 5481 454 5526 tum
493 5481 594 5526 est.
617 5468 751 5524 Nam
782 5471 1033 5540 princeps
1061 5469 1304 5524 omnium
1345 5486 1407 5524 ac
1430 5469 1893 5540 praestantissimus

2015 5471 2110 5523 καὶ
2141 5469 2332 5523 πολλαὶ
2359 5469 2758 5542 ὲξηκοντοῦται,
2787 5473 2881 5525 καὶ
2911 5473 3416 5544 ἑϐδομηκοντοῦται,
3440 5475 3488 5527 οἳ
3518 5477 3584 5528 ὲκ

332 5570 422 5617 est
455 5562 723 5632 virginum
766 5561 922 5624 ordo,
953 5561 1046 5630 qui
1091 5561 1144 5615 in
1183 5569 1411 5630 utroque
1455 5576 1585 5616 sexu
1629 5561 1871 5616 cernitur

2016 5563 2221 5616 παίδων
2256 5563 2700 5635 ὲμαθητεύθησαν
2735 5565 2813 5635 τῷ
2850 5566 3090 5637 Χριστῷ,
3136 5567 3357 5638 ἄφθοροι
3399 5567 3585 5634 διαμέ-

331 5668 576 5723 quocum
604 5653 966 5708 monasticnm
997 5653 1118 5708 vitae
1147 5669 1316 5724 genus
1341 5653 1702 5725 conjungitnr.
1727 5652 1915 5708 Proxi-
2015 5671 2181 5708 γουσι.
2216 5653 2352 5709 Hinc
2389 5654 2622 5711 Faustus
2662 5656 2751 5710 ille
2793 5655 3122 5712 Manicbzeus
3151 5660 3294 5727 apud
3328 5658 3586 5729 Augusti-

333 5758 463 5798 mus
512 5743 640 5797 huic
666 5743 1010 5797 continentia:
1052 5745 1250 5813 gradus
1288 5752 1388 5812 est,
1414 5754 1527 5800 tum
1563 5745 1817 5811 viduitas,
1847 5759 1912 5799 ac
2014 5760 2143 5798 num
2181 5745 2272 5798 lib.
2307 5761 2413 5797 xxx
2455 5760 2578 5799 cum
2625 5747 2918 5801 catholicos
2970 5748 3408 5816 reprehenderet,
3439 5747 3584 5816 quod

344 5844 615 5902 postremo
641 5837 757 5890 loco
787 5835 1121 5904 conjugium,
2014 5834 2419 5889 matrimonium
2473 5835 2811 5903 damnarent,
2843 5835 3082 5894 vicissim
3124 5837 3392 5891 infinitum
3442 5836 3582 5905 apud
