4054 6404
523 406 660 464 1073

1310 417 1400 473 DE
1444 417 1831 475 VETERIBUS
1867 418 2270 487 QUIBUSDAM
2310 418 2666 478 ECCLESIAE
2702 418 2998 474 RITIBUS.

3642 415 3785 472 i071

518 525 643 591 mils.
670 526 937 597 Virginum
992 543 1282 585 numerum
1331 535 1684 603 opponebat:
1721 533 1789 589 Ut
1828 551 1954 605 pene
1974 535 2093 604 jam
2124 543 2167 597 Λ
2202 534 2347 599 sint,
2402 550 2564 604 neque
2617 532 3007 587 clandestinum
3066 531 3463 585 matmnonium
3528 531 3783 597 inierint,

517 618 713 686 major,
741 618 937 689 inquit,
978 621 1034 674 in
1086 620 1335 677 Ecclesiis
1378 626 1621 680 omnibus
1653 627 1912 698 rirginum
1962 627 2104 696 apud

515 725 624 774 vos,
647 726 808 779 quam
831 711 1112 765 mulierum
1128 715 1478 769 numerositas
1499 717 1775 771 habeatur.
1800 717 1903 772 Cui
1923 718 2101 789 plane;

519 810 580 854 nt
636 815 738 854 nos
771 801 1038 857 haereticis
1066 804 1343 860 hodiernis
1377 807 1640 870 solemus,
1669 810 1964 877 respondet
1993 810 2107 863 Au-

514 890 767 959 gustinus
793 933 809 957 ,
845 892 919 947 ita
952 893 1315 965 virginitatem
1336 898 1388 950 in
1432 896 1676 952 Ecclesia
1707 900 2104 966 commendari,

517 984 595 1037 uti
653 985 861 1053 nuptias
923 1001 1266 1056 nequaquam
1336 989 1730 1059 improbentur.
1781 992 2105 1048 Ammianus

512 1074 868 1131 Marcellinus
909 1086 1103 1132 auctor
1156 1080 1410 1136 ethnicus
1455 1082 1507 1134 in
1542 1082 1691 1137 calce
1744 1083 1839 1138 lib.
1868 1100 1998 1138 xvin
2032 1085 2105 1138 De

512 1164 716 1234 Sapore
745 1183 765 1221 :
801 1166 1053 1224 Inventas
1118 1180 1289 1224 tamen
1340 1172 1477 1226 alias
1526 1174 1748 1242 virgines
1800 1174 2109 1231 Christiano.

512 1259 623 1311 ritu
661 1259 833 1313 cultui
879 1259 1057 1315 divino
1081 1272 1344 1327 sacratas,
1371 1266 1628 1319 custodiri
1661 1267 1910 1333 intactas,
1945 1277 1994 1322 et
2025 1285 2106 1322 re-

511 1346 698 1419 ligioni
739 1352 930 1406 servire
967 1353 1121 1407 solito
1162 1371 1338 1420 more,
1406 1356 1551 1412 nullo
1580 1368 1807 1423 vetante,
1837 1360 2100 1429 pra’cipit.

511 1440 664 1495 Pleni
694 1450 823 1497 sunt
870 1441 1213 1511 Tertulliani,
1259 1445 1538 1517 Cypriani,
1583 1449 1831 1503 omnium
1868 1451 2106 1521 denique

510 1533 1005 1590 vetustissimorum
1055 1533 1277 1591 Patrum
1340 1538 1462 1592 libri
1506 1578 1522 1602 ,
1601 1550 1658 1595 ut
1712 1540 2102 1613 Augnsunnm,

511 1621 924 1696 Hieronymum,
958 1629 1309 1685 Ambrosium
1374 1631 1619 1703 aliosque
1651 1643 1989 1702 praeteream,
2015 1652 2105 1691 sa-

510 1735 730 1775 crarum
764 1722 1042 1777 mentione
1083 1722 1380 1794 virginum,
1408 1741 1548 1795 quas
1597 1724 1709 1781 Deo
1754 1740 2104 1784 consecratas

507 1823 563 1866 et
610 1823 736 1868 voto
786 1814 950 1869 etiam
1004 1815 1321 1881 obstrictas,
1375 1816 1468 1873 Dei
1519 1830 1686 1891 atque
1737 1818 1996 1875 Ecclesiae
2044 1836 2104 1875 se

2205 626 2395 696 exiguo
2460 637 2689 696 tempore
2742 625 3057 696 interlapso,
3120 633 3397 695 postquam
3444 623 3680 692 precibus
3735 635 3788 679 et

2197 717 2420 787 jejuniis
2444 720 2766 783 vacaverint,
2792 719 3088 773 communio
3118 717 3226 771 illis
3260 715 3617 787 indulgeatur.
3647 714 3786 773 Neo-

2206 809 2527 864 caesariense
2564 825 2716 873 vero,
2769 826 2893 866 can.
2940 810 2971 862 7
3009 828 3022 865 :
3068 808 3442 882 Πρεσϐύτερον
3465 810 3545 871 είς
3576 807 3789 879 γάμους

2204 900 2580 972 διγαμούντων
2606 903 2679 974 μὴ
2706 901 2989 956 ἑστιᾶσθαι
3008 917 3024 933 ο
3050 901 3172 954 ἐπεὶ
3191 900 3479 972 μετάνοιαν
3511 900 3784 964 αἰτοῦντος

2204 992 2299 1045 τοῦ
2336 992 2602 1065 διγάμου,
2647 994 2731 1058 τίς
2778 992 2931 1047 ἔσται
2975 994 3004 1047 ὁ
3050 992 3452 1065 πρεσϐύτερος,
3498 994 3527 1045 ὁ
3565 990 3654 1045 διὰ
3688 991 3789 1063 τῆς

2206 1085 2500 1151 ἑστιάσεως
2524 1085 3050 1157 συγκατατιθέμενος
3075 1089 3186 1148 τοῖς
3215 1085 3447 1155 γάμοις;
3472 1081 3624 1138 Vetat
3661 1098 3792 1154 pre-

2206 1179 2484 1247 sbyterum
2513 1179 2856 1249 digamorum
2897 1177 3105 1247 nuptiis
3136 1178 3420 1242 interesse,
3453 1191 3519 1230 ne
3548 1191 3790 1246 praesen-

2206 1270 2279 1324 tia
2322 1286 2418 1326 sua
2459 1271 2573 1328 illis
2609 1271 2898 1343 suffragari
2943 1272 3211 1326 videatur.
3243 1269 3324 1324 Ad
3358 1271 3472 1326 haec
3503 1272 3790 1342 Ancyrana

2206 1365 2444 1434 synodus
2475 1379 2600 1419 can.
2648 1363 2716 1419 i9
2756 1364 2950 1434 jubet,
2984 1372 3046 1419 ut
3075 1363 3168 1433 qui
3207 1362 3594 1433 virginitatem,
3621 1378 3785 1433 quam

2207 1455 2318 1510 Deo
2364 1456 2805 1525 spoponderant,
2853 1455 3131 1519 violarint,
3187 1456 3375 1511 eadem
3425 1470 3531 1526 qua
3585 1454 3790 1524 digami

2205 1561 2368 1616 paena
2428 1529 2800 1601 coerceantur.
2851 1547 3088 1617 Apparet
3142 1546 3308 1616 igitur
3354 1545 3603 1617 digamos
3657 1545 3789 1600 olim

2205 1636 2503 1707 ignominia
2559 1646 2792 1702 notatos,
2841 1649 2893 1693 et
2947 1638 3012 1693 ad
3065 1638 3337 1708 publicam
3388 1637 3787 1708 pmniteutiam,

2206 1728 2299 1783 sed
2356 1743 2477 1783 eam
2530 1728 2845 1798 perbrevem
2902 1744 2967 1784 ac
3015 1727 3434 1783 tolerabiliorem
3459 1767 3475 1791 ,
3533 1726 3790 1782 astrictos

2206 1817 2396 1873 fuisse.
2447 1816 2565 1872 Jam
2612 1832 2779 1888 supra
2830 1818 3067 1873 vidimus
3113 1832 3281 1888 quam
3332 1832 3523 1873 severa
3571 1815 3789 1871 concilii

509 1906 791 1975 obsequiis
846 1907 1124 1963 addixisse
1147 1916 1434 1963 testantur.
1482 1908 1539 1965 In
1584 1912 1873 1982 Ancyrano
1912 1911 2100 1967 conci-
2133 1901 2174 1956 Β
2203 1907 2522 1962 Eliberitani
2557 1910 2768 1964 sanctio
2801 1907 2983 1974 fuerit,
3013 1924 3135 1964 cum
3190 1908 3246 1962 in
3283 1906 3539 1978 praesenti
3567 1905 3789 1961 naufra-

509 1998 604 2061 lio,
630 2013 752 2052 can.
796 1998 866 2054 19
897 2018 910 2054 ;
944 1999 1099 2054 Ὅσοι
1133 2000 1434 2073 παρθενίαν
1474 1990 1937 2076 ἐπαγγελλόμενοι
1981 2004 2105 2058 ἀθε-

510 2087 663 2140 τοῦσι
726 2086 825 2159 τὴν
881 2090 1246 2159 ἐπαγγελλίαν
1270 2132 1286 2159 ,
1355 2092 1447 2146 τὸν
1504 2092 1612 2146 τῶν
1671 2093 1917 2165 διγάμων
1974 2095 2101 2166 ὅρον

510 2179 989 2250 ἐκπληρούτωσαν.
1046 2182 1492 2240 Chalcedonense
1554 2202 1725 2251 vero,
1781 2202 1904 2242 can.
1970 2188 2038 2243 l6
2086 2206 2100 2245 :

513 2270 783 2343 Παρθένον
826 2273 1022 2344 ἑαυτὴν
1046 2275 1339 2330 ἀναθεῖσαν
1379 2276 1459 2348 τῷ
1485 2278 1730 2350 Δεσπότῃ
1756 2278 1898 2350 Θεῷ,
1927 2279 2105 2334 ὡσαύ-

509 2380 618 2427 τως
645 2364 701 2417 δὲ
725 2367 819 2418 καὶ
846 2365 1167 2436 μονάζοντα,
1198 2369 1293 2421 καὶ⁹
1324 2369 1399 2439 μὴ
1422 2368 1622 2434 ἐξεῖναι
1643 2371 1807 2443 γάμῳ
1839 2389 2104 2443 προσομι-

511 2456 649 2511 λείν⁹
688 2459 737 2511 εί
789 2458 844 2510 δέ
882 2476 946 2528 γε
997 2460 1270 2531 εὑρεθεῖεν
1302 2460 1462 2515 τοῦτο
1512 2463 1812 2528 ποιοῦντες,
1858 2463 2101 2518 ἔστωσαν

511 2548 885 2621 ἀκοινώνητοι.
927 2551 1263 2622 Epiphanius
1312 2564 1495 2610 noster
1547 2556 1601 2608 in
1641 2556 1912 2626 Angelicis
1965 2557 2096 2610 liter.

511 2644 601 2711 60,
634 2661 689 2699 n.
720 2646 775 2709 7,
802 2645 961 2700 docet
993 2645 1251 2716 virgines,
1285 2661 1315 2700 a
1341 2647 1542 2715 quibus
1577 2648 1904 2715 virginitatis
1938 2664 2103 2717 spon-

512 2735 619 2799 sio,
649 2751 815 2805 quam
847 2736 1136 2808 ὁμολογίαν
1177 2737 1446 2802 nominat,
1480 2738 1682 2793 violata
1731 2740 1799 2793 sit
1821 2781 1835 2802 ,
1882 2740 2103 2794 consul-

512 2827 621 2881 tius
663 2827 860 2893 facere,
897 2828 944 2884 si
977 2844 1037 2884 se
1081 2829 1340 2898 legitimis
1368 2829 1571 2899 nuptiis
1626 2830 1853 2901 illigent,
1884 2841 1944 2886 ut
1979 2838 2105 2901 post

513 2918 828 2975 diuturnam
853 2921 1231 2990 ptenitentiam
1264 2922 1518 2978 Ecclesiae
1537 2924 1975 2979 communionem
2002 2926 2103 2979 im-

515 3020 751 3080 petrent.
780 3011 1032 3068 Nondum
1067 3013 1275 3069 scilicet
1305 3028 1370 3068 ea
1406 3014 1630 3082 sponsio
1679 3024 1841 3070 tantae
1884 3016 2097 3087 religio-

517 3104 605 3157 nis
630 3112 766 3168 erat,
794 3114 854 3159 ut
887 3104 1101 3159 irritum
1136 3104 1546 3159 matrimonium
1577 3104 1801 3160 faceret.
1834 3104 1967 3162 Vide
1995 3106 2102 3179 Cy-

516 3193 766 3261 prianum
803 3192 976 3263 Epist.
1015 3196 1084 3248 ad
1118 3194 1491 3264 Pomponium,
1521 3197 1680 3265 cujus
1720 3197 1934 3251 initium
1965 3208 2051 3252 est
2083 3216 2097 3252 :

515 3283 759 3354 Legimus
785 3285 994 3341 litteras
1027 3298 1166 3341 tuas.
1199 3287 1290 3342 Sic
1308 3286 1654 3343 Valentinum
1679 3290 1965 3345 concilium
1995 3290 2099 3345 sub

516 3372 770 3439 Damaso,
797 3390 918 3430 can.
947 3378 1003 3441 2,
1072 3376 1334 3447 Virgines,
1363 3396 1480 3448 qua:
1523 3396 1577 3433 se
1615 3379 1723 3434 Deo
1753 3393 2019 3445 voverunt,
2051 3382 2099 3436 si

517 3466 588 3517 ad
625 3476 858 3522 terrenas
915 3469 1126 3538 nuptias
1172 3470 1500 3538 transierint,
1550 3473 1912 3541 pcenitentiam
1947 3490 2100 3544 agere

513 3555 687 3627 jubet.
719 3558 807 3613 Eae
836 3576 998 3629 porro
1028 3563 1098 3616 ab
1126 3563 1382 3634 episcopo
1410 3565 1891 3621 consecrabantur.
1940 3565 2098 3633 Quod

517 3665 588 3703 ne
641 3652 952 3708 sacerdotes
999 3667 1346 3723 usurparent,
1394 3657 1593 3726 saipius
1646 3657 2012 3723 interdictum,
2042 3666 2101 3712 ut

517 3742 773 3812 Cartbag.
816 3759 853 3796 ιι
900 3753 955 3798 et
1006 3761 1083 3798 ιιι.
1111 3744 1343 3802 Basilius
1398 3747 1480 3800 Ad
1514 3748 1767 3817 Amphil.,
1819 3765 1943 3804 can.
2008 3750 2095 3813 18,

518 3833 733 3888 illarum
784 3835 1074 3905 ὁμολογίαν
1115 3838 1286 3907 excipi
1331 3838 1486 3908 jubet
1537 3854 1682 3892 anno
1714 3841 1891 3894 aetatis
1925 3840 1990 3894 16
2018 3841 2100 3894 vel

520 3925 608 3978 17.
640 3923 893 3981 Severius
919 3927 1226 3997 Agathense
1251 3928 1477 3994 concil.,
1508 3944 1629 3984 can.
1662 3930 1765 3985 l9:
1801 3929 2100 3985 Sanctimo-

520 4017 705 4080 niales,
753 4020 1133 4087 quantumlibet
1181 4022 1287 4073 vita
1338 4038 1522 4075 earum
1562 4032 1611 4075 et
1669 4038 1837 4077 mores
1892 4023 2101 4093 probati

519 4109 647 4171 sint,
681 4118 802 4162 ante
835 4126 1035 4163 annum
1065 4113 1238 4165 (etatis
1266 4129 1377 4166 sure
1407 4112 1476 4166 40
1506 4129 1609 4167 non
1634 4116 1885 4169 velentur.

589 4198 707 4252 Col.
728 4197 832 4254 884
852 4201 915 4253 Α.
941 4204 1003 4255 El
1029 4201 1096 4255 δέ
1110 4219 1199 4267 τις
1218 4203 1697 4272 τελευτησάσης.
1716 4203 1774 4259 lu
1795 4206 1986 4261 haeresi
2008 4207 2098 4269 59,

520 4307 577 4345 n.
614 4291 697 4353 14,
733 4292 954 4347 tolerari
981 4294 1335 4349 nihilominus
1370 4295 1490 4350 illos
1514 4297 1568 4350 in
1599 4296 1839 4353 Ecclesia
1864 4297 2096 4360 dixerat,

519 4382 613 4453 qui
644 4391 766 4451 post
796 4383 1086 4437 divortium
1114 4385 1246 4439 alias
1291 4402 1486 4441 uxores
1517 4387 1620 4442 sibi
1661 4389 1995 4458 copularent.
2025 4389 2100 4444 De

519 4491 630 4544 quo
651 4474 717 4528 ad
741 4474 889 4529 illum
914 4475 1091 4530 locum
1126 4479 1385 4534 nonnulla
1407 4479 1748 4549 scripsimus.
1772 4479 1869 4536 Hic
1893 4490 2096 4545 autem,

2218 1999 2290 2071 gii
2329 2000 2631 2069 mortisque
2655 1999 2899 2068 periculo
2930 2016 2961 2056 a
2991 2014 3321 2070 quocunque
3366 1997 3630 2067 baptizari
3659 2012 3787 2068 per-

2204 2090 2389 2153 mittit,
2422 2090 2656 2161 digamis
2684 2090 2950 2145 duntaxat
2979 2090 3244 2160 exceptis.
3283 2087 3387 2145 Sed
3434 2088 3791 2146 nihilominus

2205 2183 2259 2237 in
2291 2182 2589 2238 Ecclesiam
2639 2184 2840 2254 recepti
2890 2192 3014 2238 sunt
3064 2182 3287 2254 digami,
3335 2191 3390 2237 et
3434 2183 3683 2252 quicum
3719 2181 3789 2239 iis

2204 2274 2616 2330 communicare
2643 2275 2846 2331 nollent
2876 2289 2976 2344 pro
3008 2274 3277 2331 haereticis
3309 2273 3498 2329 habiti.
3534 2272 3671 2328 Hinc
3702 2272 3790 2327 Ni-

2204 2381 2439 2429 caenum,
2477 2381 2597 2421 can.
2642 2366 2698 2432 8,
2739 2382 2863 2423 cum
2893 2364 3209 2422 Novatianis
3258 2366 3527 2421 haereticis
3574 2365 3790 2436 profes-

2204 2457 2377 2512 sionis
2406 2454 2697 2513 formulam
2727 2458 3049 2528 praescribit,
3094 2459 3394 2514 secundum
3441 2473 3604 2528 quam
3639 2474 3790 2514 recc-

2203 2556 2329 2618 ptus
2365 2549 2475 2603 illis
2529 2548 2598 2603 ad
2648 2549 2948 2604 Ecclesiam
3005 2558 3187 2619 pateat
3239 2571 3251 2605 :
3303 2547 3418 2622 Πρὺ
3465 2548 3681 2604 πάντων
3730 2549 3788 2603 δὲ

2202 2636 2383 2700 τοῦτο,
2433 2636 2631 2706 inquit,
2663 2636 2997 2709 ὁμολογῆσαι
3049 2638 3247 2702 αὐτοὺς
3298 2637 3590 2711 ἐγγράφως
3629 2656 3791 2710 προσ-

2203 2729 2346 2800 ήκει,
2379 2729 2461 2782 ὅτι
2505 2729 2857 2803 συνθήσονται
2922 2730 3016 2784 καὶ
3050 2729 3476 2801 ἀκολουθήσουσι
3522 2734 3636 2794 τοῖς
3690 2732 3790 2802 τῆς

2206 2818 2504 2890 καθολικῆς
2565 2821 2662 2875 καὶ
2723 2822 3088 2893 ἀωστολικῆς
3146 2821 3469 2894 Ἐκκλησίας
3516 2823 3785 2893 δόγμασι,

2201 2912 2444 2965 τουτέστι
2479 2913 2573 2966 καὶ
2603 2913 2854 2984 διγὰμοις
2892 2917 3199 2979 κοινωνεῖν,
3237 2916 3330 2969 καὶ
3354 2919 3467 2979 τοῖς
3512 2917 3569 2968 ἐν
3605 2914 3682 2986 τῷ
3718 2914 3790 2969 δι-

2200 3002 2375 3073 ωγμῷ
2404 3004 2902 3076 παραπεπτωκόσιν
2926 3023 2939 3036 ·
2966 3007 3103 3059 Ante
3123 3008 3303 3060 omnia
3324 3009 3521 3077 scripto
3551 3007 3787 3077 proﬁteri

2202 3095 2323 3150 illos
2352 3106 2573 3165 oportet.
2610 3114 2951 3152 consensuros
2984 3115 3038 3152 se
3100 3107 3256 3168 atque
3317 3104 3650 3169 amplexuros
3697 3116 3790 3154 ca-

2204 3186 2412 3241 tholica:
2463 3198 2514 3242 et
2558 3188 2865 3258 apostolica:
2904 3187 3156 3243 Ecclesia:
3205 3190 3456 3259 dogmata
3486 3208 3505 3245 .'
3535 3193 3789 3248 nimirum

2203 3287 2263 3331 ut
2303 3295 2422 3332 cum
2467 3279 2693 3349 digamis
2736 3281 3136 3345 communicent,
3171 3281 3337 3350 iisque
3379 3280 3470 3350 qui
3514 3281 3569 3335 in
3611 3298 3787 3351 perse-

2201 3373 2406 3425 cutione
2436 3370 2576 3440 lapsi
2604 3381 2748 3425 sunt.
2794 3371 2900 3426 Sed
2953 3373 3177 3442 quinam
3224 3372 3425 3443 digami
3476 3372 3554 3427 illi
3585 3372 3787 3428 fuerint

2199 3464 2480 3533 queritur.
2512 3461 2649 3518 Nam
2669 3463 3102 3533 jurisconsultus
3128 3464 3372 3533 quidam,
3403 3466 3497 3535 qui
3530 3465 3585 3519 in
3613 3481 3786 3521 cano-

2200 3574 2330 3612 num
2368 3557 2625 3614 Ecclesiae
2645 3560 2887 3614 codicem
2918 3570 3076 3615 notas
3100 3559 3292 3625 edidit,
3315 3562 3477 3633 vulgo
3502 3561 3613 3617 fere
3640 3563 3788 3633 igno-

2199 3660 2313 3705 tutu
2349 3667 2472 3707 esse
2501 3651 2651 3707 dicit.
2708 3650 2827 3720 Ipse
2872 3662 3054 3707 autem
3116 3661 3225 3708 tres
3280 3654 3533 3724 digamiae
3576 3656 3786 3724 species

2200 3742 2430 3812 explicat
2470 3761 2486 3796 :
2536 3743 2712 3812 prima
2756 3751 2858 3806 est.
2914 3758 3040 3800 cum
3093 3743 3284 3799 eodem
3335 3753 3578 3815 tempore
3626 3745 3785 3801 binas

2200 3849 2399 3887 uxores
2429 3834 2706 3904 quispiam
2760 3836 2941 3901 habet,
2971 3836 3116 3905 quod
3149 3836 3280 3890 olim
3313 3834 3514 3892 Judaais
3551 3836 3786 3905 licitum,

2201 3923 2464 3980 Romanis
2515 3926 2725 3996 legibus
2775 3926 3107 3996 prohibitum
3153 3926 3293 3994 fuit;
3343 3929 3511 3983 altera
3542 3938 3783 3996 est,cum

2200 4017 2325 4086 quis
2355 4028 2528 4073 morte
2553 4019 2751 4087 prioris
2784 4018 3036 4089 conjugis
3078 4019 3261 4074 soluto
3292 4020 3664 4084 matrimonio,
3696 4034 3785 4076 se-

2200 4109 2408 4164 cundas
2438 4109 2654 4178 nuptias
2683 4110 2991 4178 contrahit;
3024 4111 3204 4177 tertia,
3236 4127 3402 4182 quam
3437 4113 3600 4183 vulgo
3626 4113 3788 4185 igno-

2204 4206 2310 4253 tam
2343 4214 2465 4254 esse
2506 4200 2715 4265 statuit,
2753 4211 2837 4256 rst
2875 4216 3022 4265 cum,
3070 4213 3222 4258 extra
3248 4217 3470 4258 causam
3511 4202 3803 4267 adulterii,-

2202 4290 2486 4359 repudiata
2512 4291 2765 4361 conjuge,
2791 4291 2960 4345 altera
2988 4293 3447 4363 superinducitur.
3470 4292 3604 4348 Cum
3633 4291 3781 4348 enim

2202 4383 2367 4436 variae
2395 4381 2612 4437 divortii
2638 4398 2820 4437 causa).
2847 4384 2983 4437 citra
3003 4383 3328 4438 adulterium
3360 4383 3544 4439 saeculi
3573 4383 3787 4454 legibus

2202 4473 2331 4528 olim
2364 4480 2591 4542 recepta:
2616 4472 2839 4538 fuerint,
2870 4488 3153 4542 nunquam
3191 4474 3434 4529 Ecclesia
3459 4474 3580 4529 illas
3608 4474 3783 4529 admi-

520 4582 644 4619 cum
680 4566 950 4635 legitimos
979 4567 1185 4622 scilicet
1220 4578 1273 4622 et
1309 4579 1551 4639 receptos
1579 4571 1648 4627 ab
1672 4570 1914 4628 Ecclesia
1946 4574 2095 4628 ordi-
2128 4578 2173 4633 Β
2202 4565 2292 4621 sit.
2320 4563 2585 4631 Quocirca
2613 4564 2709 4633 qui
2745 4564 2867 4619 aliis
2896 4564 2963 4619 de
3003 4565 3209 4628 causis.
3240 4581 3404 4635 quam
3429 4575 3646 4636 Propter
3684 4564 3783 4620 3d-

522 4674 619 4712 nes
658 4668 712 4712 et
748 4659 948 4729 gradus
996 4672 1357 4729 percenseret,
1391 4663 1674 4733 diligenter
1699 4665 2004 4720 cautionem
2036 4666 2101 4719 il-

522 4749 628 4802 lam
664 4750 933 4818 apposuit,
966 4752 1180 4805 nonnisi
1215 4762 1335 4821 post
1366 4754 1561 4822 prioris
1595 4755 1841 4825 conjugis
1868 4765 2099 4811 mortem

523 4839 792 4895 Secundus
824 4841 1043 4911 nuptias
1095 4843 1407 4912 approbari,
1438 4846 1563 4907 etsi,
1598 4846 1677 4901 uti
1721 4846 1983 4911 diximus,
2018 4849 2100 4903 al-

522 4932 689 4987 terius
720 4932 930 5001 generis
960 4942 1236 5004 utcunque
1280 4936 1598 4992 tolerentur.
1641 4938 1965 5010 Quanquam
2000 4940 2102 4995 ad-

521 5039 716 5079 versus
760 5024 1025 5094 digamos,
1061 5026 1175 5094 qui,
1213 5027 1392 5094 priore
1439 5043 1669 5095 inerma,
1699 5031 1922 5085 alteram
1960 5047 2100 5086 uxo-

523 5129 638 5168 rem
689 5114 968 5176 ducerent,
1023 5116 1264 5169 severior
1304 5116 1444 5184 apud
1501 5117 1754 5186 antiquos
1814 5118 2101 5188 disciplina

527 5202 649 5260 fuit.
698 5201 832 5256 Nam
876 5218 1032 5258 conc.
1069 5202 1262 5268 Laod..
1296 5222 1419 5260 can.
1470 5206 1521 5271 l,
1570 5207 1642 5261 ila
1683 5209 1863 5263 sanxit
1903 5227 1917 5264 :
1970 5211 2103 5281 Περὶ

526 5295 619 5349 τοῦ
675 5295 783 5349 δεῖν
832 5297 972 5349 κατὰ
1014 5295 1104 5350 τὸν
1157 5298 1608 5367 ἐκκλησιαστικὸν
1678 5301 1915 5363 κανόνα,
1977 5304 2105 5365 τοὺς

528 5384 820 5457 ἐλευθέρως
858 5385 953 5438 καὶ
991 5387 1233 5456 νομίμως
1269 5387 1634 5457 συναφθέντας
1694 5389 1966 5461 δευτέροις
2005 5391 2105 5458 γά-

529 5492 683 5547 μοις,
745 5475 819 5546 μὴ
867 5475 1243 5546 λαθρογαμίαν
1294 5480 1623 5548 ποιήσαντας
1674 5479 1854 5548 ὀλίγου
1912 5482 2107 5552 χρόνου

529 5565 908 5636 παρελθόντος,
935 5566 1031 5620 καὶ
1078 5568 1453 5638 σχολασάντων
1483 5574 1603 5635 ταῖς
1640 5576 1969 5642 προσευχαῖς
2012 5573 2105 5627 καὶ

528 5658 822 5729 νηστείαις,
861 5659 1004 5713 κατὰ
1050 5660 1378 5733 συγγνώμην
1415 5663 1760 5719 ἀποδίδοσθαι
1786 5665 1969 5730 αὐτοῖς
2006 5666 2106 5737 τὴν

528 5752 811 5806 κοινωνίαν
848 5752 1158 5825 ὡρίσαμεν·
1203 5753 1273 5809 Ut
1318 5756 1605 5810 secundum
1650 5755 1900 5812 Ecclesiae
1943 5774 2105 5812 cano-

530 5858 645 5898 nem
691 5846 780 5917 qui
819 5844 977 5902 libere
1015 5864 1076 5901 ac
1114 5847 1343 5919 legitime
1380 5849 1623 5906 secundis
1670 5849 1872 5920 nuptiis
1912 5849 2110 5922 illigati

2202 4658 2481 4719 ulterium,
2522 4672 2692 4711 uxore
2728 4657 2976 4721 dimissa,
3029 4672 3153 4713 cum
3205 4659 3308 4712 alia
3342 4658 3654 4727 conjugium
3690 4672 3782 4713 so-

2200 4750 2390 4815 ciaret,
2426 4750 2534 4813 hic,
2567 4750 2641 4803 ait
2666 4751 3098 4819 jurisconsultus
3145 4751 3256 4816 ille,
3297 4753 3548 4822 digamus
3584 4767 3782 4807 cense-

2202 4840 2382 4902 batur,
2415 4840 2575 4910 eique
2605 4840 2869 4896 canonica
2898 4842 2986 4895 illa
3020 4842 3209 4905 multa,
3274 4844 3432 4912 cujus
3470 4840 3777 4899 Neocaesar.

2201 4941 2257 4987 et
2290 4931 2508 4987 Laodic.
2551 4933 2941 4997 meminerunt,
2987 4934 3349 5005 irrogaliatur.
3387 4934 3464 4989 Ex
3501 4950 3609 5005 qua
3652 4950 3781 4990 ora-

2204 5024 2350 5079 tione
2376 5026 2642 5095 sequitur,
2674 5027 2921 5096 digamos
2951 5025 3096 5092 illos,
3131 5028 3246 5098 qui,
3282 5038 3497 5082 mortua
3526 5028 3777 5098 conjuge,

2203 5118 2356 5171 alteri
2391 5132 2450 5172 se
2482 5119 2819 5187 copularent,
2886 5120 3067 5175 multa:
3103 5120 3266 5191 hujus
3295 5130 3543 5191 expertes
3586 5119 3795 5176 fuisse.‘

2206 5210 2311 5266 Sed
2353 5214 2468 5268 llaec
2512 5213 2763 5283 digamiae
2793 5226 2991 5284 genera
3039 5214 3138 5268 tria
3187 5230 3361 5285 neque
3408 5215 3589 5284 ignota
3617 5215 3781 5284 vulgo

2205 5314 2381 5368 erant,
2414 5320 2588 5374 neque
2620 5305 2687 5358 ad
2721 5321 2833 5357 rem
2860 5305 3149 5373 pertinent,
3202 5313 3522 5375 constatque
3570 5305 3636 5359 ad
3679 5321 3778 5375 po-

2206 5404 2442 5450 stremos
2465 5395 2586 5448 illos
2610 5394 2858 5464 digamos
2884 5403 2993 5448 tres
3020 5394 3143 5447 illos
3168 5392 3389 5447 totidem
3420 5392 3774 5446 conciliorum

2205 5488 2400 5542 citatos
2430 5502 2669 5541 canones
2712 5487 2979 5547 pertinere
3045 5483 3179 5539 Nam
3230 5483 3591 5538 Laodicenum
3624 5483 3776 5552 diga-

2207 5592 2327 5632 mos
2356 5591 2473 5639 eos,
2529 5577 2597 5630 de
2646 5576 2845 5645 quibus
2889 5576 3149 5646 loquitur,
3205 5574 3437 5645 appellat
3480 5572 3781 5645 ἐλευθέρως

2208 5669 2301 5721 καὶ
2326 5668 2570 5739 νομίμως
2594 5666 2962 5736 συναφθέντας
2992 5665 3265 5738 δευτέροις
3295 5664 3524 5735 γάμοις,
3552 5663 3782 5735 legitime

2209 5777 2272 5813 ac
2312 5761 2469 5816 libere
2499 5759 2738 5831 secundis
2789 5759 2986 5829 nuptiis
3024 5758 3284 5830 illigatos,
3321 5758 3423 5813 hoc
3458 5765 3542 5812 est
3585 5756 3678 5827 qui
3711 5754 3782 5810 li-

2210 5851 2387 5908 centia
2420 5860 2474 5908 et
2513 5849 2766 5907 facultate
2806 5850 2907 5906 sibi
2940 5865 2973 5906 a
3009 5848 3227 5907 Christo
3271 5858 3324 5904 et
3369 5847 3606 5904 Ecclesia
3649 5860 3780 5902 con-
