4054 6404
386 369 526 426 1075

1519 371 1857 428 APPENDIX
1894 372 2515 431 DISSERTATIONUM.

3509 377 3530 429 i
3541 375 3640 431 076

381 501 538 542 cessa
567 485 650 540 usi
697 485 894 552 forent,
924 487 1128 558 quique
1185 487 1237 541 id
1293 488 1528 560 legitime
1585 489 1858 547 fecissent.
1907 491 1962 546 ln
1995 499 2040 556 Α
2073 493 2148 548 illi
2182 493 2414 550 districti
2443 493 2663 549 fuerint.
2695 491 2806 550 Nec
2839 494 2994 549 aliter
3025 493 3274 550 Balsamo
3301 509 3364 549 ac
3407 493 3644 552 Zonaras

383 591 494 648 quo
540 577 772 632 ridicula
827 586 912 632 est
952 577 1331 648 jurisconsulti
1386 581 1676 650 expositio,
1726 585 1972 655 νομίμως

383 671 527 727 idem
575 686 697 726 esse
743 687 808 726 ac
861 671 1150 726 secundum
1201 671 1332 742 legis
1385 673 1632 729 humanas
1683 675 1968 732 licentiam.
2039 671 2048 682 ’

381 761 572 834 Neque
619 765 764 818 enim
810 764 1216 820 ecclesiasticus
1269 765 1360 820 ille
1403 765 1624 821 Patrum
1676 781 1974 824 consessus

383 854 634 926 νομίμως
686 853 812 908 iniri
861 853 1082 924 nuptias
1135 853 1256 910 illas
1308 855 1584 922 ediceret,
1629 871 1768 926 quas
1821 857 1973 912 nullo

383 949 548 1004 modo
589 949 768 1004 licitas
815 965 992 1018 neque
1023 957 1168 1004 ratas
1198 963 1320 1004 esse
1355 961 1731 1018 cognosceret.
1760 949 1970 1005 Etenim

383 1043 478 1112 qui
510 1043 649 1100 citra
680 1043 1030 1106 adulterium,
1058 1043 1194 1098 alias
1229 1043 1300 1098 ob
1331 1059 1548 1110 causas,
1585 1053 1808 1114 prepter
1835 1059 1973 1115 quas

383 1135 674 1191 divortium
715 1135 892 1190 facere
928 1137 1272 1206 imperatoris
1317 1135 1529 1206 legibus
1575 1136 1658 1190 fas
1700 1143 1804 1200 est,
1838 1151 1973 1190 uxo-

385 1241 500 1282 rem
549 1227 820 1284 dimiserit
870 1229 1146 1298 aliamque
1197 1229 1438 1293 duxerit,
1497 1232 1552 1283 in
1607 1227 1797 1282 eadem
1845 1241 1970 1282 cum

385 1317 648 1374 adulteris
699 1333 863 1374 causa
921 1317 1176 1375 Ecclesiae
1217 1319 1426 1390 judicio
1473 1321 1800 1390 decretoque
1849 1335 1972 1374 ver-

385 1419 578 1478 satur;
645 1425 822 1482 neque
875 1421 972 1466 aut
1025 1413 1127 1468 levi
1179 1413 1500 1483 poenitentia
1545 1412 1766 1484 defungi
1807 1423 1974 1484 pote-

385 1510 490 1568 rat,
525 1511 618 1556 aut
652 1503 808 1558 aliter
855 1519 1018 1574 quam
1071 1505 1286 1561 dissuto
1323 1505 1624 1576 posteriore
1673 1507 1973 1576 illicitoque

387 1597 766 1661 contubernio,
815 1597 960 1652 illam
1017 1597 1188 1668 ipsam
1243 1599 1534 1668 impetrare
1573 1599 1968 1668 pmnitcntiam.

385 1687 856 1754 Quemadmodum
895 1691 1117 1754 devoue,
1157 1691 1258 1745 hoc
1291 1701 1394 1756 est,
1426 1707 1547 1762 qure
1592 1705 1650 1745 se
1691 1689 1798 1744 Deo
1831 1705 1965 1744 con-

385 1789 754 1846 secraverant,
787 1781 1024 1850 virgines
1071 1791 1164 1836 aut
1201 1781 1396 1848 viduae,
1439 1783 1484 1835 si
1523 1783 1776 1835 maritum
1819 1797 1970 1834 acce—

373 1857 606 1940 lpissent,
641 1888 742 1925 non
773 1871 1182 1926 admittebantur
1209 1872 1278 1924 ad
1315 1872 1697 1940 pwnitentiam,
1730 1873 1834 1924 nisi
1877 1871 1973 1924 ad-

385 1963 486 2018 huc
505 1965 616 2032 ipso
631 1965 825 2018 vivente
845 1964 1056 2027 marito,
1075 1973 1214 2018 caste
1227 1965 1391 2016 vivere
1411 1965 1702 2032 coepissent,
1721 1972 1814 2016 aut
1827 1971 1972 2032 post-

385 2073 548 2182 qum;
609 2057 719 2126 ipse
765 2057 1106 2124 decessisset,
1159 2057 1234 2110 ait
1283 2055 1603 2111 Toletanum
1646 2071 1685 2120 ι,
1727 2069 1850 2110 can.
1903 2055 1971 2109 16

387 2137 442 2182 et
544 2167 557 2182 .

387 2137 442 2182 et
472 2137 557 2182 19.

463 2219 626 2288 Atqui
657 2219 900 2289 digamos
927 2219 1060 2274 istos
1089 2218 1456 2274 Laodicenum
1499 2219 1790 2273 concilium
1824 2217 1971 2272 brevi

373 2310 634 2379 tempore
673 2311 1046 2380 paenitentiam
1081 2310 1234 2365 obire
1275 2311 1497 2374 statuit;
1533 2307 1812 2363 Nicaenum
1843 2324 1974 2362 vero

387 2403 724 2469 Novatianis,
778 2413 832 2458 ut
891 2419 1015 2458 cum
1055 2403 1164 2458 illis
1215 2402 1536 2458 nominatim
1597 2399 1971 2456 communica-

387 2507 541 2549 turos
593 2509 652 2550 se
697 2509 819 2549 esse
857 2495 1228 2564 proﬁteantur,
1287 2495 1467 2549 edicit.
1523 2493 1674 2558 Quod
1729 2491 1973 2561 profecto

389 2601 499 2640 non
531 2583 757 2646 faceret,
789 2585 834 2639 si
867 2585 1208 2654 digamorum
1255 2586 1476 2640 nomine
1513 2583 1816 2656 flagitiosos
1849 2583 1969 2639 illos

389 2694 454 2735 ac
493 2677 697 2748 judicio
723 2679 972 2734 Ecclesia:
996 2679 1244 2733 adulterii
1267 2679 1557 2734 damnatos
1595 2677 1968 2732 intellexisset.

389 2769 678 2832 Praeterea,
703 2779 760 2824 ut
792 2785 952 2841 quam
977 2771 1212 2826 absurda
1247 2771 1318 2826 sit
1345 2772 1726 2842 jurisconsulti
1766 2779 1976 2826 sentcn-

389 2859 466 2914 tia
491 2859 797 2915 evidentius
815 2869 1070 2930 appareat
1097 2879 1110 2914 :
1141 2862 1186 2916 si
1212 2863 1264 2914 in
1291 2861 1384 2916 illo
1405 2860 1606 2915 Nicmni
1633 2860 1846 2916 concilii
1877 2873 1976 2914 cas

391 2967 536 3006 noue
563 2951 766 3021 digami
791 2963 939 3013 sunt,
969 2955 1060 3021 qui
1084 2963 1276 3007 contra
1303 2953 1704 3008 ecclesiasticas
1731 2951 1971 3007 sanctio-

391 3057 489 3095 nes
521 3081 536 3105 ,
573 3041 678 3096 hoc
716 3055 819 3107 est,
869 3053 926 3097 ut
965 3043 1078 3114 ipse
1127 3059 1250 3096 cum
1294 3043 1628 3097 Calvinianis
1673 3041 1972 3106 existimat,

391 3135 527 3190 citra
577 3150 800 3192 causam
849 3134 1120 3196 adulterii,
1165 3135 1236 3188 ob
1288 3151 1380 3188 eas
1413 3149 1633 3197 causas,
1665 3133 1734 3187 de
1772 3132 1974 3202 quibus

391 3227 685 3283 divortium
718 3227 900 3282 saeculi
939 3227 1081 3296 leges
1119 3225 1418 3296 indulgent,
1453 3225 1736 3294 repudiata
1769 3225 1970 3293 priore,
2002 3206 2045 3264 ο

393 3322 618 3374 alteram
681 3319 785 3374 sibi
839 3319 1128 3388 conjugem
1185 3319 1479 3384 asciscunt,
1538 3333 1648 3372 non
1691 3317 1797 3372 alia
1841 3326 1974 3386 puto

392 3413 704 3468 conditione
731 3411 1066 3468 Novatianos
1097 3413 1162 3466 ad
1183 3413 1516 3483 jungeudam
1544 3426 1670 3467 cum
1699 3411 1806 3467 illis
1831 3425 1976 3466 com-

393 3505 710 3560 munionem
766 3505 962 3574 coegit.
1013 3519 1176 3574 quam
1223 3513 1282 3560 ut
1349 3503 1616 3560 dissoluto
1675 3505 1976 3576 posteriore

393 3597 486 3652 illo
512 3597 804 3667 conjugio,
836 3597 1190 3652 fcedissimam
1229 3597 1374 3650 illam
1409 3599 1676 3652 maculam
1708 3598 1975 3666 paeniten-

395 3692 468 3744 tia
507 3691 794 3745 diluerent.
825 3689 986 3758 Atqui
1021 3705 1128 3743 non
1159 3691 1332 3760 magis
1363 3699 1421 3746 ut
1445 3705 1569 3744 cum
1597 3689 1700 3744 ltoc
1727 3699 1976 3760 peccato—

391 3799 516 3837 rum
546 3799 761 3854 generc,
793 3792 914 3852 post
937 3783 1334 3853 pmuitentiam,
1367 3799 1532 3853 quam
1563 3796 1622 3837 ut
1660 3799 1784 3837 cum
1813 3791 1974 3836 caete-

395 3877 474 3930 ris
529 3877 997 3930 communicarent
1053 3876 1340 3940 omnibus,
1403 3877 1488 3930 lex
1535 3877 1638 3930 ista
1687 3877 1976 3945 cautioque

396 3966 526 4024 fet-ri
561 3965 876 4022 Novatianis
916 3967 1119 4020 debuit.
1157 3965 1274 4020 Non
1310 3967 1456 4020 enim
1487 3965 1757 4036 ejusmodi
1797 3965 1973 4020 solum

397 4059 665 4128 digamos.
696 4059 790 4112 sed
821 4073 1180 4130 quoscunque
1229 4057 1410 4112 delicti
1447 4059 1718 4128 gravioris
1751 4073 1873 4114 reos
1906 4059 1976 4113 ab

397 4150 546 4204 omni
571 4165 666 4224 spe
689 4151 1091 4206 communionis
1139 4153 1508 4204 cxcluserant.
1553 4149 1668 4204 Cur
1705 4151 1868 4221 igitur
1909 4152 1976 4206 de

397 4245 632 4314 digamis
669 4243 799 4310 illis,
845 4245 1030 4313 utique
1085 4244 1300 4298 nonnisi
1351 4257 1473 4314 post
1507 4246 1881 4314 paenitentiam
1922 4253 1976 4299 et

395 4337 568 4396 illiciti
619 4336 856 4408 conjugii
907 4335 1318 4404 diremptionem
1363 4337 1730 4402 admittendis,
1778 4337 1975 4392 diserte

397 4430 827 4500 nominatimque
883 4427 1098 4482 Nicaena
1141 4427 1383 4498 synodus
1427 4437 1712 4498 exceptum
1773 4427 1975 4482 voluit?

397 4521 562 4587 Quid,
595 4521 838 4590 inquam,
875 4521 927 4572 in
961 4519 1054 4573 illo
1097 4519 1344 4573 criminis
1395 4520 1752 4591 adulteriique
1778 4535 1975 4590 genere

397 4613 576 4670 inesse
623 4623 796 4682 potest
837 4611 1100 4688 mysterii,
1145 4621 1202 4666 ut
1226 4627 1349 4667 cum
1407 4613 1495 4676 iis,
1531 4613 1624 4682 qui
1673 4613 1971 4681 negandam

395 4705 635 4778 peccatis
659 4705 913 4760 omnibus
941 4705 1301 4759 atrocioribus
1330 4704 1703 4773 paenitentiam
1730 4719 1975 4760 commu-

397 4801 724 4867 nionemque
755 4807 1100 4863 censuerant,
1147 4797 1346 4852 Nic-aeni
1393 4795 1584 4852 Patres
1619 4797 1686 4851 de
1726 4813 1836 4852 uno
1881 4797 1976 4852 illo

398 4890 766 4962 stipulentur?
794 4889 929 4944 Nam
959 4889 1104 4959 quod
1135 4905 1302 4944 unum
1339 4887 1533 4942 afferre
1563 4895 1759 4958 potest,
1791 4887 1973 4942 saeculi

395 4985 610 5056 legibus
636 4983 882 5038 adulterii
917 4997 1086 5052 genus
1115 4981 1248 5035 illud
1285 4979 1455 5034 fuisse
1483 4994 1827 5046 concessum,
1856 4981 1975 5034 ideo

394 5085 736 5134 momentum
794 5075 952 5129 habet
1003 5071 1231 5136 nullum,
1287 5071 1583 5141 quoniam,
1637 5081 1696 5125 ut
1749 5071 1976 5140 ipsemet

397 5168 614 5234 asserit,
645 5183 920 5238 nunquam
947 5167 998 5221 id
1039 5165 1295 5222 Ecclesiae
1329 5164 1641 5234 persuaderi
1690 5162 1887 5234 potuit,
1918 5173 1977 5216 ut

397 5263 618 5318 divortii
652 5277 846 5316 causas
873 5261 994 5314 illas
1029 5260 1374 5329 approbaret,
1409 5267 1502 5312 aut
1539 5255 1694 5310 aliter
1721 5255 1788 5309 de
1821 5255 1974 5324 diga-

397 5355 505 5410 mis
535 5354 653 5409 istis
683 5369 845 5423 quam
875 5353 941 5406 de
972 5351 1230 5406 adulteris
1259 5359 1536 5404 statueret.
1571 5347 1748 5416 Quare
1783 5346 1971 5401 eadem

367 5435 618 5512 'liorum,
657 5462 779 5515 qua:
833 5455 886 5500 et
943 5445 1310 5500 adulterorum
1357 5451 1697 5503 cancrorum,
1743 5449 1795 5492 et
1829 5439 1972 5508 quod

399 5539 465 5596 ad
500 5536 926 5592 Novatianorum
957 5535 1230 5604 negotium
1261 5539 1486 5601 spectat,
1527 5545 1692 5600 quam
1725 5540 1973 5598 peccato-

399 5647 520 5690 rum
556 5630 796 5683 omnium
829 5629 965 5684 ratio
999 5625 1184 5684 haberi
1215 5642 1242 5679 a
1268 5623 1522 5680 Patribus
1551 5623 1753 5679 debuit.
1787 5623 1973 5694 Itaque

400 5725 624 5779 dubium
660 5724 866 5780 nullum
901 5732 1000 5786 est,
1042 5723 1171 5791 quin
1220 5720 1478 5775 adversus
1511 5719 1850 5789 digamorum
1880 5733 1974 5786 ge-

403 5832 506 5875 nus
541 5817 755 5872 tertium
788 5833 816 5872 a
851 5813 1121 5871 veteribus
1155 5812 1400 5871 conciliis
1448 5811 1750 5868 severitatis
1798 5810 1970 5866 aculei

2078 586 2278 655 aliique
2311 586 2634 654 interpretes
2672 601 2909 642 canones
2939 586 3060 640 illos
3083 587 3374 655 explicant.

2145 675 2264 730 Col.
2279 677 2383 730 884
2401 675 2460 731 Β.
2477 676 2746 746 Στεφάνη
2760 677 3064 731 δὲτούτων
3074 677 3336 740 πάντων,
3347 677 3640 742 ὠςεὶπεῖν.

2077 767 2152 822 De
2177 769 2497 823 clericorum
2523 771 2853 824 continentia
2879 785 2942 824 ac
2965 769 3156 824 ccelibe
3185 769 3298 822 vita
3317 768 3538 824 illustris
3559 769 3646 822 hic

2077 857 2364 927 Epipbanii
2395 857 2546 912 locus
2575 867 2680 912 est.
2729 856 2834 912 Sed
2881 859 2936 912 in
2971 857 3336 914 Catltarorum
3369 857 3557 913 haeresi
3579 857 3646 912 59

2077 967 2230 1006 num.
2262 953 2296 1006 4
2325 953 2482 1021 longe
2511 952 2756 1020 apertius
2813 960 2980 1022 atque
3009 951 3282 1022 insignius
3313 951 3645 1006 ecclesiasti-

2075 1059 2194 1098 cam
2232 1043 2332 1098 ltac
2365 1043 2418 1098 in
2457 1059 2512 1098 re
2541 1045 2993 1099 consuetudinem
3021 1045 3294 1113 exposuit.
3325 1043 3646 1098 Docetenim

2077 1135 2134 1188 in
2155 1136 2347 1204 primis
2381 1136 2724 1204 episcopum.
2761 1145 2858 1189 aut
2885 1136 3287 1206 presbyterum,
3329 1143 3424 1190 aut
3467 1135 3646 1190 diaco-

2077 1244 2205 1282 num
2231 1243 2296 1282 ex
2321 1229 2556 1298 (ligantis
2581 1229 2825 1283 ordinari
2849 1229 3144 1284 nemiuem.
3170 1227 3309 1282 Tum
3335 1243 3508 1298 neque
3525 1227 3646 1290 hos,

2077 1335 2254 1388 neque
2285 1319 2686 1374 subdiaconum
2745 1319 2904 1373 aliter
2959 1321 3293 1384 consecrari,
3353 1333 3516 1387 quam
3566 1317 3650 1372 vel

2075 1412 2277 1481 priore,
2327 1425 2500 1480 eaque
2549 1411 2732 1474 unica,
2775 1411 3010 1482 conjuge
3035 1419 3276 1478 mortua,
3301 1411 3386 1466 vel
3416 1411 3484 1465 ab
3501 1411 3649 1480 ejus-

2073 1504 2198 1558 dem
2230 1503 2459 1558 viventis
2499 1503 2780 1558 consortio
2821 1518 2886 1558 ac
2915 1503 3311 1558 consuetudine
3341 1503 3647 1565 distractos,

2077 1595 2180 1650 nisi
2209 1595 2446 1666 virgines
2486 1596 2714 1650 omnino
2757 1595 2902 1650 sint:
2937 1596 3241 1665 praesertim
3275 1595 3368 1650 ubi
3393 1595 3650 1651 ecclesia-

2077 1688 2197 1741 stici
2221 1703 2462 1742 canones
2491 1700 2748 1742 accurate
2782 1696 3102 1754 servantur;
3131 1703 3256 1740 nam
3279 1687 3426 1756 quod
3449 1686 3502 1740 in
3529 1686 3650 1756 qui-

2077 1777 2308 1833 busdam
2349 1779 2483 1834 locis
2543 1779 2866 1849 presbyteri,
2902 1779 3118 1834 diaconi
3151 1791 3206 1834 et
3239 1778 3560 1834 subdiaconi
3595 1777 3653 1830 li-

2076 1871 2461 1926 beros‘adltuc
2499 1869 2839 1940 suscipiant,
2891 1869 2944 1924 id
2993 1869 3259 1925 abusione
3307 1869 3540 1938 quadam
3588 1883 3652 1922 ac

2074 1962 2376 2032 disciplinae
2426 1964 2736 2034 corruptela
2785 1963 2932 2030 ﬁeri;
2981 1971 3076 2016 aut
3125 1977 3252 2016 vero
3305 1961 3647 2024 necessitate,

2077 2057 2170 2110 ubi
2205 2071 2304 2126 pro
2341 2056 2546 2126 ingenti
2581 2055 2912 2126 populorum
2962 2053 3329 2120 multitudine,
3375 2053 3653 2107 ministro-

2077 2167 2200 2206 rum
2232 2151 2384 2220 copia
2421 2165 2530 2204 non
2564 2147 2838 2220 suppetis;
2877 2163 3002 2203 nam
3039 2147 3242 2214 alioqui
3274 2145 3532 2202 Ecclesiae
3565 2147 3652 2200 de-

2075 2252 2225 2297 creto
2279 2243 2608 2298 clericorum
2647 2243 2932 2298 ordinibus
2977 2241 3100 2296 istis
3147 2239 3481 2296 continentia
3517 2254 3653 2308 prae-

2075 2337 2339 2392 scribitur
2371 2351 2518 2406 :qua
2563 2334 2852 2406 Epipbanii
2893 2335 3220 2388 auctoritate
3259 2333 3403 2386 nulla
3437 2341 3530 2386 aut
3563 2347 3652 2386 ex-

2075 2428 2337 2496 pressior,
2389 2437 2486 2482 aut
2537 2427 2776 2482 sanctior
2807 2426 2996 2480 haberi
3027 2433 3226 2495 potest.
3277 2422 3415 2478 Huic
3445 2437 3540 2491 par
3571 2431 3652 2475 est

2076 2534 2141 2574 ac
2169 2519 2448 2588 geminum
2481 2517 2798 2590 Hieronymi
2829 2517 3203 2572 testimonium
3231 2516 3362 2570 illud
3391 2515 3652 2568 adversus

2076 2609 2452 2681 Vigilantiam,
2489 2611 2605 2680 qui,
2643 2619 2704 2664 ut
2737 2609 2842 2664 hoc
2871 2619 3115 2679 tempore
3159 2617 3432 2663 nostrates
3479 2607 3650 2660 haere—

2079 2703 2192 2767 tici,
2245 2703 2572 2756 clericorum
2631 2701 3012 2757 castimoniam
3077 2701 3444 2770 oppugnabat.
3513 2697 3650 2764 Quid

2079 2793 2298 2862 facient,
2339 2793 2536 2862 inquit,
2575 2791 2808 2846 Orientis
2841 2789 3138 2845 Ecclesiw?
3185 2789 3326 2856 Quid
3355 2789 3576 2859 .AEgypIi
3605 2799 3652 2840 et

2075 2885 2214 2938 sedis
2245 2882 2570 2952 apostolicae,
2603 2897 2720 2952 qua:
2757 2892 2850 2934 aut
2875 2883 3101 2952 virgines
3124 2881 3338 2934 clericos
3367 2881 3650 2948 accipiant,

2078 2987 2171 3032 aut
2202 2979 2542 3040 continentes,
2571 2987 2642 3040 et,
2684 2977 2728 3028 si
2777 2991 2966 3030 uxores
3013 2975 3312 3038 habuerint,
3343 2976 3524 3026 mariti
3546 2988 3653 3026 esse

2076 3072 2390 3126 desierunt?
2425 3071 2602 3141 Atque
2640 3071 2744 3125 hoc
2775 3069 2994 3138 quidem
3029 3068 3113 3122 vel
3146 3067 3477 3122 recentiores
3501 3065 3650 3119 Grat-

2079 3169 2186 3222 culi
2224 3167 2484 3229 fatentur,
2537 3175 2659 3236 post
2707 3173 2992 3233 susceptos
3041 3176 3228 3218 sacros
3277 3161 3398 3216 illos
3435 3161 3652 3214 ordines

2080 3273 2308 3314 uxorem
2337 3257 2540 3312 nemini
2569 3257 2771 3310 ducere
2801 3255 3040 3309 licuisse.
3061 3252 3216 3318 Quod
3237 3253 3305 3306 ad
3327 3267 3450 3306 can.
3473 3261 3650 3320 apost.

2073 3351 2166 3416 ‘26,
2202 3350 2454 3406 Balsamo
2493 3357 2548 3404 et
2577 3347 2820 3403 Zonaras
2852 3355 3183 3418 agnoscunt.
3217 3344 3462 3398 Canonis
3493 3341 3652 3396 verba

2077 3454 2207 3501 sunt
2240 3467 2250 3500 :
2287 3443 2411 3496 Τῶν
2441 3445 2522 3506 εἰς
2556 3443 2760 3514 κλῆρον
2791 3440 3163 3512 προελθόντων
3187 3439 3416 3508 ἀγάμων
3439 3434 3654 3488 κελεῦον

2080 3553 2178 3606 μεν
2235 3535 2591 3607 βουλομένους
2637 3535 2834 3604 γαμεῖν
2881 3530 3258 3599 ἀναγνώστας,
3311 3530 3402 3582 καὶ
3447 3527 3652 3598 ψάλτας

2081 3630 2294 3700 μόνους.
2347 3627 2426 3682 Ad
2477 3641 2601 3696 quae
2629 3625 2884 3680 Balsamo
2915 3623 3062 3678 istud
3086 3625 3342 3678 observat
3369 3639 3382 3675 :
3413 3629 3538 3674 ante
3565 3635 3652 3673 or-

2077 3722 2410 3776 dinationem
2441 3720 2812 3790 presbyteros,
2847 3717 3110 3772 diaconos
3141 3724 3195 3770 et
3247 3713 3653 3786 hypodiaconos

2077 3815 2334 3882 coriolare
2359 3813 2597 3881 nuptias,
2633 3819 2797 3880 atque
2829 3811 2902 3864 ita
2935 3809 3179 3864 ordinari
3213 3807 3454 3876 patuisse
3487 3824 3498 3860 :
3533 3813 3654 3872 post

2077 3905 2502 3970 ordinationem,
2554 3903 2688 3958 solis
2743 3903 2846 3956 hoc
2889 3901 3184 3956 lectoribus
3237 3909 3293 3953 et
3339 3896 3654 3952 cantoribus

2079 3997 2374 4052 indultum.
2406 3997 2568 4052 Addit
2603 3995 2871 4063 Zonaras,
2901 4005 3028 4050 ante
3062 3991 3460 4049 ordinationem
3495 3989 3656 4042 inter-

2078 4086 2257 4156 rogari
2304 4085 2674 4156 presbyteros,
2707 4085 2970 4139 diaconos
3025 4093 3080 4137 ct
3119 4081 3548 4153 hypodiaconos,
3584 4093 3650 4130 an

2077 4177 2418 4232 continenter
2465 4184 2520 4230 et
2566 4183 2716 4230 caste
2749 4175 2949 4230 vellent
2979 4175 3180 4228 vivere.
3215 4171 3371 4240 Quod
3409 4173 3454 4226 si
3489 4185 3654 4240 nega—

2077 4269 2275 4330 verint,
2309 4267 2550 4336 permitti
2583 4275 2644 4319 ut
2673 4277 2798 4321 ante
2828 4267 3298 4322 consecrationem
3333 4278 3530 4318 uxores
3561 4263 3654 4314 du-

2076 4369 2223 4415 cant.
2259 4357 2404 4412 Sane
2453 4357 2506 4412 in
2539 4360 2854 4428 Ancyrano,
2905 4373 3030 4411 can.
3081 4355 3252 4420 10,de
3297 4353 3542 4410 diaconis
3583 4354 3653 4406 ita

2077 4453 2350 4508 sancitum
2387 4451 2606 4521 legitur,
2639 4461 2700 4506 ut
2730 4450 2826 4520 qui
2851 4452 2972 4520 ipso
2995 4449 3358 4504 ordinationis
3387 4463 3500 4502 suae
3527 4457 3655 4501 tem-

2006 4548 2050 4602 D
2082 4559 2214 4614 pore
2256 4543 2548 4598 contestati
2598 4543 2724 4606 sint,
2774 4556 2832 4596 se
2869 4541 3075 4610 nuptiis
3105 4555 3293 4596 carere
3326 4554 3431 4593 non
3469 4553 3650 4607 posse,

2081 4635 2314 4706 ideoque
2340 4643 2463 4703 post
2489 4633 2886 4689 ordinationem
2919 4647 3121 4687 uxores
3139 4631 3417 4694 duxerint,
3447 4632 3512 4684 de
3545 4640 3653 4685 sta-

2077 4733 2136 4778 tu
2167 4739 2270 4779 suo
2304 4739 2414 4778 non
2443 4723 2846 4786 dimoveantur,
2887 4724 3034 4791 quod
3067 4723 3136 4776 ab
3169 4725 3424 4792 episcopo
3457 4723 3508 4776 id
3549 4721 3652 4776 illis

2078 4828 2400 4868 concessum
2429 4812 2592 4866 fuerit
2621 4830 2634 4865 :
2663 4811 2834 4864 Τοῦτο
2874 4812 2954 4876 δὲ,
2995 4812 3050 4864 εἴ
3083 4829 3227 4875 τινες
3257 4813 3650 4883 σιωπήσαντες,

2077 4907 2173 4959 καὶ
2206 4904 2630 4973 καταδεξάμενοι
2673 4905 2730 4957 ἐν
2772 4906 2838 4974 τῇ
2887 4903 3192 4974 χειροτονίᾳ
3233 4903 3414 4974 μένειν
3455 4902 3649 4965 οὕτως,

2081 4999 2218 5071 μετὰ
2247 4999 2420 5052 ταῦτα
2439 4993 2603 5070 ἦλθον
2635 4997 2728 5050 ἐπὶ
2754 4997 2951 5066 γάμον,
2993 4997 3305 5049 πεπαῦσθαι
3335 4997 3528 5059 αὐτοὺς
3553 4996 3650 5066 τῆς

2075 5089 2369 5152 διακονίας.
2411 5087 2527 5142 Hoc
2562 5105 2702 5150 vero,
2750 5088 2948 5160 inquit,
2985 5090 3030 5142 si
3073 5091 3162 5156 qui
3197 5091 3336 5158 forte
3370 5093 3649 5152 tacuerint,

2073 5191 2124 5236 et
2151 5184 2202 5236 in
2229 5181 2558 5238 ordinatione
2589 5197 2891 5253 permanere
2925 5183 2978 5234 in
3009 5183 3120 5252 ipso
3147 5181 3514 5252 (continentia:
3543 5187 3652 5238 sci-

2075 5275 2222 5344 licet)
2253 5283 2394 5328 statu
2421 5274 2798 5339 consenserint,
2827 5277 2946 5326 eum
2971 5273 3158 5327 deinde
3180 5277 3395 5344 nuptias
3419 5275 3646 5339 inierint,

2077 5384 2108 5420 a
2140 5367 2426 5419 diaconum
2453 5365 2797 5436 repellantur.
2827 5363 2947 5430 Quo
2973 5381 3040 5420 ex
3073 5381 3285 5421 canone
3314 5365 3445 5421 illud
3475 5369 3650 5422 evinci

2075 5467 2274 5529 potest,
2313 5458 2634 5512 clericorum
2687 5458 2981 5527 majorum,
3037 5459 3102 5512 ad
3150 5460 3414 5514 diaconos
3457 5459 3649 5515 saltem

2075 5567 2270 5621 usque,
2293 5551 2758 5606 consecrationem
2791 5551 3138 5620 implicitum,
3169 5563 3230 5606 ut
3264 5553 3438 5616 aiunt,
3465 5562 3648 5606 votum

2071 5645 2182 5714 jam
2213 5655 2325 5698 tum
2361 5643 2618 5698 habuisse
2643 5644 3022 5710 continentiae,
3053 5659 3177 5698 nam
3205 5660 3329 5699 cum
3370 5659 3488 5698 eam
3521 5660 3649 5698 cono

2076 5737 2336 5792 ditionem
2374 5735 2616 5806 apponit,
2659 5735 2712 5788 εἴ
2749 5755 2892 5799 τινες
2933 5738 3327 5808 σιωπήσαντες,
3357 5737 3450 5789 καὶ
3479 5752 3647 5789 κατα-

2077 5829 2356 5902 δεξάμενοι
2385 5830 2440 5884 ὲν
2473 5831 2537 5902 τῇ
2565 5829 2868 5904 χειροτονίᾳ
2899 5829 3079 5902 μένειν
3107 5828 3300 5896 οὓτως,
3336 5829 3521 5900 prowl
3543 5828 3644 5883 tiu-
