4054 6404
417 416 554 472 1077

1194 412 1282 466 DE
1317 408 1702 467 VETERlBUS
1743 405 2144 476 QUIBUSDAM
2185 407 2540 465 ECCLESle
2578 410 2872 468 RITKBUS.

3539 416 3686 471 1073-

414 534 506 586 bio
536 528 827 599 signiﬁcat,
852 543 973 584 cum
999 527 1342 584 ordinatione
1367 529 1480 598 ipsa
1506 527 1838 594 implicatam
1869 539 1993 579 esse
2022 527 2069 584 Α
2096 539 2272 591 canes,
2328 525 2696 593 subdiacones,
2751 533 2826 583 vel
2873 530 3132 599 deinceps.
3187 531 3376 600 quibus
3449 535 3676 590 ducendi

418 625 638 680 tacitam
690 622 1027 678 castimonia:
1073 622 1268 693 legem,
1319 637 1438 691 quae
1480 621 1697 675 nonnisi
1733 626 1995 687 concepta

416 716 741 771 nominatim
767 713 1163 770 contestatione
1181 713 1414 769 devitari
1437 722 1639 783 posset.
1669 710 1996 782 Cujusmodi

415 810 551 864 etin
585 809 900 878 episcopatu
931 807 1282 877 suscipiendo
1318 806 1486 861 fuisse
1515 821 1580 859 ex
1615 802 1830 875 Synesii
1861 819 1996 857 cau-

417 901 628 956 satione
654 900 842 969 liquet,
868 900 960 970 qui
991 900 1148 970 epist.
1171 898 1288 962 105,
1301 914 1426 954 cum
1456 915 1487 953 a
1510 896 1997 953 Ptolemaeensibus

416 994 472 1048 in
507 993 820 1061 episcopum
855 1001 1186 1060 posceretur,
1224 991 1519 1060 praedicere
1571 1005 1632 1046 se
1683 1006 1749 1046 ac
1805 989 1998 1046 testari

420 1082 564 1135 istud
597 1091 896 1146 asseverat,
939 1080 1081 1134 nolle
1129 1095 1161 1135 a
1199 1080 1430 1151 conjuge
1476 1081 1738 1150 separari.
1782 1079 1886 1134 Sed
1931 1079 1999 1134 de

418 1173 691 1244 episcopis
720 1172 946 1228 ridicule
977 1188 1008 1227 a
1034 1171 1238 1228 Graecis
1264 1174 1543 1229 hodiernis
1565 1173 1854 1243 excipitur,
1882 1173 2000 1244 qui-

421 1267 524 1320 bus
553 1266 686 1320 solis
721 1265 928 1335 nuptiis
978 1265 1327 1320 interdicunt.
1373 1265 1482 1321 Nec
1528 1267 1712 1322 minus
1746 1267 1926 1336 inepte
1959 1282 1999 1321 ιι

421 1358 641 1414 concilii
679 1357 938 1428 Carthag.
987 1373 1163 1414 canon
1223 1359 1313 1414 ille
1357 1359 1392 1414 5
1437 1361 1748 1430 accipitur:
1785 1359 2000 1414 Placuit

420 1453 708 1520 episcopos,
731 1461 780 1505 et
806 1453 1154 1522 presbyteros,
1174 1461 1222 1506 et
1260 1453 1532 1518 diaconos,
1567 1454 1853 1508 secundum
1878 1471 2001 1524 pro-

420 1545 543 1614 pria
588 1545 680 1614 (al.
711 1545 920 1616 priora)
968 1554 1172 1600 statuta
1209 1546 1369 1601 etiam
1415 1546 1480 1600 ab
1527 1547 1780 1603 uxoribus
1830 1549 2002 1602 conti-

421 1652 564 1702 nere,
609 1644 714 1692 etc.
768 1635 829 1691 ιιι
879 1652 991 1707 quo
1025 1653 1234 1692 canone
1275 1639 1603 1709 jampridem
1652 1640 1851 1695 eruditi
1897 1640 2000 1694 viri

419 1727 733 1784 Graecorum
761 1739 924 1800 atque
956 1730 1336 1786 haereticorum
1359 1731 1632 1788 inscitiam
1660 1732 1998 1789 refutarunt:

419 1827 475 1871 et
496 1817 838 1876 Balsamonis
873 1821 927 1874 in
960 1821 1168 1890 primis,
1201 1824 1294 1892 qui
1324 1822 1391 1878 ad
1425 1839 1548 1878 can.
1580 1825 1614 1877 4
1638 1825 1832 1896 synodi
1861 1825 1999 1880 Car-

422 1909 588 1979 lbag.,
619 1926 740 1980 qua:
776 1913 1012 1966 secunda
1064 1914 1226 1983 vulgo
1281 1925 1554 1978 censetur,
1612 1933 1785 1988 nugas
1820 1933 2000 1974 meras

420 2000 638 2056 eﬁutiit.
675 2003 840 2073 Atqui
871 2019 1140 2060 canonum
1168 2021 1229 2060 ιιι
1273 2014 1326 2061 ει
1353 2022 1407 2060 iv
1437 2007 1694 2079 Carthag.
1733 2009 1879 2064 illius
1905 2024 1998 2082 sy-

421 2092 580 2158 nodi,
629 2093 721 2163 qui
773 2094 844 2150 ab
883 2095 1177 2167 episcOpis,
1232 2097 1569 2170 presbyteris
1648 2107 1703 2155 et
1749 2101 1998 2156 diaconis

421 2186 814 2243 continentiam
849 2191 1093 2259 exigunt,
1127 2201 1237 2246 tam
1268 2193 1473 2263 liquida
1499 2209 1872 2264 expressaque
1900 2211 2000 2252 au-

421 2279 648 2336 ctoritas
673 2289 776 2347 est,
809 2290 866 2337 ut
894 2282 1320 2340 ludiﬁcationem
1351 2301 1414 2342 ac
1443 2285 1628 2342 fucum
1663 2303 1882 2344 omnem
1913 2305 2002 2345 re-

421 2380 605 2440 spuat.
630 2369 836 2435 Placet,
867 2373 1044 2446 inquit
1063 2377 1319 2450 Carthag.
1351 2394 1389 2432 ιι
1414 2394 1612 2435 canon.
1638 2380 1692 2445 2,
1719 2391 1777 2434 ut
1807 2383 2002 2452 episco-

419 2464 494 2530 pi,
529 2463 821 2535 presbyteri
852 2478 901 2522 et
936 2468 1170 2537 diaconi,
1220 2472 1297 2526 vel
1324 2472 1415 2541 qui
1442 2482 1776 2528 sacramenta
1801 2484 2002 2530 contre-

419 2563 589 2618 ctant,
617 2557 888 2626 pudicitiie
917 2561 1177 2626 custodes,
1205 2564 1368 2617 etiam
1389 2564 1454 2618 ab
1477 2565 1730 2620 uxoribus
1755 2583 1808 2620 se
1828 2567 1999 2621 absti-

420 2655 597 2701 neant.
621 2647 698 2702 Ab
733 2651 975 2706 omnibus
999 2652 1202 2708 dictum
1228 2665 1340 2710 est:
1370 2655 1550 2712 Placet
1578 2670 1631 2712 ut
1667 2659 1722 2712 in
1759 2661 2000 2714 omnibus

421 2747 470 2791 et
505 2738 570 2791 ab
599 2743 841 2797 omnibus
870 2746 1129 2812 pudicitia
1159 2749 1510 2816 custodiatur,
1539 2753 1628 2820 qui
1645 2751 1810 2805 altari
1823 2752 2001 2806 deser-

419 2830 588 2884 viunt.
611 2834 823 2890 Accidit
843 2845 896 2891 et
914 2836 1170 2894 Cbalced.
1195 2856 1392 2897 canon.
1420 2843 1486 2898 14
1511 2862 1523 2896 :
1552 2844 1770 2915 Ἐπειδὴ
1789 2843 1844 2898 ἐν
1861 2863 2002 2899 τισιν

423 2921 714 2993 ἐπαρχίαις
749 2929 1166 3002 συγκεχώρηται
1191 2935 1304 2997 τοῖς
1337 2935 1715 3003 ἀναγνώσταις
1741 2938 1836 2991 καὶ
1865 2937 2002 3007 ψάλ-

422 3028 545 3076 ταις
572 3018 789 3086 γαμεῖν,
822 3017 1022 3089 ὥρισεν
1058 3023 1091 3089 ή
1125 3023 1256 3090 ἁγία
1295 3023 1530 3092 σύνοδος,
1566 3025 1640 3096 μὴ
1671 3024 1869 3090 ἐξεῖναί
1896 3044 2002 3080 τινι

423 3105 602 3162 αὐτῶν
633 3109 938 3181 ἑτερόδοξον
959 3115 1191 3182 γυναῖκα
1221 3115 1540 3186 λαμϐάνειν.
1563 3117 1696 3172 Cum
1720 3119 1776 3171 in
1797 3119 2004 3189 quibus-

422 3199 548 3252 dam
577 3203 860 3271 proviuciis
886 3220 1188 3259 concessum
1220 3208 1287 3260 sit
1315 3207 1599 3264 lectoribus
1623 3220 1672 3265 et
1696 3211 1999 3267 cantoribus

423 3309 614 3348 uxores
646 3293 856 3350 ducere.
885 3295 1000 3352 Non
1030 3298 1196 3369 igitur
1226 3302 1438 3368 caeteris
1471 3302 1670 3358 licebat
1693 3305 2000 3370 ordinibus,

423 3384 662 3439 maxime
711 3385 1102 3454 subdiaconis,
1148 3405 1213 3445 ac
1253 3407 1322 3447 ne
1355 3391 1644 3448 lectoribus
1689 3395 1907 3464 quidem
1950 3406 2006 3452 et

421 3476 738 3534 cantoribus
772 3478 996 3550 ubique,
1043 3482 1136 3552 sed
1180 3483 1234 3537 in
1269 3485 1435 3540 certis
1473 3485 1738 3541 duntaxat
1778 3489 2004 3558 provin-

421 3565 544 3620 ciis.
592 3567 920 3638 Quanquam
959 3571 1026 3626 de
1071 3573 1441 3641 subdiaconis,
1498 3591 1608 3630 non
1659 3592 1726 3632 ex
1775 3579 2004 3635 canonis

425 3658 591 3716 ullius
633 3661 874 3726 decreto,
915 3673 976 3718 ut
1005 3667 1082 3719 ait
1109 3664 1470 3736 Epiphanius,
1522 3669 1617 3724 sed
1661 3685 1726 3724 ex
1762 3672 2002 3741 quadam

423 3751 760 3824 indulgentia
788 3763 844 3811 et
880 3757 1183 3830 οἰκονομίᾳ,
1224 3761 1514 3816 remissum
1539 3762 1836 3832 aliquando
1861 3765 2004 3820 vitle-

423 3855 546 3912 tur;
571 3863 697 3902 nam
725 3858 778 3905 et
806 3849 1319 3922 Carthaginensium
1348 3855 1707 3912 conciliorum
1738 3873 2000 3923 canones,

422 3939 624 4008 quibus
675 3941 879 3998 diserte
929 3945 1269 4001 continentia
1323 3948 1656 4019 praecipitur,
1710 3951 2003 4021 episcopos

422 4028 692 4086 duntaxat
724 4041 779 4088 et
812 4036 1158 4108 presbyteros
1186 4054 1250 4093 ac
1273 4039 1533 4096 diaconos
1556 4043 1825 4112 complexi
1849 4054 1998 4098 sunt.

423 4121 893 4189 Quemadmodum
923 4137 976 4185 et
1002 4131 1323 4188 Arelatense
1365 4149 1421 4200 ιι,
1436 4150 1557 4188 can.
1593 4135 1627 4188 3
1659 4155 1671 4189 :
1702 4135 1761 4190 Si
1789 4139 1906 4206 quis
1939 4139 2002 4192 de

423 4215 631 4270 clericis
662 4233 695 4270 a
725 4222 898 4288 gradu
921 4221 1239 4276 diaconatus
1278 4223 1333 4276 in
1367 4223 1560 4278 solatio
1594 4242 1691 4280 suo
1725 4227 2000 4282 mulierem

421 4319 615 4376 praeter
643 4311 838 4376 aviam,
873 4322 1117 4377 matrem,
1155 4331 1408 4385 sororem,
1452 4316 1623 4388 ﬁliam
1661 4328 1888 4388 neptem,
1924 4321 2002 4374 vel

421 4420 726 4459 conversam
779 4423 956 4460 secum
1008 4424 1227 4462 uxorem
1275 4410 1462 4465 habere
1503 4415 1922 4482 prwsumpserit,
1966 4432 1999 4468 a

421 4497 789 4551 communione
819 4499 1026 4554 alienus
1062 4500 1350 4566 habeatur;
1375 4519 1498 4557 nam
1526 4519 1854 4560 conversam
1892 4522 1995 4576 ap-

2101 633 2290 671 uxores
2317 619 2535 674 licentia
2575 638 2676 674 non
2705 633 2804 685 est,
2849 623 3005 676 etiam
3040 625 3336 677 alienarunt
3367 629 3677 694 nuptiarum

2097 713 2290 766 evitent
2320 716 2608 768 consortia.
2637 713 2711 770 De
2739 717 2910 770 tribus
2932 719 3217 773 ordinibus
3243 719 3451 776 accedit
3479 730 3532 774 et
3554 737 3678 775 con-

2098 805 2190 859 cil.
2214 805 2458 861 Eliberit.
2479 822 2603 860 can.
2635 807 2736 875 55;
2767 819 2819 863 et
2843 810 3098 881 Carthag.
3132 828 3193 876 Ιι,
3225 829 3345 868 can.
3365 814 3420 873 2.
3448 824 3672 882 aposto-

2098 894 2257 950 licam
2302 897 2443 952 hanc
2489 897 2885 954 institutionem
2924 916 3046 975 esse
3089 901 3360 972 signiﬁcat
3391 921 3405 958 :
3438 904 3503 958 Ut
3532 905 3673 975 quod

2099 986 2327 1054 apostoli
2356 993 2669 1054 docuerunt,
2708 990 2907 1060 inquit,
2945 974 2994 1046 et
3035 994 3152 1062 ipsa
3187 996 3414 1049 servavit
3443 974 3674 1066 antiqui-

2100 1083 2207 1138 tas,
2235 1092 2329 1129 nos
2357 1093 2558 1148 quoque
2594 1080 2979 1136 custodiamus.
3025 1082 3150 1140 Huic
3188 1101 3290 1140 nos
3333 1102 3402 1141 ex
3443 1088 3672 1145 inﬁnitis

2099 1180 2295 1235 pauca,
2321 1183 2444 1236 qua:
2469 1169 2524 1221 in
2552 1171 2878 1226 adversariis
2905 1175 3216 1241 exstabant,
3248 1177 3316 1231 de
3346 1177 3672 1233 clericorum

2101 1259 2349 1314 caelibatu
2379 1261 2688 1331 selegimus.
2725 1263 2932 1319 Caetera
2963 1267 3017 1318 in
3052 1267 3358 1323 Annalibus
3382 1269 3576 1325 eccles.
3605 1270 3684 1325 ad

2101 1367 2304 1406 annum
2339 1353 2408 1408 58
2441 1362 2554 1409 tum
2584 1355 2653 1410 ab
2685 1356 2828 1421 aliis,
2861 1357 2956 1428 qui
2988 1357 3252 1414 adversus
3281 1358 3518 1416 baareses
3547 1362 3677 1416 scri-

2100 1455 2346 1513 pserunt,
2371 1447 2439 1500 ad
2479 1446 2623 1502 idem
2654 1459 3034 1519 argumentum
3064 1450 3341 1521 disputata
3374 1456 3636 1524 reperies.

2171 1540 2287 1595 Col.
2302 1539 2408 1595 884
2424 1539 2484 1596 Β.
2503 1530 2945 1613 Δευτερόγαμον
2953 1543 3022 1598 δὲ
3032 1546 3141 1597 οὐκ
3155 1545 3356 1606 ἔξεστι
3371 1547 3673 1617 δέχεσθαι.

2101 1630 2379 1704 Digamum
2392 1645 2499 1685 non
2516 1631 2688 1687 solum
2705 1631 2770 1687 ab
2783 1633 3074 1705 episcopali
3096 1634 3440 1698 munere,sed
3464 1641 3625 1696 etiam
3644 1657 3678 1698 λ

2102 1724 2276 1779 sacris
2299 1725 2555 1784 omnibus
2589 1731 3165 1791 ordinibusexclusum
3181 1737 3352 1793 fuisse
3387 1740 3674 1802 perpetuo.

2103 1814 2197 1884 qui
2249 1817 2480 1886 probare
2514 1818 2664 1880 velit,
2699 1819 2746 1872 is
2777 1821 2889 1874 otio
2933 1831 2988 1873 et
3021 1821 3208 1875 charta
3248 1822 3674 1894 intemperanter

2031 1886 2075 1942 Β
2104 1907 2380 1964 abutatur.
2403 1908 2480 1966 De
2509 1910 2778 1980 episcOpis
2807 1911 2959 1967 locus
2980 1921 3062 1968 εει
3088 1915 3331 1983 Apostoli
3361 1914 3380 1969 Ι
3408 1886 3548 1972 'i‘im.
3576 1933 3675 1974 in:

2107 1999 2327 2069 Oportet
2364 2002 2664 2071 episcopum
2709 2019 2820 2056 esse
2865 2004 3020 2056 unius
3063 2005 3246 2058 uxoris
3285 2006 3496 2071 virum;
3529 2008 3678 2078 quod

2104 2092 2247 2147 idem
2285 2103 2340 2148 et
2365 2095 2434 2149 ad
2461 2095 2641 2148 Titum
2670 2110 2790 2164 cap.
2821 2113 2859 2161 ι,
2885 2097 2937 2162 7,
2968 2099 3180 2167 repetit.
3208 2099 3418 2164 Quibus
3451 2101 3507 2155 in
3542 2101 3679 2156 locis

2104 2181 2266 2249 Beza,
2305 2191 2362 2238 et
2390 2183 2628 2238 haeretici
2659 2200 2867 2248 omnes,
2892 2189 3190 2256 praesertim
3219 2187 3504 2246 Molinzeus
3533 2191 3584 2245 in
3607 2192 3676 2261 ﬁ-

2105 2277 2189 2331 dei
2218 2275 2409 2339 Scuto,
2477 2292 2688 2334 necnon
2735 2287 2791 2334 et
2819 2277 3250 2348 jurisconsultus
3281 2283 3371 2337 ille
3397 2299 3559 2354 supra
3591 2299 3682 2338 re-

2104 2365 2310 2422 futatus
2345 2383 2376 2422 a
2410 2370 2600 2434 nobis,
2631 2370 2699 2425 de
2732 2371 2968 2442 digamis
3011 2373 3118 2429 illis
3153 2375 3474 2446 Apostolum
3511 2379 3682 2433 inter-

2101 2467 2420 2528 pretantur,
2469 2460 2563 2530 qui
2613 2462 2749 2516 citra
2801 2464 3096 2534 legitimam
3141 2482 3398 2531 causam,
3441 2468 3547 2524 hoc
3595 2479 3684 2526 est

2103 2562 2295 2620 praeter
2323 2553 2574 2609 adulterii
2604 2556 2843 2625 culpam,
2870 2560 3152 2628 repudiata
3187 2561 3419 2632 conjuge
3450 2562 3680 2617 alteram

2103 2646 2400 2702 duxissent.
2453 2646 2654 2704 Verum
2700 2652 2914 2708 tametsi
2964 2653 3068 2708 hoc
3110 2653 3287 2724 ipsum
3336 2656 3680 2726 digamorum

2105 2753 2276 2806 genus
2305 2740 2495 2794 eodem
2527 2741 2774 2812 Apostoli
2802 2747 3022 2800 decreto
3046 2748 3553 2818 comprehenditur,
3584 2750 3683 2804 ab-

2105 2831 2489 2886 surdissimum
2527 2843 2710 2890 tamen
2738 2845 2856 2902 est,
2889 2854 2997 2892 non
3032 2854 3127 2894 eos
3158 2854 3378 2910 quoque
3413 2839 3682 2895 contineri

2104 2921 2344 2988 credere,
2375 2924 2507 2994 qui,
2539 2941 2711 2980 uxore
2741 2935 2982 2990 mortua,
3016 2927 3177 2983 aliam
3209 2929 3336 2996 sibi,
3367 2941 3423 2984 et
3459 2930 3682 2999 quidem

2105 3011 2433 3083 legitimam,
2465 3016 2754 3086 conjugem
2796 3018 3110 3074 asciverint.
3155 3017 3229 3072 De
3269 3034 3382 3088 quo
3436 3020 3682 3074 luculen-

2107 3104 2381 3160 tissimum
2403 3106 2509 3163 hoc
2533 3107 2586 3161 in
2615 3107 2736 3162 loco
2761 3109 3131 3164 testimonium
3157 3110 3324 3166 habes
3350 3111 3636 3180 Epiphanii
3661 3128 3678 3167 :

2105 3214 2317 3255 necnon
2351 3207 2407 3254 ει
2466 3200 2521 3254 in
2543 3199 2906 3256 Catbarorum
2941 3201 3134 3256 baares.
3167 3201 3256 3267 59,
3288 3217 3444 3258 num.
3487 3203 3542 3267 4,
3585 3204 3678 3258 ubi

2107 3293 2308 3349 diserte
2344 3303 2505 3362 negat
2546 3309 2734 3350 sacros
2775 3296 2842 3349 ad
2883 3295 3103 3351 ordines
3137 3295 3291 3350 illum
3331 3296 3535 3366 recipi,
3584 3297 3682 3366 qui

2106 3385 2290 3456 priore
2319 3386 2552 3457 conjuge
2583 3397 2792 3443 mortua
2829 3390 3056 3444 alteram
3083 3388 3319 3444 duxerit.
3355 3387 3511 3456 Quod
3541 3389 3679 3445 adeo

2105 3495 2294 3534 verum
2322 3490 2425 3545 est,
2455 3489 2514 3536 ut
2537 3496 2607 3536 ne
2635 3480 2824 3536 Ariani
2861 3482 3081 3552 quidem
3114 3490 3308 3538 contra
3331 3497 3679 3538 communem

2107 3572 2252 3626 illam
2328 3580 2712 3644 receptamque
2795 3574 3245 3630 consuetudinem
3307 3574 3496 3630 venire
3557 3574 3681 3628 ausi

2107 3664 2329 3719 fuerint.
2360 3663 2497 3720 Nam
2544 3667 2597 3720 in
2634 3665 3010 3721 Ebionitarum
3055 3666 3250 3722 haeresi
3295 3665 3387 3731 30,
3437 3681 3590 3721 num.
3625 3667 3680 3732 5,

2105 3753 2376 3826 losephus
2403 3771 2609 3820 comes,
2645 3771 2770 3810 cum
2799 3757 3008 3822 Ariani,
3045 3767 3104 3812 ut
3129 3757 3196 3812 ad
3234 3766 3416 3827 partes
3447 3772 3577 3812 suas
3616 3757 3681 3811 il-

2107 3845 2218 3900 lum
2277 3850 2588 3914 traherent,
2630 3847 3006 3918 episcopatum
3043 3850 3094 3904 ei
3143 3850 3560 3919 pollicerentur,
3611 3866 3682 3905 ne

2106 3938 2308 3994 invitus
2340 3941 2409 3995 ab
2440 3940 2548 3994 illis
2578 3941 2944 4008 ordinaretur,
2991 3941 3172 4012 priore
3210 3941 3438 4012 conjuge
3485 3940 3680 3996 defun-

2105 4040 2224 4094 cta,
2256 4031 2521 4086 secundas
2557 4034 2777 4102 nuptias
2826 4033 2968 4086 iniit.
3021 4031 3315 4099 Quaesitum
3370 4032 3503 4087 olim
3554 4031 3678 4100 fuit,

2106 4131 2289 4175 utrum
2335 4125 2428 4192 qui
2475 4131 2602 4176 ante
2646 4121 2976 4192 baptismum
3029 4121 3315 4192 conjugem
3372 4122 3678 4191 habuisset,

2103 4213 2354 4283 digamus
2386 4213 2656 4284 ejusmodi
2682 4223 3020 4280 censeretur,
3052 4215 3143 4285 qui
3177 4217 3247 4270 ab
3291 4214 3680 4271 ecclesiasticis

2103 4306 2386 4361 ordinibus
2439 4317 2733 4362 arceretur.
2777 4307 2896 4376 Qua
2940 4307 3006 4362 de
3035 4324 3094 4363 re
3141 4324 3330 4378 parum
3379 4309 3678 4380 probabilis

2104 4397 2421 4470 Hieronymi
2457 4402 2724 4454 sententia
2758 4409 2938 4456 exstat
2981 4401 3038 4456 in
3070 4401 3242 4472 Epist.
3281 4402 3351 4457 ad
3382 4401 3674 4466 Oceanum,

2102 4507 2225 4561 qua:
2253 4502 2338 4548 est
2373 4492 2463 4546 8'5.
2508 4492 2609 4546 Cui
2654 4495 2926 4549 contraria
2977 4503 3060 4550 est
3115 4495 3402 4566 Augustini
3453 4495 3548 4551 lib.
3600 4497 3678 4550 De

421 4588 606 4656 pellat,
627 4603 749 4658 quae
772 4599 964 4658 Sponte
987 4605 1047 4645 se
1081 4606 1112 4646 a
1129 4592 1230 4648 viri
1256 4595 1650 4650 consuetudine
1676 4597 1993 4666 segregarit,

2105 4583 2237 4637 bono
2263 4585 2518 4655 coniugii,
2545 4600 2666 4656 cap.
2695 4587 2782 4652 18,
2812 4587 3154 4656 aliorumque
3181 4588 3404 4642 Patrum
3443 4588 3630 4658 opinio
3659 4608 3673 4642 :

421 4681 501 4735 uti
529 4695 739 4737 canone
775 4684 1096 4750 praecedenti
1133 4704 1144 4738 :
1184 4686 1394 4740 Assumi
1441 4687 1671 4756 aliquem
1715 4688 1784 4740 ad
1819 4705 1998 4742 sacer-

420 4773 626 4827 dotium
655 4789 760 4828 non
802 4791 954 4846 posse
985 4778 1043 4830 in
1071 4777 1283 4831 vinculo
1323 4779 1557 4851 conjugii
1606 4783 1994 4847 constitutum;

421 4867 527 4920 nisi
549 4867 810 4936 promissa
845 4871 1005 4938 fuerit
1032 4874 1324 4933 conversio,
1372 4888 1475 4924 non
1511 4882 1736 4940 oportet.
1768 4877 1837 4927 At
1867 4889 1999 4927 con-

421 4958 514 5013 cil.
549 4956 724 5013 Tolet.
760 4974 797 5025 ι,
825 4975 947 5016 can.
971 4960 1276 5036 4,decrevit
1305 4982 1318 5017 :
1355 4961 1423 5017 Ut
1466 4963 1818 5018 subdiaconus
1857 4983 1996 5022 utco-

419 5066 530 5105 rem
559 5050 785 5107 alteram
825 5054 1019 5107 ducens
1059 5054 1200 5108 inter
1225 5056 1476 5109 ostiarios
1517 5056 1596 5109 vel
1649 5056 1867 5111 lectores
1901 5059 1997 5111 lia-

421 5141 626 5196 beatur.
661 5141 815 5206 Quod
837 5143 884 5196 si
918 5143 1130 5196 tertiam
1162 5143 1396 5210 duxerit,
1427 5145 1568 5215 quod
1595 5161 1686 5199 nec
1717 5147 1998 5200 dicendum

419 5243 519 5298 est,
559 5233 832 5289 abstentus
862 5236 1068 5290 biennio
1099 5248 1286 5305 postea
1321 5239 1459 5290 inter
1489 5237 1657 5291 laicos
1690 5240 1999 5296 reconcilia-

425 5335 511 5379 tus
542 5335 656 5396 post
688 5328 1048 5398 paenitentiam
1087 5329 1452 5382 communicet.
1507 5329 1589 5385 Ad
1621 5331 1736 5386 haec
1767 5331 1998 5389 Siricius

423 5430 562 5486 papa
596 5418 648 5470 in
673 5419 924 5486 epistola,
954 5435 1076 5489 quae
1107 5420 1163 5474 in
1204 5418 1418 5476 Telensi
1449 5421 1686 5476 concilio
1717 5425 1853 5479 lecta
1889 5434 1995 5491 est,

423 5521 549 5562 can.
583 5511 655 5576 9;
699 5507 1046 5566 Innocentius
1090 5511 1252 5583 epist.
1321 5513 1378 5578 2,
1423 5528 1543 5583 cap.
1587 5513 1642 5581 9,
1667 5523 1722 5569 et
1745 5517 1905 5586 epist.
1939 5517 1994 5582 '5,

427 5619 548 5674 cap.
573 5604 624 5672 l,
651 5604 998 5676 presbyteros
1037 5605 1302 5662 duntaxat
1327 5617 1382 5663 et
1406 5607 1668 5663 diaconos
1695 5611 1844 5664 coire
1870 5625 1996 5665 cum

423 5699 690 5756 uxoribus
717 5701 1002 5773 prohibent
1022 5716 1284 5771 :quorum
1310 5701 1529 5757 decreta
1551 5703 1839 5758 conﬁrmat
1855 5705 1998 5774 Aga-

419 5790 613 5848 thense
648 5807 802 5848 conc.
849 5809 972 5849 can.
1019 5794 1072 5848 9.
1121 5792 1277 5860 Quod
1313 5797 1490 5864 ipsum
1541 5807 1722 5850 tamen
1768 5812 1890 5852 can.
1926 5797 1996 5852 39

423 5883 791 5942 subdiaconos
818 5886 981 5942 etiam
1028 5886 1439 5958 comprehendit
1467 5907 1478 5943 :
1518 5887 1839 5958 Presbyteri,
1871 5889 1991 5943 dia-

2105 4675 2194 4730 cui
2231 4677 2601 4732 ecclesiastica
2644 4679 2864 4734 traditio
2913 4695 2975 4734 ac
3042 4683 3380 4734 consuetudo
3419 4679 3676 4750 suﬁ‘raga-

2105 4777 2212 4824 tur.
2242 4769 2360 4837 Qua
2387 4771 2452 4826 de
2477 4787 2536 4827 re
2570 4770 2835 4827 Valentini
2864 4773 3104 4838 concilii,
3133 4773 3280 4843 quod
3306 4773 3410 4828 sub
3441 4773 3676 4828 Damaso

2103 4863 2431 4920 celebratum
2481 4874 2567 4919 est
2592 4904 2606 4929 ,
2642 4881 2813 4920 canon
2845 4865 3056 4935 primus
3099 4866 3172 4920 ita
3209 4866 3397 4921 statuit
3427 4884 3440 4921 :
3482 4864 3573 4919 Uti
3600 4865 3676 4918 di-

2103 4959 2245 5028 gami
2295 4974 2358 5011 ne
2390 4959 2701 5012 ordinentur
2729 4959 2947 5024 clerici,
2995 4958 3208 5012 etiamsi
3236 4957 3456 5028 gentiles
3503 4957 3675 5010 adhuc

2103 5053 2200 5105 hac
2232 5067 2287 5105 se
2312 5051 2542 5122 infelicis
2570 5051 2730 5104 sortis
2760 5053 3069 5104 necessitate
3101 5050 3500 5104 maculaverint.
3538 5047 3677 5104 Vide

2101 5146 2290 5200 lnnoc.
2317 5143 2357 5208 Ι,
2375 5143 2533 5213 epist.
2552 5143 2606 5206 2,
2625 5158 2673 5199 c.
2696 5143 2748 5198 6.
2767 5141 2909 5210 Quin
2925 5153 2979 5198 et
3006 5141 3260 5198 Zosimus
3287 5156 3424 5212 papa
3447 5141 3604 5210 epist.
3641 5142 3668 5194 1

2100 5251 2208 5292 non
2238 5237 2398 5292 modo
2423 5236 2766 5306 episcopum,
2812 5243 2906 5291 aut
2931 5235 3221 5291 diaconum
3267 5249 3331 5289 ac
3386 5233 3672 5288 subdiaco-

2099 5343 2251 5394 num,
2284 5327 2378 5383 sed
2412 5342 2481 5381 ne
2510 5326 2766 5381 lectorem
2798 5325 3043 5396 quidem,
3067 5335 3164 5380 aut
3187 5325 3515 5380 exorcistam
3549 5324 3667 5379 ﬁeri

2099 5421 2302 5491 patitur
2330 5435 2480 5486 eum,
2513 5421 2606 5490 qui
2636 5418 2813 5474 vidua:
2841 5419 2911 5473 sit
2938 5419 3193 5475 maritus.
3224 5417 3408 5472 lledeo
3431 5415 3498 5471 ad
3528 5417 3670 5487 Apo-

2099 5512 2224 5568 stoli
2250 5513 2431 5567 locum
2461 5513 2612 5566 illum
2642 5509 2663 5564 l
2694 5512 2761 5567 ad
2784 5509 3039 5584 Tim.,ttt.
3072 5511 3268 5578 Quem,
3297 5511 3374 5564 uti
3400 5510 3532 5577 dixi,
3553 5525 3666 5564 non

2101 5605 2409 5676 negandum
2448 5613 2534 5660 est.
2564 5605 2633 5659 ad
2667 5603 2790 5658 illos
2823 5606 3098 5674 pertinere
3135 5619 3356 5674 quoque
3388 5602 3663 5673 digamos,

2098 5701 2193 5770 qui
2237 5699 2517 5768 repudiata
2556 5710 2834 5768 utcunque
2861 5697 3092 5768 conjuge
3117 5712 3286 5752 novas
3332 5697 3548 5766 nuptias
3579 5712 3673 5752 co-

2100 5792 2343 5863 pularint
2375 5810 2388 5847 :
2424 5808 2535 5862 quo
2583 5807 2747 5846 sensu
2794 5791 3220 5862 Chrysostomus
3274 5790 3668 5860 interpretatus

2100 5897 2206 5956 est,
2250 5887 2343 5959 qui
2375 5895 2430 5944 et
2462 5887 2577 5958 ipse
2610 5895 2789 5943 tamen
2820 5887 3044 5943 alterius
3069 5887 3408 5959 digamorum
3436 5884 3670 5957 generis,
