4054 6404
487 368 630 428 1079

1619 367 1960 424 APPENDIX
2013 368 2646 426 DISSERTATIONUM.

3609 370 3632 424 Ι
3647 365 3758 422 030

484 503 538 546 et
571 491 792 560 quidem
821 505 1048 554 eorum,
1097 489 1190 559 qui
1238 498 1360 558 post
1407 489 1650 558 priorum
1685 491 1892 544 obitum
1929 491 2065 546 alias

2171 493 2435 564 ράκοντα,
2469 493 2564 546 καὶ
2595 490 2798 560 ταύτην
2840 489 2976 560 μετὰ
3007 487 3268 560 ἀκριϐοῦς
3291 486 3640 558 δοκιμασίας.
3679 485 3757 542 Do

483 583 806 644 duxissent,
843 580 1112 634 meminit.
1146 579 1303 642 Τινὲς
1343 579 1427 642 δὲ,
1461 580 1668 648 inquit,
1705 581 1794 634 ἵνα
1835 583 1899 634 ὲκ
1937 584 2064 652 μιᾶς

483 673 743 742 γυναικὸς
770 669 835 745 ᾖ,
869 673 1000 742 φασὶ
1028 671 1186 725 τοῦτο
1217 670 1490 743 εἰρῆσθαι.
1533 671 1764 738 Quidam
1807 673 1924 728 ideo
1977 675 2064 726 di-

487 777 634 818 ctum
681 765 778 818 hoc
809 764 872 817 ab
905 762 1157 834 Apostolo
1185 773 1414 828 censent,
1453 773 1511 816 ut
1551 763 1614 814 ab
1656 781 1764 816 una
1799 781 1962 819 uxore
1995 766 2064 820 sit

485 861 738 918 (mortua
795 855 1004 910 scilicet
1027 855 1076 926 ').
1121 855 1336 910 Clarius
1368 857 1420 910 in
1457 855 1750 910 Comment.
1783 859 1852 910 ad
1889 857 2066 912 Titum

484 949 634 1004 hour.
665 947 720 1012 2,
748 947 836 1002 ubi
863 963 1086 1004 causam
1127 947 1270 1006 hanc
1293 949 1605 1018 apostolicae
1657 950 1954 1004 sanctionis
1979 951 2065 1004 af-

485 1040 596 1096 fert
637 1058 650 1094 :
703 1041 762 1092 '0
809 1039 919 1112 γὰρ
966 1040 1102 1112 πρὸς
1137 1039 1234 1112 τὴν
1267 1041 1610 1094 ἀπελθοῦσαν
1653 1041 1924 1112 μηδεμίαν
1965 1061 2066 1112 φυ-

485 1132 652 1198 λάξας
705 1131 920 1186 εὔνοιαν
945 1173 960 1198 ,
1013 1133 1130 1198 πῶς
1181 1133 1250 1188 ἂν
1297 1129 1448 1198 οὗτος
1495 1135 1704 1203 γένοιτο
1754 1137 2065 1206 προστάτης

485 1226 684 1291 καλός;
729 1223 834 1292 Qui
877 1227 1140 1295 defuncta!
1197 1228 1352 1280 uxori
1401 1227 1807 1280 benevolentiam
1859 1227 2062 1280 nullam

483 1333 716 1372 servasse
745 1317 1154 1386 deprehenditur
1179 1359 1194 1382 ,
1227 1333 1454 1389 quonam
1495 1327 1652 1388 pacto
1683 1321 1766 1372 hic
1809 1317 2065 1374 Ecclesia:

483 1426 706 1480 prazesse
761 1411 1003 1480 poterit?
1055 1411 1425 1466 Ἀπελθοῦσαν
1473 1411 1709 1482 appellat
1754 1421 2062 1480 mortuam,

485 1519 594 1557 non
628 1519 776 1566 eam,
807 1519 930 1575 qua
969 1507 1246 1574 repudiata
1271 1505 1514 1560 discessit
1553 1547 1566 1571 ,
1605 1515 1664 1560 ut
1695 1507 1945 1576 imperite
1972 1505 2064 1575 ju-

485 1597 854 1651 risconsultus
889 1597 1084 1662 vertit;
1133 1613 1258 1654 nam
1307 1607 1362 1654 et
1403 1599 1546 1668 apud
1595 1597 2064 1670 TheOphylactum

485 1685 676 1740 eadem
704 1686 1082 1757 Chrysostomi
1113 1687 1278 1743 verba
1313 1689 1388 1744 ita
1417 1689 1718 1744 redduntur
1747 1709 1759 1744 :
1795 1689 1900 1754 Qui
1923 1693 2064 1744 enim

485 1773 692 1828 nullam
732 1777 958 1830 servavit
1003 1777 1414 1833 benevolentiam
1447 1796 1572 1850 ergo
1609 1797 1762 1846 eam,
1807 1797 1925 1852 qua:
1971 1783 2063 1836 ob-

485 1867 698 1930 iit,etc.
719 1865 902 1934 Quare
928 1869 1204 1938 posterius
1240 1870 1370 1925 illud
1399 1885 1464 1925 ac
1489 1872 1790 1942 legitimum
1817 1874 2064 1944 digamo—
2095 1867 2136 1922 Β

485 1975 608 2014 rum
665 1975 837 2031 genus
883 1961 953 2016 ab
999 1963 1302 2032 apostolico
1353 1964 1446 2018 illo
1501 1965 1722 2020 decreto
1781 1981 2061 2036 nunquam

485 2051 911 2123 Chrysostomus
955 2055 1207 2111 exclusit.
1265 2054 1418 2112 Unus
1465 2055 1875 2122 Theodoretus,
1919 2059 2064 2128 quod

485 2145 644 2202 valde
671 2147 868 2213 miror,
887 2149 1036 2206 solos
1059 2149 1438 2220 digamos,qui
1467 2152 1653 2222 plures
1673 2152 1836 2208 simul
1865 2167 2064 2206 uxores

488 2239 780 2308 haberent,
817 2241 886 2296 ab
919 2241 1184 2312 Apostolo
1239 2245 1556 2314 repudiatus
1591 2247 1798 2302 sentire
1827 2245 2060 2300 videtur.

485 2329 544 2386 lu
577 2347 686 2400 quo
716 2334 1024 2390 audiendus
1057 2351 1164 2390 non
1193 2345 1278 2392 est
1301 2377 1315 2401 ,
1357 2341 1640 2406 multoque
1669 2338 1853 2394 minus
1896 2337 2067 2392 luere-

487 2426 604 2491 tici,
651 2427 732 2481 uti
777 2425 916 2481 Beza
949 2429 1264 2498 cazterique,
1309 2430 1402 2499 qui
1435 2431 1488 2484 in
1521 2430 1841 2500 apostolicis
1886 2430 2066 2484 verbis

487 2527 818 2588 praeceptum
849 2520 1118 2576 contineri
1151 2530 1344 2591 putant
1365 2563 1379 2586 ,
1411 2523 1556 2594 quod
1599 2523 1810 2578 nullum
1845 2522 1912 2578 ad
1951 2523 2066 2593 epi-

489 2619 806 2678 scopatum,
837 2611 940 2666 nisi
979 2627 1150 2666 uxore
1191 2613 1354 2668 ducta
1375 2655 1389 2678 ,
1425 2617 1734 2684 promoveri
1767 2617 2061 2687 permittat.

489 2701 646 2767 Quod
673 2703 994 2772 jamdudum
1029 2704 1468 2778 TheOpbylactus
1495 2707 1712 2765 refellit.

557 2795 678 2850 Col.
698 2795 874 2852 884C.
891 2799 958 2850 El
973 2795 1040 2849 δὲ
1051 2797 1173 2852 εἷεν
1187 2801 1400 2854 ἱκανοί.
1417 2799 1884 2868 Quemadmodum
1903 2819 1934 2860 e
1951 2821 2060 2860 mo-

488 2887 682 2946 nachis
697 2889 1048 2960 eligendisint
1063 2893 1266 2956 clerici,
1280 2895 1436 2950 docet
1451 2896 1786 2966 Augustinus
1797 2899 1954 2966 epist.
1974 2897 2060 2952 76.

561 2979 694 3036 Ibid.
723 2983 829 3036 Kal
853 2981 1230 3039 διακόνισοται
1251 2985 1319 3038 δὲ
1341 2988 1747 3044 καθίστανται.
1783 2989 2066 3047 Diaconis-

491 3087 676 3127 sarum
714 3087 872 3128 usum
915 3081 970 3129 et
998 3075 1302 3130 institutum
1327 3078 1545 3132 uberius
1573 3079 2063 3150 Collyridianorum

491 3161 683 3218 Itaaresi
705 3163 965 3228 declarat,
985 3181 1106 3234 qua:
1131 3176 1214 3220 est
1232 3166 1318 3230 79,
1347 3185 1496 3224 num.
1519 3169 1554 3224 5
1579 3179 1634 3224 et
1649 3170 1702 3226 4.
1727 3171 1826 3228 Ubi
1853 3175 1918 3228 ad
1941 3191 2062 3230 mu—

489 3253 710 3318 lierum,
727 3269 848 3324 qua:
869 3255 1234 3324 baptizantur,
1260 3257 1542 3326 obsequia,
1558 3260 1802 3332 aliasque
1823 3264 1876 3318 id
1896 3281 2065 3334 genus

489 3343 798 3398 functiones
843 3343 1028 3414 deligi,
1079 3346 1242 3416 idque
1297 3363 1326 3402 e
1373 3349 1658 3404 viduarum
1719 3355 2062 3420 potissimum

491 3437 705 3500 ordine,
731 3435 940 3490 scribit.
965 3435 1118 3492 Unde
1139 3449 1194 3492 et
1221 3439 1392 3494 viduis
1427 3449 1481 3496 et
1514 3443 1838 3512 presbytides
1879 3447 2064 3515 appel-

491 3527 696 3582 lmtur.
731 3525 842 3582 lloc
867 3545 996 3584 vero
1023 3529 1145 3583 loco
1193 3545 1300 3584 non
1334 3533 1508 3586 solum
1541 3535 1756 3598 viduas,
1783 3537 1876 3591 sed
1901 3539 2063 3592 etiam

491 3633 790 3692 perpetuas
821 3623 943 3692 capi
973 3623 1214 3692 virgines
1243 3625 1532 3694 signiﬁcat.
1571 3625 1815 3684 Zonaras
1859 3639 1912 3686 et
1942 3630 2065 3685 Bal-

489 3727 646 3768 samo
669 3713 974 3768 Comment.
999 3714 1067 3768 ad
1101 3729 1226 3769 can.
1255 3716 1322 3770 19
1357 3715 1588 3773 Nicaeus:
1610 3721 2066 3794 synodi,virgines

489 3803 762 3873 praecipue
805 3804 1042 3860 delectas
1085 3820 1206 3860 esse
1247 3807 1488 3862 docent:
1539 3809 1808 3881 Παρθένοι
1853 3813 2068 3884 (inquit

489 3895 764 3966 Zonaras)
803 3895 866 3950 τὸ
899 3895 1126 3952 παλαιὸν
1156 3901 1495 3970 προσήγοντο
1531 3901 1608 3972 τῷ
1641 3903 1762 3976 Θεῷ
1815 3905 2064 3972 ἁγνεύειν

487 3985 867 4057 ὁμολογοῦσαι,
901 3987 966 4052 ἃς
1011 3990 1060 4043 οἱ
1111 3989 1398 4044 ἐπίσκοποι
1447 3991 1732 4064 καθιέρουν
1785 3998 1928 4052 κατὰ
1973 3999 2064 4052 τὸν

489 4083 543 4144 ς’
585 4078 786 4134 κανόνα
817 4079 918 4150 τῆς
954 4080 1011 4132 ὲν
1045 4081 1378 4158 Καρθαγὲνῃ
1416 4085 1631 4138 συνόδου
1651 4126 1664 4150 ,
1697 4088 1790 4141 καὶ
1817 4087 1918 4158 τῆς
1948 4090 2066 4143 τού-

487 4187 596 4224 των
627 4170 946 4242 ἐφρόντιζον
991 4171 1236 4242 φυλακῆς
1286 4174 1427 4228 κατὰ
1473 4177 1563 4230 τὸν
1611 4177 1692 4248 μδ²
1735 4181 1936 4234 κανόνα
1965 4182 2065 4253 τῆς

487 4259 660 4328 αὐτῆς
693 4261 909 4314 συνόδου
931 4275 944 4290 ·
987 4259 1046 4324 εξ
1084 4255 1158 4315 ὧν
1185 4263 1248 4332 δὴ
1290 4262 1576 4334 παρθένιον
1607 4267 1701 4320 καὶ
1728 4267 2063 4324 διακόνισσαι

488 4353 921 4426 ὲχειροτονοῦντο
975 4353 1114 4407 κατὰ
1158 4354 1248 4408 τὸν
1301 4357 1492 4427 καιρὸν
1549 4358 1639 4410 τὸν
1687 4361 2059 4432 προσήκοντα,

487 4449 656 4519 ἤγουν
704 4449 791 4502 ὅτε
833 4447 968 4502 ἐτῶν
1002 4448 1251 4516 ὲγένοντο
1295 4457 1374 4520 μ’·
1409 4453 1466 4504 αἱ
1503 4452 1559 4504 δὲ
1601 4452 1845 4516 τοιαῦται
1887 4456 1979 4508 καί
2012 4473 2063 4508 τι

2167 601 2236 638 xr.
2271 585 2432 640 annis
2455 584 2598 638 idem
2619 583 2928 652 Agathense
2955 581 3194 635 deerevit
3217 596 3340 634 can.
3379 579 3460 632 19.
3495 579 3754 648 lgnatius

2165 679 2326 747 epist.
2359 677 2394 730 9
2423 692 2438 728 :
2483 675 2828 746 Ἀσπάζομαι
2867 675 2965 739 τὰς
2995 673 3266 744 φρουροὺς
3295 673 3403 726 τῶν
3443 673 3616 740 ἁγίων
3655 689 3756 722 πυ-

2165 769 2373 834 λώνων,
2411 769 2508 832 τὰς
2553 771 2612 822 ὲν
2651 767 2872 840 Χριστῷ
2897 768 3196 832 διακόνους.
3233 765 3546 836 Epaunense
3581 775 3758 832 porro

2167 877 2290 917 can.
2339 862 2402 916 21
2463 860 2805 916 diaconissas
2850 860 3112 916 sustulit:
3167 856 3487 919 l’iduarum,
3529 855 3752 924 inquit,

2167 955 2612 1010 consecrationem
2633 993 2647 1018 ,
2693 969 2826 1024 quas
2853 955 3106 1006 diaconus
3137 960 3355 1012 uocant,
3387 949 3448 1002 ab
3481 949 3628 1002 omni
3667 964 3756 1000 re-

2165 1049 2316 1118 gione
2347 1058 2530 1100 nostra
2563 1045 2769 1114 penitus
2799 1043 3144 1113 abrogamus,
3175 1041 3344 1095 solum
3381 1043 3454 1094 eis
3485 1039 3754 1104 paeniten-

2169 1141 2256 1190 tia:
2283 1135 2693 1190 benedictionem
2715 1172 2729 1198 ,
2764 1135 2809 1188 si
2837 1133 3068 1188 conuerti
3101 1132 3338 1185 ambiunt
3361 1174 3377 1196 ,
3405 1127 3752 1198 imponendo.

2167 1228 2280 1282 lmo
2325 1237 2380 1282 et
2431 1227 2799 1282 Laodicenum
2847 1241 2916 1280 ex
2961 1241 3024 1278 ea
3071 1233 3224 1293 parte
3265 1222 3491 1284 saltem,
3529 1231 3588 1274 ut
3623 1219 3754 1274 aliis

2166 1321 2490 1376 mulieribus
2523 1319 2746 1374 minime
2773 1325 3090 1388 praeessent,
3120 1331 3220 1369 nec
3246 1329 3436 1369 earum
3463 1312 3756 1368 ducenda-

2165 1429 2286 1468 rum
2315 1429 2516 1468 munus
2545 1419 2900 1481 usurparent,
2929 1419 2989 1464 ut
3015 1408 3261 1464 Zonaras
3289 1417 3344 1462 et
3371 1406 3630 1462 Balsamo
3655 1405 3752 1457 de-

2165 1509 2376 1562 clarant
2399 1507 2464 1560 ad
2497 1521 2618 1560 can.
2653 1505 2736 1558 Η.
2772 1503 2944 1574 Cujus
2979 1504 3093 1558 llaec
3119 1503 3283 1556 verba
3309 1513 3437 1555 sunt
3465 1517 3477 1550 :
3511 1499 3604 1570 Μὴ
3627 1497 3746 1550 δεῖν

2163 1599 2260 1664 τὰς
2299 1598 2597 1668 λεγομένας
2630 1596 3022 1668 πρεσϐύτιδας,
3059 1595 3178 1666 ﬁco:
3210 1591 3662 1664 προκαθημένας,
3695 1591 3754 1642 ἐν

2175 1691 2474 1764 Ἐκκλησία
2505 1689 2891 1745 καθίστασθαι.
2921 1689 3053 1756 Quae
3085 1687 3156 1742 ita
3183 1699 3337 1742 vetus
3363 1685 3528 1740 editio
3547 1683 3756 1737 Latina

2164 1785 2446 1856 concipit:
2499 1783 2786 1846 Mulieres,
2834 1799 2950 1853 qua:
2993 1781 3136 1840 apud
3177 1777 3388 1834 Graecos
3429 1779 3758 1846 presbyterce

2165 1877 2522 1948 appellantur,
2573 1877 2713 1946 apud
2759 1892 2852 1930 nos
2899 1884 3075 1928 autem
3107 1873 3282 1927 uidua:
3327 1872 3574 1932 seniores,
3629 1869 3756 1920 uui-

2165 1973 2294 2026 νίν-αι
2331 1981 2377 2026 et
2405 1968 2792 2024 matriculariaa
2845 1969 3210 2028 nominantur,
3242 1965 3298 2018 in
3331 1962 3592 2026 Ecclesia,
3639 1971 3756 2013 tan-

2163 2081 2322 2136 quam
2361 2063 2658 2128 ordinatas,
2693 2061 2944 2114 constitui
2997 2075 3100 2114 non
3126 2059 3328 2112 debere.
3363 2055 3438 2110 De
3471 2053 3756 2109 diaconis-

2165 2159 2240 2214 sis
2280 2165 2515 2226 nugatur
2558 2153 3013 2210 Pseudodiataxis
3045 2151 3222 2207 Clem.
3257 2151 3354 2206 lib.
3389 2167 3448 2211 ιι.
3483 2163 3608 2218 cap.
3655 2147 3752 2211 26,

2167 2247 2258 2302 ubi
2301 2249 2601 2316 episcopum
2639 2245 2732 2300 Dei
2783 2243 2956 2300 Patris
2995 2245 3171 2298 instar
3195 2257 3318 2298 esse
3349 2241 3516 2306 dicit,
3557 2239 3754 2292 diaco-

2167 2355 2290 2393 num
2337 2337 2540 2392 Christi
2607 2337 2860 2403 Domini,
2909 2336 3270 2389 diaconissam
3324 2349 3454 2388 vero
3507 2331 3753 2402 Spiritus

2167 2432 2362 2486 sancti.
2415 2428 2651 2484 Proinde
2689 2429 2764 2482 uti
2795 2427 3032 2498 Spiritus
3061 2437 3286 2482 sanctus
3329 2425 3466 2478 nihil
3498 2441 3526 2478 a
3563 2425 3753 2492 seipse

2165 2525 2297 2578 dicit
2357 2521 2573 2584 facitve,
2627 2519 2764 2574 ἀλλὰ
2797 2517 3034 2584 δοξάζων
3067 2519 3158 2572 τὸν
3199 2517 3432 2589 Χριστὸν
3463 2520 3753 2588 περιμένει

2165 2617 2225 2669 τὸ
2272 2614 2482 2668 ἐκείνου
2515 2613 2728 2683 θέλημα
2752 2655 2766 2678 ,
2801 2614 2874 2666 ita
2912 2611 3238 2666 diaconissae
3283 2610 3422 2664 nihil
3455 2611 3577 2664 sine
3625 2609 3750 2662 dia-

2167 2727 2308 2766 cono
2332 2709 2530 2764 debent
2559 2709 2858 2778 suscipere.
2892 2705 3024 2772 Quae
3055 2713 3184 2758 sunt
3213 2698 3466 2776 γραώδη,
3497 2713 3552 2758 et
3579 2704 3754 2757 luere-

2167 2803 2270 2860 sim
2301 2814 2560 2871 praeterea
2589 2799 2697 2852 τῶν
2731 2797 3212 2866 Πνευματομάχων
3241 2793 3504 2848 redolent.

2236 2895 2356 2950 Col.
2375 2895 2480 2949 885
2501 2895 2565 2947 A.
2585 2889 2705 2947 Εἶθ’
2727 2890 2874 2960 ἑξῆς
2890 2891 3115 2944 τούτων
3142 2885 3512 2954 ἑπορκισταί.
3541 2882 3748 2938 Horum

2166 2989 2410 3046 omnium
2427 2997 2481 3042 et
2503 2985 2919 3058 praecedentium
2942 2981 3193 3037 ordinum
3215 2979 3404 3034 crebra
3423 2985 3506 3032 est
3527 2976 3581 3029 in
3603 2984 3752 3030 vete-

2167 3087 2317 3140 ribus
2341 3081 2566 3154 synudis
2588 3089 2642 3134 et
2665 3078 2806 3148 apud
2831 3077 3083 3145 antiquos
3106 3072 3294 3126 Patris
3320 3070 3544 3124 mentio.
3563 3067 3621 3120 In
3641 3067 3751 3136 pri-

2167 3175 2543 3245 misCarthag.
2563 3187 2614 3228 tv
2634 3170 2876 3242 singulos
2899 3167 3097 3240 gradus
3114 3163 3526 3220 accuratissime
3542 3158 3750 3215 descri-

2171 3267 2268 3330 bit,
2291 3275 2470 3334 etquo
2493 3263 2726 3332 quisque
2747 3261 2854 3314 ritu
2876 3259 2948 3314 sit
2974 3255 3273 3310 initiandus
3298 3253 3558 3307 declarat.
3589 3247 3750 3317 Apud

2169 3358 2437 3430 lgnatium
2471 3371 2596 3409 cum
2629 3355 2682 3408 in
2716 3351 2840 3406 aliis
2865 3349 3146 3420 epistolis,
3178 3355 3292 3400 tum
3323 3345 3373 3398 in
3393 3351 3672 3414 postrema
3686 3343 3744 3409 9,

2169 3461 2364 3521 praeter
2385 3452 2629 3518 majores
2659 3446 2783 3502 illos
2811 3449 3311 3498 commemorantur
3347 3432 3744 3502 Ἀναγνῶσται,

2167 3543 2402 3608 Ψάλται,
2449 3539 2730 3611 Πυλωροὶ,
2776 3538 2825 3590 ol
2873 3535 3210 3598 Κοπιῶντες,
3245 3527 3617 3600 Ἐπορκισταί.
3673 3523 3748 3578 De

2167 3636 2368 3708 quibus
2387 3633 2642 3688 omnibus
2663 3629 2900 3684 Annales
2931 3625 3188 3680 Ecclesia:
3217 3623 3459 3680 consule.

2238 3727 2372 3782 Ibid.
2393 3726 2453 3779 Β.
2477 3728 2522 3778 Σ
2527 3721 2772 3787 υνάξεις
2797 3719 2864 3772 δὲ
2880 3717 3348 3785 ἐπιτελούμεναι.
3374 3711 3606 3784 Synaxis
3631 3722 3750 3780 pro-

2167 3819 2284 3888 prie
2309 3831 2496 3872 sacros
2519 3821 2844 3878 conventus,
2871 3819 2924 3866 et
2955 3811 3101 3880 quod
3133 3809 3186 3862 in
3213 3807 3320 3862 illis
3339 3821 3368 3860 a
3394 3804 3642 3858 ﬁdelibus
3659 3815 3746 3854 ee-

2167 3912 2428 3974 lebratur,
2445 3907 2688 3963 divinum
2709 3905 2942 3960 ollicium
2963 3901 3234 3972 signiﬁcat
3249 3917 3265 3966 ;
3283 3897 3428 3968 quod
3460 3907 3744 3950 sacrarum

2167 4005 2500 4060 Litterarum
2525 4001 2836 4060 lectionem,
2865 3993 3250 4066 psalmodiam,
3283 3999 3599 4051 tractatum,
3633 3989 3746 4040 sive

2167 4109 2476 4154 sermonem
2521 4093 2588 4146 ad
2639 4089 2929 4161 populum,
2979 4103 3043 4142 ac
3069 4087 3313 4146 demum,
3347 4083 3440 4136 ubi
3471 4097 3612 4151 opus
3641 4086 3744 4144 est,

2167 4189 2478 4245 divinorum
2527 4183 2913 4254 mysteriorum
2965 4177 3390 4234 celebrationem
3435 4171 3746 4241 complecti-

2167 4293 2278 4346 tur,
2328 4281 2404 4336 uti
2465 4277 2668 4332 Fronto
2721 4274 2951 4328 Duczeus
3001 4280 3186 4326 noster
3247 4267 3314 4322 ad
3369 4261 3744 4336 Chrysostomi

2168 4383 2308 4428 orat.
2348 4373 2384 4425 2
2409 4371 2460 4423 in
2503 4367 2721 4422 Judazos
2755 4364 3057 4418 adnotavit.
3091 4361 3494 4428 Nonnunquam
3541 4367 3742 4418 tamen,

2169 4476 2230 4522 ut
2261 4465 2402 4536 apud
2438 4461 2780 4534 Dionysium,
2816 4457 3115 4528 prmsertim
3149 4455 3289 4508 libro
3323 4451 3398 4505 De
3425 4451 3608 4503 eccles.
3633 4447 3744 4500 hie-

490 4543 674 4612 σχῆμα
709 4541 982 4595 ἐνεδύοντο
1011 4541 1161 4612 παρὰ
1183 4541 1292 4594 τῶν
1321 4543 1634 4598 ἐπισκόπων
1667 4547 1724 4598 ἐν
1748 4545 1826 4617 τῷ
1859 4555 1934 4600 κε’
1959 4550 2064 4602 ἐνι-

2169 4575 2301 4628 rata,
2317 4570 2436 4624 cap.
2467 4555 2523 4620 5,
2548 4567 2648 4624 pro
2678 4551 2794 4621 ipsa
2824 4546 3232 4608 communione,
3257 4543 3340 4598 vel
3367 4543 3551 4596 missa“:
3575 4537 3746 4593 sacri-

489 4635 639 4706 αυτῷ
669 4635 771 4705 τῆς
799 4634 1014 4704 ἡλικίας
1048 4635 1248 4690 αὐτῶν.
1282 4635 1656 4694 Tertullianus
1689 4654 1820 4694 vero
1851 4641 1946 4698 lib.
1991 4641 2064 4696 De

488 4725 727 4778 vetandis
761 4725 952 4795 virgin.
981 4741 1100 4794 cap.
1131 4727 1184 4790 9,
1203 4725 1396 4782 viduas
1427 4727 1492 4780 ad
1521 4728 1789 4798 ejusmodi
1815 4731 2064 4787 ministe-

489 4818 570 4869 ria
596 4817 922 4872 constitutas
953 4815 1125 4872 fuisse
1155 4832 1222 4871 ex
1251 4818 1496 4888 Apostoli
1525 4821 1851 4877 auctoritate
1892 4823 2064 4893 signi-

488 4907 638 4972 ﬁcat,
671 4918 726 4962 et
772 4910 1022 4978 queritur
1067 4909 1136 4964 ab
1162 4911 1420 4980 episcopo
1455 4912 1692 4981 quodam
1730 4915 1927 4970 alicubi
1959 4919 2065 4971 vir-

491 5003 665 5071 ginem
704 5002 760 5054 in
797 5001 1020 5056 viduatu
1049 5003 1114 5056 ab
1143 5005 1297 5057 annis
1330 5005 1562 5058 nondum
1609 5007 1793 5077 uiginti
1835 5009 2066 5064 colloca-

493 5103 622 5149 tam.
651 5094 1082 5166 Cartbaginense
1115 5113 1186 5161 Iv,
1213 5113 1332 5168 cap.
1356 5099 1444 5162 12,
1468 5099 1535 5153 de
1565 5101 1756 5154 harum
1787 5102 1964 5158 olIieio
1995 5104 2066 5158 ita

491 5187 738 5257 loquitur
773 5207 786 5243 :
845 5187 1027 5244 Vidute
1048 5230 1062 5254 ,
1111 5191 1188 5244 vel
1218 5193 1648 5248 sanctimoniales
1669 5235 1684 5256 ,
1716 5211 1832 5266 quas
1865 5197 1932 5250 ad
1973 5199 2069 5250 mi-

491 5282 772 5334 nisterium
802 5281 1248 5350 baptizandarum
1291 5285 1570 5340 mulierum
1616 5287 1914 5357 eligantur,
1957 5299 2067 5344 tam

492 5372 770 5426 instructa:
796 5374 900 5426 sint
935 5373 1003 5427 ad
1060 5374 1318 5445 ofﬁciunt,
1358 5387 1415 5429 ut
1444 5379 1648 5446 possint
1685 5391 1806 5447 apto
1845 5390 1894 5434 et
1934 5397 2066 5436 sano

493 5480 732 5517 sermone
761 5463 945 5520 docere
975 5468 1250 5536 imperitas
1299 5478 1348 5522 et
1393 5471 1622 5524 rusticas
1655 5473 1900 5526 mulieres
1941 5483 2072 5526 tent-

505 5571 635 5624 μοι-ε
657 5573 757 5626 quo
788 5557 1119 5626 baptizanda'
1142 5571 1280 5626 sunt,
1307 5562 1537 5631 qualiter
1573 5565 1894 5633 baptizatori
1917 5567 2073 5620 inter-

435 5649 443 5660 ‘
493 5657 696 5716 rogata:
750 5651 1122 5718 respondeant,
1155 5661 1204 5706 et
1235 5653 1463 5723 qualiter
1495 5665 1706 5724 accepto
1754 5655 2070 5725 baptismate

496 5739 691 5794 vivant.
728 5739 1034 5796 Concilium
1077 5744 1520 5802 Chalcedonense
1560 5761 1684 5803 can.
1734 5748 1802 5802 15
1833 5767 1846 5804 :
1879 5749 2072 5803 Διακό-

496 5846 688 5888 νισσαν
721 5833 796 5906 μὴ
832 5837 1248 5908 χειροτονεῖσθαι
1276 5843 1506 5908 γυναῖκα
1553 5841 1660 5914 πρὸ
1705 5841 1840 5896 ἑτῶν
1881 5859 2072 5898 τεσσα-

2167 4651 2293 4705 ﬁcio
2318 4647 2575 4703 sumitur.
2603 4643 2739 4698 Nam
2775 4642 2848 4696 ibi
2881 4655 3104 4696 causam
3141 4637 3388 4708 inquirit,
3421 4651 3522 4690 cur
3559 4649 3748 4686 κοινω-

2167 4741 2286 4804 νίας
2317 4748 2371 4794 et
2419 4737 2694 4804 συνάξεως
2739 4735 3029 4806 appellatio
3077 4733 3262 4786 divino
3298 4731 3374 4784 illi
3421 4726 3748 4800 augustissi-

2168 4847 2368 4901 muque
2391 4837 2753 4892 sacramento,
2790 4841 2950 4896 quam
2983 4823 3206 4893 τελετὴν
3223 4818 3450 4873 τελετῶν
3479 4818 3744 4876 nominat,

2167 4927 2438 4997 praacipue
2469 4921 2758 4984 tribuatur,
2790 4933 2916 4972 cum
2967 4925 3288 4970 cancrorum
3318 4928 3382 4966 ea
3413 4925 3635 4980 quoque
3669 4909 3746 4961 vis

2167 5017 2260 5080 sit,
2305 5025 2366 5070 ut
2407 5011 2665 5086 μεριστάς
2689 5009 2845 5082 ἡμῶν
2873 5007 3017 5072 ζωὰς
3053 5009 3132 5070 εἰς
3164 5003 3368 5074 ὲνοειδῆ
3399 5001 3593 5055 θέωσιν
3623 5017 3746 5053 συν-

2169 5109 2348 5176 άγειν,
2394 5107 2500 5160 huc
2529 5113 2634 5168 est,
2671 5101 2993 5157 consociare
3025 5097 3263 5169 possint.
3290 5095 3518 5163 PrOprie
3542 5103 3744 5152 tamen.

2173 5211 2232 5256 ut
2269 5215 2370 5256 nos
2409 5198 2675 5260 diximus,
2700 5195 2920 5261 σύναξις
2964 5200 3296 5248 conventum
3328 5203 3550 5244 sacrum
3579 5195 3632 5240 et
3661 5185 3744 5238 di-

2168 5293 2380 5354 vinum,
2426 5289 2572 5360 quod
2618 5289 2673 5342 in
2717 5302 2784 5342 eo
2818 5285 3117 5358 peragitur,
3153 5283 3390 5338 cilicium
3443 5287 3624 5336 sonat.
3658 5275 3746 5330 Sic

2169 5383 2507 5454 Epiphanius
2555 5381 2610 5436 in
2645 5381 2840 5435 haeres.
2869 5378 2961 5442 69,
2983 5393 3106 5448 qua:
3144 5385 3229 5432 est
3260 5374 3742 5436 Ariomanilarum,

2170 5477 2236 5530 de
2257 5475 2388 5528 Ario
2418 5473 2740 5543 ceterisque
2771 5471 3104 5542 presbyteris
3151 5485 3246 5540 per
3301 5468 3536 5522 urbanas
3572 5465 3742 5520 eccle-

2172 5566 2283 5620 sias
2311 5563 2650 5619 Alexandriae
2677 5563 2983 5616 distributis
3018 5561 3308 5623 ;”Εκαστος
3339 5557 3394 5611 δὲ
3423 5556 3628 5609 τούτων
3655 5554 3746 5624 δῆ-

2171 5657 2261 5712 λον
2283 5657 2424 5711 κατὰ
2449 5655 2546 5728 τὴν
2573 5655 2889 5726 εἰθισμένην
2913 5653 3128 5718 σύναξιν
3154 5653 3246 5705 τὸν
3271 5651 3421 5722 αὐτῷ
3451 5665 3743 5703 πεπιστευ-

2175 5749 2336 5820 μένον
2376 5747 2502 5801 λαὸν
2537 5746 2802 5801 διδάσκων
2847 5748 2905 5798 ὲν
2949 5747 3067 5808 ταῖς
3107 5743 3422 5815 ὲξηγήσεσι,
3461 5751 3570 5798 etc.
3599 5739 3743 5794 Hauc

2171 5841 2354 5900 Latini
2385 5840 2676 5912 collectam,
2702 5840 2786 5897 vel
2809 5839 3047 5908 missam,
3075 5845 3137 5895 ut
3158 5836 3304 5893 idem
3332 5833 3538 5893 Fronto
3563 5839 3743 5892 noster
