4054 6404
340 385 471 441 1081

1109 383 1196 438 DE
1236 382 1627 440 VETERIBUS
1663 381 2065 450 QUIBUSDAM
2101 382 2457 440 ECCLESUE
2493 382 2789 439 RITIBUS.

3452 376 3592 435 1082

338 505 613 558 observat,
659 499 928 567 appellare
972 507 1392 552 consueverunt.
1433 499 1507 553 At
1550 498 1910 554 Casaubonus
1938 501 1984 557 A
2012 499 2206 555 axibus
2233 498 2577 555 Dominicum
2606 512 2808 567 corpus
2824 504 2919 551 aut
2961 495 3308 557 offerebatur,
3338 501 3435 554 aut
3460 508 3492 547 a
3523 496 3590 547 ll-

340 584 575 639 Exercit.
612 583 699 645 16,
732 601 785 636 n.
812 582 901 648 42,
933 583 1061 637 dum
1103 582 1428 639 Parisiensis
1467 583 1723 639 editionis
1750 592 1910 647 notas

339 677 393 730 in
443 675 896 745 Chrysostomum
936 674 1234 744 redarguit,
1290 675 1641 742 castigandus
1690 683 1746 729 et
1796 676 1912 744 ipse

340 769 512 832 venit;
565 782 689 821 nam
739 766 995 836 pleraque
1041 768 1338 822 oscitanter
1383 768 1581 839 attigit.
1634 767 1689 821 ln
1717 767 1911 837 primis

338 859 760 931 Cltrysostomus
792 858 974 914 ﬁdeles
1002 859 1322 926 adhortans,
1359 870 1417 915 ut
1460 875 1558 931 pro
1589 876 1647 915 se
1680 862 1913 931 quisque

340 952 622 1021 captandis
654 967 718 1005 ac
744 951 1150 1007 lucrifaciendis
1175 954 1444 1023 proximis
1493 953 1797 1017 incumbat,
1825 952 1913 1007 his

339 1044 521 1097 verbis
564 1043 863 1112 alloquitur
895 1061 908 1097 :
946 1043 1009 1095 Ti
1047 1043 1191 1113 μέγα
1222 1044 1360 1097 αἰτῶ
1396 1046 1523 1115 παρ’
1557 1044 1734 1114 ὑμῶν,
1776 1044 1914 1112 ἀγα-

339 1134 537 1206 πητοί;
561 1134 832 1198 Ἕκαστος
865 1133 1018 1202 ὑμῶν
1046 1134 1141 1187 ἕνα
1177 1151 1266 1204 μοι
1293 1133 1400 1188 τῶν
1427 1134 1670 1203 ἀδελφῶν
1699 1134 1913 1188 ἀνασωο

341 1230 519 1290 σὰτω,
572 1225 1058 1299 περιεργασάσθω,
1119 1224 1737 1301 πολυπραγμονησάσθω
1766 1242 1780 1256 ’
1828 1225 1914 1278 ἵνα

339 1319 419 1380 εἰς
459 1317 557 1388 τὴν
597 1314 854 1369 ἐπιοῦσαν
899 1314 1117 1379 σύναξιν
1171 1314 1308 1384 μετὰ
1357 1314 1555 1386 πολλῆς
1602 1314 1913 1386 παρρησίας

338 1408 763 1478 ἀπαντήσωμεν,
804 1405 952 1479 δῶρα
979 1405 1057 1477 τῷ
1084 1405 1203 1476 Θεῷ
1231 1405 1569 1476 κομίζοντες,
1599 1404 1745 1477 δῶρα
1776 1404 1914 1458 πάν-

338 1516 446 1553 των
470 1498 785 1570 τιμιώτερα,
809 1498 908 1562 τὰς
945 1498 1120 1570 ψυχὰς
1143 1497 1250 1552 τῶν
1274 1497 1700 1569 πεπλανημένων
1747 1498 1914 1550 ἐπαν-

337 1592 655 1661 αγαγόντες.
690 1589 788 1645 Hic
815 1590 1075 1646 Erasmus
1098 1591 1262 1645 verba
1291 1591 1382 1644 illa
1411 1592 1490 1654 εἰς
1521 1588 1619 1661 τὴν
1654 1587 1913 1643 ἐπιοῦσαν

338 1683 558 1749 σύναξιν
589 1693 843 1751 verterat,
868 1685 922 1735 in
947 1684 1181 1737 crastina
1209 1684 1591 1738 communione.
1614 1680 1770 1749 Quod
1800 1698 1914 1738 me-

337 1776 446 1831 rito
478 1776 871 1845 reprehensum
918 1789 949 1828 a
987 1773 1263 1829 Frontone
1303 1782 1512 1838 nostro,
1536 1764 1914 1844 proque'com-

338 1868 604 1921 munionis
634 1867 897 1922 vocabulo
938 1867 1234 1921 constituta
1278 1883 1383 1922 vox
1429 1867 1684 1923 collectw.
1719 1867 1916 1937 Displi-

339 1961 452 2014 cuit
481 1960 595 2013 haec
607 1958 914 2013 emendatio
926 1957 1274 2024 Casaubono,
1289 1959 1383 2028 qui
1401 1974 1524 2013 cum
1538 1958 1767 2014 Erasmo
1790 1958 1916 2013 σύν-

339 2049 460 2114 αξιν
488 2050 599 2103 illic
627 2047 1070 2103 communionem
1096 2062 1218 2103 esse
1242 2046 1506 2113 defendit,
1531 2063 1596 2103 eo
1625 2047 1797 2104 fretus
1826 2065 1916 2103 ar-

341 2147 621 2210 gumento,
656 2138 801 2208 quod
831 2138 1102 2192 donorum
1146 2138 1370 2204 oblatio,
1398 2138 1466 2193 de
1504 2138 1704 2208 quibus
1736 2139 1912 2211 loqui-

342 2240 434 2285 tur
462 2231 908 2302 Chrysostomus,
936 2227 1332 2284 Eucltaristiam
1359 2232 1621 2300 designet.
1648 2232 1751 2287 Sed
1776 2232 1916 2287 mira

340 2333 424 2377 est
451 2323 623 2377 critici
660 2321 804 2377 illius
836 2319 1134 2394 ἅπροσεξία
1154 2337 1168 2351 ο
1200 2337 1325 2375 nam
1353 2320 1502 2393 δῶρα
1526 2322 1629 2377 ista
1654 2339 1761 2377 non
1786 2332 1917 2378 sunt

342 2414 501 2485 panis
531 2424 584 2469 et
611 2414 820 2481 vinum,
855 2430 977 2484 quae
1006 2414 1074 2469 ad
1118 2413 1521 2469 Eucharistiam
1557 2416 1911 2479 adhibentur,

342 2518 438 2563 aut
469 2506 809 2563 Eucharistia
844 2506 981 2577 ipsa,
1007 2506 1099 2561 sed
1131 2506 1387 2561 nimirum
1423 2506 1655 2561 fratrum
1676 2516 1730 2562 et
1750 2507 1914 2562 Chri-

341 2604 644 2658 stianorum
666 2603 878 2664 animae,
916 2602 1114 2669 quibus
1138 2601 1205 2655 ad
1245 2601 1473 2672 synaxin
1504 2601 1836 2656 adducendis
1861 2608 1916 2655 et

346 2694 737 2750 conservandis
754 2702 815 2747 ut
831 2693 1103 2756 studeant,
1116 2693 1391 2748 auditores
1408 2708 1537 2748 suos
1555 2693 1903 2748 admouebat.

412 2785 705 2841 Proximus
734 2795 817 2842 est
838 2785 1125 2855 Epiphanii
1155 2785 1245 2840 ille
1273 2784 1388 2854 ipse
1415 2786 1590 2849 locus,
1618 2799 1778 2853 quem
1803 2799 1914 2854 prae

345 2876 601 2930 manibus
626 2875 890 2930 habemus
917 2892 930 2928 :
957 2876 1009 2928 in
1035 2889 1145 2944 quo
1169 2888 1403 2944 synaxes
1425 2873 1503 2927 ait
1527 2888 1590 2927 ex
1616 2873 1915 2943 apostolica

345 2968 636 3023 traditione
683 2967 737 3021 in
782 2966 971 3021 feriam
1015 2975 1289 3035 quartam,
1334 2975 1388 3022 et
1430 2964 1810 3031 Parascevem,
1852 2980 1917 3019 ac

344 3060 683 3116 Dominicam
726 3062 987 3116 incidere.
1013 3059 1114 3114 Hic
1138 3069 1305 3131 potest
1327 3061 1563 3141 dubitari
1588 3060 1917 3131 (Casauboni

2012 590 2224 645 delibus
2257 590 2639 658 usurpabatur.
2662 586 2822 653 Quod
2846 602 2914 641 ex
2941 584 3165 640 Socrate
3189 584 3445 653 primum,
3468 583 3592 639 loco

2013 682 2125 747 illo,
2158 694 2320 750 quem
2350 680 2513 749 paulo
2536 687 2663 732 ante
2691 676 3006 743 citavimus,
3037 674 3376 744 intelligitur,
3410 673 3500 728 ubi
3522 675 3588 745 τῇ

2011 773 2232 845 τετράδι
2286 773 2380 827 καὶ
2436 773 2761 843 παρασκευῇ
2820 783 3054 839 synaxes
3095 767 3435 822 Alexandriae
3472 766 3588 821 ﬁeri

2013 867 2225 930 scribit,
2257 865 2381 934 δίχα
2409 865 2509 934 τῆς
2537 862 2644 916 τῶν
2676 861 2990 932 μυστηρίων
3026 859 3272 929 τελετῆς.

2085 959 2224 1014 Tum
2248 957 2501 1012 universe
2521 956 2589 1009 de
2606 953 2977 1009 Orientalibus
3000 967 3065 1007 ac
3086 950 3291 1006 Graecis
3321 949 3393 1004 ita
3413 956 3592 1019 potest

2014 1049 2230 1106 conﬁci.
2271 1048 2486 1104 Etenim
2517 1062 2615 1117 per
2639 1045 2915 1100 solemnes
2949 1042 3284 1113 jejuniorum
3314 1042 3432 1097 dies
3470 1057 3589 1111 my-

2015 1143 2180 1198 steria
2228 1140 2377 1194 nulla
2421 1147 2476 1194 et
2524 1136 2795 1193 sacriﬁcia
2825 1136 3253 1206 peragebantur,
3285 1148 3462 1203 neque
3491 1149 3592 1202 pu-

2012 1231 2155 1287 blice
2177 1247 2247 1288 ac
2273 1230 2513 1301 legitime
2541 1228 3023 1284 communicabant
3043 1226 3228 1281 ﬁdeles
3256 1244 3269 1280 :
3294 1241 3423 1280 nam
3450 1225 3592 1280 Lao-

2013 1325 2270 1380 dicenum
2300 1322 2595 1379 concilium
2620 1336 2832 1376 canone
2857 1320 2929 1374 49
2962 1327 3109 1374 vetat
3132 1316 3590 1388 quadragesimali

2014 1420 2256 1481 tempore
2306 1426 2500 1481 panem
2552 1409 2782 1475 offerre,
2845 1419 3201 1479 praeterquam
3247 1409 3301 1463 in
3352 1407 3591 1462 Sabbato

2014 1513 2179 1572 atque
2204 1501 2486 1556 Dominica
2520 1519 2534 1555 :
2566 1502 2688 1555 Ὀτι
2709 1501 2771 1554 οὐ
2796 1499 2878 1553 δεῖ
2902 1503 2970 1571 τῇ
2993 1502 3401 1571 τεσσαρακοστῇ
3429 1500 3592 1570 ἄρτον

2014 1592 2367 1665 προσφέρειν,
2406 1591 2561 1663 εἰμὴ
2590 1595 2647 1645 ὲν
2679 1589 2941 1660 Σαϐϐάτῳ
2979 1590 3074 1642 καὶ
3112 1590 3368 1660 κυριακῇ
3409 1588 3588 1659 μόνον.

2015 1683 2188 1751 Quem
2218 1699 2482 1739 canonem
2507 1683 2754 1754 plerique
2783 1697 2893 1737 non
2925 1693 3073 1737 recte
3103 1681 3170 1736 de
3199 1681 3452 1750 eulogiis,
3476 1680 3593 1737 sive

2017 1774 2500 1865 fermentato’pane
2522 1774 2862 1844 interpretati
2889 1781 3052 1840 sunt;
3087 1772 3155 1827 de
3177 1787 3288 1840 quo
3315 1773 3425 1843 agit
3448 1773 3592 1828 idem

2016 1867 2240 1923 Laodic.
2265 1863 2391 1923 can.
2434 1866 2522 1934 14,
2561 1873 2617 1921 et
2653 1864 2998 1920 Innocentius
3026 1863 3068 1932 Ι,
3115 1866 3277 1934 epist.
3309 1879 3350 1929 ι,
3387 1879 3506 1935 cap.
3534 1864 3590 1920 5.

2014 1961 2189 2029 Atque
2214 1960 2357 2013 hunc
2384 1959 2592 2013 idcirco
2621 1965 2816 2027 putant
2846 1955 3032 2011 offerri
3060 1970 3158 2025 per
3189 1955 3313 2011 illos
3345 1955 3463 2011 dies
3489 1957 3593 2010 mi-

2015 2052 2162 2106 nime
2186 2051 2433 2114 licuisse,
2464 2065 2534 2104 ne
2558 2065 2623 2105 ea
2656 2049 2905 2105 solvendi
2924 2048 3123 2119 jejunii
3147 2057 3296 2105 esset
3329 2048 3548 2104 occasio
3575 2066 3589 2102 :

2014 2145 2172 2215 cujus
2213 2143 2529 2200 falsissimae
2572 2142 3037 2211 interpretationis
3066 2151 3321 2199 auctores
3360 2142 3443 2197 vis
3474 2141 3590 2211 ipsa

2013 2236 2163 2293 verbi
2189 2235 2522 2308 προσφέρειν
2556 2249 2621 2288 ac
2655 2242 2896 2302 potestas
2926 2231 3143 2297 refellit,
3172 2246 3296 2302 qua:
3329 2231 3397 2287 de
3418 2231 3594 2287 sacri—

2014 2328 2140 2384 ﬁcio
2160 2336 2215 2383 et
2242 2326 2517 2382 oblatione
2541 2325 2684 2381 solet
2703 2324 2898 2394 accipi,
2924 2333 2980 2379 ut
3018 2323 3075 2378 in
3108 2322 3332 2378 Niceeno
3355 2338 3477 2378 can.
3499 2321 3588 2376 l8.

2016 2420 2110 2474 Est
2148 2419 2313 2489 igitur
2342 2415 2674 2489 προσφέρειν
2714 2416 2902 2488 ἄρτον,
2947 2415 3143 2485 panem
3176 2414 3355 2484 ipsum
3390 2428 3591 2483 reprae-

2015 2518 2254 2575 sentare,
2281 2522 2346 2562 ex
2371 2523 2479 2577 quo
2501 2506 2709 2562 Christi
2738 2520 2943 2575 corpus
2974 2506 3389 2561 consecratione
3416 2505 3589 2559 ﬁeret.

2015 2600 2173 2668 Quod
2199 2601 2398 2671 partim
2429 2614 2461 2653 a
2491 2597 2870 2654 sacerdotibus
2900 2596 3033 2666 ipsis
3063 2597 3119 2651 in
3149 2612 3432 2653 sacrorum
3468 2595 3592 2651 fur.-

2016 2695 2197 2750 ctione
2231 2709 2297 2748 ac
2331 2693 2523 2763 τελετῇ
2551 2691 2779 2763 geritur,
2807 2691 3005 2760 partim
3043 2700 3170 2745 ante
3201 2691 3588 2763 mysteriorum

2016 2786 2437 2841 celebrationem
2474 2799 2505 2839 a
2538 2784 2812 2838 ﬁdelibus.
2855 2783 3027 2837 Nemo
3057 2782 3205 2838 enim
3234 2783 3372 2837 citra
3403 2792 3591 2837 notam

2016 2877 2256 2946 aliquam
2291 2874 2620 2947 ἀσύμϐολος,
2649 2882 2704 2929 et
2734 2875 2855 2929 sine
2889 2875 3167 2929 oblatione
3195 2875 3408 2945 propria
3444 2891 3593 2930 com-

2016 2968 2353 3034 municabat,
2396 2967 2490 3023 sed
2540 2982 2735 3037 panem
2781 2982 2941 3022 suum
2983 2983 3047 3023 ac
3074 2968 3261 3023 vinum
3306 2968 3588 3024 offerebat.

2018 3060 2155 3117 Hinc
2200 3063 2492 3116 vehemens
2522 3060 2615 3114 illa
2663 3059 2921 3131 Cypriani
2969 3061 3189 3130 querela
3217 3061 3284 3116 de
3327 3070 3594 3117 matronis

344 3152 504 3206 verba
537 3151 683 3217 sunt)
712 3168 779 3205 an
802 3151 1114 3219 simpliciter
1142 3161 1420 3206 conventus
1450 3154 1591 3205 sacri
1617 3152 1919 3223 intelligan-
1943 3168 1990 3228 ο
2024 3154 2381 3223 locupletibus
2430 3152 2526 3206 lib.
2570 3151 2646 3205 De
2683 3168 2838 3219 apere
2870 3162 2920 3205 et
2946 3151 3226 3206 eleemos.:
3261 3151 3514 3222 Locuples
3543 3165 3593 3207 et

347 3252 453 3309 tur,
487 3247 555 3295 ad
590 3245 797 3297 verbum
827 3243 1170 3305 audiendum,
1204 3253 1252 3297 et
1300 3242 1597 3305 orandum;
1648 3260 1716 3297 an
1760 3245 1921 3297 etiam

344 3336 409 3389 de
459 3352 614 3389 creua:
664 3333 878 3388 Domini
922 3334 1275 3389 celebratione
1313 3336 1532 3389 senserit
1560 3334 1911 3404 Epiphanius.

347 3426 505 3481 Ratio
534 3427 814 3481 dubitandi
853 3429 1022 3482 oritur
1054 3443 1119 3481 ex
1154 3427 1511 3482 observatione
1540 3428 1747 3482 diversa
1783 3439 1920 3482 rete-

347 3535 463 3572 rum
494 3517 887 3584 Ecclesiarum;
908 3535 1051 3584 nam,
1086 3527 1145 3572 ut
1172 3528 1400 3573 testatur
1434 3516 1706 3583 Socrates,
1735 3518 1923 3588 plene-

346 3630 442 3682 que
467 3630 642 3667 omnes
683 3613 821 3682 orbis
849 3625 1109 3668 terrarum
1138 3613 1412 3680 Ecclesiae,
1446 3624 1496 3669 et
1521 3615 1602 3669 his
1628 3615 1834 3681 diebus,
1870 3625 1921 3670 et

349 3703 597 3760 Sabbatis
623 3706 780 3759 etiam
817 3707 887 3758 ad
931 3722 1157 3776 synaxes
1192 3706 1584 3771 conveniebant,
1630 3708 1685 3761 in
1733 3707 1922 3778 quibus

349 3796 599 3864 mysteria
645 3796 1063 3852 celebrabantur.
1098 3796 1222 3852 Haec
1263 3797 1372 3853 ille.
1404 3799 1509 3854 Sed
1539 3800 1683 3868 quod
1725 3799 1922 3855 Socra-

353 3895 458 3939 tem
497 3884 762 3940 al'ﬁrmare
792 3886 1008 3953 dicit,in
1046 3888 1323 3959 plerisque
1350 3890 1610 3944 omnibus
1643 3899 1919 3946 terrarum

351 3976 500 4031 orbis
559 3976 819 4033 Ecclesiis
860 3994 1091 4050 synaxes
1135 3989 1190 4034 et
1235 3981 1494 4052 mysteria
1537 3980 1669 4036 feria
1702 3970 1917 4051 quarta,

352 4076 524 4131 sexta,
558 4075 612 4122 et
659 4066 898 4125 Sabbato
947 4070 1236 4135 celebrari,
1283 4072 1641 4129 falsissimum
1688 4082 1790 4128 est.
1840 4071 1921 4127 De

353 4156 604 4215 Sabbatis
638 4160 689 4214 id
721 4161 938 4229 quidem
988 4172 1102 4218 toto
1147 4165 1279 4220 orbe
1314 4165 1733 4221 usitatissimum
1769 4181 1915 4233 esse,

350 4253 397 4308 si
428 4251 726 4307 Romanam
752 4251 1048 4310 Ecclesium
1080 4265 1134 4311 et
1163 4256 1586 4312 Alexandrinam
1617 4258 1917 4329 exceperis,

349 4344 505 4399 docet
535 4343 672 4399 libro
694 4345 808 4409 illo,
839 4360 999 4414 quem
1027 4345 1386 4404 Casaubonus
1415 4350 1569 4415 citat,
1586 4350 1841 4417 Historia:
1863 4369 1917 4417 v,

349 4450 470 4505 cap.
498 4435 588 4490 21.
621 4435 774 4502 Quod
819 4446 998 4491 autem
1046 4437 1180 4492 feria
1210 4450 1407 4509 quarta
1442 4450 1659 4497 sextave
1685 4458 1919 4514 synaxes

2020 3244 2164 3297 dives
2192 3259 2269 3307 es,
2300 3251 2351 3295 et
2379 3240 2722 3294 Dominicum
2754 3240 3019 3295 celebrare
3046 3252 3097 3295 te
3118 3242 3314 3306 credis.
3338 3258 3455 3313 qua:
3484 3258 3595 3296 cov-

2020 3334 2207 3388 bonam
2239 3333 2450 3387 omnino
2481 3349 2584 3385 non
2610 3333 2869 3402 respicis;
2895 3348 3017 3402 qua:
3037 3333 3093 3386 in
3119 3331 3460 3387 Dominicum
3478 3335 3595 3389 sine

2018 3425 2290 3494 sacriﬁcio
2326 3424 2466 3478 venis
2494 3437 2652 3494 :qute
2687 3424 2745 3477 in
2780 3433 2987 3493 partem
3023 3424 3088 3478 de
3127 3425 3421 3494 sacriﬁcio,
3451 3426 3592 3496 quod

2019 3532 2223 3588 pauper
2258 3515 2476 3581 obtulit,
2526 3517 2716 3570 sumis.
2771 3515 3111 3586 Augustinus
3159 3530 3325 3570 serm.
3368 3516 3474 3571 215
3516 3515 3595 3571 De

2022 3618 2249 3678 tempore
2277 3623 2296 3662 .°
2331 3606 2660 3672 Oblationes,
2691 3624 2810 3678 qua:
2858 3608 2913 3661 in
2952 3606 3151 3660 altario
3196 3616 3592 3672 consecrantur,

2020 3701 2224 3769 o/fertc.
2266 3697 2588 3753 Erubescere
2612 3700 2760 3753 debet
2788 3699 2942 3753 homo
2973 3699 3215 3766 idoneus,
3246 3700 3295 3753 si
3331 3701 3396 3753 de
3421 3700 3597 3755 aliena

2021 3789 2286 3842 oblatione
2316 3790 2693 3841 communicat.
2742 3787 2898 3854 Quod
2942 3789 3086 3843 idem
3116 3797 3171 3843 et
3203 3789 3454 3859 sequenti
3483 3805 3598 3844 ser—

2020 3896 2184 3934 mone
2230 3880 2447 3949 repetit.
2494 3878 2768 3946 Quoniam
2820 3879 2986 3948 igitur
3045 3879 3141 3950 qui
3190 3881 3598 3938 communionis

2015 3972 2140 4042 jure
2173 3972 2434 4041 prazditus
2461 3982 2600 4037 erat,
2640 3972 2782 4026 idem
2815 3981 2907 4026 aut
2938 3970 3240 4037 auferebat,
3270 3983 3367 4029 aut
3397 3973 3598 4030 offerre

2019 4076 2188 4133 certe,
2227 4065 2371 4121 unde
2414 4066 2925 4122 communicaturus
2961 4074 3128 4133 esset,
3175 4075 3432 4137 poterat;
3469 4068 3599 4123 hinc

2018 4156 2216 4210 vetusti
2249 4169 2490 4210 canones
2519 4170 2635 4221 eos,
2661 4154 2754 4225 qui
2779 4155 2834 4208 in
2867 4164 3112 4210 extremo
3137 4155 3308 4225 gradu
3337 4157 3602 4225 paeniten-

2019 4245 2157 4298 tium
2210 4245 2502 4306 haererent,
2545 4258 2711 4313 quam
2764 4241 3022 4296 σύστασιν
3072 4242 3452 4306 nominabant,
3503 4241 3600 4312 qui

2019 4352 2143 4392 cum
2180 4336 2428 4391 ﬁdelibus
2468 4337 2775 4389 orationum
2806 4334 3074 4389 duntaxat
3098 4343 3257 4389 erant
3283 4333 3598 4404 participes,

2021 4446 2143 4493 nec,
2170 4429 2299 4483 dum
2332 4428 2677 4482 Dominicum
2710 4442 2913 4497 corpus
2938 4427 3296 4497 usurpabant,
3328 4427 3602 4480 κοινωνεῖν

349 4539 403 4583 ct
448 4529 701 4600 mysteria
745 4528 1013 4584 celebrata
1063 4529 1294 4594 fuerint,
1339 4548 1610 4602 nusquam
1659 4536 1917 4604 prodidit.

2023 4522 2275 4577 dicebant
2306 4522 2435 4576 ἄνευ
2466 4522 2806 4592 προσφορᾶς,
2840 4528 2901 4574 ut
2919 4530 3005 4576 est
3027 4520 3082 4573 in
3110 4518 3399 4590 Ancyrano
3426 4533 3548 4573 can.
3568 4517 3603 4573 5

350 4619 491 4687 Quin
526 4620 704 4690 potius
734 4620 800 4675 de
831 4620 962 4675 solis
992 4620 1381 4679 Alexandrinis
1412 4624 1464 4678 id
1496 4624 1682 4691 refert,
1734 4628 1917 4682 omnia

350 4712 493 4781 apud
530 4712 672 4775 illos,
702 4726 824 4781 quas
858 4712 915 4765 in
949 4713 1244 4783 synaxibus
1277 4715 1390 4785 geri
1439 4732 1559 4772 mos
1586 4727 1689 4779 est,
1723 4726 1920 4788 praztet'

351 4805 611 4877 mysteria
638 4820 701 4858 ac
738 4805 1027 4871 sacriﬁcia,
1056 4806 1222 4861 biduo
1256 4807 1349 4863 illo
1372 4809 1580 4878 perﬁci.
1616 4809 1798 4876 Quare
1824 4828 1919 4868 ne-

351 4911 458 4966 que
486 4911 550 4949 ex
586 4893 904 4964 Epiphanio,
941 4909 1118 4965 neque
1142 4910 1207 4949 ex
1239 4893 1465 4952 Socrate
1493 4897 1689 4953 conﬁci
1718 4906 1917 4968 potest,

351 4987 487 5042 feria
514 4996 708 5058 quarta
749 4995 802 5041 et
827 4985 1132 5042 Parasceve
1159 4986 1506 5045 Christianos
1531 4991 1920 5061 augustissima

352 5080 443 5135 illa
465 5079 728 5134 Dominici
758 5080 1005 5151 corporis
1031 5096 1187 5136 sacra
1216 5082 1539 5138 celebrasse.
1558 5082 1715 5149 Quod
1737 5094 1919 5139 utrum

353 5169 569 5224 aliunde
588 5168 769 5240 colligi
789 5170 983 5240 possit,
1010 5179 1303 5241 antequam
1326 5172 1567 5242 disputo,
1595 5174 1748 5242 prius
1766 5188 1923 5228 error

352 5263 443 5319 ille
472 5262 823 5331 castigandus
852 5270 956 5327 est,
983 5277 1143 5332 quem
1190 5277 1302 5317 non
1330 5263 1507 5318 solum
1542 5262 1919 5331 Casaubonus,

354 5349 449 5404 sed
489 5357 541 5402 et
573 5348 660 5401 alii
695 5349 901 5419 pridem
926 5349 1001 5419 pii
1031 5357 1086 5404 et
1109 5350 1309 5404 eruditi
1348 5351 1597 5407 homines
1641 5353 1923 5411 imbibisse

353 5439 605 5493 videntur
635 5457 647 5492 :
677 5438 729 5493 in
756 5439 1012 5495 omnibus
1037 5441 1338 5512 synaxibus
1371 5442 1752 5514 mysteriorum
1783 5447 1925 5500 cele-

355 5530 657 5586 brationem
731 5547 797 5588 ac
857 5533 1330 5603 participationem
1394 5535 1576 5589 locum
1642 5536 1921 5593 habuisse.

355 5622 506 5690 Quod
537 5638 693 5679 secus
724 5640 782 5679 se
816 5624 1008 5691 habet;
1041 5641 1163 5679 nam
1202 5641 1231 5679 a
1266 5628 1650 5696 mysteriorum
1684 5629 1925 5684 celebra-

354 5716 499 5771 tione
523 5729 587 5769 ac
615 5716 995 5771 communione
1023 5715 1243 5787 synaxis
1268 5717 1491 5786 perinde
1520 5717 1714 5783 differt,
1751 5727 1808 5773 ut
1829 5736 1921 5791 ge-

360 5824 466 5864 nus
491 5824 522 5864 a
553 5806 724 5864 forma
751 5825 764 5863 :
790 5817 1070 5877 propterea
1100 5807 1246 5878 quod
1270 5823 1379 5863 non
1405 5808 1662 5866 omnibus
1716 5810 1773 5867 in
1806 5826 1927 5884 syn-

2026 4629 2082 4670 et
2106 4614 2197 4668 Ἡ.
2245 4616 2291 4667 A
2334 4628 2445 4683 quo
2482 4613 2702 4668 demum
2747 4611 2940 4667 ordine
2986 4611 3054 4665 ad
3106 4610 3416 4665 absolutum
3464 4608 3604 4665 inte-

2026 4721 2293 4777 grumque
2344 4712 2545 4761 statum
2607 4702 3103 4768 transferebantur,
3165 4716 3325 4772 quam
3381 4700 3604 4772 μέθεξιν

2025 4795 2132 4851 τῶν
2152 4796 2321 4866 ἁγίων
2341 4804 2408 4852 .et
2445 4795 2506 4849 τὸ
2525 4794 2734 4849 τέλειον
2763 4793 3059 4863 appellant,
3087 4807 3213 4847 cum
3247 4792 3455 4848 scilicet
3480 4807 3604 4862 per-

2026 4891 2154 4946 inde
2191 4889 2259 4945 ad
2289 4889 2594 4945 oblationes
2628 4887 2910 4945 faciendas
2956 4895 3120 4957 atque
3163 4885 3236 4941 ad
3276 4886 3606 4956 participan-

2026 4984 2153 5039 dam
2178 4982 2581 5038 Eucharistiam
2613 4980 3054 5036 admitterentur.
3090 4976 3279 5047 Neque
3301 4976 3445 5033 enim
3475 4990 3607 5045 quo-

2027 5090 2367 5146 rumcunque
2394 5074 2699 5129 oblationes
2732 5080 2962 5142 receptae
2992 5081 3142 5136 sunt,
3189 5069 3284 5125 sed
3314 5069 3607 5124 scelerato-

2026 5184 2150 5224 rum
2193 5167 2501 5231 hominum,
2553 5181 2619 5221 ac
2664 5165 3072 5235 pmnitentium,
3113 5171 3169 5218 et
3208 5162 3459 5218 universe
3495 5161 3604 5215 τῶν

2027 5258 2266 5314 ἁδέκτων
2316 5258 2410 5312 καὶ
2432 5258 2807 5329 ἀκοινωνήτων
2832 5256 3067 5327 rejectaa.
3094 5254 3172 5310 De
3198 5269 3307 5324 quo
3334 5254 3457 5309 vide
3473 5252 3608 5308 Con-

2027 5354 2145 5407 stit.
2177 5360 2349 5421 apost.
2391 5351 2488 5406 lib.
2530 5365 2614 5414 Ill,
2646 5365 2767 5420 cap.
2819 5350 2872 5404 5.
2927 5347 2993 5403 Et
3034 5347 3277 5404 Vasense
3312 5347 3605 5403 concilium

2029 5459 2153 5498 can.
2185 5442 2221 5496 2
2257 5442 2428 5513 jubet,
2464 5459 2519 5496 ut
2553 5442 2942 5507 pwnitentium,
2974 5441 3064 5510 qui
3099 5440 3213 5494 sine
3241 5440 3608 5494 communione

2028 5537 2301 5605 inopinato
2329 5535 2559 5589 transitu
2583 5536 2636 5588 in
2665 5535 2807 5604 agris
2850 5542 2943 5586 aut
2974 5532 3251 5587 itineribus
3277 5533 3607 5602 prmeniun-

2032 5639 2141 5692 tur,
2172 5628 2466 5682 oblationes
2497 5628 2844 5696 recipiantur.

2101 5719 2530 5775 Excutiebantur
2554 5721 2739 5789 itaque
2761 5720 3001 5789 primum
3035 5716 3338 5772 oblationes
3364 5730 3395 5770 a
3423 5714 3609 5771 diaco-

2032 5813 2155 5882 nis;
2202 5820 2367 5884 atque
2412 5820 2595 5868 utrum
2654 5811 2926 5883 ejusmodi
2951 5819 3156 5884 _essent
3194 5807 3608 5881 .inquirebatur,
