4054 6404
252 325 276 381 Ι
288 326 392 383 085

1034 329 1124 386 DE
1150 331 1549 392 'VETERIBUS
1583 337 1988 405 QUIBUSDAM
2030 341 2387 400 ECCLESIA‘I
2425 343 2724 401 RITIBUS.

3377 342 3515 402 10θῦ

241 460 359 497 των
387 441 526 496 κατὰ
559 444 742 496 πᾶσαν
772 444 1063 516 ἑϐδομάδος
1087 449 1335 520 περίοδον
1365 450 1729 508 ἐπιτελουσῶν
1761 454 1819 509 τὰ

1931 475 2108 522 τινος·
2149 458 2263 513 Nos
2292 470 2480 529 quater
2525 463 2581 516 in
2607 478 2811 532 quaque
2847 461 3177 515 Itebdomada
3222 476 3515 515 communi-

245 533 551 606 μυστήρια,
571 535 622 586 οἱ
651 535 709 586 ἐν
735 536 801 604 τῇ
831 535 1209 610 Ἀλεξανδρείᾳ
1241 540 1335 593 καὶ
1374 543 1422 593 oi
1455 544 1513 595 ἐν
1546 545 1612 613 τῇ
1644 543 1857 618 Ῥώμῃ,

242 625 313 678 ἐκ
341 641 489 689 τινος
521 625 757 696 ἀρχαίας
779 627 1134 698 παραδόσεως
1162 630 1321 684 τοῦτο
1360 636 1534 687 ποιεῖν
1573 638 1828 710 παρῃτή-

245 733 435 770 σαντο.
480 716 614 771 Cant
657 716 798 772 enim
832 735 1007 774 omnes
1037 724 1197 775 totius
1231 725 1373 781 orbis
1414 725 1665 782 Ecclesia:
1694 726 1830 782 Sab—

245 810 389 864 batis
434 810 676 864 omnibus
708 826 800 880 per
833 829 1255 885 unamquamque
1299 817 1679 873 hebdomadam
1712 837 1829 892 my-

241 901 411 954 steria
451 900 736 968 celebrent,
795 903 1146 960 Alexandrini
1191 916 1240 961 et
1286 907 1508 962 Roman.
1555 926 1620 963 ex
1665 923 1830 965 vetere

245 991 486 1060 quadam
539 994 830 1050 traditione
873 997 929 1051 id
976 1013 1128 1066 agere
1180 998 1557 1054 detrectarunt.
1603 1000 1680 1056 Ita
1720 1019 1828 1057 non

243 1079 491 1138 Orientis
524 1086 710 1151 modo,
752 1087 849 1142 sed
878 1097 932 1142 et
970 1089 1138 1142 totius
1181 1090 1332 1146 orbis
1373 1093 1826 1146 consuetudinem

242 1173 422 1229 fuisse
461 1175 684 1243 scribit;
728 1177 875 1247 quod
916 1192 1019 1248 ego
1049 1193 1239 1233 verum
1266 1195 1379 1233 non
1410 1180 1669 1234 arbitror.
1703 1178 1831 1235 Fuit

243 1267 395 1320 enim
460 1266 701 1323 Orientis
760 1268 873 1324 fere
906 1269 1101 1325 solius.
1159 1269 1218 1324 In
1266 1270 1567 1342 Responsis
1612 1274 1823 1329 Canon.

240 1355 521 1414 Timothei
574 1361 841 1416 Alexand.
899 1362 1044 1433 apud
1107 1362 1371 1432 Balsam.,
1405 1364 1667 1439 lnterrog.
1728 1384 1825 1423 xm

241 1453 539 1521 quiesitum
573 1462 661 1509 est
696 1473 709 1508 :
748 1452 951 1524 quibus
999 1456 1192 1511 diebus
1241 1457 1507 1528 conjuges
1545 1461 1829 1516 continere

241 1544 523 1599 debeant?
570 1543 882 1615 Respondet
946 1546 1266 1604 Timotheus
1312 1550 1540 1605 omnino
1586 1549 1827 1606 Sabbato

241 1650 314 1691 ac
350 1636 639 1693 Dominica
683 1640 1130 1708 temperandum,
1171 1640 1259 1695 διὰ
1288 1641 1349 1694 τὸ
1390 1642 1449 1695 ἐν
1491 1643 1682 1706 αὑταῖς
1728 1644 1826 1715 τὴν

240 1727 625 1798 πνευματικὴν
652 1726 844 1783 θυσίαν
881 1729 1252 1801 ἀναφέρεσθαι
1286 1731 1366 1802 τῷ
1400 1734 1611 1804 Κυρίῳ.
1655 1734 1827 1805 Igitur

1934 566 2152 615 camus;
2175 549 2480 618 Dominica,
2505 553 2640 622 feria
2667 561 2881 625 quarta,
2902 550 3216 617 Parasceue,
3244 552 3511 613 Sabbato;

1933 641 2023 697 sed
2053 653 2101 696 et
2126 642 2310 697 diebus
2344 648 2571 710 steteris,
2610 646 2665 699 in
2694 661 2823 713 quos
2848 645 3106 699 memoria
3134 647 3384 714 martyris
3411 646 3514 700 ali-

1933 735 2086 801 cuius
2133 735 2343 791 incidit.
2396 734 2553 791 Unde
2600 737 2744 805 quod
2775 738 2842 791 de
2882 736 3093 807 jejunio
3138 738 3341 792 dictum
3399 747 3508 802 est,

1931 827 2232 881 nullum‘in
2271 842 2338 882 eo
2377 826 2708 882 celebratum
2740 825 2911 881 fuisse
2947 827 3290 898 mysterium,
3331 827 3507 881 nemi.

1932 935 2169 990 nemque
2208 920 2646 975 communicasse
2699 917 2934 972 ﬁdelium
2957 959 2973 982 ,
3004 918 3071 972 de
3109 917 3227 972 solo
3264 916 3507 983 Quadra-

1933 1011 2181 1082 gesimali
2232 1025 2331 1080 par
2361 1019 2446 1065 est
2485 1008 2695 1077 accipi,
2745 1008 2791 1062 si
2838 1006 3238 1062 Alexandrinos
3278 1006 3508 1072 eximas,

1930 1119 2167 1173 quorum
2198 1102 2343 1156 velut
2370 1101 2648 1172 singulare
2682 1098 2824 1153 istud
2859 1112 2889 1151 a
2922 1096 3148 1153 Socrate
3172 1112 3511 1152 commemo-

1932 1205 2108 1260 ratur,
2136 1194 2285 1265 quod
2325 1193 2462 1250 l‘eria
2490 1201 2683 1262 quarta
2716 1203 2880 1263 atque
2919 1201 3070 1248 sexta
3104 1193 3288 1246 omnia
3318 1200 3512 1261 praeter

1929 1291 2156 1362 τελετήν
2186 1304 2466 1362 synaxeon
2498 1290 2720 1360 propria
2755 1288 3126 1361 praestiterint.
3148 1285 3225 1342 De
3246 1302 3357 1357 quo
3385 1301 3511 1357 pro-

1932 1384 2079 1438 xime
2111 1383 2438 1438 videbimus.

2000 1476 2244 1543 Denique
2280 1475 2425 1545 quod
2479 1472 2816 1542 Epiphanius
2872 1471 3168 1526 admonet:
3224 1469 3509 1539 Triplicem

1927 1568 2076 1621 illam
2107 1567 2332 1637 synaxin
2376 1566 2586 1619 dierum
2612 1563 2828 1617 totidem
2850 1564 2915 1617 ab
2960 1561 3215 1633 apostolis
3255 1577 3367 1616 esse
3396 1571 3510 1622 tra-

1926 1660 2131 1722 ditant,
2175 1656 2321 1712 baud
2374 1656 2495 1710 scio
2541 1670 2609 1708 an
2663 1654 2797 1709 satis
2834 1661 2989 1708 certo
3020 1661 3273 1708 constare
3316 1662 3503 1722 queat.

1926 1749 2061 1805 Nam
2105 1749 2297 1820 primis
2344 1747 2606 1804 Ecclesiae
2667 1746 3009 1816 temporibus
3054 1760 3200 1800 unus
3241 1744 3510 1800 duntaxat

240 1818 499 1876 Sabbatis
550 1819 898 1876 Alexandria:
947 1823 1222 1878 celebrata
1279 1825 1574 1895 mysteria,
1630 1834 1819 1882 contra

1926 1841 2248 1898 Dominicus
2277 1840 2398 1897 dies
2433 1840 2500 1895 ad
2528 1853 2651 1894 eam
2685 1853 2802 1893 rem
2827 1837 3150 1893 observatus
3183 1836 3418 1901 videtur,
3446 1844 3509 1891 ut

240 1924 411 1978 quam
458 1908 702 1965 Socratis
765 1918 925 1965 actate
993 1909 1196 1968 factum
1248 1922 1352 1970 est.
1400 1915 1565 1985 Atqui
1609 1914 1821 1972 fortean

239 2000 426 2073 Cyprii
451 2002 625 2071 (apud
657 2017 797 2072 quos
827 2002 932 2057 ista
966 2004 1187 2073 scripsit
1212 2003 1587 2081 Epiphanius)
1618 2009 1824 2065 lloma-

238 2108 368 2155 nos,
388 2101 486 2147 aut
509 2092 720 2148 vicinos
751 2108 885 2148 suos
905 2093 1302 2152 Alexandrinos
1334 2098 1554 2162 imitati,
1585 2116 1820 2170 synaxes

238 2185 424 2240 nullas
454 2181 707 2239 Sabbatis
751 2186 1101 2241 instituerunt
1128 2202 1144 2241 :
1180 2188 1405 2259 reliquis
1428 2204 1581 2256 vero,
1608 2189 1713 2245 hoc
1737 2200 1823 2246 est

239 2288 440 2349 quarta
478 2287 698 2334 sextave
743 2277 900 2345 feria,
932 2280 1079 2334 nulla
1108 2280 1164 2334 in
1214 2281 1517 2353 synaxibus
1558 2285 1851 2354 mysteria.

237 2372 612 2428 celebrarunt.
668 2370 743 2427 De
781 2372 1057 2444 mysteriis
1106 2380 1253 2427 certe
1294 2373 1502 2429 mentio
1545 2390 1817 2445 nusquam

236 2462 329 2518 hic
379 2463 640 2527 habetur,
723 2471 913 2518 contra
972 2477 1137 2534 quam
1196 2460 1559 2519 Casaubonus
1620 2464 1821 2535 aliique

235 2561 448 2608 temere
478 2553 860 2624 prodiderunt.
1616 2558 1621 2563 ’

310 2646 370 2700 In
424 2648 678 2717 sequenti
732 2660 1004 2711 numero,
1065 2646 1402 2717 Epiphanius
1459 2647 1528 2703 de
1595 2644 1821 2703 Sabbati

238 2740 540 2811 synaxibus
582 2741 658 2794 ita
680 2740 939 2809 loquitur.
969 2751 1028 2796 ut
1057 2742 1113 2795 in
1145 2743 1388 2798 Ecclesia
1412 2759 1512 2797 sua
1542 2742 1845 2803 institutas.

238 2847 438 2902 negare
464 2832 732 2887 videatur.
750 2832 952 2888 Scribit
977 2835 1120 2889 enim
1143 2852 1156 2889 :
1177 2836 1276 2887 Ἔν
1301 2852 1412 2888 τισι
1437 2835 1493 2888 δὲ
1515 2835 1702 2899 τόποις
1725 2836 1819 2890 καὶ

237 2926 297 2978 ἐν
341 2928 455 2989 τοῖς
503 2925 744 2981 Σάϐὅασι
784 2925 1030 2993 συνάξεις
1092 2926 1448 2981 ἐπιτελοῦσιν.
1505 2926 1620 2982 Non
1656 2929 1819 2998 igitur

237 3016 293 3071 in
347 3015 567 3087 Cypro;
628 3031 693 3072 ac
759 3017 987 3086 proinde
1025 3016 1307 3071 verissima
1366 3026 1451 3071 est
1504 3018 1818 3092 conjectura

1922 1952 1990 1991 ex
2018 1935 2280 2006 Apostolo
2304 1933 2324 1987 l
2347 1933 2416 1990 ad
2444 1932 2574 1990 Cor.
2600 1947 2720 2003 cap.
2744 1948 2833 1986 xvi
2855 1930 3146 2001 colligitur.
3178 1928 3323 1996 Quin
3339 1929 3506 1983 etiam

1921 2029 2170 2085 Justinus
2218 2028 2422 2100 Martyr
2470 2026 2627 2096 Apol.
2658 2025 2729 2093 2,
2785 2040 2912 2080 cum
2948 2023 3017 2079 de
3065 2021 3505 2079 Christianorum

1926 2120 2282 2177 conventibus
2332 2119 2479 2189 agit,
2519 2117 2695 2173 solius
2746 2114 3043 2171 Dominicaa
3074 2113 3360 2179 meminit,
3405 2110 3508 2185 τὴν

1920 2214 1978 2267 δὲ
2025 2212 2119 2266 τοῦ
2166 2212 2322 2284 ἡλίου
2355 2209 2571 2281 ἡμέραν
2620 2210 2774 2279 κοινῇ
2808 2206 3010 2270 πάντες
3050 2206 3151 2277 τὴν
3194 2204 3504 2258 συνέλευσιν

1921 2309 2245 2382 ποιούμεθα.
2298 2306 2480 2374 Quare
2534 2304 2711 2376 magis
2767 2303 2823 2358 id
2854 2317 2921 2358 ex
2980 2302 3193 2372 privato
3247 2299 3506 2356 Ecclesiae

1920 2404 2190 2474 cujusque
2241 2401 2382 2467 ritu,
2435 2413 2602 2469 quam
2658 2412 2726 2450 ex
2777 2394 3055 2450 communi
3124 2392 3505 2463 apostolorum

1918 2500 2236 2573 praescripto
2279 2496 2586 2553 derivatum
2632 2492 2913 2558 existimo,
2939 2499 3000 2544 ut
3040 2495 3236 2559 quarta
3282 2493 3505 2540 sextave

1847 2617 1851 2620 ν
1917 2594 2077 2659 feria,
2132 2603 2229 2646 aut
2281 2591 2447 2645 etiam
2515 2587 2754 2642 Sabbato
2806 2596 3041 2655 synaxes
3090 2585 3506 2645 conventusque

1919 2689 2132 2743 ﬁerent.
2168 2686 2343 2752 Quam
2375 2684 2428 2738 in
2456 2699 2569 2738 rem
2593 2680 2845 2751 egregius
2882 2687 2968 2733 est
3012 2672 3304 2745 Augustini
3350 2671 3506 2725 locus

1918 2780 2076 2850 epist.
2106 2777 2230 2843 H8,
2262 2777 2354 2847 qui
2390 2776 2523 2830 mihi
2563 2775 2650 2828 hic
2683 2769 3045 2826 ascribendus
3076 2768 3294 2821 videtur
3322 2782 3337 2818 :
3377 2761 3505 2817 Alia

1918 2885 2073 2932 vero,
2104 2866 2303 2937 inquit,
2335 2881 2455 2935 quae
2480 2879 2572 2934 per
2597 2862 2715 2915 loca
2748 2871 3011 2914 terrarum
3043 2856 3378 2927 regionesque
3408 2869 3503 2905 ua-

1918 2964 2148 3025 riantur,
2197 2959 2356 3013 sicuti
2391 2966 2469 3011 est
2505 2954 2643 3026 quod
2690 2952 2790 3006 alii
2828 2951 3077 3021 jejunant
3118 2946 3370 3008 Sabbato,
3405 2943 3505 2998 alii

1916 3070 2035 3110 vero
2061 3066 2205 3118 non:
2241 3050 2338 3104 alii
2359 3048 2595 3120 quotidie
2621 3046 3010 3099 communicant
3047 3039 3255 3110 corpori
3294 3047 3343 3092 et
3377 3052 3503 3090 san-

238 3118 479 3222 nosum):
515 3107 748 3222 Cyprii”
787 3107 1288 3222 ἒιῗχῗηάξίηοῖυηξ
1326 3110 1817 3222 Ψονθωηίηήίωοδ
1844 3163 1887 3222 c
1921 3107 2071 3219 quini
2121 3107 2439 3206 Dominicb;
2477 3139 2575 3193 alii
2610 3139 2766 3193 certis
2807 3134 2992 3189 diebus
3032 3107 3329 3200 accipiunt;
3370 3127 3501 3181 alibi

234 3219 377 3260 esse.
403 3203 482 3258 Ac
508 3217 633 3257 cum
678 3201 839 3271 paulo
866 3210 991 3255 ante
1028 3201 1464 3257 demonstratum
1511 3202 1619 3269 sit,
1677 3219 1816 3274 qua-

237 3294 618 3367 dragesimalis
671 3293 866 3364 jejunii
895 3303 1140 3362 tempore
1173 3294 1322 3347 nulla
1373 3294 1428 3348 in
1479 3296 1651 3350 sacris
1683 3310 1815 3350 con-

240 3390 496 3445 ventibus
563 3387 837 3443 celebrata
908 3385 1079 3441 fuisse
1134 3386 1430 3457 mysteria,
1490 3387 1558 3442 de
1616 3397 1816 3456 quarta

241 3489 507 3550 sextaque
568 3477 703 3534 feria
754 3478 898 3532 idem
950 3475 1122 3531 videri
1186 3477 1387 3546 possit,
1433 3492 1557 3531 cum
1604 3477 1659 3530 in
1709 3477 1817 3531 illis

241 3573 488 3628 solemne
554 3592 807 3649 peraque
840 3568 1112 3640 jejunium
1159 3569 1468 3633 exstitisse,
1511 3579 1703 3625 auctor
1743 3571 1816 3625 sit

238 3663 599 3735 Epiphanius.
652 3661 757 3717 Sed
800 3678 868 3717 ne
906 3662 1048 3717 istud
1096 3676 1510 3726 asseveremus,
1561 3662 1815 3733 prohibet

237 3757 293 3813 in
321 3758 512 3827 primis
544 3757 696 3821 illud,
720 3757 866 3826 quod
894 3758 927 3827 ἡ
954 3757 1064 3811 τῶν
1093 3756 1547 3829 προηγιασμένων
1570 3756 1813 3829 λειτουρ-

238 3848 331 3916 γία
365 3849 466 3903 soli
500 3846 943 3916 Quadragesima:
998 3847 1210 3917 jejunio
1264 3849 1320 3902 in
1360 3847 1639 3903 veteribus
1681 3863 1815 3902 con-

239 3944 384 4000 ciliis
411 3951 467 3997 et
499 3941 769 4012 liturgicis
798 3940 1124 3997 ascribatur.
1175 3941 1402 3997 Accedit
1434 3949 1488 3995 et
1516 3941 1814 3997 disertissi-

239 4052 360 4092 mus
407 4034 728 4090 Tertulliani
784 4034 970 4100 locus;
1002 4035 1097 4104 qui
1152 4034 1208 4089 in
1254 4034 1352 4089 lib.
1405 4033 1482 4089 De
1526 4045 1662 4090 orat.
1710 4035 1813 4089 sub

237 4133 402 4187 ﬁnem
434 4128 696 4191 ostendit,
741 4127 874 4197 ipsis
920 4129 1219 4182 stationum
1259 4127 1475 4195 diebus,
1515 4143 1638 4198 quae
1676 4126 1812 4184 feria

236 4231 428 4294 quarta
468 4229 730 4290 sertaque
761 4235 887 4276 cum
918 4219 1145 4290 jejuniis
1187 4219 1334 4275 obiri
1388 4229 1808 4286 consueverant,
1838 4284 1841 4285 ν

236 4319 297 4365 ut
326 4309 489 4379 paulo
519 4317 645 4379 post
672 4307 913 4373 dicetur,
963 4308 1233 4364 sacriﬁcia
1275 4309 1564 4373 celebrari,
1598 4325 1664 4366 ac
1696 4309 1809 4365 Do-

235 4404 500 4459 minicum
546 4416 750 4471 corpus
783 4402 841 4455 in
888 4399 1075 4457 ﬁdeles
1119 4401 1375 4456 distribui
1415 4403 1613 4458 solere.
1643 4401 1810 4458 Simi-

1916 3217 2097 3292 nullus
2144 3234 2255 3287 dies
2299 3230 2671 3285 intermittitur
2700 3243 2801 3297 quo
2843 3243 2947 3281 non
3010 3224 3306 3292 offeratur;
3369 3217 3501 3272 alibi

1918 3328 2151 3384 Sabbato
2200 3334 2409 3379 tantum
2442 3331 2491 3376 et
2538 3321 2849 3383 Dominico;
2897 3316 3028 3372 alibi
3063 3324 3269 3370 tantum
3315 3311 3501 3365 Domi-

1918 3422 2075 3483 nico;
2099 3428 2148 3472 et
2187 3418 2233 3472 si
2262 3417 2390 3487 quid
2434 3415 2584 3469 aliud
2624 3411 2887 3483 ejusmodi
2920 3408 3272 3464 animadverti
3308 3413 3500 3474 potest,

1918 3519 2085 3563 totum
2127 3508 2224 3561 hoc
2260 3522 2421 3578 genus
2455 3520 2631 3558 rerum
2673 3501 2868 3556 liberas
2903 3499 3059 3552 habet
3089 3494 3497 3550 observationes.

1915 3601 2267 3656 Innocentius
2317 3613 2485 3668 porro
2529 3596 2690 3666 epist.
2734 3592 2777 3660 Ι,
2805 3608 2926 3663 cap.
2962 3592 3017 3656 4,
3064 3589 3199 3644 feria
3247 3598 3400 3642 sexta
3446 3593 3502 3639 et

1917 3692 2157 3746 Sabbato
2207 3696 2551 3744 sacramenta
2587 3686 2812 3741 minime
2858 3680 3125 3739 celebrari
3170 3679 3381 3742 scribit,
3412 3677 3498 3732 his

1913 3781 2096 3836 verbis
2128 3797 2141 3832 :
2187 3778 2341 3843 Quod
2370 3779 2548 3847 utique
2582 3792 2685 3829 non
2706 3772 2926 3827 dubium
2957 3781 3056 3837 est,
3085 3772 3144 3824 in
3172 3778 3378 3823 tantum
3408 3783 3497 3821 eos

1906 3872 2180 3942 jejunasse
2209 3869 2306 3940 (de
2341 3866 2607 3937 apostolis
2661 3862 2934 3931 loquitur)
2980 3860 3140 3912 biduo
3184 3863 3496 3919 memorato,

1913 3973 1971 4018 ut
2005 3962 2225 4017 traditio
2271 3959 2523 4013 Ecclesia:
2561 3955 2776 4017 habeat,
2812 3956 2915 4007 isto
2952 3951 3112 4006 biduo
3161 3956 3497 4002 sacramenta

1912 4054 2119 4124 penitus
2148 4068 2253 4106 non
2284 4048 2557 4105 celebrari.
2584 4047 2640 4101 In
2674 4042 3065 4101 Mediolanensi
3090 4040 3328 4095 Ecclesia
3356 4053 3499 4108 quo«

1916 4146 2043 4200 tidie
2075 4141 2406 4200 sacriﬁcium
2443 4138 2688 4193 oblatum
2713 4152 2777 4190 ex
2808 4133 3097 4190 Arnbrosio
3118 4137 3369 4193 constat;
3399 4127 3495 4197 qui

1913 4251 2081 4292 serm.
2129 4233 2202 4289 54
2242 4232 2316 4287 ita
2345 4229 2588 4300 loquitur
2618 4246 2631 4282 :
2684 4226 2870 4281 Moneo
2907 4226 3089 4287 etiam,
3121 4233 3179 4276 ut
3215 4222 3305 4292 qui
3332 4221 3497 4289 juxta

1914 4325 2213 4379 Ecclesium
2257 4332 2370 4385 est,
2404 4330 2455 4374 et
2511 4320 2622 4374 sine
2671 4318 2820 4390 gravi
2868 4315 3237 4385 impedimento
3290 4320 3493 4380 potest,

1913 4415 2146 4486 quotidie
2193 4413 2378 4467 audiat
2437 4411 2690 4476 missam;
2716 4418 2765 4462 et
2798 4409 2889 4479 qui
2919 4415 3109 4477 potest,
3152 4404 3296 4457 omni
3347 4411 3497 4455 nocte

236 4496 374 4557 liter,
401 4493 597 4564 inquit,
620 4494 684 4547 de
706 4493 995 4547 stationum
1017 4492 1200 4548 diebus
1229 4510 1332 4547 non
1361 4503 1550 4563 putant
1573 4493 1808 4565 plerique

1916 4507 1983 4562 ad
2011 4505 2332 4559 matutinum
2359 4503 2553 4556 veniat.
2594 4500 2660 4554 Et
2688 4501 2851 4570 paulo
2878 4506 3004 4569 post
3029 4516 3043 4552 :
3087 4495 3151 4549 In
3184 4494 3497 4562 Quadrage-

235 4586 618 4656 sacriﬁcion
645 4584 973 4639 orationibus
1015 4585 1466 4640 interueniendum
1490 4602 1509 4651 ;
1536 4586 1673 4658 quod
1700 4595 1815 4641 sta-

238 4681 310 4734 tio
331 4677 582 4734 solvenda
614 4680 686 4731 sit
714 4686 924 4747 accepto
953 4693 1169 4746 corpore
1198 4677 1434 4732 Domini.
1478 4676 1620 4748 Ergo
1651 4678 1812 4732 devo-

237 4782 343 4825 tum
389 4769 499 4825 Deo
536 4770 841 4841 obsequium
883 4769 1229 4826 Eucharistia
1270 4771 1503 4840 resolvit,
1544 4789 1613 4828 an
1640 4773 1811 4843 magis

237 4863 342 4921 Deo
372 4863 616 4934 obligat?
656 4861 849 4917 Nonne
876 4863 1161 4918 solemnior
1204 4865 1304 4918 erit
1337 4864 1499 4918 statio
1537 4873 1648 4930 tua,
1682 4866 1729 4919 si
1761 4872 1811 4919 et

235 4953 303 5008 ad
339 4969 491 5008 aram
531 4952 631 5009 Dei
670 4955 878 5009 steteris
903 4955 929 5009 2’
956 4955 1182 5024 Accepto
1227 4970 1442 5024 corpore
1491 4953 1730 5021 Domini,
1760 4964 1811 5009 et

235 5054 517 5110 reservato,
553 5055 833 5116 utrumque
875 5045 1081 5099 salvum
1121 5055 1222 5114 est,
1250 5055 1299 5101 et
1331 5046 1671 5117 participatio
1715 5063 1809 5101 sa-

238 5139 451 5207 criﬁcii,
481 5149 530 5194 et
566 5141 832 5193 exsecutio
866 5139 1038 5208 officii.
1068 5138 1173 5205 Qui
1202 5139 1353 5195 locus
1385 5140 1549 5210 paulo
1575 5140 1808 5196 anubis

236 5241 421 5300 postea
452 5229 837 5286 declarabitur.
892 5229 976 5285 Ad
1023 5230 1139 5285 haec
1179 5230 1416 5289 Basilius
1458 5233 1515 5287 in
1560 5230 1807 5302 Epistola

237 5320 303 5373 od
330 5318 647 5382 Ctesariam,
671 5322 829 5391 cujus
857 5336 1023 5392 supra
1060 5323 1433 5388 meminimus,
1463 5338 1588 5379 cum
1618 5325 1806 5395 quoti-

237 5412 449 5466 dianam
495 5414 939 5469 communionem
987 5414 1286 5483 plurimum
1323 5416 1799 5481 commendasset,

236 5502 339 5558 ista
380 5503 639 5572 subjicit:
686 5504 880 5575 Ἡμεῖς
921 5506 1107 5576 μέντοι
1141 5522 1205 5574 γε
1242 5505 1500 5576 τέταρτον
1530 5507 1653 5561 καθ’
1682 5509 1805 5563 ἑκά-

240 5613 364 5667 στην
400 5595 673 5668 ὲόδομάδα
716 5597 1099 5669 κοινωνοῦμεν,
1126 5600 1185 5651 ὲν
1222 5601 1288 5670 τῇ
1334 5600 1620 5672 Κυριακῇ,
1652 5604 1709 5655 ἐν
1735 5604 1802 5674 τῇ

236 5688 471 5758 τετράδι,
500 5688 597 5743 καὶ
648 5692 707 5744 ὲν
747 5693 813 5761 τῇ
858 5691 1218 5762 Πιρασκευῇ,
1250 5693 1344 5745 καὶ
1392 5691 1472 5763 τῷ
1514 5694 1799 5765 Σαϐϐάτῳ,

236 5782 327 5840 και
361 5782 418 5837 ὲν
447 5783 566 5847 ταῖς
594 5781 781 5846 ἄλλαις
808 5781 1063 5855 ἡμέραις.
1097 5783 1191 5838 ἐὰν
1228 5780 1261 5857 ᾖ
1303 5785 1490 5858 μνήμη
1528 5787 1799 5860 μάρτυρός

1913 4600 2049 4652 sima
2092 4612 2210 4650 vero
2236 4610 2437 4659 moneo,
2471 4602 2529 4647 ut
2562 4592 2648 4646 die
2687 4592 2850 4658 omni,
2884 4599 2977 4644 aut
3003 4588 3215 4654 saltem,
3258 4596 3316 4640 ut
3355 4584 3493 4649 dixi,

1914 4687 2216 4754 Dominica,
2240 4685 2477 4754 offeratis
2536 4692 2587 4738 et
2638 4683 3055 4738 communicetis.
3123 4677 3282 4733 Varia
3330 4677 3495 4747 igitur

1913 4779 2206 4837 admodum
2256 4793 2351 4849 per
2382 4776 2656 4833 Ecclesiae
2686 4774 3033 4832 consuetudo
3079 4770 3208 4826 fuit.
3251 4768 3372 4825 Non
3425 4769 3494 4823 de

1912 4872 2300 4929 vetustissimis
2350 4871 2690 4942 temporibus
2711 4912 2726 4937 ,
2761 4870 2938 4939 deque
2977 4866 3344 4923 Orientalibus
3376 4878 3494 4919 ma-

1911 4964 2077 5028 xime,
2098 4972 2230 5032 “quae
2265 4961 2530 5028 diximus,
2565 4960 2795 5031 intelligi
2828 4959 3102 5014 volumus.

1982 5056 2060 5110 Ex
2082 5056 2173 5110 illo
2196 5070 2329 5111 vero
2363 5065 2641 5126 postremo
2683 5053 2961 5109 Ambrosii
3005 5053 3127 5108 loco
3174 5051 3353 5120 liquet
3383 5047 3487 5104 lal-

1911 5147 2190 5203 sissimum
2217 5162 2362 5214 esse,
2385 5148 2533 5217 quod
2571 5146 2845 5202 haereticis
2889 5143 3220 5215 quibusdam
3255 5141 3485 5196 nimium

1909 5240 2105 5295 stolide
2133 5253 2455 5309 persuasum
2491 5254 2613 5294 esse
2651 5237 2809 5292 video
2842 5250 3160 5306 :nunquam
3210 5234 3268 5289 in
3309 5241 3490 5287 vetere

1909 5332 2153 5389 Ecclesia
2182 5335 2405 5388 missam
2437 5333 2676 5406 auditam
2706 5346 2738 5386 a
2769 5330 3020 5385 ﬁdelibus
3050 5343 3193 5393 esse,
3222 5325 3355 5395 quin
3376 5340 3486 5380 una

1907 5427 2395 5482 communicarent.
2447 5424 2568 5490 Quo
2607 5425 2661 5478 in
2713 5439 2899 5478 errore
2948 5436 3078 5478 sane
3109 5418 3488 5490 stupidissimo

1905 5528 2156 5573 versatur
2203 5517 2560 5572 Casaubonus
2604 5516 2844 5571 Exercit.
2891 5514 2958 5568 16
2993 5514 3064 5568 ad
3109 5528 3236 5566 ann.
3278 5511 3481 5566 Baron.

1907 5626 1962 5663 n.
1997 5609 2086 5663 58.
2122 5608 2209 5693 Et,
2241 5610 2388 5679 quod
2417 5609 2617 5664 mirum
2650 5617 2754 5672 est,
2796 5608 2942 5664 hunc
2978 5604 3159 5672 ipsum
3207 5603 3484 5659 Ambrosii

1906 5702 2086 5757 locum
2123 5702 2290 5768 citat;
2344 5718 2444 5757 nec
2478 5703 2712 5756 advertit
2751 5701 3027 5767 eumdem,
3069 5715 3194 5755 cum
3232 5697 3484 5770 quotidie

1906 5796 2106 5854 missas
2132 5796 2343 5864 audire,
2367 5796 2420 5851 in
2445 5794 2874 5868 Quadragcsima
2894 5810 3045 5863 vero,
3073 5794 3120 5850 si
3139 5793 3255 5852 ﬁeri
3279 5798 3481 5866 potest,
