4054 6404
639 326 776 383 1087

1744 327 2084 383 APPENDIX
2123 324 2757 382 [)ISSERTATIONUM.

3819 309 3949 362 Ιῦέξ

637 458 688 498 et
713 462 798 499 am
825 445 1226 499 communicare
1252 445 1464 514 jubeat.
1507 447 1640 500 satis
1698 447 1948 511 innuero,
2004 462 2210 516 nequa-
2237 453 2286 508 Α
2314 443 2637 513 Cujusmodi
2690 456 2857 513 porro
2894 439 3161 495 stationes
3205 437 3312 490 illa:
3353 433 3586 495 fuerint,
3644 441 3720 483 et
3765 437 3956 479 utrum

635 551 798 606 quam
823 536 1087 604 quotidie,
1126 536 1338 590 caeteris
1370 537 1564 590 saltem
1612 545 1808 606 prmter
1845 535 2216 605 Quadragesi-

637 643 783 681 mam
837 627 1052 688 diebus,
1109 629 1578 682 communicatum
1630 627 1821 682 fuisse.
1855 628 2010 697 Apud
2043 628 2216 682 Euse-

635 720 782 773 bium
812 719 906 773 lib.
940 735 1012 774 vn
1049 719 1254 775 Histor.
1281 736 1402 789 cap.
1442 720 1495 784 9,
1519 720 1571 774 in
1620 721 1844 775 historia
1903 721 2214 788 cujusdam,

635 812 728 877 qui
756 811 825 865 ab
865 811 1134 865 haereticis
1166 812 1496 878 baptismum
1529 820 1836 880 acceperat,
1866 813 1939 865 ita
1975 812 2170 880 legitur
2198 830 2212 865 :

636 903 1001 974 Εὐχαριστίας
1024 901 1132 971 γὰρ
1161 901 1564 964 ἐπακούσαντα,
1595 901 1690 954 καὶ
1720 901 2218 970 συνεπιφθεγξάμε-

634 1013 722 1049 νον
738 993 1030 1066 τὸ,’Λμὴν,
1055 995 1150 1048 καὶ
1177 993 1428 1066 τραπέζῃ
1467 993 1845 1064 παραστάντα,
1885 994 1980 1046 καὶ
2029 997 2217 1064 χεῖρας

636 1089 715 1150 εἰς
769 1086 1034 1157 ὑποδοχὴν
1080 1087 1180 1158 τῆς
1226 1086 1386 1154 ἁγίας
1439 1085 1649 1156 τροφῆς
1698 1086 2070 1156 προτείνοντα,
2107 1096 2213 1139 etc.

635 1180 1000 1234 Casaubonus
1028 1187 1087 1232 ut
1115 1179 1303 1232 audire
1326 1181 1542 1232 missam
1577 1179 1718 1232 idem
1751 1193 1872 1232 esse
1897 1178 2039 1246 quod
2071 1194 2216 1231 com-

638 1273 910 1325 municare
966 1272 1273 1337 conﬁrmet,
1329 1271 1476 1326 hunc
1530 1269 1749 1325 Eusebii
1805 1270 1982 1325 locum
2039 1268 2214 1333 affert,

637 1380 749 1434 quo
783 1365 918 1419 nihil
949 1373 1036 1419 est
1065 1365 1325 1430 alienius;
1360 1379 1486 1417 nam
1533 1379 1597 1418 es
1645 1363 1836 1417 eodem
1869 1362 1987 1432 ipso
2020 1362 2218 1432 proba-

637 1465 749 1516 tur,
813 1454 1090 1508 diversum
1152 1469 1215 1508 ac
1263 1454 1579 1508 distinctum
1637 1467 1758 1507 esse
1806 1450 2067 1521 quiddam
2116 1451 2217 1504 ἑπ-

637 1547 859 1600 ακούειν
875 1547 972 1617 τῆς
991 1545 1360 1618 εὐχαριστίας,
1389 1554 1442 1599 et
1459 1545 1781 1614 participare
1807 1544 2080 1597 Dominico
2102 1560 2219 1596 cor-

637 1637 784 1704 pori;
811 1634 1063 1704 quamvis
1086 1635 1198 1687 duo
1225 1632 1340 1687 btec
1368 1642 1481 1686 tum
1509 1633 1578 1686 ab
1606 1633 1699 1686 illo
1731 1633 1968 1702 praestita
1992 1631 2215 1686 fuerint.

639 1728 695 1781 In
727 1727 1023 1797 Agathensi
1053 1741 1182 1780 vero
1218 1725 1474 1787 concilio,
1510 1725 1654 1793 quod
1687 1740 1750 1778 ex
1788 1723 2052 1778 Gratiano
2089 1723 2220 1777 citat

2318 537 2522 607 jejunia
2552 535 2668 603 ipsa
2697 534 2965 588 stationes
2996 529 3277 600 appellata:
3311 527 3440 588 sint,
3475 523 3665 594 paulo
3713 529 3817 574 est
3859 520 3957 571 hoc

2323 628 2442 681 loco
2491 625 2805 694 diligentius
2851 620 3263 692 inquirendum.
3319 617 3428 672 Res
3471 615 3634 672 enim
3701 619 3808 665 est

2323 719 2507 772 minus
2558 717 2742 771 studio
2784 715 2968 783 digna,
3023 725 3187 784 quam
3237 721 3460 781 propter
3515 704 3952 775 antiquitatem

2321 813 2576 870 obscura,
2607 823 2780 879 neque
2814 808 2976 877 vulgo
3004 805 3138 861 satis
3171 805 3410 875 cognita.

2395 903 2671 957 Stationes
2709 901 2876 972 igitur
2910 908 3084 954 statos
3128 897 3464 967 jejuniorum
3499 907 3634 947 esse
3671 891 3820 943 dies
3855 888 3948 940 Pa-

2325 996 2520 1050 melius
2557 994 2623 1047 ad
2670 993 2764 1048 lib.
2811 992 2886 1046 De
2929 1007 3123 1044 corona
3169 989 3307 1050 mil.,
3341 1002 3462 1056 cap.
3517 985 3581 1038 ll
3613 1026 3628 1048 ,
3698 981 3944 1036 scribit:

2321 1085 2632 1156 Metaphora
2654 1102 2687 1138 a
2713 1085 2970 1138 militibus
2998 1093 3138 1141 orta,
3168 1080 3305 1150 quod
3333 1077 3579 1149 quandiu
3605 1077 3670 1128 in
3703 1076 3944 1127 statim:

2322 1186 2474 1231 erant
2511 1176 2758 1244 jejunare
2791 1190 2878 1228 eos
2903 1172 3193 1242 oportebat.
3243 1167 3396 1234 Quod
3448 1176 3504 1220 et
3545 1166 3695 1220 alibi
3733 1167 3939 1233 passim

2323 1268 2535 1338 repetit.
2574 1269 2652 1322 Ac
2689 1267 2962 1336 jejunium
3011 1263 3231 1333 quidem
3291 1260 3592 1314 stationem
3653 1272 3811 1310 cum
3859 1258 3938 1308 alii

2323 1361 2568 1432 plerique
2596 1368 2814 1423 vocant,
2836 1366 2950 1411 tum
2981 1354 3209 1410 Hermas
3243 1353 3336 1406 lib.
3364 1367 3446 1415 ιιι,
3473 1350 3654 1404 simil.
3701 1347 3766 1411 5,
3804 1347 3936 1413 ριεέ

2323 1462 2421 1518 est,
2462 1452 2674 1522 inquit,
2713 1451 2921 1504 statio?
2965 1447 3032 1501 Et
3087 1446 3223 1508 dixi,
3267 1443 3558 1513 jejunium.
3614 1440 3936 1493 Rhamnus

2325 1544 2548 1598 Maurus
2579 1543 2672 1597 lib.
2717 1558 2753 1596 ιι
2810 1540 2882 1593 De
2903 1540 3078 1592 instit.
3122 1537 3456 1604 cleric.,eap.
3511 1533 3611 1595 18,
3667 1547 3752 1585 ex
3809 1548 3936 1599 quo-

2326 1637 2573 1693 rumdam
2612 1633 2879 1690 sententia
2923 1632 3064 1685 inter
3103 1629 3372 1699 jejunium
3428 1635 3480 1680 et
3521 1626 3856 1680 stationem
3893 1624 3934 1675 id

2327 1730 2590 1783 interesse
2627 1725 2838 1788 scribit,
2861 1723 3007 1793 quod
3032 1720 3301 1791 jejunium
3338 1718 3730 1785 indifferenter
3759 1717 3928 1782 Cujus

640 1819 1024 1883 Casaubonus,
1067 1825 1282 1870 tantum
1322 1817 1495 1880 abest,
1533 1823 1592 1868 ut
1632 1815 1838 1884 aliquid
1879 1813 1946 1868 ad
1975 1827 2216 1868 errorem
2249 1811 2291 1866 Β
2320 1821 2446 1874 libet
2487 1819 2592 1872 diei
2636 1818 2704 1871 sit
2753 1816 3098 1879 abstinentia,
3135 1829 3236 1866 non
3274 1828 3366 1881 per
3392 1810 3584 1879 legem,
3610 1810 3717 1861 sed
3751 1826 3935 1862 secun-

640 1911 792 1963 illum
835 1907 1229 1963 sublevaudum
1261 1909 1538 1961 decretum
1570 1903 1754 1969 fuerit,
1794 1913 1854 1958 ut
1881 1903 2217 1959 contrarium

642 2000 822 2070 potius
855 1997 1144 2054 manifeste
1196 1997 1379 2068 colligi
1435 1997 1626 2067 possit.
1683 1995 1897 2051 Etenim
1952 2011 2076 2051 can.
2125 1995 2217 2061 47,

643 2093 830 2145 Patres
855 2091 927 2144 ita
959 2089 1281 2159 praecipiunt
1308 2108 1320 2142 :
1358 2089 1550 2142 Missas
1580 2090 1664 2142 die
1688 2087 1967 2142 Dominica
1996 2085 2218 2141 sa'cula-

642 2183 785 2234 ribus
812 2191 982 2234 tenere
1012 2180 1235 2248 speciali
1264 2181 1447 2232 ordine
1471 2179 1834 2248 prwcipimus,
1877 2178 1956 2230 ita
2001 2186 2056 2230 ut
2099 2185 2222 2229 ante

646 2275 1060 2327 brnedictionem
1101 2271 1392 2326 sacerdotis
1416 2271 1616 2339 regredi
1637 2269 1860 2339 populus
1897 2286 1997 2322 non
2027 2284 2224 2336 prmu-

642 2377 776 2416 mat.
803 2364 908 2429 Qui
942 2365 988 2418 si
1011 2363 1251 2432 fecerint,
1280 2362 1344 2416 ab
1370 2364 1611 2431 episcopo
1657 2361 1863 2432 publice
1900 2362 2226 2429 confundan-

645 2467 751 2511 tur.
800 2457 963 2526 Atqui
1023 2472 1147 2509 can.
1192 2456 1259 2509 l8
1315 2456 1389 2509 ita
1457 2456 1647 2510 statuit
1693 2473 1706 2508 :
1770 2453 2085 2518 chulares,
2134 2455 2223 2524 qui

644 2551 699 2602 in
747 2547 933 2601 Natali
972 2547 1206 2609 Domini,
1251 2545 1482 2608 Pascha,
1515 2546 1823 2600 Pentecoste
1851 2563 1953 2600 non
1988 2563 2223 2599 commu-

649 2644 964 2707 nicaverint,
993 2639 1242 2692 catholici
1274 2655 1378 2692 non
1422 2639 1726 2701 credantur,
1756 2655 1847 2692 nec
1879 2639 2018 2691 inter
2046 2637 2227 2691 catho—

647 2734 774 2786 licos
819 2733 1131 2785 habeantur.
1167 2730 1266 2784 llic
1292 2731 1466 2785 tribus
1489 2730 1756 2786 duntaxat
1778 2731 1970 2785 diebus
2003 2742 2230 2800 quotan-

649 2826 736 2879 nis
786 2825 973 2879 lideles
1023 2825 1088 2878 ad
1141 2823 1584 2878 communionem
1627 2823 1946 2892 compellit:
1979 2823 2089 2877 illic
2125 2822 2230 2877 Do-

649 2916 865 2971 minicis
929 2917 1158 2985 singulis
1212 2915 1371 2984 jubet
1431 2915 1622 2969 audire
1681 2916 1927 2970 missam.
1988 2913 2105 2968 Non
2148 2925 2231 2969 est

648 3009 813 3076 igitur
857 3008 996 3084 idem
1038 3008 1226 3061 audire
1281 3008 1522 3069 missam,
1577 3023 1640 3061 ac
1687 3009 2103 3071 communicare;
2130 3023 2231 3061 nec

651 3101 816 3154 ambo
847 3100 935 3153 illa
973 3099 1210 3154 ﬁdelium
1240 3115 1341 3154 usu
1399 3099 1767 3169 Ecclesiteque
1803 3100 2005 3154 veteris
2040 3115 2230 3169 perpe-

653 3201 746 3245 tuo
775 3190 924 3244 fuere
951 3191 1263 3259 conjuncta.
1892 3170 1895 3174 ν

720 3283 837 3338 Col.
869 3284 972 3337 885
996 3283 1055 3338 Β.
1093 3282 1328 3351 Τετράδι
1353 3282 1420 3335 δὲ
1436 3283 1532 3335 καὶ
1563 3283 1634 3336 ἐν
1655 3281 2061 3351 προσαεϐάτῳ.
2082 3283 2232 3336 Atili-

650 3374 915 3444 quissima
929 3385 1011 3428 est
1027 3374 1510 3444 utriusquejejunii
1527 3373 1732 3443 religio,
1751 3374 1909 3442 cujus
1921 3383 1974 3426 et
1988 3375 2039 3426 in
2054 3373 2234 3426 Aeria-

653 3466 739 3520 nis
766 3481 929 3534 supra
962 3465 1292 3519 mentionem
1318 3466 1446 3533 egit.
1473 3466 1526 3518 In
1548 3478 1744 3519 canon.
1776 3466 1966 3533 Apost.
1986 3463 2078 3527 69,
2108 3477 2231 3516 eum

652 3557 1131 3627 quadragesimali,
1167 3557 1426 3628 τετράδος
1481 3567 1534 3609 et
1578 3557 1932 3626 παρασκευῆς
1957 3555 2229 3625 jejunium

652 3651 842 3706 cadent
892 3651 1176 3705 sanctione
1246 3651 1579 3720 praecipitur.
1631 3649 1710 3702 Ad
1757 3665 1920 3717 quem
1981 3648 2233 3704 Balsamo

654 3743 801 3798 istud
833 3743 1058 3818 adnotat
1088 3761 1100 3796 :
1133 3741 1356 3811 perinde
1385 3740 1602 3794 duabus
1646 3739 1751 3793 illis
1783 3738 1954 3802 feriis,
1980 3752 2145 3808 atque
2181 3741 2232 3792 in

655 3834 1105 3905 Quadragcsima,
1127 3832 1462 3904 ξηροφαγίαν
1495 3832 1792 3900 prtescribi.
1826 3829 1966 3884 Tum
2003 3847 2070 3884 ue
2101 3846 2237 3900 prte-

656 3928 794 3982 senti
849 3927 1068 3997 quidem
1119 3927 1313 3980 mortis
1359 3925 1416 3977 in
1480 3923 1721 3992 periculo
1775 3923 2037 3976 carnibus
2090 3922 2235 3977 vesci

657 4020 841 4074 licere.
887 4017 1130 4089 lgnatius
1168 4018 1328 4087 epist.
1363 4017 1490 4070 5nd
1535 4015 1767 4083 Philipp.
1815 4015 2058 4082 ejusdem
2101 4030 2237 4083 pra:-

659 4111 802 4181 cepti
843 4111 1113 4164 meminit.
1143 4109 1199 4162 In
1230 4108 1459 4162 Constit.
1503 4116 1674 4176 apost.
1709 4107 1804 4160 lib.
1844 4123 1941 4170 vn,
1994 4122 2116 4174 cap.
2144 4106 2234 4169 21,

657 4218 825 4260 causa
874 4219 972 4258 cur
1024 4201 1239 4274 τετράδι
1283 4201 1640 4272 jejunaudum
1688 4202 1757 4254 sit
1809 4201 1922 4254 hinc
1965 4200 2234 4254 affertur:

659 4297 805 4367 quod
837 4305 890 4350 et
917 4295 1050 4350 feria
1091 4305 1286 4364 quarta
1329 4295 1692 4348 deliberatum
1733 4309 1763 4347 a
1791 4291 1996 4346 Judaeis
2043 4301 2128 4346 est
2171 4292 2237 4347 de

662 4388 1040 4444 interficiendo
1067 4387 1311 4451 Christo,
1351 4397 1405 4440 et
1433 4384 1602 4441 Judas
1635 4402 1854 4455 operam
1900 4401 2055 4440 suam
2078 4387 2237 4439 detu-

2321 1913 2446 1965 dum
2489 1909 2758 1980 propriam
2795 1907 3116 1961 voluntatem
3147 1921 3166 1959 :
3205 1904 3392 1968 statio,
3440 1903 3773 1955 observatio
3828 1911 3934 1953 sta-

2323 2014 2560 2058 tutorum
2593 2002 2820 2067 dierum,
2861 2008 3144 2069 utquarta:
3166 2010 3214 2051 et
3259 2005 3420 2050 sexta:
3457 1995 3635 2063 ferite,
3671 1995 3771 2046 rel
3799 1994 3936 2059 Qu.

2323 2095 2653 2166 dragesimae.
2690 2092 2944 2146 Citantur
2985 2098 3040 2144 et
3083 2089 3198 2143 haec
3237 2088 3376 2158 apud
3427 2085 3760 2140 Pamelium
3808 2089 3934 2137 Am-

2324 2189 2491 2243 brosii
2537 2185 2700 2240 verba
2731 2199 2896 2241 serm.
2927 2181 3040 2236 56:
3087 2179 3354 2235 Stationes
3395 2188 3664 2232 vocantur
3693 2178 3932 2246 jejunis,

2323 2280 2462 2352 quod
2508 2287 2708 2332 stantes
2768 2285 2817 2331 et
2864 2281 3251 2328 commorantes
3289 2274 3345 2324 in
3376 2271 3452 2324 eis
3499 2269 3775 2322 inimicos
3809 2269 3935 2320 iasi-

2325 2373 2532 2426 diantes
2589 2369 2910 2438 repellimus.
2977 2364 3180 2419 Verum
3233 2378 3407 2432 neque
3461 2377 3568 2430 ego
3619 2360 3927 2415 Stationem

2326 2463 2468 2517 idem
2499 2476 2620 2515 esse
2667 2475 2793 2513 cum
2819 2457 3030 2528 jejunio
3068 2455 3327 2517 arbitror,
3366 2466 3569 2521 neque,
3613 2460 3676 2503 ut
3719 2451 3930 2502 intersit

2328 2552 2556 2621 aliquid,
2583 2550 2880 2605 discrimen
2915 2545 3046 2601 illud
3074 2545 3270 2615 probo,
3319 2541 3467 2610 quod
3504 2541 3658 2610 apud
3701 2538 3924 2591 Rbaba-

2329 2661 2459 2699 num
2499 2645 2711 2714 legitur.
2746 2641 2902 2708 Quod
2947 2641 3094 2694 enim
3148 2654 3179 2692 a
3225 2636 3438 2706 jejunio
3486 2634 3811 2703 discrepet,
3861 2648 3918 2685 ex

2330 2739 2665 2793 Tertulliano
2693 2736 2898 2806 liquet;
2927 2734 3022 2804 qui
3055 2732 3150 2787 lib.
3196 2747 3231 2784 ιι
3274 2729 3356 2783 Ad
3405 2743 3664 2791 uxorem,
3711 2741 3844 2792 cap.
3879 2725 3923 2783 ι,

2332 2831 2403 2885 ita
2430 2831 2702 2900 loquitur:
2731 2826 2799 2882 Ut
2829 2828 2875 2880 si
2901 2826 3062 2880 statio
3087 2822 3331 2894 facienda
3357 2832 3456 2882 est,
3483 2819 3730 2871 maritus
3760 2817 3828 2869 de
3854 2818 3924 2865 die

2332 2923 2574 2975 candicat
2621 2921 2692 2974 ad
2739 2919 2988 2982 balneas;
3039 2918 3085 2972 si
3128 2916 3338 2984 jejunia
3383 2911 3726 2966 observanda
3793 2921 3922 2967 sunt.

2334 3015 2566 3068 maritus
2597 3013 2780 3067 eadem
2825 3012 2908 3064 die
2957 3009 3249 3063 convivium
3290 3014 3548 3059 exerceat.
3577 3001 3735 3067 Quin
3771 3002 3923 3055 etiam

2335 3108 2455 3162 loco
2481 3108 2572 3160 illo
2597 3107 2762 3159 citato
2793 3119 2858 3158 ex
2888 3102 2982 3156 lib.
3032 3112 3217 3153 contra
3264 3095 3457 3166 Psych.
3487 3109 3612 3163 cap.
3666 3093 3768 3157 l4,
3828 3104 3923 3145 sta-

2337 3199 2514 3252 tiones
2542 3195 2813 3266 ajejnuiis
2842 3190 3113 3255 secernit;
3145 3203 3270 3242 cum
3300 3184 3638 3241 stationibus
3671 3190 3922 3251 quartam

2334 3299 2387 3343 et
2413 3298 2622 3342 sextam
2666 3285 2892 3340 Sabbati
2935 3283 3169 3337 dicatam
3204 3295 3326 3333 esse
3373 3275 3528 3340 dicit,
3561 3273 3924 3327 Parascevem

2329 3381 2576 3451 jejuniis.
2608 3378 2812 3433 Contra
2841 3376 2933 3429 lih.
2968 3374 3039 3427 De
3074 3389 3269 3426 corona
3297 3370 3411 3423 mil.
3450 3384 3573 3436 cap.
3619 3368 3711 3426 ll,
3741 3367 3920 3420 statio-

2336 3488 2434 3526 ucs
2456 3469 2799 3540 projcjuniis
2830 3466 3083 3532 usurpari
3120 3463 3394 3517 Pamelius
3423 3460 3739 3523 existimat,
3772 3460 3854 3512 bis
3876 3458 3919 3509 in

2335 3559 2518 3612 verbis
2553 3577 2565 3610 :
2596 3555 2722 3610 lam
2743 3567 2792 3609 et
2827 3558 3081 3609 stationes
3106 3563 3197 3605 aut
3231 3553 3328 3606 alii
3353 3552 3521 3620 magis
3556 3552 3754 3617 faciet,
3775 3566 3920 3617 quam

2337 3648 2586 3703 Christo?
2626 3657 2719 3701 aut
2751 3657 2797 3702 et
2833 3645 3115 3701 Dominico
3154 3645 3260 3707 die,
3294 3643 3508 3704 quando
3549 3657 3649 3693 nec
3680 3640 3920 3694 Christo?

2338 3741 2404 3794 Et
2431 3742 2602 3795 multo
2621 3739 2962 3794 manifestius
2998 3739 3090 3792 lib.
3127 3736 3201 3790 De
3224 3736 3426 3799 anima,
3461 3749 3584 3802 cap.
3626 3732 3700 3786 48
3733 3750 3747 3784 ;
3789 3733 3918 3795 Quia

2336 3846 2383 3888 et
2421 3833 2609 3886 Daniel
2649 3833 2805 3884 trium
2837 3829 3222 3883 hebdomadum
3253 3827 3485 3879 statione
3517 3825 3671 3876 aruit
3713 3826 3913 3876 eictam.

2416 3927 2521 3980 Sed
2555 3941 2656 3995 ego
2689 3925 2977 3978 stationem
3006 3921 3148 3990 apud
3177 3919 3572 3974 Tertullianum
3613 3918 3910 3986 praesertim

2337 4018 2654 4088 religiosqu
2703 4015 2835 4070 illud
2895 4029 3018 4069 esse
3077 4013 3315 4066 lidelium
3365 4008 3607 4063 olIicium
3667 4007 3911 4068 arbitror,

2338 4130 2449 4181 quo
2480 4112 2644 4167 certis
2681 4109 2875 4164 diebus
2925 4109 2990 4161 ad
3026 4108 3255 4175 synaxin
3299 4108 3583 4162 adeuntes.
3617 4101 3823 4154 ibidem
3858 4099 3912 4150 ad

2340 4220 2542 4260 nouam
2599 4217 2774 4272 usque
2829 4200 3288 4270 perseverabant,
3344 4195 3412 4249 ad
3479 4209 3650 4262 quam
3705 4195 3913 4260 insuper

2335 4297 2542 4367 jejunia
2575 4294 2969 4364 producebant.
3023 4290 3178 4345 Unde
3212 4299 3267 4343 et
3290 4304 3387 4357 pro
3417 4285 3775 4340 multitudine
3813 4285 3912 4352 ipsa

2341 4400 2726 4458 convcnluque
2755 4401 3151 4454 nonnunquam
3193 4383 3331 4437 solet
3361 4381 3558 4449 accipi.
3589 4377 3713 4433 Non
3747 4393 3908 4441 secus,

661 4481 742 4535 lit.
767 4480 867 4534 Cui
902 4481 1232 4549 astipulatur
1255 4489 1310 4532 et
1328 4477 1526 4533 Petrus
1556 4477 1962 4531 Alexandrinus
1991 4492 2114 4531 can.
2147 4477 2230 4530 l5.
2268 4493 2315 4553 υ
2339 4483 2555 4551 opinor,
2597 4498 2660 4534 ac
2698 4479 2954 4533 militaris
2982 4478 3149 4531 statio
3174 4486 3282 4528 tam
3313 4487 3414 4543 pro
3450 4472 3592 4537 loco,
3623 4487 3793 4541 quam
3829 4486 3910 4540 pro

663 4570 725 4625 Et
764 4573 980 4642 quidem
1013 4570 1312 4640 probabilis
1341 4578 1424 4624 est
1449 4570 1552 4622 ista
1587 4568 1748 4622 ratio.
1788 4567 1963 4633 Quam
1994 4583 2124 4622 vero
2153 4568 2239 4620 hic

663 4663 1002 4733 Epiphanius
1029 4661 1227 4721 reddit,
1256 4659 1392 4713 falsa
1419 4667 1522 4722 est,
1563 4666 1618 4712 et
1649 4658 1979 4728 evangelicae
2021 4656 2240 4711 veritati

662 4755 961 4811 contraria.
1017 4753 1145 4808 Vult
1195 4753 1341 4806 enim
1398 4750 1679 4805 Christum
1741 4749 2038 4804 Dominum
2103 4748 2240 4802 feria

665 4858 860 4918 quarta
877 4846 1357 4915 comprehensum.
1378 4843 1536 4909 Quod
1561 4843 1613 4897 in
1639 4842 1889 4896 Diatriba
1913 4843 1975 4896 de
1998 4843 2241 4909 passione

665 4939 879 5001 Domini
931 4953 1096 5007 supra
1159 4936 1471 4990 discussum
1516 4950 1580 4989 ac
1631 4933 1926 4988 refutatum
1983 4944 2088 4988 est.
2165 4931 2242 4987 De

663 5033 859 5087 iisdem
913 5031 1142 5100 jejuuiis
1191 5029 1526 5082 mentionem
1579 5027 1708 5083 facit
1738 5043 1844 5082 non
1883 5043 1992 5082 uno
2026 5028 2080 5081 in
2124 5027 2244 5080 loco

667 5123 1057 5190 Tertullianus,
1085 5130 1139 5176 et
1188 5120 1452 5176 stationes
1508 5121 1615 5175 illis
1666 5121 1802 5189 ipsis
1864 5121 2058 5174 diebus
2103 5119 2243 5172 obiri

667 5215 1021 5272 consuevisse
1050 5213 1321 5283 signiﬁcat
1357 5231 1370 5267 :
1402 5221 1462 5267 ut
1489 5213 1542 5266 in
1580 5213 1675 5266 lib.
1721 5211 1793 5264 De
1808 5211 2031 5280 jejuniis
2058 5220 2246 5263 contra

670 5308 956 5378 Psychicos
1009 5323 1027 5360 :
1075 5305 1182 5362 Cur
1253 5305 1570 5359 stationibus
1643 5317 1888 5375 quartam
1941 5316 1990 5357 et
2040 5315 2247 5356 sextam

670 5397 892 5454 Sabbati
918 5399 1178 5461 dicamus,
1213 5410 1261 5452 et
1276 5398 1497 5467 jejuniis
1528 5397 1910 5452 Parascevem?
1934 5395 1999 5450 Et
2020 5412 2140 5465 cap.
2171 5397 2243 5450 2:

673 5492 765 5548 Sic
791 5504 840 5548 et
865 5493 1132 5563 apostolos
1166 5492 1488 5555 observasse,
1511 5491 1714 5544 nullum
1750 5491 1898 5543 aliud
1929 5499 2248 5559 tmponentes

664 5588 853 5658 jugmn
901 5599 1184 5641 certorum-
1232 5595 1280 5638 et
1319 5588 1375 5638 in
1417 5602 1689 5638 commune
1714 5585 1955 5638 omnibus
1984 5585 2250 5639 obeundo-

674 5695 793 5732 rum
818 5679 1140 5748 jejuniorum
1163 5695 1181 5732 :
1203 5678 1421 5748 proinde
1447 5695 1536 5732 nec
1567 5680 1876 5743 stationum,
1909 5696 2026 5749 qua:
2046 5688 2096 5733 et
2126 5680 2252 5746 ipsa:

674 5788 797 5826 suos
843 5773 1050 5842 quidem
1087 5773 1198 5825 dies
1239 5770 1486 5835 habeant,
1534 5783 1738 5841 quartae
1777 5772 1924 5842 feriae
1963 5783 2008 5825 et
2064 5781 2246 5825 sextae.

2341 4574 2522 4628 standi
2549 4584 2602 4626 et
2626 4570 2930 4626 excubandi
2957 4568 3238 4622 iunctione
3261 4608 3276 4631 ,
3311 4567 3424 4619 imo
3450 4573 3505 4618 et
3541 4579 3644 4632 pro
3683 4565 3799 4634 ipsa
3827 4565 3910 4615 mi-

2339 4668 2482 4722 litari
2568 4682 2734 4721 manu
2818 4663 2960 4733 apud
3028 4662 3254 4716 Latinos
3330 4666 3654 4726 usurpatur.
3745 4655 3907 4709 Livius

2340 4761 2435 4814 lib.
2504 4775 2708 4812 sxxvnt
2770 4779 2783 4812 :
2835 4757 3188 4810 Pabulatores
3259 4753 3653 4823 lignatoresque
3706 4747 3907 4801 Romani

2341 4854 2397 4906 in
2426 4870 2541 4907 eam
2592 4864 2816 4921 partem,
2876 4852 2932 4904 in
2976 4867 3080 4919 qua
3130 4848 3452 4918 colloquium
3497 4847 3742 4915 futurum
3790 4855 3905 4909 erat,

2343 4945 2489 4998 ducti
2533 4955 2674 5007 sunt,
2723 4944 2888 4996 tutius
2938 4943 2989 4996 id
3043 4943 3284 5010 futurum
3333 4939 3558 4992 tribunis
3604 4941 3762 5002 ratis,
3802 4940 3906 5009 quis

2343 5053 2477 5090 coss.
2508 5036 2811 5104 prwsidium
2833 5044 2880 5087 et
2906 5035 3074 5101 ipsum
3098 5048 3194 5101 pro
3220 5033 3447 5084 statione
3471 5030 3708 5083 habituri
3732 5044 3903 5085 erant:

2343 5146 2499 5182 suam
2560 5138 2733 5179 tamen
2772 5128 2998 5178 alterum
3051 5125 3338 5178 stationem
3384 5124 3600 5191 propius
3644 5134 3816 5177 castra
3851 5138 3902 5177 nc

2347 5224 2580 5293 equitum
2637 5231 2942 5290 posuerunt.
2979 5217 3144 5270 Erant
3191 5217 3413 5279 milites,
3453 5215 3547 5284 qui
3585 5215 3854 5285 aliquanto
3878 5232 3900 5268 a

2347 5315 2543 5371 castris
2604 5313 2888 5367 intervallo
2944 5311 3011 5364 ad
3051 5324 3243 5364 eorum
3291 5307 3516 5361 tutelam
3557 5307 3898 5362 excubabant

2351 5405 2551 5459 Eodem
2598 5405 2760 5458 modo
2802 5402 3245 5458 Christianorum
3288 5399 3559 5455 stationes
3615 5407 3725 5451 tam
3757 5414 3901 5453 sacra.

2350 5499 2456 5552 illa:
2490 5497 2686 5552 diebus
2711 5495 2874 5550 certis
2905 5493 3317 5552 excubationes,
3353 5504 3516 5558 quam
3547 5487 3764 5557 ipsimet
3793 5488 3899 5541 lide-

2350 5590 2482 5644 lium
2519 5597 2818 5643 conventus
2850 5585 3128 5655 appellati.
3171 5581 3402 5636 Tertull.
3447 5581 3500 5632 in
3544 5580 3692 5634 calce
3721 5579 3809 5633 lib.
3839 5576 3898 5630 De

2353 5691 2490 5734 orat.
2522 5696 2539 5732 :
2573 5678 2629 5733 Si
2663 5679 2825 5731 statio
2858 5676 2920 5728 de
2960 5673 3184 5728 militari
3216 5670 3449 5738 exemplo
3497 5684 3689 5723 nomen
3736 5669 3897 5737 act-itit

2357 5773 2500 5841 (nam
2533 5781 2581 5824 et
2624 5770 2819 5823 militia
2870 5767 2962 5821 Dei
3009 5766 3240 5834 sumus),
3287 5765 3465 5835 utique
3515 5760 3666 5815 nulla
3719 5759 3897 5825 latitia,
