4054 6404
140 419 281 478 1089

914 414 1003 468 DE
1041 412 1434 469 VETEBIBUS
1468 413 1870 481 QUIBUSDAM
1910 416 2265 474 ECCLESIE
2306 415 2598 472 RlTlBUS.

3257 417 3395 474 1090

138 535 246 588 sive
293 529 519 583 tristitia
589 526 865 583 obveniens
920 529 1113 583 castris
1184 529 1437 583 stationes
1485 530 1714 582 militum
1743 534 1788 590 A
1818 530 2139 598 stationum,
2174 531 2251 586 uti
2304 547 2402 586 nec
2448 533 2714 586 stationes
2771 530 2923 599 ipsae,
2984 530 3207 584 minime
3253 534 3391 586 ultra

139 622 417 678 rescindit.
458 620 671 688 Quibus
719 620 903 676 verbis
946 622 1288 676 demonstrat
1332 635 1711 690 nequaquam,

138 715 282 784 quod
328 713 492 783 vulgo
544 727 873 782 persuasum
924 722 1076 779 erat,
1129 712 1395 768 stationes
1445 710 1716 766 Dominici

139 802 384 872 corporis
432 800 822 857 communione
852 802 1102 868 dissolvi,
1145 803 1406 872 quoniam
1450 802 1716 872 quidquid

141 893 196 945 in
227 893 423 947 castris
456 889 688 954 accidat,
715 889 832 944 sive
860 905 1209 960 prosperum,
1245 890 1363 946 sive
1402 889 1578 953 triste,
1614 890 1718 944 mi-

140 981 317 1036 litaris
371 978 734 1033 nihilominus
797 979 963 1033 statio
1030 987 1363 1048 perseverat.
1424 976 1716 1045 Perperam

147 1070 317 1141 igitur
372 1067 672 1123 Rbabauus
736 1067 853 1123 haec
910 1069 1215 1137 posteriora
1267 1087 1281 1123 :
1341 1069 1522 1138 utique
1567 1067 1717 1121 nulla

140 1160 357 1223 lwtitia,
406 1159 513 1213 sive
562 1158 807 1222 tristitia,
857 1170 988 1222 etc.,
1042 1158 1189 1212 velut
1240 1174 1460 1212 causam
1514 1158 1715 1225 attulit,

139 1270 240 1309 cur
264 1252 708 1308 Christianorum
732 1250 896 1306 statio
927 1266 956 1303 a
988 1249 1211 1304 militari
1251 1265 1450 1304 nomen
1484 1250 1720 1318 accepis-

140 1357 243 1402 set.
275 1345 396 1412 Quo
426 1346 619 1401 eodem
655 1358 843 1398 errore
871 1342 1148 1399 Pamelius
1185 1343 1253 1397 ad
1282 1343 1375 1397 lib.
1404 1342 1485 1397 De
1520 1359 1718 1397 corona

140 1436 255 1491 mil.
302 1451 423 1505 cap.
482 1435 570 1498 11,
621 1435 913 1489 stationem
953 1433 1087 1488 dicit
1142 1448 1239 1503 per
1282 1434 1656 1503 metaphoram
1688 1448 1719 1487 a

141 1528 475 1582 militaribus
514 1525 845 1581 stationibus
897 1525 1187 1593 usurpari;
1223 1526 1359 1594 quod
1400 1523 1634 1595 quandiu
1664 1524 1721 1577 in

141 1620 370 1673 statione
390 1613 585 1671 milites
607 1627 784 1685 erant,
799 1617 1049 1686 jejunare
1080 1616 1202 1670 illos
1226 1616 1495 1684 oportebat
1526 1633 1544 1670 :
1575 1617 1720 1686 quod

142 1726 276 1768 sane
307 1712 597 1766 ridiculum
647 1723 755 1766 est.
786 1710 975 1780 Neque
1029 1725 1156 1765 vero
1200 1712 1388 1764 tantliu
1440 1709 1723 1765 famelicos

144 1819 269 1860 esse
318 1803 687 1873 praesidiarios
737 1802 861 1857 illos
909 1809 963 1856 et
1015 1802 1381 1866 excubitores,
1451 1803 1722 1857 exercitus

1817 638 2017 677 nonam
2076 624 2526 678 observabantur.
2564 625 2745 688 Quare
2803 632 3002 675 merito
3051 637 3078 675 a
3109 624 3394 680 catholicis

1816 717 2078 786 castigata
2114 715 2569 769 Montanistarum
2603 713 2696 767 illa
2730 714 2946 768 novitas
2973 724 3077 778 est,
3113 714 3255 784 quod
3283 725 3394 768 sta-

1817 807 2001 861 tiones
2030 815 2084 861 et
2107 806 2316 876 jejunia
2366 805 2513 870 aliis,
2539 820 2704 874 quam
2737 818 2861 874 quae
2887 804 2955 858 ab
2991 803 3231 859 Ecclesia
3267 822 3399 875 pra:-

1818 898 2019 966 scripta
2039 906 2240 963 essent,
2267 897 2602 967 temporibus
2625 897 2693 950 ad
2711 912 2992 966 veSperam
3013 899 3392 952 extenderent:

1820 1004 1948 1042 nam
1980 988 2115 1042 feria
2141 997 2334 1057 quarta
2368 999 2631 1058 sextaque
2662 987 2731 1041 ad
2762 1002 2961 1043 nonam
2985 989 3253 1042 duntaxat
3275 1003 3397 1055 per-

1818 1096 2098 1136 severasse
2140 1082 2193 1136 in
2230 1081 2463 1136 statione
2505 1080 2867 1136 Montanistas
2906 1080 3097 1135 eodem
3134 1082 3225 1134 illo
3258 1082 3397 1136 libro

1819 1188 1940 1243 cap.
1970 1172 2038 1227 10
2072 1172 2298 1228 Tertull.
2328 1172 2531 1228 indicat
2561 1191 2574 1226 :
2605 1171 2726 1227 Non
2762 1174 2914 1243 quasi
2942 1188 3247 1240 respuamus
3297 1189 3395 1226 no-

1821 1282 1967 1328 nam,
1989 1266 2184 1336 inquit,
2208 1266 2293 1318 cui
2318 1277 2365 1319 et
2389 1278 2583 1336 quarta
2608 1263 2852 1330 Sabbati,
2870 1274 2917 1318 et
2942 1275 3089 1318 sexta
3109 1266 3397 1332 plurimum

1822 1357 2115 1427 fungimur.
2146 1355 2437 1427 Propterea
2468 1371 2598 1411 vero
2625 1356 2920 1411 stationum
2948 1354 3156 1424 jejunis
3188 1355 3276 1408 illa
3316 1370 3399 1406 se-

1822 1448 2100 1517 ntijeiunia
2125 1447 2192 1502 ab
2219 1446 2411 1503 eodem
2446 1456 2668 1502 auctore
2701 1445 3084 1511 nominantur,
3124 1461 3243 1515 cap.
3280 1445 3345 1498 l5
3381 1463 3394 1496 :

1824 1537 1961 1592 Ecce
1995 1539 2133 1593 enim
2164 1538 2275 1609 (ait
2312 1538 2572 1592 adversus
2601 1537 2937 1603 catholicos)
2962 1536 3206 1589 convenio
3234 1551 3318 1588 vos
3348 1543 3400 1588 et

1822 1635 2016 1696 prteter
2069 1625 2275 1680 Pascha
2322 1625 2650 1695 jejunantes,
2685 1627 2821 1679 citra
2868 1626 2991 1679 illos
3030 1627 3163 1691 dies,
3209 1624 3397 1695 quibus

1824 1717 2034 1771 ablatus
2064 1726 2139 1771 est
2163 1732 2421 1786 sponsus;
2451 1726 2497 1770 et
2532 1716 2823 1770 stationum
2862 1715 3197 1786 semijejunia
3232 1717 3397 1768 intcr-
3493 1733 3505 1745 ·

1826 1819 2092 1879 ponentes.

146 1893 323 1965 ipsius
379 1902 541 1963 atque
570 1892 915 1963 imperatoris
946 1892 1212 1947 interfuit.
1243 1890 1346 1947 Sed
1382 1907 1537 1947 neca
1567 1894 1723 1948 statis
1752 1888 1796 1945 Β
1898 1897 2004 1955 sed
2070 1897 2499 1953 obscurissimos
2557 1904 2642 1951 est
2702 1896 2895 1952 iisdem
2955 1898 3023 1952 de
3073 1897 3400 1952 stationibus

144 1986 488 2056 temporibus
548 1985 815 2040 stationes
860 1985 1154 2038 nominatae
1199 1985 1470 2047 videntur,
1516 1983 1610 2038 sed
1654 1981 1722 2037 ab

145 2078 265 2149 ipsa
299 2076 615 2142 assistendi,
656 2078 759 2131 hoc
799 2085 882 2131 est
922 2075 1280 2130 conveniendi
1316 2073 1720 2128 commorandi-

144 2182 253 2238 que
307 2166 624 2231 iunctione;
681 2168 826 2237 quod
888 2166 1033 2220 ultra
1097 2165 1399 2234 legitimum
1444 2178 1722 2235 synaxeon

145 2270 381 2329 tempus,
431 2259 683 2314 videlicet
716 2258 1069 2323 matutinum,
1100 2258 1345 2313 divinum
1379 2255 1616 2312 cilicium
1654 2256 1722 2312 ad

143 2367 348 2407 nonam
393 2368 565 2422 usque
614 2355 1003 2423 producerent,
1055 2360 1109 2405 et
1139 2351 1510 2406 diuturniores
1546 2351 1600 2404 in
1628 2365 1723 2404 ec-

144 2443 306 2498 clesia
341 2458 524 2498 mOras
564 2452 806 2514 agerent.
851 2443 1010 2514 Apud
1053 2442 1385 2514 Cyprianum
1428 2441 1591 2510 epist.
1628 2440 1720 2506 41,

141 2534 225 2590 Ad
269 2534 573 2590 Cornelium
606 2535 1075 2606 papam,stationis
1107 2550 1305 2589 nomen
1349 2541 1458 2587 tam
1493 2535 1559 2588 de
1594 2548 1727 2588 con-

142 2636 307 2685 ventu
342 2628 483 2697 ipso,
521 2644 687 2697 quam
718 2629 784 2683 de
815 2641 1058 2696 tempore
1099 2642 1165 2682 ac
1206 2627 1293 2682 die
1340 2635 1517 2696 potest
1561 2626 1722 2680 intel-

143 2718 269 2790 ligi;
304 2734 428 2773 cuin
466 2719 533 2772 de
573 2717 866 2774 Novatiani
914 2719 1109 2789 legatis
1150 2718 1205 2772 in
1257 2717 1496 2771 Africam
1542 2717 1726 2772 missis

148 2826 315 2882 agens
350 2829 363 2865 :
395 2810 502 2876 Qui
530 2828 648 2865 cum
678 2813 731 2865 in
759 2813 1009 2878 statione,
1048 2812 1247 2883 inquit,
1285 2810 1560 2865 invidiosis
1592 2827 1726 2881 quo-

149 2919 246 2973 que
299 2904 547 2957 conviciis
619 2914 669 2958 et
732 2904 1054 2959 clamoribus
1117 2904 1432 2959 turbulentis
1505 2921 1727 2974 prorue-

148 3004 294 3059 rant,
329 3004 434 3050 etc.

218 3086 587 3153 Quamobrem
623 3087 888 3142 stationes
918 3102 1026 3141 non
1058 3085 1266 3157 jejunia
1306 3103 1421 3156 ipsa
1455 3098 1602 3153 sunt,
1633 3088 1726 3143 sed

147 3194 274 3234 cum
303 3178 530 3249 jejuniis
556 3178 872 3247 conjuncta.
905 3176 1230 3249 Quanquam
1255 3178 1456 3248 duplex
1488 3181 1730 3250 jejunio-

148 3286 271 3324 rum
299 3285 471 3341 genus
501 3271 643 3339 apud
671 3270 930 3340 antiquos
958 3268 1059 3324 fuit
1093 3290 1106 3325 :
1140 3286 1264 3324 nam
1298 3272 1445 3326 aliud
1491 3273 1730 3342 exquisi-

149 3364 261 3418 tius
291 3371 428 3426 erat,
460 3362 605 3432 quod
633 3362 870 3433 longius,
908 3362 1011 3416 hoc
1035 3371 1120 3418 est
1143 3362 1210 3417 ad
1234 3379 1519 3434 vesperam
1554 3380 1731 3433 usque

147 3454 570 3524 prorogabatur,
606 3452 686 3507 uti
739 3454 1213 3524 quadragesimale
1252 3454 1544 3525 jejunium.
1603 3454 1733 3525 Epi-

147 3546 386 3619 phanius
433 3545 576 3600 enim
624 3542 791 3609 infra,
821 3544 1009 3598 eodem
1058 3545 1164 3599 isto
1216 3560 1467 3607 numero,
1495 3559 1731 3615 synaxes

148 3637 671 3709 quadragesimales,
702 3636 770 3690 ab
795 3637 930 3691 hora
961 3650 1104 3689 nona
1143 3635 1210 3690 ad
1246 3650 1527 3704 vesperam
1557 3650 1733 3703 usque

150 3731 417 3787 celebrari
454 3730 615 3785 docet
643 3747 658 3782 :
691 3736 818 3783 ante
838 3742 978 3798 quas
1005 3741 1237 3798 synaxes
1260 3726 1469 3796 jejunia
1507 3727 1733 3781 minime

151 3822 529 3879 solvebantur.
554 3821 713 3876 Aliud
748 3827 866 3876 erat
886 3818 1050 3889 paulo
1075 3817 1361 3873 remissius
1391 3833 1455 3873 ac
1489 3818 1729 3885 brevius,

149 3914 299 3985 quod
328 3913 397 3969 ad
431 3928 631 3969 nonam
659 3913 923 3968 duntaxat
951 3910 1346 3982 produceretur
1372 3930 1387 3966 :
1421 3911 1733 3981 cuiusmodi

150 4007 305 4062 feriae
361 4014 571 4076 quartae
626 4014 901 4074 sextaaque
946 4004 1215 4074 jejunium
1263 4005 1540 4059 exstitisse
1588 4004 1731 4058 idem

151 4097 492 4168 Epiphanius
532 4097 765 4151 asserit:
797 4095 1027 4165 Τετράδι
1046 4096 1126 4159 δὲ,
1153 4095 1248 4149 καὶ
1272 4096 1329 4149 ὲν
1360 4094 1725 4166 προσαϐὕάτῳ

150 4195 214 4248 ἒν
249 4191 469 4263 νηστείᾳ
500 4190 606 4253 ἕως
642 4186 792 4261 ὥρας
821 4187 1038 4259 ἐνάτης.
1080 4185 1220 4242 Hinc
1248 4195 1354 4249 est,
1391 4187 1555 4256 quod,
1583 4195 1642 4239 ut
1665 4201 1734 4241 ex

155 4281 502 4337 Tertulliano
534 4280 895 4349 conspicuum
921 4287 1027 4341 est,
1061 4278 1324 4334 stationes
1345 4293 1452 4331 non
1481 4278 1622 4332 ultra
1642 4293 1735 4332 no-

152 4388 283 4428 nam
310 4370 752 4430 extenderentur.
784 4369 906 4436 Quo
940 4369 1169 4423 nomine”
1198 4384 1228 4423 a
1254 4369 1563 4433 catholicis,
1593 4383 1735 4437 quos

151 4462 454 4534 Psychicos
477 4461 732 4531 appellat,
758 4459 1099 4515 Montanistas
1118 4459 1437 4528 reprehensi
1465 4468 1612 4522 sunt,
1633 4474 1732 4529 pro

152 4569 224 4609 eo
276 4553 425 4624 quod
477 4554 745 4608 stationes
796 4567 928 4608 suas
977 4551 1043 4605 ad
1092 4565 1374 4621 vesperam
1406 4551 1729 4620 proferrent.
1763 4588 1809 4645 Β

153 4645 481 4702 Tertulliani
508 4645 670 4699 verba
709 4652 838 4699 sunt
859 4643 953 4697 lib.
972 4641 1046 4696 De
1056 4640 1279 4711 jejuniis
1304 4653 1491 4696 contra
1514 4641 1730 4713 Psych.:

156 4736 335 4807 ﬁque
362 4736 620 4791 stationes
654 4744 885 4797 nostras,
916 4743 973 4786 ut
1005 4732 1286 4803 indignas;
1330 4731 1589 4795 quasdam
1616 4748 1734 4786 vero

156 4838 206 4882 et
229 4829 286 4881 in
300 4844 473 4882 serum
491 4827 806 4881 constitutas
830 4825 1078 4879 novitatis
1097 4825 1305 4878 nomine
1331 4823 1578 4878 incusant
1599 4838 1616 4876 .'
1640 4823 1736 4876 hoc

157 4936 362 4991 quoque
387 4935 577 4973 munus
601 4929 647 4973 et
670 4934 735 4973 ea:
766 4918 990 4971 arbitrio
1015 4917 1309 4971 obeundum
1345 4932 1457 4970 esse
1483 4916 1735 4980 dicentes,

158 5022 208 5067 et
233 5027 337 5064 non
361 5010 508 5065 ultra
537 5026 733 5064 nonam
759 5010 1119 5073 detinendam,
1138 5009 1201 5062 de
1230 5023 1326 5061 suo
1347 5006 1549 5061 scilicet
1571 5023 1733 5060 more.

159 5102 363 5157 Ibidem
394 5111 653 5172 praeterea
690 5119 703 5155 :
737 5102 979 5172 Arguunt
1011 5117 1103 5154 nos
1135 5100 1274 5170 quod
1289 5099 1500 5169 jejunia
1521 5100 1738 5169 propria

159 5195 543 5261 custodiamus,
586 5195 724 5265 quod
758 5195 1010 5249 stationes
1030 5194 1337 5267 plerumque
1375 5193 1430 5247 in
1472 5209 1738 5259 vesperam

160 5287 534 5358 producamus.
581 5286 704 5354 Quo
754 5287 809 5342 in
859 5288 982 5342 loco
1013 5302 1122 5341 non
1152 5285 1341 5341 leviter
1373 5285 1738 5340 ballueinatus

161 5388 249 5435 est
290 5378 605 5444 Pamelius,
657 5379 787 5434 dum
836 5376 1228 5433 Tertullianum
1260 5391 1355 5445 per
1405 5376 1737 5430 calumniam

164 5474 282 5527 haec
331 5470 388 5525 in
435 5471 770 5525 orthodoxos
815 5470 1000 5540 jacere
1036 5468 1247 5532 scribit,
1282 5467 1429 5538 quod
1471 5473 1738 5537 negarent

163 5563 450 5626 stationes,
490 5563 595 5619 hoc
623 5572 706 5618 est
726 5562 936 5635 jejunia
966 5562 1106 5617 ultra
1133 5576 1334 5616 nonam
1365 5560 1736 5631 propaganda,

164 5670 315 5720 cum,
346 5664 405 5710 ut
433 5670 498 5710 ex
532 5654 762 5711 inlinitis
788 5663 1029 5710 veterum
1054 5652 1385 5708 testimoniis
1410 5660 1646 5718 constat,
1670 5650 1737 5705 ad

164 5748 313 5829 Solis“
370 5762 629 5803 occasum
698 5762 870 5817 usque
928 5744 1135 5816 jejunia
1189 5743 1567 5814 produxerim.
1630 5741 1737 5797 Sed

165 5840 311 5895 aliud
339 5840 591 5896 videlicet
610 5840 774 5896 statio
794 5848 896 5905 est,
926 5852 1090 5910 quam
1113 5836 1410 5908 jejunium;
1439 5845 1492 5893 et
1518 5834 1728 5906 jejunis

1825 1998 2038 2060 quarta:
2090 1997 2365 2059 sextaaque
2410 1986 2560 2042 feriae
2591 1985 2908 2042 Tertulliani
2940 1986 3094 2042 locus
3131 2002 3251 2056 cap.
3288 1986 3350 2039 14
3385 2004 3398 2038 :

1824 2080 1935 2137 Cur
1964 2080 2301 2144 stationibus,
2335 2080 2531 2147 inquit,
2576 2087 2823 2148 quartam
2868 2087 2917 2130 et
2942 2087 3144 2131 sextam
3179 2076 3401 2132 Sabbati

1824 2174 2092 2239 dicamus,
2138 2181 2189 2226 et
2235 2171 2453 2242 jejuniis
2499 2169 2867 2224 Parasceven?
2912 2168 3048 2224 Nam
3104 2168 3403 2224 Parasceve

1823 2265 1956 2338 quid
1984 2265 2129 2320 aliud
2159 2270 2243 2319 est
2275 2278 2440 2334 quam
2474 2272 2623 2318 sexta
2654 2261 2911 2317 Sabbati?
2951 2261 3219 2317 Prteterea
3259 2262 3404 2331 jeju-

1824 2359 1977 2414 nium
2015 2356 2317 2412 Parasceve
2369 2354 2472 2411 soli
2532 2354 2742 2419 tribuit,
2792 2355 2948 2424 quasi
3002 2369 3109 2408 non
3159 2364 3209 2409 et
3267 2355 3403 2409 feria

1824 2459 2019 2522 quarta
2052 2457 2110 2505 ut
2136 2450 2323 2512 statio,
2354 2447 2426 2502 ita
2447 2446 2722 2517 jejunium
2754 2447 2997 2503 solemne
3026 2445 3208 2499 fuerit.
3230 2444 3404 2515 llujns

1824 2542 1878 2596 in
1934 2541 2038 2596 loci
2092 2540 2536 2609 interpretatione
2604 2540 2805 2592 mirum
2864 2537 2993 2607 quid
3056 2535 3296 2590 Pamelio
3347 2536 3403 2590 in

1825 2644 2065 2689 mentem
2118 2631 2347 2695 venerit,
2401 2647 2525 2686 cum
2580 2628 2921 2683 Parasceven
2977 2642 3007 2682 a
3065 2625 3404 2681 Tertulliano

1824 2741 1968 2782 nove
2020 2723 2318 2779 Sabbatum
2369 2722 2629 2793 appellari
2672 2721 2922 2776 credidit.
2976 2718 3281 2785 Stationes,
3320 2718 3405 2771 in-

1825 2818 1965 2889 quit,
2004 2816 2235 2887 appellat
2263 2825 2469 2886 quarta:
2513 2823 2562 2868 et
2603 2822 2767 2867 sexta:
2812 2812 2960 2881 ferite
3002 2810 3230 2879 jejunio,
3265 2809 3404 2879 quod

1825 2919 2026 2966 statuta
2060 2917 2229 2963 essent
2264 2908 2372 2962 illis
2395 2907 2577 2961 diebus
2595 2905 2826 2974 jejunia,
2858 2920 2960 2957 non
2984 2905 3106 2956 item
3135 2903 3221 2955 die
3242 2900 3407 2954 Paru-

1827 3018 2015 3064 sceves,
2042 3016 2159 3071 qua:
2198 3008 2351 3053 erant
2393 2997 2716 3052 voluntaria.
2747 2994 2813 3047 Et
2846 3009 3073 3047 numero
3098 3001 3359 3061 sequente
3387 3009 3401 3045 :

1828 3097 2155 3149 Parasceven
2217 3093 2294 3147 ait
2330 3106 2442 3145 esse
2484 3088 2780 3145 Sabbatum
2807 3125 2824 3152 ,
2884 3085 3021 3156 quod
3071 3083 3406 3138 Dominicam

1829 3188 2162 3257 pracederet.
2194 3184 2310 3251 Quo
2340 3185 2425 3237 die
2452 3182 2719 3253 jejunium
2744 3197 2838 3250 pro
2857 3178 3108 3248 cujusque
3136 3176 3405 3231 voluntate

1830 3289 2094 3333 servatum
2123 3289 2222 3331 est.
2254 3274 2399 3329 Nihil
2434 3283 2527 3329 aut
2554 3273 2868 3334 absurdius,
2912 3280 3005 3324 aut
3034 3270 3177 3339 quod
3210 3284 3241 3323 a
3271 3267 3396 3321 Ter-

1831 3370 2042 3425 tulliani
2097 3376 2280 3423 mente
2336 3366 2510 3437 magis
2561 3365 2917 3426 abhorreret,
2972 3359 3153 3415 aﬂ‘erri
3202 3359 3402 3429 potuit.

1832 3460 2064 3516 Tantum
2095 3459 2241 3515 enim
2290 3457 2462 3522 abest,
2493 3464 2552 3510 ut
2588 3452 2957 3509 Tertullianus
2998 3449 3294 3504 Sabbatum
3322 3448 3407 3517 je-

1825 3554 1996 3625 juniis
2041 3553 2279 3607 dicatum
2308 3564 2428 3605 esse
2456 3545 2907 3618 pronuntiaverit,
2942 3551 3002 3598 ut
3031 3542 3098 3596 de
3130 3556 3196 3595 eo
3221 3541 3404 3596 statim

1830 3648 1934 3703 ista
1961 3644 2220 3714 subjiciat
2253 3661 2267 3697 :
2303 3641 2621 3711 Quanquam
2661 3653 2749 3692 vos
2794 3636 2956 3689 etiam
2999 3632 3312 3696 Sabbatum,
3358 3633 3407 3686 si

1829 3738 2060 3810 quando,
2093 3734 2435 3798 continuatis,
2479 3747 2744 3800 nunquam
2788 3728 2893 3782 nisi
2935 3727 2990 3780 in
3016 3723 3228 3779 Pascha
3263 3725 3409 3794 jeju-

1830 3829 2087 3890 nandum,
2115 3826 2401 3880 secundum
2431 3823 2691 3876 rationem
2717 3819 2848 3873 alibi
2882 3818 3161 3872 redditam.
3191 3815 3245 3870 Si
3270 3833 3410 3869 nun-

1831 3936 1995 3991 quam
2021 3918 2263 3972 Sabbato
2287 3912 2668 3987 jejunandum,
2704 3926 2815 3966 uno
2845 3909 3116 3963 duntaxat
3156 3914 3403 3975 excepto,

1832 4012 2109 4083 quomodo
2140 4011 2380 4065 dicatum
2406 4022 2437 4063 a
2475 4006 2616 4073 suis,
2649 4003 2872 4075 perinde
2899 4017 2963 4057 ac
2989 4000 3293 4063 catholicis,
3320 3998 3406 4068 je-

1829 4106 1988 4176 junio
2014 4103 2311 4158 Sabbatum
2335 4099 2706 4155 Tertullianus
2728 4096 2910 4152 dicere
2940 4093 3155 4164 potuit?
3174 4091 3408 4146 Aliunde

1833 4199 2000 4268 igitur
2031 4195 2320 4266 quaerenda
2359 4201 2442 4247 est
2486 4191 2593 4246 loci
2633 4189 2781 4245 illius
2827 4188 3137 4257 explicatio.
3168 4185 3300 4253 Quae
3336 4200 3407 4239 an

1834 4288 2103 4360 ejusmodi
2130 4284 2303 4356 possit
2326 4298 2467 4345 esse.
2515 4279 2972 4336 considerandum
2999 4285 3121 4331 est:
3145 4275 3407 4330 nimirum

1835 4377 2157 4433 Tertulliani
2188 4385 2451 4444 tempore,
2479 4386 2604 4428 cum
2655 4369 2917 4425 stationes
2962 4365 3094 4421 feria
3126 4372 3320 4435 quarta
3353 4369 3409 4417 et

1835 4479 1987 4527 sexta
2016 4469 2226 4529 tierent,
2260 4465 2433 4520 ambas
2458 4463 2676 4534 quidem
2701 4460 2769 4515 ad
2798 4474 2997 4515 nonam
3027 4458 3292 4512 duntaxat
3315 4455 3408 4508 ho-

1836 4576 1952 4617 ram
1986 4566 2286 4630 prorogatas
2330 4563 2487 4622 sunt;
2525 4552 2619 4609 sed
2669 4550 2801 4607 feria
2843 4557 3037 4618 quarta
3071 4545 3254 4601 statim
3283 4552 3409 4614 post

1837 4651 2093 4707 stationis
2117 4649 2322 4705 exitum
2349 4647 2654 4713 horamque
2678 4656 2877 4696 nonam
2896 4638 3165 4709 jejunium
3196 4636 3408 4693 solvere

1837 4743 2042 4799 licitum
2072 4740 2204 4795 fuit:
2235 4748 2386 4794 sexta
2407 4750 2538 4790 vero
2569 4734 2725 4800 feria,
2748 4732 2960 4803 expleto
2989 4729 3242 4786 stationis
3270 4738 3409 4783 tem-

1835 4848 1988 4903 pore,
2030 4846 2137 4884 non
2173 4829 2358 4884 statim
2404 4824 2488 4881 fas
2518 4833 2636 4880 erat
2668 4823 2834 4885 vesci,
2878 4821 2972 4877 sed
3018 4820 3086 4875 ad
3124 4833 3406 4889 veSpet-am

1836 4930 2048 4976 tantum
2082 4937 2097 4973 :
2128 4919 2270 4973 unde
2317 4917 2454 4971 feria
2499 4924 2691 4988 quarta
2716 4911 3141 4984 semijejunium,
3176 4919 3238 4965 ut
3269 4907 3406 4964 Ter-

1837 5013 2100 5068 tullianus
2151 5016 2328 5072 vocat,
2364 5008 2711 5063 observatum
2758 5013 2861 5069 est,
2901 5012 3053 5058 sexta
3115 5000 3405 5072 jejunium.

1837 5104 1919 5159 Ita
1956 5102 2233 5157 nonnullis
2262 5104 2318 5155 in
2345 5098 2504 5165 locis,
2533 5106 2594 5151 ut
2632 5095 2797 5166 paulo
2838 5105 2961 5164 post
3000 5100 3229 5147 testatur
3279 5089 3410 5159 Epi-

1838 5198 2098 5269 phanius,
2128 5195 2259 5251 feria
2287 5194 2477 5265 quinta
2509 5191 2735 5263 majoris
2759 5187 3110 5244 hebdomadas
3138 5199 3263 5240 cum
3299 5191 3412 5239 sta-

1839 5291 2019 5346 tiones
2063 5295 2118 5344 et
2158 5300 2393 5359 synaxes
2415 5284 2482 5339 ad
2507 5283 2700 5337 horam
2743 5294 2944 5334 nonam
2986 5277 3407 5337 celebrarentur,

1840 5397 1948 5438 non
1999 5388 2183 5435 tamen
2231 5376 2462 5433 subinde
2511 5373 2721 5445 jejunis
2772 5370 3144 5425 solvebantur.
3181 5364 3247 5419 Et
3284 5379 3412 5419 vero

1840 5473 2075 5528 arctiore
2112 5469 2324 5541 jejunio
2374 5482 2440 5523 ac
2490 5466 2834 5522 diuturniora
2879 5459 3059 5515 inedia
3088 5455 3410 5513 celebranda

1838 5565 1958 5622 dies
2007 5563 2099 5618 illa
2138 5561 2339 5625 fuerat,
2369 5573 2491 5630 quae
2530 5555 2829 5613 Dominit-ae
2857 5550 3108 5607 Passioni
3142 5548 3415 5619 praecipue

1840 5665 2216 5713 consecratur.
2237 5635 2501 5723 Equidem
2527 5664 2637 5703 non
2664 5648 2822 5702 video
2845 5645 2975 5714 quid
3012 5644 3079 5698 de
3096 5637 3414 5695 Tertulliani

1841 5750 1961 5803 locu
1996 5748 2088 5802 illo
2117 5745 2223 5800 uici
2253 5741 2590 5815 probabilius
2618 5740 2811 5810 possit.
2845 5735 2964 5790 Jam
2998 5750 3126 5789 vero
3164 5747 3260 5802 per
3290 5730 3412 5785 illus

1844 5839 2140 5897 stationum
2176 5836 2317 5904 dies,
2342 5851 2465 5907 quae
2495 5849 2621 5891 cum
2658 5831 2869 5903 jejunio
2894 5826 3200 5898 conjuncta:
3228 5830 3411 5890 erant,
