4054 6404
641 419 774 475 1101
1773 415 2114 472 APPENDIX
2159 415 2210 468 Dl

2313 411 2760 469 ERTATIONUM
2771 455 2783 467 .
3817 409 3938 462 10ῡὲ

632 549 822 592 contra
853 543 1016 605 atque
1049 535 1100 590 in
1133 535 1674 606 majoribnsjejuniis
1702 535 1956 603 usurpari
1988 547 2210 587 consue-

2318 541 2510 584 ratur:
2563 529 2630 582 Εἴ
2655 547 2738 593 τις
2780 529 3036 602 κληρικὸς
3065 527 3261 600 εὑρεθῇ
3305 526 3402 598 τὴν
3439 525 3782 596 Rogasne-ipa
3815 525 3936 591 ﬁgi-

635 637 806 693 verat,
833 627 1017 682 divina
1057 629 1312 700 mysteria
1366 640 1419 682 et
1467 629 1738 682 sacrilicia
1789 627 2210 696 peragebantur,

2321 640 2418 694 ραν
2453 623 2744 692 νηστεύων,
2778 621 2810 692 ἦ
2839 621 2898 674 τὸ
2925 621 3199 675 Σάϐϐατον
3220 619 3382 690 (πλὴν
3415 618 3516 670 τοῦ
3559 617 3710 679 ἐνὸς

632 721 923 775 distributa
951 735 1171 790 quoque
1201 721 1254 774 in
1285 719 1470 774 ﬁdeles
1503 719 1852 774 Eucharistia
1882 737 1894 772 :
1929 731 2094 787 quam
2129 725 2210 769 ta-

2317 714 2714 784 καθαιρείσθωο
2765 715 2814 766 εἰ
2866 712 2922 765 δὲ
2967 712 3188 774 λαῖκὸς,
3233 709 3636 782 ἀφοριζὼθω·
3705 707 3936 760 Clericus

633 825 756 864 men
791 825 897 862 non
927 810 1158 864 subinde
1209 811 1262 864 in
1292 825 1353 865 os
1383 811 1582 880 trajici,
1616 811 1709 866 sed
1743 810 2012 864 reservari
2051 822 2216 876 opor-
2315 809 2406 877 qui
2447 807 2724 860 Dominico
2765 805 2852 860 die
2876 845 2890 870 ,
2927 803 3004 857 vel
3051 802 3284 858 Sabbato
3337 805 3466 872 (uno
3513 801 3822 853 duntaxat
3865 817 3940 852 ex-

633 911 746 955 tere
785 899 1152 956 Tcrtullianus
1184 903 1459 966 admonet,
1505 903 1562 956 in
1604 903 1752 956 calce
1784 901 1880 956 Iih.
1929 899 2005 954 De
2050 907 2213 964 orat.,
2317 897 2484 968 cepto)
2531 899 2776 967 jejunare
2813 896 3160 965 deprehensus
3209 897 3310 960 sit,
3357 895 3733 963 deponatur;
3783 893 3936 944 laicus

630 995 806 1048 donec
835 993 1086 1048 absoluta
1111 993 1182 1050 sit
1209 993 1390 1049 statio.
1425 993 1610 1064 Neque
1645 1003 1756 1048 tum
1788 993 2214 1064 prietermissum
2315 991 2814 1044 excommunicetur.
2861 987 2980 1042 Non
3011 997 3188 1057 potest
3219 987 3324 1042 hoc
3354 987 3426 1042 ab
3454 986 3772 1056 apostolis
3801 1001 3936 1038 certe

629 1087 848 1140 videtur
875 1087 1026 1156 pacis
1054 1087 1328 1150 osculum,
1358 1085 1503 1156 quod
1539 1099 1650 1140 uno
1683 1083 1907 1140 Pascha:
1949 1083 2036 1138 die
2071 1099 2218 1138 com-
2317 1081 2468 1136 muni
2495 1097 2616 1136 esse
2653 1082 2870 1135 decreto
2921 1081 3302 1134 constitutum.
3333 1080 3442 1134 Aut
3471 1080 3526 1134 si
3565 1078 3936 1148 Apostolicus

629 1177 868 1230 muniter
905 1177 973 1230 ab
1013 1175 1272 1230 omnibus
1305 1175 1576 1230 omissum
1609 1175 1750 1230 idem
1781 1185 1972 1228 auctor
2006 1171 2210 1244 signiﬁ-

2315 1175 2420 1230 iste
2459 1189 2636 1230 canon
2669 1183 2788 1239 est,
2837 1173 2952 1228 haec
2989 1173 3184 1238 verba,
3217 1171 3251 1242 ἢ
3303 1171 3364 1225 τὸ
3409 1171 3740 1225 Σάϐὁατον
3763 1211 3782 1235 ,
3813 1171 3936 1241 πλὴν

629 1279 738 1324 cat.
779 1269 884 1324 Sed
916 1271 984 1323 de
1009 1269 1179 1324 variis
1203 1267 1574 1323 Ecclesiarutn
1619 1267 1814 1322 ritibus
1837 1267 2062 1320 consule
2092 1281 2214 1336 quae
2315 1265 2408 1320 τοῦ
2454 1267 2572 1330 ἑνὸς
2605 1267 2766 1337 μόνου
2791 1306 2806 1332 ,
2855 1265 2922 1320 ab
2973 1263 3162 1320 otiosis
3203 1263 3466 1318 Graeculis
3501 1265 3754 1318 intexta
3801 1275 3934 1317 sunt.

630 1361 683 1414 in
720 1361 1000 1431 superiore
1029 1371 1156 1414 nota
1189 1377 1250 1416 ex
1277 1362 1580 1432 Augustino
1605 1367 1660 1415 et
1687 1359 2004 1414 Innocentio
2029 1359 2214 1413 decla-
2315 1359 2426 1415 Nec
2477 1360 2722 1414 melim-is
2781 1367 2924 1413 notae
2974 1365 3140 1422 sunt,
3181 1369 3304 1425 quae
3360 1354 3416 1408 in
3457 1355 3682 1424 Apost.
3725 1355 3932 1406 conuii.

627 1453 894 1508 ravimus.
929 1451 1090 1506 Plura
1137 1451 1204 1506 de
1239 1451 1342 1508 hoc
1377 1451 1674 1506 stationum
1727 1449 1834 1503 ritu
1879 1448 2215 1518 antiquitatis
2315 1455 2563 1524 leguntur
2597 1454 2692 1507 lib.
2735 1469 2840 1518 vn,
2866 1469 2986 1523 cap.
3017 1451 3122 1516 ‘24,
3153 1451 3243 1504 ubi
3271 1449 3340 1504 τὰ
3359 1449 3646 1504 Σάδϐατα.
3697 1449 3806 1501 καὶ
3851 1451 3934 1510 si;

628 1545 1011 1600 ecclesiastica:
1055 1543 1288 1600 studiosi
1345 1543 1718 1614 pervestigare
1759 1551 2046 1612 poterunt;
2087 1555 2212 1595 eum
2315 1547 2601 1618 κυριακάς
2634 1545 2910 1617 ἑορτάξειν
2933 1545 3196 1614 praecipit.
3227 1542 3382 1610 Quod
3413 1545 3484 1598 ab
3519 1543 3826 1613 apostolis
3851 1543 3932 1596 toti

627 1647 678 1691 ενι
723 1653 824 1691 nos
865 1637 1122 1707 pleraque
1155 1638 1408 1692 consulto
1437 1635 1882 1706 pneterierimus,
1917 1643 1974 1688 ut
2001 1649 2062 1688 ea
2098 1634 2214 1688 sola

627 1731 1142 1799 Conqtlecteremur,
1169 1745 1404 1798 quorum
1437 1729 1749 1784 obscuritas
1771 1727 1950 1782 lucem
1973 1727 2212 1796 aliquam

629 1829 827 1873 nostra!
856 1819 1242 1888 disputationis
1273 1821 1532 1888 exigeret.

2315 1639 2574 1696 Ecclesia?
2602 1655 2882 1709 nunquam
2921 1654 3044 1694 esse
3075 1638 3472 1708 prescriptum,
3521 1637 3932 1692 sanctissio-

2317 1748 2435 1786 rum
2471 1731 2690 1786 Patrum
2739 1745 3043 1786 consensus
3070 1730 3408 1799 approbavit.
3441 1731 3582 1783 Alia
3622 1738 3724 1784 est
3751 1727 3930 1798 [gnati

2314 1824 2478 1890 ratio,
2508 1824 2600 1893 qui
2639 1824 2704 1878 ad
2741 1821 3114 1892 Philippenses
3139 1822 3384 1877 scribens
3415 1861 3430 1886 ,
3469 1836 3598 1874 non
3629 1819 3928 1874 universali

698 1913 812 1967 Col.
836 1913 938 1966 888
955 1913 1020 1966 Α.
1036 1909 1504 1982 Δίχαμόνηςτ-ῆς
1517 1909 1964 1981 Πεντηκοστῆς.
1981 1907 2114 1962 Vide
2129 1906 2210 1962 Ni-

2319 1915 2575 1970 Ecclesim
2613 1915 2728 1976 iura
2760 1915 3119 1978 constituens,
3141 1915 3299 1982 epist.
3331 1915 3386 1978 ι,
3413 1911 3526 1964 ista
3569 1913 3926 1980 pronuntiat:

630 2021 840 2060 cautum
877 2020 1140 2060 canonem
1171 2007 1292 2071 ult.,
1314 2005 1640 2060 Cassianum
1664 2005 1844 2058 collat.
1869 2004 1959 2065 21,
1981 2018 2099 2072 cap.
2123 2003 2208 2056 11.

699 2099 834 2152 Ibid.
853 2097 914 2152 Β.
935 2099 1082 2152 Οὔτε
1095 2099 1150 2151 ἐν
1177 2097 1252 2167 τῇ
1277 2097 1464 2167 ἡμέρᾳ
1483 2097 1602 2150 τῶν
1627 2096 2010 2164 Ἑπιφανίων.
2031 2093 2212 2148 Multis

630 2193 794 2262 igitur
824 2193 998 2248 modis
1018 2193 1336 2246 admirabile
1364 2201 1446 2246 est
1469 2191 1744 2246 decretum
1769 2191 1897 2244 illud
1925 2187 2212 2259 Theophili

631 2285 984 2341 Alexandrini
1045 2285 1328 2354 episcopi,
1395 2285 1542 2354 quod
1621 2283 1765 2353 apud
1829 2281 2211 2337 Balsamonem

628 2387 807 2432 exstat
853 2393 975 2448 pag.
1010 2377 1178 2443 1067,
1230 2378 1285 2432 in
1337 2393 1448 2448 quo
1480 2387 1533 2431 et
1557 2375 1912 2446 Theophania
1950 2376 2212 2446 νήστιμον

629 2469 840 2538 ἡμέραν
871 2483 992 2523 esse
1021 2469 1150 2522 dicit
1177 2485 1190 2522 :
1220 2477 1294 2534 et,
1327 2471 1586 2538 qttoniam
1635 2469 1728 2522 illo
1757 2483 1901 2523 anno
1942 2467 1994 2520 in
2027 2465 2213 2520 Domi-

627 2561 807 2614 nicatn
843 2560 1128 2623 inciderat,
1183 2561 1371 2629 paucis
1405 2560 1780 2614 tantummodo
1810 2559 2038 2630 dactylis
2067 2559 2210 2612 vesci

624 2653 812 2722 jubet,
846 2667 956 2721 quo
1011 2653 1079 2706 ab
1115 2653 1382 2707 haereticis
1413 2653 1692 2723 sejunctos
1739 2667 1797 2708 se
1841 2667 1962 2706 esse
1993 2649 2212 2720 proﬁte-

629 2752 842 2809 rentur,
875 2744 966 2813 qui
999 2741 1294 2797 Dominicm
1328 2744 1748 2799 resurrectionis
1795 2743 1938 2798 diem
1976 2758 2082 2796 non
2117 2757 2212 2796 (τοι

629 2835 834 2900 lerent,
895 2846 948 2890 et
1007 2837 1112 2891 hoc
1168 2839 1305 2906 ipso,
1362 2837 1510 2907 quod
1569 2837 1930 2906 vespertinam
1983 2836 2210 2906 synaxin

629 2928 1096 2998 praestolarentur,
1144 2929 1334 2999 jejunii
1399 2929 1648 2999 religioni
1709 2927 2114 2994 satisfacerent;
2149 2941 2213 2980 ae

629 3029 904 3090 postremo
941 3039 1176 3095 synaxes
1216 3021 1284 3075 ab
1317 3020 1452 3075 hora
1503 3035 1646 3074 nona
1674 3019 2024 3074 celebrandas
2072 3019 2212 3074 indi-

631 3111 726 3164 cit.
787 3109 951 3180 Atqui
1011 3109 1309 3166 Dominicis
1371 3111 1566 3166 diebus
1637 3125 1870 3182 synaxes
1931 3109 2212 3164 matutinae

2315 2007 2384 2059 Εἴ
2424 2023 2508 2069 τις
2533 2005 2844 2077 Κυριακὴν,
2885 2005 2917 2074 ἦ
2969 2003 3245 2057 Σάϐϐατον
3293 2001 3586 2072 νηστεύει,
3637 2004 3798 2074 πλὴν
3823 2005 3926 2064 ea;

2315 2097 2595 2152 Σαὸὄάτου
2623 2137 2638 2162 ,
2684 2093 2840 2160 οὗτος
2881 2095 3272 2168 Χριστοκτόνος
3309 2095 3478 2148 ἐστίν.
3531 2095 3924 2150 Gmulorum

2315 2207 2444 2247 vero
2479 2207 2608 2245 sane
2649 2185 3005 2244 intolerabilis
3043 2199 3128 2244 est
3179 2187 3385 2255 fastus;
3425 2189 3528 2258 qui
3595 2189 3656 2241 in
3701 2189 3926 2259 pseudo-

2315 2283 2524 2352 synodo
2577 2279 2831 2334 Trullana
2903 2295 3024 2334 ean.
3083 2280 3172 2344 55,
3227 2279 3542 2333 Romanam
3617 2281 3922 2336 Ecclesium

2313 2375 2594 2438 damnant,
2630 2375 2772 2444 quod
2815 2389 2910 2444 per
2938 2373 3422 2444 Quadragesimam
3461 2373 3752 2430 Sabbatis
3793 2376 3922 2444 jeju-

2315 2478 2524 2522 nareut.
2561 2468 2724 2537 Atqui
2761 2467 3015 2522 Socrates
3045 2467 3139 2521 lib.
3176 2483 3228 2531 v,
3255 2482 3383 2537 cap.
3413 2465 3512 2530 22,
3563 2465 3775 2522 Roma:
3799 2469 3920 2522 scri-

2315 2561 2394 2616 bit
2427 2561 2680 2617 Sabbatis
2721 2563 2774 2616 in
2803 2561 3229 2632 Quadragesima
3273 2561 3594 2631 jejunatum
3629 2577 3754 2616 non
3789 2577 3916 2616 esse.

2317 2654 2420 2710 Sed
2451 2655 2707 2708 nimirum
2737 2653 3099 2709 hallucinatus
3127 2663 3232 2716 est,
3251 2663 3343 2708 aut
3373 2655 3442 2708 ad
3463 2669 3674 2710 vocem
3715 2655 3918 2726 Ῥώμῃ,

2315 2746 2672 2816 adjiciendum
2700 2755 2784 2800 est
2807 2745 2902 2816 νέᾳ
2921 2787 2936 2812 ,
2963 2755 3023 2799 ιιι
3049 2745 3174 2798 νέαν
3207 2743 3424 2816 Ῥώμην
3441 2745 3916 2817 Constantinopo-

2315 2841 2406 2894 lim
2445 2839 2696 2910 appellet.
2743 2835 2880 2892 Natn
2915 2837 3148 2892 subinde
3181 2837 3348 2892 refert
3391 2839 3502 2891 πᾶν
3543 2839 3842 2894 Σάϐϐατιεν
3867 2843 3914 2892 ἐν

2324 2927 2510 3000 Ῥώμῃ
2539 2927 2912 3000 νηστεύεσοαι.
2939 2927 3014 2984 De
3054 2927 3274 2983 Sabbati
3303 2929 3514 2998 jejunio
3549 2941 3792 2986 exstant
3823 2931 3914 2986 Or.-

2315 3021 2666 3076 cidcntalinm
2700 3021 3035 3090 synodornm
3067 3035 3337 3086 canones,
3376 3033 3436 3075 ut
3478 3021 3826 3079 Eliberitani
3857 3025 3914 3078 ‘26

2313 3119 2368 3166 et
2399 3111 2595 3182 Agath.
2629 3109 2718 3176 12,
2780 3125 2992 3165 necnon
3033 3120 3085 3165 et
3131 3109 3430 3165 Innocentii
3461 3115 3636 3181 primi
3671 3116 3844 3183 epist.
3883 3131 3912 3170 ι.

631 3219 823 3259 omnes
851 3213 1037 3272 erant;
1061 3213 1116 3258 et
1143 3203 1290 3273 quod
1313 3219 1514 3274 paucos
1534 3203 1775 3274 dactylos
1803 3203 1904 3257 sub
1928 3216 2208 3272 vesperam
2241 3235 2284 3296 α
2316 3223 2435 3278 cap.
2475 3207 2530 3262 4.
2571 3207 2743 3273 Quem
2795 3208 3012 3278 quidem
3055 3207 3285 3263 ridicule
3325 3208 3636 3263 admodum
3675 3211 3912 3280 Scaiiger

628 3293 1018 3360 comedet-ent,
1061 3295 1198 3348 nihil
1249 3295 1538 3358 obstabat,
1596 3293 1886 3362 quominus
1941 3293 2212 3365 jejunium

628 3398 776 3441 esset
809 3387 1112 3456 ejusmodi,
1145 3389 1307 3457 quale
1357 3387 1658 3442 Dominicis
1711 3387 1904 3442 diebus
1957 3387 2212 3442 omnibus

631 3473 980 3528 interdictum
1017 3473 1188 3530 fuisse
1216 3493 1340 3530 cum
1387 3475 1726 3546 Epiphanius
1767 3477 1870 3530 hoc
1903 3476 2059 3540 loco,
2095 3487 2212 3531 tum

630 3565 724 3618 alii
778 3573 990 3622 veteres
1039 3582 1230 3622 onmcs
1279 3567 1565 3623 aﬂirmant.
1619 3569 1884 3624 Cmtcrum
1931 3569 2071 3624 idem
2123 3571 2213 3624 ille

631 3657 920 3728 Theophili
949 3659 1104 3714 locus
1149 3659 1402 3716 admonet
1433 3680 1446 3715 :
1477 3663 1520 3716 si
1563 3659 1914 3732 Theopltania
1946 3663 2112 3716 alium
2155 3663 2211 3717 in

629 3749 794 3814 diem,
829 3765 993 3820 quam
1029 3749 1396 3818 Dominicum,
1434 3753 1812 3816 incurrissent,
1843 3755 2209 3825 xerophagiis,

631 3841 736 3894 hoc
764 3849 848 3895 est
877 3857 1037 3911 pane,
1071 3858 1194 3897 cum
1228 3843 1340 3898 sale
1367 3853 1420 3898 et
1442 3859 1602 3914 aqua.
1638 3845 1986 3915 transigenda
2022 3845 2208 3904 fuisse.

631 3931 792 3988 Nunc
826 3933 897 3986 ob
924 3934 1031 3988 diei
1063 3935 1382 4004 religionem
1420 3951 1623 4005 paucos
1650 3937 1894 4009 dactylos
1917 3940 2207 3994 remissos:

631 4039 770 4094 quos
795 4033 997 4089 tamen,
1031 4033 1090 4078 ut
1116 4025 1310 4094 jejunii
1337 4029 1478 4082 ratio
1507 4029 1819 4092 haberetur,
1844 4039 1969 4086 ante
1993 4046 2211 4102 vesper-

635 4111 801 4168 tinam
833 4115 1064 4185 synaxin
1104 4116 1390 4184 degustare
1421 4119 1606 4172 vetuit.

703 4204 838 4260 Ibid.
889 4207 997 4271 Τὰς
1037 4206 1106 4258 δὲ
1145 4209 1441 4276 Iit-ptade
1488 4209 1747 4278 ἁπάσας.
1781 4209 1858 4266 De
1913 4212 2207 4268 Dominicis

633 4297 784 4363 solis,
815 4314 922 4352 non
953 4300 1080 4353 item
1107 4299 1379 4368 Sabbatis,
1415 4305 1708 4370 prudenter
1733 4305 1835 4358 hoc
1866 4305 2118 4374 advertit,
2149 4317 2210 4362 ut

631 4399 687 4444 et
710 4389 911 4460 Gangr.
936 4393 1177 4462 synodus
1205 4408 1327 4448 can.
1355 4395 1422 4449 18
1447 4395 1510 4448 de
1527 4395 1736 4464 jejunio
1754 4395 2048 4453 Dominicis
2067 4399 2209 4453 dun-

647 4491 796 4536 taxat
827 4483 1135 4548 interdixit;
1167 4499 1270 4538 non
1303 4486 1446 4538 enim
1475 4487 1673 4555 ubique
1693 4526 1707 4549 ,
1751 4503 1849 4540 nec
1883 4489 1936 4541 in
1963 4497 2074 4542 tota
2106 4489 2208 4544 Ec-

2315 3299 2412 3356 Iib.
2443 3314 2520 3353 vtt
2559 3299 2630 3354 De
2659 3300 2862 3354 emend.
2915 3309 3051 3368 temp
3107 3316 3228 3371 pag.
3261 3299 3398 3362 611,
3433 3301 3634 3355 scribit
3673 3305 3914 3372 primum

2311 3395 2558 3448 omnium
2591 3393 2895 3448 instituisse
2920 3433 2934 3456 ,
2971 3405 3030 3446 ut
3063 3391 3301 3448 Sabbato
3327 3395 3712 3463 jejunaretur.
3749 3395 3912 3461 Quasi

2311 3499 2441 3540 vero
2473 3493 2623 3539 tanto
2654 3493 2781 3540 ante
2813 3483 3189 3539 Innocentium
3231 3501 3340 3540 non
3367 3485 3498 3540 illud
3525 3489 3914 3543 Occidentales

2312 3577 2724 3642 consuetudine,
2761 3593 2884 3648 qua:
2917 3579 3093 3631 tacita:
3129 3578 3264 3648 legis
3301 3577 3478 3632 instar
3507 3591 3688 3645 esset,
3729 3583 3912 3635 Obstet-

2311 3669 2574 3724 vaverint.
2601 3667 2787 3738 Neque
2836 3685 2965 3724 vero
3011 3671 3358 3724 Innocentius
3387 3681 3498 3725 tam
3553 3673 3626 3726 de
3686 3673 3911 3728 Sabbati

2306 3759 2518 3830 jejunio
2543 3761 2828 3832 praacepit,
2861 3777 3024 3830 quam
3057 3777 3252 3817 causas
3287 3763 3490 3828 attulit,
3525 3779 3633 3818 cur
3665 3763 3910 3820 Sahbato

2306 3853 2665 3923 jejunandum
2718 3854 2990 3908 videatur.
3033 3855 3114 3910 Ad
3169 3863 3510 3918 extremum,
3559 3858 3634 3911 de
3687 3857 3908 3913 Sabbati

2315 3943 2574 4014 religione
2635 3947 2775 3998 inter
2827 3945 3284 4014 pscudodiataxes
3332 3945 3680 4015 apostolicas
3735 3959 3908 4002 ess-tat

2311 4033 2454 4089 Petri
2485 4051 2550 4088 ac
2578 4033 2730 4089 Pauli
2783 4037 3004 4090 nomine
3032 4036 3176 4090 edita
3229 4037 3442 4090 sanctio
3477 4035 3579 4089 lih.
3619 4053 3748 4100 vtu,
3793 4055 3904 4108 cap.

2311 4127 2411 4182 53:
2450 4127 2516 4181 Ut
2545 4145 2604 4182 eo
2627 4129 2710 4180 die
2741 4145 2802 4180 ac
2829 4127 3104 4182 Dominico
3129 4128 3262 4181 servi
3289 4127 3353 4180 ab
3379 4144 3533 4196 opere
3565 4129 3762 4197 feriati
3787 4133 3904 4183 sint.

2324 4218 2775 4288 Ἐργαζέσθωσαν
2799 4219 2848 4271 οἱ
2876 4219 3050 4271 δοῦλοι
3073 4217 3230 4270 πέντε
3271 4219 3505 4289 ἡμέρας,
3545 4220 3906 4272 Σάϐϐατα·δᾶ

2310 4313 2406 4365 καὶ
2443 4313 2728 4382 Κυριακὴν
2777 4310 3187 4382 σχολαζέτωσαν
3233 4313 3291 4364 ὲν
3345 4315 3410 4382 τῇ
3465 4313 3786 4386 Ἐκκλησία
3829 4316 3906 4366 διὲ

2309 4405 2409 4476 τὴν
2449 4405 2797 4458 διδασκαλίαν
2823 4406 2920 4475 τῆς
2969 4405 3273 4468 εὐσεϐείας.
3305 4403 3420 4459 Hoc
3453 4420 3588 4460 vero
3623 4423 3902 4476 nunquam

2313 4500 2380 4553 ab
2411 4499 2672 4568 apostolis
2705 4513 2954 4552 manasse
2977 4498 3256 4551 decretum
3281 4506 3504 4566 apparet
3530 4513 3604 4552 ex
3639 4515 3734 4560 eo,
3769 4502 3902 4570 quod

635 4572 801 4626 ειεδίίι
829 4569 1122 4626 Samnium
1150 4574 1344 4644 ieiunii
1387 4591 1580 4644 ωροτε
1623 4576 1743 4631 flm-
1773 4575 1883 4632 Νυο
1927 4579 2210 4649 ίὲιιονθιηιῑ
2239 4589 2285 4644 D
2315 4591 2646 4647 Laodicense
2675 4595 2872 4646 concil.
2923 4607 3048 4646 can.
3103 4591 3172 4646 29
3222 4593 3425 4647 diserte
3457 4601 3615 4646 vetat
3667 4569 3903 4649 Sabbura

637 4665 971 4734 Epiphanius
993 4667 1150 4720 aliter
1175 4665 1362 4720 Romae
1412 4677 1466 4722 et
1512 4669 1564 4722 in
1597 4669 1870 4740 plerisque
1895 4669 2208 4728 Occidentis

631 4759 965 4830 regionibus,
1001 4775 1164 4828 qualn
1203 4759 1255 4811 in
1299 4757 1519 4814 Oriente
1549 4763 1800 4829 usurpari
1835 4766 2204 4818 consuevisse.

632 4851 844 4906 Etenim
877 4849 1132 4914 Romani,
1156 4851 1300 4920 quod
1331 4853 1586 4906 Socrates
1611 4853 1701 4906 lib.
1729 4869 1781 4914 ν,
1823 4869 1942 4922 cup.
1971 4855 2042 4907 ‘22
2072 4855 2210 4910 scri-

631 4944 745 5010 bit,
783 4945 891 4996 πᾶν
922 4945 1198 4997 Σάϐϐατον
1249 4945 1587 5014 νηστεύουσι.
1643 4947 1716 5000 De
1769 4963 1878 5016 quo
1933 4947 2210 5004 fusissime

633 5035 875 5104 disputat
903 5035 1135 5102 August.
1168 5035 1326 5104 epist.
1370 5033 1438 5088 86
1475 5045 1528 5089 et
1561 5037 1720 5104 epist.
1755 5037 1854 5090 H8
1881 5077 1894 5098 ,
1929 5047 1980 5090 et
2011 5037 2062 5090 in
2093 5037 2206 5089 An-

633 5127 844 5182 nalibus
895 5125 1164 5181 Batonius
1210 5127 1276 5180 ad
1327 5141 1418 5180 an.
1454 5127 1544 5182 58.
1585 5128 1762 5193 Quare
1817 5130 1962 5182 nulla
2008 5139 2090 5183 est
2140 5129 2208 5184 ab

633 5219 898 5288 apostolis
925 5219 1067 5272 edita
1096 5221 1308 5274 sanctio
1328 5260 1344 5284 ,
1375 5235 1478 5288 qua
1507 5219 1772 5289 jejunium
1804 5239 1868 5274 eo
1904 5223 1990 5275 die
2023 5222 2208 5290 prohi-

635 5315 870 5378 heretur,
909 5323 968 5366 ut
1017 5313 1355 5382 Augustinus
1403 5315 1598 5368 asserit
1631 5314 1788 5383 epist.
1829 5315 1929 5368 118
1955 5359 1968 5380 ,
2013 5316 2102 5369 ubi
2152 5317 2206 5370 in

631 5405 795 5460 rebus
827 5404 1140 5474 bujusmodi
1168 5413 1326 5474 negat
1354 5404 1649 5474 quidquam
1674 5421 1795 5460 esse
1818 5405 1895 5460 vel
1917 5405 2208 5477 Scriptum

627 5511 830 5553 sancta:
880 5500 1200 5553 auctoritate
1224 5541 1240 5566 ,
1277 5499 1354 5554 vel
1399 5502 1712 5555 universalis
1755 5501 2003 5557 Ecclesia:
2035 5505 2208 5558 tradi-

629 5593 772 5647 tione
791 5593 1236 5658 determinatum;
1264 5594 1356 5648 sed
1385 5594 1532 5662 ejus,
1565 5595 1616 5647 in
1658 5607 1761 5664 qua
1799 5597 2030 5652 verseris
2054 5637 2069 5664 ,
2101 5596 2206 5652 Ec-

630 5684 809 5738 clesiae
835 5684 1216 5740 ronsuetudini
1245 5685 1728 5754 obtemperandum
1762 5705 1901 5742 esse.
1940 5687 2057 5755 Qua
2085 5691 2207 5758 qui-

628 5775 752 5830 dem
809 5778 1216 5846 praesctiptione
1271 5787 1530 5848 tanquam
1593 5781 1812 5849 spurius
1873 5790 1926 5834 et
1993 5783 2205 5837 alienus

624 5879 804 5925 eanon
831 5870 920 5924 ille
961 5870 1224 5938 rejieitur,
1253 5873 1344 5941 qui
1379 5871 1520 5928 inter
1561 5875 1890 5943 apostolicos
1921 5873 1988 5930 68
2019 5890 2206 5932 nume-
2247 5947 2256 5950 __

2313 4685 2524 4738 etiosos
2563 4699 2684 4736 esse
2724 4683 3088 4738 Christianos.
3145 4682 3270 4738 Ὅτι
3315 4684 3376 4736 οὐ
3413 4681 3496 4734 δεῖ
3535 4683 3902 4756 Χριστιανοὺς

2325 4775 2666 4840 Ἰουδαΐζειν,
2717 4777 2810 4828 καὶ
2857 4777 2914 4827 ἐν
2963 4775 3039 4846 τῷ
3091 4775 3357 4847 Σαϐϐάτῳ
3397 4777 3736 4848 σχολάζειν,
3779 4779 3902 4833 ἀλὶᾶ

2311 4864 2639 4936 ἐργάζεσθαι
2691 4867 2887 4928 αὐτοὺς
2939 4867 2996 4918 ἐν
3039 4870 3104 4937 τῇ
3141 4869 3280 4938 αὐτῇ
3310 4869 3496 4941 ἡμέρᾳ
3520 4909 3534 4930 ,
3575 4871 3680 4942 τὴν
3710 4872 3778 4943 δὴ
3805 4875 3900 4925 Κιδ-

2315 4957 2509 5027 ριακὴν
2539 4957 2946 5028 προτιμῶντας,
2979 4959 3031 5011 εἴ
3073 4975 3136 5022 γε
3187 4959 3434 5013 δύναιντο
3475 4961 3776 5031 σχολάζειν
3797 5005 3810 5026 ,
3837 4965 3900 5025 tit;

2311 5049 2622 5120 Χριστιανοί
2651 5065 2663 5076 ·
2703 5053 2751 5102 εἰ
2797 5049 2852 5102 δὲ
2884 5049 3155 5120 εὑρεθεῖεν
3225 5052 3544 5107 Ἰουδαῖσταὶ
3573 5093 3592 5118 ,
3659 5055 3898 5109 ἔστωσαν

2309 5139 2554 5210 ἀνάθεμα
2583 5145 2734 5214 παρὰ
2761 5141 3000 5212 Χριστῷ.
3029 5142 3328 5200 Dominicis
3357 5145 3542 5214 potius
3567 5161 3746 5216 quam
3775 5147 3897 5200 Sab-

2311 5235 2451 5289 batis
2484 5251 2676 5290 vacare
2703 5235 2888 5306 jubet:
2915 5247 2970 5291 et
3006 5238 3154 5292 addit
3178 5249 3382 5302 tamen,
3413 5239 3462 5292 si
3494 5238 3724 5293 illorum
3757 5255 3892 5294 eom-

2311 5327 2475 5380 modo
2509 5328 2626 5381 tieri
2665 5337 2860 5396 potest.
2895 5327 2967 5382 Ut
3006 5329 3252 5383 nondum
3303 5329 3410 5382 illis
3451 5331 3804 5400 temporibus
3835 5333 3894 5382 ab

2310 5420 2459 5473 omni
2485 5436 2647 5489 opere
2677 5419 2902 5475 feriatos
2927 5437 3048 5477 esse
3071 5422 3288 5491 penitus
3317 5423 3686 5476 constitutum
3721 5423 3890 5482 fuerit,

2310 5512 2386 5566 uti
2403 5510 2645 5567 Zonaras
2661 5523 2713 5566 et
2727 5514 2979 5568 Balsama
3001 5515 3066 5569 ad
3093 5515 3243 5568 illum
3259 5530 3524 5570 canonem
3541 5517 3836 5572 adnotant.

2381 5601 2512 5658 Ibid.
2536 5603 2654 5671 Τὴν
2667 5604 2734 5656 δὲ
2751 5605 3276 5674 Τεσσαρακοστήν.
3293 5607 3372 5660 Ad
3401 5608 3890 5678 quadragesimalis

2307 5693 2500 5762 jejunii
2555 5696 3004 5750 consuetudinem
3059 5699 3129 5752 ab
3183 5699 3568 5754 haereticorum
3627 5701 3888 5755 calumnia

2311 5785 2697 5838 vindicandum
2773 5787 3005 5856 insignis
3061 5787 3147 5842 hic
3217 5787 3508 5858 Epiphanii
3577 5788 3742 5844 locus
3797 5801 3884 5842 est.

2310 5878 2632 5948 Quanquam
2663 5893 2725 5933 ea
2785 5895 2873 5935 res
2907 5879 3134 5936 infinitis
3167 5881 3519 5950 antiquorum
3561 5879 3788 5937 Pati-um
3837 5893 3886 5934 at
