4054 6404
223 419 364 474 1093

999 416 1088 471 DE
1122 413 1519 472 VETERIBUS
1550 412 1953 480 QUIBUSDAM
1995 414 2352 471 ECCLESIAE
2392 414 2691 472 RITIBUS.

3356 419 3374 470 1
3388 417 3493 471 091

224 533 585 590 conciliorqu
625 531 952 587 testimoniis
978 533 1262 602 explorata
1310 533 1453 588 "adeo
1499 541 1618 596 est,
1675 532 1808 586 nihil
1839 538 1886 591 Α
1913 531 1998 585 vel
2033 539 2280 586 extremo
2313 532 2435 586 vitae
2479 533 2744 603 periculo,
2772 534 2917 588 vesci
2968 533 3146 587 liceat.
3201 534 3355 604 Apud
3393 533 3494 590 So-

227 637 288 681 ut
317 625 685 695 impudentius
731 627 800 679 ab
835 625 1114 680 hodiernis
1147 625 1418 680 haereticis
1465 624 1678 678 irrideri
1720 639 1810 678 re-

227 718 552 788 pudiarique
592 717 782 774 soleat.
816 717 1053 772 Consule
1082 733 1205 787 quae
1251 718 1306 771 in
1339 718 1550 788 magnis
1587 717 1811 772 Annali—

225 812 352 876 bus,
407 819 573 879 atque
602 810 670 864 ab
698 810 820 864 aliis
846 811 1088 865 studiose
1141 811 1366 866 collecta
1395 819 1556 874 sunt,
1589 811 1682 880 qui
1715 810 1813 864 ad-

224 919 422 957 versus
453 901 735 956 haereticos
766 902 1118 970 scripserunt.
1153 901 1259 956 Sed
1304 903 1441 955 mira
1472 903 1717 971 quaedam
1755 903 1810 955 in

226 991 722 1063 quadragesimalis
748 991 940 1061 jejunii
976 993 1239 1062 religione
1265 994 1504 1048 varietas
1531 995 1672 1063 apud
1713 1009 1812 1047 an-

228 1088 414 1157 tiquos
439 1085 668 1150 exstitit,
693 1084 762 1139 de
797 1101 905 1154 qua
933 1085 1169 1140 lrenazus
1203 1085 1345 1156 apud
1384 1085 1680 1141 Eusebium
1713 1087 1808 1142 lib.

227 1196 283 1244 v,
311 1194 434 1248 cap.
465 1178 558 1244 24,
597 1185 653 1232 et
691 1176 944 1232 Socrates
983 1177 1077 1231 lib.
1109 1193 1163 1244 ν,
1195 1193 1316 1247 cap.
1348 1177 1438 1233 22.
1463 1177 1566 1244 Qui
1593 1179 1810 1248 quidem

227 1271 517 1342 insigniter
546 1271 783 1335 aberrat,
808 1270 937 1324 dum
967 1267 1152 1325 Romae
1185 1270 1378 1326 scribit
1408 1279 1521 1325 tres
1549 1271 1816 1347 duntaxat

228 1365 598 1421 hebdomadas
637 1373 764 1424 ante
820 1364 1029 1419 Pascha
1077 1364 1341 1419 continuo
1395 1363 1674 1434 jejunari,
1719 1379 1816 1418 ex-

226 1469 388 1528 cepto
428 1457 668 1512 Sabbato
693 1471 758 1511 ac
781 1456 1084 1512 Dominica.
1111 1455 1265 1522 Quod
1298 1471 1464 1525 supra
1519 1454 1814 1510 refutatum

226 1558 332 1604 est.
383 1548 620 1618 Subjicit
654 1548 850 1604 deinde
884 1563 976 1603 sex
1025 1547 1094 1602 ab
1125 1547 1248 1602 aliis
1281 1546 1653 1601 hebdomadas
1691 1556 1817 1601 ante

228 1642 464 1708 Pascha,
516 1642 586 1696 ab
610 1641 733 1696 aliis
770 1649 971 1710 septem
994 1679 1010 1706 ,
1054 1640 1268 1710 jejunio
1298 1639 1648 1706 consecrari;
1679 1639 1816 1694 alios

228 1750 298 1787 xv
323 1735 472 1788 solos
503 1734 621 1788 dies
672 1747 770 1802 per
818 1749 890 1786 vu
927 1731 1302 1787 hebdomadas
1331 1732 1685 1802 dispensare:
1721 1731 1816 1800 qui

229 1841 424 1882 omnes
467 1840 627 1880 suum
677 1825 830 1880 illum
871 1825 1084 1879 dierum
1137 1839 1425 1880 numerum
1475 1841 1814 1896 τεσσαρακο-

1912 633 2114 678 cratem
2167 635 2345 680 tamen
2377 627 2470 680 lib.
2509 643 2560 691 v,
2591 642 2710 695 cap.
2739 626 2830 692 22,
2870 626 2956 681 tibi
2993 626 3223 682 diversa:
3256 628 3495 696 quadra-

1913 717 2190 787 gesimalis
2232 718 2429 788 jejunii
2494 720 2920 775 consuetudines
2969 720 3330 790 explicantur,
3382 736 3493 775 non

1914 825 2104 865 omnes
2145 811 2523 880 xerophagiam
2571 811 2920 866 adhibebant.
2956 811 3060 866 Sed
3101 812 3194 865 alii
3251 812 3495 881 piscibus

1915 901 2296 956 tantummodo
2324 946 2337 969 ,
2387 904 2477 957 alii
2525 905 2718 958 avibus
2749 904 2975 972 insuper
3009 906 3321 969 utebantur,
3355 917 3524 973 quos-

1913 1009 1980 1047 ex
2018 1009 2160 1063 aqua
2202 1005 2518 1064 procreatos
2560 996 2786 1065 perinde
2819 1011 2884 1051 ac
2916 997 3094 1066 pisces
3123 997 3335 1068 Moyso-s
3369 1013 3496 1050 uar-

1915 1096 2020 1142 rat.
2056 1087 2161 1141 Alii
2196 1087 2465 1145 fructibus
2492 1091 2720 1160 ovisque
2744 1091 3018 1155 contenti;
3057 1090 3147 1144 alii
3175 1105 3313 1159 pane
3340 1089 3492 1156 solo;

1916 1179 2007 1233 alii
2043 1195 2112 1234 ne
2146 1180 2292 1235 hunc
2322 1181 2543 1250 quidem
2581 1182 2686 1236 sibi
2721 1182 3128 1252 permittebant.
3153 1183 3197 1235 A
3231 1182 3524 1236 carnibus

1914 1272 2134 1342 quidem
2158 1275 2443 1328 universos
2468 1275 2801 1330 abstinuisse
2828 1285 3024 1345 praeter
3050 1285 3275 1332 caeteros
3300 1277 3490 1347 Augu-

1918 1365 2099 1419 stinus
2149 1377 2333 1421 contra
2365 1365 2630 1419 Faustum
2658 1366 2848 1421 scribit
2876 1367 2970 1422 lib.
3005 1383 3133 1421 xxx.
3163 1366 3209 1419 A
3237 1368 3500 1423 carnibus

1918 1467 1974 1512 et
2001 1457 2150 1523 vino,
2183 1458 2469 1528 Cbrysum.
2504 1457 2691 1512 homil.
2723 1457 2756 1512 8
2802 1461 2880 1512 De
2901 1460 3083 1528 ptenit.
3133 1458 3214 1515 De.
3234 1460 3497 1515 carnibus

1918 1550 2084 1604 etiam
2135 1549 2460 1619 Spiridionis
2499 1551 2642 1620 apud
2675 1549 2894 1607 Sozom.
2928 1552 3157 1606 historia
3206 1552 3500 1607 confirmat

1924 1638 2018 1692 lib.
2052 1654 2109 1704 ι,
2145 1654 2264 1708 cap.
2302 1638 2364 1692 11
2391 1680 2405 1705 ,
2439 1649 2498 1692 ut
2527 1649 2721 1693 caetera
2751 1642 3182 1710 praetermittam,
3213 1657 3336 1711 qua:
3369 1651 3497 1696 stmt

1919 1730 2226 1786 innumera.
2274 1728 2572 1784 Postremis
2604 1731 2789 1801 itaque
2831 1731 3275 1804 Quadragesimae
3302 1734 3495 1790 diebus

1919 1839 2017 1878 sex
2071 1823 2402 1894 xeropltagia
2475 1823 2594 1894 lege
2652 1827 2890 1894 quadam
2949 1827 3206 1882 omnibus
3271 1829 3494 1883 indicta.

233 1918 364 1986 στήν
411 1915 772 1986 appellabant.
832 1913 977 1970 Sane
1020 1917 1162 1985 apud
1196 1914 1450 1970 Photium
1502 1895 1659 1970 num.
1711 1915 1812 1971 107
1845 1895 1888 1950 Β
1917 1913 2049 1981 Quae
2072 1916 2201 1985 quid
2234 1917 2324 1981 sit,
2353 1917 2594 1972 declarat
2626 1917 2854 1975 Tertull.
2895 1921 3034 1976 libro
3066 1920 3265 1974 Contra
3297 1921 3494 1991 Psych.

229 2007 468 2063 Basilius
507 2007 646 2062 Cilix
672 2005 1033 2062 Nestorianus
1091 2008 1353 2063 adversus
1386 2007 1650 2063 Joannem
1683 2007 1816 2080 Scy-

230 2099 631 2169 tb0politanum
677 2099 924 2153 scribens
949 2138 964 2161 ,
1017 2098 1205 2168 objicit
1243 2099 1384 2153 inter
1427 2109 1658 2155 caetera:
1695 2101 1815 2153 Ὅτι

229 2189 330 2261 τὴν
385 2189 542 2258 ἁγίαν
570 2189 1012 2262 τεσσαρακοστὴν
1057 2193 1137 2254 εἰς
1163 2194 1311 2262 τρεῖς
1354 2192 1656 2263 ἑϐδομάδας
1686 2209 1816 2262 συγ-

230 2283 457 2348 κλείων,
502 2282 623 2335 οὐδὲ
656 2285 713 2336 ὲν
757 2281 984 2348 ταύταις
1034 2283 1133 2355 τῆς
1169 2283 1279 2339 τῶν
1312 2285 1533 2356 πτηνῶν
1571 2303 1818 2359 κρεωφα-

231 2375 358 2445 γίας
396 2375 676 2446 ἀπείχετο.
726 2374 856 2430 Fuit
885 2377 1032 2431 enim
1085 2393 1194 2432 non
1247 2378 1430 2432 minor
1465 2380 1520 2434 in
1567 2381 1814 2436 ciborum

230 2463 445 2517 delectu
493 2464 932 2534 abstinentiaque
997 2465 1320 2533 diversitas,
1378 2469 1445 2524 de
1507 2485 1616 2540 qua
1673 2470 1814 2526 idem

231 2553 509 2610 Socrates.
544 2553 673 2610 Vide
713 2564 766 2611 et
810 2555 1132 2613 Cassianum
1179 2560 1377 2616 Collat.
1420 2561 1527 2629 21;
1580 2562 1816 2618 Ambro-

230 2647 376 2702 sium
431 2662 596 2702 serm.
640 2649 712 2702 23
755 2659 810 2703 et
854 2650 1249 2719 sequentibus;
1290 2651 1510 2709 Sozom.
1567 2654 1662 2710 lib.
1715 2672 1813 2721 vu,

230 2754 353 2808 cap.
394 2740 480 2793 19.
522 2741 859 2810 Epiphanius
890 2757 1056 2812 porro
1109 2759 1206 2814 per
1253 2746 1394 2800 ὲπτὰ
1453 2748 1666 2819 ἡμέρας
1717 2751 1812 2804 τοῦ

232 2831 459 2901 Πάσχα,
490 2841 614 2887 ante
651 2849 790 2904 quas
818 2835 916 2906 τὴν
948 2841 1396 2909 τεσσαρακοστήν
1429 2842 1692 2896 celebrari
1725 2845 1812 2898 tli-

232 2923 340 2986 cit,
384 2937 491 2976 non
542 2939 662 2978 eam
695 2925 1085 2981 hebdomadem
1125 2928 1378 2998 intelligit
1406 2971 1421 2992 ,
1452 2948 1574 3000 quae
1603 2932 1810 2989 Pascha

231 3016 488 3084 praecedit
514 3059 528 3083 ,
556 3017 636 3071 uti
669 3027 858 3088 postea
905 3035 1030 3075 cum
1056 3020 1154 3085 τὰς
1180 3021 1240 3086 ἒξ
1267 3023 1479 3096 ἡμέρας
1503 3025 1597 3078 τοῦ
1624 3028 1815 3098 Πάσχα

232 3107 520 3175 nominat,
556 3110 650 3164 sed
704 3111 771 3165 de
818 3113 1166 3181 paschalibus
1223 3131 1293 3169 vu
1334 3115 1487 3173 feriis
1527 3118 1769 3190 loquitur
1797 3161 1812 3184 ,

230 3215 370 3267 quas
442 3201 709 3256 antecedit
759 3205 1229 3275 quadragesimale
1280 3207 1574 3277 jejunium.
1623 3209 1810 3266 Utrum

231 3307 362 3346 vero
394 3296 536 3363 apud
567 3294 796 3366 Cyprios
816 3337 831 3362 ,
885 3298 978 3355 ubi
1019 3299 1134 3354 haec
1161 3300 1432 3356 scribebat
1455 3301 1807 3372 Epiphanius,

233 3383 472 3440 Sabbata
512 3387 1078 3458 quadragesimalibus
1115 3391 1341 3460 jejuniis
1385 3404 1636 3463 exempta
1678 3397 1810 3460 sint,

231 3492 341 3531 non
403 3479 538 3534 satis
603 3488 848 3548 apparet.
903 3481 983 3535 Ac
1033 3482 1286 3537 videntur
1335 3500 1400 3539 ex
1441 3485 1811 3542 Romanorum

229 3569 576 3639 aliorumque
602 3571 998 3627 consuetudine
1053 3575 1216 3627 etiam
1271 3574 1463 3630 diebus
1515 3576 1620 3631 illis
1669 3577 1812 3646 jeju-

231 3674 396 3714 nasse
418 3701 433 3725 ,
460 3675 586 3715 cum
613 3661 763 3715 solos
796 3660 1111 3718 Dominieos
1140 3663 1256 3718 dies
1279 3666 1528 3734 excipiat.
1561 3666 1812 3722 Profecto

229 3749 375 3803 enim
418 3750 486 3804 de
541 3749 795 3806 Sabbatis
847 3752 1073 3808 minime
1136 3755 1441 3810 tacuisset:
1496 3773 1810 3828 quanquam

233 3842 597 3897 Sabbatorum
633 3843 757 3898 ideo
803 3843 1038 3900 fortasse
1068 3860 1176 3900 non
1209 3848 1479 3911 meminit,
1523 3849 1668 3918 quod
1700 3866 1811 3904 non

229 3935 479 3988 eamdem
526 3936 670 4005 apud
710 3951 902 3992 omnes
927 3937 1204 3994 Ecclesias
1246 3939 1476 3994 formam
1517 3957 1641 3997 esse
1679 3958 1812 3997 con-

231 4027 686 4099 suetudinemque
723 4039 1007 4098 cerneret,
1065 4047 1242 4100 neque
1300 4034 1598 4103 quidquam
1647 4051 1813 4105 super

231 4137 295 4175 ea
351 4137 409 4175 re
469 4121 634 4176 sciret
683 4123 752 4177 ab
787 4125 1049 4192 apostolis
1096 4141 1217 4180 esse
1264 4128 1661 4196 praescriptum.
1713 4126 1812 4183 llic

231 4224 414 4268 autem
446 4215 584 4269 ritus
633 4231 727 4270 eos
775 4218 922 4271 solos
955 4219 1240 4288 complecti
1294 4220 1499 4282 voluit,
1558 4235 1696 4289 quos
1742 4221 1812 4274 ab

231 4307 494 4376 apostolis
529 4307 626 4362 toti
656 4310 912 4364 Ecclesia:
945 4311 1194 4375 traditos,
1225 4328 1333 4366 non
1362 4322 1634 4368 certorum
1665 4313 1812 4366 loco-

231 4417 357 4455 rum
406 4402 709 4471 peculiares
742 4418 865 4458 esse
911 4406 1174 4460 crederet.
1215 4406 1503 4476 Pet-peram
1551 4423 1680 4462 vero
1707 4406 1811 4461 Pa-

231 4495 429 4549 melius
462 4496 531 4548 ad
580 4495 803 4550 Tertull.
834 4497 1027 4551 librant
1060 4501 1310 4553 adversus
1356 4499 1552 4570 Psyclt.
1582 4516 1704 4570 cap.
1742 4502 1811 4556 15

1915 2023 2035 2077 cap.
2067 2008 2094 2061 1
2130 2025 2144 2060 :
2185 2009 2430 2079 Arguunt
2458 2027 2582 2074 nos,
2614 2009 2827 2081 inquit,
2864 2013 3003 2082 quod
3035 2014 3198 2066 etiam
3244 2013 3500 2082 xeropha-

1914 2101 2027 2170 gias
2075 2102 2428 2166 observemus,
2463 2103 2721 2157 siccantes
2749 2102 2923 2158 cibum
2949 2104 3013 2158 ab
3058 2105 3201 2158 omni
3227 2121 3417 2170 carne,
3447 2114 3498 2158 et

1917 2194 2060 2246 omni
2093 2193 2414 2263 jurulentia,
2445 2206 2490 2248 et
2522 2196 2864 2253 viridioribus
2891 2197 3180 2269 quibusque
3208 2199 3400 2268 pomis,
3433 2215 3499 2252 ne

1915 2284 2042 2356 quid
2079 2286 2383 2339 vinositatis
2426 2285 2505 2340 vel
2551 2289 2805 2352 edamus,
2856 2287 2934 2342 vel
2975 2299 3244 2358 potemus;
3294 2289 3497 2344 lauacri

1914 2392 2116 2446 quoque
2149 2376 2528 2429 abstinentiam
2572 2385 2940 2446 congruentem
2981 2378 3134 2431 arido
3157 2377 3336 2432 victui.
3373 2376 3499 2433 Pas-

1915 2471 2018 2524 sim
2061 2484 2192 2523 vero
2240 2477 2350 2523 toto
2410 2469 2504 2524 illo
2546 2469 2686 2523 libro
2728 2469 3086 2541 xerophagias
3129 2485 3159 2524 a
3209 2469 3497 2525 catholicis

1915 2562 2164 2616 damnari
2216 2561 2509 2630 significat,
2544 2561 2700 2631 quasi
2742 2577 2932 2616 novum
2963 2562 3199 2630 a/fectati
3229 2563 3384 2632 oﬁicii
3413 2580 3498 2616 no-

1916 2671 2054 2718 men,
2083 2664 2128 2707 et
2161 2656 2460 2724 proximum
2504 2656 2727 2710 etimij
2761 2656 3158 2724 superstitioni;
3191 2656 3371 2726 quales
3404 2673 3498 2709 ca-

1916 2746 2179 2799 stimonia:
2207 2746 2366 2814 Apin,
2397 2745 2598 2800 Isidem
2633 2758 2680 2800 et
2714 2764 2961 2817 magnam
2985 2747 3213 2801 Matrem
3239 2759 3498 2802 certorum

1916 2837 2210 2890 eduliorum
2246 2839 2547 2908 exceptione
2574 2839 2881 2908 puriﬁcant.
2915 2836 3115 2892 Verunt
3143 2855 3252 2894 non
3285 2854 3498 2906 omnes,

1916 2925 2142 2994 opinor,
2208 2934 2320 2980 tum
2383 2941 2414 2980 a
2493 2927 2780 2982 catholicis
2831 2928 3102 2982 damnata:
3154 2930 3498 2999 xerOphagiaz

1916 3027 2076 3084 sunt;
2141 3018 2234 3072 sed
2290 3017 2396 3071 illae
2450 3019 2670 3081 solum,
2726 3033 2878 3088 quas.
2925 3019 3089 3073 certis
3135 3021 3498 3089 temporibus,

1915 3116 2282 3178 prieterquam
2331 3109 2398 3162 ab
2444 3108 2703 3164 Ecclesiae
2737 3109 3090 3172 constitutis,
3139 3125 3205 3164 ex
3255 3111 3496 3166 Montani

1916 3200 2205 3270 disciplina
2253 3201 2574 3268 servabant;
2627 3217 2766 3270 quas
2820 3201 2961 3255 idem
3030 3212 3224 3256 auctor
3283 3203 3499 3258 duabus

1917 3291 2272 3348 hebdomadis
2320 3292 2544 3356 definit,
2591 3307 2712 3364 cap.
2757 3308 2869 3347 xv:
2907 3293 3182 3358 Quantula
3238 3297 3377 3348 enim
3419 3303 3497 3349 est

1916 3389 2055 3454 apud
2086 3401 2181 3439 nos
2215 3385 2518 3438 interdictio
2557 3383 2838 3438 ciborum?
2870 3383 3019 3438 Duas
3049 3385 3106 3438 in
3131 3401 3269 3438 anno
3303 3384 3497 3439 hebdo-

1915 3477 2102 3530 madas
2135 3478 2611 3547 xerophagiarum,
2663 3493 2755 3530 nec
2782 3486 2956 3542 totas,
3009 3478 3242 3546 exceptis
3290 3478 3492 3532 scilicet

1917 3567 2166 3623 Sabbatis
2195 3579 2245 3623 et
2273 3569 2590 3633 Dominicis,
2624 3569 2898 3637 oﬂ‘erimus
2925 3568 3054 3622 Deo.
3102 3567 3205 3622 Ubi
3257 3585 3365 3622 non
3409 3585 3498 3624 asn

1918 3663 2186 3716 sentimur
2214 3661 2458 3717 Pamelio
2493 3702 2508 3726 ,
2542 3663 2634 3732 qui
2667 3662 3019 3715 hebdomadas
3045 3677 3150 3716 non
3183 3677 3281 3731 pro
3303 3672 3497 3730 septem

1913 3752 2119 3817 diebus,
2139 3751 2234 3806 sed
2266 3767 2366 3822 pro
2397 3751 2620 3806 totidem
2647 3750 3060 3804 hebdomadibus
3089 3751 3258 3819 accipi
3294 3762 3449 3820 putat
3479 3791 3494 3816 ,

1913 3854 1968 3900 et
1999 3845 2066 3899 de
2099 3843 2416 3914 TeleSphori
2465 3845 2772 3910 sanctione,
2805 3859 2909 3912 qua
2939 3841 3310 3898 Tertullianus
3341 3845 3497 3898 cleri-

1913 3953 2012 3994 cus
2035 3947 2332 4000 teneretur,
2358 3937 2542 3992 nescio
2569 3938 2699 4006 quid
2730 3945 2950 4002 narrat;
2979 3936 3123 4006 quod
3151 3936 3302 3990 nullo
3333 3935 3496 3990 modo

1915 4030 2230 4098 persuadet.
2282 4027 2418 4083 Nam
2470 4029 2516 4084 si
2569 4045 2657 4083 xiv
2719 4030 3090 4084 hebdomadas
3147 4030 3496 4098 xernpbagiis

1915 4122 2208 4177 Montanus
2233 4121 2556 4186 addixisset,
2587 4138 2696 4177 non
2733 4123 2862 4175 illud
2895 4137 3069 4191 usque
3098 4121 3236 4176 adeo
3265 4120 3490 4176 Tertull.

1913 4217 2131 4270 elevans
2165 4215 2372 4269 diceret
2412 4233 2425 4268 :
2468 4214 2741 4280 Quantulo
2776 4223 2852 4267 est
2893 4215 3034 4284 apud
3071 4230 3164 4267 nos
3195 4214 3497 4267 interdictio

1914 4309 2202 4364 ciborum?
2249 4307 2518 4374 Quocirca
2552 4308 2690 4362 duas
2723 4308 2860 4361 alias
2891 4323 2918 4360 a
2955 4307 3383 4378 Quadragesima
3413 4323 3498 4362 se-

1908 4401 2130 4471 junctas
2174 4400 2514 4454 ac.diversas
2553 4397 2725 4454 fuisse
2763 4399 3023 4454 credibile
3061 4407 3179 4463 est;
3210 4398 3264 4452 in
3297 4398 3499 4467 quibus

1919 4494 2217 4548 Sabbatum
2277 4506 2342 4546 ac
2393 4491 2678 4545 Dominica
2720 4491 2840 4544 dies
2869 4491 3220 4544 eximeretur.
3271 4489 3494 4543 Sozam.

232 4585 381 4642 hunc
428 4589 604 4656 ipsum
646 4588 931 4659 Epiphanii
990 4591 1166 4645 locum
1223 4592 1511 4663 interpolat
1539 4611 1554 4660 ;
1612 4603 1666 4648 et
1713 4610 1813 4662 pro
1847 4589 1890 4644 D
1919 4587 2014 4642 lib.
2042 4603 2142 4650 vn,
2171 4601 2293 4655 cap.
2321 4586 2410 4651 19,
2441 4584 2510 4639 de
2540 4584 2758 4638 diverso
2792 4583 3281 4653 quadragesimalis
3304 4583 3498 4652 jejunii

232 4692 425 4751 septem
451 4683 586 4747 dies,
616 4683 760 4737 haud
788 4684 952 4738 dubie
972 4684 1280 4756 legendum,
1309 4697 1503 4755 septem
1528 4686 1813 4740 hebdoma-

231 4777 349 4841 das,
383 4775 633 4831 allirmat.
669 4776 892 4831 Frustra
921 4788 1042 4843 est,
1074 4781 1320 4849 inquam.
1357 4779 1568 4834 Etenim
1597 4780 1810 4852 ἡμέρας

231 4876 316 4921 est
346 4867 397 4920 in
429 4867 640 4933 Graeco,
685 4884 795 4923 non
833 4868 1158 4940 ἑϐδομάδας.
1199 4870 1266 4926 Et
1288 4871 1504 4943 ἡμέρας
1539 4873 1808 4944 intelligit,

231 4975 354 5028 quae
384 4975 412 5014 a
444 4961 670 5015 solemni
714 4959 996 5018 Paschatis
1025 4964 1214 5019 ineunt
1241 4983 1254 5019 :
1298 4973 1424 5019 ante
1452 4967 1646 5036 quasi)
1687 4983 1812 5018 τεσ-

232 5055 546 5125 σαρακοστή
578 5053 753 5109 solida
777 5055 1040 5110 decurrit.

301 5147 420 5203 Coi.
441 5147 616 5201 esse.
639 5147 748 5213 Τὰς
768 5147 836 5200 δὲ
849 5147 919 5212 ἐξ
940 5147 1164 5217 ἡμέρας
1183 5148 1290 5203 τοῦ
1315 5148 1552 5218 Πάσχα.
1579 5148 1683 5205 Sex
1702 5149 1812 5205 illis

232 5240 497 5295 duntaxat
540 5240 734 5296 diebus
785 5240 1034 5310 majoris,
1078 5251 1141 5296 ut
1185 5251 1402 5305 vocant,
1437 5242 1808 5308 liebdomadae,

231 5333 576 5403 Xerophagia
597 5332 924 5388 Christianis
949 5333 1211 5402 imperata
1242 5331 1359 5388 fuit.
1390 5333 1552 5403 Atqui
1583 5332 1808 5388 Laodie.

234 5443 356 5481 can.
410 5425 479 5479 50
508 5443 523 5481 :
555 5427 648 5478 Δεῖ
695 5428 907 5488 πᾶσαν,
959 5425 1168 5496 inquit,
1212 5425 1310 5496 τὴν
1354 5425 1812 5498 Τεσσαρακοστὴν

232 5516 514 5586 νηστεύειν
559 5515 1020 5588 ξηροφαγοῦντας.
1073 5513 1140 5568 Et
1183 5513 1438 5570 Balsamo
1484 5516 1550 5569 ad
1586 5531 1710 5569 can.
1743 5515 1812 5568 69

233 5618 408 5679 apost.
482 5623 590 5662 non
633 5608 809 5662 solum
865 5608 917 5660 in
973 5606 1442 5676 Quadragesima,
1499 5605 1594 5661 sed
1643 5606 1810 5659 etiam

234 5711 426 5773 quarta
471 5711 732 5770 sextaque
795 5701 930 5754 feria
963 5699 1294 5770 ξηροφαγεῐν
1323 5707 1578 5768 oportere
1603 5698 1762 5753 docet
1795 5715 1809 5752 :

234 5795 368 5850 adeo
403 5804 463 5848 ut
506 5810 573 5847 ne
604 5793 824 5864 aegrotis
865 5793 1085 5858 quidem
1119 5793 1269 5847 aliud
1322 5793 1569 5847 ciborum
1615 5807 1809 5862 genus,

233 5899 396 5959 quam
447 5886 676 5958 piscium
708 5883 1055 5956 indulgeatur
1075 5925 1090 5949 ,
1122 5899 1223 5941 nec
1249 5899 1494 5955 unquam
1525 5883 1808 5950 carnibus,

1918 4682 2130 4736 dierum
2170 4696 2402 4735 numero
2438 4696 2626 4750 agens,
2679 4679 3040 4734 Montanistas
3087 4681 3164 4732 ait
3198 4679 3336 4734 duas
3372 4689 3501 4733 ante

1920 4774 2130 4829 Pascha
2155 4775 2422 4828 duntaxat
2449 4772 2824 4828 hebdomadas
2847 4771 3116 4841 jejunare.
3144 4770 3340 4825 Verum
3372 4787 3498 4824 cum

1920 4869 1974 4923 in
2011 4869 2272 4933 secunda,
2306 4868 2409 4922 boc
2440 4877 2525 4923 est
2559 4869 2812 4938 proxima
2860 4875 2987 4921 ante
3031 4865 3240 4922 Pascha
3288 4869 3496 4922 hebdo-

1919 4961 2099 5023 made,
2139 4960 2438 5016 Sabbatum
2467 4977 2497 5015 a
2522 4960 2735 5030 jejunio
2767 4969 3079 5028 exemptum
3113 4960 3254 5029 apud
3291 4959 3499 5015 Monta-

1918 5055 2095 5110 nistas
2124 5069 2235 5108 non
2271 5052 2470 5119 fuerit,
2517 5063 2578 5109 ut
2603 5053 2828 5108 Tertull.
2873 5054 2987 5124 jam
3031 5052 3357 5107 Montanista
3400 5052 3497 5106 lib.

1921 5143 2122 5199 Contra
2166 5142 2362 5213 Psyclt.
2403 5152 2618 5207 narrat,
2662 5159 2771 5197 non
2811 5142 3068 5196 videntur
3095 5140 3160 5193 ad
3194 5140 3328 5194 duas
3363 5139 3498 5192 istas

1918 5239 2291 5294 hebdomadas
2341 5238 2568 5292 totidem
2621 5237 2728 5291 illa:
2772 5233 3226 5304 xerophagiarum
3286 5247 3499 5286 accom-

1919 5331 2130 5385 modari
2159 5346 2340 5400 posse.
2369 5329 2424 5384 In
2455 5329 2637 5384 Const.
2671 5341 2842 5398 apost.
2877 5328 3036 5391 lib.v,
3062 5341 3183 5394 cap.
3203 5326 3291 5394 l7,
3307 5325 3495 5379 eadem

1919 5423 2249 5492 xerophagia
2292 5437 2386 5476 sex
2413 5421 2519 5476 illis
2549 5420 2743 5475 diebus
2766 5417 3106 5474 observanda
3137 5416 3492 5485 proponitur:

1932 5516 2022 5568 Ἐν
2049 5517 2170 5576 ταῖς
2202 5513 2439 5585 ἡμέραις
2477 5508 2571 5566 οὖν
2603 5512 2698 5566 τοῦ
2743 5513 2938 5582 Πάσχα
2969 5508 3261 5582 νηστεύετε
3281 5549 3296 5571 ,
3329 5508 3496 5578 ἀρχό-

1922 5624 2076 5678 μενοι
2138 5606 2249 5659 ἀπὸ
2295 5605 2554 5677 δευτέρας
2612 5605 2774 5677 μέχρι
2823 5604 2925 5675 τῆς
2989 5601 3347 5674 παρασκευῆς
3404 5600 3500 5654 καὶ

1920 5696 2198 5752 Σαῦὸάτου
2229 5697 2287 5764 ἒξ
2313 5697 2549 5768 ἡμέρας,
2588 5697 2733 5768 μόνῳ
2770 5696 3043 5768 χρώμενοι
3068 5697 3239 5766 ἄρτῳ,
3265 5693 3358 5746 καὶ
3384 5691 3496 5753 ἁλὶ,

1919 5793 2014 5846 καὶ
2039 5792 2320 5861 λαχάνοις,
2363 5792 2457 5844 καὶ
2492 5789 2640 5860 ποτῷ
2685 5789 2867 5843 ὕδατι·
2913 5791 3056 5842 οἴνου
3091 5788 3149 5841 δὲ
3188 5785 3280 5840 καὶ⁵
3320 5783 3501 5856 κρεῶν

1920 5880 2191 5952 ἀπέχεσθε
2222 5884 2280 5936 ὲν
2306 5881 2551 5945 ταύταις.
2591 5879 2716 5935 11ωο
2751 5881 2916 5950 igitur
2956 5877 3299 5949 Xeropbagia
3333 5889 3500 5947 pane,
