4054 6404
518 407 658 466 “‘95

1623 409 1966 464 APPENDIX
2003 407 2632 466 DlSSERTATlONUM.

3647 411 3666 462 l
3679 407 3799 464 096

519 526 652 582 sale.
681 539 848 594 aqua,
877 533 966 589 et,
998 524 1043 580 si
1077 523 1243 590 forte,
1293 525 1456 581 etiam
1499 527 1741 582 oleribus
1786 528 2090 581 constabat.
2123 532 2170 588 Α
2197 529 2438 595 videtur;
2469 530 2724 598 idemque
2749 527 2908 589 forte.
2940 542 3108 598 quem
3137 527 3360 582 unicum
3399 525 3610 596 jejunio
3637 527 3790 582 diem

516 615 598 672 Ad
633 615 746 669 haec
793 629 914 684 cap.
963 617 1032 668 l2
1076 615 1322 681 ejusdem
1357 615 1482 670 libri
1516 615 1984 686 quadragesimale
2016 615 2100 683 je-

516 709 730 780 junium
754 725 784 763 a
827 709 1072 779 paschali
1104 709 1460 778 distinguitur
1507 725 1521 760 :
1563 707 1948 762 Ἐπιτελείσθω
1976 707 2032 759 δὲ
2065 709 2100 776 ἠ

521 801 744 871 νηστεία
803 804 938 872 αὕτη
995 801 1222 870 (nempe
1273 801 1799 870 quadragesimalis)
1849 800 1956 870 πρὸ
2005 800 2102 869 τῆς

521 891 776 962 νηστείας
813 890 908 944 τοῦ
940 891 1166 960 Πάσχα,
1211 893 1492 962 ἀρχομένη
1539 891 1636 961 μὲν
1672 891 1780 944 ἀπὸ
1809 891 2100 958 δευτέρας,

521 981 872 1053 πληρουμένη
899 983 956 1036 δὲ
980 985 1059 1046 είς
1093 983 1480 1054 παρασκευὴν,
1516 983 1634 1054 μεθ’
1669 983 1736 1046 ἃς
1763 981 2104 1052 άπονηστεύ-

524 1089 716 1136 σαντες
759 1073 996 1145 ἄρξασθε
1043 1074 1142 1144 τῆς
1191 1073 1350 1142 ἁγίας
1399 1073 1492 1128 τοῦ
1535 1075 1727 1144 Πάσχα
1775 1073 2102 1143 ἑϐδομάδος,

521 1165 876 1237 νηστεύοντες
917 1167 1090 1238 αὑτήν
1109 1183 1122 1198 ·
1151 1165 1455 1221 Celebretur
1491 1167 1950 1237 quadragesimale
1971 1165 2108 1234 jeju-

523 1261 672 1312 nium
719 1269 838 1314 ante
881 1259 1178 1328 paschale;
1225 1271 1274 1314 et
1313 1260 1568 1328 incipiens
1621 1277 1654 1313 a
1695 1259 1924 1313 secunr'a
1971 1259 2108 1328 feria

523 1354 730 1406 desinat
781 1353 838 1404 in
887 1351 1218 1406 Parasceuen
1251 1369 1268 1406 :
1307 1361 1424 1421 post
1471 1367 1652 1422 quam,
1679 1351 1854 1404 soluto
1875 1351 2104 1420 jejunio,

525 1455 764 1499 sanctam
793 1443 1072 1498 Paschalis
1090 1443 1466 1498 hebdomadem
1495 1446 1549 1498 in
1567 1443 1776 1512 jejunio
1808 1445 2103 1514 transigite.

525 1539 1024 1606 Quadragesimalis
1071 1553 1236 1607 porro
1279 1537 1426 1590 illius
1479 1537 1670 1606 jejunii
1697 1575 1712 1600 ,
1757 1545 2029 1606 quatenus
2077 1551 2108 1590 a

526 1631 768 1702 paschali
813 1631 1032 1696 diﬂ'ert,
1085 1630 1298 1684 initium
1332 1629 1476 1684 hami
1515 1631 1630 1684 scio
1665 1645 1732 1684 an
1765 1629 2102 1684 constitutio-

528 1741 624 1778 nes
653 1725 757 1776 illae
783 1739 812 1777 a
837 1723 1118 1776 Dominica
1137 1723 1618 1792 Quinquagesimm
1639 1737 1706 1776 an
1739 1721 2110 1792 Sexagesima:

528 1827 818 1886 repetant.'
863 1817 1022 1870 Prius
1073 1817 1220 1870 enim
1267 1817 1400 1870 illud
1441 1817 1658 1870 initium
1721 1816 1756 1870 ii
1801 1815 2110 1885 sumpsisse

527 1909 802 1970 videntur,
839 1907 932 1976 qui
973 1921 1048 1959 vn
1095 1907 1468 1961 hebdomadas
1505 1914 1558 1961 et
1583 1905 1794 1976 jejunio
1819 1907 2106 1973 dicabant,

529 2015 656 2054 cum
705 1999 796 2054 alii
846 2015 940 2054 sex
984 2001 1251 2052 duntaxat
1297 1999 1638 2064 tribuerent,
1693 1999 1768 2054 ita
1819 2010 2000 2053 tamen
2053 2007 2112 2053 ut

530 2093 823 2162 utrobique
854 2109 948 2148 sex
973 2093 1260 2157 duntaxat,
1301 2101 1354 2147 et
1380 2093 1604 2162 triginta
1635 2107 1756 2148 sese
1785 2093 1904 2147 dies
1927 2093 2108 2146 inedia

530 2195 894 2240 tnacerarent.
949 2188 1022 2240 Hi
1073 2187 1210 2239 enim
1265 2185 1376 2254 (ait
1423 2183 1724 2240 Cassianus
1775 2185 1970 2241 Collat.
2007 2185 2111 2251 21,

531 2293 580 2332 c.
613 2277 706 2348 Ξῖ)
739 2277 841 2332 sibi
885 2294 978 2332 sea:
1015 2278 1470 2332 hebdomadarum
1505 2281 1890 2332 observantiam
1937 2280 2116 2349 prtuli-

531 2380 743 2436 xerunt,
777 2373 868 2441 qui
893 2381 1084 2440 putant
1114 2371 1199 2424 die
1264 2387 1466 2440 quoque
1490 2369 1712 2424 Sabbati
1737 2371 2113 2441 jejunandum.

535 2462 640 2518 Sea:
664 2479 786 2533 ergo
831 2463 888 2516 in
912 2463 1242 2516 hebdomada
1257 2463 1469 2532 jejunio
1497 2463 1820 2532 persolvunt,
1854 2481 1972 2534 quae
1998 2481 2116 2518 eos-

533 2557 652 2608 dem
677 2569 768 2608 sea:
789 2563 839 2609 et
863 2556 1084 2624 triginta
1113 2557 1222 2610 dies
1255 2557 1426 2610 sexies
1451 2556 1690 2610 revoluta
1725 2568 2113 2613 consummant.

535 2647 580 2699 A
611 2646 962 2718 Sexagesima
1011 2661 1141 2702 vero
1183 2647 1356 2703 Crteci
1395 2648 1727 2704 recentiores
1755 2647 2120 2719 Quadragesi-

537 2753 682 2792 lnam
731 2739 1002 2808 auspicati
1047 2749 1212 2804 sunt,
1249 2739 1328 2792 uti
1361 2739 1612 2809 pluribus
1641 2739 1709 2794 ad
1743 2736 2116 2808 Nicephorum

537 2837 664 2884 ante
691 2829 902 2898 aliquot
933 2845 1110 2885 annos
1143 2831 1531 2886 disseruimus.
1566 2829 1687 2895 Quo
1737 2831 1996 2884 nimirum
2051 2845 2118 2884 xi.

537 2921 748 2977 solidos
779 2922 898 2978 dies
939 2921 1150 2992 jejunio
1197 2923 1520 2978 tribuerent.
1559 2923 1814 2978 Ambros.
1851 2938 2018 2978 serua.
2051 2923 2115 2978 51

537 3023 592 3067 et
619 3013 690 3068 3‘2
727 3027 820 3068 sex
853 3013 1228 3078 hebdomadis,
1275 3029 1340 3068 ac
1377 3013 1570 3068 diebus
1615 3030 1724 3068 sui
1756 3013 2122 3085 Quadragesi—

539 3121 682 3159 mam
708 3105 916 3170 deﬁnit,
943 3121 1146 3176 eosque
1167 3109 1259 3176 qui
1291 3105 1822 3177 Quinquagesimam
1853 3121 1952 3177 pro
1982 3121 2120 3177 qua-

538 3197 840 3270 dragesima
865 3199 1176 3270 jejunarent
1207 3201 1508 3270 redarguit.

609 3287 878 3342 Caeterum
908 3297 1020 3344 tam
1047 3290 1114 3344 de
1145 3289 1249 3345 hoc
1275 3287 1557 3345 Paschalis
1585 3291 1816 3360 jejunio,
1852 3305 2016 3360 quam
2051 3289 2118 3344 de

539 3377 970 3451 Quadragesima
1015 3381 1336 3438 Timotheus
1376 3384 1779 3439 Alexandrinus
1827 3383 2118 3453 episcopus

541 3465 768 3538 intelligi
815 3477 996 3538 potest
1041 3469 1096 3524 in
1149 3473 1430 3527 canonicis
1481 3473 1812 3544 llesponsis,
1855 3473 2116 3542 luterrog.

543 3559 576 3614 8
609 3569 663 3614 et
699 3561 785 3614 10.
817 3561 1060 3628 Quarum
1101 3563 1154 3616 in
1201 3565 1384 3634 priore
1407 3567 1700 3636 quaeritur:
1737 3577 1919 3621 utrum
1953 3583 2120 3637 puer-

544 3669 674 3724 pera
705 3651 914 3708 Pascha
941 3655 1194 3724 jejunare
1223 3657 1436 3724 debeat,
1468 3673 1536 3712 an
1561 3660 1610 3713 ei
1643 3659 1754 3714 vini
1783 3677 1916 3716 usus
1941 3661 2122 3716 indul-

543 3747 773 3816 geatur?
801 3745 856 3800 ln
889 3749 1180 3817 posteriori
1208 3751 1276 3806 de
1305 3763 1511 3824 mgrolo
1540 3753 1842 3821 dubitatur,
1871 3771 1937 3810 an
1968 3755 2124 3811 simi-

545 3837 668 3893 liter
701 3837 980 3896 Paschalis
1005 3841 1219 3910 jejunio
1255 3853 1524 3909 teneatur,
1555 3855 1720 3916 atque
1748 3849 1925 3902 oleum
1964 3857 2019 3903 et
2043 3850 2124 3904 vi-

547 3945 680 3984 num
707 3930 968 3985 adhibere
997 3933 1190 4001 possit.
1223 3931 1342 4000 Qua
1387 3950 1450 3989 ex
1483 3937 1773 4004 posteriori
1824 3940 2124 4008 quaestione

547 4019 800 4076 Balsama
823 4023 1058 4093 colligit:
1083 4025 1204 4078 Ὀτι
1233 4028 1266 4096 ἡ
1291 4027 1517 4096 νηστεία
1543 4029 1642 4098 τῆς
1663 4029 2125 4102 Τεσσαρακοστῆς

547 4108 642 4162 τοῦ
683 4109 878 4180 Πάσχα
907 4109 1216 4182 ξηροφαγία
1261 4115 1412 4167 ἔστί·
1446 4116 1584 4170 ἀλλὰ
1623 4120 1719 4172 καὶ
1747 4120 1891 4172 οἴνου
1922 4121 2122 4194 ἀποχή.

549 4201 716 4256 Addit
743 4209 924 4256 tamen
945 4241 960 4265 ,
993 4199 1292 4260 nonnullos
1328 4207 1382 4260 in
1420 4215 1653 4278 utroque
1684 4226 1894 4267 canone
1921 4214 2127 4268 hebdo-

549 4289 724 4346 madas
756 4301 958 4346 sanctae
981 4292 1248 4362 jejunium
1277 4337 1292 4361 ,
1347 4311 1452 4350 non
1485 4297 1928 4370 Quadragesimm
1963 4304 2130 4358 t0tius

549 4381 902 4438 intellexisse.
961 4383 1300 4456 Epiphanius
1349 4403 1568 4458 quoque
1617 4391 1672 4445 in
1724 4393 1974 4450 Aerianis
2023 4396 2132 4451 bee-

552 4489 662 4530 res.
688 4475 777 4541 75,
811 4492 962 4532 num.
988 4477 1041 4541 5,
1063 4478 1130 4532 de
1161 4479 1264 4535 hac
1289 4480 1630 4536 hebdomada
1664 4485 1894 4553 loquens
1921 4487 2052 4541 :"Ev
2073 4505 2131 4540 τε

2203 637 2234 676 a
2265 621 2545 674 nonnullis
2596 621 2836 674 dicatum
2891 619 3062 674 fuisse
3112 617 3346 672 lrenaaus
3391 619 3456 672 ad
3505 618 3790 672 Victorem

2204 714 2414 778 scribit,
2447 711 2684 767 Eusebio
2713 721 2870 776 teste,
2905 711 3000 764 lib.
3039 729 3092 774 ν,
3127 725 3252 780 cap.
3287 710 3396 764 εις
3433 712 3496 762 Οἱ
3531 709 3632 780 μὲν
3669 711 3792 780 γὰρ

2201 807 2404 860 οἴονται
2457 806 2584 876 μίαν
2615 805 2829 876 ἡμέραν
2879 806 2992 858 δεῖν
3042 805 3242 867 αὐτοὺς
3272 809 3588 874 νηστεύειν·
3629 804 3680 855 οἱ
3727 803 3788 856 δὲ

2203 895 2296 948 δύο
2316 913 2328 926 ·
2358 898 2408 950 oi
2434 895 2490 948 δὲ
2515 897 2610 948 καὶ
2645 896 2913 958 πλείονας.

2273 989 2392 1043 Col.
2431 988 2534 1042 888
2566 988 2628 1044 C.
2665 989 2850 1043 Ἀλλὰ
2873 987 3034 1042 καὶοὶ
3054 985 3369 1039 σπουδαῖοι
3395 984 3632 1046 διπλᾶς.
3653 983 3792 1036 Dio-

2208 1082 2397 1153 nysius
2443 1081 2844 1135 Alexandrinus
2891 1079 3134 1148 Epistola
3165 1079 3234 1130 ad
3273 1077 3589 1132 Basiliden:
3631 1075 3790 1130 Ἐπεὶ

2215 1175 2348 1246 μηδὲ
2379 1175 2476 1238 τὰς
2499 1175 2557 1240 ἒξ
2579 1173 2685 1227 τῶν
2707 1173 2969 1244 νηστειῶν
2991 1172 3202 1244 ἡμέρας
3224 1172 3356 1234 ἴσως
3375 1211 3390 1234 ,
3419 1171 3550 1239 μηδὲ
3583 1169 3794 1240 ὁμοίως

2217 1269 2418 1330 πάντες
2457 1267 2824 1337 διαμένουσιν.
2877 1265 3014 1317 Ἀλλ’
3053 1267 3102 1318 οἱ
3135 1265 3230 1334 μὲν
3264 1265 3358 1316 καὶ¹
3401 1263 3580 1325 πάσας
3611 1263 3794 1332 ὑπερ-

2215 1363 2479 1425 τιθέασιν,
2507 1361 2682 1415 ἄσιτοι
2719 1360 3087 1422 διατελοῦντες
3107 1401 3120 1424 ,
3163 1361 3210 1410 οἱ
3233 1359 3290 1412 δὲ
3314 1358 3427 1420 δύο,
3455 1359 3502 1410 ol
3525 1357 3586 1409 δὲ
3615 1359 3792 1427 τρεῖς,

2217 1456 2266 1508 οἱ
2301 1455 2356 1508 δὲ
2385 1455 2688 1524 τέσσαρας,
2723 1455 2772 1506 οἱ
2807 1453 2864 1506 δὲ
2891 1453 3166 1522 οὐδεμίαν.
3211 1449 3544 1520 Epiphanius
3571 1451 3790 1512 eodem,

2211 1561 2320 1616 quo
2379 1543 2716 1616 Dionysius,
2773 1545 2940 1599 verbo
2997 1544 3198 1604 utitur,
3249 1543 3510 1596 nimirum
3566 1541 3795 1610 ὑπερτί-

2212 1637 2422 1692 θεσθαι.
2475 1637 2631 1704 Quod
2680 1645 2764 1691 est
2815 1639 2988 1689 cibum
3031 1635 3264 1703 dilferre.
3333 1631 3470 1687 llinc
3523 1631 3798 1702 jejunium

2213 1731 2581 1798 superpositio,
2631 1729 2736 1783 nisi
2789 1727 2968 1792 fallor,
3015 1743 3046 1781 a
3095 1727 3303 1782 Latinis
3337 1735 3584 1788 vocatur,
3635 1735 3698 1778 ut
3741 1725 3798 1776 in

2217 1823 2460 1877 Eliberit.
2507 1837 2663 1876 conc.
2708 1837 2830 1876 can.
2875 1821 2987 1874 ‘26:
3043 1819 3292 1872 Errorem
3339 1819 3536 1888 placuit
3571 1817 3800 1884 corrigi,

2217 1925 2272 1968 ut
2319 1915 2462 1967 anuli
2497 1911 2718 1967 Sabbati
2753 1913 2838 1965 die
2866 1912 3196 1982 jejuniorum
3232 1910 3672 1978 superpositiones
3725 1923 3808 1960 ce-

2215 2003 2500 2057 lebrentur.
2537 2003 2594 2056 lu
2623 2001 2854 2056 Constit.
2883 2013 3052 2072 opust.
3097 2002 3190 2055 lib.
3221 2017 3276 2063 ν,
3305 2015 3352 2054 c.
3385 2000 3450 2052 l'l
3477 2015 3490 2050 :
3520 1999 3634 2066 Τὴν
3662 1999 3808 2067 μὲν-

2213 2113 2296 2149 τοι
2323 2097 2698 2168 παρασκευὴν,
2737 2097 2832 2148 καὶ
2859 2094 2921 2146 τὸ
2947 2093 3224 2148 Σάϐϐατον
3249 2091 3540 2160 ὁλόκληρον
3567 2088 3810 2160 νηστεύ-

2217 2205 2346 2242 σατε
2367 2228 2382 2252 ,
2409 2183 2492 2251 οἷς
2517 2187 2746 2258 δύναμις
2791 2187 3051 2257 πρόσεστι
3079 2185 3300 2254 τοιαύτη
3329 2225 3344 2246 ,
3377 2183 3608 2254 μηδενὸς
3639 2181 3812 2248 γευό-

2221 2297 2414 2352 μενοι,
2469 2279 2662 2350 μέχρις
2711 2277 3182 2348 ἀλεκτοροφωνίας
3223 2275 3416 2338 νυκτός
3443 2291 3458 2304 ο
3517 2275 3566 2326 εξ
3621 2273 3680 2324 δέ
3721 2289 3813 2334 τις

2219 2373 2467 2424 ἀδυνατεῖ
2495 2370 2592 2432 τὰς
2616 2369 2709 2420 δύο
2733 2367 3028 2420 συνάπτειν
3051 2365 3210 2436 ὁμοῦ,
3257 2362 3578 2432 φυλασσέτω
3601 2360 3712 2412 κᾶν
3745 2359 3812 2410 τὸ

2219 2463 2520 2518 Σάϐϐατον.
2561 2460 2800 2515 Causam
2849 2457 3071 2526 subjicit
3107 2476 3119 2510 :
3153 2457 3299 2524 quod
3341 2455 3426 2508 his
3471 2453 3662 2507 diebus
3704 2451 3814 2504 ab-

2220 2557 2363 2611 latus
2413 2555 2486 2609 sit
2531 2567 2788 2623 sponsus.
2843 2549 3018 2616 Quam
3067 2559 3122 2604 et
3167 2546 3398 2602 Tertull.
3449 2543 3628 2612 attigit
3699 2541 3806 2594 lib.

2221 2645 2422 2703 Contra
2467 2643 2826 2718 Psyclt.,cap.
2867 2643 2900 2696 8
2935 2661 2946 2695 :
2986 2641 3115 2694 Ecce
3159 2641 3296 2693 enim
3345 2637 3592 2690 convenio
3629 2651 3722 2686 ros
3757 2643 3809 2686 et

2221 2753 2411 2812 preter
2459 2739 2672 2794 Pascha
2711 2737 3038 2805 jejunantes,
3097 2734 3235 2786 citra
3281 2729 3403 2784 illos
3449 2729 3580 2791 dies,
3611 2727 3812 2795 quibus

2221 2835 2432 2888 ablatus
2458 2841 2534 2887 est
2568 2833 2818 2900 Sponsus.

2295 2925 2428 2979 Ibid.
2455 2923 2562 2978 Kal
2589 2921 2742 2988 ὅλην
2762 2919 2876 2987 τὴν
2898 2915 3405 2986 Τεσσαρακοστὴν
3427 2911 3542 2968 ἀπὸ
3563 2909 3808 2978 ἐνάτης.

2233 3013 2428 3070 Utrum
2457 3015 2714 3068 omnibus
2744 3010 3184 3080 Quadragcsimrc
3225 3007 3418 3062 diebus
3449 3017 3682 3074 synaxes
3721 3019 3814 3054 ccc

2225 3108 2421 3162 lebrari
2455 3107 2622 3167 dicat,
2655 3103 2892 3158 dubitari
2919 3111 3130 3172 potest:
3169 3115 3236 3153 an
3265 3099 3396 3152 illud
3425 3097 3608 3166 potius
3639 3095 3810 3157 velit;

2229 3211 2338 3256 tam
2391 3215 2484 3256 sex
2533 3199 2654 3252 illas
2699 3195 3005 3258 Paschalis,
3041 3201 3095 3248 et
3149 3190 3376 3260 majoris
3430 3187 3810 3248 hebdomadas,

2223 3309 2386 3364 quam
2421 3301 2644 3346 caeteras
2675 3287 3124 3358 Quadragesimaa
3149 3298 3409 3354 synaxes,
3465 3281 3814 3350 quibuscun-

2221 3403 2327 3458 que
2353 3385 2575 3441 tandem
2613 3383 2810 3438 diebus
2839 3381 3144 3442 obeantur,
3179 3395 3209 3432 a
3245 3391 3388 3431 nona
3411 3375 3480 3428 ad
3521 3387 3810 3440 vesperam

2223 3493 2396 3548 usque
2431 3476 2785 3546 frequentari.
2840 3471 2956 3526 Hoc
2977 3485 3108 3525 vero
3133 3479 3340 3525 certum
3367 3477 3452 3521 est
3491 3481 3554 3520 ex
3585 3465 3652 3517 iis
3675 3462 3814 3533 Epi-

2221 3569 2408 3640 phanii
2442 3567 2654 3628 verbis,
2687 3562 2952 3634 jejunium
2985 3561 3038 3615 in
3062 3559 3484 3627 Quadragesima
3533 3571 3640 3610 non
3675 3565 3814 3608 ante

2224 3675 2506 3728 vesperam
2547 3667 2712 3727 atque
2757 3669 3014 3710 occasum
3064 3654 3234 3708 solem
3287 3667 3317 3706 a
3365 3650 3613 3704 ﬁdelibus
3665 3649 3812 3702 solu-

2225 3759 2361 3806 tum.
2384 3749 2486 3804 Cui
2515 3759 2943 3804 consentaneum
2961 3757 3068 3812 est,
3091 3745 3236 3815 quod
3268 3758 3394 3798 cum
3417 3743 3483 3796 de
3511 3741 3812 3812 synaxibus

2226 3859 2533 3915 ageremus,
2582 3858 2648 3896 ex
2679 3840 3019 3896 Tertulliano
3063 3837 3351 3893 docuimus
3385 3855 3398 3888 :
3429 3835 3694 3888 stationes
3741 3833 3814 3886 ob

2226 3935 2278 3990 id
2311 3935 2648 4004 semijejunia
2668 3933 2874 3996 vocari,
2909 3931 3056 3999 quod
3085 3929 3154 3983 ad
3187 3931 3378 3982 horam
3407 3939 3607 3979 nonam
3635 3939 3814 3992 usque

2225 4032 2652 4096 prorogarentur
2676 4065 2690 4090 ,
2721 4037 2848 4078 cum
2887 4021 3119 4088 majora,
3161 4016 3469 4087 cujusmodi
3509 4015 3816 4085 quadrage-

2229 4119 2440 4174 simalia
2475 4115 2648 4180 fuere,
2674 4131 2784 4169 non
2815 4123 2942 4168 ante
2967 4113 3107 4168 lucis
3129 4111 3336 4166 exitum
3369 4109 3706 4164 desinerent.
3745 4109 3818 4160 At

2230 4211 2458 4264 Constit.
2507 4219 2679 4278 apost.
2729 4207 2826 4260 lib.
2859 4222 2910 4272 v,
2951 4219 3074 4274 cap.
3125 4204 3212 4269 -15,
3269 4218 3411 4256 nona
3453 4201 3538 4254 vel
3583 4213 3816 4268 vespera

2231 4317 2330 4371 pro
2366 4300 2636 4369 cujusque
2675 4297 2883 4352 viribus
2925 4296 3068 4351 vesci
3109 4295 3265 4365 jubet
3297 4307 3313 4346 :
3353 4291 3441 4345 Ἐν
3469 4291 3526 4344 δὲ
3555 4293 3674 4353 ταῖς
3708 4289 3818 4341 λοι-

2233 4397 2362 4456 παῖς
2407 4395 2530 4456 ταῖς
2589 4391 2694 4463 πρὸ
2735 4391 2835 4461 τῆς
2893 4387 3252 4460 παρασκευῆς
3309 4385 3504 4456 ἐνάτην
3551 4383 3726 4454 ὥραν,
3783 4383 3816 4452 ἣ

2233 4491 2474 4562 ἑσπέραν
2519 4489 2751 4551 ἕκαστος
2794 4485 3042 4550 ἐσθιέτω,
3085 4483 3118 4554 ἦ
3165 4483 3315 4544 ὅπως
3351 4479 3417 4534 ἄν
3445 4495 3528 4542 τις
3575 4477 3816 4530 δύναιτο.

553 4569 672 4630 ταῖς
705 4567 938 4640 ἡμέραις
975 4569 1070 4624 τοῦ
1111 4571 1326 4643 Πάσχα,
1363 4574 1558 4644 inquit,
1585 4577 1676 4629 ὅτε
1711 4579 1840 4648 παρ’
1869 4581 2000 4650 ἡμῖν
2034 4599 2118 4650 χα·

2235 4584 2560 4638 Ambrosius
2611 4597 2780 4637 scrin.
2801 4579 2872 4632 26
2905 4596 2916 4630 :
2951 4577 3094 4648 Rogo
3121 4593 3230 4638 nos,
3269 4574 3464 4642 fratres
3487 4569 3816 4628 charissimi,

556 4660 792 4729 μευνίαι,
838 4662 1072 4730 ἁγνεῖαι,
1121 4666 1508 4732 κακοπάθειαι,
1553 4667 1901 4740 ξηροφαγίαι,
1949 4674 2125 4743 εὐχαὶ,

551 4753 850 4826 ὰγρυπνίαι
878 4773 937 4810 τε
983 4759 1078 4812 καὶ
1113 4763 1386 4829 νηστεῖαι,
1428 4763 1523 4816 καὶ
1584 4767 1754 4818 πᾶσαι
1787 4765 1896 4819 τῶν
1941 4767 2130 4838 ψυχῶν

553 4847 610 4899 αἱ
665 4849 968 4922 σωτηρίαι,
1003 4859 1110 4905 etc.
1157 4849 1302 4906 Idem
1353 4863 1408 4907 et
1453 4854 1644 4908 haeres.
1705 4855 1794 4922 70,
1849 4873 2002 4912 num.
2061 4860 2128 4913 12

555 4939 946 4996 hebdomadam
979 4943 1124 4998 illam
1165 4942 1448 5002 Paschalis
1479 4947 1815 5019 ξηροφαγίας
1839 4949 2128 5022 ἑϐδομάδα,

555 5034 650 5088 καὶ
681 5034 776 5086 τοῦ
821 5035 1015 5104 Πάσχα
1051 5038 1318 5093 nominat.
1363 5037 1498 5094 Vide
1539 5049 1595 5096 et
1640 5057 1696 5096 n.
1739 5043 1820 5098 14.
1854 5041 1964 5099 Nec
1998 5045 2132 5098 illud

554 5127 1084 5196 praetermittendum
1115 5137 1220 5194 est,
1254 5131 1328 5184 uti
1361 5129 1569 5186 Pascha
1599 5149 1700 5203 pro
1730 5143 1840 5188 tota
1884 5135 2132 5201 Quadra-

556 5219 783 5287 gesima,
809 5229 902 5274 aut
927 5235 1026 5288 pro
1048 5221 1238 5274 ultima
1271 5222 1464 5276 saltem
1499 5223 1646 5279 illius
1675 5225 2012 5280 hebdomada
2037 5243 2134 5280 su-

556 5311 748 5366 mitur.
781 5309 940 5366 Velut
983 5327 1108 5367 cum
1149 5311 1470 5368 Timotheus
1501 5315 1792 5382 νηστεῦσαι
1827 5317 2020 5387 Πάσχα
2047 5318 2134 5372 di-

557 5403 638 5456 xit
674 5419 688 5456 :
723 5403 796 5457 ita
831 5419 1226 5473 nonnunquam
1255 5413 1464 5460 certum
1495 5406 1738 5474 ejusdem
1773 5407 2132 5462 hebdomadis

555 5494 700 5550 diem
731 5495 1061 5564 signiﬁcare,
1106 5503 1165 5549 ut
1196 5495 1338 5564 apud
1361 5493 1588 5550 Tertull.
1622 5497 1716 5550 lib.
1755 5495 1828 5550 De
1849 5509 1991 5552 orat.
2029 5499 2133 5552 sub

557 5587 720 5642 linem
755 5606 768 5642 :
807 5585 898 5642 Sic
930 5597 980 5642 et
1005 5588 1091 5642 die
1123 5588 1370 5652 Paschte,
1410 5605 1528 5659 quin
1577 5591 1870 5644 communis
1900 5601 1948 5644 et
1980 5592 2134 5660 quasi

555 5679 765 5748 publica
803 5681 1000 5751 jejunii
1035 5681 1221 5751 religio
1272 5690 1385 5744 est,
1420 5682 1604 5736 merito
1635 5683 1943 5753 deponimus
1979 5699 2134 5736 oscu-

558 5767 690 5822 lum.
742 5769 845 5835 Qui
891 5771 1028 5835 dies,
1083 5769 1384 5826 Parasceve
1426 5779 1636 5837 sancta,
1695 5787 1800 5841 qua
1851 5771 2134 5828 Passionis

557 5861 824 5917 memoria
869 5862 1198 5928 celebratur,
1234 5878 1298 5919 ac
1345 5863 1536 5934 Πάσχα
1582 5863 1960 5934 σταυρώσιμον
2012 5879 2134 5920 esse

2232 4685 2288 4728 ut
2321 4676 2378 4728 in
2407 4675 2509 4728 isto
2545 4672 2779 4743 legitimo
2825 4681 3086 4740 tempore,
3136 4666 3367 4734 exceptis
3417 4661 3702 4715 Dominica
3767 4669 3820 4712 et

2232 4765 2464 4822 Sabbato
2513 4765 2714 4830 diebus,
2750 4762 2927 4817 nullus
2977 4768 3100 4814 ante
3143 4774 3337 4812 nonam
3389 4755 3648 4822 prandere
3683 4767 3824 4818 pra!-

2232 4867 2424 4923 sumat,
2468 4857 2571 4909 nisi
2607 4856 2741 4924 forte
2788 4871 2940 4924 quem
2977 4852 3224 4921 jejunare
3271 4847 3558 4916 inﬁrmitas
3583 4861 3684 4898 non
3711 4859 3830 4911 per-

2231 4951 2410 5004 mittit.
2440 4947 2579 5014 Quia
2621 4947 2742 5002 aliis
2767 4947 2948 5000 diebus
2969 4945 3216 5014 jejunare
3241 4950 3334 4994 aut
3369 4939 3674 4998 remedium,
3727 4946 3826 4990 aut

2232 5041 2511 5112 prtemium
2539 5049 2616 5091 est
2649 5055 2666 5094 :
2699 5037 2756 5090 in
2784 5035 3210 5104 Quadragesima
3241 5047 3360 5084 vero
3409 5046 3511 5082 non
3540 5027 3820 5096 jejunare,

2234 5141 2505 5203 peccatum
2542 5139 2638 5184 est.
2686 5129 2790 5195 Qui
2847 5127 3068 5198 quidem
3125 5141 3308 5182 sermo
3359 5123 3584 5179 totidem
3637 5121 3825 5174 verbis

2235 5219 2377 5288 apud
2410 5219 2774 5288 Augustinum
2823 5217 3048 5287 legitur;
3086 5225 3280 5285 estque
3328 5229 3509 5269 sermo
3541 5213 3610 5265 de
3641 5219 3814 5279 temp.

2237 5313 2326 5365 6'2.
2359 5311 2466 5366 Sed
2490 5313 2556 5365 de
2577 5309 2818 5365 Sabbato
2838 5311 3064 5365 verbum
3090 5310 3324 5364 nullum.
3355 5307 3460 5362 Sed
3485 5307 3588 5360 hoc
3613 5305 3824 5368 solum,

2239 5417 2296 5458 ut
2327 5406 2556 5474 exceptis
2591 5402 2884 5456 Dominicis
2915 5403 3118 5466 diebus,
3167 5401 3346 5454 nullus
3381 5398 3645 5469 prandere
3685 5413 3822 5464 pra.»

2236 5505 2432 5550 sumat.
2461 5495 2620 5561 Quod
2657 5495 2798 5548 idem
2827 5503 2910 5548 est
2942 5507 3006 5547 ac
3036 5493 3080 5547 si
3111 5501 3236 5546 ante
3270 5505 3470 5544 nonam
3509 5489 3658 5543 vesci
3687 5502 3826 5555 pro-

2237 5589 2472 5650 hiberet,
2513 5588 2640 5656 quia
2672 5587 2960 5658 prandium
3003 5595 3130 5639 ante
3161 5589 3348 5637 horam
3399 5590 3610 5636 sextam
3639 5581 3826 5647 capie-

2236 5682 2416 5736 batur.
2453 5680 2585 5735 Vide
2619 5682 2848 5749 August.
2893 5679 3057 5748 epist.
3093 5677 3181 5730 86.
3243 5677 3321 5730 lla
3353 5673 3657 5730 Cassianus
3697 5669 3826 5725 Col-
3865 5737 3868 5740 ῃ

2236 5775 2332 5827 lat.
2369 5771 2461 5836 21,
2502 5787 2620 5840 cap.
2649 5769 2739 5834 25,
2769 5769 2854 5824 vel
2883 5767 3134 5824 Theonas
3171 5765 3316 5835 apud
3351 5765 3504 5819 illum
3535 5762 3819 5819 admouet,

2239 5873 2302 5923 ul.
2334 5864 2390 5918 in
2423 5862 2616 5918 diebus
2645 5859 2822 5926 festis,
2853 5859 3016 5926 cibus,
3045 5859 3138 5929 qui
3171 5857 3302 5912 hora
3341 5857 3448 5910 diei
3477 5871 3620 5908 nona
3647 5853 3828 5921 fuerat
