4054 6404
244 375 377 434 1097
1019 377 1108 431 DE
1147 376 1546 438 VETEBIBUS
1582 374 1992 446 QUIBUSDAM
2033 373 2391 430 ECCLESU-E
2436 371 2734 430 RlTlBUS.
3385 372 3524 427 i098

241 491 549 562 capiendus,
581 492 742 561 paulo
773 493 952 557 citius,
989 494 1046 546 id
1081 505 1159 548 est
1191 505 1342 550 sexta
1370 498 1504 551 hora
1535 514 1631 569 pro
1663 496 1814 566 festi-
1846 498 1892 555 Α
1919 493 2191 563 acjejunii
2217 493 2497 559 relaxatio,
2527 503 2587 547 ut
2619 491 2759 562 Aug.
2785 491 2990 545 indicat
3025 490 3187 560 epist.
3220 491 3351 558 118,
3390 508 3440 548 c.
3469 494 3522 547 4.

239 585 423 638 vitatis
449 595 680 652 tempore
713 586 978 652 capiatur.
1014 586 1080 638 At
1115 586 1312 655 priscis
1343 590 1680 660 temporibus
1714 602 1821 641 non
1928 585 2087 650 Quod
2116 583 2424 638 Laodicena
2461 584 2704 652 synodus
2737 579 2992 648 usurpari
3041 581 3214 634 vetuit
3251 595 3374 634 can.
3407 579 3477 635 49
3509 598 3522 631 :

167 735 171 738 _
241 688 368 730 ante
392 692 675 746 vesperam
707 677 890 750 cibum
914 692 1109 747 capere
1130 690 1557 745 consueverant;
1594 681 1648 734 id
1679 679 1822 750 quod

1948 676 2052 730 Ὀτι
2101 677 2162 728 οὺ
2205 675 2288 728 δεῖ
2333 679 2391 729 ὲν
2437 675 2855 744 τεσσαρακοστῇ
2903 674 2970 742 τῇ
3023 671 3223 743 ὑστέρᾳ
3276 670 3529 742 ὲϐδομάδι

241 767 467 837 insuper
492 743 784 837 Theophili
815 743 1172 823 Aolexandrini
1204 770 1358 826 locus
1391 771 1481 826 ille
1514 743 1822 835 confirmat,

1948 771 2027 840 ςὴν
2069 770 2331 840 πέμπτην
2379 766 2564 824 λύειν.
2612 767 2708 821 καὶ
2755 766 2885 837 ὃλην
2925 765 3025 835 τὴν
3071 764 3527 836 τεσσαρακοστὴν

239 872 406 926 quem
434 872 602 927 supra
632 857 1020 912 tliscussimus.
1057 857 1424 930 Posteaquam
1459 877 1589 917 vero
1621 861 1691 916 ad
1728 862 1828 915 ho-

1948 862 2217 933 ιτιμάζειν
2238 879 2250 892 ·
2285 861 2423 915 ἀλλὰ
2454 861 2535 914 δεῖ
2570 862 2752 913 πᾶσαν
2791 860 2890 930 τὴν
2940 856 3393 929 τεσσαρακοστὴν
3431 873 3582 951 νησυ

243 965 358 1003 ram
395 965 596 1004 nonam
627 951 883 1005 vescendi
915 959 1130 1022 tempus
1168 968 1199 1006 a
1239 968 1467 1024 vespera
1501 954 1826 1009 translatum

1948 955 2144 1010 ιτεύειν
2204 953 2675 1026 ξηροφαγοῦντας.
2732 951 2810 1005 Ex
2867 967 2976 1019 quo
3033 951 3252 1006 notabis
3311 949 3571 1012 obiter,”

240 1051 346 1105 est,
405 1052 521 1096 tum
559 1043 839 1097 sublatum
879 1041 1012 1097 illud
1056 1041 1354 1099 discrimen
1389 1045 1649 1108 arbitror,
1682 1045 1828 1115 quod
1929 1045 2212 1102 Passionis
2237 1047 2634 1100 hebdomadem
2665 1043 3112 1113 Quadragesimae
3146 1050 3353 1111 partem
3383 1055 3528 1102 esse,

247 1137 511 1190 hactenus
557 1135 696 1189 inter
742 1136 1007 1190 stationes
1046 1147 1102 1194 et
1127 1136 1336 1208 jejunia
1369 1137 1540 1193 fuisse
1574 1136 1828 1191 vidimus.
1932 1151 2040 1191 non
2075 1136 2144 1190 ab
2186 1136 2276 1190 illa
2316 1136 2655 1206 distinctam.
2699 1132 2960 1187 Trullana
3016 1147 3236 1202 quoque
3285 1131 3529 1202 synodus

246 1225 485 1297 Indeque
531 1238 644 1292 est,
698 1229 846 1298 quod
895 1229 1224 1286 Ambrosius
1269 1246 1436 1287 serm.
1493 1233 1562 1286 36
1620 1232 1830 1303 jejunia
1933 1227 2173 1295 can.29,
2229 1229 2375 1298 quod
2420 1228 2474 1281 in
2520 1225 2963 1296 Carthaginiensi
3012 1225 3248 1280 concilio
3293 1225 3360 1279 de
3391 1222 3530 1278 feria

245 1320 682 1390 Quadragesimte
705 1323 959 1377 stationes
983 1325 1245 1394 appellari
1270 1324 1426 1378 dixit.
1933 1322 2024 1378 illa
2055 1321 2245 1392 quinta
2289 1321 2616 1375 nominatim
2657 1328 2945 1389 exceptum
3003 1317 3182 1373 fuerat
3211 1333 3225 1369 :
3265 1317 3327 1372 Ut
3353 1331 3534 1370 sacra-

322 1415 436 1466 ’Έν
485 1428 607 1467 τισι
650 1413 720 1467 δὲ
759 1416 968 1483 τόποις
1011 1415 1120 1484 τῆς
1163 1416 1316 1486 μετὰ
1358 1416 1474 1486 τὴν
1529 1416 1829 1486 πέμπτην.

1948 1419 2110 1466 menta
2145 1410 2337 1464 altaris
2379 1412 2591 1466 nonnisi
2651 1427 2684 1464 a
2711 1410 2906 1480 jejunis
2938 1409 3238 1464 hominibus
3269 1407 3534 1463 celebren-

258 1505 693 1578 Ἀπονηστισμός
759 1518 840 1564 est
883 1508 1080 1579 jejunii
1137 1511 1374 1575 solutio;
1432 1520 1488 1565 et
1539 1510 1835 1580 ἀπονηστί-

1948 1512 2045 1571 lur,
2073 1512 2288 1572 excepto
2327 1519 2434 1558 uno
2465 1503 2552 1558 die
2593 1504 2982 1568 anniversario,
3007 1518 3112 1573 quo
3144 1517 3290 1556 caena
3317 1499 3536 1554 Domini

243 1593 438 1660 ζεσοαι
454 1597 720 1666 jejunium
749 1599 970 1655 solvere.
1002 1600 1116 1657 Nec
1145 1602 1302 1657 aliter
1327 1602 1382 1656 in
1413 1601 1603 1658 Graeco
1632 1600 1836 1671 Hippo-
1936 1595 2229 1651 celebratur
2286 1596 2404 1668 (qui
2437 1606 2522 1652 est
2559 1596 2747 1652 Carth.
2785 1611 2869 1662 In,
2892 1611 3016 1651 can.
3046 1593 3160 1666 29),
3189 1590 3477 1664 abrogavit
3509 1609 3524 1645 :

246 1689 338 1759 lyti
368 1705 578 1745 canone
609 1693 835 1746 verbum
873 1693 1005 1748 illud
1050 1695 1340 1764 accipitur,
1370 1710 1496 1749 cum
1529 1695 1644 1749 ait:
1682 1695 1837 1747 Ἀπο-
1935 1688 2214 1759 vetuitque
2243 1688 2340 1743 illo
2372 1689 2460 1744 die
2492 1689 2631 1743 solvi
2671 1688 2966 1758 jejunium.
2997 1688 3067 1742 At
3105 1688 3444 1758 Augustinus
3475 1685 3531 1739 in

244 1779 596 1851 νηστὶζεσθαι
652 1782 708 1835 δὲ
753 1783 834 1836 δεῖ
861 1777 924 1838 οὗ
953 1783 1021 1838 ἂν
1050 1785 1270 1857 ἐμπέσῃ
1299 1785 1562 1857 κυριακή.
1591 1783 1833 1838 Tametsi

1948 1779 2166 1850 epistola
2197 1781 2444 1850 proxime
2487 1781 2652 1835 citata
2702 1780 2984 1836 nonnullis
3028 1780 3082 1834 in
3121 1778 3385 1835 Ecclesiis
3419 1793 3534 1831 mo~

248 1875 494 1943 Scaliger
523 1874 576 1928 in
628 1872 785 1930 Notis
831 1877 898 1931 ad
945 1851 1100 1931 illum
1134 1851 1435 1941 canonem,
1475 1851 1830 1947 ἀπονηστίζε-
1868 1851 1910 1909 Β
1941 1887 2054 1926 rem
2091 1871 2284 1928 fuisse.
2310 1872 2583 1936 declarat,
2625 1881 2685 1926 ut
2734 1873 2810 1926 bis
2858 1873 3044 1943 quinta
3090 1871 3310 1926 Sabbati
3337 1871 3531 1924 hebdo-

249 1962 374 2015 σθαι
410 1972 562 2033 putat
587 1979 710 2019 esse
750 1965 1040 2035 transferre
1063 1966 1332 2035 jejunium
1359 1983 1379 2021 :
1409 1967 1557 2037 quod
1603 1965 1830 2020 minime

246 2056 514 2125 procedit.
542 2054 780 2126 Tempus
803 2073 935 2112 vero
965 2058 1294 2113 dissolvendi
1320 2058 1539 2128 jejunii,
1557 2057 1672 2112 sive
1699 2058 1831 2111 hora

249 2145 344 2199 τοῦ
395 2147 808 2218 ἀπονηστισμοῢ
879 2149 1161 2218 multiplex
1208 2149 1328 2203 fuit.
1380 2149 1608 2204 Constit.
1657 2146 1828 2202 Clem.

251 2238 348 2291 lib.
381 2255 432 2306 v,
463 2255 581 2309 cap.
614 2242 711 2294 l9:
737 2239 826 2311 Τῷ
849 2240 908 2293 δὲ
935 2240 1198 2312 Σαϐϐάτῳ
1231 2242 1426 2312 μέχρις
1457 2240 1837 2311 ἀλεκτοροφωο

251 2330 370 2394 νίας
421 2332 877 2403 παρατείνοντες,
937 2334 1365 2406 ἁπονηστίζεσθε
1415 2332 1836 2403 ὲπιφωσκούσης

254 2425 386 2493 μιᾶς
412 2423 520 2477 τῶν
542 2424 859 2490 Σαὸϐἀτων,
897 2426 1020 2496 ἥτις
1053 2426 1172 2479 ἐστὶ
1195 2427 1433 2498 κυριακὴ
1461 2426 1569 2479 ἀπὸ
1599 2425 1838 2497 ἑσπέρας

251 2515 359 2579 ἕως
388 2516 854 2588 ἀλεκτοροφωνίας
893 2518 1303 2590 ἀγρυπνοῦντες
1323 2561 1338 2585 ,
1366 2521 1459 2572 καὶ
1492 2521 1585 2572 ἐπὶ
1608 2517 1670 2572 τὸ
1705 2518 1838 2573 αὐτὸ

251 2609 312 2659 ὲν
342 2610 406 2678 τῇ
477 2609 741 2680 ἐκκλησίᾳ
773 2609 1250 2681 συναθροιζόμενοι
1287 2613 1633 2682 γρηγορεῖτε.
1673 2609 1834 2666 Jubet

253 2700 729 2769 quadragesimale
770 2701 1040 2770 jejunium
1089 2701 1224 2756 solvi
1275 2703 1342 2756 ad
1377 2703 1744 2772 gallicinium,
1782 2711 1839 2755 ut

255 2800 314 2845 et
342 2793 616 2861 superiori
650 2795 850 2864 capite.
886 2793 1180 2864 Dionysius
1206 2793 1613 2850 Alexandrinus
1637 2795 1703 2848 ad
1738 2794 1838 2848 lla-

257 2881 484 2948 siliden,
517 2884 872 2953 reprehendit
933 2900 1029 2939 eos
1092 2884 1188 2956 qui
1234 2886 1399 2953 paulo
1429 2895 1556 2940 ante
1605 2884 1839 2939 mediam

259 2985 473 3026 noctem
497 2985 621 3044 post
651 2974 949 3030 Sabbatum
973 2975 1242 3045 jejunium
1273 2976 1604 3040 dissolvunt,
1626 2975 1702 3038 ὡς
1729 2974 1842 3027 ὀλι-

254 3071 474 3145 γώρους
527 3069 623 3122 καὶ
648 3069 928 3141 ἀκρατεῖς.
968 3069 1076 3124 Eos
1109 3077 1291 3124 autem
1327 3069 1700 3132 commendat,
1749 3066 1842 3136 qui

259 3178 436 3234 usque
468 3162 535 3216 ad
581 3169 833 3230 quartam
870 3161 1178 3218 cuStodiam
1239 3161 1550 3225 sustinent;
1600 3173 1702 3213 nec
1749 3172 1846 3212 eos

259 3256 445 3326 magni
493 3254 774 3309 faciendos
805 3253 915 3320 ait,
951 3253 1045 3323 qui
1091 3268 1158 3308 ex
1205 3253 1313 3308 illis
1357 3251 1586 3323 majoris
1635 3251 1844 3306 hebdo-

259 3348 437 3402 mada:
467 3362 561 3402 sex
597 3346 790 3400 diebus
815 3387 830 3410 ,
862 3345 1140 3414 prioribus
1174 3354 1412 3414 quatuor
1459 3346 1579 3400 sine
1626 3343 1844 3413 jejunio

257 3440 555 3494 transactis
580 3478 595 3502 ,
643 3437 980 3492 Parasceven
1014 3446 1068 3492 et
1094 3437 1393 3494 Sabbatum
1432 3437 1550 3492 sine
1580 3436 1690 3492 ullo
1719 3435 1843 3491 cibo

257 3530 584 3591 traducunt,
616 3527 760 3597 quod
809 3526 1158 3599 ὑπερτιθέναι
1205 3528 1470 3583 nominat.
1521 3525 1650 3581 Fuit
1692 3525 1839 3579 enim

259 3623 369 3678 hoc
398 3621 674 3676 veteribus
705 3619 1032 3676 Christianis
1079 3619 1348 3675 familiare
1373 3659 1390 3685 ,
1440 3619 1668 3674 biduum
1709 3616 1844 3671 illud

256 3718 468 3784 absque
499 3714 622 3768 cibo
644 3727 1014 3782 perseverare,
1053 3721 1109 3768 et
1139 3712 1194 3767 in
1221 3712 1468 3767 Ecclesia
1495 3711 1749 3780 precibus
1779 3724 1845 3765 ac

259 3807 462 3879 vigiliis
497 3807 772 3861 insistere.
798 3804 964 3862 Sexta
1003 3805 1246 3877 synodus
1278 3805 1334 3859 in
1364 3803 1553 3860 Trullo
1580 3821 1704 3859 can.
1737 3804 1798 3858 9i
1825 3821 1840 3858 :

257 3902 374 3964 Τὰς
420 3898 514 3952 τοῦ
552 3898 820 3970 σωτηρίου
851 3897 1060 3961 πάθους
1098 3897 1313 3969 ἡμέρας
1351 3899 1410 3951 ὲν
1451 3898 1705 3968 νηστείᾳ,
1751 3896 1844 3950 καὶ

257 3994 542 4064 προσευχῇ
564 4031 579 4056 ,
610 3992 705 4045 καὶ
733 3990 1024 4058 κατανύξει
1062 3989 1290 4061 καρδίας
1321 3989 1706 4051 ἐπιτελοῦντας
1735 3988 1842 4060 χρὴ

256 4086 387 4148 τοὺς
408 4084 632 4146 πιστοὺς
664 4083 792 4153 περὶ
818 4083 990 4153 μέσας
1015 4083 1116 4152 τῆς
1142 4081 1271 4153 περὶ
1300 4081 1361 4134 τὸ
1400 4081 1539 4152 μετὰ
1569 4080 1844 4135 Σάϐϐατον

256 4177 456 4240 νυκτὸς
479 4175 627 4247 ὧρας
651 4175 1130 4244 ἀπονηστίζεσοαι.
1163 4176 1239 4228 Ad
1263 4190 1386 4244 quae
1413 4174 1665 4229 Balsamo
1693 4173 1848 4226 dubi-

257 4278 366 4334 tat,
401 4284 470 4323 an
503 4269 632 4322 illud
660 4268 1009 4338 przecipiatur
1039 4284 1052 4319 :
1083 4266 1362 4332 triduum,
1398 4267 1546 4336 quad
1579 4275 1664 4320 est
1705 4263 1845 4335 μετὰ

255 4363 363 4435 τὴν
397 4360 660 4431 τετράδα,
707 4359 960 4430 quodque
986 4358 1235 4413 Passioni
1284 4361 1555 4428 praecipue
1602 4357 1844 4411 dicatum

256 4463 365 4520 est,
394 4453 640 4522 adusque
670 4451 902 4506 mediam
945 4460 1162 4504 noctem
1211 4461 1337 4505 ante
1366 4449 1706 4505 Dominicam
1739 4446 1846 4501 Pa-

1939 1963 2112 2018 modo:
2141 1963 2346 2020 ultima:
2397 1965 2840 2036 quadragesimae,
2873 1975 2922 2019 et
2967 1981 3120 2018 mane
3156 1972 3207 2018 et
3250 1963 3320 2017 ad
3366 1979 3532 2032 vespe-

1940 2074 2058 2111 ram
2103 2058 2384 2126 offerretur
2428 2073 2446 2111 :
2500 2056 2648 2127 quod
2696 2055 3120 2126 improbandum
3172 2069 3295 2110 esse
3342 2064 3529 2125 negat.

1941 2149 2095 2215 Quod
2146 2149 2324 2219 ipsum
2355 2149 2486 2204 olim
2521 2151 2576 2203 in
2607 2159 2791 2204 vetere
2820 2147 3064 2203 Ecclesia
3094 2148 3306 2203 caeteris
3333 2147 3530 2202 diebus

1943 2245 2206 2297 usitatum
2242 2242 2431 2306 fuisse,
2473 2242 2679 2298 indicat
2727 2239 3038 2311 Cyprianus
3069 2239 3232 2310 epist.
3278 2236 3348 2293 65
3396 2238 3530 2292 edit.

1942 2333 2096 2389 Pam.
2133 2333 2237 2390 Ubi
2269 2335 2562 2391 nonnullos
2614 2335 3000 2405 reprehendit,
3028 2335 3122 2404 qui
3166 2334 3218 2388 in
3251 2333 3533 2389 matutinis

1945 2425 2232 2481 sacriﬁciis
2255 2441 2456 2496 aquam
2486 2425 2659 2481 solam
2693 2424 3051 2488 adhibebant,
3077 2440 3142 2478 ne
3173 2440 3265 2493 per
3286 2440 3530 2493 saporem

1948 2518 2055 2571 vini
2089 2518 2381 2572 redolerent
2406 2519 2716 2589 sanguinem
2741 2517 2960 2572 Christi.
2979 2517 3131 2583 Quos
3165 2517 3240 2570 ita
3265 2517 3530 2586 castigat:

1949 2614 2030 2662 An
2075 2609 2176 2664 illa
2206 2609 2308 2664 sibi
2353 2609 2549 2680 aliquis
2582 2609 3022 2677 contemplatione
3059 2608 3353 2670 blanditur,
3393 2609 3532 2679 quod

1947 2703 2047 2757 etsi
2075 2719 2229 2756 mane
2277 2719 2419 2772 aqua
2463 2702 2580 2756 sola
2614 2703 2797 2771 o/ferri
2830 2702 3058 2766 videtur,
3105 2712 3276 2755 tamen
3312 2718 3429 2755 cum
3465 2702 3533 2754 ad

1949 2795 2261 2849 cmnandum
2289 2796 2522 2849 venimus
2541 2835 2556 2860 ,
2605 2796 2823 2850 mistum
2859 2794 3076 2848 calicem
3104 2794 3412 2864 o/j‘erimus;
3445 2796 3533 2849 sed

1950 2903 2069 2940 cum
2096 2903 2360 2941 caenamus
2378 2927 2392 2951 ,
2427 2887 2496 2940 ad
2524 2887 2818 2940 convivium
2842 2896 3081 2940 nostrum
3118 2886 3319 2956 plebem
3348 2903 3538 2940 convo-

1951 2994 2072 3032 care
2094 2993 2196 3032 non
2219 2994 2523 3047 possumus,
2554 2988 2610 3031 ut
2634 2979 2956 3031 sacramenti
2982 2979 3258 3032 veritatem
3288 2980 3538 3048 fraterni-

1953 3078 2061 3122 tate
2100 3070 2243 3122 omni
2270 3077 2526 3138 praesente
2558 3068 2912 3122 celebremus?
2929 3067 3022 3123 Bis
3054 3069 3218 3140 igitur
3265 3072 3464 3126 sacrilit
3485 3074 3535 3126 ia

1953 3161 2218 3217 celebrari
2262 3161 2533 3225 solebant,
2567 3175 2750 3229 mane,
2793 3168 2848 3216 et
2877 3161 3096 3230 quidem
3129 3161 3378 3233 publice;
3421 3174 3534 3217 tum

1946 3255 2201 3327 privatim
2233 3255 2337 3310 sub
2367 3269 2669 3325 vesperam.

2017 3346 2130 3400 Καὶ
2179 3346 2368 3412 οὕτως
2411 3346 2688 3402 ἀπολύει.
2753 3346 3038 3412 Ἀπόλυσις
3079 3357 3163 3403 est
3206 3347 3375 3402 Missa
3424 3350 3555 3417 sive.

1945 3439 2152 3506 missio,
2186 3453 2312 3493 cum
2353 3438 2632 3505 diaconus,
2670 3453 2727 3494 re
2779 3455 2934 3494 sacra
2967 3439 3239 3506 confecta,
3278 3442 3535 3511 populum

1945 3530 2186 3585 dimittit.
2220 3529 2400 3596 Quare
2429 3529 2840 3585 subaudiendus
2865 3539 2968 3596 est,
2997 3531 3026 3581 ὁ
3057 3529 3322 3595 διάκονος.

2028 3621 2125 3674 Ἐν
2177 3619 2254 3689 τῇ
2315 3620 2711 3689 ἀναστασίμῳ
2766 3617 2978 3689 ἡμέρᾳ.
3036 3619 3262 3691 Proprie
3324 3621 3536 3694 μεγάλη

1947 3713 2135 3785 ἡμέρα
2161 3713 2370 3769 Pascha
2400 3713 2733 3768 nominatur.
2768 3711 2840 3767 Ut
2872 3714 2928 3768 in
2974 3715 3287 3786 Ancyrano.
3321 3731 3444 3771 can.
3480 3708 3533 3781 6,

1949 3805 2138 3871 Ἔδοξε
2173 3807 2336 3878 μέχρι
2363 3805 2463 3876 τῆς
2493 3805 2738 3877 μεγάλης
2769 3807 2986 3878 ἡμέρας
3023 3807 3104 3870 είς
3154 3806 3418 3879 ἀκρόασιν
3451 3807 3536 3861 δε-

1947 3897 2161 3970 χθῆναι.
2192 3896 2259 3952 Et
2283 3897 2542 3968 quoniam
2571 3899 2626 3952 in
2659 3897 2998 3954 illustrandis
3029 3898 3228 3954 veteris
3279 3897 3536 3954 Ecclesia:

1947 3990 2143 4044 ritibus
2189 3998 2420 4044 navatur
2451 4005 2482 4044 a
2529 3989 2686 4044 nobis
2729 4004 2916 4060 opera,
2950 3989 3018 4044 de
3057 4005 3167 4044 uno
3196 3990 3434 4046 alterove
3461 3993 3536 4044 lc-

1947 4092 2152 4136 ctorem
2194 4082 2632 4145 admonebimus,
2660 4081 2753 4152 qui
2791 4096 2890 4152 per
2933 4081 3207 4138 solemnes
3248 4081 3531 4138 Paschalis

1952 4177 2121 4232 ferias
2154 4174 2408 4244 usurpari
2455 4175 2721 4230 solebant.
2773 4175 2878 4242 Qui
2920 4176 3022 4230 etsi
3072 4177 3138 4230 ad
3171 4175 3526 4246 Epiphaniutr

1948 4278 2194 4324 nostrum
2241 4269 2377 4322 nihil
2422 4269 2716 4323 admodum
2761 4269 3104 4338 pertineant,
3162 4271 3301 4324 alias
3351 4281 3534 4327 tamen

1948 4366 2150 4421 habent
2187 4367 2641 4435 opportunitates,
2679 4367 2750 4422 ob
2787 4383 2924 4436 quas
2978 4368 3193 4422 illorum
3240 4385 3349 4423 non
3397 4386 3534 4440 prte-

1948 4461 2295 4514 termittenda
2347 4460 2550 4514 mentio
2606 4461 2838 4515 videtur.
2897 4461 3140 4516 Primum
3197 4463 3395 4532 igitur,
3437 4481 3531 4533 per

258 4545 504 4600 sebalem
549 4543 765 4613 ieiunos
810 4541 1136 4612 PBPSiSl-el‘e;
1198 4557 1266 4596 an
1316 4541 1384 4597 de
1429 4557 1539 4596 ιιηο
1578 4541 1844 4596 dum“t
1874 4558 1919 4612 D
1949 4553 2070 4607 illos
2101 4553 2216 4607 dies
2247 4567 2274 4605 a
2315 4549 2644 4607 Christianis
2681 4553 3102 4622 imperatoribus
3142 4555 3309 4610 vincti
3359 4557 3530 4624 capti-

259 4637 504 4692 Sabbato
532 4647 826 4692 caveatur:
855 4637 910 4690 in
952 4651 1064 4706 quo
1098 4636 1322 4706 rigidior
1357 4651 1422 4690 ac
1455 4635 1699 4691 severior
1721 4647 1843 4690 esse

252 4731 454 4802 jejunii
485 4731 770 4801 disciplina
805 4730 1023 4785 debeat.

335 4824 443 4874 "Er
489 4836 611 4875 τισι
661 4820 730 4874 δὲ
764 4822 970 4887 τόποις
1014 4821 1261 4889 λατρεία
1316 4819 1429 4889 τῆς
1475 4821 1838 4889 οἰκονομίας.

255 4913 536 4982 Λατρείαν
567 4911 669 4982 τῆς
693 4912 1006 4982 οἰκονομίας
1035 4913 1271 4965 divinum
1295 4921 1344 4965 et
1370 4913 1707 4965 incruentum
1762 4929 1845 4965 sa-

255 5005 524 5074 criﬁcium
569 5005 840 5074 appellat;
890 5012 1034 5059 utet
1079 5005 1242 5074 paulo
1274 5012 1401 5073 post
1443 5003 1716 5073 disjuncte
1755 5004 1843 5059 λαο

253 5093 447 5166 τρείας
471 5095 563 5146 καὶ
583 5077 917 5164 οἰκονομίας,
941 5101 995 5148 et
1025 5093 1081 5147 in
1108 5093 1385 5159 Aerianis,
1426 5092 1559 5148 haar.
1588 5093 1657 5146 77
1685 5111 1698 5146 :
1729 5094 1842 5165 Τὴν

257 5185 575 5254 οἰκονομίαν
599 5183 702 5254 τῆς
731 5183 1009 5255 λατρείας,
1034 5184 1143 5239 hoc
1169 5193 1255 5240 est
1291 5185 1532 5237 missam.
1573 5181 1710 5237 Nam
1741 5183 1840 5237 λα-

255 5275 420 5345 τρεία
452 5275 670 5328 divinus
718 5274 898 5328 cultus
946 5281 1113 5343 atque
1141 5273 1377 5328 oﬂicium
1413 5281 1525 5340 est,
1568 5272 1712 5341 quod
1753 5288 1842 5328 sa—

257 5364 472 5422 crificio
526 5373 845 5434 praestatur;
870 5363 1152 5435 οἰκονομία
1192 5363 1587 5418 lncarnalionis
1630 5361 1843 5419 Passio-

256 5459 459 5526 nisque
488 5456 786 5511 Dominicaa
823 5457 1146 5528 mysterium
1178 5456 1470 5526 signiﬁcat,
1510 5456 1596 5511 cui
1639 5472 1840 5525 reprae-

256 5549 530 5606 sentando
572 5549 878 5611 institutum
934 5550 1068 5604 illud
1109 5559 1194 5604 est
1246 5565 1277 5603 a
1327 5547 1440 5603 Deo
1486 5549 1840 5607 sacriﬁcium.

1945 4644 2106 4715 vique
2173 4659 2204 4698 e
2257 4659 2476 4699 carcere
2539 4645 2915 4700 mittebantur.
2967 4644 3217 4701 Monacbi
3274 4645 3531 4718 Eutychis

1945 4735 2184 4792 haeretici
2214 4735 2270 4789 in
2296 4735 2474 4790 libello
2502 4736 2732 4806 supplici
2757 4735 2840 4789 Ad
2864 4736 3326 4806 pseudosynodum
3361 4736 3533 4806 Ephe-

1943 4828 2138 4892 sinam,
2172 4827 2227 4881 in
2254 4825 2404 4882 Actis
2432 4825 2761 4882 Chalcedon.
2805 4828 3042 4890 concilii,
3081 4829 3147 4879 de
3177 4827 3263 4880 die
3298 4827 3532 4882 Pascha-

1947 4919 2015 4973 lis
2061 4919 2346 4987 loquentes
2381 4937 2394 4972 :
2427 4916 2563 4970 Καθ’
2603 4918 2687 4988 ἢν,
2740 4917 3014 4986 inquiunt,
3050 4917 3234 4970 λύεται
3277 4917 3374 4986 μὲν
3419 4921 3532 4978 τοῖς

1944 5007 2217 5071 πλείστοις
2241 5007 2348 5060 τῶν
2369 5009 2769 5079 ἡμαρτηκότων
2802 5009 2911 5062 ἀπὸ
2939 5009 3047 5062 τῶν
3079 5009 3248 5076 ἁγίων
3279 5007 3532 5077 πατέρων

1941 5101 2102 5172 ἡμῶν
2132 5100 2197 5154 τὰ
2233 5101 2518 5170 ἐπιτίμια·
2550 5101 2736 5154 λύεται
2774 5101 2831 5153 δὲ
2867 5101 3020 5174 παρά
3061 5101 3168 5153 τῶν
3204 5097 3534 5169 βασιλευόν-

1942 5210 2051 5247 των
2079 5193 2173 5244 ἐπὶ
2201 5191 2310 5243 τῶν
2339 5191 2701 5264 ἐγκλημάτων
2728 5195 2797 5248 τὰ
2823 5195 3000 5266 δεσμὰ
3031 5197 3146 5258 τοῖς
3186 5192 3535 5254 ὑπευθύνοις..

1941 5287 2136 5341 Exstat
2163 5285 2352 5340 eadem
2383 5287 2449 5339 de
2496 5303 2556 5340 re
2589 5288 2756 5358 impp.
2788 5287 3174 5354 Valentiniani,
3204 5288 3446 5345 Valentis
3480 5299 3534 5344 et

1944 5377 2187 5433 Gratiani
2219 5377 2540 5447 rescriptum
2578 5379 2648 5434 55
2677 5380 2745 5436 de
2791 5380 2999 5452 indulg.
3041 5382 3166 5436 cod.
3208 5381 3480 5438 Theodos.
3517 5404 3529 5439 :

1948 5468 2026 5523 0b
2081 5469 2220 5522 diem
2278 5468 2502 5524 Pascha:
2553 5487 2705 5541 quem
2750 5473 2942 5527 intima
2987 5474 3142 5527 corde
3187 5473 3531 5538 celebramus,

1945 5559 2210 5627 omnibus,
2246 5577 2374 5630 quos
2400 5571 2578 5615 reatus
2597 5564 2864 5634 astringit,
2891 5581 3073 5618 carcer
3100 5567 3341 5622 inclusit.
3381 5567 3533 5622 clau—

254 5640 378 5697 Etsi
403 5641 457 5694 in
481 5640 732 5696 Aerianis
761 5657 816 5697 n.
845 5642 881 5696 '5
905 5641 1227 5710 simpliciter
1259 5641 1596 5710 οἰκονομίαν,
1625 5639 1732 5694 hoc
1761 5648 1840 5694 est

1948 5661 2063 5706 stra
2090 5643 2446 5708 dissolvimus.
2479 5655 2656 5726 Hujus
2685 5657 2847 5712 nobis
2875 5660 3367 5714 commemoranda
3400 5675 3533 5715 con-

257 5737 584 5805 mysterium
629 5743 812 5790 vocat.
889 5735 1062 5790 Porro
1118 5735 1254 5789 feria
1305 5735 1493 5803 quinta
1545 5733 1840 5789 Dominica:

1949 5744 2256 5799 suetudinis
2298 5747 2643 5803 occasionem
2678 5749 2826 5804 dedit
2875 5749 3249 5806 Themistiana
3283 5751 3532 5821 quaedam

255 5823 544 5884 Passionis
570 5826 627 5883 in
649 5827 979 5899 quibusdam
1005 5827 1266 5884 Ecclesiis
1288 5828 1697 5899 ἀπονηστισμός
1743 5827 1846 5886 fuit
1949 5835 2162 5904 oratio;
2213 5837 2373 5907 cujus
2436 5825 2833 5912 argumentum
2872 5845 3134 5903 hactenus
3191 5849 3520 5916 ignoratum.

663 5927 934 5988 ΡΑτιιοι.
977 5927 1095 5988 Gn.
1129 5927 1322 5989 XLII.

2683 5992 2686 5996 .
3219 5944 3293 6003 33
