4054 6404
330 418 482 474 1οω

1460 411 1803 468 APPENDIX
1840 410 2473 468 DISSERTATIONUM.

3481 413 3615 468 1088

348 547 405 591 et
434 543 682 603 receptos
714 532 766 586 in
811 529 1251 586 communionem
1294 526 1582 583 Ursacium
1634 543 1697 583 ac
1736 529 1923 582 Valen-
1951 536 1996 590 Α
2027 530 2224 582 tiarum
2268 546 2489 583 suarum
2534 529 2754 585 decretis
2808 530 3220 584 contradixisse.
3267 526 3500 585 Necesse
3533 543 3618 586 est

338 639 482 689 tem,
531 611 813 695 aliquanto
868 632 1116 692 tempore
1175 619 1502 689 inter-jecto,
1567 617 1927 674 Sirmiensem

337 722 602 774 adversus
666 716 964 772 Photinum
1029 714 1361 768 celebratam
1429 711 1742 782 synodum,
1804 722 1930 765 ante

337 813 706 866 Arelatensem
761 818 815 862 et
843 806 1322 866 Mediolanensem,
1379 818 1591 858 necnon
1637 810 1929 872 antequam

337 903 590 957 Liberius
635 917 793 970 papa,
838 899 1110 954 Eusebius
1149 899 1351 968 aliique
1428 896 1926 966 proscriberentur.

337 995 503 1065 Atqui
541 993 963 1048 conciliabulum
1006 991 1354 1055 Arelatense,
1382 989 1528 1059 quod
1567 1003 1597 1042 a
1631 987 1930 1042 Saturnino

315 1089 676 1142 'celebratum
728 1095 834 1149 est,
884 1101 1032 1139 anno
1077 1083 1283 1138 Christi
1336 1082 1442 1137 553
1478 1081 1745 1149 contigit,
1801 1094 1928 1133 cum

313 1178 545 1234 Sirmio
595 1178 650 1231 in
684 1175 893 1231 Gallias
945 1172 1225 1244 profectus
1266 1181 1412 1227 esset
1459 1170 1835 1226 Constantius.
1871 1178 1930 1223 ut

339 1271 394 1324 in
433 1269 732 1323 Annalibus
758 1268 992 1336 legitur;
1029 1263 1434 1319 Mediolauense
1468 1277 1598 1315 vero
1632 1276 1778 1315 anno
1801 1260 1927 1324 555,

338 1362 636 1414 Arbetione
665 1369 717 1413 et
752 1358 1004 1412 Lolliano
1039 1372 1185 1412 coss.
1219 1354 1400 1409 Tanto
1444 1354 1610 1423 igitur
1641 1362 1770 1407 ante
1799 1362 1927 1407 tem-

339 1468 474 1524 pore
529 1453 822 1506 damnatus
887 1449 1155 1503 Photinus
1215 1462 1279 1502 ac
1339 1446 1658 1501 Sirmiensis
1709 1454 1930 1515 peracta

340 1545 586 1617 synodus
650 1554 772 1608 est,
836 1557 1004 1611 quam
1073 1540 1310 1596 secunda
1377 1539 1501 1592 ﬁdei
1575 1536 1810 1592 formula
1873 1537 1927 1590 iti

337 1639 530 1693 eodem
639 1634 927 1689 Sirmiensi
999 1633 1200 1703 oppido
1249 1632 1318 1685 ab
1389 1630 1654 1692 Ursacio,
1706 1628 1931 1683 Valente

339 1732 582 1801 Osioque
625 1729 909 1799 prodiret,
957 1742 1080 1796 quae
1123 1735 1248 1795 post
1287 1725 1584 1795 relegatum
1635 1721 1926 1786 Hilarium,

339 1838 442 1876 nec
473 1823 630 1891 longe
661 1828 790 1874 ante
846 1818 1118 1890 synodum
1174 1816 1579 1871 Ariminensem
1630 1816 1775 1870 edita
1822 1823 1925 1878 est,

2033 621 2218 690 itaque
2249 621 2531 691 aliquanto
2563 631 2686 692 post
2706 623 3039 692 publicatam
3072 622 3431 676 Sirmiensem
3457 621 3616 676 ἔκθε-

2032 731 2116 768 σιν
2165 716 2363 784 spatio,
2423 717 2770 786 Ancyranam
2825 731 2854 769 a
2910 714 3116 770 Basilio
3174 715 3444 785 synodum
3495 729 3619 771 esse

2030 805 2337 860 conﬂatam.
2380 804 2519 872 Quid
2568 805 2716 876 quod
2753 806 2918 860 Osius
2966 805 3116 875 ipse,
3152 820 3183 859 a
3217 820 3327 873 quo
3369 803 3617 858 eamdem

2031 897 2177 951 illam
2207 895 2506 966 profectam
2543 895 2832 950 formulam
2865 905 3057 950 auctor
3103 904 3188 950 est
3230 893 3494 957 Hilarius,
3519 909 3622 946 an-

2031 1004 2161 1044 num
2213 989 2481 1058 integrum
2524 987 2712 1043 Sirmii
2759 995 3002 1043 retentus
3035 995 3140 1047 est,
3182 985 3506 1055 priusquam
3550 983 3621 1038 ad

2031 1097 2362 1137 consensum
2415 1082 2758 1153 adigeretur?
2798 1081 2981 1148 Quare
3031 1097 3154 1135 cum
3191 1095 3300 1136 non
3347 1080 3450 1136 nisi
3497 1089 3622 1151 post

2029 1171 2251 1228 Junium
2278 1189 2521 1229 mensem
2561 1175 2688 1229 anni
2716 1173 2821 1229 556
2871 1172 3232 1229 Constantius
3284 1171 3469 1226 Sirmii
3499 1187 3622 1227 esse

2029 1270 2286 1340 potuerit,
2337 1285 2680 1341 consequens
2721 1278 2833 1336 est,
2889 1283 3036 1324 anno
3086 1277 3379 1338 sequente,
3423 1267 3620 1322 eodem

2029 1361 2248 1415 circiter
2275 1370 2538 1431 tempore,
2565 1361 2726 1416 istam
2755 1363 2824 1416 ab
2861 1359 2995 1416 Osio
3030 1358 3426 1430 professionem
3463 1358 3623 1412 Aria-

2029 1468 2131 1506 nos
2168 1453 2488 1508 extorsisse.
2551 1453 2715 1523 Atqui
2753 1453 2842 1507 diu
2883 1463 3030 1516 ante,
3075 1452 3335 1507 nimirum
3380 1451 3484 1505 sub
3523 1466 3623 1521 pa-

2033 1543 2218 1598 schale
2244 1551 2480 1614 tempus,
2514 1545 2742 1616 Ancyrae
2771 1559 3077 1600 convenere
3099 1541 3622 1600 Semiariani.Vides

2032 1643 2274 1704 quantus
2305 1635 2378 1689 sit
2409 1636 2549 1704 apud
2582 1637 2705 1691 illos
2733 1637 3008 1690 rationum
3053 1635 3191 1690 inter
3229 1649 3350 1690 sese
3411 1649 3622 1690 seruio-

2028 1724 2224 1793 nisque
2241 1723 2549 1782 conflictus.
2576 1726 2680 1781 Sed
2699 1742 2764 1781 ex
2800 1727 2864 1782 iis
2895 1743 3015 1796 quae
3031 1743 3195 1797 supra
3211 1726 3618 1791 constituimus,

2030 1831 2262 1886 quaeque
2303 1818 2468 1887 paulo
2503 1827 2624 1888 post
2669 1819 2949 1872 tractanda
3006 1828 3155 1882 sunt,
3199 1828 3421 1889 apparet
3473 1820 3622 1875 aliud

340 1925 402 1968 ut
436 1929 502 1968 es
539 1890 733 1967 eodem
777 1909 987 1964 Hilario
1030 1919 1287 1972 constat;
1335 1923 1513 1977 neque
1554 1916 1733 1977 potest
1777 1921 1923 1961 anno
1955 1890 1999 1950 Β
2028 1907 2330 1978 Ancyram:
2366 1911 2573 1978 synodo
2607 1918 2822 1978 tempus
2845 1925 2966 1965 esse
2989 1909 3360 1965 tribuendum.

341 2007 444 2060 557
474 2006 772 2060 Sirmiensc
795 2003 1086 2059 concilium
1122 2002 1234 2056 ullo
1257 2002 1422 2056 modo
1446 2015 1770 2070 congruere.

412 2096 693 2153 Neminem
722 2091 1080 2150 vetustissimi
1115 2094 1323 2149 erroris
1362 2094 1500 2147 adeo
1537 2103 1781 2147 tenacem
1813 2089 1928 2146 fore

337 2190 575 2251 confido,
610 2188 704 2258 qui
739 2202 849 2242 non
885 2195 964 2240 tot
1003 2185 1344 2254 argumentis
1399 2183 1682 2238 convictus
1731 2191 1929 2237 nostra:

340 2285 417 2339 illi
466 2299 572 2337 non
625 2281 890 2352 opinioni,
951 2289 1046 2334 aut
1093 2279 1440 2349 conjecturae,
1469 2278 1562 2333 sed
1613 2275 1930 2331 certissimae

339 2379 555 2432 veritati
611 2375 938 2446 suffragetur
967 2417 982 2440 ,
1057 2375 1304 2444 adeoque
1351 2373 1702 2427 vehementer
1742 2371 1930 2426 obstu-

340 2478 547 2539 pescat,
581 2465 784 2520 nemini
828 2465 1092 2520 hactenus
1130 2463 1445 2518 mortalium
1491 2472 1600 2517 tam
1633 2463 1928 2517 immanem

341 2561 586 2616 historia
619 2560 794 2613 labetn
827 2559 882 2612 in
908 2570 1055 2612 tanta
1094 2557 1470 2612 doctrinarum
1508 2557 1754 2611 omnium
1785 2556 1928 2620 luce,

338 2662 601 2722 tantaque
630 2651 910 2706 annalium
943 2658 996 2704 et
1029 2649 1418 2704 chronicorum
1450 2651 1605 2718 copia
1638 2649 1724 2703 vel
1767 2648 1931 2703 levis-

339 2749 480 2804 sime
505 2745 837 2801 suboluisse.
872 2743 950 2797 Ac
973 2742 1177 2797 nostris
1198 2739 1415 2812 quidem
1445 2741 1716 2796 accuratis
1769 2750 1932 2811 atque

339 2840 572 2895 eruditis
611 2836 928 2891 hominibus
973 2835 1151 2889 danda
1194 2835 1350 2888 venia
1386 2844 1490 2897 est,
1525 2835 1617 2904 qui
1665 2833 1930 2898 Socratis,

343 2932 633 2988 Sozomeni
676 2939 841 3001 atque
900 2931 1249 2998 antiquorum
1287 2927 1514 2998 vestigia
1562 2927 1735 2983 secuti
1763 2935 1927 2982 sunt:

341 3025 464 3080 illos
495 3025 644 3094 ipsos
682 3022 888 3077 erroris
913 3031 1169 3076 auctores
1205 3036 1273 3075 ac
1317 3021 1487 3075 duces
1527 3037 1792 3078 excusare
1819 3037 1929 3077 non

339 3133 594 3188 possum,
621 3116 737 3186 qui,
766 3125 825 3169 ut
855 3115 1072 3169 illorum
1106 3122 1410 3183 temporum
1443 3114 1731 3168 viciniores
1751 3123 1928 3179 erant,

340 3211 420 3266 sic
460 3209 526 3264 ad
566 3223 758 3263 eorum
798 3204 1191 3276 explorandam
1218 3205 1504 3260 historiam
1548 3206 1931 3260 instructiores
1955 3245 2005 3308 ε

338 3316 461 3354 esse
489 3298 819 3354 debuerunt.

411 3390 773 3460 Posteaquam
801 3389 1204 3441 firmamentum
1238 3387 1421 3456 ipsum
1481 3384 1629 3439 falsa:
1661 3387 1932 3440 narratio-

340 3478 427 3533 nis
455 3487 510 3531 ct
559 3487 726 3548 caput
757 3476 1079 3540 evertimus,
1126 3476 1359 3544 reliqua,
1416 3491 1539 3545 quae
1585 3477 1714 3531 huic
1745 3477 1933 3531 innixa

339 3569 526 3623 minus
559 3567 764 3621 habent
798 3567 1083 3629 momenti,
1127 3567 1332 3622 erroris
1364 3582 1469 3621 non
1506 3567 1710 3631 minus,
1742 3577 1935 3637 suapte

342 3669 536 3728 sponte
563 3657 736 3713 fracta
767 3658 1150 3725 iufirmataquc
1189 3659 1497 3713 concident.
1536 3658 1819 3728 Ejusmodi
1850 3667 1934 3713 est

341 3747 487 3816 quod
542 3747 610 3802 de
656 3746 959 3817 Ancyrame
1012 3747 1200 3818 synodi
1251 3756 1495 3817 tempore
1539 3747 1818 3813 definitur,
1877 3749 1932 3802 in

342 3839 594 3892 eumdem
648 3854 852 3893 annum
904 3838 1186 3903 incidisse,
1233 3855 1344 3908 quo
1378 3838 1647 3895 Photinus
1698 3842 1750 3894 in
1791 3839 1936 3894 "Sir-

344 3930 543 3985 miensi
585 3931 821 3985 concilio
867 3930 1160 3985 damnatus
1195 3939 1297 3997 est,
1354 3947 1551 4001 nempe
1605 3948 1751 3987 anno
1805 3932 1928 3988 557.

345 4023 502 4088 Quod
526 4038 641 4077 .non
679 4023 840 4076 modo
885 4022 1080 4076 falsum
1121 4031 1226 4086 est,
1275 4024 1402 4093 quia
1444 4024 1603 4095 longe
1627 4034 1752 4079 ante
1788 4026 1934 4084 hunc

347 4128 551 4166 annum
621 4111 977 4166 Sirmiensem
1043 4113 1190 4166 illam
1259 4114 1529 4184 synodum
1602 4117 1931 4172 celebratam

347 4205 509 4271 paulo
540 4214 664 4258 ante
689 4204 1000 4268 docuimus,
1036 4205 1130 4260 sed
1154 4205 1318 4259 etiam
1356 4206 1526 4274 quod,
1552 4209 1655 4260 etsi
1685 4208 1932 4279 hocipso

347 4311 496 4348 anno
525 4306 744 4364 peracta
772 4295 861 4360 sit,
899 4311 1006 4348 non
1041 4305 1216 4364 potest
1242 4296 1294 4350 in
1327 4296 1578 4350 eumdem
1610 4299 1933 4370 Ancyrauus

345 4395 648 4441 conventus
681 4387 984 4440 incurrere.
1031 4385 1128 4440 llic
1166 4387 1312 4440 enim
1366 4398 1492 4441 ante
1543 4387 1752 4443 Pascha
1786 4391 1930 4444 cele-

345 4479 537 4534 bratus
564 4485 647 4532 est
676 4492 690 4530 :
726 4479 868 4532 unde
902 4487 954 4532 et
985 4478 1230 4547 plerique
1274 4479 1345 4533 ob
1376 4479 1611 4533 hiemem
1649 4479 1928 4534 interclusi

2103 1998 2209 2053 Nec
2233 2000 2416 2055 minus
2443 2003 2588 2070 quod
2616 2001 2690 2054 illi
2724 2011 2832 2056 tam
2869 2003 3069 2057 acriter
3098 2010 3342 2074 pugnant
3375 2003 3618 2057 indidem

2029 2092 2297 2148 refellitur
2331 2111 2343 2148 :
2378 2092 2654 2149 Liberium
2691 2111 2884 2165 papam
2925 2097 3092 2166 priori
3125 2096 3203 2150 illi
3237 2095 3356 2150 fidei
3394 2096 3614 2166 profes-

2031 2186 2174 2240 sioni
2204 2185 2618 2256 subscripsisse,
2651 2203 2773 2257 quae
2798 2189 2852 2242 in
2877 2187 3164 2244 Sirmiensi
3193 2191 3404 2260 synodo
3427 2198 3620 2244 contra

2029 2275 2326 2332 Photinum
2387 2285 2473 2332 est
2516 2279 2739 2334 emissa.
2780 2279 2991 2349 Quippe
3043 2280 3256 2351 aliquot
3294 2281 3453 2335 annis
3503 2295 3616 2334 non

2031 2367 2233 2422 Liberii
2283 2369 2448 2424 modo
2498 2369 2930 2436 restitutionem,
2991 2372 3082 2426 sed
3136 2371 3389 2426 exsilium
3443 2372 3621 2441 ipsum

2030 2455 2357 2513 Photiniana
2399 2460 2681 2514 damnatio
2733 2462 3029 2530 princessit.
3115 2461 3325 2518 Fecerit
3373 2461 3623 2518 Liberius

2032 2564 2227 2615 necne,
2269 2551 2414 2620 quod
2473 2551 2670 2606 fecisse
2719 2553 2968 2622 plerique
3012 2563 3256 2608 veterum
3287 2554 3531 2619 Patrum,
3565 2566 3624 2609 ut

2033 2642 2392 2707 Athanasius,
2455 2642 2820 2715 Hieronymus
2863 2647 3064 2716 aliique
3093 2649 3460 2713 consentiunt,
3489 2649 3623 2702 nihil

2032 2736 2101 2789 ad
2153 2735 2460 2790 institutam
2511 2737 2936 2806 disputationem
2982 2739 3195 2794 attinet.
3246 2739 3457 2794 Etenim
3504 2741 3623 2795 fieri

2031 2835 2231 2896 potest,
2261 2837 2320 2882 ut
2341 2843 2466 2882 cum
2503 2826 2752 2893 Ursacio,
2781 2829 3002 2885 Valente
3057 2847 3122 2886 ac
3149 2833 3373 2901 reliquis
3407 2832 3622 2887 Ariauis

2033 2918 2520 2973 communicaverit
2565 2920 2806 2989 quidem,
2860 2930 2915 2976 et
2969 2921 3333 2978 Athanasium
3390 2923 3624 2978 damna-

2034 3010 2192 3076 verit,
2214 3011 2307 3066 sed
2333 3012 2602 3067 haeretica;
2623 3015 2877 3083 pravitati
2907 3029 3252 3085 nequaquam
3285 3017 3624 3086 subscripseo

2034 3103 2105 3158 rit
2138 3145 2154 3171 ,
2187 3104 2427 3160 haeretici
2457 3120 2606 3169 lvero
2643 3109 2806 3161 etiam
2855 3108 3263 3176 comprobatam
3300 3109 3370 3162 ab
3396 3108 3487 3162 illo
3515 3109 3625 3162 lue-

2036 3195 2183 3251 resin
2214 3195 2353 3252 falso
2377 3196 2727 3266 jactaverint.
2763 3197 2879 3253 Hoc
2922 3214 3051 3254 vero
3095 3199 3466 3254 certissimum
3515 3209 3621 3264 est,

2036 3301 2212 3355 neque
2257 3287 2425 3358 priori
2484 3288 2560 3341 illi
2615 3297 2804 3342 contra
2839 3287 3137 3343 Photinum
3180 3289 3339 3345 editze
3378 3291 3622 3344 subscri-

2035 3380 2236 3450 psisse,
2277 3389 2351 3446 et,
2383 3381 2429 3435 si
2473 3395 2537 3435 ex
2578 3381 2759 3435 tribus
2807 3381 3209 3439 Sirmiensibus
3243 3384 3482 3454 aliquam
3525 3386 3622 3438 ad-

2037 3472 2272 3535 miserit,
2306 3488 2414 3525 non
2447 3472 2630 3534 aliam,
2667 3487 2832 3541 quam
2879 3475 3200 3538 secundam,
3234 3475 3322 3529 cui
3366 3483 3417 3527 et
3451 3473 3617 3528 Osius

2036 3578 2300 3619 assensus
2331 3573 2434 3629 est,
2480 3564 2890 3633 comprobasse.
2933 3564 3013 3620 Ae
3056 3566 3190 3619 mihi
3234 3565 3456 3635 quidem
3494 3581 3623 3635 pur-

2035 3655 2197 3725 gandi
2230 3656 2300 3710 ab
2331 3656 2481 3710 omni
2520 3656 2746 3711 haeresis
2777 3657 3091 3726 suspicione
3137 3656 3338 3713 Liberii
3374 3659 3622 3727 expedita

2034 3745 2284 3815 qinedam
2308 3749 2449 3800 ratio
2488 3756 2542 3800 et
2583 3745 2758 3801 facilis
2779 3751 3038 3814 occurrit,
3071 3749 3117 3804 si
3141 3748 3376 3803 oblatam
3400 3750 3620 3818 quidem

2034 3837 2108 3890 illi
2142 3839 2436 3892 secundam
2464 3837 2820 3894 Sirmiensem
2860 3839 3077 3894 ἔκθεσιν
3110 3840 3416 3896 dixerimus
3453 3859 3467 3896 :
3509 3856 3618 3895 non

2034 3931 2298 3999 inti-graui
2333 3941 2536 3998 tamen,
2567 3942 2661 3988 aut
2699 3934 3008 4004 cujusmodi
3042 3935 3185 4004 apud
3227 3934 3534 3998 Socratem,
3566 3944 3620 3988 et

2032 4021 2414 4089 Athanasium,
2458 4031 2622 4093 atque
2662 4022 2925 4078 Hilarium
2967 4025 3191 4094 legitur,
3239 4026 3332 4081 sed
3378 4026 3617 4095 priorem

2031 4113 2148 4181 ejus
2201 4122 2431 4183 partem,
2483 4115 2536 4169 in
2592 4131 2699 4186 qua
2764 4117 2857 4170 τοῦ
2913 4117 3223 4188 ὁμοουσῑου,
3280 4126 3334 4172 et
3394 4119 3615 4190 ὁμοιου-

2034 4204 2149 4256 σίου
2205 4206 2469 4260 vocabula
2527 4208 2801 4262 reticenda
2865 4223 2988 4264 esse
3045 4210 3359 4265 decernitur
3409 4228 3422 4263 :
3471 4211 3619 4280 quod

2033 4304 2182 4371 pacis
2234 4318 2298 4357 ac
2354 4304 2555 4373 quietis
2624 4308 2807 4360 studio
2869 4309 3190 4379 complexus
3239 4321 3344 4365 est.
3412 4310 3612 4367 Verum

2033 4394 2224 4448 Ariani
2291 4396 2466 4451 cidem
2533 4395 2780 4454 formulae
2849 4401 3060 4471 reliqua
3123 4404 3470 4472 postmodum
3527 4406 3616 4460 iu-

2035 4493 2352 4552 texuerunt,
2387 4503 2450 4541 ac
2486 4489 2732 4557 specioso
2761 4490 2992 4544 Romani
3022 4493 3293 4562 pontificis
3319 4495 3537 4548 nomine
3566 4504 3619 4549 et

345 4573 402 4627 in
453 4572 712 4643 synodica
761 4571 990 4640 epistola
1057 4571 1341 4625 dicuntur.
1388 4569 1507 4625 Non
1538 4573 1716 4641 potuit
1764 4573 1930 4642 igitur
1964 4593 2006 4648 ι)
2038 4580 2366 4633 auctoritate
2405 4595 2564 4634 suum
2605 4582 2801 4652 dogma
2847 4583 3216 4638 venditat-unt.
3268 4585 3454 4640 Dicam
3500 4603 3620 4640 am—

325 4665 536 4720 'eodem
574 4679 720 4717 anno
771 4662 1094 4716 Sirmiensis
1145 4661 1386 4732 synodus
1419 4661 1537 4715 ﬁeri
1575 4681 1586 4715 :
1617 4661 1722 4716 nisi
1750 4672 1933 4732 poste-

345 4759 548 4812 riorem
582 4757 722 4810 hanc
751 4754 922 4810 fuisse
953 4754 1090 4808 velis
1111 4794 1125 4818 ,
1157 4753 1300 4822 quod
1355 4753 1513 4823 longe
1542 4766 1626 4808 est
1651 4754 1933 4808 absurdis-

346 4853 545 4906 simum
579 4890 594 4915 ,
656 4849 915 4918 quoniam
972 4847 1038 4900 ad
1088 4848 1507 4915 oppugnandam
1575 4845 1931 4902 Sirmiensem

345 4942 494 4996 illam
547 4941 861 5002 formulam,
911 4953 1076 5008 quam
1146 4939 1200 4991 in
1265 4937 1503 4992 concilio
1560 4941 1930 5009 conscriptam

344 5035 683 5097 existimant,
735 5033 1020 5102 Aucyrana
1070 5040 1154 5084 est
1207 5031 1449 5100 synodus
1491 5032 1736 5086 collecta.
1786 5031 1929 5098 Quin

345 5127 512 5180 etiam
545 5135 832 5196 postquam
878 5124 994 5177 haec
1047 5122 1170 5176 fidei
1226 5122 1497 5191 professio
1523 5124 1694 5177 allata
1727 5123 1931 5177 Sirmio

343 5229 446 5280 est,
485 5217 733 5272 nonnihil
770 5224 896 5270 ante
917 5216 1220 5269 concilium
1282 5216 1634 5285 Ancyrauum
1667 5217 1931 5284 temporis

345 5310 682 5365 intercessit.
714 5307 848 5361 Nam
879 5305 1127 5360 Hilarius
1158 5307 1252 5360 lib.
1281 5305 1359 5359 De
1390 5307 1624 5375 synodis,
1661 5307 1927 5376 pag.529,

349 5401 726 5458 Occidentales
753 5401 1042 5470 episcopos
1071 5398 1380 5461 collaudat,
1415 5399 1562 5469 quod
1612 5401 1830 5454 missam
1861 5401 1930 5454 ad

340 5511 452 5551 sese
493 5510 558 5549 ea:
595 5493 874 5548 Sirmiensi
925 5491 1114 5560 oppido
1161 5490 1392 5560 inﬁdelis
1439 5493 1565 5560 fidei
1609 5494 1929 5562 impietatem

341 5603 447 5640 non
497 5585 650 5639 modo
693 5601 795 5637 non
843 5585 1216 5651 suscepissent,
1258 5582 1347 5636 sed
1417 5586 1718 5638 nuntiatam
1767 5587 1930 5639 etiam

344 5679 807 5746 signiﬁcatamque
873 5675 1236 5729 damnassent.
1307 5675 1428 5740 Quo
1495 5693 1620 5732 cum
1678 5680 1928 5747 exemplo

339 5770 533 5827 scribit
561 5770 825 5823 excitatos
857 5765 1163 5821 Orientales
1207 5767 1492 5838 episcopos
1535 5769 1588 5821 in
1637 5771 1928 5840 Ancyrano

337 5858 575 5917 ωιιεὶιίο
609 5857 1027 5928 irreligiosorum
1057 5856 1313 5913 .audacite
1357 5854 1677 5929 quibusdam
1712 5870 1924 5917 senten-

975 5988 988 5995 ι
1019 5987 1050 5995 ..ο
1061 5984 1152 5998 ..ο-4.
1159 5991 1180 6000 ..

2037 4669 2214 4737 plius,
2285 4686 2351 4724 ne
2407 4671 2498 4724 isti
2550 4671 2773 4739 quidem
2832 4673 3164 4742 professioni
3222 4677 3620 4746 subscripsisse

2036 4759 2336 4825 Liberium,
2367 4763 2459 4817 sed
2487 4764 2644 4816 alteri
2675 4765 2914 4831 cuidam,
2940 4782 3046 4835 qua
3091 4767 3142 4820 id
3183 4784 3348 4821 unum
3395 4785 3619 4823 cavere-

2035 4865 2143 4915 tur,
2174 4868 2240 4907 ne
2264 4855 2386 4922 quis
2412 4856 2900 4912 consubstantialis
2946 4859 3214 4914 vocabulo
3250 4861 3303 4913 in
3337 4869 3616 4930 posterum

2035 4954 2299 4998 uteretur.
2323 4944 2486 5012 Quod
2515 4963 2640 5002 cum
2667 4949 2733 5002 de
2758 4950 3024 5005 catholica
3056 4952 3344 5007 severitate
3366 4953 3616 5006 Liberius

2035 5035 2364 5101 remisisset,
2405 5047 2462 5092 et
2497 5039 2781 5094 Athanasii
2831 5041 3057 5111 insuper
3089 5044 3426 5098 damnationi
3470 5059 3616 5099 con-

2035 5131 2320 5195 sensisset,
2356 5132 2508 5186 visus
2543 5144 2624 5188 est
2672 5135 2725 5187 in
2785 5135 3017 5190 haeresin
3069 5138 3396 5206 prolapsus;
3444 5152 3620 5206 eaque

2034 5227 2376 5294 postmodum
2429 5227 2615 5295 Opinio
2666 5229 2998 5283 Arianorum
3053 5229 3342 5287 fraudibus
3395 5240 3449 5285 et
3522 5247 3619 5285 ca-

2034 5313 2256 5367 lumniis
2287 5315 2616 5382 percrebuit,
2661 5333 2787 5371 cum
2834 5319 3195 5375 Sirmiensem
3244 5323 3367 5375 fidei
3411 5321 3616 5377 formu-

2033 5404 2138 5458 lam
2180 5405 2369 5459 eodem
2416 5415 2663 5478 tempore
2699 5411 3074 5478 publicantes,
3123 5428 3244 5466 eam
3297 5413 3492 5484 ipsam,
3524 5415 3616 5470 cui

2032 5514 2294 5553 assensus
2339 5511 2454 5553 erat
2487 5500 2761 5568 Liberius,
2819 5505 2966 5560 illam
3013 5521 3135 5563 esse
3190 5507 3402 5562 mentiti
3462 5514 3613 5561 sunt.

2031 5591 2199 5657 Cujus
2230 5592 2303 5644 rei
2328 5592 2698 5661 conjecturam
2731 5611 2796 5650 ex
2837 5599 3146 5654 Sozomeno
3190 5601 3318 5655 licet
3364 5615 3558 5668 capere
3596 5619 3609 5654 :

2031 5684 2124 5753 qui
2157 5685 2249 5738 lib.
2283 5701 2354 5748 iv,
2397 5703 2519 5756 cap.
2564 5688 2648 5746 M.
2673 5691 2883 5755 Scribit,
2921 5709 3043 5746 cum
3075 5709 3106 5748 a
3142 5693 3359 5748 Libet-io
3412 5693 3614 5748 Valens

2030 5786 2083 5830 et
2113 5775 2378 5832 Ursacius
2403 5783 2821 5837 consensionem
2851 5781 3610 5854 expressissent,vicissimab

2029 5881 2094 5923 eo
2122 5867 2518 5937 professionem
2553 5873 2828 5943 accepisse
2857 5875 3107 5945 alteram,
3129 5894 3233 5950 qua
3265 5879 3340 5934 illi
3375 5884 3607 5934 damna-
