4054 6404
518 435 651 492 1089

1317 428 1402 482 DE
1443 427 1786 484 SIRMIENSI
1820 428 1907 486 ET
1947 428 2318 487 ANCYRANA
2357 429 2916 488 PSEUDOSYNODO.

3616 438 3752 494 1070

517 564 706 609 rentur
736 564 948 611 omnes,
981 547 1073 617 qui
1101 562 1208 600 non
1261 547 1562 602 substantia
1586 549 1903 618 caeterisque
1935 549 2086 604 simi-
2115 557 2160 610 Α
2189 563 2252 603 ac
2278 545 2538 617 Nigriano
2573 563 2902 616 coss.,anno
2936 545 3135 601 Christi
3171 547 3294 610 35f,
3329 547 3470 618 quod
3501 549 3617 604 sine
3653 553 3753 607 du-

516 646 620 698 )em
671 641 850 696 Patris
902 654 1023 693 esse
1077 637 1276 692 Filium
1329 652 1650 694 assererem.
1706 638 1845 694 Tum
1894 641 2081 695 addit:

518 731 824 786 Eudoxium
899 743 964 782 ac
999 728 1240 797 reliquos
1274 727 1602 793 Anomceos,
1644 730 1736 800 qui
1785 731 2087 786 Antiochiae

516 826 895 889 versabantur,
921 839 1043 878 cum
1075 823 1188 878 Osii
1216 824 1522 894 epistolam,
1562 825 1667 878 hoc
1706 835 1790 880 est
1825 825 2089 879 Sirmien-

519 933 633 972 sem
668 917 959 971 formulam
991 917 1351 986 accepissent,
1389 917 1441 970 id
1473 917 1527 970 in
1556 917 1752 986 vulgus
1797 917 2085 986 sparsisse,

518 1011 798 1066 Liberium
843 1009 903 1064 τὸ
952 1009 1235 1080 ὁμοούσιον
1278 1008 1617 1077 repudiasse,
1662 1023 1728 1063 ac
1766 1007 2089 1064 dissimilem

518 1103 700 1158 Patris
727 1117 1072 1158 asseverasse
1099 1100 1320 1155 Filium.
1342 1099 1607 1166 Quocirca
1641 1100 1985 1170 perspicuum
2008 1108 2090 1155 est

520 1193 802 1248 Liberium
851 1192 1180 1263 professioni
1215 1191 1290 1245 illi
1329 1190 1634 1257 Sirmiensi,
1676 1207 1840 1262 quam
1879 1190 1994 1246 Osii
2037 1203 2090 1247 et

519 1283 751 1338 Potamii
807 1282 1203 1353 blasphemiam
1260 1282 1493 1352 appellat
1543 1280 1812 1349 Hilarius,
1866 1282 2091 1337 minime

521 1371 948 1441 subscripsisse,
1004 1374 1060 1426 in
1118 1386 1227 1441 qua
1279 1372 1602 1426 nominatim
1639 1371 1702 1424 τὺ
1747 1371 2086 1443 ὁμοιούσιον,

520 1464 983 1534 quemadmodum
1013 1472 1068 1518 et
1099 1463 1162 1516 τὸ
1190 1463 1496 1534 ὁμοούσιον,
1545 1463 1807 1534 rejectum
1840 1473 1952 1531 est;
1980 1465 2090 1518 imo

521 1570 650 1610 vero
672 1563 727 1608 et
745 1555 932 1618 οὐσίας
962 1569 1160 1609 nomen
1200 1554 1416 1625 ipsum;
1463 1567 1526 1609 ac
1557 1567 1816 1623 praeterea
1845 1569 2091 1624 pronun-

522 1649 713 1703 tiatum
768 1670 781 1704 :
833 1647 1047 1704 Patrem
1099 1650 1340 1712 honore,
1393 1649 1677 1721 dignitate,
1747 1649 1994 1704 claritate
2037 1662 2092 1704 et

521 1741 805 1810 majestate
834 1741 1098 1810 majorem
1123 1755 1244 1796 esse
1283 1741 1444 1807 Filio,
1469 1742 1563 1812 qui
1586 1740 1730 1795 Patri
1762 1756 1888 1795 cum
1913 1741 2092 1796 omni-

521 1831 625 1887 bus
647 1833 715 1887 ab
744 1848 810 1887 eo
831 1833 933 1887 sibi
959 1833 1218 1904 subjectis
1240 1834 1312 1888 sit
1339 1834 1453 1902 ipse
1477 1832 1776 1903 subjectus.
1807 1831 2091 1899 Quomodo

2190 641 2282 694 bio
2319 653 2384 692 ex
2412 639 2562 694 Actis
2583 639 2797 694 concilii
2831 638 3149 694 Sirmiensis
3177 649 3512 710 compertum
3543 643 3753 700 habue-

2192 735 2334 782 rant.
2369 725 2484 782 Hoc
2504 729 2648 781 enim
2680 743 2711 782 e
2735 728 3107 796 superioribus
3140 730 3483 795 abstulimus,
3523 749 3756 802 praeser-

2190 816 2288 868 tim
2323 831 2390 869 ex
2424 816 2651 871 historia
2689 816 2928 886 Sulpitii,
2977 820 3245 890 synodum
3288 822 3434 875 illam
3471 833 3594 879 ante
3624 826 3758 882 Are-

2193 907 2400 962 latense
2447 916 2502 962 et
2542 909 2849 965 Biterrense
2891 911 3184 966 concilium
3239 914 3494 970 indictam
3552 916 3754 984 fuisse;

2192 1000 2299 1054 hoc
2336 1010 2418 1054 est
2461 1013 2586 1054 ante
2628 1016 2832 1055 annum
2880 1003 3004 1056 553.
3056 1001 3224 1074 Igitur
3263 1006 3316 1058 in
3355 1021 3559 1062 annum
3604 1010 3756 1064 illum

2193 1091 2467 1152 convenit,
2500 1106 2660 1160 quem
2689 1092 2935 1148 historici
2967 1102 3176 1150 veteres
3201 1096 3547 1151 adnotarunt.
3573 1097 3676 1154 Sed
3702 1101 3758 1154 in

2191 1195 2258 1234 eo
2293 1181 2608 1237 hallucinati
2639 1192 2785 1249 sunt,
2826 1185 2969 1254 quod
3000 1201 3122 1240 cum
3168 1187 3358 1256 triplex
3399 1187 3585 1245 Sirmii
3616 1192 3760 1246 edita

2192 1282 2338 1327 esset
2366 1273 2489 1328 ﬁdei
2524 1273 2814 1343 professio,
2851 1291 2960 1331 uno
3001 1277 3301 1348 eodemque
3351 1290 3593 1350 tempore
3634 1295 3687 1337 et
3729 1300 3761 1337 a

2195 1366 2404 1436 synodo
2449 1366 2694 1421 decretas
2743 1383 2934 1424 omnes
2985 1370 3386 1426 existimarunt.
3414 1371 3485 1426 At
3521 1374 3572 1428 id
3601 1391 3763 1431 secus

2193 1469 2314 1508 sese
2348 1455 2544 1523 habet;
2584 1473 2708 1511 nam
2744 1459 2796 1512 in
2832 1460 3066 1514 concilio
3097 1461 3380 1516 Sirmiensi
3413 1465 3586 1533 prima
3619 1466 3761 1519 dun-

2193 1555 2345 1602 taxat
2411 1549 2500 1602 illa
2561 1550 2764 1605 dictata
2828 1561 2930 1612 est,
2993 1568 3098 1622 qua
3164 1553 3476 1610 Photiniani
3549 1572 3767 1613 errores

2193 1640 2543 1706 damnantur,
2561 1657 2836 1712 quamque
2857 1653 2916 1697 ut
2944 1645 3082 1714 piam
3105 1661 3169 1701 ac
3200 1648 3524 1702 catholicam
3556 1652 3762 1705 descri-

2193 1733 2302 1802 psit
2335 1745 2499 1803 atque
2536 1736 2823 1803 explicavit
2851 1734 3107 1792 Hilarius.
3137 1737 3458 1808 Quanquam
3487 1743 3540 1794 in
3573 1743 3761 1796 eadem

2196 1826 2407 1897 synodo
2436 1826 2700 1882 adversus
2734 1828 3090 1884 Athanasium
3139 1831 3340 1899 aliquid
3384 1843 3643 1903 praeterea
3666 1833 3763 1888 de-

521 1925 665 1977 enim
729 1925 845 1978 hac
902 1924 1192 1993 approbari
1240 1939 1269 1978 a
1324 1923 1540 1978 Liberio
1597 1933 1930 1994 potuerunt,
1992 1924 2093 1994 qui
2123 1904 2165 1958 Β
2199 1929 2410 1973 cretum
2446 1921 2515 1974 ab
2544 1920 2764 1975 Arianis
2809 1930 3038 1977 testatur
3078 1921 3368 1992 Sulpitius.
3398 1927 3602 1980 Auctor
3633 1941 3762 1980 vero

521 2017 798 2087 conceptis
841 2018 1021 2072 verbis
1078 2016 1225 2071 Patri
1284 2032 1380 2086 per
1441 2017 1660 2082 omnia,
1724 2018 1968 2086 adeoque
2019 2021 2086 2090 τῇ

521 2107 677 2179 οὐσίᾳ
715 2109 948 2164 similem
1002 2124 1126 2165 esse
1155 2108 1352 2164 Filium
1386 2110 1648 2164 edixerit?
1686 2109 1790 2166 Sed
1828 2112 2087 2166 nimirum

522 2199 823 2268 simplicem
857 2201 928 2254 ab
973 2215 1040 2256 eo
1087 2201 1425 2256 controversi
1460 2201 1708 2256 vocabuli
1742 2204 2088 2273 suppressio-

523 2307 644 2346 nem
664 2308 789 2348 cum
811 2293 1189 2358 extorsissent,
1210 2305 1402 2349 caetera
1433 2294 1498 2348 ad
1525 2294 1670 2349 illam
1692 2295 2086 2364 adjunxerunt;

523 2398 694 2453 eaque
735 2398 842 2450 res,
883 2386 954 2440 ob
986 2386 1228 2440 damnati
1261 2387 1560 2456 praesertim
1605 2386 1889 2443 Athanasii
1944 2389 2086 2442 invi-

523 2476 690 2540 diam,
742 2477 900 2531 ﬁdem
944 2478 1085 2547 apud
1132 2477 1365 2533 Arianos
1407 2479 1628 2548 perinde
1675 2495 1739 2534 ac
1789 2481 2090 2536 catholicos

522 2567 775 2621 obtinuit.

595 2651 693 2708 lic
725 2654 856 2707 mihi
892 2670 1002 2724 pra:
1031 2657 1241 2710 caeteris
1275 2654 1464 2710 Hilarii
1505 2659 1888 2715 auctoritatem
1928 2661 2089 2732 objici

524 2760 685 2811 posse
710 2745 886 2809 video,
921 2747 1013 2816 qui
1047 2747 1100 2800 in
1133 2747 1453 2817 fragmentis
1482 2765 1512 2804 a
1539 2748 1764 2804 Nicolao
1789 2750 1963 2806 Fabro
1985 2752 2092 2805 edi-

523 2841 596 2893 tis
630 2840 871 2908 epislolre
900 2838 1123 2902 Liberii,
1173 2855 1338 2910 quam
1392 2841 1459 2895 ad
1498 2839 1803 2898 Orientales
1848 2843 2087 2911 scripsit,

523 2946 740 2999 quaque
758 2947 814 2986 se
837 2947 866 2985 a
894 2931 1213 3001 Demophilo
1243 2932 1401 2986 fidem
1427 2934 1775 2997 catholicam,
1801 2951 1923 3005 quae
1946 2935 2089 3004 apud

525 3021 787 3077 Sirmium
807 3024 1021 3093 prodita
1047 3032 1150 3088 est,
1171 3025 1428 3080 didicisse
1456 3034 1662 3092 narrat,
1695 3028 1798 3081 ista
1825 3028 2045 3097 subjicit
2073 3048 2086 3082 :

526 3117 815 3185 Perﬁdiam
861 3126 1037 3169 autem
1076 3115 1218 3184 apud
1251 3101 1510 3170 Sirmium
1542 3117 1884 3187 descriptam,
1930 3135 2090 3188 quam

523 3211 651 3263 dicit
689 3207 926 3260 Liberius
976 3205 1288 3260 catholicam
1317 3224 1347 3259 a
1381 3206 1686 3274 Demophilo
1727 3207 1830 3260 sibi
1880 3209 2089 3276 exposi-

524 3311 652 3364 tam,
681 3299 733 3351 hi
758 3306 878 3352 sunt
906 3298 993 3366 qui
1020 3298 1438 3364 conscripserunt
1468 3312 1485 3347 :
1520 3294 1828 3356 Narcissus,
1854 3295 2092 3350 Theodo-

524 3409 635 3456 rus,
688 3389 950 3454 Basilius,
1004 3389 1301 3452 Eudoxius,
1367 3387 1724 3457 Demophilus,
1785 3387 2086 3458 Cecropius,

524 3483 803 3553 Sylvanus,
841 3480 1116 3544 Ursacius,
1164 3478 1376 3542 Valens,
1414 3478 1778 3544 Macedonius,
1821 3489 1927 3535 etc.
1985 3477 2092 3534 Sed

524 3575 789 3644 quidquid
837 3574 904 3628 de
954 3570 1276 3643 fragmentis
1322 3572 1428 3626 illis
1463 3571 1805 3627 sentiendum
1837 3572 1928 3634 sit,
1979 3573 2091 3625 haec

524 3665 773 3736 profecto
819 3664 1150 3733 subscriptio
1191 3664 1259 3717 ab
1289 3661 1478 3716 Hilarii
1511 3679 1673 3720 manu
1713 3678 1836 3718 esse
1867 3679 1973 3716 non
2006 3664 2091 3716 vi-

524 3756 702 3819 detur,
756 3753 849 3808 sed
894 3752 1129 3821 imperiti
1175 3751 1484 3820 cujusdam,
1533 3754 1625 3822 qui
1672 3753 1888 3808 Arianae
1933 3763 2093 3807 sectae

526 3847 758 3900 divortia
789 3860 895 3900 non
918 3846 1052 3901 satis
1073 3855 1444 3914 perspexerat.
1472 3843 1685 3899 Etenim
1714 3845 1946 3900 Basilius
1991 3845 2092 3899 iste

527 3952 591 3989 ac
617 3935 870 3990 Silvanus
890 3978 904 4000 ,
934 3951 1147 3990 necnon
1177 3945 1231 3990 et
1255 3935 1609 3990 Macedonius
1663 3936 1732 3990 ab
1788 3935 2092 4006 Epiphanio

526 4030 850 4098 casterisque
897 4028 1365 4083 Semiarianorum
1421 4027 1696 4097 principes
1751 4037 2088 4081 censentur:

526 4134 759 4187 quorum
801 4117 1064 4172 adversus
1105 4117 1458 4172 Sirmiensem
1505 4117 1651 4170 illam
1697 4115 2088 4186 professionem

525 4211 791 4264 acerrima
821 4209 1001 4262 studia
1027 4224 1091 4262 ac
1126 4209 1507 4263 contentiones
1530 4208 1874 4262 exstiterunt.
1905 4205 2092 4277 Neque

526 4315 655 4353 vero
692 4307 830 4361 tum,
867 4313 991 4354 cum
1019 4313 1084 4352 ea
1120 4307 1205 4354 est
1249 4297 1416 4362 edita,
1471 4297 1658 4352 Sirmii
1704 4312 1825 4352 esse
1857 4296 2090 4351 Basilius

526 4393 736 4461 potuit;
766 4391 876 4445 imo
911 4405 1012 4444 nec
1047 4388 1330 4444 Endoxius
1366 4390 1502 4457 ipse,
1531 4389 1624 4458 qui
1660 4388 1799 4442 hanc
1825 4389 1894 4441 ab
1925 4388 2093 4443 Ursa-

525 4485 612 4536 cio
655 4492 710 4537 et
742 4481 966 4537 Valente
1015 4483 1241 4536 missam
1275 4481 1600 4542 Antiochiae,
1657 4481 1749 4534 ubi
1805 4493 1916 4534 tum
1967 4496 2088 4534 cum

2197 2007 2514 2064 Sirmiensis
2552 2010 2700 2065 illius
2745 2010 3010 2070 formulae.
3029 2028 3136 2067 non
3173 2013 3388 2071 Marcus
3411 2013 3760 2078 Arethusius,

2195 2101 2288 2154 sed
2329 2102 2569 2171 synodus
2598 2103 2738 2170 ipsa,
2776 2114 2836 2157 ut
2867 2103 3103 2160 Hilarius
3132 2106 3339 2171 innuit;
3373 2123 3495 2162 nam
3525 2124 3552 2162 a
3578 2108 3761 2164 Marco

2194 2193 2373 2256 tertia,
2421 2201 2480 2247 ut
2538 2209 2640 2249 suo
2691 2195 2808 2250 loco
2849 2197 3080 2262 dicetur,
3121 2209 3204 2252 est
3251 2199 3578 2271 conscripta.
3630 2200 3763 2257 Post

2197 2284 2492 2340 Sirmiense
2539 2287 2853 2353 concilium,
2903 2289 3324 2360 convictumque
3366 2295 3434 2347 ab
3472 2295 3762 2368 Ancyrano

2193 2375 2418 2440 Basilio,
2449 2386 2505 2432 et
2535 2378 2604 2432 ab
2632 2380 2886 2434 omnibus
2916 2379 3230 2436 damnatum
3273 2382 3586 2452 Photinum,
3633 2404 3758 2442 cum

2189 2468 2301 2537 jam
2335 2468 2678 2539 Magnentius
2707 2486 2737 2524 a
2768 2471 3072 2525 Constantii
3103 2472 3291 2542 legatis
3323 2475 3570 2532 devictus
3591 2490 3759 2546 esset,

2193 2561 2486 2629 imperator
2515 2577 2660 2616 anno
2679 2562 2785 2617 555
2809 2563 2861 2616 in
2887 2561 3092 2618 Gallias
3119 2563 3393 2633 profectus
3418 2576 3521 2622 est.
3544 2569 3760 2626 Actum

2192 2650 2509 2706 Arelatense
2537 2652 2956 2707 conciliabulum
2987 2653 3316 2718 celebratur,
3350 2655 3405 2710 in
3445 2673 3555 2728 quo
3590 2659 3759 2728 pleri-

2193 2755 2299 2808 que
2354 2743 2607 2798 catholici
2662 2745 2926 2814 praasules
2975 2747 3230 2802 exsulare
3275 2747 3436 2817 jussi,
3479 2762 3764 2820 grassante

2196 2833 2474 2888 Saturnini
2506 2835 2750 2903 perﬁdia.

2265 2926 2393 2979 Inde
2419 2941 2563 2980 anno
2595 2926 2698 2981 555
2735 2928 3026 2985 Arbetione
3057 2940 3108 2986 et
3159 2931 3405 2989 Lolliano
3439 2951 3603 2997 coss..
3634 2952 3761 2995 cum

2188 3015 2300 3085 jam
2331 3015 2686 3072 Constantius
2715 3017 3081 3077 Mediolanum
3124 3027 3479 3092 pervenisset,
3519 3030 3762 3099 synodus

2193 3107 2393 3162 ibidem
2428 3117 2511 3164 est
2543 3109 2750 3175 habita,
2782 3119 3088 3184 caeteraque
3114 3127 3286 3184 gesta,
3319 3133 3439 3186 qua!
3465 3134 3494 3172 a
3527 3119 3765 3178 Baronio

2194 3198 2480 3268 diligenter
2513 3201 2876 3269 explicantur.
2921 3203 2978 3256 In
3029 3205 3256 3276 reliquis
3289 3221 3483 3265 nutant
3509 3214 3760 3266 Annales.

2264 3292 2421 3344 Auno
2448 3290 2550 3344 357
2583 3291 2791 3356 Sirmii,
2830 3310 2940 3364 quo
2975 3298 3272 3365 imperator
3305 3317 3449 3355 anno
3481 3306 3764 3372 superiore

2195 3397 2312 3435 sese
2342 3384 2665 3447 contulerat,
2699 3402 2838 3440 nova
2864 3387 2987 3442 ﬁdei
3015 3391 3284 3459 expositio
3305 3395 3492 3460 paucis
3513 3397 3582 3450 ab
3604 3396 3762 3452 Aria-

2194 3475 2281 3529 nis
2317 3475 2609 3546 episcopis,
2659 3480 2960 3545 presertim
3005 3479 3463 3549 Occidentalibus,
3508 3489 3763 3557 produci—

2193 3575 2301 3628 tur,
2335 3582 2567 3635 quorum
2606 3569 2879 3638 principes
2925 3581 3079 3626 erant
3135 3572 3393 3630 Ursacius
3443 3585 3499 3631 et
3539 3577 3759 3634 Valens.

2193 3654 2291 3710 Cui
2324 3672 2447 3710 mox
2481 3659 2682 3712 invitus
2717 3675 2779 3714 ac
2817 3662 3058 3718 renitens
3092 3664 3219 3719 licet
3255 3666 3547 3723 subscribit
3575 3667 3758 3734 Osius,

2193 3761 2300 3799 non
2331 3757 2508 3803 tamen
2539 3750 2897 3806 Athanasium
2919 3765 2976 3808 ut
3003 3756 3287 3812 damnaret
3322 3759 3518 3815 adduci
3544 3763 3756 3830 potuit:

2193 3837 2334 3904 quod
2371 3841 2422 3890 in
2458 3837 2631 3908 Epist.
2667 3841 2735 3892 ad
2761 3841 2907 3896 salit.
2939 3843 3270 3900 Athanasius
3305 3845 3420 3915 ipse
3446 3847 3756 3903 conﬁrmat.

2193 3923 2434 3994 Contigit
2461 3926 2578 3979 haec
2601 3925 2712 3981 Osii
2755 3930 3039 3985 calamitas
3073 3932 3268 3987 affecto
3291 3934 3404 4004 jam
3432 3951 3578 3992 anno
3603 3938 3706 3992 557
3743 3959 3756 3993 :

2194 4013 2396 4082 quippe
2430 4024 2553 4082 post
2577 4031 2782 4070 annum
2819 4019 3110 4090 integrum,
3140 4038 3301 4092 quam
3341 4023 3526 4081 Sirmii
3563 4043 3592 4081 a
3619 4028 3763 4084 Con-

2195 4107 2400 4159 stantio
2434 4107 2684 4162 detentus
2714 4119 2851 4176 erat,
2890 4113 3107 4167 Arianae
3136 4113 3461 4184 professioni
3503 4121 3760 4176 assentiri

2194 4205 2417 4252 coactus
2438 4204 2539 4252 est.
2559 4200 2628 4252 At
2651 4199 3002 4256 Constantius
3017 4200 3198 4269 Junio,
3227 4206 3309 4260 vel
3333 4204 3478 4263 Julio
3494 4209 3761 4266 duntaxat

2195 4305 2382 4344 mense
2417 4293 2544 4345 anni
2585 4293 2881 4360 superioris
2909 4292 3091 4348 Sirmii
3126 4311 3247 4351 esse
3277 4299 3472 4367 potuit,
3509 4310 3568 4355 ut
3592 4316 3759 4372 supra

2195 4381 2480 4448 probatum
2511 4390 2612 4436 est.
2651 4382 2829 4448 Quare
2873 4385 3015 4438 circa
3058 4385 3198 4440 idem
3248 4396 3462 4458 tempus
3495 4406 3640 4445 anno
3670 4407 3761 4447 se-

2193 4485 2394 4543 quente
2432 4482 2643 4528 extorta
2686 4475 2898 4529 videtur
2935 4477 3004 4530 ab
3031 4476 3161 4533 Osio
3192 4481 3478 4549 perﬁdiosa
3508 4481 3598 4537 illa
3628 4499 3763 4539 con-

527 4575 642 4629 suis
674 4576 1018 4636 versabatur,
1052 4574 1278 4643 accepit,
1313 4581 1369 4628 et
1415 4589 1446 4627 a
1485 4573 1618 4626 solis
1653 4571 2092 4628 Occidentalibus
2127 4589 2168 4642 ο
2195 4566 2381 4621 fessio.
2414 4565 2511 4621 Est
2533 4575 2712 4620 autem
2745 4583 2808 4622 ea
2838 4567 3052 4632 ἔκθεσις
3080 4570 3372 4639 Sirmiana,
3392 4589 3554 4644 quam
3573 4591 3762 4632 secun-

526 4666 890 4735 conscriptam
917 4681 1039 4720 esse
1065 4666 1209 4719 datis
1240 4665 1306 4719 ad
1331 4664 1454 4719 illos
1487 4665 1685 4718 litteris
1720 4673 1952 4719 testatus
1981 4673 2084 4718 est.

523 4758 660 4823 Quae
685 4759 869 4813 omnia
903 4773 1066 4827 supra
1100 4758 1319 4827 copiose
1356 4757 1626 4810 declarata
1658 4766 1806 4810 sunt.
1836 4756 1906 4810 De
1933 4758 2092 4810 tertia

527 4849 652 4903 ﬁdei
693 4849 1037 4917 expositione
1089 4849 1213 4915 quid
1248 4849 1594 4902 statuendum
1630 4848 1720 4910 sit,
1755 4846 1999 4901 dicemus
2026 4846 2094 4899 ad

527 4957 815 4995 numerum
853 4940 945 4995 22.

529 5054 680 5110 Nova
727 5054 969 5125 quwdam
1009 5068 1073 5107 ea:
1121 5062 1346 5109 ueterum
1381 5051 1606 5107 Patrum
1656 5052 1963 5105 testimoniis
2021 5053 2096 5105 rei

974 5133 1130 5194 gestae
1160 5125 1319 5177 series
1344 5126 1642 5192 exponitur.

598 5215 825 5287 Pergam
855 5213 924 5269 de
957 5215 1202 5270 historiis
1267 5224 1321 5270 et
1372 5214 1660 5268 annalibus
1705 5212 2092 5268 ecclesiasticis

529 5307 667 5361 bene
706 5305 922 5371 mereri,
968 5321 1033 5359 ac
1064 5306 1518 5374 quemadmodum
1549 5304 1708 5375 dirigi
1748 5304 1991 5362 veritatis
2024 5305 2092 5358 ad

531 5397 790 5451 amussim
828 5397 1079 5458 debeant,
1119 5410 1419 5465 proponam
1450 5396 1554 5448 hoc
1583 5396 1703 5448 loco
1741 5395 1995 5460 breviter,
2035 5403 2096 5449 ut

533 5489 636 5541 hac
654 5485 955 5542 offensione
976 5485 1210 5547 sublata,
1239 5493 1442 5540 rectam
1475 5485 1726 5553 deinceps
1743 5485 1883 5538 viam
1904 5499 2094 5539 omnes

530 5579 803 5633 insistant.
822 5576 1040 5632 Initium
1065 5593 1094 5632 a
1120 5577 1351 5632 concilio
1375 5576 1662 5630 Sirmiensi
1694 5578 1925 5646 capiam,
1948 5576 2095 5644 quod

529 5677 718 5725 contra
745 5669 1127 5725 Pbotinianum
1167 5669 1364 5738 dogma
1393 5666 1676 5722 collectum
1715 5685 1743 5722 a
1775 5667 2096 5722 Constantio

528 5771 634 5818 est.
667 5761 740 5819 De
765 5778 875 5833 (lno
907 5763 1247 5818 verissimum
1279 5773 1397 5813 esse
1432 5767 1632 5824 statuo,
1666 5760 1812 5828 quod
1841 5758 2096 5814 Socrates

530 5872 591 5911 ac
620 5855 954 5911 Sozomenns
988 5854 1323 5925 scripserunt
1358 5869 1371 5904 :
1399 5851 1728 5906 celebratum
1761 5865 1881 5907 esse
1907 5848 2097 5920 Sergio

2199 4660 2321 4713 dam
2350 4673 2540 4712 omnes
2569 4669 2877 4723 numerant,
2912 4677 3142 4731 quaeque
3174 4665 3244 4719 ab
3278 4663 3482 4720 Hilario
3507 4667 3761 4738 blasphe-

2197 4753 2305 4804 mia
2350 4752 2459 4805 Osii
2496 4767 2560 4806 ac
2589 4751 2818 4807 Potamii
2861 4755 3192 4810 nominatur.
3238 4755 3412 4827 Hujus
3449 4773 3572 4813 cum
3602 4760 3761 4816 Aria-

2196 4859 2297 4896 nos
2339 4853 2524 4912 postea
2574 4845 2951 4913 ptenituisset,
2999 4862 3218 4917 operam
3272 4849 3536 4905 dederunt
3582 4861 3641 4906 ut
3694 4867 3762 4909 ea

2196 4935 2398 5003 ubique
2420 4937 2862 5005 supprimeretur,
2882 4938 3200 5008 interposita
3222 4941 3385 4995 etiam
3417 4941 3764 5012 imperatoris

2196 5033 2480 5094 potestate,
2499 5025 2590 5096 qui
2615 5028 2938 5096 supplicium
2970 5029 3057 5093 iis,
3073 5031 3166 5100 qui
3194 5031 3338 5084 illam
3359 5047 3524 5101 penes
3555 5048 3615 5089 se
3630 5035 3764 5089 reti-

2197 5126 2408 5181 nerent,
2466 5117 2846 5173 interminatus
2894 5128 3021 5174 est:
3055 5132 3244 5176 auctor
3290 5121 3544 5179 Socrates
3569 5125 3664 5179 lib.
3697 5141 3764 5188 ιι,

2197 5223 2315 5278 cap.
2336 5209 2425 5263 25.
2459 5208 2561 5262 Per
2593 5209 2732 5265 idem
2759 5221 2972 5281 tempus
3005 5211 3255 5269 Liberius
3280 5215 3542 5284 pontifex,
3575 5216 3668 5286 qui
3706 5217 3769 5272 in

2199 5299 2584 5354 Mediolanensi
2618 5300 2850 5355 concilio
2875 5309 3000 5356 ante
3039 5302 3340 5368 biennium,
3371 5309 3473 5359 hoc
3503 5313 3587 5361 est
3616 5321 3772 5361 anno

2198 5390 2322 5453 ⁵555,
2370 5389 2616 5446 Beroeam
2665 5391 3056 5460 gloriosissime
3093 5395 3362 5465 relegatus
3385 5395 3582 5460 fuerat,
3613 5397 3770 5452 Con-

2198 5481 2385 5535 stantii
2422 5481 2766 5549 imperatoris
2795 5490 2850 5537 et
2881 5483 3208 5537 Arianorum
3245 5483 3526 5539 fraudibus
3555 5499 3620 5539 ac
3654 5494 3768 5540 tero

2198 5575 2415 5628 roribus
2443 5571 2728 5639 infractus,
2747 5574 2908 5628 simul
2935 5575 3315 5644 recuperanda:
3337 5575 3482 5631 sedis
3505 5586 3558 5631 et
3577 5575 3772 5646 patrias.

2198 5666 2488 5731 desiderio,
2521 5664 2781 5720 Sirmium
2812 5676 3066 5723 evocatus
3103 5669 3385 5723 Athanasii
3427 5667 3770 5728 damnationi

2198 5757 2553 5824 subscripsit,
2600 5772 2814 5826 unaque
2847 5757 2971 5813 ﬁdei
3017 5759 3414 5830 professionem
3458 5761 3626 5822 dedit,
3654 5773 3770 5829 qua

2199 5847 2291 5901 τοῦ
2318 5847 2600 5918 ὁμοουσίου
2636 5850 2957 5906 vocabulum
2986 5852 3290 5909 concordiae
3313 5853 3484 5924 gratia
3516 5853 3767 5908 reticere-
