4054 6404
271 415 419 472 Ὶθῖι

1480 413 1824 469 APPENDIX
1865 409 2490 469 DISSERTATIONUM.

3404 413 3541 468 W72

294 550 402 602 tur,
455 535 584 589 licet
623 532 821 589 Filium
866 533 1013 588 Patri
1049 533 1376 600 substantia,
1418 535 1783 606 omnibusque
1816 535 1869 588 in
1901 541 1942 594 Α
1974 549 2003 584 e
2040 532 2264 586 Socrate
2291 548 2454 601 supra
2487 532 2794 596 retulimus,
2822 531 3247 600 utimperatoris
3281 533 3540 586 mandato

291 629 455 684 rebus
489 627 722 683 similem
755 643 876 682 csse
915 626 1247 682 defenderet.
1297 627 1470 692 Quam
1517 630 1861 684 occasionem

296 718 488 774 Valens
526 728 580 774 et
623 716 882 773 Ursacius
912 719 1078 786 nacti,
1121 721 1412 773 secundam
1454 720 1600 774 illam
1627 721 1864 790 perfidiae

292 813 504 882 plenam
533 811 650 866 fidei
676 809 1093 881 professionem,
1119 820 1378 880 tanquam
1405 828 1434 865 a
1470 811 1714 866 Romano
1735 828 1864 882 pon-

290 904 436 958 tillce
490 902 922 971 comprobatam,
979 903 1179 970 ubique
1224 902 1673 965 disseminarunt,
1719 903 1863 958 etin

289 992 480 1063 primis
507 991 571 1046 ad
601 991 904 1046 Eudoxium
934 993 1162 1063 ejusque
1188 992 1403 1046 sodales
1433 993 1729 1049 Anomceos
1751 995 1863 1047 An-

290 1085 546 1138 tiochiam
607 1085 895 1139 miserunt.
957 1083 1074 1150 Qua
1123 1099 1183 1138 re
1231 1083 1552 1139 audaciores
1608 1085 1682 1139 illi
1734 1087 1862 1140 facti

289 1174 576 1227 Aelianum
627 1173 844 1244 dogma,
901 1174 1046 1244 quod
1098 1175 1286 1230 timide
1325 1175 1587 1232 hactesz
1626 1177 1866 1232 difﬁden-

292 1275 481 1335 terque
506 1264 894 1335 praedicabant,
929 1267 1107 1336 palam
1141 1267 1422 1336 divulgare
1448 1279 1728 1338 coeperunt
1755 1287 1766 1322 :
1796 1285 1860 1323 cx

288 1370 400 1424 quo
447 1369 645 1424 magna
686 1369 782 1423 per
815 1353 1092 1410 Orientem
1152 1371 1216 1410 ac
1265 1353 1476 1426 Syriam
1527 1358 1862 1425 perturbatio

289 1456 602 1500 consecuta.
646 1445 815 1512 Cujus
863 1448 1036 1515 gratia
1081 1447 1348 1519 Georgius
1383 1449 1723 1504 Laodicenus
1749 1450 1863 1518 cpi-

289 1538 483 1592 stolam
511 1537 730 1606 scripsit
759 1537 828 1590 ad
851 1538 1118 1592 Basiliam
1145 1540 1506 1610 Ancyranum,
1539 1543 1631 1610 qui
1665 1543 1729 1595 ad
1773 1557 1863 1595 ec-

289 1630 488 1695 clesiaz,
539 1645 702 1698 quam
747 1645 920 1700 nuper
952 1646 981 1684 a
1026 1629 1394 1686 fundamentis
1433 1634 1714 1696 excitarat,
1754 1634 1861 1687 En-

287 1722 458 1776 caenia
488 1721 749 1775 tlnitimos
783 1723 1070 1790 episcopos
1102 1722 1414 1776 conciverat
1448 1723 1771 1787 admonens,
1805 1733 1862 1778 ut

289 1829 414 1867 cum
450 1812 670 1882 collegis
703 1812 819 1867 suis
848 1822 1188 1881 grassantem
1234 1812 1627 1869 Anomoeorum
1665 1815 1862 1883 impie-

1971 623 2171 678 Osiana
2213 625 2301 677 illa
2325 663 2337 685 ,
2373 625 2487 677 sive
2540 621 2779 676 secunda
2811 621 3130 676 Sirmiensis
3185 621 3541 688 abrogaretur

1936 702 2250 776 'formula,
2310 727 2434 766 cum
2498 710 2732 764 Basilius
2789 709 3255 763 Semiarianorum
3313 709 3539 780 signifer

1971 805 2264 874 plurimum
2311 803 2451 872 apud
2481 803 2860 870 imperatorem
2897 800 3070 868 gratia
3113 809 3167 854 et
3217 802 3543 856 auctoritate

1970 905 2176 968 posset.
2214 897 2390 964 Atque
2420 895 2485 949 ad
2513 893 2818 949 Orientales
2852 894 2974 949 illos
3003 893 3287 955 tumultus,
3318 909 3544 947 novam-

1971 1003 2076 1058 que
2111 987 2358 1042 haeresim
2409 985 2912 1046 exterminandam,
2964 983 3321 1038 Constantius
3378 1000 3544 1054 syno-

1969 1080 2098 1134 dum
2128 1088 2348 1132 auctore
2370 1075 2575 1131 Basilio
2597 1075 2970 1132 Nicomediam
3010 1076 3225 1129 indixit.
3253 1075 3386 1140 Qua!
3414 1091 3539 1130 cum

1970 1180 2128 1225 terrae
2163 1181 2312 1225 motu
2359 1170 2727 1234 concidisset,
2765 1185 2829 1224 ac
2861 1169 3094 1225 subinde
3133 1168 3401 1230 Niczeam,
3430 1184 3541 1236 quo

1970 1263 2259 1332 episcopos
2315 1261 2606 1316 convocari
2663 1263 2980 1328 placuerat,
3017 1261 3204 1316 eadem
3257 1263 3542 1316 calamitas

1970 1354 2252 1436 amisisset
2276 1373 2288 1408 :
2325 1353 2539 1406 tandem
2558 1352 2794 1408 Basilius
2825 1355 3168 1422 imperatoris
3197 1354 3391 1408 litteris
3415 1370 3542 1408 cum

1968 1445 2242 1515 episcopis
2297 1444 2418 1498 aliis
2465 1444 2534 1497 de
2573 1443 2767 1498 idoneo
2810 1444 2930 1498 loco
2978 1445 3280 1499 deliberare
3330 1443 3540 1510 jussus.

1970 1553 2092 1591 cum
2126 1537 2266 1591 inter
2322 1536 2446 1590 illos
2500 1537 2724 1589 minime
2777 1536 3132 1598 conveniret,
3167 1535 3429 1590 Sirmium
3473 1537 3540 1590 ad

1970 1629 2352 1699 imperatorem
2393 1628 2629 1682 advolat.
2680 1628 2752 1682 lbi
2797 1629 3032 1684 Arianos
3063 1628 3349 1697 episcopos
3392 1645 3543 1698 repe-

1973 1722 2065 1784 rit,
2098 1721 2341 1775 Marcum
2369 1721 2747 1785 Aretbusium,
2776 1720 3066 1790 Georgium
3092 1721 3538 1785 Alexandrinum,

1973 1812 2250 1867 Valentem
2315 1820 2370 1865 et
2421 1822 2668 1866 cancros.
2708 1812 2953 1876 Quorum
3025 1813 3270 1866 omnium
3307 1813 3542 1867 consilio

282 1912 454 1960 tatem
509 1903 770 1975 synodico
811 1905 1028 1958 decreto
1068 1905 1362 1974 jugularet.
1401 1905 1476 1958 Ex
1515 1907 1582 1960 iis
1610 1906 1717 1959 labi
1749 1906 1868 1962 illos
1900 1916 1940 1970 Β
1971 1906 2322 1960 Constantius
2357 1903 2661 1959 Seleuciam
2699 1905 2750 1957 in
2783 1905 2990 1959 lsauria
3042 1905 3108 1959 ad
3149 1907 3415 1976 synodum
3449 1907 3544 1959 de-

288 1995 546 2064 opinione
573 2001 808 2058 constat,
839 1993 932 2063 qui
975 2009 1040 2048 ex
1086 1993 1427 2048 Theodoreto
1461 1994 1742 2064 colligunt,
1774 1992 1864 2047 Li-

290 2087 499 2142 berium
534 2086 602 2140 ab
623 2087 814 2140 exsilio
845 2095 1158 2140 revocatum
1189 2101 1331 2149 esse,
1360 2085 1548 2139 eodem
1579 2085 1670 2139 illo
1699 2100 1863 2151 anno,

283 2192 399 2247 quo
437 2177 795 2232 Constantius
847 2175 1034 2230 Romae
1081 2176 1285 2246 degens
1325 2191 1354 2230 a
1391 2179 1658 2232 matronis
1707 2177 1870 2232 inter-

281 2268 522 2338 pellatus
550 2277 666 2322 est:
690 2267 960 2338 siquidem
989 2268 1208 2322 nonnisi
1233 2277 1356 2336 post
1373 2267 1676 2331 biennium,
1701 2283 1863 2337 quam

289 2363 497 2430 cjectus
525 2359 724 2424 fuerat,
755 2360 1044 2415 restitutus
1079 2368 1162 2415 est
1193 2358 1463 2413 Liberius.
1500 2357 1569 2412 At
1594 2373 1738 2412 anno
1761 2359 1866 2414 553

284 2451 600 2518 Mediolani,
639 2451 716 2506 uti
742 2449 950 2506 dictum
988 2461 1094 2520 est,
1128 2452 1424 2520 imperator
1451 2449 1772 2504 sententiam
1811 2453 1863 2504 in

290 2544 443 2599 illum
473 2546 632 2608 dixit,
668 2554 723 2600 et
772 2555 890 2616 post
926 2542 1042 2598 Osii
1087 2545 1298 2614 lapsum
1353 2543 1614 2599 Sirmium
1661 2546 1866 2601 accitus

288 2644 392 2691 est.
443 2635 624 2702 Quare
670 2638 744 2691 ita
781 2637 1159 2691 Theodoretus
1199 2637 1638 2705 interpretandus
1670 2650 1771 2701 est,
1808 2646 1868 2692 ut

289 2738 404 2783 tum
437 2729 654 2799 quidem
683 2727 1041 2783 Constantius
1067 2729 1333 2781 matronis
1363 2743 1510 2796 spem
1545 2728 1684 2782 illius
1714 2729 1868 2783 resti-

288 2820 477 2876 tuendi
524 2818 759 2885 fecerit,
799 2819 892 2873 sed
941 2817 992 2872 id
1036 2818 1208 2873 altero
1252 2817 1446 2872 deinde
1483 2832 1628 2872 anno
1659 2819 1868 2887 praesti-

283 2912 436 2967 terit.
810 2911 813 2918 “

363 3005 522 3059 Anno
570 3001 676 3058 358
708 3001 942 3058 Basilius
997 3002 1321 3070 Ancyranus
1375 3001 1610 3069 acceptis
1648 2999 1864 3069 Georgii

291 3094 486 3150 litteris
509 3133 526 3156 ,
562 3094 909 3166 cognitisque
953 3109 1075 3162 qua:
1133 3091 1318 3147 Sirmii
1353 3109 1382 3148 a
1417 3093 1640 3147 Valente
1677 3103 1730 3148 et
1760 3090 1866 3147 Ur-

290 3187 445 3242 sacio
482 3193 632 3256 gesta
679 3184 930 3249 fuerant,
970 3199 1094 3238 cum
1126 3185 1191 3238 ad
1233 3184 1479 3239 ecclesiae
1505 3223 1520 3247 ,
1553 3184 1628 3238 uti
1661 3185 1864 3238 dictum

291 3283 396 3340 est,
425 3273 896 3330 consecrationem
932 3281 1261 3327 conventum
1305 3271 1530 3325 haberet
1581 3271 1866 3340 episcopo-
1892 3249 1934 3307 ο

295 3383 412 3422 rum
440 3406 453 3428 ,
493 3371 838 3435 Ancyranam
882 3362 1149 3434 synodum
1200 3361 1476 3424 celebrat,
1525 3361 1579 3414 in
1619 3374 1725 3430 qua
1753 3358 1868 3412 Sir-

295 3453 734 3512 miensisOsiiac
759 3452 1000 3510 Valentis
1053 3461 1107 3506 et
1154 3457 1476 3506 caaterorum
1506 3456 1865 3504 condemnata

296 3549 419 3602 fidei
457 3546 691 3601 formula
716 3553 839 3607 est;
888 3553 1261 3611 statutumque
1284 3582 1300 3608 ,
1330 3539 1474 3596 Patri
1509 3541 1706 3594 Filium
1740 3540 1870 3595 sub-

291 3641 495 3696 stantia
518 3654 638 3694 esse
667 3638 920 3692 similem.
950 3634 1067 3701 Qua
1097 3650 1163 3689 ex
1196 3634 1408 3704 synodo
1432 3635 1621 3687 litteras
1652 3634 1870 3702 scriptae

290 3741 425 3788 sunt
452 3733 520 3786 ad
553 3729 842 3786 Pbmnices
910 3739 964 3782 et
1017 3726 1217 3798 Syros,
1252 3727 1341 3780 ubi
1397 3725 1626 3780 Eudoxii
1674 3726 1869 3779 Antio-

295 3823 455 3878 cheni
496 3822 678 3877 studio
707 3819 1096 3874 Anommorum
1128 3818 1350 3887 perﬁdia
1399 3816 1696 3888 ﬂagrabat:
1733 3832 1872 3886 quas

297 3913 636 3984 Epiphanius
669 3911 883 3966 recitat.
923 3908 1125 3964 Deinde
1173 3909 1332 3979 legati
1368 3910 1433 3963 ad
1486 3909 1869 3978 imperatorem

296 4005 562 4060 Sirmium
597 4003 776 4070 missi,
812 4001 1052 4056 Basilius
1079 4001 1215 4070 ipse,
1259 3999 1577 4055 Eustathius
1617 4000 1869 4055 Sehaste-

289 4114 440 4162 .nus,
475 4097 735 4152 Leontius
761 4095 1096 4165 Cyzicenus,
1145 4094 1237 4164 qui
1276 4093 1717 4149 Eudoxianorum
1760 4093 1872 4148 illic

299 4189 622 4245 disturbatis
672 4189 916 4244 consiliis
941 4225 955 4251 ,
998 4187 1378 4256 imperatorem
1407 4185 1780 4256 perpulerunt,
1812 4194 1874 4240 ut

283 4284 566 4338 adversus
592 4280 899 4335 Eudoxium
963 4288 1018 4334 et
1052 4279 1349 4333 Anumoeos
1389 4279 1454 4333 ad
1505 4277 1874 4333 Antiocheuos

281 4376 587 4433 vscriberet.
612 4374 752 4430 Tum
784 4382 989 4438 autem,
1016 4371 1122 4428 nisi
1147 4371 1324 4436 fallor,
1353 4371 1549 4426 accidit
1571 4371 1700 4425 illud
1729 4369 1872 4440 quod

1969 1999 2118 2070 legit.
2173 1997 2372 2052 Verum
2419 1997 2687 2061 Eudoxii,
2722 1998 2942 2060 Acacii,
2997 1996 3278 2062 Valentis,
3331 1997 3544 2053 Ursacii

1971 2091 2362 2146 Anommorum
2389 2105 2552 2159 epera
2592 2089 2793 2143 factum
2820 2100 2904 2144 est
2929 2127 2945 2154 ,
2980 2100 3068 2156 ut,
3103 2091 3294 2145 divisis
3331 2092 3544 2160 episco-

1970 2182 2077 2252 pis,
2119 2181 2498 2237 Occidentales
2529 2181 2747 2250 quidem
2785 2181 3050 2245 Arimini,
3081 2180 3384 2236 Orientales
3415 2197 3543 2236 vero

1969 2274 2230 2328 Seleucia
2263 2280 2750 2343 congregarentur.
2798 2269 2856 2324 In
2894 2273 2996 2326 hoe
3027 2273 3355 2326 Arianorum
3393 2273 3544 2342 prin-

1968 2367 2150 2435 cipum
2178 2380 2474 2435 congressu
2517 2363 2754 2430 accidit,
2809 2364 2957 2433 quod
2996 2363 3231 2420 llilarius
3274 2365 3415 2418 libro
3468 2363 3545 2418 De

1968 2459 2182 2528 synodis
2225 2466 2448 2522 narrat,
2486 2467 2546 2512 ut
2586 2455 2892 2511 Orientales
2942 2457 3226 2525 episcopi,
3283 2457 3378 2525 qui
3427 2455 3544 2509 Sir-

1969 2547 2162 2602 miensi
2197 2546 2548 2616 blasphemiae
2596 2549 2928 2611 restiterant,
2963 2556 3214 2600 auctores
3245 2545 3367 2614 ejus
3393 2563 3545 2600 com-

1968 2637 2269 2708 pellerent,
2307 2647 2367 2689 ut
2397 2635 2793 2690 subscribendo
2821 2637 3187 2699 damnarent,
3215 2635 3363 2704 quod
3409 2635 3546 2688 fece-

1967 2738 2109 2782 rant.
2143 2727 2284 2794 Quin
2315 2729 2479 2782 etiam
2521 2743 2585 2782 ex
2616 2728 2806 2783 eodem
2840 2726 3044 2781 Hilario
3069 2727 3361 2796 colligitur,
3389 2737 3544 2796 post-

1967 2833 2196 2888 eaquam
2256 2817 2419 2872 dividi
2482 2817 2746 2888 synodum
2813 2817 3042 2886 placuit,
3098 2818 3368 2886 principio
3432 2819 3544 2869 An-

1967 2924 2150 2980 cyram
2187 2908 2255 2963 ad
2289 2907 2644 2964 Orientalium
2688 2923 3006 2963 consessum
3045 2909 3306 2963 delectam
3352 2907 3543 2963 fuisse.

1971 3003 2174 3056 Scribit
2198 3002 2345 3056 enim
2373 3002 2459 3057 his
2486 3002 2665 3056 verbis
2694 3018 2706 3052 :
2741 3000 2844 3055 Sed
2863 3002 3091 3055 maxime
3116 3017 3236 3054 cum
3263 3002 3545 3068 comperis-

1968 3109 2077 3146 sem
2105 3093 2333 3162 synodos
2396 3095 2454 3146 in
2495 3092 2706 3162 Ancyra
2758 3103 2914 3161 atque
2950 3093 3192 3145 Arimino
3225 3109 3546 3161 congregan-

1968 3185 2065 3238 das
2093 3224 2106 3246 ,
2134 3191 2184 3237 et
2226 3199 2290 3236 ea:
2328 3182 2551 3253 singulis
2598 3184 2879 3252 provinciis
2922 3180 3212 3236 Gallicanis
3253 3181 3420 3248 binos,
3466 3183 3544 3236 vel

1969 3273 2204 3342 singulos
2236 3289 2295 3326 eo
2323 3287 2433 3326 esse
2464 3283 2730 3327 venturos.

2039 3365 2151 3418 Cur
2185 3373 2366 3418 autem
2397 3363 2450 3416 in
2501 3379 2704 3418 annum
2759 3362 2885 3428 558,
2932 3379 3040 3416 non
3076 3364 3411 3432 superiorem
3439 3405 3453 3430 ,
3488 3373 3547 3418 ut

1969 3456 2147 3509 casteri
2168 3469 2381 3521 omnes,
2411 3453 2755 3524 Ancyranam
2781 3454 3245 3509 Semiarianorum
3277 3457 3545 3524 synodum

1970 3545 2331 3611 contulerim,
2383 3543 2657 3600 docebunt
2704 3545 2878 3599 aliaue
2917 3560 2947 3598 a
2997 3562 3083 3600 me
3119 3555 3244 3600 ante
3287 3549 3542 3610 rationes,

1971 3654 2037 3692 ex
2085 3626 2284 3706 quibus
2319 3638 2630 3693 necessario
2683 3638 2800 3693 haec
2834 3648 3140 3708 temporum
3184 3640 3408 3708 partitio
3456 3641 3546 3695 de-

1975 3731 2214 3784 ducnur.

2048 3822 2206 3875 Anno
2239 3822 2458 3877 demum
2484 3821 2588 3877 ’559
2621 3821 2776 3875 tertia
2826 3822 2918 3877 illa
2968 3821 3284 3879 Sirmiensis
3315 3823 3548 3878 formula

1976 3930 2004 3968 a
2064 3915 2238 3969 Marco
2305 3914 2642 3978 Arethusia,
2708 3915 3177 3970 consentientibus
3252 3913 3550 3970 Semiaria-

1977 4005 2062 4060 nis
2093 4045 2108 4069 ,
2148 4005 2292 4059 edita
2346 4015 2430 4060 est
2478 4006 2555 4058 uti
2615 4003 2873 4073 pluribus.
2924 4013 3114 4074 postea
3163 4005 3546 4059 declarabitur.

1981 4096 2100 4164 Qua
2134 4097 2485 4166 conscripta,
2538 4094 2738 4151 Valens
2796 4096 2863 4150 ad
2919 4097 3320 4151 Ariminensem
3382 4111 3548 4166 syno-

1978 4187 2108 4242 dum
2156 4200 2278 4240 eam
2319 4186 2541 4248 detulit,
2575 4201 2696 4254 quae
2746 4185 2850 4240 hoc
2897 4201 3043 4240 anno
3089 4188 3158 4240 ab
3186 4185 3551 4241 Occidentali-

1980 4279 2084 4334 bus
2136 4278 2319 4333 habita
2346 4319 2359 4340 ,
2395 4294 2517 4333 cum
2563 4276 2865 4332 Orientales
2926 4277 3189 4334 Seleucia:
3234 4279 3289 4332 in
3343 4278 3551 4333 Isauria

1981 4369 2382 4424 convenissent.

943 4735 1049 4796 DE
1093 4732 1544 4796 VETERIBUS
1597 4731 2060 4805 QUIBUSDAM
2113 4733 2513 4794 ECCLESUE
2576 4735 2909 4799 RITIBUS.

1333 4925 1406 4976 ΔιΙ
1457 4921 1868 4992 Expositionem
1913 4917 2058 4982 ﬁdei,
2101 4920 2205 4972 col.
2247 4919 2351 4973 884
2382 4937 2535 4992 seqq.

374 5195 494 5250 Col.
515 5194 619 5250 εει
641 5195 706 5249 A.
725 5195 834 5248 Καὶ
865 5193 1096 5263 πρῶτον
1118 5195 1233 5263 μὲν
1260 5198 1494 5262 κρηπίς.
1509 5194 1752 5250 Primum
1783 5195 1869 5250 Ec-

2062 5195 2137 5250 De
2171 5195 2467 5266 virginibus
2522 5197 2820 5266 praesertim
2871 5196 3089 5254 feminis
3139 5209 3266 5253 nota
3310 5216 3398 5255 res
3451 5211 3552 5264 est,

293 5291 488 5345 desire
514 5289 712 5344 veteris
741 5288 1068 5354 institutum,
1099 5288 1240 5356 quod
1260 5287 1533 5358 hodieque
1562 5288 1613 5341 in
1635 5287 1878 5342 Romana

298 5381 592 5444 retinetur,
629 5379 682 5431 in
708 5378 970 5448 graduum
1003 5377 1362 5448 ordinumque
1390 5377 1706 5433 discrimine
1733 5377 1882 5446 posi-

302 5481 427 5525 «tum
465 5479 567 5526 est.
589 5467 724 5524 Nam
757 5469 1005 5538 princeps
1035 5468 1277 5522 omnium
1318 5485 1381 5523 ae
1403 5469 1886 5539 praestantissimus

304 5569 396 5615 est
427 5561 696 5631 virginum
739 5559 895 5623 ordo,
926 5560 1019 5629 qui
1063 5561 1116 5614 in
1155 5568 1384 5630 utroque
1429 5575 1558 5615 sexu
1603 5561 1881 5615 cernitur:

303 5666 549 5721 quocum
577 5652 939 5706 monasticam
970 5653 1092 5707 vita:
1119 5668 1290 5723 genus
1313 5653 1676 5724 coniungitur.
1701 5651 1888 5708 Proxi-

307 5756 436 5795 mus
485 5741 613 5796 huic
639 5741 983 5795 continentiae
1025 5744 1224 5812 gradus
1261 5751 1362 5810 est,
1387 5753 1500 5798 tum
1535 5744 1790 5810 viduitas,
1821 5757 1885 5798 ac

317 5841 588 5898 postremo
614 5835 731 5887 loco
761 5833 1093 5902 coniugium.

1985 5304 2148 5358 quam
2185 5290 2442 5357 antiquus
2486 5290 2537 5342 in
2570 5288 2831 5352 Ecclesia,
2863 5305 3136 5360 quamque
3180 5292 3434 5361 copiosus
3469 5293 3558 5347 ille

1990 5379 2125 5432 ordo
2153 5376 2334 5432 fuerit.
2371 5378 2619 5433 Justinus
2656 5378 2876 5449 Apolog.
2903 5378 2947 5431 ll
2983 5397 2996 5433 :
3027 5380 3138 5433 Καὶ
3160 5380 3344 5434 πολλοι
3391 5399 3554 5445 τινες,

1990 5471 2083 5522 καὶ
2114 5468 2305 5522 πολλαὶ
2332 5467 2731 5540 ἐξηκοντοῦται,
2760 5471 2855 5524 καὶ
2883 5471 3389 5542 ἐϐδομηκοντοῦται,
3413 5473 3462 5526 οἳ
3493 5476 3558 5527 ὲκ

1989 5562 2194 5614 παίδων
2230 5561 2673 5633 ὲμαθητεύθησαν
2708 5563 2786 5632 τῷ
2824 5564 3063 5635 Χριστῷ,
3109 5565 3330 5636 ἄφθοροι
3372 5566 3559 5633 διαμέ-

1989 5669 2154 5706 νουσι.
2189 5651 2325 5707 Hinc
2362 5652 2596 5709 Faustus
2636 5654 2725 5708 ille
2767 5653 3096 5711 Manicbazus
3125 5658 3266 5726 apud
3301 5656 3560 5727 Augusti-

1987 5759 2116 5797 num
2154 5743 2246 5796 li'b.
2280 5759 2386 5796 xxx
2428 5758 2552 5797 cum
2599 5745 2892 5800 catholicos
2944 5746 3380 5815 reprehenderet,
3411 5745 3557 5814 quod

1987 5833 2392 5888 matrimonium
2447 5833 2785 5901 damnarent,
2817 5835 3056 5892 vicissim
3097 5835 3365 5890 inﬁnitum
3415 5834 3554 5904 apud
